3996 6192
613 335 636 390 Ι
647 334 753 392 567

609 447 878 504 consecuti
899 456 1021 505 sunt
1037 447 1222 523 (Nunt.
1242 450 1341 521 ιι).
1358 448 1531 506 Nolite
1550 463 1676 522 ergo
1697 464 1790 520 pro
1807 465 1995 520 magno
2015 450 2184 505 habe-

608 554 691 606 re,
712 540 947 595 exaudiri
967 540 1031 595 ad
1053 542 1398 596 voluntatem.
1422 540 1719 610 Aliquando
1742 542 1881 596 Deus
1904 544 2066 597 iratus
2093 542 2181 596 dat

606 627 750 699 quod
780 629 933 698 petis,
960 637 1013 683 et
1041 630 1185 684 Deus
1207 629 1466 698 propitius
1491 640 1647 700 negat
1676 630 1815 700 quod
1848 633 2001 700 petis.
2044 631 2175 686 Cum

605 735 733 775 vero
757 735 819 775 ea
849 735 967 790 qua:
1002 719 1141 774 Deus
1166 721 1375 787 laudat,
1408 738 1527 791 qua:
1572 722 1711 777 Deus
1741 723 2018 791 praecipit,
2059 739 2177 793 quae

603 808 746 865 Deus
791 810 844 864 in
891 808 1067 865 ﬁituro
1117 812 1313 867 maeulo
1353 813 1650 881 promittit,
1705 812 1773 866 ab
1814 814 1903 866 illo
1958 815 2172 883 petitis;

604 900 777 954 securi
807 901 985 971 petite,
1010 911 1061 955 et
1082 902 1391 967 incumbite,
1420 912 1674 974 quantum
1711 906 1950 973 potestis,
1978 908 2175 959 oratio-

601 990 779 1056 nibus,
808 1001 863 1047 ιιι
893 994 1131 1049 sumatis.
1164 995 1250 1048 Illa
1281 995 1423 1050 enim
1456 996 1684 1065 propitio
1711 992 1819 1050 Deo
1862 996 2171 1052 concedun-

600 1087 725 1135 tur:
758 1081 846 1137 illa
875 1083 989 1153 ejus
1015 1100 1119 1138 non
1157 1085 1230 1139 ira
1256 1129 1270 1150 ,
1312 1085 1405 1141 sed
1449 1086 1809 1141 misericordia
1855 1087 2167 1159 largiuntur.

597 1172 820 1238 Quando
845 1185 1018 1230 autem
1058 1179 1235 1245 petitis
1261 1179 1591 1246 temporalia,
1623 1194 1743 1233 cum
1787 1180 1945 1235 modo
1980 1181 2166 1249 petite,

596 1276 716 1315 cum
747 1262 933 1318 timore
949 1267 1111 1334 petite
1134 1285 1147 1320 :
1168 1266 1243 1321 illi
1270 1267 1602 1332 committite,
1630 1279 1688 1324 ut
1715 1270 1758 1322 si
1787 1278 2027 1339 prosunt,
2055 1270 2164 1336 det;

594 1350 637 1403 si
668 1350 769 1406 scit
795 1353 1014 1419 obesse,
1048 1371 1152 1409 non
1182 1356 1291 1411 det.
1323 1357 1459 1423 Quid
1491 1367 1666 1413 autem
1689 1359 1862 1425 obsit,
1894 1358 2017 1430 quid
2046 1373 2169 1428 pro-

591 1438 680 1504 sit,
709 1441 945 1496 medicus
971 1446 1133 1510 novit,
1170 1461 1273 1500 non
1302 1456 1552 1517 :rgrotus.

663 1528 885 1585 CAPUT
927 1533 1055 1587 Vlll.
1104 1566 1173 1575 —
1207 1535 1260 1591 8.
1310 1536 1499 1591 Contra
1550 1539 1855 1592 continentes
1899 1538 2161 1607 superbos.

588 1616 724 1674 Sunt
752 1636 879 1692 ergo
917 1625 1251 1682 continentes
1300 1627 1527 1682 humiles
1551 1671 1565 1694 ,
1612 1638 1736 1683 sunt
1777 1628 2012 1698 superbi.
2044 1627 2160 1685 Non

587 1708 687 1762 sibi
716 1710 1020 1779 promittant
1045 1714 1255 1782 superbi
1297 1731 1514 1785 regnum
1543 1714 1657 1771 Dei.
1689 1717 2048 1773 Excellentior
2076 1719 2161 1774 lo-

586 1813 682 1854 cus
711 1810 812 1867 est,
842 1817 948 1873 quo
969 1802 1110 1858 ducit
1134 1805 1453 1859 continentia
1479 1824 1491 1860 :
1519 1806 1611 1862 scd
1634 1809 1720 1878 qui
1744 1827 1796 1864 se
1824 1811 2032 1875 exultat,
2066 1810 2160 1864 Itu-

562 1891 1026 1963 .miliabitur(Luc.
1049 1911 1160 1961 xiv,
1181 1894 1288 1968 ll).
1310 1896 1443 1963 Quid
1465 1900 1657 1969 quieris
1683 1900 1961 1955 celsiorem
1981 1902 2156 1957 locum

582 1984 817 2050 appetitu
861 1986 1209 2053 celsitudinis,
1246 2000 1403 2058 quem
1449 1999 1600 2059 potes
1642 1993 2045 2062 apprehendere
2071 2010 2158 2048 re-

583 2075 820 2130 tentione
845 2076 1192 2133 humilitatis?
1214 2079 1267 2135 Si
1294 2082 1503 2136 extollis
1530 2090 1600 2148 te,
1631 2084 1769 2139 Deus
1798 2084 1975 2154 dejicit
1998 2096 2048 2140 te
2072 2103 2086 2140 :
2109 2085 2155 2141 si

583 2172 638 2217 tu
663 2163 847 2234 dejicis
867 2174 936 2229 te,
961 2168 1099 2223 Deus
1119 2170 1289 2225 elevat
1305 2182 1374 2226 te.
1398 2172 1670 2229 Sententia
1692 2172 1900 2230 Domini
1922 2185 2035 2232 est:
2056 2193 2155 2233 nec

577 2254 699 2308 addi
742 2257 939 2326 aliquid
960 2300 973 2324 ,
1007 2274 1106 2316 nec
1129 2260 1333 2315 detrahi
1362 2271 1552 2332 potest.
1607 2264 1783 2335 Usque
1808 2267 1942 2322 adeo
1975 2275 2152 2323 autem

577 2348 911 2404 continentes
946 2350 1190 2407 homines
1232 2355 1545 2426 plerumque
1573 2358 1921 2428 superbiunt,
1952 2369 2010 2414 ut
2047 2375 2151 2415 non

575 2437 745 2493 solum
779 2439 1198 2511 quibuscumque
1226 2443 1529 2500 hominibus
1549 2488 1563 2511 ,
1600 2446 1694 2502 sed
1725 2449 1883 2502 etiam
1913 2451 2151 2518 parenti-

573 2525 673 2581 bus
712 2529 898 2598 ingrati
938 2531 1072 2596 siut,
1118 2538 1172 2585 et
1220 2532 1477 2589 adversus
1510 2543 1755 2603 parentes
1799 2539 2146 2593 extollantur.

572 2616 787 2682 Quare?
811 2618 943 2688 Quia
980 2621 1052 2676 illi
1091 2632 1422 2692 genuerunt,
1456 2624 1543 2679 isti
1571 2627 1781 2697 nuptias
1804 2637 2147 2700 contempse-

572 2717 716 2761 runt.
749 2708 906 2765 Unde
934 2711 1121 2783 ingrati
1138 2723 1317 2769 essent
1335 2716 1422 2784 qui
1442 2718 1651 2786 nuptias
1672 2722 2143 2791 contempsissent,

571 2798 673 2853 nisi
719 2800 792 2855 illi
832 2802 1174 2871 genuissent?
1210 2804 1314 2861 Sed
1354 2808 1543 2862 melior
1569 2817 1653 2865 est
1690 2809 1829 2866 filius
1864 2821 2014 2882 patre
2044 2797 2146 2870 suo

570 2890 871 2959 conjugato,
900 2894 1019 2961 quia
1051 2893 1165 2963 ipse
1193 2910 1298 2950 non
1325 2896 1474 2951 duxit
1492 2913 1709 2954 uxorem
1735 2909 1820 2955 :et
1845 2904 2034 2958 melior
2062 2912 2147 2960 est

571 2978 676 3032 tilia
706 2989 875 3037 matre
914 2997 1008 3039 sua
1048 2985 1290 3041 maritata
1314 3028 1330 3055 ,
1364 2987 1487 3058 quia
1508 2988 1621 3059 ipsa
1664 3005 1769 3046 non
1799 2993 2041 3063 quzesivit
2064 2995 2145 3049 vi-

568 3084 708 3123 rum.
751 3072 806 3126 Si
847 3072 1145 3143 superbior,
1173 3076 1319 3132 nullo
1350 3078 1507 3134 modo
1546 3080 1736 3136 melior
1778 3099 1790 3134 :
1833 3083 1876 3137 si
1922 3084 2140 3151 melior,

568 3161 682 3216 sine
721 3162 1046 3221 dubitatione
1077 3166 1343 3224 humilior.
1390 3168 1446 3225 Si
1484 3170 1561 3226 vis
1606 3180 1658 3228 te
1684 3174 1919 3229 invenire
1956 3176 2144 3231 melio-

566 3267 703 3318 rem,
733 3253 997 3326 iuten‘oga
1016 3257 1245 3314 animam
1269 3270 1435 3327 tuam,
1455 3260 1500 3316 si
1526 3261 1672 3316 vides
1694 3263 1765 3317 ibi
1788 3264 2136 3320 inﬂationem.

568 3340 670 3398 Ubi
700 3344 898 3400 inﬂatio
922 3356 1023 3415 est,
1053 3349 1276 3405 inanitas
1295 3361 1395 3407 est.
1421 3350 1672 3410 Diabolus
1698 3355 1785 3411 ubi
1812 3356 1967 3414 inane
1994 3359 2141 3416 inve-

568 3434 728 3499 nerit,
761 3434 939 3490 nidum
973 3436 1143 3494 facere
1165 3440 1397 3496 molitur.

634 3521 859 3579 CAPUT
898 3524 989 3580 lX.
1010 3556 1084 3568 —
1118 3529 1172 3585 9.
1202 3529 1576 3589 Continentibus
1618 3553 1766 3606 quam
1805 3539 2020 3593 maxime
2048 3558 2136 3595 ca-

564 3612 725 3664 venda
771 3613 1021 3683 superbia.
1065 3615 1377 3690 Conjugatns
1421 3623 1624 3679 humilis
1670 3636 1911 3697 quantum
1962 3631 2138 3685 melior

564 3702 846 3757 continente
881 3706 1111 3776 superbo.
1144 3708 1411 3767 Continens
1446 3714 1687 3784 superbus
1715 3717 1881 3772 locum
1911 3737 2011 3774 non
2035 3723 2133 3775 ha-

565 3795 641 3845 bet
666 3795 717 3847 in
741 3812 892 3867 regno
918 3796 1028 3853 Dei.
1062 3799 1317 3872 Denique,
1358 3804 1545 3861 fratres
1576 3807 1700 3872 mei,
1728 3811 1897 3867 audeo
1931 3812 2131 3881 dicere,

563 3887 803 3954 superbis
830 3891 1225 3949 continentibus
1250 3897 1462 3966 expedit
1496 3899 1717 3964 cadere,
1764 3911 1822 3956 ut
1850 3903 1901 3956 in
1930 3919 1993 3959 eo
2020 3906 2134 3974 ipso

564 3974 615 4029 iu
655 3994 760 4048 quo
798 3995 856 4036 se
892 3983 1150 4039 extollunt
1178 3985 1542 4043 humilientur.
1569 3990 1704 4057 Quid
1746 3993 1888 4048 enim
1918 3995 2131 4063 prodest

563 4069 645 4121 cui
693 4069 828 4124 inest
867 4074 1210 4144 centinentia,
1244 4077 1287 4131 si
1317 4077 1620 4135 dominatur
1662 4082 1945 4151 superbia?
1988 4085 2127 4139 Con—

564 4160 779 4227 tempsit
812 4162 951 4217 unde
972 4172 1126 4219 natus
1155 4174 1235 4220 est
1265 4166 1440 4232 homo,
1474 4178 1528 4224 et
1555 4172 1755 4240 appetit
1780 4171 1919 4227 unde
1941 4174 2133 4229 cecidit

561 4248 821 4303 diabolus.
856 4250 1076 4321 Nuptias
1105 4258 1503 4326 contempsisti,
1534 4259 1670 4315 bene
1693 4261 1899 4327 fecisti;
1931 4263 2130 4335 aliquid

563 4339 752 4393 melius
773 4340 976 4410 elegisti
1007 4360 1021 4395 :
1049 4343 1141 4397 sed
1172 4345 1279 4399 noli
1310 4347 1605 4416 superbire.
1648 4350 1724 4405 De
1750 4352 1945 4421 nuptiis
1971 4353 2130 4409 homo

562 4436 718 4480 nutus
757 4438 837 4483 est
856 4472 871 4495 ,
900 4430 967 4485 de
1004 4432 1253 4502 superbia
1281 4437 1451 4506 angeli
1478 4437 1802 4495 ceciderunt.
1836 4441 1894 4497 Si
1924 4444 2129 4514 singula

561 4527 739 4573 vestra
782 4520 918 4575 bona
958 4523 1323 4593 considerem,
1358 4529 1547 4584 melior
1583 4546 1643 4586 es
1686 4544 1835 4602 patre
1874 4544 1994 4603 tuo,
2039 4538 2130 4607 qui

562 4609 771 4676 nuptias
803 4613 1206 4683 contempsisti;
1246 4623 1301 4671 et
1336 4624 1393 4671 tu
1432 4619 1621 4674 melior
1658 4633 1828 4677 matre
1859 4633 1943 4678 tua
1965 4666 1981 4691 ,
2012 4641 2129 4695 quae

562 4700 772 4768 nuptias
809 4705 1195 4775 contempsisti.
1242 4705 1451 4764 Etenim
1500 4711 1689 4767 melior
1734 4723 1816 4769 est
1860 4716 2129 4786 virginalis

561 4792 848 4860 sanctitas,
882 4811 1040 4864 quam
1076 4797 1326 4867 pudicitia
1361 4800 1675 4873 coniugalis.
1711 4802 1814 4860 Ista
1839 4805 1945 4861 duo
1970 4807 2129 4863 simul

559 4881 603 4932 si
625 4890 1016 4949 comparentur,
1045 4886 1234 4940 melius
1253 4898 1331 4942 est
1352 4889 1482 4945 illud
1502 4908 1657 4961 quam
1685 4893 1812 4947 illud
1844 4912 1858 4948 :
1885 4896 2004 4964 quis
2026 4895 2128 4951 du-

560 4969 729 5023 bitat?
756 4970 860 5026 Sed
884 4972 1126 5029 addendo
1150 4974 1252 5031 alia
1276 4977 1404 5041 duo,
1432 4982 1734 5050 superbiam
1763 4992 1820 5039 et
1858 4983 2128 5041 humilita-

562 5071 704 5124 tem;
733 5062 784 5114 iu
816 5062 931 5117 istis
949 5062 1158 5119 duobus
1183 5067 1455 5139 interrogo
1474 5085 1589 5138 vos,
1619 5080 1672 5127 et
1698 5073 1767 5129 de
1795 5073 1877 5129 his
1907 5091 2129 5144 respon-

561 5151 683 5205 dcte
706 5153 832 5206 mihi
866 5153 1037 5221 :Quid
1056 5164 1140 5211 est
1164 5157 1386 5225 melius,
1417 5163 1662 5231 superbia
1683 5205 1697 5230 ,
1726 5179 1792 5218 an
1824 5165 2129 5224 humilitas?

565 5241 908 5311 Respondes,
942 5244 1241 5302 Humilitas.
1284 5248 1456 5320 Iunge
1484 5250 1626 5306 illam
1650 5252 1893 5323 virginali
1936 5258 2133 5312 sancti-

563 5332 675 5385 tati.
708 5333 961 5402 Superbia
998 5352 1125 5391 vero
1153 5353 1258 5393 non
1285 5340 1458 5395 solum
1492 5357 1598 5396 non
1637 5343 1706 5398 sit
1743 5343 1795 5398 in
1830 5345 2131 5417 virginitate

561 5434 650 5478 tua
670 5465 686 5487 ,
720 5425 812 5479 sed
844 5439 948 5480 non
977 5438 1247 5484 remaneat
1275 5445 1373 5485 nec
1399 5432 1450 5485 in
1478 5442 1647 5488 matre
1676 5442 1784 5488 tua.
1816 5435 1872 5492 Si
1902 5438 2043 5493 enim
2074 5449 2128 5493 tu

559 5516 793 5571 tenueris
835 5516 1133 5585 superbiam
1154 5558 1169 5583 ,
1197 5527 1251 5572 et
1277 5527 1362 5573 tua
1392 5532 1561 5577 mater
1590 5522 1939 5603 humilitatem
1960 5569 1985 5597 ,
2018 5546 2129 5586 me-

556 5604 661 5661 lior
701 5609 801 5662 erit
842 5618 1009 5664 mater
1048 5625 1203 5680 quam
1248 5612 1373 5667 lilia.
1416 5612 1608 5670 lterum
1653 5622 1972 5688 comparabo
2008 5638 2123 5676 vos.

555 5696 677 5754 km
720 5700 914 5757 dudum
957 5702 1160 5772 singula
1202 5720 1321 5760 cum
1365 5706 1725 5777 intenderem,
1770 5712 2040 5768 meliorem
2075 5724 2125 5770 te

1822 335 1881 390 S.
1922 336 2283 393 AUGUSTINI
2326 336 2626 395 EPISCOPI

3727 362 3857 415 tuus

2289 450 2592 507 inveneram
2622 472 2635 508 :
2660 451 2817 512 modo
2838 457 2955 512 bina
2976 474 3094 514 cum
3120 462 3354 532 intendo,
3381 480 3487 521 non
3508 467 3691 526 dubito
3714 488 3851 542 pra:-

2288 541 2423 597 fcrre
2463 544 2712 599 humilem
2758 546 3033 603 mulierem
3079 551 3267 620 virgini
3306 555 3567 623 superbae.
3614 560 3682 615 Et

2282 633 2442 687 modo
2463 635 2746 704 prseterre?
2767 637 2951 693 Videte
2972 643 3238 710 quomodo
3259 646 3481 711 praxiero
3504 651 3665 717 illam,
3693 671 3851 723 quem

2282 724 2440 777 modo
2483 727 2873 794 comparabam.
2923 729 3066 784 Bona
3106 733 3354 802 pudicitia
3398 738 3688 810 conjugalis
3726 756 3846 811 est,

2280 815 2469 868 melior
2500 815 2772 887 integritas
2793 820 3085 889 virginalis.
3119 824 3230 877 Duo
3270 825 3404 882 bona
3434 836 3802 902 comparabant
3823 880 3840 904 ,

2279 919 2382 958 non
2411 906 2604 960 malum
2645 919 2698 962 et
2735 910 2958 976 bonum;
3003 914 3098 968 sed
3140 916 3335 973 bonum
3361 931 3412 974 et
3440 925 3627 979 melius
3653 926 3843 982 distin-

2275 993 2521 1062 guebam.
2552 994 2719 1049 Porro
2752 1008 2926 1054 autem
2967 1000 3071 1056 duo
3102 1003 3189 1058 illa
3220 1021 3339 1060 cum
3369 1025 3594 1077 posuero
3613 1056 3627 1079 ,
3657 1030 3843 1086 super-

2274 1080 2415 1136 biam
2461 1094 2514 1138 et
2556 1081 2905 1142 humilitatem
2932 1131 2945 1154 ,
2994 1095 3245 1163 numquid
3294 1111 3574 1166 possumus
3616 1080 3793 1161 dicere
3820 1147 3837 1168 .

2273 1170 2477 1227 Bonum
2505 1183 2590 1229 est
2624 1177 2868 1245 superbia
2890 1222 2903 1243 ,
2936 1181 3029 1235 sed
3072 1185 3261 1238 melior
3288 1195 3370 1241 est
3399 1188 3704 1248 humilitas?
3730 1195 3837 1251 Sed

2272 1264 2397 1333 quid
2417 1265 2674 1323 dicimus?
2694 1269 2949 1339 Superbia
2974 1274 3167 1327 malum
3190 1284 3290 1340 est,
3314 1276 3586 1336 humilitas
3606 1283 3797 1339 bonum
3820 1305 3833 1340 :

2270 1361 2327 1408 et
2360 1357 2603 1424 superbia
2630 1363 2877 1428 magnum
2909 1362 3103 1415 malum
3122 1404 3137 1427 ,
3172 1364 3441 1423 humilitas
3470 1385 3715 1440 magnum
3744 1374 3837 1429 bo-

2269 1457 2416 1497 num.
2448 1443 2502 1499 Si
2533 1461 2658 1516 ergo
2700 1446 2888 1502 horum
2928 1449 3152 1506 duorum
3193 1470 3354 1509 unum
3395 1468 3479 1513 est
3519 1461 3743 1529 malum,
3780 1476 3836 1519 et

2268 1531 2493 1587 alterum
2539 1535 2734 1590 bonum
2779 1556 2794 1593 :
2834 1539 3077 1609 jungitur
3124 1544 3320 1599 malum
3361 1548 3427 1602 ad
3467 1551 3641 1618 majus
3687 1565 3832 1610 tuum

2268 1621 2487 1687 bonum,
2510 1636 2562 1680 et
2590 1628 2643 1681 lit
2672 1637 2839 1682 totum
2867 1631 3062 1686 malum
3096 1650 3111 1689 :
3136 1633 3376 1705 jungitur
3400 1639 3596 1695 bonum
3626 1644 3690 1697 ad
3718 1661 3833 1699 ma-

2266 1714 2362 1767 tris
2389 1726 2492 1769 tuae
2519 1718 2693 1773 minus
2719 1720 2947 1786 bonum,
2978 1731 3032 1777 et
3062 1723 3119 1777 fit
3150 1740 3397 1795 magnum
3427 1724 3641 1785 bonum.
3671 1733 3834 1789 Mino-

2263 1820 2375 1860 rem
2398 1807 2568 1862 locum
2596 1808 2810 1865 habebit
2831 1820 3006 1867 mater
3026 1814 3079 1869 in
3107 1831 3269 1885 regno
3287 1819 3566 1886 caelorum,
3584 1824 3829 1889 quoniam

2262 1896 2504 1951 maritata
2527 1908 2628 1962 est,
2658 1915 2815 1968 quam
2848 1901 2972 1970 lilia,
2997 1905 3243 1972 quoniam
3277 1906 3423 1976 virgo
3444 1918 3546 1963 cst.
3575 1910 3827 1979 Majorem

2262 1985 2401 2038 enim
2430 1986 2604 2040 locum
2635 1988 2737 2041 lilia
2770 1990 2916 2058 virgo
2936 2031 2951 2055 ,
2980 1992 3236 2047 minorem
3267 1994 3438 2049 locum
3468 2008 3636 2053 mater
3669 2003 3827 2053 mari-

2260 2082 2387 2143 tata,
2401 2078 2569 2131 ambze
2588 2087 2761 2132 tamen
2793 2081 2863 2134 ibi
2888 2099 2903 2135 :
2921 2082 3187 2152 quomodo
3204 2083 3397 2153 fulgida
3415 2088 3828 2151 stella,obscura

2256 2165 2428 2229 stella,
2447 2166 2617 2221 amba:
2638 2176 2814 2223 tamen
2845 2168 2897 2223 in
2931 2170 3089 2227 caelo.
3126 2170 3184 2226 Si
3209 2188 3333 2227 vero
3362 2184 3532 2230 mater
3553 2186 3639 2231 tua
3672 2178 3830 2235 fuerit

2256 2251 2491 2321 humilis,
2511 2265 2565 2308 tu
2583 2257 2809 2324 superba
2827 2274 2838 2309 :
2857 2258 2944 2311 illa
2961 2258 3612 2333 habebltqualemcumque
3628 2267 3824 2333 locum,

2258 2350 2313 2395 tu
2330 2353 2505 2398 autem
2523 2345 2727 2399 nullum
2747 2346 2943 2401 locum.
2961 2348 3029 2402 Et
3043 2350 3161 2417 quis
3185 2350 3386 2406 invenit
3405 2352 3629 2408 alterum
3650 2356 3824 2411 locum

2256 2432 2347 2502 qui
2364 2433 2431 2487 ibi
2452 2448 2557 2487 non
2576 2434 2819 2490 habuerit
2839 2437 3033 2503 locum,
3052 2436 3152 2493 nisi
3175 2453 3294 2493 cum
3316 2441 3409 2495 illo
3434 2443 3523 2511 qui
3547 2443 3665 2500 inde
3686 2448 3822 2501 ceci-

2254 2520 2363 2587 dit,
2392 2531 2727 2594 stantemque
2756 2526 2993 2595 dejecit?
3015 2526 3143 2584 Inde
3165 2530 3355 2586 cecidit
3385 2532 3624 2589 diabolus
3643 2577 3658 2602 ,
3685 2539 3825 2594 unde

2251 2619 2477 2666 stantem
2505 2613 2697 2684 dejecit
2721 2616 3010 2674 hominem.
3030 2620 3470 2690 Dejecitstantem
3505 2643 3519 2678 :
3551 2627 3646 2682 sed
3667 2630 3823 2685 Chri—

2250 2708 2364 2755 stus
2380 2701 2711 2759 descendens
2736 2708 2905 2761 erexit
2916 2708 3199 2777 jaeentem.
3218 2710 3370 2768 Unde
3395 2722 3445 2768 te
3463 2722 3636 2771 tamen
3654 2724 3824 2777 erexit

2250 2791 2505 2849 Dominus
2534 2804 2673 2862 tuus,
2700 2799 2935 2855 attende.
2963 2800 3267 2858 Humilitate
3291 2805 3481 2875 erexit,
3503 2805 3671 2864 factus
3687 2811 3819 2866 obe-

2248 2880 2399 2939 diens
2416 2902 2580 2957 usque
2595 2888 2660 2943 ad
2675 2900 2920 2956 mortem,
2936 2890 3226 2949 humiliavit
3237 2897 3744 2973 semetipsum(PIu‘l.
3757 2918 3818 2972 ll,

2247 2969 2325 3046 8).
2342 2974 2598 3047 Princeps
2613 2987 2734 3036 tuus
2749 2980 3111 3047 bumilis,ettu
3127 2986 3407 3055 superbus?
3417 2969 3818 3061 Caput‘bumile,

2245 3073 2301 3121 et
2326 3069 2625 3124 membrum
2654 3073 2975 3141 superbum?
3012 3074 3180 3130 Absit.
3207 3075 3320 3135 Non
3339 3079 3579 3135 vultesse
3598 3080 3666 3137 de
3688 3099 3813 3137 cor-

2246 3171 2379 3225 pore
2418 3160 2603 3228 capitis
2631 3161 2867 3227 humilis,
2896 3164 2985 3233 qui
3022 3174 3164 3220 amat
3187 3168 3508 3236 superbiam.
3544 3169 3601 3227 Si
3636 3181 3814 3228 autem

2244 3263 2349 3302 non
2378 3247 2556 3316 fuerit,
2587 3250 2762 3305 videat
2805 3253 2890 3307 ubi
2915 3253 3038 3308 erit.
3066 3254 3181 3325 Ego
3204 3257 3327 3311 nolo
3346 3257 3524 3314 dicere
3549 3300 3565 3327 ,
3603 3277 3671 3316 ne
3702 3278 3817 3317 am-

2244 3336 2382 3405 plius
2406 3336 2587 3393 videar
2612 3341 2886 3396 terruisse.
2913 3342 3029 3397 lmo
3058 3344 3255 3398 utinam
3283 3349 3561 3403 terruerim
3584 3390 3603 3416 ,
3634 3361 3687 3406 et
3710 3353 3813 3407 ali-

2241 3426 2368 3498 quid
2393 3430 2611 3500 egerim.
2635 3430 2849 3487 Utinam
2874 3434 2963 3503 qui
3001 3435 3078 3489 sic
3102 3433 3273 3491 fuerat
3294 3475 3311 3503 ,
3342 3439 3424 3492 vel
3450 3454 3567 3510 qua:
3592 3443 3672 3499 sic
3698 3442 3816 3499 fue-

2242 3528 2344 3584 rat,
2373 3536 2475 3574 non
2503 3521 2571 3575 sit
2602 3520 2843 3578 ulterius.
2874 3522 3083 3579 Utinam
3118 3526 3278 3580 verba
3300 3527 3400 3582 ista
3429 3529 3731 3593 infuderim,
3757 3543 3815 3588 et

2240 3624 2345 3662 non
2374 3609 2672 3665 eii‘uderim.
2700 3611 2891 3666 Totum
2914 3615 3233 3683 sperandum
3252 3616 3415 3672 estde
3438 3619 3808 3678 misericordia

2241 3697 2333 3752 Dei
2368 3717 2381 3752 :
2423 3700 2543 3768 quia
2586 3703 2674 3770 qui
2698 3710 2879 3767 terret,
2902 3706 3211 3770 contristat;
3235 3706 3327 3776 qui
3361 3708 3657 3777 contristat,
3685 3725 3813 3767 con-

2237 3787 2467 3853 solatur;
2491 3789 2583 3843 sed
2612 3791 2657 3844 si
2689 3792 2778 3860 qui
2803 3794 3146 3850 contristatus
3172 3806 3274 3863 est,
3303 3800 3633 3856 emendatur.

2694 3898 2920 3955 SERMO
2965 3900 3183 3958 ccam
3209 3906 3346 3976 ⁸(α).

2381 4008 2454 4061 De
2489 4008 2599 4063 Vita
2621 4019 2667 4063 et
2694 4009 2919 4067 Moribus
2941 4013 3234 4068 clericorum
3257 4032 3483 4087 suorum,
3521 4036 3541 4076 ι
3565 4023 3664 4094 (ὸ).

2306 4118 2530 4175 CAPUT
2570 4121 2847 4180 PRIMUM.
2875 4155 2948 4166 —
2974 4126 3024 4179 l.
3056 4125 3345 4183 Curandum
3372 4140 3427 4183 ut
3452 4130 3583 4185 bona
3606 4136 3671 4188 sit
3697 4154 3801 4191 non

2234 4209 2398 4263 solum
2421 4212 2741 4278 conscientia,
2764 4213 2853 4268 sed
2899 4218 3046 4270 etiam
3074 4222 3229 4289 fama.
3253 4220 3475 4291 Propter
3498 4225 3637 4292 quod
3661 4228 3803 4284 volui

2234 4306 2289 4352 et
2316 4300 2495 4369 rogavi
2522 4301 2775 4357 hesterno
2800 4304 2905 4369 die,
2928 4316 2985 4359 ut
3014 4306 3170 4362 hodie
3197 4307 3525 4379 frequentius
3550 4320 3808 4373 conveni-

2160 4428 2163 4430 -
2234 4390 2385 4456 retis,
2420 4390 2521 4445 hoc
2544 4401 2627 4446 est
2650 4394 2791 4462 quod
2818 4395 3053 4450 dicturus
3078 4414 3217 4453 sum.
3243 4400 3524 4459 Vobiscum
3560 4404 3647 4460 hic
3671 4408 3804 4462 vivi-

2234 4495 2372 4546 mus,
2409 4490 2463 4536 et
2498 4491 2715 4552 propter
2750 4499 2842 4539 vos
2880 4486 3143 4541 vivimus:
3169 4498 3224 4543 et
3266 4492 3488 4547 intentio
3520 4503 3806 4567 votumque

2235 4578 2472 4625 nostrum
2516 4582 2617 4639 est,
2657 4583 2712 4628 ut
2753 4575 2889 4643 apud
2917 4576 3181 4633 Christum
3227 4582 3499 4638 vobiscum
3537 4586 3653 4642 sine
3696 4588 3804 4645 lino

2293 4700 2703 4770 'nEmendatus‘ad
2712 4704 2773 4770 el.
2790 4719 2947 4770 gr_._m.
2965 4714 3017 4757 et
3031 4707 3089 4756 ad
3111 4708 3240 4759 Ullm.
3259 4717 3360 4760 Par.
3375 4718 3487 4763 nov.
3504 4714 3565 4765 ad
3579 4722 3804 4770 veterem

2231 4761 2445 4835 codicem
2484 4770 2529 4812 s.
2553 4764 2757 4835 Quintini
2780 4761 3145 4831 Sellovacensls,
3171 4778 3223 4821 et
3257 4771 3318 4820 ad
3340 4761 3801 4831 editionwéveon'c'i’li

2232 4829 2860 4944 Aqgigrﬂaigsﬁnfl‘gniversis
2876 4887 2955 4938 40.

2319 4941 3043 5025 ε’ὶξεξωοηξξμεξιὲξςίιξιριξιὲ
3058 4951 3352 5025 aestatim,
3386 4966 3509 5025 meo
3529 4956 3673 5025 ,ερμά
3697 4956 3799 5025 νιο-

2705 5005 2828 5057 forte
2846 5001 2915 5079 'de
2937 5001 3505 5079 possessionibusintiidﬁ
3527 5001 3678 5079 tibi;

2239 5063 2397 5139 ἑ
2419 5062 2599 5139 ,ᾔει-ει,
2622 5083 2645 5111 ι
2680 5062 3189 5139 memorat__'lfpssialius_
3207 5074 3263 5139 in_
3287 5062 3400 5139 ejus
3525 5062 3677 5139 :65;
3701 5062 3796 5130 ἓ.

2231 5111 2367 5173 cnau
2381 5111 2505 5201 gini:
2518 5111 2961 5201 ῶρςιιιίὶίῐιξῶιῖὲῃξ
2967 5111 3794 5201 ίέῖζὲᾶιὲἓίπὲἲὶῖίε’ἁῖῖ›ΐοῖιθ¹ἱὶι›ὖῖξξ

2230 5184 2472 5250 secundus
2500 5187 2695 5250 quidem
2716 5196 2831 5250 ante
2861 5190 2994 5239 mille
3017 5198 3069 5241 et
3105 5201 3303 5243 centum
3334 5184 3800 5250 annds'iiién's‘iii’.

2233 5244 2347 5293 hate
2370 5245 2419 5293 in
2442 5244 2620 5315 synodo
2639 5248 3175 5315 carthaginensi,_¥anno
3195 5254 3305 5315 525,
3341 5244 3479 5307 temo
3501 5244 3537 5306 ἱ
3558 5244 3800 5311 concilio-

2233 5308 3094 5390 EEATIKS‘ISQOEEPEEJQH;
3103 5308 3335 5390 subinde
3355 5330 3470 5390 vam
3504 5318 3654 5390 ἔξω,
3680 5308 3801 5390 ﬁn

2235 5364 2451 5425 ejusdem
2480 5369 2644 5431 synodi
2675 5364 2957 5420 auctoritate
2986 5371 3204 5425 laudatus
3225 5364 3373 5426 estin
3680 5364 3802 5431 Hii";

2232 5424 3216 5510 ἐξειζείέζξςίξὲρξέὶξρὶξίεορὲ-ρίριξξεςίξιψῖε
3231 5438 3490 5510 monachis.
3509 5447 3560 5510 ςι
3578 5441 3626 5510 in
3643 5441 3803 5491 altera

2234 5486 2483 5551 neitefridl
2507 5486 2831 5551 Ambianeiisis
2848 5486 3215 5543 Corbeie'nsibus
3228 5509 3459 5547 concesso
3478 5486 3800 5551 cirdtenine:

2232 5545 2586 5621 Etiamnuseptimi
2614 5549 2805 5621 gmeuli,
2827 5560 2955 5621 temo
2986 5554 3017 5604 6
3052 5545 3804 5621 (anciliorumfpa—ggflii'lwet

2232 5605 2340 5654 δῇ.
2355 5605 2575 5684 ,ξξιθὶδψιθ
2597 5605 2821 5684 demum,
2835 5612 3088 5684 l_riinus_e_t
3100 5605 3339 5684 secundus
3431 5605 3804 5684 Adiﬁé‘grihéﬁ

2233 5666 2448 5773 (concilio.
2470 5666 2595 5720 a'nno
2630 5671 2721 5721 8w
2744 5666 2986 5735 exliilgitus
3009 5676 3108 5727 fuit.
3135 5666 3337 5727 Primum
3364 5666 3804 5732 'cim‘ﬁb‘iia'ﬁi’i

2256 5740 2334 5773 nr.
2352 5742 2447 5773 vm.

2256 5740 2334 5775 ππ.
2352 5742 2447 5777 \‘lll.
