3996 6192
88 286 213 346 i569

86 405 343 457 vivamus.
367 395 547 453 Credo
580 403 759 450 autem
795 400 920 448 ante
946 389 1134 447 oculos
1159 398 1365 444 vestros
1394 401 1514 443 esse
1540 401 1672 441 con-

90 491 444 547 versationem
496 497 771 552 nostram;
802 497 859 539 ut
895 493 950 538 et
983 497 1082 538 nos
1109 481 1288 536 dicere
1316 479 1557 535 fortassis
1582 493 1675 531 auo

90 586 329 647 deamus,
375 579 622 650 quamvis
668 577 741 634 illi
786 575 1009 630 multum
1054 575 1304 644 impares,
1352 570 1494 642 quod
1542 570 1677 623 dixit

94 673 407 744 Apostolus,
435 669 726 723 lmitatores
761 668 857 721 mei
893 674 1071 733 estote,
1108 666 1237 718 sicut
1274 672 1318 717 et
1374 680 1463 735 ego
1491 660 1677 715 Christi

94 764 294 837 (lCor.
323 779 399 827 tv,
428 761 494 816 16
521 764 559 831 ).
584 761 650 815 Et
678 759 800 813 ideo
827 758 951 813 nolo
977 766 1034 811 ut
1058 757 1247 826 aliquis
1266 755 1331 809 de
1351 754 1506 809 nobis
1530 754 1676 806 inve-

94 857 191 912 niat
216 854 361 909 male
382 851 593 907 vivendi
620 850 979 905 occasionem.
1006 845 1338 901 Providemus
1364 845 1496 898 enim
1522 844 1670 907 bona,

96 959 143 1004 ut
164 950 236 1002 ait
263 946 406 1001 idem
436 944 729 1015 apostolus,
758 958 858 994 non
887 941 1052 995 solum
1077 955 1246 992 coram
1269 936 1396 1003 Deo,
1419 935 1505 990 sed
1524 936 1674 988 etiam

99 1048 253 1087 return
278 1030 569 1083 horninibus
593 1030 612 1099 (
638 1026 682 1081 ll
706 1024 825 1080 Cor.
853 1041 967 1089 vm,
995 1022 1058 1077 21
1152 1022 1374 1092 Propter
1400 1034 1516 1085 nos,
1548 1033 1676 1072 con-

100 1125 305 1180 scientia
337 1130 524 1176 nostra
554 1118 749 1174 sufficit
778 1116 931 1171 nobis
958 1135 972 1168 :
1002 1125 1215 1184 propter
1250 1128 1363 1177 vos,
1401 1110 1539 1164 fama
1580 1122 1675 1162 no-

98 1226 192 1270 stra
234 1229 342 1267 non
384 1210 574 1283 pollui,
613 1208 705 1262 sed
742 1207 944 1277 pollere
984 1204 1142 1259 debet
1184 1204 1235 1257 in
1275 1202 1444 1257 vobis.
1474 1200 1675 1253 Tenete

100 1306 224 1377 quod
252 1305 388 1369 dixi,
412 1312 570 1373 atque
590 1299 919 1369 distinguite.
945 1298 1071 1351 Dum
1099 1312 1185 1350 res
1212 1302 1334 1349 sunt
1352 1290 1675 1347 conscientia

100 1410 143 1453 et
180 1397 346 1451 fama.
392 1392 734 1448 Conscientia
782 1391 909 1453 tibi,
957 1388 1097 1442 fama
1146 1385 1390 1456 proximo
1434 1394 1541 1438 tuo.
1574 1382 1675 1447 Qui

101 1489 253 1541 ﬁdens
283 1482 627 1540 conscientia:
657 1497 768 1535 sua:
796 1479 1012 1549 negligit
1050 1477 1245 1531 famam
1282 1490 1455 1541 suam,
1482 1472 1674 1527 crude-

104 1582 153 1634 lis
190 1588 275 1632 est
308 1597 322 1631 :
357 1578 591 1630 maxime
634 1574 687 1628 in
733 1574 852 1627 loco
893 1572 995 1625 isto
1037 1571 1260 1640 positus,
1301 1568 1367 1622 de
1407 1582 1511 1637 quo
1549 1565 1678 1620 dicit

102 1668 379 1738 Apostolus
422 1667 659 1719 scribens
695 1663 762 1718 ad
791 1662 1108 1730 discipulum
1137 1676 1311 1726 suum,
1337 1658 1481 1712 Circa
1507 1673 1676 1710 omnes

103 1773 137 1813 te
174 1762 340 1828 ipsum
387 1760 632 1811 bonorum
678 1772 885 1827 operum
937 1754 1162 1826 pra'bens
1204 1753 1486 1822 exeruplum
1527 1748 1673 1823 (Tit.

104 1869 148 1917 ιι,
185 1854 290 1922 7).

159 1944 208 1996 2.
263 1941 383 1995 Vita
414 1940 713 2005 communis,
743 1941 888 2009 cujus
914 1938 1199 2008 exemplum
1239 1938 1293 1991 in
1332 1937 1507 2007 primis
1542 1936 1679 1990 chri-

108 2037 285 2090 uianis.
315 2034 684 2088 Monasterium
706 2033 767 2086 ab
792 2032 1095 2103 Augustino,
1123 2032 1338 2101 priurum
1363 2030 1415 2083 in
1442 2030 1609 2097 horto,
1632 2039 1682 2082 et

109 2140 201 2197 past
233 2129 288 2181 in
308 2127 555 2197 episcopii
580 2128 731 2179 domo
759 2125 1061 2178 institutum.
1088 2121 1157 2176 In
1183 2122 1292 2175 loco
1315 2121 1491 2175 humili
1516 2121 1675 2187 salus,

103 2224 149 2274 in
180 2224 280 2274 alto
314 2219 617 2291 periculum.
657 2216 770 2270 Vita
798 2216 1075 2271 communis
1109 2215 1162 2268 in
1197 2214 1518 2268 monasterio.
1548 2211 1682 2265 Pro-

107 2316 258 2384 prium
286 2313 483 2382 aliquid
510 2312 688 2364 habere
715 2325 1015 2380 quemquam
1035 2308 1147 2361 vita:
1172 2305 1310 2360 illius
1332 2307 1438 2376 lege
1457 2306 1678 2359 uetitum.

111 2405 171 2460 Ut
194 2421 312 2475 ergo
346 2420 460 2458 non
488 2418 584 2457 vos
615 2402 705 2456 diu
735 2410 965 2467 teneam,
992 2399 1289 2470 praesertim
1314 2398 1436 2468 quia
1467 2411 1565 2466 ego
1592 2411 1681 2451 se-

113 2498 231 2551 dens
258 2498 475 2566 loquor,
506 2507 599 2547 vos
626 2492 819 2547 stando
848 2490 1100 2547 laboratis
1127 2508 1140 2544 :
1166 2489 1335 2544 nostis
1358 2504 1566 2554 omnes,
1594 2496 1686 2541 aut

114 2606 235 2658 pene
276 2604 491 2656 ornnes,
518 2588 595 2641 sic
621 2601 719 2641 nos
750 2584 929 2639 vivere
969 2583 1023 2637 in
1052 2598 1116 2638 ea
1148 2582 1309 2637 domo
1335 2597 1452 2651 qua:
1488 2579 1685 2636 dicitur

112 2681 285 2734 dotuus
315 2678 573 2749 epise0pii
603 2678 645 2743 ¹,
672 2685 727 2731 ut
747 2717 762 2743 ,
790 2684 1044 2746 quantum
1076 2688 1381 2745 possumus,
1413 2673 1685 2727 imitemur

114 2791 194 2831 eos
218 2786 451 2841 sanctos,
482 2774 550 2828 de
574 2772 765 2843 quibus
789 2771 1023 2842 loquitur
1050 2770 1187 2825 liber
1212 2771 1440 2824 Aetuutn
1466 2768 1685 2836 Aposto-

115 2865 291 2933 lorum,
323 2865 491 2918 Nemo
522 2864 716 2917 dicebat
749 2862 943 2933 aliquid
984 2862 1268 2932 praprium,
1299 2859 1387 2914 sed
1414 2868 1556 2913 erant
1586 2858 1687 2911 illis

115 2960 265 3011 outuia
292 2958 583 3011 communia
614 2955 747 3028 (Act.
778 2971 852 3021 tv,
880 2954 994 3027 5:2).
1034 2954 1169 3022 Quia
1212 2953 1349 3007 forte
1392 2951 1552 3021 aliqui
1592 2965 1687 3004 vc-

117 3062 266 3104 strum
292 3065 402 3103 non
430 3057 557 3103 sunt
587 3057 693 3101 tam
730 3046 1011 3115 diligentes
1049 3046 1170 3098 vitm
1197 3052 1395 3099 nostra:
1424 3050 1689 3096 scrutato-

116 3158 213 3207 res,
240 3151 296 3198 ut
325 3142 432 3195 hoc
473 3141 553 3195 sic
592 3139 857 3203 noverint,
894 3136 1161 3208 quomodo
1201 3137 1322 3190 volo
1358 3150 1454 3190 vos
1494 3148 1686 3198 nosse;

115 3240 227 3293 dico
246 3238 370 3309 quid
393 3238 487 3303 sit,
510 3234 652 3306 quod
675 3234 903 3289 breviter
931 3233 1059 3288 dixi.
1088 3233 1219 3301 Ego,
1247 3246 1402 3301 quem
1432 3230 1540 3283 Deo
1571 3244 1692 3297 pro-

118 3333 237 3397 pitio
278 3330 473 3385 videtis
523 3328 834 3398 episcopum
880 3335 1154 3389 vestrum,
1199 3322 1409 3392 juvenis
1456 3320 1577 3375 veni
1626 3320 1693 3374 ad

115 3422 258 3477 istam
284 3424 577 3486 civitatem,
613 3431 669 3474 ut
706 3419 858 3473 mulli
895 3428 1131 3472 vestrum
1169 3426 1449 3470 noverunt.
1472 3415 1694 3480 Quamc-

115 3516 227 3567 barn
254 3514 342 3568 ubi
376 3513 765 3567 constituerem
802 3508 1204 3571 monasterium,
1230 3516 1284 3560 et
1309 3506 1541 3560 viverem
1573 3520 1694 3559 cum

116 3605 358 3659 fratribus
384 3605 545 3658 meis.
571 3603 731 3671 Spem
764 3601 961 3672 quippe
998 3615 1211 3654 omnem
1252 3598 1433 3653 surculi
1470 3599 1698 3668 relique-

118 3712 244 3760 ram,
272 3706 325 3750 et
358 3692 512 3764 quod
540 3707 660 3746 esse
685 3692 844 3761 potui,
869 3706 991 3748 esse
1019 3689 1163 3743 nolui
1189 3708 1201 3743 :
1228 3705 1328 3744 nec
1354 3698 1528 3743 tamen
1555 3702 1701 3757 qua:-

118 3786 205 3838 εἰγὶ
247 3800 367 3840 esse
410 3782 557 3854 quod
595 3798 733 3836 sum.
771 3782 916 3853 Etegi
959 3782 1013 3834 in
1056 3781 1203 3833 domo
1233 3779 1327 3833 Dei
1355 3780 1451 3833 mei
1475 3779 1698 3851 abjectus

119 3892 233 3940 esse,
261 3876 425 3945 magis
458 3890 613 3945 quam
658 3872 881 3926 habitare
920 3872 973 3924 in
1019 3869 1354 3925 tabernaculis
1380 3879 1700 3940 peccatorum

125 3967 280 4038 (Psal.
304 3983 531 4031 unm,
552 3963 663 4036 ll).
688 3965 771 4019 Ab
791 3964 869 4019 eis
890 3964 979 4034 qui
994 3963 1703 4033 diliguntsmculum,segrc-

122 4060 227 4127 gari
262 4074 349 4113 me
375 4075 391 4111 :
414 4058 507 4112 sed
538 4056 615 4111 eis
640 4056 730 4125 qui
766 4063 1000 4124 praesunt
1035 4053 1274 4123 populis,
1306 4067 1411 4107 non
1449 4066 1535 4106 me
1562 4066 1702 4105 coae-

122 4151 288 4220 quavi.
313 4149 429 4206 Nec
454 4150 506 4203 in
532 4146 775 4201 convivio
800 4145 1007 4199 Domini
1038 4144 1142 4199 mei
1172 4143 1501 4213 superiorem
1527 4142 1702 4196 locum

120 4249 278 4317 elegi,
311 4245 410 4301 sed
450 4244 756 4299 inferiorem
787 4252 841 4298 et
868 4240 1130 4313 abjectuin
1158 4248 1247 4295 :et
1274 4239 1471 4309 placuit
1506 4239 1585 4293 illi
1622 4237 1707 4293 di-

118 4354 235 4395 cere
260 4339 414 4405 mihi,
438 4337 685 4391 Ascende
720 4350 954 4389 sursum.
983 4333 1161 4404 Usque
1188 4332 1324 4387 adeo
1344 4342 1521 4387 autem
1552 4330 1705 4385 time-

120 4431 236 4485 lrun
266 4433 654 4501 episcopatum,
686 4437 743 4482 ut
772 4428 1021 4497 quoniam
1053 4434 1290 4496 emperat
1325 4440 1444 4481 esse
1472 4424 1583 4495 jam
1610 4424 1708 4479 ali-

117 4524 265 4593 cujus
304 4520 567 4576 momenti
615 4521 756 4574 inter
794 4520 885 4573 Dei
934 4532 1119 4573 servos
1162 4519 1299 4571 fama
1343 4532 1484 4583 mea,
1516 4516 1569 4570 in
1601 4530 1708 4587 quo

115 4617 233 4670 loco
261 4615 500 4669 sciebam
533 4628 640 4666 non
677 4626 797 4667 esse
830 4611 1137 4680 episcopum
1158 4650 1173 4675 ,
1202 4624 1311 4663 non
1354 4609 1445 4662 illo
1486 4607 1708 4663 accede-

114 4724 248 4763 rem.
280 4707 551 4762 Cavebam
581 4706 703 4770 hoc,
740 4714 795 4760 et
832 4706 1052 4775 agebam
1080 4712 1333 4773 quantum
1362 4710 1625 4773 poteram,
1652 4709 1711 4755 ut

111 4802 161 4856 in
193 4803 317 4857 loco
342 4801 539 4856 humili
576 4799 832 4867 salvarer,
865 4814 934 4853 ne
974 4798 1027 4852 in
1065 4797 1174 4852 alto
1200 4797 1550 4867 periclitarer.
1579 4794 1707 4860 Sed,

112 4908 164 4950 ut
189 4896 332 4960 dixi,
357 4894 583 4949 domino
609 4907 799 4948 servus
830 4890 1197 4946 contradicere
1232 4903 1336 4943 non
1369 4888 1548 4943 debet.
1583 4887 1709 4941 Veni

109 4989 171 5043 ad
205 4990 373 5043 istam
418 4986 687 5040 civitatem
718 4993 936 5054 propter
961 4980 1245 5037 videndum
1276 4980 1526 5043 amicum,
1552 4993 1713 5049 quem

110 5080 369 5146 putabam
406 5091 497 5131 me
524 5075 719 5130 lucrari
750 5089 910 5145 posse
932 5072 1064 5137 Deo,
1092 5080 1151 5127 ut
1183 5071 1458 5126 nobiscum
1487 5082 1631 5126 esset
1660 5072 1713 5126 in

114 5168 491 5235 monasterio;
520 5169 672 5239 quasi
716 5182 967 5233 securus,
995 5166 1118 5236 quia
1162 5165 1311 5219 locus
1342 5164 1569 5219 habebat
1598 5164 1715 5234 epi-

114 5280 368 5336 scopum.
403 5261 808 5331 Apprehensus,
846 5258 1127 5331 presbyter
1160 5256 1330 5311 factus
1364 5272 1506 5322 sum,
1536 5265 1589 5311 et
1626 5271 1719 5325 per

116 5364 256 5413 hunc
278 5354 521 5428 gradum
551 5352 769 5423 perveni
798 5350 866 5407 ad
895 5351 1282 5421 episcopatum.
1309 5347 1423 5403 Non
1450 5347 1599 5401 attuli
1625 5348 1722 5401 ali-

115 5451 263 5519 quid,
290 5464 411 5504 non
440 5445 563 5501 veni
590 5445 657 5500 ad
685 5445 823 5499 hanc
848 5442 1163 5506 Ecclesiatn,
1197 5440 1299 5494 nisi
1324 5454 1445 5495 eum
1479 5440 1543 5493 iis
1568 5437 1722 5493 indu—

116 5543 319 5599 arentis
364 5538 568 5611 quibus
614 5536 705 5592 illo
754 5545 995 5605 tempore
1036 5532 1323 5588 vestiebar.
1360 5530 1430 5585 Et
1464 5531 1588 5601 quia
1623 5529 1724 5583 hoc

166 5682 183 5710 ⁸
209 5677 371 5732 ωἰιί,
392 5674 568 5723 amnis
859 5676 916 5718 At
944 5668 1250 5733 colhertinus
1280 5675 1394 5733 ante
1417 5667 1725 5729 octingentos

108 5755 259 5793 arms
280 5731 576 5800 deacriptus
600 5731 727 5784 liber
742 5731 910 5795 liabet,
934 5732 1104 5785 domus
1126 5731 1369 5797 cpiscopii.

1496 271 1728 332 SERMO
1764 267 2005 328 CCCLV.

3240 275 3380 331 I570

1786 382 2155 454 disponebam,
2189 383 2241 437 in
2278 382 2601 440 monasterio
2629 398 2752 442 esse
2776 398 2900 444 eum
2929 378 3181 437 fratribus
3203 376 3247 444 ‘,
3276 392 3373 434 eo-

1786 475 1934 544 gnito
1968 472 2209 527 instituto
2242 482 2297 529 et
2328 474 2597 530 voluntate
2624 490 2764 541 mea,
2790 475 2961 531 beata
2984 470 3256 529 memoriae
3284 486 3370 525 so-

1787 581 1890 620 nex
1925 564 2166 621 Valerius
2207 566 2356 621 dedit
2399 567 2528 621 mihi
2561 567 2770 625 hortum
2802 568 2981 635 illum,
3014 571 3066 623 in
3096 577 3204 635 quo
3232 577 3375 617 nunc

1786 667 1867 712 est
1890 657 2291 711 monasterium.
2305 657 2457 727 ϐαξρί
2474 658 2596 714 boni
2615 659 2870 729 propositi
2889 659 3077 713 fratres
3099 656 3371 725 colligere,

1785 764 2068 820 compares
2099 765 2267 816 meos,
2300 750 2434 804 nihil
2466 751 2743 815 habentes,
2772 752 2909 807 sicut
2935 752 3061 806 nihil
3091 752 3371 813 habebam,

1786 849 1841 896 et
1878 841 2150 896 imitantes
2187 855 2273 895 me
2298 859 2311 895 :
2336 850 2396 895 ut
2422 841 2691 910 quomodo
2723 857 2823 911 ego
2852 851 3062 896 tenuem
3094 849 3377 911 pauperta-

1787 932 1953 987 tulam
1991 947 2168 987 meam
2197 931 2410 987 vendidi
2441 941 2495 987 et
2523 932 2844 1002 pauperibus
2866 933 3099 1002 crogavi,
3121 934 3198 987 sic
3227 932 3371 986 face-

1785 1034 1899 1080 rent
1930 1034 1985 1080 et
2011 1025 2085 1079 illi
2108 1026 2197 1096 qui
2220 1040 2429 1080 mecum
2452 1040 2570 1081 esse
2591 1026 2902 1092 voluissent,
2929 1036 2986 1081 ut
3009 1027 3075 1081 de
3100 1027 3372 1082 communi

1786 1117 2123 1183 viveremus;
2152 1122 2438 1172 cbmmune
2472 1126 2648 1172 autem
2684 1116 2836 1171 nobis
2865 1126 3005 1171 esset
3037 1117 3289 1188 magnum
3319 1128 3374 1173 et

1784 1208 2112 1263 uberrimum
2139 1209 2398 1278 praedium
2430 1209 2543 1279 ipse
2571 1210 2728 1263 Deus.
2755 1209 2977 1263 Perveni
3007 1209 3073 1263 ad
3101 1210 3374 1279 episcopa-

1788 1308 1896 1352 tum
1929 1316 1942 1352 :
1971 1299 2077 1353 vidi
2108 1314 2328 1355 necesse
2357 1299 2554 1354 habere
2579 1300 2885 1369 episcopum
2912 1300 3164 1355 exhibere
3189 1304 3376 1353 huma-

1783 1390 2005 1446 nitatem
2047 1391 2315 1446 assiduam
2348 1391 2646 1461 quibusque
2681 1392 3014 1446 venientibus
3041 1378 3153 1446 sive
3200 1401 3375 1447 trans-

1785 1482 2220 1553 euntibuszquod
2246 1484 2292 1538 si
2320 1498 2425 1539 non
2456 1483 2671 1539 fecisset
2721 1484 3022 1554 episcopus,
3051 1484 3374 1540 inhumanus

1784 1572 2071 1628 diceretur.
2106 1574 2160 1631 Si
2201 1583 2379 1629 autem
2428 1576 2527 1629 ista
2571 1574 2900 1629 consuetudo
2950 1576 3002 1628 in
3048 1576 3373 1629 monasterio

1784 1665 2045 1733 permissa
2070 1672 2213 1719 esset
2236 1666 2281 1730 ⁸,
2308 1665 2561 1720 indecens
2588 1672 2748 1720 esset.
2774 1665 2841 1719 Et
2869 1664 2986 1719 ideo
3012 1665 3150 1719 volui
3176 1664 3375 1719 habere

1786 1757 1838 1811 in
1883 1757 1981 1811 ista
2026 1756 2188 1811 domo
2231 1757 2489 1828 episcopii
2538 1772 2748 1812 mecum
2792 1758 3172 1812 monasterium
3218 1757 3375 1811 cleri-

1784 1863 1989 1902 corum.
2884 1846 2885 1849 “

1855 1937 2081 1994 CAPUT
2120 1938 2183 1993 ll.
2212 1970 2286 1980 —
2315 1940 2454 1997 Ecce
2489 1939 2758 2011 quomodo
2789 1941 3042 1997 vivimus.
3070 1940 3210 1995 Nulli
3251 1941 3377 1996 licet

1785 2029 1838 2083 in
1890 2030 2145 2085 societate
2188 2040 2370 2086 nostra
2419 2031 2614 2086 habere
2655 2030 2855 2101 aliquid
2903 2032 3177 2103 proprium
3220 2050 3235 2086 :
3279 2032 3374 2088 sed

1784 2121 1924 2177 forte
1952 2121 2112 2192 aliqui
2140 2122 2356 2178 habent.
2382 2122 2521 2178 Nulli
2551 2124 2673 2180 licet
2703 2142 2715 2178 :
2745 2125 2787 2179 si
2814 2126 2902 2195 qui
2933 2125 3148 2190 habent,
3178 2125 3377 2181 faciunt

1787 2213 1928 2282 quod
1958 2228 2064 2268 non
2099 2214 2241 2268 licet.
2267 2214 2413 2269 Bene
2436 2223 2613 2269 autem
2639 2215 2814 2269 sentio
2843 2215 2910 2269 de
2939 2215 3188 2269 fratribus
3215 2218 3371 2284 meis,

1787 2313 1842 2358 et
1878 2320 2090 2374 semper
2118 2305 2255 2360 bene
2282 2304 2509 2360 credens
2533 2305 2601 2359 ab
2631 2305 2731 2359 hac
2762 2306 3103 2377 inquisitione
3128 2308 3377 2361 dissimu-

1788 2394 1890 2448 lavi
1922 2413 1934 2447 :
1963 2396 2084 2466 quia
2115 2406 2167 2451 et
2204 2396 2303 2450 ista
2331 2412 2595 2466 quaerere,
2632 2398 2783 2468 quasi
2829 2398 2967 2453 male
3010 2401 3208 2454 sentire
3246 2400 3378 2456 mihi

1792 2486 2090 2541 videbatur.
2114 2487 2376 2543 Noveram
2402 2488 2567 2554 enim,
2595 2497 2650 2544 et
2676 2489 2799 2545 novi
2829 2506 3037 2559 omnes,
3060 2493 3149 2563 qui
3170 2509 3379 2549 mecum

1792 2578 2063 2644 viverent,
2109 2593 2268 2634 nosse
2315 2580 2644 2649 propositum
2686 2590 2956 2651 nostrum,
3001 2600 3161 2640 nosse
3206 2585 3377 2657 legem

1790 2670 1912 2723 vita:
1939 2679 2154 2724 nostrm.

1864 2760 1918 2814 ὅ.
1959 2759 2241 2815 Januarius
2280 2760 2536 2833 presbyter
2574 2764 2837 2835 proprium
2877 2776 3055 2820 contra
3092 2770 3383 2824 monasterii
3437 2798 3447 2811 ι

1796 2851 1953 2921 legem
1984 2850 2208 2904 retinuit.
2240 2851 2615 2907 Testamentum
2654 2856 2792 2926 fecit.
2823 2855 3185 2914 [hereditatem
3222 2860 3385 2931 ipsius

1795 2956 1887 3008 pro
1931 2939 2155 2995 Ecclesia
2195 2944 2448 3013 suscipere
2482 2960 2586 2998 non
2627 2946 2733 3001 vult
2767 2947 3102 3019 Augustinus.
3131 2950 3217 3005 Lis
3257 2951 3387 3005 inter

1793 3028 2036 3084 Januarii
2064 3032 2200 3100 ﬁlios
2229 3033 2293 3086 de
2318 3035 2427 3105 ejus
2456 3032 2768 3091 haereditate.
2795 3037 2956 3093 Venit
2990 3039 3057 3095 ad
3093 3056 3189 3096 nos
3225 3042 3386 3096 etiam

1795 3120 2077 3193 presbyter
2104 3122 2416 3191 Januarius,
2454 3126 2545 3195 qui
2574 3126 2854 3183 videbatur
2890 3146 2985 3185 sua
3018 3132 3240 3188 honeste
3268 3149 3390 3188 ero-

1795 3212 1970 3280 gando
1991 3213 2141 3283 quasi
2167 3216 2584 3285 consumpsisse,
2609 3218 2703 3272 sed
2733 3234 2839 3272 non
2861 3224 3191 3290 consumpsit
3217 3222 3258 3276 ³.
3281 3223 3390 3277 Re-

1804 3304 2001 3357 mansit
2032 3304 2106 3359 illi
2136 3305 2377 3374 quaedam
2408 3307 2648 3375 pecunia,
2692 3307 2745 3361 id
2779 3317 2881 3373 est,
2914 3319 3215 3379 argentum,
3246 3313 3390 3381 quod

1800 3392 2007 3447 diceret
2042 3408 2164 3447 esse
2212 3394 2336 3448 filiae
2373 3410 2504 3449 sure.
2534 3394 2668 3450 Filia
2698 3395 2884 3465 ipsius,
2915 3398 3023 3453 Deo
3061 3401 3309 3470 prepitio,
3338 3402 3391 3456 in

1801 3483 2126 3539 monasterio
2170 3484 2515 3551 feminarum,
2551 3496 2606 3541 et
2645 3486 2800 3542 bonze
2834 3490 2949 3559 spei
2988 3500 3088 3545 est.
3120 3491 3394 3549 Gubernet

1804 3571 1949 3626 illam
1984 3572 2259 3638 Dominus,
2298 3583 2356 3628 ut
2393 3576 2610 3645 impleat
2635 3592 2754 3647 quae
2789 3577 2856 3633 de
2884 3580 2971 3633 illa
3013 3596 3312 3651 speramus,
3340 3585 3395 3639 in

1804 3660 1947 3716 illius
1977 3664 2362 3731 misericordia,
2394 3680 2502 3720 non
2531 3666 2584 3720 in
2616 3666 2732 3739 ejus
2756 3670 2979 3725 meritis.
3012 3670 3076 3725 Et
3105 3674 3227 3743 quia
3260 3674 3396 3730 infra

1805 3766 1976 3806 annos
2004 3761 2138 3820 erat,
2186 3761 2240 3807 et
2283 3754 2349 3808 de
2390 3769 2484 3809 sua
2527 3758 2749 3826 pecunia
2794 3758 2926 3813 nihil
2972 3758 3150 3818 facere
3190 3772 3401 3832 poterat

1808 3843 2072 3916 (quamvis
2108 3846 2248 3898 enim
2278 3845 2579 3901 videremus
2621 3847 2883 3918 fulgorem
2919 3851 3284 3920 professionis,
3314 3864 3398 3909 ta-

1805 3949 1929 3989 men
1984 3934 2245 3990 lubricum
2300 3937 2615 3992 timebamus
2665 3939 2915 4012 (etatis);
2961 3941 3158 3997 factmn
3209 3955 3292 3999 est
3343 3954 3401 3999 ut

1809 4026 1981 4096 ipsum
2012 4036 2291 4098 argentum
2327 4029 2476 4098 quasi
2519 4029 2708 4097 puella:
2749 4042 3073 4101 servaretur,
3098 4044 3153 4089 ut
3178 4051 3298 4091 cum
3331 4038 3399 4092 ad

1809 4121 2078 4192 legitimos
2121 4137 2291 4177 annos
2331 4124 2559 4191 veniret,
2590 4123 2788 4180 faceret
2818 4126 2940 4181 inde
2968 4128 3110 4197 quod
3135 4128 3396 4200 virginem

1808 4213 2006 4267 Christi
2054 4213 2290 4281 deceret,
2331 4214 2545 4284 quando
2589 4216 2792 4286 Optime
2830 4217 2939 4286 jam
2984 4218 3156 4275 facere
3194 4230 3395 4291 posset.

1811 4303 1947 4359 Dum
1970 4304 2085 4359 haec
2107 4314 2502 4373 exspectantur,
2528 4306 2692 4378 cmpit
2716 4307 2805 4362 ille
2826 4310 2983 4363 morti
3007 4312 3398 4382 propinquare:

1813 4398 1905 4469 qui
1926 4397 2016 4452 diu
2045 4406 2296 4468 tanquam
2319 4396 2385 4451 de
2411 4412 2511 4453 suo
2526 4396 2567 4461 ’⁵,
2586 4398 2772 4468 jurans
2793 4401 2912 4470 quia
2944 4400 3108 4470 ipsius
3134 4412 3267 4470 erat,
3292 4419 3399 4459 non

1814 4488 1953 4554 filiae,
1985 4496 2360 4543 testamentum
2387 4487 2530 4543 fecit.
2557 4488 2979 4558 Testamentum,
3011 4491 3249 4562 inquam,
3277 4493 3400 4551 fecit

1814 4580 2094 4653 presbyter
2120 4590 2173 4636 et
2196 4581 2374 4637 socius
2402 4589 2602 4647 noster,
2630 4582 2907 4637 nobiscum
2940 4598 3181 4650 manens,
3209 4585 3275 4641 de
3303 4587 3405 4642 Ec-

1815 4673 1975 4728 clesia
2006 4674 2210 4739 vivens,
2241 4687 2579 4727 communem
2607 4674 2766 4727 vitam
2798 4675 3085 4743 profiteris;
3117 4686 3409 4739 testamen-

1818 4774 1930 4820 tum
1962 4763 2105 4832 feeit,
2130 4762 2372 4818 haeredes
2398 4762 2646 4817 instituit.
2671 4762 2715 4819 Ο
2738 4762 2893 4821 dolor
2922 4766 3063 4822 illius
3101 4768 3402 4827 societatis!

1818 4872 1852 4913 ο
1877 4856 2080 4912 fructus
2107 4866 2282 4922 natus,
2312 4870 2418 4910 non
2447 4854 2516 4911 de
2542 4856 2735 4913 arbore
2764 4874 2920 4929 quam
2949 4860 3204 4930 plantavit
3227 4864 3408 4920 Domi-

1858 5052 1899 5118 }
1924 5051 1997 5122 sic
2017 5055 2207 5122 Msszet
2237 5048 2627 5122 Aquisgranense
2666 5050 2938 5122 concilium.
2960 5061 3035 5122 at
3060 5056 3196 5117 editi,
3219 5064 3278 5108 Et
3299 5061 3410 5122 quia

1822 5110 1904 5182 hia
1924 5110 2235 5182 disponebam
2255 5110 2419 5182 essein
2436 5112 2719 5182 monasterio
2744 5128 2853 5163 cum
2866 5113 3115 5182 fratribus.

1887 5173 1906 5202 ⁸
1928 5177 2068 5243 διεδ.)
2102 5173 2151 5221 in
2188 5173 2477 5244 tri-anasterio
2499 5173 2661 5244 missa
2684 5182 2824 5244 esset.
2866 5173 2943 5225 ‘sic
2984 5179 3201 5244 etiamm
3230 5182 3412 5244 Aquis-

1824 5235 2053 5304 granemi
2093 5232 2321 5304 eoticilion
2340 5235 2545 5304 ltiuianze
2585 5236 2827 5304 editionis.
2873 5245 2960 5304 an,
3001 5237 3148 5289 missa
3169 5274 3204 5304 ,Α
3228 5232 3307 5290 ϋλῖ
3334 5257 3413 5304 μ-

1823 5293 1967 5345 situm
1985 5295 2276 5359 pro.
2297 5293 2321 5344 ?
2343 5296 2419 5359 vel
2442 5297 2565 5359 forte
2591 5295 2871 5359 legendum,
2888 5293 3288 5352 utmottastciium
3304 5293 3417 5352 niis-

1823 5370 1898 5429 sa,
1920 5366 1975 5407 ut
1985 5355 2314 5429 intelligatur,
2332 5358 2457 5429 siita
2478 5355 2895 5429 fieretfindecens
2910 5361 3030 5429 fore,
3057 5376 3152 5411 non
3178 5370 3417 5413 nienaste-

1826 5420 1917 5491 rio,
2055 5418 2298 5491 episcopo.
2335 5419 2456 5469 Dicit
2479 5432 2607 5491 sane
2643 5422 2708 5469 de
2748 5423 3099 5491 consuetudine
3122 5427 3265 5491 snseij
3286 5428 3418 5491 iemli

1827 5480 2062 5551 hospites,
2079 5480 2194 5542 Qum
2210 5488 2323 5530 tunc
2364 5482 2644 5551 unanimem
2670 5486 2972 5551 monasteriis
2996 5487 3176 5551 ubique
3201 5480 3417 5547 vigebat.

1829 5541 1945 5608 Vide
1969 5541 2325 5608 llierdnymum,
2354 5541 2548 5608 ᾼιιοιοεἶ
2570 5544 2615 5608 in
2637 5543 2782 5608 Rufin.
2811 5545 2890 5593 lib.
2918 5546 2967 5602 5,
2991 5541 3163 5608 capr

1894 5605 1917 5680 ξ
1931 5611 2067 5680 atas?
2084 5601 2720 5680 quod“uidebatnrjltabere,
2748 5606 2938 5655 honeste
2980 5601 3239 5671 (vagando,
3275 5606 3421 5680 quasi

1831 5669 2142 5727 consumpsit,
2160 5671 2311 5713 etnon
2329 5669 2633 5727 consumpsit.

1896 5726 1918 5759 ⁵
1941 5726 2013 5777 sic
2036 5732 2139 5785 itas.
2166 5727 2285 5781 Etim
2307 5740 2442 5784 vero,
2461 5726 2685 5788 tauquam
2701 5728 2761 5778 (lc
2784 5737 2867 5784 sua
2881 5737 3055 5777 manu.
