3996 6192
620 250 747 306 1571

615 358 751 414 nus?
773 359 878 414 Sed
909 356 1197 413 Ecclesium
1233 357 1447 426 scripsit
1481 356 1774 411 hrcrcdcm?
1796 356 1927 409 Nolo
1959 370 2183 408 munera

614 450 738 514 ista,
766 466 872 506 non
909 465 1031 504 amo
1062 446 1431 503 amaritudinis
1471 446 1695 499 fructum
1758 447 1864 512 Ego
1895 446 2040 498 illum
2080 446 2183 498 Deo

614 542 938 612 qttzcrebam,
974 540 1277 594 societatem
1315 535 1587 607 professus
1621 545 1753 599 erat,
1795 536 1932 591 hanc
1962 543 2184 599 teneret,

616 633 749 687 hanc
778 631 1069 694 exhiberet,
1098 627 1223 681 nihil
1245 628 1481 691 haberet,
1506 635 1880 681 testamentum
1912 641 2015 679 non
2052 625 2191 680 face-

615 731 716 775 ret.
744 720 979 774 Habebat
1015 717 1247 787 aliquid?
1271 732 1374 771 non
1420 731 1477 770 se
1522 726 1760 769 nostrum
1802 718 2001 769 socium
2039 715 2189 786 quasi

617 816 711 869 Dei
754 829 1035 884 pauperem
1070 812 1309 884 fingeret.
1335 812 1551 882 Magnus
1586 812 1708 867 inde
1743 814 1868 867 mihi
1905 813 2055 866 dolor
2087 821 2187 878 est,

615 907 823 959 fratres.
853 906 977 958 Dico
1003 904 1258 958 Charitati
1296 913 1503 971 vestrae,
1544 914 1756 973 propter
1784 904 1922 958 hunc
1949 904 2188 960 dolorem

615 995 772 1047 statui
803 993 1167 1048 haereditatem
1199 995 1363 1063 ipsam
1398 995 1446 1047 in
1475 994 1711 1049 Ecclesia
1752 1011 1858 1049 non
1898 996 2186 1063 suscipere.

614 1085 870 1140 Filiorum
919 1088 1080 1155 ipsius
1122 1087 1190 1140 sit
1230 1087 1370 1157 quod
1414 1088 1643 1157 reliquit,
1689 1088 1788 1158 ipsi
1820 1086 1951 1142 inde
1997 1086 2190 1141 faciant

611 1178 751 1247 quod
777 1180 1056 1232 voluerint.
1086 1179 1302 1233 Videtur
1326 1181 1466 1234 enim
1496 1181 1622 1235 mihi
1651 1183 1770 1251 quia
1797 1184 1840 1238 si
1865 1197 1979 1236 eam
2009 1196 2191 1236 Susce-

614 1283 765 1337 pero,
801 1269 849 1322 in
884 1269 984 1322 isto
1012 1269 1169 1333 facto,
1192 1270 1331 1338 quod
1361 1270 1487 1323 mihi
1515 1271 1752 1341 displicet
1775 1273 1985 1343 etquod
2009 1272 2186 1335 doleo,

612 1358 726 1425 ejus
768 1360 1027 1428 particeps
1066 1374 1179 1413 ero.
1210 1358 1319 1414 Hoc
1346 1361 1485 1414 volui
1521 1378 1625 1415 non
1673 1363 1837 1417 latere
1865 1361 2187 1416 Charitatem

610 1459 861 1503 vestram.
898 1450 1028 1503 Filia
1069 1450 1233 1519 ipsius
1268 1452 1319 1504 in
1359 1452 1684 1507 monasterio
1725 1453 2036 1508 feminarum
2067 1460 2183 1507 est:

611 1538 752 1592 filius
779 1538 942 1607 ipsius
966 1540 1016 1594 in
1044 1543 1367 1597 monasterio
1397 1536 1632 1597 virorum
1656 1553 1757 1597 est.
1788 1543 1985 1597 Ambos
2011 1542 2189 1597 exhte-

609 1629 815 1683 rcdavit
837 1648 850 1685 :
876 1630 1017 1684 illam
1061 1646 1181 1685 cum
1226 1632 1400 1697 laude,
1443 1634 1600 1688 istum
1627 1648 1747 1687 cum
1779 1634 1969 1703 elogio.
2002 1633 2050 1687 id
2082 1641 2184 1701 est,

609 1736 730 1776 eum
759 1722 1165 1792 vituperatione.
1203 1723 1577 1779 Commendavi
1603 1725 1619 1756 ¹
1642 1734 1816 1780 autem
1845 1724 2097 1780 Ecclesia:
2129 1732 2188 1779 ut

610 1828 716 1867 non
762 1814 1024 1883 accipiant
1066 1815 1206 1882 ipsas
1248 1816 1632 1884 portiunculas,
1662 1831 1779 1884 qua:
1814 1816 2080 1884 pertinent
2116 1814 2185 1869 ad

608 1903 995 1969 exltzeredatos,
1021 1905 1121 1960 nisi
1149 1920 1269 1959 cum
1295 1905 1362 1959 ad
1389 1906 1671 1974 legitimam
1693 1913 1901 1963 aetatem
1929 1920 2186 1973 pervene-

611 1995 737 2047 rint.
772 1993 884 2049 Hoc
911 1994 989 2048 eis
1016 2004 1252 2049 reservat
1280 1995 1538 2050 Ecclesia.
1568 1995 1767 2050 Deinde
1803 1994 1946 2050 litem
1987 1994 2189 2050 dimisit

611 2085 750 2139 inter
787 2083 920 2138 ﬁlios
959 2100 1106 2151 suos,
1147 2086 1201 2139 in
1244 2102 1346 2156 qua
1386 2086 1587 2141 laboro.
1617 2086 1794 2141 Puella
1822 2085 1985 2141 dicit:
2009 2086 2183 2141 Meum

608 2183 710 2239 est,
744 2176 910 2228 nostis
938 2176 1058 2246 quia
1090 2176 1191 2231 hoc
1209 2176 1419 2232 dicebat
1442 2192 1654 2246 semper
1677 2185 1828 2245 pater
1855 2190 2028 2233 meus.
2047 2176 2185 2230 Puer

609 2264 775 2338 dicit:
800 2265 1056 2320 Credatur
1087 2267 1219 2336 patri
1257 2282 1398 2332 meo,
1428 2266 1547 2335 quia
1579 2267 1813 2321 moriens
1840 2267 2050 2321 mentiri
2078 2282 2183 2320 non

607 2355 795 2424 potuit.
839 2354 905 2408 Et
948 2355 1045 2410 ista
1088 2356 1356 2411 contentio
1397 2356 1553 2426 quale
1593 2356 1792 2411 malum
1836 2356 1953 2411 est?
1991 2354 2093 2412 Sed
2137 2357 2183 2411 si
2224 2344 2227 2347 ⁷

609 2449 756 2517 pueri
801 2448 884 2503 isti
928 2450 1066 2503 servi
1113 2450 1202 2505 Dei
1242 2460 1385 2517 sunt,
1413 2451 1558 2505 litem
1593 2451 1730 2508 hanc
1770 2452 1907 2507 inter
1938 2453 2056 2506 illos
2079 2452 2185 2507 cito

608 2532 845 2593 finimus.
875 2541 1045 2595 Audio
1076 2541 1196 2595 illos
1224 2550 1284 2595 ut
1314 2551 1482 2610 pater,
1522 2551 1577 2597 et
1621 2543 1757 2597 forte
1797 2543 1985 2598 melius
2026 2559 2183 2614 quam

609 2636 759 2695 pater
798 2616 1281 2698 ipsorum.’Videbo
1309 2630 1433 2699 quid
1463 2634 1534 2685 sit
1554 2631 1709 2700 juris,
1746 2633 1883 2687 sicut
1917 2634 2054 2688 Deus
2087 2648 2184 2687 vo-

610 2717 799 2783 luerit,
828 2735 946 2773 cum
982 2720 1159 2789 paucis
1194 2719 1444 2774 fratribus
1476 2719 1719 2774 fidelibus
1752 2722 2043 2787 honoratis,
2074 2722 2185 2777 Deo

610 2808 856 2876 propitio,
904 2808 969 2863 de
1018 2824 1240 2863 numero
1282 2818 1478 2875 vestro,
1527 2808 1577 2863 id
1620 2818 1721 2876 est,
1764 2808 1830 2864 de
1869 2810 2020 2879 plebe
2062 2810 2182 2865 ista.

611 2896 784 2951 Audio
816 2898 952 2954 inter
982 2899 1103 2955 illos
1131 2914 1383 2965 causam;
1410 2907 1463 2956 et
1490 2900 1626 2956 sicut
1658 2900 1909 2955 Dominus
1942 2901 2184 2957 donave-

608 2988 707 3053 rit,
738 2986 882 3041 finio.

678 3080 730 3131 4.
778 3077 1133 3133 [hereditatem
1175 3081 1492 3150 cujusquam,
1533 3080 1864 3134 exheredatis
1902 3080 2041 3148 ﬁliis,
2085 3097 2185 3134 non
2220 3142 2221 3145 η

607 3170 812 3237 suscipit
832 3168 1159 3240 Augustinus.
1186 3169 1387 3225 Tamen
1414 3186 1543 3241 rogo
1570 3186 1685 3232 vos,
1718 3186 1877 3225 nemo
1901 3188 1986 3225 me
2012 3187 2187 3241 repre-

610 3260 821 3323 bendat,
852 3260 972 3329 quia
1012 3260 1126 3329 ejus
1164 3260 1521 3315 hereditatem
1560 3263 1681 3316 nolo
1712 3263 1965 3332 suscipiat
1998 3262 2185 3317 Eccle-

608 3352 706 3403 sia.
740 3352 938 3415 l‘rimo,
972 3352 1092 3421 quia
1128 3354 1317 3406 lat-tum
1348 3352 1486 3406 illius
1508 3352 1745 3406 detestor
1778 3370 1792 3407 :
1822 3351 2035 3419 deinde,
2063 3351 2185 3422 quia

610 3441 905 3494 institutum
953 3458 1126 3495 meum
1176 3450 1276 3495 est.
1318 3442 1463 3495 Multi
1510 3442 1724 3496 laudant
1764 3441 1904 3513 quod
1949 3443 2186 3498 dicturus

611 3546 747 3594 sum,
770 3530 860 3584 sed
885 3532 1041 3598 aliqui
1066 3541 1117 3585 et
1144 3531 1558 3601 reprehendunt.
1586 3532 1834 3602 Utrisque
1861 3531 2035 3587 facere
2056 3535 2186 3588 satis

612 3621 762 3674 valde
789 3621 1001 3675 difficile
1028 3631 1129 3675 est.

679 3712 904 3767 CAPUT
947 3714 1028 3767 ιιι.
1052 3744 1124 3752 -
1151 3713 1383 3767 Audistis
1407 3714 1565 3769 modo
1589 3730 1709 3769 cum
1735 3715 2079 3786 Evangelium
2106 3716 2184 3773 le-

609 3788 840 3874 geretur,
868 3804 1186 3859 Cautavimus
1215 3804 1371 3871 vobis,
1392 3815 1436 3858 et
1464 3823 1563 3859 non
1591 3808 1845 3872 saltastis;
1872 3807 2182 3877 planximus,

607 3908 654 3950 ct
681 3913 780 3951 non
809 3897 1025 3952 quistis.
1053 3894 1195 3952 Venit
1225 3894 1449 3950 Joannes
1477 3914 1575 3950 non
1602 3897 1913 3951 manducans
1933 3915 2087 3967 neque
2112 3899 2187 3952 bi-

609 3991 746 4055 bens,
778 3998 822 4043 et
853 3989 1044 4055 dicunt,
1070 3987 1389 4042 Harmoniam
1420 3988 1563 4043 habet
1587 3990 1754 4044 :venit
1776 3988 1943 4044 Filius
1970 3991 2186 4046 hominis

609 4080 920 4133 ntattducans
948 4089 993 4132 et
1020 4078 1208 4144 bibens,
1247 4088 1294 4132 et
1322 4078 1514 4143 dicunt,
1554 4075 1683 4132 Ecce
1713 4082 1860 4133 homo
1888 4097 2061 4146 vorax,
2094 4096 2186 4150 po-

606 4178 740 4223 tator
764 4170 894 4231 vini,
926 4178 970 4221 et
998 4170 1186 4220 amicus
1216 4169 1592 4236 publicanorum
1623 4168 1833 4239 (Matth.
1863 4185 1937 4235 XI,
1973 4170 2182 4239 17-19).

608 4257 745 4323 Quid
771 4271 869 4326 ego
897 4256 1029 4310 facio
1060 4258 1197 4310 inter
1224 4256 1364 4323 illos,
1389 4257 1477 4326 qui
1505 4266 1690 4326 parant
1716 4273 1801 4312 me
1830 4257 2189 4327 reprehende-

610 4364 692 4415 re,
718 4358 773 4403 et
804 4349 994 4402 dentes
1035 4349 1084 4400 in
1114 4363 1200 4403 me
1226 4347 1421 4403 ducere
1466 4350 1508 4403 si
1537 4334 1823 4419 suscepero
1850 4349 2187 4406 hmreditates

607 4455 797 4494 eorum
838 4439 926 4509 qui
967 4437 1102 4493 filios
1139 4453 1264 4492 suos
1293 4437 1409 4491 irati
1436 4437 2031 4494 exbaeredantherum
2061 4440 2187 4510 quid

612 4546 730 4588 sum
763 4533 996 4586 facturus
1022 4530 1099 4585 eis
1129 4530 1318 4600 quibus
1348 4537 1525 4595 canto,
1556 4538 1609 4585 et
1637 4531 1820 4585 nolunt
1851 4531 2077 4585 saltare?
2098 4532 2185 4601 qui

610 4624 817 4691 dicunt,
850 4623 985 4677 Ecce
1012 4638 1175 4693 quare
1204 4635 1360 4677 nemo
1390 4621 1553 4675 donat
1579 4620 1832 4676 Ecclesiae
1861 4621 2186 4692 Hipponensi

608 4712 807 4783 aliquid
832 4730 845 4765 :
868 4727 991 4767 ecce
1020 4728 1184 4783 quare
1220 4727 1323 4766 non
1369 4726 1485 4767 eam
1529 4710 1731 4766 faciunt
1764 4712 1852 4781 qui
1889 4712 2189 4767 moriuntur

610 4803 913 4862 haeredem;
940 4804 1060 4873 quia
1092 4803 1372 4873 cpiscopus
1399 4803 1724 4874 Augustinus
1744 4803 1811 4858 de
1834 4802 2071 4857 bonitate
2093 4817 2188 4859 sua

610 4884 900 4967 (laudando
937 4895 1080 4950 enim
1122 4895 1388 4962 mordent,
1418 4895 1572 4949 labiis
1608 4895 1859 4960 mulcent,
1889 4894 2100 4950 dentem
2130 4894 2191 4949 li-

613 4987 763 5058 gunt)
791 4987 953 5041 donat
983 4995 1174 5051 totum,
1199 5000 1302 5038 non
1331 4985 1572 5054 suscipit.
1600 4985 1760 5041 Plane
1782 4986 2034 5055 suscipio,
2064 5000 2188 5056 pro-

612 5082 768 5137 ﬁteor
795 5088 880 5135 me
906 5080 1176 5148 suscipere
1207 5076 1501 5133 oblationes
1530 5077 1715 5145 bonas,
1741 5077 2039 5134 oblationes
2063 5093 2192 5134 san-

610 5186 745 5229 ctas.
769 5171 825 5228 Si
848 5173 966 5242 quis
981 5180 1157 5226 autem
1181 5169 1426 5224 irascitur
1446 5169 1497 5223 in
1522 5168 1684 5223 filium
1706 5186 1860 5225 suum
1881 5178 1937 5225 et
1956 5171 2191 5226 moriens

612 5262 918 5318 exlimredat
957 5277 1099 5323 eum,
1136 5261 1180 5314 si
1212 5260 1434 5323 viveret,
1468 5273 1572 5313 non
1604 5274 1726 5314 eum
1758 5260 2059 5327 placarem?
2084 5275 2189 5317 non

615 5355 665 5408 ei
697 5353 859 5407 lilium
887 5367 1039 5406 suum
1073 5351 1419 5407 reconciliare
1449 5348 1738 5406 deberem?
1763 5349 2043 5419 Quomodo
2063 5368 2192 5423 ergo

617 5456 735 5499 cum
769 5442 875 5497 tilio
895 5455 993 5496 suo
1012 5441 1131 5495 volo
1157 5448 1215 5495 ut
1235 5440 1429 5496 habeat
1457 5455 1663 5511 pacem,
1686 5442 1837 5512 cujus
1865 5453 2059 5513 appeto
2083 5442 2193 5498 ha:-

620 5595 860 5703 “33:31.1.
899 5592 1269 5647 comatdavit.
1308 5601 1449 5647 Forte
1480 5594 1682 5659 melius,
1721 5595 1983 5648 refe-endo
2020 5597 2078 5648 ad
2116 5605 2191 5648 Ja-

742 5670 772 5701 31
845 5690 860 5703 τ

742 5670 860 5703 nun.

1848 245 1903 300 s.
1950 242 2304 321 Aucusrtxt
2346 243 2639 299 EPISCOPl

3724 264 3844 320 15ἳέ

2296 353 2609 408 reditatem?
2647 355 2750 410 Sed
2782 358 2955 427 plane,
2995 360 3043 415 si
3084 359 3236 417 faciat
3278 365 3417 435 quod
3454 381 3592 438 satpe
3623 369 3843 435 hortatus

2292 457 2445 505 sum;
2483 460 2647 501 unum
2695 448 2857 502 filium
2904 450 3082 518 habet,
3123 463 3267 523 putet
3303 456 3571 512 Christum
3599 462 3842 533 alterum;

2291 535 2426 589 duos
2470 535 2658 601 habet,
2706 548 2852 606 putet
2896 541 3163 596 Christum
3206 546 3449 612 tertium;
3475 548 3652 604 decem
3680 553 3840 620 habet,

2293 625 2557 679 Christum
2601 626 2936 683 undecimum
2981 630 3164 698 faciat,
3204 642 3257 687 et
3302 637 3552 705 suscipio.
3578 640 3703 706 Quia
3731 661 3848 714 ergo

2292 714 2391 771 feci
2440 718 2542 772 hoc
2586 718 2637 773 in
2679 721 2993 790 quibusdam
3024 724 3203 788 rebus,
3230 726 3339 797 jam
3368 730 3548 785 volunt
3578 733 3849 795 bonitatem

2293 824 2465 861 meam
2498 809 2581 863 vel
2609 812 3122 869 commendationem
3164 816 3314 870 fama:
3340 834 3470 875 mea:
3500 822 3549 874 in
3583 823 3714 878 aliud
3744 843 3853 882 vcr-

2295 904 2426 959 tere,
2455 908 2513 951 ut
2539 900 2647 954 alio
2678 902 2836 955 modo
2867 919 2952 958 me
2983 905 3394 973 reprehendant,
3424 912 3546 980 quia
3576 913 3853 973 oblationes

2293 987 2605 1044 devotorum
2669 990 2941 1046 hominum
2997 996 3117 1047 nolo
3175 999 3469 1067 suscipere.
3521 1001 3856 1063 Considerent

2291 1094 2447 1147 quam
2480 1082 2641 1134 multa
2672 1086 3017 1153 susceperim.
3037 1085 3171 1151 Quid
3203 1105 3335 1157 opus
3364 1101 3443 1146 est
3468 1108 3529 1147 ea
3558 1100 3856 1153 numerare?

2292 1168 2430 1224 Ecce
2469 1187 2629 1225 unum
2662 1172 2802 1240 dico,
2843 1173 2932 1227 filii
2964 1174 3157 1229 Juliaoi
3183 1178 3197 1206 ¹
3224 1178 3586 1235 hzereditatem
3631 1186 3853 1255 suscepi.

2290 1258 2497 1326 Quare?
2519 1260 2649 1328 Quia
2677 1263 2791 1317 sine
2820 1264 2938 1318 filiis
2963 1266 3239 1322 defunctus
3269 1281 3370 1323 est.

2360 1349 2584 1406 CAPUT
2612 1351 2698 1406 ιν.
2727 1382 2797 1392 -
2821 1354 2872 1408 5.
2901 1352 3154 1419 Bonifacii
3195 1359 3536 1415 [nereditatem
3570 1380 3721 1433 quare
3763 1383 3858 1421 non

2292 1441 2587 1510 susceperit.
2637 1442 2893 1498 Bonifacii
2953 1445 3316 1502 harrcdilatcm
3372 1452 3643 1521 suscipere
3676 1456 3857 1511 nolui:

2290 1544 2398 1583 non
2439 1530 2833 1599 misericordia,
2878 1534 2972 1587 scd
3016 1536 3225 1593 timore.
3280 1538 3666 1597 Naviculariatn
3718 1546 3860 1601 nolui

2289 1634 2409 1675 esse
2436 1620 2728 1678 Ecclesiam
2755 1623 2971 1679 Christi.
2995 1627 3143 1681 Multi
3181 1639 3305 1683 sunt
3332 1632 3570 1701 quidem,
3596 1636 3684 1704 qui
3709 1639 3862 1692 etiam

2288 1712 2355 1767 de
2381 1714 2600 1769 navibus
2624 1716 2919 1786 acquirunt.
2947 1717 3147 1775 Tamen
3184 1737 3285 1775 una
3316 1725 3538 1779 tentatio
3565 1737 3731 1794 esset,
3762 1729 3858 1784 iret

2288 1804 2458 1871 navis,
2489 1813 2540 1859 ct
2590 1805 2927 1876 nanfragaret
2953 1826 2967 1858 :
2997 1808 3238 1865 homines
3286 1813 3352 1866 ad
3385 1822 3653 1871 tormenta
3694 1817 3863 1875 daturi

2288 1908 2521 1961 eramus,
2549 1903 2603 1949 ut
2632 1894 2698 1949 de
2727 1897 3098 1954 submersione
3129 1901 3278 1955 navis
3313 1904 3605 1960 secundum
3642 1922 3866 1963 consue-

2288 1984 2522 2038 tudinem
2566 1997 2914 2055 quaereretur,
2961 2000 3016 2044 et
3064 1999 3437 2060 torquerentur
3477 2011 3509 2051 a
3554 1998 3739 2068 judice
3782 2002 3871 2070 qui

2291 2081 2472 2127 essent
2492 2072 2557 2128 de
2587 2074 2831 2129 ﬂuctibus
2860 2077 3108 2132 liberati?
3146 2078 3250 2135 Sed
3298 2098 3401 2135 non
3447 2100 3542 2139 eos
3595 2086 3867 2144 daremus.

2287 2161 2443 2219 Nullo
2473 2174 2625 2233 pacto
2649 2167 2789 2221 enim
2821 2166 2922 2224 hoc
2942 2167 3116 2225 facere
3144 2171 3361 2228 deceret
3381 2175 3873 2246 Ecclesiam.,0nus

2288 2268 2415 2324 ergo
2444 2253 2623 2313 fiscale
2660 2259 3021 2327 persolveret?
3048 2261 3153 2316 Sed
3198 2263 3341 2318 unde
3369 2268 3741 2334 persolveret?
3770 2273 3874 2327 En-

2288 2344 2496 2400 thecam
2549 2346 2628 2418 (α)
2674 2349 2826 2404 nobis
2872 2350 3067 2407 habere
3109 2369 3213 2409 non
3248 2355 3390 2411 licet.
3436 2357 3553 2413 Non
3600 2371 3686 2416 est
3733 2366 3875 2421 enim

2289 2437 2523 2507 episcopi
2551 2454 2765 2495 servare
2800 2456 3007 2508 aurum,
3037 2452 3088 2498 et
3115 2461 3363 2502 revocare
3385 2463 3413 2501 a
3440 2465 3499 2503 se
3524 2453 3880 2513 mendicantis

2288 2542 2522 2582 manum.
2544 2529 2789 2599 Quotidie
2812 2543 2914 2587 tam
2941 2535 3090 2589 multi
3111 2547 3311 2605 petunt,
3328 2548 3439 2608 tam_
3454 2543 3607 2597 multi
3632 2555 3879 2616 gemunt,

2291 2626 2396 2671 tam
2424 2619 2572 2674 multi
2608 2634 2705 2676 nos
2756 2622 2943 2692 inopes
2974 2625 3347 2697 interpellant;
3401 2641 3456 2685 ut
3494 2634 3679 2702 plures
3702 2640 3880 2697 tristes

2289 2710 2669 2781 relinquamus,
2693 2714 2812 2783 quia
2839 2714 2981 2784 quod
3018 2718 3283 2787 possimus
3308 2720 3436 2778 dare
3455 2724 3732 2791 omnibus,
3774 2745 3880 2786 non

2291 2800 2569 2893 habemus.
2638 2802 2753 2858 Non
2804 2804 3059 2861 habemus
3122 2824 3248 2880 ergo
3300 2812 3601 2872 enthecam.
3655 2820 3888 2893 Propter

2292 2892 2620 2963 naufragium
2675 2910 2821 2966 ergo,
2877 2896 2979 2953 hoc
3028 2900 3248 2954 vitando
3291 2902 3411 2971 feci,
3457 2923 3561 2960 non
3596 2909 3877 2967 donando.

2289 2978 2456 3036 Nemo
2482 2982 2552 3037 ibi
2575 2999 2659 3039 me
2691 2984 2887 3051 laudet,
2912 2987 3006 3043 sed
3039 3004 3193 3044 nemo
3220 2994 3375 3047 etiam
3401 2998 3693 3067 vituperet.
3721 3002 3890 3061 Plane

2289 3070 2501 3139 quando
2526 3072 2717 3127 donavi
2747 3074 2871 3139 lilio,
2901 3077 3040 3146 quod
3068 3079 3231 3134 iratus
3252 3091 3400 3151 pater
3428 3087 3669 3142 moriens
3697 3091 3887 3146 ahstu-

2292 3161 2369 3224 lit,
2394 3161 2530 3217 bene
2556 3163 2674 3218 feci.
2706 3166 2943 3222 Laudent
2967 3171 3055 3239 qui
3079 3172 3279 3238 volunt,
3304 3187 3521 3243 parcant
3541 3182 3635 3248 qui
3665 3182 3893 3241 laudare

2292 3254 2497 3307 nolunt.
2529 3255 2664 3323 Quid
2718 3257 2886 3325 plura,
2948 3258 3138 3315 fratres
3185 3264 3328 3317 mei?
3375 3266 3721 3341 Quicumque
3776 3276 3892 3329 vult

2294 3345 2631 3402 exlucrcdato
2663 3349 2771 3403 filio
2800 3350 3064 3407 hteredcm
3097 3354 3269 3409 facere
3297 3356 3623 3427 Ecclesiam,
3682 3377 3896 3434 quairat

2296 3436 2519 3490 alterum
2550 3439 2639 3507 qui
2691 3440 2965 3509 suscipiat,
3013 3458 3117 3499 non
3159 3444 3508 3515 Augustinum
3549 3466 3565 3504 :
3611 3453 3728 3509 imo
3783 3455 3895 3511 Deo

2296 3526 2524 3595 propitio
2568 3529 2834 3583 neminem
2882 3532 3131 3587 inveniat.
3163 3533 3327 3601 Quam
3369 3536 3641 3595 laudabile
3692 3545 3895 3599 factum

2293 3618 2461 3670 sancti
2489 3626 2543 3671 et
2574 3620 2862 3674 venerandi
2902 3622 3137 3692 epiSt-Opi
3181 3626 3376 3679 Aurelii
3415 3630 3897 3703 Carthaginensis,

2293 3708 2562 3772 quomodo
2608 3708 2841 3777 implevit
2868 3713 3117 3768 omnibus
3147 3717 3234 3784 qui
3286 3718 3477 3787 sciunt,
3528 3736 3594 3776 os
3641 3724 3900 3783 laudibus

2292 3795 2421 3850 Dei?
2452 3796 2675 3861 Quidam
2700 3812 2818 3853 cum
2844 3801 2981 3855 illius
3004 3819 3107 3857 non
3132 3804 3369 3874 haberet,
3413 3825 3591 3880 neque
3618 3826 3899 3883 speraret,

2293 3900 2380 3940 res
2406 3900 2532 3940 suas
2557 3901 2744 3941 omnes
2767 3898 2976 3945 retento
3005 3893 3104 3947 sibi
3127 3895 3400 3952 usufructu
3431 3899 3663 3958 donavit
3694 3906 3897 3963 Eccle-

2293 3976 2406 4028 sim.
2430 3975 2555 4067 iNati
2578 3986 2701 4067 sunt
2731 3978 2804 4033 illi
2836 3978 2951 4046 lilii,
2983 3990 3037 4036 et
3062 3984 3291 4039 reddidit
3327 3990 3619 4060 episcopus
3651 4012 3761 4052 nec
3783 4000 3906 4067 opi-

2293 4066 2439 4119 nanti
2470 4080 2587 4135 qua:
2618 4066 2705 4158 illc
2733 4067 3043 4125 donaverat.
3066 4071 3120 4126 ln
3143 4083 3403 4143 potestate
3424 4077 3671 4139 habebat
3695 4066 3908 4158 episco-

2293 4171 2392 4227 pns
2422 4172 2525 4211 non
2553 4157 2812 4226 reddere;
2845 4161 2937 4216 sed
2963 4163 3083 4231 jure
3109 4164 3228 4232 fori,
3262 4184 3365 4223 non
3392 4171 3511 4239 jure
3538 4176 3658 4243 poli
3694 4180 3743 4235 ⁸.

2363 4246 2417 4302 6.
2443 4247 2655 4340 Clericis
2680 4252 2786 4304 suis
2830 4255 3076 4322 prmcipit,
3120 4265 3173 4309 ut
3199 4258 3245 4311 si
3268 4260 3353 4324 qui
3380 4261 3562 4317 habent
3591 4272 3907 4340 proprium,

2292 4337 2391 4392 cito
2415 4339 2688 4391 dimittant.
2723 4341 3047 4411 C(ericatum,
3072 4347 3116 4400 si
3143 4349 3225 4402 cui
3260 4366 3291 4403 α
3332 4368 3426 4406 sua
3452 4337 3714 4415 societate
3738 4337 3915 4419 disce;

2293 4429 2410 4482 dere
2435 4430 2698 4499 placuerit,
2730 4435 2960 4502 prapom't
2984 4452 3083 4489 non
3109 4441 3325 4508 auferre.
3356 4442 3627 4501 Simulare
3658 4453 3918 4521 proposi-

2294 4527 2401 4610 tum
2454 4522 2733 4576 sanctitatis
2782 4524 2928 4594 pejus
2971 4535 3064 4590 est,
3112 4544 3264 4597 quam
3308 4532 3487 4587 cadere
3523 4549 3558 4587 α
3595 4542 3917 4610 proposita.

2296 4608 2577 4665 Clericatus
2617 4614 2779 4684 magis
2806 4630 2934 4668 onus
2982 4632 3132 4686 quam
3178 4619 3356 4674 honor.
3397 4622 3534 4678 Sane
3588 4608 3778 4686 etiam
3810 4633 3922 4690 hoc

2296 4703 2505 4757 noverit
2523 4702 2768 4758 Charitas
2798 4715 2971 4761 vestra
2994 4707 3193 4765 dixisse
3221 4725 3306 4766 me
3326 4711 3583 4772 fratribus
3608 4722 3790 4791 meis,
3822 4725 3924 4798 qui

2296 4806 2504 4853 mecum
2525 4803 2762 4857 manent.
2790 4804 2847 4851 ut
2871 4798 3189 4869 quicumque
3208 4802 3366 4857 habet
3388 4805 3619 4876 aliquid,
3650 4822 3758 4868 aut
3781 4829 3927 4871 ven-

2297 4882 2391 4937 dat
2417 4891 2473 4938 et
2514 4895 2715 4955 eroget.
2743 4897 2835 4941 aut
2884 4886 3049 4943 donet
3095 4898 3152 4945 et
3191 4905 3475 4949 commune
3515 4895 3668 4954 illud
3727 4902 3927 4962 faciat.

2307 4974 2602 5029 Eeclesiam
2633 4976 2813 5042 habet,
2846 4994 2939 5048 per
2965 4996 3123 5050 quam
3150 4996 3246 5037 nos
3273 4983 3411 5040 Deus
3436 4990 3639 5055 pascit.
3679 4991 3761 5050 Et
3790 4995 3932 5055 dedi

2303 5062 2613 5156 dilationem
2645 5082 2810 5136 usque
2837 5069 2903 5123 ad
2930 5070 3296 5140 Epiphaniam,
3323 5084 3541 5146 propter
3562 5093 3676 5137 eos
3699 5087 3809 5156 qui
3839 5087 3937 5147 vel

2300 5167 2421 5250 cum
2450 5155 2700 5211 fratribus
2721 5158 2833 5212 suis
2853 5175 2956 5213 non
2978 5160 3292 5232 diviserunt,
3322 5174 3379 5221 et
3400 5155 3749 5231 dimiserunt
3776 5183 3939 5250 quod

2302 5244 2498 5300 habent
2523 5248 2663 5317 apud
2690 5249 2878 5305 fratres
2904 5266 3049 5321 suos,
3081 5255 3162 5310 vel
3191 5259 3424 5313 nondum
3455 5261 3522 5316 de
3564 5280 3634 5320 re
3680 5244 3939 5330 sua'ali-

2300 5336 2426 5405 quid
2440 5346 2681 5407 egerunt,
2695 5340 2815 5408 quia
2830 5345 3239 5411 exspectabatur
3253 5357 3382 5405 tetas
3398 5350 3647 5422 legitima
3659 5398 3671 5409 .
3692 5358 3949 5420 Faciant

2305 5425 2426 5481 inde
2452 5427 2593 5496 quod
2623 5428 2805 5484 volunt
2832 5448 2847 5484 :
2874 5432 2999 5487 dum
3026 5443 3202 5492 tamen
3225 5438 3331 5494 sint
3359 5455 3634 5511 pauperes
3666 5465 3944 5525 mecum,

2363 5542 2381 5568 ι
2402 5536 2495 5597 AL,
2523 5536 2738 5589 Jimimii.

2364 5599 2452 5665 {tu
2471 5607 2594 5665 uss,
2618 5612 2710 5649 non
2716 5600 2832 5665 jure
2848 5604 2971 5655 ra'li.

2368 5659 2442 5719 la)
2474 5662 2680 5711 Fumea
2712 5659 2785 5713 est
2807 5679 2934 5728 eane
2956 5668 3306 5729 reposttOtium.
