1998 3096
154 174 230 202 ηπ

150 231 236 258 simul
250 233 436 265 exspectantes
451 228 660 257 misericordiam
684 229 742 257 Dei.
759 230 788 257 Si
800 235 888 257 autem
900 238 947 257 no-

150 277 223 310 lunt,
237 276 282 311 qui
297 276 364 303 forte
378 275 469 302 nolunt
481 284 487 301 2
498 279 570 302 certe
583 277 591 291 ¹
605 282 655 310 ego
661 282 719 302 sum
732 276 777 310 qui
790 280 947 309 statueram,

150 323 225 350 sicut
245 321 346 354 nostis,
360 320 464 348 nullum
480 320 604 348 ordinare
615 321 754 353 clericum,
767 320 816 348 nisi
829 320 873 355 qui
889 328 947 347 me~

150 375 215 395 cuin
225 366 308 394 vellet
320 373 444 398 manere;
455 370 484 393 ut
496 366 518 392 si
531 366 611 393 vellet
622 365 761 394 discedere
773 373 788 392 a
802 366 948 401 proposito,

153 416 230 440 recte
246 412 284 440 illi
307 412 430 439 tollerem
443 412 607 444 clericatum,
622 412 683 446 quia
695 412 830 440 desereret
851 417 951 440 sanctae

151 457 291 485 societatis
318 457 480 492 promissum
503 461 673 492 captumque
691 457 865 485 consortium.
880 457 950 485 Ecce

151 504 181 530 in
195 507 342 537 conspectu
355 502 402 530 Dei
413 507 440 529 et
455 507 553 534 vestro,
569 506 642 531 muto
653 503 795 530 consilium
813 512 830 531 ε·
841 504 886 538 qui
901 510 949 529 vo-

151 549 211 576 lunt
239 549 336 576 habere
361 548 459 583 aliquid
483 549 629 584 proprium,
656 548 752 583 quibus
776 556 828 575 non
851 548 950 576 sufﬁcit

153 596 228 623 Deus
242 600 268 622 et
285 595 405 622 Ecclesia
421 595 490 628 ejus,
518 598 643 622 maneant
663 595 707 622 ubi
725 595 827 628 volunt,
850 599 878 622 et
903 594 949 622 ubi

152 644 276 674 possunt,
294 646 345 666 non
361 640 400 666 eis
414 639 505 666 aufero
519 640 684 668 clericatum.
697 639 765 667 Nolo
787 639 885 667 habere
899 639 949 675 hy-

152 685 279 719 pocritas.
295 684 390 711 Malum
410 685 481 711 enim
502 689 553 715 est,
572 685 632 720 quis
653 684 776 712 nesciat?
795 685 892 712 malum
908 689 949 713 est

151 729 250 756 mdere
263 737 276 754 a
293 730 445 764 proposito;
462 729 507 756 sed
523 728 598 763 pejus
622 734 664 757 est
678 730 804 757 simulare
824 731 946 766 proposi-

154 779 222 800 tum.
241 775 308 800 Ecce
330 774 401 806 dico,
429 774 517 801 audite
535 783 541 799 :
556 774 601 809 qui
625 775 781 802 societatem
796 776 946 803 communis

151 821 215 846 vlta:
228 820 279 854 iam
294 824 456 854 susceptam,
470 827 529 854 qua:
540 819 664 847 laudatur
674 820 699 847 in
712 820 822 848 Actibus
832 821 948 855 Aposto-

152 866 260 898 lorum,
284 866 401 898 deserit,
426 871 578 893 avotosno
591 866 671 898 cadit,
698 871 726 894 et
751 874 765 893 a
783 867 947 902 professione

152 914 246 936 saneta
259 910 339 936 cadit.
354 910 483 937 Observet
494 911 622 944 jmlieem,
648 911 696 939 sed
711 911 805 945 Deum,
826 920 877 939 non
892 920 945 940 me.

152 954 211 990 Ego
228 955 251 981 ei
266 963 318 981 non
333 954 427 982 aufero
449 956 615 982 clericatum.
639 955 773 990 Quantum
787 958 822 983 sit
840 957 946 992 pericu-

151 1000 219 1033 lum,
234 1005 296 1027 ante
311 1001 403 1027 oculos
419 1001 476 1035 ejus
490 1001 565 1035 posui
578 1010 585 1028 :
596 1001 674 1029 faciat
693 1002 765 1037 qttod
788 1003 854 1030 vult.
878 1003 945 1031 Novi

150 1047 224 1073 enim
240 1047 300 1081 quia
313 1047 334 1072 si
349 1047 463 1081 aliquem
480 1046 528 1074 hoc
540 1047 678 1074 facientem
692 1047 837 1083 dcgradare
852 1049 945 1077 volne-

153 1100 192 1123 ro,
207 1100 259 1119 non
273 1093 297 1118 ci
312 1092 426 1119 deerunt
439 1093 555 1127 patroni,
571 1100 625 1120 non
650 1093 674 1120 ei
687 1093 799 1121 deerunt
815 1095 956 1130 sull'raga-'

152 1143 236 1170 toros,
253 1143 281 1165 et
295 1137 337 1165 hic
353 1143 379 1164 et
392 1138 460 1172 apud
475 1138 614 1172 episcopos
629 1139 673 1174 qui
688 1138 788 1171 dicant,
803 1139 871 1173 Quid
883 1140 943 1167 ntali

152 1184 233 1212 fecit?
257 1184 313 1211 Non
330 1189 418 1218 potest
434 1189 519 1211 tecum
535 1185 648 1212 tolerare
659 1185 736 1212 istaut
750 1185 830 1212 vitam
846 1195 853 1212 ε
868 1191 943 1213 extra

149 1231 314 1266 episcopium
329 1231 384 1257 vult
398 1239 516 1262 manere,
533 1235 560 1257 et
573 1230 606 1258 de
616 1231 723 1266 proprio
735 1231 834 1264 vivere,
849 1231 944 1259 ideune

150 1275 232 1303 debet
245 1276 355 1311 perdere
368 1276 521 1303 clericatum
532 1277 543 1302 ?
555 1277 609 1311 Ego
620 1276 675 1303 scio
690 1281 817 1311 quantum
833 1277 894 1304 mali
910 1277 945 1305 sit

150 1321 270 1356 profiteri
282 1326 401 1349 sanctum
415 1322 523 1356 aliquid,
537 1322 716 1356 nccimplere.
737 1321 834 1355 Vovele,
848 1322 942 1357 inquit,
954 1324 956 1327 '

148 1373 172 1393 et
185 1367 282 1394 reddite
293 1367 401 1394 Domino
419 1367 470 1394 Dco
486 1373 565 1394 vestro
576 1367 662 1404 (Psal.
675 1376 753 1401 μιν,
769 1368 812 1403 12)
824 1377 829 1394 :
839 1372 876 1402 et,
892 1368 945 1396 Me-

150 1413 200 1440 lius
213 1419 248 1440 est
265 1422 314 1439 non
328 1421 423 1446 vovere,
437 1422 511 1447 quam
527 1422 611 1441 vovere
623 1418 646 1440 et
664 1422 714 1442 non
728 1414 831 1442 reddere
845 1414 942 1450 (Ecclc.

149 1467 175 1491 v,
191 1459 230 1494 4).
248 1459 329 1495 Virgo
343 1459 391 1486 etsi
407 1468 541 1493 nunquam
556 1459 607 1488 fuit
618 1460 645 1488 in
661 1461 834 1494 monasterio,
849 1465 876 1487 et
889 1461 943 1488 vir-

148 1513 182 1539 go
195 1510 272 1532 saera
295 1510 346 1534 est.
360 1505 398 1532 illi
414 1506 514 1534 nubere
540 1515 591 1534 non
618 1507 690 1539 licet,
711 1507 831 1542 quamvis
843 1507 943 1535 essein

149 1551 312 1578 monasterio
325 1559 377 1580 non
391 1554 558 1588 compellitur
569 1554 590 1578 ².
603 1552 630 1580 Si
646 1558 735 1580 autem
747 1553 828 1587 coepit
839 1560 900 1579 esse
915 1553 942 1579 in

149 1599 323 1631 monasterio,
338 1604 365 1626 et
377 1599 504 1631 deseruit,
520 1604 545 1625 et
563 1602 650 1625 tamen
670 1598 743 1633 virgo
757 1602 816 1631 est;
833 1597 941 1624 dimidia

149 1646 212 1672 ruit.
230 1645 274 1672 Sic
285 1650 311 1672 et
325 1645 438 1671 clericus
452 1645 517 1671 duas
530 1652 573 1671 res
589 1644 723 1679 professus
737 1649 788 1675 est,
804 1648 830 1670 et
843 1644 942 1670 sancti-

150 1695 241 1722 tatem,
262 1695 287 1717 ct
311 1690 463 1717 clericatum
484 1699 489 1715 :
507 1689 617 1716 interius
632 1688 642 1704 ³
670 1689 855 1721 sanctitatem;
879 1696 941 1715 nam

150 1736 304 1763 clericatum
319 1740 427 1770 proyter
438 1736 561 1770 populum
574 1742 651 1761 suum
664 1734 734 1761 Deus
750 1734 874 1768 imposuit
884 1741 943 1769 cer-

150 1783 254 1809 vicibus
269 1783 362 1816 ipsius,
388 1782 429 1808 cui
442 1782 523 1815 magis
538 1788 605 1807 onus
619 1784 660 1807 est
678 1787 756 1814 quam
771 1779 856 1805 honor
871 1787 877 1805 ε
894 1778 941 1806 scd

148 1829 208 1863 quis
231 1829 330 1863 sapiens
354 1832 375 1854 el
401 1828 522 1862 intelliget
542 1827 595 1853 licet:
618 1825 701 1860 (Psal.
718 1833 771 1858 cvt,
792 1824 857 1859 43)?
873 1825 941 1859 Ergo

149 1874 291 1909 professus
305 1874 516 1901 estsanctitutcm
527 1892 534 1905 ,
555 1872 689 1906 professus
708 1875 750 1898 est
764 1869 941 1897 communiter

148 1919 257 1946 vivendi
270 1920 437 1949 societatem;
450 1919 584 1953 professus
592 1922 632 1944 est
642 1925 717 1953 quam
727 1916 820 1943 bonum
830 1921 852 1942 et
866 1924 941 1951 quam.

146 1966 299 2000 jucundum,
314 1965 426 1991 habitare
438 1967 529 2000 fratres
540 1965 565 1991 in
578 1971 656 1990 unum
671 1962 756 2000 (Psal.
773 1970 876 1993 cxxxtl,
892 1961 917 1996 l)
932 1970 939 1988 :

150 2013 171 2037 si
186 2011 219 2038 ab
235 2011 285 2038 hoc
299 2011 435 2046 proposito
456 2010 592 2042 ceciderit,
609 2014 635 2037 ct
649 2014 722 2037 extra
734 2016 844 2036 manens
864 2008 941 2036 cleri-

150 2065 197 2084 cus
209 2056 286 2083 fuerit
296 2065 302 2088 ;
312 2056 437 2083 dimidius
447 2061 473 2084 et
483 2057 538 2090 ipse
553 2055 657 2083 cecidit.
670 2055 738 2089 Quid
752 2055 784 2082 ad
797 2055 858 2082 me?
881 2054 940 2083 Non

150 2110 210 2129 eum
222 2102 324 2136 judico.
341 2102 368 2129 Si
381 2101 446 2129 foris
456 2107 546 2129 servat
559 2101 738 2133 sanctitatem,
757 2100 883 2128 dimidius
896 2108 941 2128 ce-
966 2120 974 2125 .

149 2147 215 2174 cidit
231 2156 237 2174 :
251 2148 271 2174 si
289 2155 351 2174 vero
364 2148 434 2174 intus
446 2147 567 2174 habuerit
586 2146 793 2179 simulationem,
810 2150 880 2176 totus
894 2153 939 2173 ce-

149 2192 222 2219 cidit.
254 2192 321 2219 Nolo
352 2192 449 2219 habeat
479 2192 664 2219 necessitatem
695 2191 847 2219 simulandi.
878 2191 940 2219 Scio

148 2238 283 2273 quomodo
309 2239 432 2265 homines
451 2243 541 2265 ament
565 2238 717 2265 clericatum
732 2246 740 2264 :
755 2237 853 2265 nemini
878 2244 938 2265 eum

148 2283 211 2310 tollo
219 2284 320 2311 nolenti
334 2291 438 2311 mecum
450 2283 628 2311 communiter
638 2283 737 2310 vivere.
749 2283 833 2310 liabet
845 2282 937 2317 Deum,

145 2331 190 2365 qui
205 2337 312 2357 mecum
334 2338 443 2358 manere
460 2330 525 2357 vult.
546 2329 573 2357 Si
594 2329 701 2364 paratos
717 2333 759 2357 est
770 2329 841 2364 pasci
855 2337 870 2356 a
885 2329 939 2358 Deo

145 2383 195 2409 per
206 2374 354 2402 Ecclesium
375 2375 468 2409 ipsius,
488 2382 541 2402 non
557 2374 656 2403 habere
671 2373 771 2408 aliquid
787 2374 938 2409 proprium,

144 2420 193 2447 sed
206 2425 253 2447 aut
266 2428 377 2455 erogare
393 2421 563 2456 pauperibus,
579 2425 625 2448 aut
645 2420 672 2447 in
691 2426 834 2448 commune
847 2421 937 2449 mitte-

145 2475 186 2500 re,
202 2471 311 2494 maneat
324 2475 438 2494 mecum.
460 2467 510 2500 Qui
526 2468 576 2494 hoc
588 2473 642 2494 non
656 2465 723 2500 vult,
740 2466 834 2494 habeat
854 2466 937 2495 liber-

143 2518 227 2540 tatem
245 2522 252 2539 :
276 2513 324 2541 sed
349 2512 439 2541 videat
460 2517 551 2541 utrum
573 2511 673 2541 habere
695 2512 779 2548 possit
804 2511 938 2541 felicitatis

140 2559 332 2586 atteruitatem.

183 2604 212 2631 'l.
224 2603 362 2632 Pollicelur
372 2612 511 2632 sermonem
521 2604 719 2639 subsequentem.
732 2602 873 2631 Sufficiunt.
880 2603 939 2631 hmc

141 2657 217 2677 nunc
239 2650 343 2677 interim
356 2649 484 2678 Charitati
497 2653 602 2678 vestrm.
614 2649 691 2684 Quod
710 2656 791 2684 egero
805 2656 865 2676 cum
886 2648 940 2676 fra-

141 2696 231 2723 tribus
254 2696 332 2729 meis,
355 2695 519 2724 annuntiabo
545 2695 630 2723 vobis.
660 2695 746 2729 Spero
765 2694 836 2722 enim
857 2694 936 2722 bona.

140 2741 247 2769 Omnes
261 2741 326 2769 mihi
340 2742 454 2770 libenter
467 2741 597 2769 obediunt
613 2749 620 2768 :
634 2747 684 2768 nec
704 2740 857 2768 inventurus
878 2746 938 2766 sum

358 2801 398 2828 3.,
419 2803 484 2832 679?.
517 2800 546 2821 bl.
624 2826 664 2832 ___
684 2826 689 2831 _
801 2829 806 2832 _
838 2826 843 2832 Ι

174 2828 186 2843 ι
202 2831 269 2860 uss,
285 2828 357 2860 Virgo
378 2826 427 2858 est,
445 2826 471 2853 3i
489 2826 664 2860 nunquam/itit
680 2826 705 2852 in
717 2826 872 2856 monasterio,
892 2832 938 2852 non

138 2858 304 2891 (appellitur.
315 2858 340 2883 si
348 2862 430 2891 autem
442 2858 513 2891 cepit
524 2865 583 2889 esse,
598 2863 645 2883 etc.

175 2889 186 2904 ³
202 2892 267 2919 διεδ..
280 2889 386 2915 interim.

850 173 963 201 SEllMU
982 172 1112 201 CCCLVI.

1730 184 1798 213 1576

1007 230 1109 265 aliquos
1122 231 1220 260 habere
1232 233 1340 268 aliquid,
1355 235 1405 262 nisi
1418 235 1504 272 aliqua
1519 239 1677 267 necessitate
1689 240 1797 276 religio.

1006 277 1056 308 nis,
1071 286 1124 305 non
1140 279 1279 307 occasione
1291 281 1452 315 cupiditatis.
1475 282 1550 317 Quod
1564 291 1626 319 ergo
1644 292 1724 320 egero
1737 290 1798 320 post

1005 323 1192 360 Epiphaniam,
1220 326 1350 355 Chai-itali
1369 333 1466 356 vestra!
1488 330 1514 357 in
1539 331 1643 358 Domini
1664 332 1798 360 voluntate

1004 371 1149 404 nuntiabo;
1161 378 1187 400 et
1198 374 1332 407 quomodo
1346 374 1419 402 litem
1432 374 1526 403 ﬁniero
1536 376 1606 404 inter
1615 378 1682 405 duos
1690 378 1796 411 fratres,

1004 415 1075 443 filios
1089 416 1239 452 presbyteri
1260 416 1390 451 Januarii.
1416 416 1470 447 non
1489 421 1566 449 vobis
1590 423 1693 450 tacebo.
1718 423 1796 451 Multa

1004 461 1106 489 locutus
1115 469 1182 495 sum,
1195 463 1256 491 date
1266 465 1372 492 veniant
1382 466 1484 501 loquaci
1493 470 1632 502 senectuti,
1641 470 1687 497 sed
1697 471 1797 499 timida:

1005 506 1163 535 infirmitati.
1174 507 1239 542 Ego,
1250 510 1319 536 sicut
1331 510 1437 544 videtis,
1445 520 1494 547 per
1505 518 1609 543 atatem
1620 515 1697 541 modo
1707 516 1794 546 senui.

1003 552 1050 578 sed
1065 559 1112 586 per
1131 553 1312 581 inrmitatem
1337 557 1457 590 corporis
1482 558 1546 585 olim
1560 566 1618 586 sum
1634 567 1726 588 senex.
1741 561 1794 588 Ta.

1003 605 1064 625 men
1087 598 1109 625 si
1134 598 1191 626 Deo
1215 599 1311 634 placet,
1328 602 1397 636 quod
1415 602 1468 630 dixi
1480 603 1569 637 modo,
1585 605 1640 639 ipse
1654 606 1699 633 det
1713 607 1799 637 vires.‘

1002 652 1055 672 non
1066 652 1114 672 vos
1124 645 1231 673 desero.
1243 646 1324 674 Orate
1338 655 1386 682 pro
1400 656 1454 682 me,
1466 653 1496 677 ut
1510 655 1637 685 quantum
1653 652 1721 679 inest
1735 654 1794 680 ani-

1000 697 1044 717 ma
1058 690 1083 717 in
1095 689 1147 717 hoc
1160 698 1282 726 corpore,
1298 698 1325 719 et
1339 694 1546 730 qualescumque
1559 696 1629 724 vires
1638 702 1793 732 suppetunt,

1001 735 1027 763 in
1038 736 1120 763 verbo
1134 736 1180 764 Dei
1193 737 1307 764 serviam
1322 738 1408 766 vobis.

1230 816 1345 845 SERMO
1362 817 1483 846 ccam
1499 820 1508 830 ·
1521 819 1568 855 (α).

1069 886 1108 914 De
1124 886 1181 914 Vita
1194 892 1219 914 ct
1231 886 1345 915 Moribus
1355 888 1502 916 clericorum
1513 897 1626 923 suorum,
1641 898 1658 917 n
1673 890 1719 926 (ιν).

1035 957 1060 983 Ι.
1078 956 1174 984 Forma
1187 957 1286 985 vivendi
1299 958 1479 985 cauobitarum
1491 960 1518 986 in
1537 959 1640 988 Artibus
1654 961 1788 996 Apostolo-

997 1010 1052 1029 rum
1067 1002 1203 1037 descripta.
1217 1002 1348 1030 Charitati
1362 1008 1459 1032 vestra:
1478 1004 1557 1032 hodie
1578 1005 1611 1032 de
1634 1006 1709 1033 nobis
1726 1007 1796 1041 ipsis

997 1054 1086 1074 sermo
1106 1048 1259 1076 reddendus
1280 1052 1332 1076 est.
1359 1049 1436 1083 Quod
1467 1050 1538 1077 enim
1570 1051 1607 1078 ait
1629 1052 1790 1086 Apostolus,

996 1093 1167 1127 spectaculum
1180 1094 1241 1128 facti
1252 1102 1340 1121 sumus
1355 1095 1448 1122 mutulo
1461 1100 1484 1122 et
1506 1095 1609 1131 Angelis
1629 1101 1654 1124 et
1674 1097 1784 1124 homini-

997 1140 1042 1167 bus
1055 1139 1075 1176 (Ι
1090 1140 1150 1168 Car.
1166 1148 1206 1174 1v,
1221 1140 1261 1175 9).
1272 1140 1322 1174 Qui
1337 1149 1386 1168 nos
1400 1145 1500 1174 amant,
1514 1147 1635 1176 qumrunt
1650 1143 1719 1178 quod
1734 1144 1795 1170 Ian?

996 1183 1060 1211 dent
1086 1185 1112 1211 in
1137 1185 1233 1212 nobis:
1249 1185 1294 1219 qui
1322 1189 1411 1212 autem
1427 1193 1476 1212 nos
1498 1186 1622 1219 oderunt,
1646 1187 1790 1215 detralmnt

995 1229 1083 1257 nobis.
1097 1229 1150 1257 Nos
1163 1234 1251 1257 autem
1268 1230 1292 1256 in
1313 1235 1427 1265 utroque
1440 1230 1527 1258 medio
1549 1232 1696 1265 constituti,
1711 1232 1788 1267 adju-

995 1280 1075 1302 vante
1086 1275 1198 1303 Domlno
1214 1275 1271 1303 Deo
1284 1279 1386 1307 nostro,
1398 1280 1425 1303 et
1433 1276 1511 1303 vitam
1524 1280 1549 1304 et
1564 1276 1660 1304 famam
1671 1283 1788 1305 nostram

997 1319 1034 1348 sic
1054 1321 1189 1349 custodire
1203 1321 1342 1355 debemus,
1368 1326 1396 1349 ut
1411 1329 1463 1348 non
1483 1322 1639 1350 erubescant
1653 1322 1687 1349 de
1700 1322 1789 1350 detra-

995 1367 1113 1394 ctoribus
1127 1367 1289 1395 laudatores.
1306 1367 1447 1401 Quomodo
1461 1372 1549 1395 autem
1561 1368 1650 1396 vivere
1664 1369 1787 1402 velimus,

995 1411 1129 1446 quomodo
1150 1412 1205 1439 Deo
1229 1413 1344 1447 propitio
1365 1412 1420 1448 jam
1446 1413 1578 1446 vivamus,
1605 1414 1726 1448 quamvis
1750 1415 1784 1442 de

996 1457 1135 1492 Scriptura
1158 1463 1249 1486 sancta
1274 1459 1349 1485 multi
1367 1458 1506 1491 noveritis,
1521 1464 1609 1486 tamen
1620 1460 1652 1487 ad
1668 1467 1786 1489 commc-
1805 1471 1810 1475 ε

996 1502 1140 1529 morandos
1156 1510 1214 1535 vos,
1236 1504 1293 1538 ipsa
1317 1503 1350 1531 de
1377 1504 1444 1531 libro
1462 1505 1577 1532 Actuum
1599 1506 1786 1540 Apostolorum

994 1549 1071 1576 vcbis
1083 1549 1161 1576 lectio
1176 1550 1341 1582 recitabitur,
1367 1549 1577 1577 utvideatisubi
1603 1551 1734 1586 descripta
1753 1553 1789 1579 sit

995 1593 1078 1621 forma
1093 1602 1172 1628 quam
1186 1594 1369 1622 desideramus
1388 1595 1510 1628 implere.
1530 1596 1597 1623 Dum
1612 1604 1675 1631 ergo
1690 1598 1793 1624 recita—‘

995 1643 1046 1672 tur,
1059 1647 1108 1666 vos
1122 1639 1315 1667 intentissimos
1326 1641 1397 1673 volo,
1408 1645 1436 1667 ut
1451 1646 1513 1675 post
1522 1641 1579 1675 ejus
1591 1641 1791 1674 rccitationem,‘

994 1684 1064 1719 quod
1080 1685 1181 1711 institui
1197 1685 1298 1719 loquar,
1312 1686 1366 1712 Deo
1387 1685 1513 1718 donante,
1527 1686 1665 1712 intentioni
1678 1692 1785 1714 vestrae.

995 1731 1042 1766 κει
1054 1730 1168 1757 Lazarus
1183 1730 1309 1757 diaconus
1322 1730 1383 1765 legit
1397 1739 1403 1757 :
1417 1730 1427 1765 )
1441 1739 1449 1755 ι
1467 1730 1532 1757 Cum
1547 1736 1678 1764 orassent,
1693 1737 1782 1759 motus

995 1780 1035 1803 est
1060 1776 1134 1802 locus
1151 1775 1175 1801 in
1199 1783 1251 1810 quo
1269 1779 1346 1802 erant
1368 1776 1531 1810 congregati,
1555 1781 1581 1803 et
1609 1777 1707 1811 impleti
1723 1781 1786 1805 sunt

995 1828 1088 1848 omnes
1111 1820 1211 1856 Spiritu
1236 1824 1339 1852 sancto,
1363 1826 1390 1848 et
1411 1821 1589 1856 loquebantur
1611 1823 1720 1850 verbum
1738 1823 1787 1851 Dci

996 1875 1056 1894 cum
1072 1867 1165 1894 fiducia
1185 1868 1256 1894 onmi
1276 1867 1372 1894 volenti
1386 1868 1405 1894 ¹.
1420 1868 1593 1896 Multitudinis
1615 1874 1704 1897 autem
1721 1876 1785 1898 'cre-

995 1912 1114 1939 dentium
1128 1917 1186 1940 erat
1198 1913 1284 1939 anima
1300 1921 1352 1939 una
1366 1916 1393 1940 et
1413 1920 1460 1940 cor
1482 1921 1562 1941 unum
1579 1922 1585 1940 :
1601 1919 1628 1941 et
1639 1923 1716 1942 nemo
1738 1922 1785 1943 eo-

994 1965 1053 1984 rum
1070 1965 1129 1992 qum
1145 1957 1309 1992 possidebat,
1332 1958 1438 1985 dicebat
1452 1958 1549 1993 aliquid
1565 1966 1641 1986 suum
1655 1968 1724 1992 esse,
1739 1960 1785 1988 sed

994 2006 1070 2029 erant
1081 2002 1132 2029 illis
1147 2002 1236 2029 omnia
1249 2002 1409 2029 communia.
1422 2002 1455 2029 Et
1466 2003 1563 2029 virtute
1583 2011 1676 2038 magna
1689 2005 1785 2039 redde-

993 2048 1058 2075 bant
1081 2048 1202 2082 Apostoli
1230 2047 1411 2074 testimonioin
1444 2048 1645 2076 resurrectionis
1679 2049 1786 2078 Domini

992 2094 1056 2122 Jcsu
1069 2103 1075 2121 :
1089 2093 1226 2129 gratiaque
1240 2099 1335 2127 magna
1350 2097 1408 2120 erat
1421 2101 1501 2128 super
1513 2101 1605 2121 omnes
1617 2094 1685 2122 illos.
1695 2095 1786 2130 Neque

995 2140 1066 2168 enim
1081 2139 1221 2175 quisquam
1234 2145 1315 2174 egens
1328 2142 1386 2166 erat
1398 2138 1468 2166 inter
1480 2138 1549 2166 illos.
1566 2139 1701 2175 Quotquot
1714 2140 1784 2168 enim

994 2192 1162 2221 possessores
1176 2184 1336 2220 prmdiorum
1350 2184 1392 2211 vel
1409 2183 1548 2211 domorum
1562 2190 1648 2218 erant,
1665 2186 1784 2213 venden-

993 2236 1034 2259 tes
1046 2230 1193 2258 alferehant
1205 2230 1288 2265 pretia
1303 2229 1419 2260 illorum,
1432 2234 1459 2257 et
1478 2230 1612 2264 ponebant
1630 2236 1692 2259 ante
1703 2231 1785 2266 pedes

994 2276 1194 2312 Apostolorum.
1211 2275 1424 2303 Distribuebatur
1438 2280 1527 2302 autem
1547 2276 1689 2312 unicuique
1706 2282 1784 2312 prout

993 2323 1090 2358 cuique
1099 2329 1166 2357 opus
1180 2326 1235 2349 erat
1249 2331 1258 2348 ι
1276 2321 1343 2357 (Act.
1355 2328 1391 2354 iv,
1405 2320 1511 2357 51-55).
1521 2321 1650 2358 (Cumque
1667 2323 1784 2352 Lazarus

992 2368 1119 2396 diaconus
1129 2367 1277 2400 recitasset,
1290 2371 1317 2395 et
1331 2367 1457 2402 episcopo
1470 2367 1588 2395 codicem
1612 2369 1781 2403 tradidisset;

993 2413 1156 2449 Augustinus
1179 2413 1320 2447 episcopus
1338 2411 1447 2448 dixitz)
1475 2413 1507 2440 Et
1532 2420 1582 2449 ego
1599 2414 1688 2450 legere
1710 2416 1782 2443 volo.

992 2460 1055 2488 Plus
1081 2459 1151 2487 enim
1171 2466 1215 2486 me
1241 2458 1356 2486 delectat
1370 2458 1449 2494 hujus
1471 2458 1630 2488 verbi‘esse
1644 2461 1783 2496 lectorem,

992 2514 1072 2542 quam
1082 2505 1155 2533 verbi
1168 2504 1220 2532 mei
1230 2504 1432 2540 disputatorem.
1449 2514 1459 2531 ι
1473 2505 1539 2534 Cum
1550 2512 1679 2542 orassent,
1695 2513 1784 2538 motus

1023 2586 1031 2601 |
1048 2584 1118 2615 Edili,
1131 2583 1216 2609 volenti
1224 2583 1333 2609 credere.
1346 2584 1428 2614 Abest,
1440 2584 1552 2615 credere,
1565 2590 1580 2610 ι
1590 2586 1766 2617 musaiptis.

1022 2627 1031 2638 ‘
1049 2625 1240 2658 mendamsad
1257 2629 1408 2650 omnesMss.
1421 2628 1447 2650 et
1458 2625 1514 2649 ΕΜ.
1529 2625 1780 2658 iusermcnemeeo-

991 2657 1058 2682 denti
1069 2657 1140 2682 modo
1150 2656 1298 2688 designatos.

1033 2699 1059 2728 a)
1076 2698 1145 2728 Alias,
1158 2697 1190 2722 de
1201 2697 1307 2722 Diversis
1316 2697 1356 2722 50.

1033 2727 1058 2760 ὁ)
1075 2732 1099 2753 In
1111 2729 1290 2760 Cartlmginensi
1302 2727 1394 2760 synodo
1403 2728 1459 2752 anui
1469 2728 1515 2753 523
1525 2727 1659 2760 appellatur
1670 2737 1682 2751 ι
1692 2729 1724 2753 de
1733 2732 1782 2754 Mo-

991 2758 1059 2786 ribus
1069 2758 1212 2785 clerioomn't
1227 2758 1351 2784 secundus
1371 2758 1443 2783 llber.
1453 2767 1465 2782 »
1480 2762 1504 2784 tu
1516 2758 1637 2783 undevici
1655 2763 1737 2784 autem
1757 2763 1782 2786 et

992 2791 1117 2817 Bertel'ridi
1134 2790 1271 2821 Privilegio,
1283 2799 1294 2813 ι
1304 2789 1361 2814 libri
1372 2789 1404 2813 de
1415 2789 1529 2814 Gradibus
1539 2789 1707 2815 ecclesiasticis
1715 2799 1727 2812 ι
1739 2798 1780 2815 vo-

991 2826 1076 2848 cantur
1088 2822 1160 2846 iidem
1167 2821 1205 2845 isti
1218 2820 1353 2852 sermones,
1366 2823 1422 2850 puta
1433 2820 1496 2851 quod
1508 2820 1547 2845 hic
1556 2822 1700 2852 Augustinus
1712 2821 1780 2846 cleri-

992 2860 1074 2878 corum
1081 2852 1190 2883 singulos
1200 2851 1290 2883 gradus
1299 2855 1431 2883 percurrat,
1442 2855 1466 2875 et
1476 2858 1498 2875 n.
1505 2852 1521 2877 9
1532 2851 1603 2882 dicat,
1610 2861 1625 2881 ,α
1634 2853 1669 2877 sic
1678 2853 1742 2877 cuitu
1752 2853 1782 2877 ad

993 2891 1036 2909 eos
1046 2881 1162 2912 grazlat'im
1175 2881 1308 2906 ascendere
1321 2881 1392 2905 volui.
1403 2889 1414 2903 to
