  <div class='ocr_page' id='page_1' title='image "/cluster/home/n/w/nwhite01/storage/ocr_20150623/39/hvd.32044096580618/051.png"; bbox 0 0 3996 6192; ppageno 0'>
   <div class='ocr_carea' id='block_1_1' title="bbox 442 299 580 356">
    <p class='ocr_par' dir='ltr' id='par_1_1' title="bbox 442 299 580 356">
     <span class='ocr_line' id='line_1_1' title="bbox 442 299 580 356; baseline -0.029 0"><span class='ocrx_word' id='word_1_1' title='bbox 442 299 580 356; x_wconf 74' lang='grc' dir='ltr'><strong>15Ἀῦ</strong></span> 
     </span>
    </p>
   </div>
   <div class='ocr_carea' id='block_1_2' title="bbox 443 422 2013 500">
    <p class='ocr_par' dir='ltr' id='par_1_2' title="bbox 443 422 2013 500">
     <span class='ocr_line' id='line_1_2' title="bbox 443 422 2013 500; baseline -0.011 -9"><span class='ocrx_word' id='word_1_2' title='bbox 443 444 530 492; x_wconf 86' lang='lat' dir='ltr'><strong>est</strong></span> <span class='ocrx_word' id='word_1_3' title='bbox 556 436 705 489; x_wconf 87' lang='lat' dir='ltr'><strong>locus</strong></span> <span class='ocrx_word' id='word_1_4' title='bbox 746 432 798 486; x_wconf 89' lang='lat' dir='ltr'><strong>in</strong></span> <span class='ocrx_word' id='word_1_5' title='bbox 825 446 930 500; x_wconf 82' lang='lat' dir='ltr'><strong>quo</strong></span> <span class='ocrx_word' id='word_1_6' title='bbox 957 439 1107 483; x_wconf 84' lang='lat' dir='ltr'><strong>erant</strong></span> <span class='ocrx_word' id='word_1_7' title='bbox 1154 425 1475 495; x_wconf 80' lang='lat' dir='ltr'><strong>congregati,</strong></span> <span class='ocrx_word' id='word_1_8' title='bbox 1529 432 1581 476; x_wconf 91' lang='lat' dir='ltr'><strong>et</strong></span> <span class='ocrx_word' id='word_1_9' title='bbox 1633 422 1834 491; x_wconf 92' lang='lat' dir='ltr'><strong>impleti</strong></span> <span class='ocrx_word' id='word_1_10' title='bbox 1888 430 2013 477; x_wconf 90' lang='lat' dir='ltr'><strong>sunt</strong></span> 
     </span>
    </p>
   </div>
   <div class='ocr_carea' id='block_1_3' title="bbox 443 510 2011 591">
    <p class='ocr_par' dir='ltr' id='par_1_3' title="bbox 443 510 2011 591">
     <span class='ocr_line' id='line_1_3' title="bbox 443 510 2011 591; baseline -0.008 -14"><span class='ocrx_word' id='word_1_11' title='bbox 443 540 630 577; x_wconf 72' lang='lat' dir='ltr'><strong>attines</strong></span> <span class='ocrx_word' id='word_1_12' title='bbox 680 523 876 591; x_wconf 84' lang='lat' dir='ltr'><strong>Spiritu</strong></span> <span class='ocrx_word' id='word_1_13' title='bbox 929 529 1135 581; x_wconf 89' lang='lat' dir='ltr'><strong>sancto,</strong></span> <span class='ocrx_word' id='word_1_14' title='bbox 1191 528 1243 571; x_wconf 81' lang='lat' dir='ltr'><strong>et</strong></span> <span class='ocrx_word' id='word_1_15' title='bbox 1278 513 1628 582; x_wconf 72' lang='lat' dir='ltr'><strong>loquebantur</strong></span> <span class='ocrx_word' id='word_1_16' title='bbox 1670 511 1887 565; x_wconf 92' lang='lat' dir='ltr'><strong>verbum</strong></span> <span class='ocrx_word' id='word_1_17' title='bbox 1919 510 2011 564; x_wconf 84' lang='lat' dir='ltr'><strong>Dei</strong></span> 
     </span>
    </p>
   </div>
   <div class='ocr_carea' id='block_1_4' title="bbox 440 600 2012 666">
    <p class='ocr_par' dir='ltr' id='par_1_4' title="bbox 440 600 2012 666">
     <span class='ocr_line' id='line_1_4' title="bbox 440 600 2012 666; baseline -0.008 -1"><span class='ocrx_word' id='word_1_18' title='bbox 440 629 562 666; x_wconf 87' lang='lat' dir='ltr'><strong>cum</strong></span> <span class='ocrx_word' id='word_1_19' title='bbox 595 612 783 666; x_wconf 77' lang='lat' dir='ltr'><strong>fiducia</strong></span> <span class='ocrx_word' id='word_1_20' title='bbox 806 612 947 663; x_wconf 77' lang='lat' dir='ltr'><strong>onini</strong></span> <span class='ocrx_word' id='word_1_21' title='bbox 971 609 1183 661; x_wconf 86' lang='lat' dir='ltr'><strong>volenti.</strong></span> <span class='ocrx_word' id='word_1_22' title='bbox 1219 600 1563 658; x_wconf 83' lang='lat' dir='ltr'><strong>Multitudinis</strong></span> <span class='ocrx_word' id='word_1_23' title='bbox 1585 610 1760 655; x_wconf 85' lang='lat' dir='ltr'><strong>autem</strong></span> <span class='ocrx_word' id='word_1_24' title='bbox 1787 600 2012 654; x_wconf 84' lang='lat' dir='ltr'><strong>creden-</strong></span> 
     </span>
    </p>
   </div>
   <div class='ocr_carea' id='block_1_5' title="bbox 455 702 2013 756">
    <p class='ocr_par' dir='ltr' id='par_1_5' title="bbox 455 702 2013 756">
     <span class='ocr_line' id='line_1_5' title="bbox 455 702 2013 756; baseline -0.007 -2"><span class='ocrx_word' id='word_1_25' title='bbox 455 702 585 755; x_wconf 88' lang='lat' dir='ltr'><strong>tium</strong></span> <span class='ocrx_word' id='word_1_26' title='bbox 612 713 728 756; x_wconf 85' lang='lat' dir='ltr'><strong>erat</strong></span> <span class='ocrx_word' id='word_1_27' title='bbox 774 704 949 753; x_wconf 86' lang='lat' dir='ltr'><strong>anima</strong></span> <span class='ocrx_word' id='word_1_28' title='bbox 992 713 1092 750; x_wconf 88' lang='lat' dir='ltr'><strong>una</strong></span> <span class='ocrx_word' id='word_1_29' title='bbox 1132 706 1185 749; x_wconf 89' lang='lat' dir='ltr'><strong>et</strong></span> <span class='ocrx_word' id='word_1_30' title='bbox 1231 709 1323 750; x_wconf 81' lang='lat' dir='ltr'><strong>COI‘</strong></span> <span class='ocrx_word' id='word_1_31' title='bbox 1346 709 1505 747; x_wconf 89' lang='lat' dir='ltr'><strong>unum</strong></span> <span class='ocrx_word' id='word_1_32' title='bbox 1531 710 1544 745; x_wconf 76' lang='grc' dir='ltr'>ε</span> <span class='ocrx_word' id='word_1_33' title='bbox 1575 702 1804 746; x_wconf 64' lang='grc' dir='ltr'><strong>8111611ὶο</strong></span> <span class='ocrx_word' id='word_1_34' title='bbox 1830 705 2013 745; x_wconf 89' lang='lat' dir='ltr'><strong>eorum</strong></span> 
     </span>
    </p>
   </div>
   <div class='ocr_carea' id='block_1_6' title="bbox 445 780 2016 862">
    <p class='ocr_par' dir='ltr' id='par_1_6' title="bbox 445 780 2016 862">
     <span class='ocr_line' id='line_1_6' title="bbox 445 780 2016 862; baseline -0.008 -15"><span class='ocrx_word' id='word_1_35' title='bbox 445 808 565 861; x_wconf 79' lang='lat' dir='ltr'><strong>qua:</strong></span> <span class='ocrx_word' id='word_1_36' title='bbox 594 790 919 862; x_wconf 82' lang='lat' dir='ltr'><strong>possidebat,</strong></span> <span class='ocrx_word' id='word_1_37' title='bbox 948 787 1156 840; x_wconf 88' lang='lat' dir='ltr'><strong>diccbat</strong></span> <span class='ocrx_word' id='word_1_38' title='bbox 1176 784 1372 853; x_wconf 82' lang='lat' dir='ltr'><strong>aliquid</strong></span> <span class='ocrx_word' id='word_1_39' title='bbox 1394 798 1546 837; x_wconf 89' lang='lat' dir='ltr'><strong>suum</strong></span> <span class='ocrx_word' id='word_1_40' title='bbox 1569 796 1708 846; x_wconf 88' lang='lat' dir='ltr'><strong>esse,</strong></span> <span class='ocrx_word' id='word_1_41' title='bbox 1737 780 1831 835; x_wconf 87' lang='lat' dir='ltr'><strong>sed</strong></span> <span class='ocrx_word' id='word_1_42' title='bbox 1861 789 2016 834; x_wconf 88' lang='lat' dir='ltr'><strong>erant</strong></span> 
     </span>
    </p>
   </div>
   <div class='ocr_carea' id='block_1_7' title="bbox 443 871 2017 942">
    <p class='ocr_par' dir='ltr' id='par_1_7' title="bbox 443 871 2017 942">
     <span class='ocr_line' id='line_1_7' title="bbox 443 871 2017 942; baseline -0.009 -5"><span class='ocrx_word' id='word_1_43' title='bbox 443 883 548 937; x_wconf 84' lang='lat' dir='ltr'><strong>illis</strong></span> <span class='ocrx_word' id='word_1_44' title='bbox 577 881 753 934; x_wconf 81' lang='lat' dir='ltr'><strong>omnia</strong></span> <span class='ocrx_word' id='word_1_45' title='bbox 784 876 1111 930; x_wconf 84' lang='lat' dir='ltr'><strong>communia.</strong></span> <span class='ocrx_word' id='word_1_46' title='bbox 1158 875 1223 929; x_wconf 84' lang='lat' dir='ltr'><strong>Et</strong></span> <span class='ocrx_word' id='word_1_47' title='bbox 1252 873 1445 928; x_wconf 89' lang='lat' dir='ltr'><strong>virtute</strong></span> <span class='ocrx_word' id='word_1_48' title='bbox 1485 886 1672 942; x_wconf 87' lang='lat' dir='ltr'><strong>magna</strong></span> <span class='ocrx_word' id='word_1_49' title='bbox 1722 871 2017 926; x_wconf 77' lang='lat' dir='ltr'><strong>reddebant</strong></span> 
     </span>
    </p>
   </div>
   <div class='ocr_carea' id='block_1_8' title="bbox 448 963 2017 1040">
    <p class='ocr_par' dir='ltr' id='par_1_8' title="bbox 448 963 2017 1040">
     <span class='ocr_line' id='line_1_8' title="bbox 448 963 2017 1040; baseline -0.006 -15"><span class='ocrx_word' id='word_1_50' title='bbox 448 971 683 1040; x_wconf 76' lang='lat' dir='ltr'><strong>Apostoli</strong></span> <span class='ocrx_word' id='word_1_51' title='bbox 735 968 1093 1022; x_wconf 68' lang='lat' dir='ltr'><strong>testimonium</strong></span> <span class='ocrx_word' id='word_1_52' title='bbox 1140 965 1548 1020; x_wconf 90' lang='lat' dir='ltr'><strong>resurrectionis</strong></span> <span class='ocrx_word' id='word_1_53' title='bbox 1591 964 1793 1017; x_wconf 89' lang='lat' dir='ltr'><strong>Domini</strong></span> <span class='ocrx_word' id='word_1_54' title='bbox 1841 963 1967 1017; x_wconf 83' lang='lat' dir='ltr'><strong>Jesu</strong></span> <span class='ocrx_word' id='word_1_55' title='bbox 1996 979 2017 1024; x_wconf 17' lang='grc' dir='ltr'><strong>ε»</strong></span> 
     </span>
    </p>
   </div>
   <div class='ocr_carea' id='block_1_9' title="bbox 442 1052 2016 1129">
    <p class='ocr_par' dir='ltr' id='par_1_9' title="bbox 442 1052 2016 1129">
     <span class='ocr_line' id='line_1_9' title="bbox 442 1052 2016 1129; baseline -0.005 -16"><span class='ocrx_word' id='word_1_56' title='bbox 442 1062 714 1129; x_wconf 77' lang='lat' dir='ltr'><strong>gratiaque</strong></span> <span class='ocrx_word' id='word_1_57' title='bbox 739 1074 925 1127; x_wconf 83' lang='lat' dir='ltr'><strong>magna</strong></span> <span class='ocrx_word' id='word_1_58' title='bbox 956 1067 1068 1111; x_wconf 87' lang='lat' dir='ltr'><strong>erat</strong></span> <span class='ocrx_word' id='word_1_59' title='bbox 1106 1072 1267 1125; x_wconf 81' lang='lat' dir='ltr'><strong>snper</strong></span> <span class='ocrx_word' id='word_1_60' title='bbox 1287 1069 1471 1109; x_wconf 90' lang='lat' dir='ltr'><strong>omnes</strong></span> <span class='ocrx_word' id='word_1_61' title='bbox 1502 1054 1641 1109; x_wconf 91' lang='lat' dir='ltr'><strong>illos.</strong></span> <span class='ocrx_word' id='word_1_62' title='bbox 1666 1053 1847 1122; x_wconf 84' lang='lat' dir='ltr'><strong>Neque</strong></span> <span class='ocrx_word' id='word_1_63' title='bbox 1873 1052 2016 1107; x_wconf 89' lang='lat' dir='ltr'><strong>enim</strong></span> 
     </span>
    </p>
   </div>
   <div class='ocr_carea' id='block_1_10' title="bbox 442 1144 2013 1220">
    <p class='ocr_par' dir='ltr' id='par_1_10' title="bbox 442 1144 2013 1220">
     <span class='ocr_line' id='line_1_10' title="bbox 442 1144 2013 1220; baseline -0.006 -16"><span class='ocrx_word' id='word_1_64' title='bbox 442 1152 720 1220; x_wconf 83' lang='lat' dir='ltr'><strong>quisquam</strong></span> <span class='ocrx_word' id='word_1_65' title='bbox 749 1164 912 1217; x_wconf 82' lang='lat' dir='ltr'><strong>egens</strong></span> <span class='ocrx_word' id='word_1_66' title='bbox 940 1147 1211 1202; x_wconf 77' lang='lat' dir='ltr'><strong>eratinter</strong></span> <span class='ocrx_word' id='word_1_67' title='bbox 1236 1147 1373 1200; x_wconf 88' lang='lat' dir='ltr'><strong>illos.</strong></span> <span class='ocrx_word' id='word_1_68' title='bbox 1404 1145 1673 1212; x_wconf 85' lang='lat' dir='ltr'><strong>Quotquot</strong></span> <span class='ocrx_word' id='word_1_69' title='bbox 1715 1144 1854 1197; x_wconf 91' lang='lat' dir='ltr'><strong>enim</strong></span> <span class='ocrx_word' id='word_1_70' title='bbox 1888 1157 2013 1212; x_wconf 89' lang='lat' dir='ltr'><strong>pos-</strong></span> 
     </span>
    </p>
   </div>
   <div class='ocr_carea' id='block_1_11' title="bbox 443 1234 2016 1308">
    <p class='ocr_par' dir='ltr' id='par_1_11' title="bbox 443 1234 2016 1308">
     <span class='ocr_line' id='line_1_11' title="bbox 443 1234 2016 1308; baseline -0.004 -15"><span class='ocrx_word' id='word_1_71' title='bbox 443 1256 679 1294; x_wconf 83' lang='lat' dir='ltr'><strong>sessores</strong></span> <span class='ocrx_word' id='word_1_72' title='bbox 707 1240 1018 1308; x_wconf 70' lang='lat' dir='ltr'><strong>pnediorum</strong></span> <span class='ocrx_word' id='word_1_73' title='bbox 1070 1238 1153 1291; x_wconf 90' lang='lat' dir='ltr'><strong>vel</strong></span> <span class='ocrx_word' id='word_1_74' title='bbox 1194 1236 1469 1291; x_wconf 87' lang='lat' dir='ltr'><strong>domorum</strong></span> <span class='ocrx_word' id='word_1_75' title='bbox 1512 1245 1684 1300; x_wconf 91' lang='lat' dir='ltr'><strong>erant,</strong></span> <span class='ocrx_word' id='word_1_76' title='bbox 1728 1234 2016 1288; x_wconf 86' lang='lat' dir='ltr'><strong>vendentes</strong></span> 
     </span>
    </p>
   </div>
   <div class='ocr_carea' id='block_1_12' title="bbox 442 1317 2012 1392">
    <p class='ocr_par' dir='ltr' id='par_1_12' title="bbox 442 1317 2012 1392">
     <span class='ocr_line' id='line_1_12' title="bbox 442 1317 2012 1392; baseline -0.004 -14"><span class='ocrx_word' id='word_1_77' title='bbox 442 1324 734 1378; x_wconf 79' lang='lat' dir='ltr'><strong>alferehaut</strong></span> <span class='ocrx_word' id='word_1_78' title='bbox 786 1324 953 1392; x_wconf 87' lang='lat' dir='ltr'><strong>pretia</strong></span> <span class='ocrx_word' id='word_1_79' title='bbox 990 1337 1173 1375; x_wconf 85' lang='lat' dir='ltr'><strong>eorum</strong></span> <span class='ocrx_word' id='word_1_80' title='bbox 1202 1361 1216 1385; x_wconf 90' lang='lat'><strong>,</strong></span> <span class='ocrx_word' id='word_1_81' title='bbox 1263 1329 1317 1374; x_wconf 93' lang='lat' dir='ltr'><strong>et</strong></span> <span class='ocrx_word' id='word_1_82' title='bbox 1357 1319 1626 1389; x_wconf 86' lang='lat' dir='ltr'><strong>ponebant</strong></span> <span class='ocrx_word' id='word_1_83' title='bbox 1674 1328 1799 1372; x_wconf 90' lang='lat' dir='ltr'><strong>ante</strong></span> <span class='ocrx_word' id='word_1_84' title='bbox 1847 1317 2012 1386; x_wconf 84' lang='lat' dir='ltr'><strong>pedes</strong></span> 
     </span>
    </p>
   </div>
   <div class='ocr_carea' id='block_1_13' title="bbox 441 1409 2017 1484">
    <p class='ocr_par' dir='ltr' id='par_1_13' title="bbox 441 1409 2017 1484">
     <span class='ocr_line' id='line_1_13' title="bbox 441 1409 2017 1484; baseline -0.006 -15"><span class='ocrx_word' id='word_1_85' title='bbox 441 1414 846 1484; x_wconf 85' lang='lat' dir='ltr'><strong>Apostolorum.</strong></span> <span class='ocrx_word' id='word_1_86' title='bbox 890 1411 1311 1467; x_wconf 86' lang='lat' dir='ltr'><strong>Distribuebatur</strong></span> <span class='ocrx_word' id='word_1_87' title='bbox 1346 1419 1523 1464; x_wconf 89' lang='lat' dir='ltr'><strong>autem</strong></span> <span class='ocrx_word' id='word_1_88' title='bbox 1554 1409 1836 1479; x_wconf 85' lang='lat' dir='ltr'><strong>unicuique</strong></span> <span class='ocrx_word' id='word_1_89' title='bbox 1858 1415 2017 1477; x_wconf 87' lang='lat' dir='ltr'><strong>prout</strong></span> 
     </span>
    </p>
   </div>
   <div class='ocr_carea' id='block_1_14' title="bbox 440 1502 2012 1575">
    <p class='ocr_par' dir='ltr' id='par_1_14' title="bbox 440 1502 2012 1575">
     <span class='ocr_line' id='line_1_14' title="bbox 440 1502 2012 1575; baseline -0.004 -15"><span class='ocrx_word' id='word_1_90' title='bbox 440 1507 633 1574; x_wconf 83' lang='lat' dir='ltr'><strong>cuique</strong></span> <span class='ocrx_word' id='word_1_91' title='bbox 693 1520 825 1575; x_wconf 89' lang='lat' dir='ltr'><strong>opus</strong></span> <span class='ocrx_word' id='word_1_92' title='bbox 885 1512 1016 1558; x_wconf 90' lang='lat' dir='ltr'><strong>erat.</strong></span> <span class='ocrx_word' id='word_1_93' title='bbox 1066 1520 1089 1556; x_wconf 75' lang='grc' dir='ltr'><strong><em>ι</em></strong></span> <span class='ocrx_word' id='word_1_94' title='bbox 1142 1503 1403 1574; x_wconf 88' lang='lat' dir='ltr'><strong>(Cumque</strong></span> <span class='ocrx_word' id='word_1_95' title='bbox 1449 1502 1727 1573; x_wconf 88' lang='lat' dir='ltr'><strong>episcopus</strong></span> <span class='ocrx_word' id='word_1_96' title='bbox 1780 1502 2012 1571; x_wconf 77' lang='lat' dir='ltr'><strong>legisset,</strong></span> 
     </span>
    </p>
   </div>
   <div class='ocr_carea' id='block_1_15' title="bbox 439 1594 655 1663">
    <p class='ocr_par' dir='ltr' id='par_1_15' title="bbox 439 1594 655 1663">
     <span class='ocr_line' id='line_1_15' title="bbox 439 1594 655 1663; baseline -0.009 -14"><span class='ocrx_word' id='word_1_97' title='bbox 439 1595 576 1649; x_wconf 83' lang='lat' dir='ltr'><strong>dixit</strong></span> <span class='ocrx_word' id='word_1_98' title='bbox 598 1611 611 1647; x_wconf 88' lang='lat'><strong>:</strong></span> <span class='ocrx_word' id='word_1_99' title='bbox 634 1594 655 1663; x_wconf 93' lang='lat'>)</span> 
     </span>
    </p>
   </div>
   <div class='ocr_carea' id='block_1_16' title="bbox 510 1685 2015 1757">
    <p class='ocr_par' dir='ltr' id='par_1_16' title="bbox 510 1685 2015 1757">
     <span class='ocr_line' id='line_1_16' title="bbox 510 1685 2015 1757; baseline -0.003 -16"><span class='ocrx_word' id='word_1_100' title='bbox 510 1689 564 1741; x_wconf 75' lang='lat'><strong>2.</strong></span> <span class='ocrx_word' id='word_1_101' title='bbox 610 1686 755 1741; x_wconf 84' lang='lat' dir='ltr'><strong>Unde</strong></span> <span class='ocrx_word' id='word_1_102' title='bbox 780 1686 1057 1757; x_wconf 75' lang='lat' dir='ltr'><strong>Augustino</strong></span> <span class='ocrx_word' id='word_1_103' title='bbox 1091 1686 1251 1740; x_wconf 74' lang='lat' dir='ltr'><strong>visum</strong></span> <span class='ocrx_word' id='word_1_104' title='bbox 1291 1695 1361 1740; x_wconf 88' lang='lat' dir='ltr'><strong>est</strong></span> <span class='ocrx_word' id='word_1_105' title='bbox 1397 1686 1458 1739; x_wconf 86' lang='lat' dir='ltr'><strong>de</strong></span> <span class='ocrx_word' id='word_1_106' title='bbox 1481 1702 1686 1739; x_wconf 85' lang='lat' dir='ltr'><strong>suorum</strong></span> <span class='ocrx_word' id='word_1_107' title='bbox 1722 1685 2015 1738; x_wconf 81' lang='lat' dir='ltr'><strong>clericorum</strong></span> 
     </span>
    </p>
   </div>
   <div class='ocr_carea' id='block_1_17' title="bbox 446 1775 2011 1847">
    <p class='ocr_par' dir='ltr' id='par_1_17' title="bbox 446 1775 2011 1847">
     <span class='ocr_line' id='line_1_17' title="bbox 446 1775 2011 1847; baseline -0.001 -16"><span class='ocrx_word' id='word_1_108' title='bbox 446 1778 549 1831; x_wconf 76' lang='lat' dir='ltr'><strong>vita</strong></span> <span class='ocrx_word' id='word_1_109' title='bbox 574 1779 713 1846; x_wconf 88' lang='lat' dir='ltr'><strong>apud</strong></span> <span class='ocrx_word' id='word_1_110' title='bbox 735 1775 927 1845; x_wconf 82' lang='lat' dir='ltr'><strong>plebem</strong></span> <span class='ocrx_word' id='word_1_111' title='bbox 953 1792 1119 1847; x_wconf 84' lang='lat' dir='ltr'><strong>agere.</strong></span> <span class='ocrx_word' id='word_1_112' title='bbox 1149 1776 1382 1830; x_wconf 84' lang='lat' dir='ltr'><strong>Audistis</strong></span> <span class='ocrx_word' id='word_1_113' title='bbox 1408 1776 1533 1845; x_wconf 90' lang='lat' dir='ltr'><strong>quid</strong></span> <span class='ocrx_word' id='word_1_114' title='bbox 1564 1776 1788 1829; x_wconf 84' lang='lat' dir='ltr'><strong>velimus</strong></span> <span class='ocrx_word' id='word_1_115' title='bbox 1816 1792 1829 1826; x_wconf 91' lang='lat'><strong>:</strong></span> <span class='ocrx_word' id='word_1_116' title='bbox 1862 1782 2011 1829; x_wconf 87' lang='lat' dir='ltr'><strong>orate</strong></span> 
     </span>
    </p>
   </div>
   <div class='ocr_carea' id='block_1_18' title="bbox 444 1865 2016 1939">
    <p class='ocr_par' dir='ltr' id='par_1_18' title="bbox 444 1865 2016 1939">
     <span class='ocr_line' id='line_1_18' title="bbox 444 1865 2016 1939; baseline -0.003 -18"><span class='ocrx_word' id='word_1_117' title='bbox 444 1879 504 1921; x_wconf 91' lang='lat' dir='ltr'><strong>ut</strong></span> <span class='ocrx_word' id='word_1_118' title='bbox 530 1869 812 1939; x_wconf 75' lang='lat' dir='ltr'><strong>possimus.</strong></span> <span class='ocrx_word' id='word_1_119' title='bbox 844 1865 1076 1936; x_wconf 85' lang='lat' dir='ltr'><strong>Contigit</strong></span> <span class='ocrx_word' id='word_1_120' title='bbox 1119 1876 1294 1921; x_wconf 87' lang='lat' dir='ltr'><strong>autem</strong></span> <span class='ocrx_word' id='word_1_121' title='bbox 1325 1867 1566 1934; x_wconf 74' lang='lat' dir='ltr'><strong>qtttedam</strong></span> <span class='ocrx_word' id='word_1_122' title='bbox 1609 1865 1917 1929; x_wconf 86' lang='lat' dir='ltr'><strong>necessitas,</strong></span> <span class='ocrx_word' id='word_1_123' title='bbox 1959 1872 2016 1917; x_wconf 92' lang='lat' dir='ltr'><strong>ut</strong></span> 
     </span>
    </p>
   </div>
   <div class='ocr_carea' id='block_1_19' title="bbox 442 1955 2010 2029">
    <p class='ocr_par' dir='ltr' id='par_1_19' title="bbox 442 1955 2010 2029">
     <span class='ocr_line' id='line_1_19' title="bbox 442 1955 2010 2029; baseline -0.004 -14"><span class='ocrx_word' id='word_1_124' title='bbox 442 1959 560 2015; x_wconf 71' lang='grc' dir='ltr'><strong>ιιωο</strong></span> <span class='ocrx_word' id='word_1_125' title='bbox 575 1960 881 2029; x_wconf 89' lang='lat' dir='ltr'><strong>diligentius</strong></span> <span class='ocrx_word' id='word_1_126' title='bbox 898 1974 1110 2029; x_wconf 77' lang='lat' dir='ltr'><strong>agerem</strong></span> <span class='ocrx_word' id='word_1_127' title='bbox 1144 1957 1455 2027; x_wconf 88' lang='lat' dir='ltr'><strong>:quoniam,</strong></span> <span class='ocrx_word' id='word_1_128' title='bbox 1495 1957 1631 2011; x_wconf 87' lang='lat' dir='ltr'><strong>sicut</strong></span> <span class='ocrx_word' id='word_1_129' title='bbox 1669 1956 1781 2026; x_wconf 85' lang='lat' dir='ltr'><strong>jam</strong></span> <span class='ocrx_word' id='word_1_130' title='bbox 1822 1955 2010 2022; x_wconf 81' lang='lat' dir='ltr'><strong>nostis,</strong></span> 
     </span>
    </p>
   </div>
   <div class='ocr_carea' id='block_1_20' title="bbox 443 2046 2014 2121">
    <p class='ocr_par' dir='ltr' id='par_1_20' title="bbox 443 2046 2014 2121">
     <span class='ocr_line' id='line_1_20' title="bbox 443 2046 2014 2121; baseline -0.001 -19"><span class='ocrx_word' id='word_1_131' title='bbox 443 2049 724 2121; x_wconf 87' lang='lat' dir='ltr'><strong>presbyter</strong></span> <span class='ocrx_word' id='word_1_132' title='bbox 749 2050 800 2103; x_wconf 90' lang='lat' dir='ltr'><strong>in</strong></span> <span class='ocrx_word' id='word_1_133' title='bbox 828 2059 1007 2104; x_wconf 91' lang='lat' dir='ltr'><strong>nostra</strong></span> <span class='ocrx_word' id='word_1_134' title='bbox 1038 2049 1290 2103; x_wconf 87' lang='lat' dir='ltr'><strong>societate</strong></span> <span class='ocrx_word' id='word_1_135' title='bbox 1309 2048 1644 2111; x_wconf 89' lang='lat' dir='ltr'><strong>constitutus,</strong></span> <span class='ocrx_word' id='word_1_136' title='bbox 1675 2046 1814 2115; x_wconf 88' lang='lat' dir='ltr'><strong>quali</strong></span> <span class='ocrx_word' id='word_1_137' title='bbox 1840 2046 2014 2101; x_wconf 87' lang='lat' dir='ltr'><strong>socie-</strong></span> 
     </span>
    </p>
   </div>
   <div class='ocr_carea' id='block_1_21' title="bbox 441 2135 2014 2207">
    <p class='ocr_par' dir='ltr' id='par_1_21' title="bbox 441 2135 2014 2207">
     <span class='ocr_line' id='line_1_21' title="bbox 441 2135 2014 2207; baseline -0.003 -14"><span class='ocrx_word' id='word_1_138' title='bbox 441 2139 538 2193; x_wconf 84' lang='lat' dir='ltr'><strong>tati</strong></span> <span class='ocrx_word' id='word_1_139' title='bbox 572 2138 813 2207; x_wconf 89' lang='lat' dir='ltr'><strong>perhibet</strong></span> <span class='ocrx_word' id='word_1_140' title='bbox 862 2138 1217 2192; x_wconf 90' lang='lat' dir='ltr'><strong>testimonium</strong></span> <span class='ocrx_word' id='word_1_141' title='bbox 1268 2136 1446 2204; x_wconf 87' lang='lat' dir='ltr'><strong>lectio,</strong></span> <span class='ocrx_word' id='word_1_142' title='bbox 1478 2151 1632 2206; x_wconf 90' lang='lat' dir='ltr'><strong>quam</strong></span> <span class='ocrx_word' id='word_1_143' title='bbox 1667 2135 1847 2199; x_wconf 90' lang='lat' dir='ltr'><strong>modo,</strong></span> <span class='ocrx_word' id='word_1_144' title='bbox 1893 2150 2014 2189; x_wconf 89' lang='lat' dir='ltr'><strong>eum</strong></span> 
     </span>
    </p>
   </div>
   <div class='ocr_carea' id='block_1_22' title="bbox 442 2223 2012 2292">
    <p class='ocr_par' dir='ltr' id='par_1_22' title="bbox 442 2223 2012 2292">
     <span class='ocr_line' id='line_1_22' title="bbox 442 2223 2012 2292; baseline -0.004 -9"><span class='ocrx_word' id='word_1_145' title='bbox 442 2229 810 2292; x_wconf 84' lang='lat' dir='ltr'><strong>recitaremus,</strong></span> <span class='ocrx_word' id='word_1_146' title='bbox 864 2227 1113 2291; x_wconf 87' lang='lat' dir='ltr'><strong>audistis,</strong></span> <span class='ocrx_word' id='word_1_147' title='bbox 1162 2227 1396 2280; x_wconf 86' lang='lat' dir='ltr'><strong>moriens</strong></span> <span class='ocrx_word' id='word_1_148' title='bbox 1444 2233 1811 2279; x_wconf 83' lang='lat' dir='ltr'><strong>testamentum</strong></span> <span class='ocrx_word' id='word_1_149' title='bbox 1852 2223 2012 2290; x_wconf 77' lang='lat' dir='ltr'><strong>fecit,</strong></span> 
     </span>
    </p>
   </div>
   <div class='ocr_carea' id='block_1_23' title="bbox 440 2314 2010 2388">
    <p class='ocr_par' dir='ltr' id='par_1_23' title="bbox 440 2314 2010 2388">
     <span class='ocr_line' id='line_1_23' title="bbox 440 2314 2010 2388; baseline -0.003 -18"><span class='ocrx_word' id='word_1_150' title='bbox 440 2321 564 2388; x_wconf 88' lang='lat' dir='ltr'><strong>quia</strong></span> <span class='ocrx_word' id='word_1_151' title='bbox 592 2317 777 2372; x_wconf 89' lang='lat' dir='ltr'><strong>habuit</strong></span> <span class='ocrx_word' id='word_1_152' title='bbox 806 2317 945 2370; x_wconf 90' lang='lat' dir='ltr'><strong>unde</strong></span> <span class='ocrx_word' id='word_1_153' title='bbox 997 2316 1214 2371; x_wconf 85' lang='lat' dir='ltr'><strong>faceret.</strong></span> <span class='ocrx_word' id='word_1_154' title='bbox 1265 2316 1392 2369; x_wconf 75' lang='lat' dir='ltr'><strong>Erat</strong></span> <span class='ocrx_word' id='word_1_155' title='bbox 1435 2314 1573 2384; x_wconf 90' lang='lat' dir='ltr'><strong>quod</strong></span> <span class='ocrx_word' id='word_1_156' title='bbox 1604 2314 1804 2367; x_wconf 89' lang='lat' dir='ltr'><strong>diceret</strong></span> <span class='ocrx_word' id='word_1_157' title='bbox 1839 2328 2010 2377; x_wconf 89' lang='lat' dir='ltr'><strong>suum,</strong></span> 
     </span>
    </p>
   </div>
   <div class='ocr_carea' id='block_1_24' title="bbox 441 2402 2019 2471">
    <p class='ocr_par' dir='ltr' id='par_1_24' title="bbox 441 2402 2019 2471">
     <span class='ocr_line' id='line_1_24' title="bbox 441 2402 2019 2471; baseline -0.004 -10"><span class='ocrx_word' id='word_1_158' title='bbox 441 2420 561 2462; x_wconf 91' lang='lat' dir='ltr'><strong>cum</strong></span> <span class='ocrx_word' id='word_1_159' title='bbox 587 2406 641 2460; x_wconf 85' lang='lat' dir='ltr'><strong>in</strong></span> <span class='ocrx_word' id='word_1_160' title='bbox 659 2421 720 2460; x_wconf 90' lang='lat' dir='ltr'><strong>ea</strong></span> <span class='ocrx_word' id='word_1_161' title='bbox 746 2407 1000 2460; x_wconf 86' lang='lat' dir='ltr'><strong>societate</strong></span> <span class='ocrx_word' id='word_1_162' title='bbox 1021 2406 1247 2470; x_wconf 83' lang='lat' dir='ltr'><strong>viveret,</strong></span> <span class='ocrx_word' id='word_1_163' title='bbox 1276 2404 1363 2458; x_wconf 92' lang='lat' dir='ltr'><strong>ubi</strong></span> <span class='ocrx_word' id='word_1_164' title='bbox 1393 2403 1587 2457; x_wconf 87' lang='lat' dir='ltr'><strong>nemini</strong></span> <span class='ocrx_word' id='word_1_165' title='bbox 1630 2403 1817 2471; x_wconf 87' lang='lat' dir='ltr'><strong>licebat</strong></span> <span class='ocrx_word' id='word_1_166' title='bbox 1839 2402 2019 2456; x_wconf 91' lang='lat' dir='ltr'><strong>dicere</strong></span> 
     </span>
    </p>
   </div>
   <div class='ocr_carea' id='block_1_25' title="bbox 440 2491 2019 2567">
    <p class='ocr_par' dir='ltr' id='par_1_25' title="bbox 440 2491 2019 2567">
     <span class='ocr_line' id='line_1_25' title="bbox 440 2491 2019 2567; baseline -0.003 -16"><span class='ocrx_word' id='word_1_167' title='bbox 440 2497 641 2567; x_wconf 85' lang='lat' dir='ltr'><strong>aliquid</strong></span> <span class='ocrx_word' id='word_1_168' title='bbox 670 2513 847 2564; x_wconf 87' lang='lat' dir='ltr'><strong>suum,</strong></span> <span class='ocrx_word' id='word_1_169' title='bbox 877 2496 975 2551; x_wconf 88' lang='lat' dir='ltr'><strong>sed</strong></span> <span class='ocrx_word' id='word_1_170' title='bbox 1013 2505 1193 2551; x_wconf 89' lang='lat' dir='ltr'><strong>essent</strong></span> <span class='ocrx_word' id='word_1_171' title='bbox 1236 2495 1340 2549; x_wconf 90' lang='lat' dir='ltr'><strong>illis</strong></span> <span class='ocrx_word' id='word_1_172' title='bbox 1384 2494 1562 2548; x_wconf 86' lang='lat' dir='ltr'><strong>omnia</strong></span> <span class='ocrx_word' id='word_1_173' title='bbox 1590 2493 1911 2547; x_wconf 87' lang='lat' dir='ltr'><strong>communia.</strong></span> <span class='ocrx_word' id='word_1_174' title='bbox 1960 2491 2019 2547; x_wconf 90' lang='lat' dir='ltr'><strong>Si</strong></span> 
     </span>
    </p>
   </div>
   <div class='ocr_carea' id='block_1_26' title="bbox 441 2584 2016 2657">
    <p class='ocr_par' dir='ltr' id='par_1_26' title="bbox 441 2584 2016 2657">
     <span class='ocr_line' id='line_1_26' title="bbox 441 2584 2016 2657; baseline -0.003 -16"><span class='ocrx_word' id='word_1_175' title='bbox 441 2588 561 2657; x_wconf 87' lang='lat' dir='ltr'><strong>quis</strong></span> <span class='ocrx_word' id='word_1_176' title='bbox 581 2588 806 2644; x_wconf 86' lang='lat' dir='ltr'><strong>dilector</strong></span> <span class='ocrx_word' id='word_1_177' title='bbox 824 2596 878 2641; x_wconf 93' lang='lat' dir='ltr'><strong>et</strong></span> <span class='ocrx_word' id='word_1_178' title='bbox 904 2585 1147 2642; x_wconf 81' lang='lat' dir='ltr'><strong>laudator</strong></span> <span class='ocrx_word' id='word_1_179' title='bbox 1171 2595 1352 2639; x_wconf 88' lang='lat' dir='ltr'><strong>noster</strong></span> <span class='ocrx_word' id='word_1_180' title='bbox 1377 2584 1514 2654; x_wconf 89' lang='lat' dir='ltr'><strong>apud</strong></span> <span class='ocrx_word' id='word_1_181' title='bbox 1540 2584 1891 2638; x_wconf 87' lang='lat' dir='ltr'><strong>detractorem</strong></span> <span class='ocrx_word' id='word_1_182' title='bbox 1917 2597 2016 2636; x_wconf 87' lang='lat' dir='ltr'><strong>no-</strong></span> 
     </span>
    </p>
   </div>
   <div class='ocr_carea' id='block_1_27' title="bbox 444 2672 2017 2747">
    <p class='ocr_par' dir='ltr' id='par_1_27' title="bbox 444 2672 2017 2747">
     <span class='ocr_line' id='line_1_27' title="bbox 444 2672 2017 2747; baseline -0.003 -16"><span class='ocrx_word' id='word_1_183' title='bbox 444 2688 615 2732; x_wconf 88' lang='lat' dir='ltr'><strong>strum</strong></span> <span class='ocrx_word' id='word_1_184' title='bbox 650 2677 963 2747; x_wconf 70' lang='lat' dir='ltr'><strong>prtedicaret</strong></span> <span class='ocrx_word' id='word_1_185' title='bbox 999 2677 1151 2730; x_wconf 86' lang='lat' dir='ltr'><strong>istam</strong></span> <span class='ocrx_word' id='word_1_186' title='bbox 1180 2675 1510 2738; x_wconf 89' lang='lat' dir='ltr'><strong>societatem,</strong></span> <span class='ocrx_word' id='word_1_187' title='bbox 1547 2683 1601 2727; x_wconf 92' lang='lat' dir='ltr'><strong>et</strong></span> <span class='ocrx_word' id='word_1_188' title='bbox 1629 2672 1851 2733; x_wconf 86' lang='lat' dir='ltr'><strong>diceret,</strong></span> <span class='ocrx_word' id='word_1_189' title='bbox 1884 2672 2017 2726; x_wconf 82' lang='lat' dir='ltr'><strong>Cum</strong></span> 
     </span>
    </p>
   </div>
   <div class='ocr_carea' id='block_1_28' title="bbox 442 2761 2013 2836">
    <p class='ocr_par' dir='ltr' id='par_1_28' title="bbox 442 2761 2013 2836">
     <span class='ocr_line' id='line_1_28' title="bbox 442 2761 2013 2836; baseline -0.003 -15"><span class='ocrx_word' id='word_1_190' title='bbox 442 2768 696 2836; x_wconf 87' lang='lat' dir='ltr'><strong>episcopo</strong></span> <span class='ocrx_word' id='word_1_191' title='bbox 745 2766 1037 2834; x_wconf 84' lang='lat' dir='ltr'><strong>Augustino</strong></span> <span class='ocrx_word' id='word_1_192' title='bbox 1086 2765 1161 2818; x_wconf 90' lang='lat' dir='ltr'><strong>sic</strong></span> <span class='ocrx_word' id='word_1_193' title='bbox 1191 2764 1373 2817; x_wconf 89' lang='lat' dir='ltr'><strong>vivunt</strong></span> <span class='ocrx_word' id='word_1_194' title='bbox 1399 2778 1586 2817; x_wconf 91' lang='lat' dir='ltr'><strong>omnes</strong></span> <span class='ocrx_word' id='word_1_195' title='bbox 1621 2761 2013 2816; x_wconf 78' lang='lat' dir='ltr'><strong>cohabitatores</strong></span> 
     </span>
    </p>
   </div>
   <div class='ocr_carea' id='block_1_29' title="bbox 443 2851 2013 2925">
    <p class='ocr_par' dir='ltr' id='par_1_29' title="bbox 443 2851 2013 2925">
     <span class='ocr_line' id='line_1_29' title="bbox 443 2851 2013 2925; baseline -0.005 -14"><span class='ocrx_word' id='word_1_196' title='bbox 443 2855 578 2925; x_wconf 86' lang='lat' dir='ltr'><strong>ejus,</strong></span> <span class='ocrx_word' id='word_1_197' title='bbox 609 2854 875 2925; x_wconf 89' lang='lat' dir='ltr'><strong>quomodo</strong></span> <span class='ocrx_word' id='word_1_198' title='bbox 900 2854 1154 2923; x_wconf 88' lang='lat' dir='ltr'><strong>scriptum</strong></span> <span class='ocrx_word' id='word_1_199' title='bbox 1179 2862 1259 2909; x_wconf 92' lang='lat' dir='ltr'><strong>est</strong></span> <span class='ocrx_word' id='word_1_200' title='bbox 1282 2854 1335 2907; x_wconf 92' lang='lat' dir='ltr'><strong>in</strong></span> <span class='ocrx_word' id='word_1_201' title='bbox 1353 2854 1571 2907; x_wconf 85' lang='lat' dir='ltr'><strong>Actibus</strong></span> <span class='ocrx_word' id='word_1_202' title='bbox 1598 2851 1969 2922; x_wconf 80' lang='lat' dir='ltr'><strong>Apostolorum</strong></span> <span class='ocrx_word' id='word_1_203' title='bbox 2000 2867 2013 2904; x_wconf 88' lang='lat'><strong>:</strong></span> 
     </span>
    </p>
   </div>
   <div class='ocr_carea' id='block_1_30' title="bbox 444 2944 2016 3015">
    <p class='ocr_par' dir='ltr' id='par_1_30' title="bbox 444 2944 2016 3015">
     <span class='ocr_line' id='line_1_30' title="bbox 444 2944 2016 3015; baseline -0.002 -15"><span class='ocrx_word' id='word_1_204' title='bbox 444 2946 697 3000; x_wconf 88' lang='lat' dir='ltr'><strong>continuo</strong></span> <span class='ocrx_word' id='word_1_205' title='bbox 722 2945 812 2999; x_wconf 89' lang='lat' dir='ltr'><strong>ille</strong></span> <span class='ocrx_word' id='word_1_206' title='bbox 841 2945 1108 3001; x_wconf 83' lang='lat' dir='ltr'><strong>detractor</strong></span> <span class='ocrx_word' id='word_1_207' title='bbox 1134 2953 1289 3015; x_wconf 85' lang='lat' dir='ltr'><strong>caput</strong></span> <span class='ocrx_word' id='word_1_208' title='bbox 1318 2944 1775 3010; x_wconf 85' lang='lat' dir='ltr'><strong>movens,dcntem</strong></span> <span class='ocrx_word' id='word_1_209' title='bbox 1803 2957 2016 3013; x_wconf 85' lang='lat' dir='ltr'><strong>promo-</strong></span> 
     </span>
    </p>
   </div>
   <div class='ocr_carea' id='block_1_31' title="bbox 442 3034 2018 3106">
    <p class='ocr_par' dir='ltr' id='par_1_31' title="bbox 442 3034 2018 3106">
     <span class='ocr_line' id='line_1_31' title="bbox 442 3034 2018 3106; baseline -0.002 -14"><span class='ocrx_word' id='word_1_210' title='bbox 442 3054 574 3092; x_wconf 82' lang='lat' dir='ltr'><strong>vens</strong></span> <span class='ocrx_word' id='word_1_211' title='bbox 596 3079 609 3101; x_wconf 90' lang='lat'><strong>,</strong></span> <span class='ocrx_word' id='word_1_212' title='bbox 642 3039 863 3099; x_wconf 88' lang='lat' dir='ltr'><strong>diceret,</strong></span> <span class='ocrx_word' id='word_1_213' title='bbox 893 3037 966 3091; x_wconf 89' lang='lat' dir='ltr'><strong>Ita</strong></span> <span class='ocrx_word' id='word_1_214' title='bbox 997 3052 1120 3091; x_wconf 85' lang='lat' dir='ltr'><strong>vere</strong></span> <span class='ocrx_word' id='word_1_215' title='bbox 1163 3037 1240 3091; x_wconf 89' lang='lat' dir='ltr'><strong>sic</strong></span> <span class='ocrx_word' id='word_1_216' title='bbox 1277 3036 1349 3090; x_wconf 89' lang='lat' dir='ltr'><strong>ibi</strong></span> <span class='ocrx_word' id='word_1_217' title='bbox 1381 3036 1574 3090; x_wconf 83' lang='lat' dir='ltr'><strong>vivitur</strong></span> <span class='ocrx_word' id='word_1_218' title='bbox 1595 3076 1611 3103; x_wconf 94' lang='lat'><strong>,</strong></span> <span class='ocrx_word' id='word_1_219' title='bbox 1661 3034 1926 3106; x_wconf 80' lang='lat' dir='ltr'><strong>quomodo</strong></span> <span class='ocrx_word' id='word_1_220' title='bbox 1962 3043 2018 3089; x_wconf 90' lang='lat' dir='ltr'><strong>tu</strong></span> 
     </span>
    </p>
   </div>
   <div class='ocr_carea' id='block_1_32' title="bbox 442 3126 2019 3197">
    <p class='ocr_par' dir='ltr' id='par_1_32' title="bbox 442 3126 2019 3197">
     <span class='ocr_line' id='line_1_32' title="bbox 442 3126 2019 3197; baseline -0.001 -14"><span class='ocrx_word' id='word_1_221' title='bbox 442 3130 612 3184; x_wconf 86' lang='lat' dir='ltr'><strong>dicis?</strong></span> <span class='ocrx_word' id='word_1_222' title='bbox 640 3130 813 3197; x_wconf 86' lang='lat' dir='ltr'><strong>Quare</strong></span> <span class='ocrx_word' id='word_1_223' title='bbox 841 3127 1121 3183; x_wconf 83' lang='lat' dir='ltr'><strong>mentiris?</strong></span> <span class='ocrx_word' id='word_1_224' title='bbox 1171 3128 1347 3196; x_wconf 84' lang='lat' dir='ltr'><strong>Quare</strong></span> <span class='ocrx_word' id='word_1_225' title='bbox 1366 3126 1497 3183; x_wconf 87' lang='lat' dir='ltr'><strong>falsa</strong></span> <span class='ocrx_word' id='word_1_226' title='bbox 1521 3128 1674 3182; x_wconf 91' lang='lat' dir='ltr'><strong>laude</strong></span> <span class='ocrx_word' id='word_1_227' title='bbox 1696 3127 2019 3181; x_wconf 82' lang='lat' dir='ltr'><strong>bonorasin-</strong></span> 
     </span>
    </p>
   </div>
   <div class='ocr_carea' id='block_1_33' title="bbox 445 3219 2019 3291">
    <p class='ocr_par' dir='ltr' id='par_1_33' title="bbox 445 3219 2019 3291">
     <span class='ocr_line' id='line_1_33' title="bbox 445 3219 2019 3291; baseline -0.002 -15"><span class='ocrx_word' id='word_1_228' title='bbox 445 3221 671 3291; x_wconf 85' lang='lat' dir='ltr'><strong>dignos?</strong></span> <span class='ocrx_word' id='word_1_229' title='bbox 697 3219 885 3276; x_wconf 89' lang='lat' dir='ltr'><strong>Nonne</strong></span> <span class='ocrx_word' id='word_1_230' title='bbox 934 3220 1001 3276; x_wconf 90' lang='lat' dir='ltr'><strong>ibi</strong></span> <span class='ocrx_word' id='word_1_231' title='bbox 1040 3219 1199 3275; x_wconf 91' lang='lat' dir='ltr'><strong>modo</strong></span> <span class='ocrx_word' id='word_1_232' title='bbox 1226 3220 1277 3274; x_wconf 92' lang='lat' dir='ltr'><strong>in</strong></span> <span class='ocrx_word' id='word_1_233' title='bbox 1305 3234 1489 3274; x_wconf 87' lang='lat' dir='ltr'><strong>eorum</strong></span> <span class='ocrx_word' id='word_1_234' title='bbox 1536 3220 1790 3274; x_wconf 86' lang='lat' dir='ltr'><strong>societate</strong></span> <span class='ocrx_word' id='word_1_235' title='bbox 1814 3220 2019 3289; x_wconf 82' lang='lat' dir='ltr'><strong>positus</strong></span> 
     </span>
    </p>
   </div>
   <div class='ocr_carea' id='block_1_34' title="bbox 445 3310 2017 3383">
    <p class='ocr_par' dir='ltr' id='par_1_34' title="bbox 445 3310 2017 3383">
     <span class='ocr_line' id='line_1_34' title="bbox 445 3310 2017 3383; baseline -0.001 -16"><span class='ocrx_word' id='word_1_236' title='bbox 445 3313 724 3383; x_wconf 81' lang='lat' dir='ltr'><strong>presbyter</strong></span> <span class='ocrx_word' id='word_1_237' title='bbox 748 3320 1115 3367; x_wconf 85' lang='lat' dir='ltr'><strong>testamentum</strong></span> <span class='ocrx_word' id='word_1_238' title='bbox 1146 3311 1286 3375; x_wconf 84' lang='lat' dir='ltr'><strong>fecit,</strong></span> <span class='ocrx_word' id='word_1_239' title='bbox 1317 3320 1371 3366; x_wconf 89' lang='lat' dir='ltr'><strong>et</strong></span> <span class='ocrx_word' id='word_1_240' title='bbox 1388 3310 1527 3381; x_wconf 89' lang='lat' dir='ltr'><strong>quod</strong></span> <span class='ocrx_word' id='word_1_241' title='bbox 1555 3310 2017 3379; x_wconf 84' lang='lat' dir='ltr'><strong>babuitquomodo</strong></span> 
     </span>
    </p>
   </div>
   <div class='ocr_carea' id='block_1_35' title="bbox 449 3399 2020 3474">
    <p class='ocr_par' dir='ltr' id='par_1_35' title="bbox 449 3399 2020 3474">
     <span class='ocr_line' id='line_1_35' title="bbox 449 3399 2020 3474; baseline -0.001 -18"><span class='ocrx_word' id='word_1_242' title='bbox 449 3403 615 3456; x_wconf 88' lang='lat' dir='ltr'><strong>voluit</strong></span> <span class='ocrx_word' id='word_1_243' title='bbox 644 3402 925 3474; x_wconf 63' lang='lat' dir='ltr'><strong>disposuit,</strong></span> <span class='ocrx_word' id='word_1_244' title='bbox 974 3410 1029 3457; x_wconf 88' lang='lat' dir='ltr'><strong>et</strong></span> <span class='ocrx_word' id='word_1_245' title='bbox 1057 3399 1311 3471; x_wconf 73' lang='lat' dir='ltr'><strong>reliquit?</strong></span> <span class='ocrx_word' id='word_1_246' title='bbox 1361 3401 1517 3455; x_wconf 87' lang='lat' dir='ltr'><strong>Certe</strong></span> <span class='ocrx_word' id='word_1_247' title='bbox 1557 3402 1732 3455; x_wconf 88' lang='lat' dir='ltr'><strong>omnia</strong></span> <span class='ocrx_word' id='word_1_248' title='bbox 1778 3401 1846 3454; x_wconf 90' lang='lat' dir='ltr'><strong>ibi</strong></span> <span class='ocrx_word' id='word_1_249' title='bbox 1898 3410 2020 3455; x_wconf 90' lang='lat' dir='ltr'><strong>sunt</strong></span> 
     </span>
    </p>
   </div>
   <div class='ocr_carea' id='block_1_36' title="bbox 442 3491 2018 3561">
    <p class='ocr_par' dir='ltr' id='par_1_36' title="bbox 442 3491 2018 3561">
     <span class='ocr_line' id='line_1_36' title="bbox 442 3491 2018 3561; baseline 0 -15"><span class='ocrx_word' id='word_1_250' title='bbox 442 3492 784 3547; x_wconf 85' lang='lat' dir='ltr'><strong>communia?</strong></span> <span class='ocrx_word' id='word_1_251' title='bbox 813 3503 959 3548; x_wconf 89' lang='lat' dir='ltr'><strong>certe</strong></span> <span class='ocrx_word' id='word_1_252' title='bbox 980 3507 1138 3548; x_wconf 90' lang='lat' dir='ltr'><strong>nemo</strong></span> <span class='ocrx_word' id='word_1_253' title='bbox 1161 3492 1288 3546; x_wconf 88' lang='lat' dir='ltr'><strong>dicit</strong></span> <span class='ocrx_word' id='word_1_254' title='bbox 1328 3491 1525 3561; x_wconf 88' lang='lat' dir='ltr'><strong>aliquid</strong></span> <span class='ocrx_word' id='word_1_255' title='bbox 1553 3492 1751 3546; x_wconf 80' lang='lat' dir='ltr'><strong>suum?</strong></span> <span class='ocrx_word' id='word_1_256' title='bbox 1780 3492 1890 3546; x_wconf 88' lang='lat' dir='ltr'><strong>Sub</strong></span> <span class='ocrx_word' id='word_1_257' title='bbox 1938 3493 2018 3548; x_wconf 91' lang='lat' dir='ltr'><strong>bis</strong></span> 
     </span>
    </p>
   </div>
   <div class='ocr_carea' id='block_1_37' title="bbox 443 3582 2019 3654">
    <p class='ocr_par' dir='ltr' id='par_1_37' title="bbox 443 3582 2019 3654">
     <span class='ocr_line' id='line_1_37' title="bbox 443 3582 2019 3654; baseline -0.001 -15"><span class='ocrx_word' id='word_1_258' title='bbox 443 3586 622 3640; x_wconf 83' lang='lat' dir='ltr'><strong>verbis</strong></span> <span class='ocrx_word' id='word_1_259' title='bbox 667 3585 792 3654; x_wconf 87' lang='lat' dir='ltr'><strong>quid</strong></span> <span class='ocrx_word' id='word_1_260' title='bbox 839 3593 1021 3654; x_wconf 80' lang='lat' dir='ltr'><strong>ageret</strong></span> <span class='ocrx_word' id='word_1_261' title='bbox 1073 3585 1319 3638; x_wconf 87' lang='lat' dir='ltr'><strong>laudator</strong></span> <span class='ocrx_word' id='word_1_262' title='bbox 1370 3583 1562 3638; x_wconf 83' lang='lat' dir='ltr'><strong>meus?</strong></span> <span class='ocrx_word' id='word_1_263' title='bbox 1607 3582 1793 3637; x_wconf 85' lang='lat' dir='ltr'><strong>Nonne</strong></span> <span class='ocrx_word' id='word_1_264' title='bbox 1819 3599 1880 3637; x_wconf 93' lang='lat' dir='ltr'><strong>os</strong></span> <span class='ocrx_word' id='word_1_265' title='bbox 1905 3586 2019 3653; x_wconf 87' lang='lat' dir='ltr'><strong>ejus</strong></span> 
     </span>
    </p>
   </div>
   <div class='ocr_carea' id='block_1_38' title="bbox 447 3671 2010 3743">
    <p class='ocr_par' dir='ltr' id='par_1_38' title="bbox 447 3671 2010 3743">
     <span class='ocr_line' id='line_1_38' title="bbox 447 3671 2010 3743; baseline -0.002 -15"><span class='ocrx_word' id='word_1_266' title='bbox 447 3674 598 3743; x_wconf 76' lang='lat' dir='ltr'><strong>quasi</strong></span> <span class='ocrx_word' id='word_1_267' title='bbox 650 3673 861 3743; x_wconf 89' lang='lat' dir='ltr'><strong>plumbo</strong></span> <span class='ocrx_word' id='word_1_268' title='bbox 902 3672 1160 3741; x_wconf 87' lang='lat' dir='ltr'><strong>oppilaret</strong></span> <span class='ocrx_word' id='word_1_269' title='bbox 1190 3671 1278 3726; x_wconf 91' lang='lat' dir='ltr'><strong>ille</strong></span> <span class='ocrx_word' id='word_1_270' title='bbox 1310 3671 1616 3725; x_wconf 80' lang='lat' dir='ltr'><strong>detractor?</strong></span> <span class='ocrx_word' id='word_1_271' title='bbox 1639 3671 1825 3726; x_wconf 88' lang='lat' dir='ltr'><strong>Nonne</strong></span> <span class='ocrx_word' id='word_1_272' title='bbox 1864 3672 2010 3726; x_wconf 91' lang='lat' dir='ltr'><strong>illum</strong></span> 
     </span>
    </p>
   </div>
   <div class='ocr_carea' id='block_1_39' title="bbox 446 3760 2014 3839">
    <p class='ocr_par' dir='ltr' id='par_1_39' title="bbox 446 3760 2014 3839">
     <span class='ocr_line' id='line_1_39' title="bbox 446 3760 2014 3839; baseline -0.001 -23"><span class='ocrx_word' id='word_1_273' title='bbox 446 3762 688 3817; x_wconf 82' lang='lat' dir='ltr'><strong>laudasse</strong></span> <span class='ocrx_word' id='word_1_274' title='bbox 717 3762 1030 3831; x_wconf 75' lang='lat' dir='ltr'><strong>pmtiiteret?</strong></span> <span class='ocrx_word' id='word_1_275' title='bbox 1058 3760 1240 3815; x_wconf 91' lang='lat' dir='ltr'><strong>Nonne</strong></span> <span class='ocrx_word' id='word_1_276' title='bbox 1270 3761 1561 3815; x_wconf 89' lang='lat' dir='ltr'><strong>reverentia</strong></span> <span class='ocrx_word' id='word_1_277' title='bbox 1592 3761 1836 3839; x_wconf 83' lang='lat' dir='ltr'><strong>perfusus</strong></span> <span class='ocrx_word' id='word_1_278' title='bbox 1870 3772 1922 3817; x_wconf 90' lang='lat' dir='ltr'><strong>et</strong></span> <span class='ocrx_word' id='word_1_279' title='bbox 1946 3763 2014 3815; x_wconf 90' lang='lat' dir='ltr'><strong>il-</strong></span> 
     </span>
    </p>
   </div>
   <div class='ocr_carea' id='block_1_40' title="bbox 448 3852 2016 3918">
    <p class='ocr_par' dir='ltr' id='par_1_40' title="bbox 448 3852 2016 3918">
     <span class='ocr_line' id='line_1_40' title="bbox 448 3852 2016 3918; baseline -0.001 -11"><span class='ocrx_word' id='word_1_280' title='bbox 448 3855 549 3908; x_wconf 87' lang='lat' dir='ltr'><strong>lius</strong></span> <span class='ocrx_word' id='word_1_281' title='bbox 576 3869 820 3908; x_wconf 87' lang='lat' dir='ltr'><strong>sermone</strong></span> <span class='ocrx_word' id='word_1_282' title='bbox 848 3853 1116 3918; x_wconf 85' lang='lat' dir='ltr'><strong>confusus,</strong></span> <span class='ocrx_word' id='word_1_283' title='bbox 1144 3853 1224 3907; x_wconf 85' lang='lat' dir='ltr'><strong>vel</strong></span> <span class='ocrx_word' id='word_1_284' title='bbox 1250 3852 1401 3906; x_wconf 88' lang='lat' dir='ltr'><strong>nobis</strong></span> <span class='ocrx_word' id='word_1_285' title='bbox 1427 3854 1510 3907; x_wconf 88' lang='lat' dir='ltr'><strong>vel</strong></span> <span class='ocrx_word' id='word_1_286' title='bbox 1542 3853 1778 3907; x_wconf 89' lang='lat' dir='ltr'><strong>testatori</strong></span> <span class='ocrx_word' id='word_1_287' title='bbox 1802 3853 1875 3907; x_wconf 92' lang='lat' dir='ltr'><strong>illi</strong></span> <span class='ocrx_word' id='word_1_288' title='bbox 1900 3868 2016 3906; x_wconf 87' lang='lat' dir='ltr'><strong>ma-</strong></span> 
     </span>
    </p>
   </div>
   <div class='ocr_carea' id='block_1_41' title="bbox 446 3942 2018 4014">
    <p class='ocr_par' dir='ltr' id='par_1_41' title="bbox 446 3942 2018 4014">
     <span class='ocr_line' id='line_1_41' title="bbox 446 3942 2018 4014; baseline 0.001 -18"><span class='ocrx_word' id='word_1_289' title='bbox 446 3943 694 3998; x_wconf 89' lang='lat' dir='ltr'><strong>lediceret</strong></span> <span class='ocrx_word' id='word_1_290' title='bbox 719 3944 744 3996; x_wconf 85' lang='lat'><strong><em>?</em></strong></span> <span class='ocrx_word' id='word_1_291' title='bbox 781 3943 905 3998; x_wconf 71' lang='grc' dir='ltr'><strong>ΙΙωο</strong></span> <span class='ocrx_word' id='word_1_292' title='bbox 934 3942 1031 3997; x_wconf 92' lang='lat' dir='ltr'><strong>fuit</strong></span> <span class='ocrx_word' id='word_1_293' title='bbox 1061 3943 1370 4010; x_wconf 85' lang='lat' dir='ltr'><strong>necessitas,</strong></span> <span class='ocrx_word' id='word_1_294' title='bbox 1403 3951 1459 3997; x_wconf 91' lang='lat' dir='ltr'><strong>ut</strong></span> <span class='ocrx_word' id='word_1_295' title='bbox 1494 3942 1559 3996; x_wconf 93' lang='lat' dir='ltr'><strong>ad</strong></span> <span class='ocrx_word' id='word_1_296' title='bbox 1592 3942 1744 3997; x_wconf 91' lang='lat' dir='ltr'><strong>istam</strong></span> <span class='ocrx_word' id='word_1_297' title='bbox 1789 3943 2018 4014; x_wconf 86' lang='lat' dir='ltr'><strong>diligen-</strong></span> 
     </span>
    </p>
   </div>
   <div class='ocr_carea' id='block_1_42' title="bbox 446 4035 919 4089">
    <p class='ocr_par' dir='ltr' id='par_1_42' title="bbox 446 4035 919 4089">
     <span class='ocr_line' id='line_1_42' title="bbox 446 4035 919 4089; baseline -0.002 -1"><span class='ocrx_word' id='word_1_298' title='bbox 446 4035 574 4088; x_wconf 87' lang='lat' dir='ltr'><strong>tiam</strong></span> <span class='ocrx_word' id='word_1_299' title='bbox 602 4035 919 4089; x_wconf 90' lang='lat' dir='ltr'><strong>veniremus.</strong></span> 
     </span>
    </p>
   </div>
   <div class='ocr_carea' id='block_1_43' title="bbox 516 4126 2020 4197">
    <p class='ocr_par' dir='ltr' id='par_1_43' title="bbox 516 4126 2020 4197">
     <span class='ocr_line' id='line_1_43' title="bbox 516 4126 2020 4197; baseline -0.002 -15"><span class='ocrx_word' id='word_1_300' title='bbox 516 4128 568 4182; x_wconf 84' lang='lat'><strong>5.</strong></span> <span class='ocrx_word' id='word_1_301' title='bbox 611 4126 791 4180; x_wconf 81' lang='lat' dir='ltr'><strong>Clerici</strong></span> <span class='ocrx_word' id='word_1_302' title='bbox 827 4144 998 4180; x_wconf 86' lang='lat' dir='ltr'><strong>omnes</strong></span> <span class='ocrx_word' id='word_1_303' title='bbox 1027 4127 1290 4197; x_wconf 80' lang='lat' dir='ltr'><strong>Augustini</strong></span> <span class='ocrx_word' id='word_1_304' title='bbox 1326 4126 1377 4180; x_wconf 91' lang='lat' dir='ltr'><strong>in</strong></span> <span class='ocrx_word' id='word_1_305' title='bbox 1417 4127 1671 4197; x_wconf 82' lang='lat' dir='ltr'><strong>preposito</strong></span> <span class='ocrx_word' id='word_1_306' title='bbox 1713 4126 2020 4197; x_wconf 81' lang='lat' dir='ltr'><strong>paupertatis</strong></span> 
     </span>
    </p>
   </div>
   <div class='ocr_carea' id='block_1_44' title="bbox 447 4214 2020 4282">
    <p class='ocr_par' dir='ltr' id='par_1_44' title="bbox 447 4214 2020 4282">
     <span class='ocr_line' id='line_1_44' title="bbox 447 4214 2020 4282; baseline -0.002 -11"><span class='ocrx_word' id='word_1_307' title='bbox 447 4222 727 4271; x_wconf 73' lang='lat' dir='ltr'><strong>constantes</strong></span> <span class='ocrx_word' id='word_1_308' title='bbox 776 4218 976 4269; x_wconf 72' lang='lat' dir='ltr'><strong>inventi.</strong></span> <span class='ocrx_word' id='word_1_309' title='bbox 1029 4215 1209 4269; x_wconf 65' lang='lat' dir='ltr'><strong>Valens</strong></span> <span class='ocrx_word' id='word_1_310' title='bbox 1256 4216 1530 4282; x_wconf 77' lang='lat' dir='ltr'><strong>diaconus,</strong></span> <span class='ocrx_word' id='word_1_311' title='bbox 1594 4215 1849 4269; x_wconf 86' lang='lat' dir='ltr'><strong>Patricius</strong></span> <span class='ocrx_word' id='word_1_312' title='bbox 1899 4214 2020 4268; x_wconf 80' lang='lat' dir='ltr'><strong>sub-</strong></span> 
     </span>
    </p>
   </div>
   <div class='ocr_carea' id='block_1_45' title="bbox 449 4305 2020 4376">
    <p class='ocr_par' dir='ltr' id='par_1_45' title="bbox 449 4305 2020 4376">
     <span class='ocr_line' id='line_1_45' title="bbox 449 4305 2020 4376; baseline 0.001 -17"><span class='ocrx_word' id='word_1_313' title='bbox 449 4307 710 4360; x_wconf 73' lang='lat' dir='ltr'><strong>diaconus.</strong></span> <span class='ocrx_word' id='word_1_314' title='bbox 758 4306 953 4361; x_wconf 90' lang='lat' dir='ltr'><strong>Nuntio</strong></span> <span class='ocrx_word' id='word_1_315' title='bbox 991 4320 1120 4376; x_wconf 83' lang='lat' dir='ltr'><strong>ergo</strong></span> <span class='ocrx_word' id='word_1_316' title='bbox 1166 4307 1313 4360; x_wconf 89' lang='lat' dir='ltr'><strong>vobis</strong></span> <span class='ocrx_word' id='word_1_317' title='bbox 1340 4306 1478 4360; x_wconf 91' lang='lat' dir='ltr'><strong>unde</strong></span> <span class='ocrx_word' id='word_1_318' title='bbox 1506 4307 1793 4376; x_wconf 79' lang='lat' dir='ltr'><strong>gaudeatis.</strong></span> <span class='ocrx_word' id='word_1_319' title='bbox 1823 4305 2020 4361; x_wconf 90' lang='lat' dir='ltr'><strong>Omnes</strong></span> 
     </span>
    </p>
   </div>
   <div class='ocr_carea' id='block_1_46' title="bbox 446 4396 2021 4467">
    <p class='ocr_par' dir='ltr' id='par_1_46' title="bbox 446 4396 2021 4467">
     <span class='ocr_line' id='line_1_46' title="bbox 446 4396 2021 4467; baseline 0.001 -17"><span class='ocrx_word' id='word_1_320' title='bbox 446 4396 634 4452; x_wconf 76' lang='lat' dir='ltr'><strong>fratres</strong></span> <span class='ocrx_word' id='word_1_321' title='bbox 658 4404 711 4451; x_wconf 91' lang='lat' dir='ltr'><strong>et</strong></span> <span class='ocrx_word' id='word_1_322' title='bbox 738 4396 962 4449; x_wconf 89' lang='lat' dir='ltr'><strong>clericos</strong></span> <span class='ocrx_word' id='word_1_323' title='bbox 992 4411 1160 4460; x_wconf 87' lang='lat' dir='ltr'><strong>meos,</strong></span> <span class='ocrx_word' id='word_1_324' title='bbox 1199 4397 1287 4467; x_wconf 90' lang='lat' dir='ltr'><strong>qui</strong></span> <span class='ocrx_word' id='word_1_325' title='bbox 1332 4410 1537 4450; x_wconf 89' lang='lat' dir='ltr'><strong>mecum</strong></span> <span class='ocrx_word' id='word_1_326' title='bbox 1593 4396 1857 4461; x_wconf 88' lang='lat' dir='ltr'><strong>habitant,</strong></span> <span class='ocrx_word' id='word_1_327' title='bbox 1900 4412 2021 4467; x_wconf 91' lang='lat' dir='ltr'><strong>pre-</strong></span> 
     </span>
    </p>
   </div>
   <div class='ocr_carea' id='block_1_47' title="bbox 448 4484 2019 4556">
    <p class='ocr_par' dir='ltr' id='par_1_47' title="bbox 448 4484 2019 4556">
     <span class='ocr_line' id='line_1_47' title="bbox 448 4484 2019 4556; baseline 0.001 -17"><span class='ocrx_word' id='word_1_328' title='bbox 448 4485 709 4556; x_wconf 85' lang='lat' dir='ltr'><strong>sbyteros,</strong></span> <span class='ocrx_word' id='word_1_329' title='bbox 723 4485 991 4547; x_wconf 88' lang='lat' dir='ltr'><strong>diaconos,</strong></span> <span class='ocrx_word' id='word_1_330' title='bbox 1007 4485 1377 4550; x_wconf 90' lang='lat' dir='ltr'><strong>subdiaconos,</strong></span> <span class='ocrx_word' id='word_1_331' title='bbox 1397 4494 1448 4540; x_wconf 87' lang='lat' dir='ltr'><strong>et</strong></span> <span class='ocrx_word' id='word_1_332' title='bbox 1471 4484 1751 4539; x_wconf 86' lang='lat' dir='ltr'><strong>Patricium</strong></span> <span class='ocrx_word' id='word_1_333' title='bbox 1773 4496 2019 4556; x_wconf 90' lang='lat' dir='ltr'><strong>nepotem</strong></span> 
     </span>
    </p>
   </div>
   <div class='ocr_carea' id='block_1_48' title="bbox 449 4574 2019 4647">
    <p class='ocr_par' dir='ltr' id='par_1_48' title="bbox 449 4574 2019 4647">
     <span class='ocr_line' id='line_1_48' title="bbox 449 4574 2019 4647; baseline 0.001 -19"><span class='ocrx_word' id='word_1_334' title='bbox 449 4591 646 4637; x_wconf 88' lang='lat' dir='ltr'><strong>meum,</strong></span> <span class='ocrx_word' id='word_1_335' title='bbox 672 4574 802 4629; x_wconf 90' lang='lat' dir='ltr'><strong>tales</strong></span> <span class='ocrx_word' id='word_1_336' title='bbox 832 4576 1025 4639; x_wconf 90' lang='lat' dir='ltr'><strong>inveni,</strong></span> <span class='ocrx_word' id='word_1_337' title='bbox 1054 4576 1234 4645; x_wconf 86' lang='lat' dir='ltr'><strong>quales</strong></span> <span class='ocrx_word' id='word_1_338' title='bbox 1250 4575 1562 4631; x_wconf 84' lang='lat' dir='ltr'><strong>desideravi.</strong></span> <span class='ocrx_word' id='word_1_339' title='bbox 1594 4575 1697 4630; x_wconf 91' lang='lat' dir='ltr'><strong>Sed</strong></span> <span class='ocrx_word' id='word_1_340' title='bbox 1723 4578 1810 4647; x_wconf 89' lang='lat' dir='ltr'><strong>qui</strong></span> <span class='ocrx_word' id='word_1_341' title='bbox 1839 4577 1906 4632; x_wconf 91' lang='lat' dir='ltr'><strong>de</strong></span> <span class='ocrx_word' id='word_1_342' title='bbox 1925 4592 2019 4632; x_wconf 90' lang='lat' dir='ltr'><strong>sua</strong></span> 
     </span>
    </p>
   </div>
   <div class='ocr_carea' id='block_1_49' title="bbox 446 4663 2019 4735">
    <p class='ocr_par' dir='ltr' id='par_1_49' title="bbox 446 4663 2019 4735">
     <span class='ocr_line' id='line_1_49' title="bbox 446 4663 2019 4735; baseline 0.003 -19"><span class='ocrx_word' id='word_1_343' title='bbox 446 4663 818 4734; x_wconf 87' lang='lat' dir='ltr'><strong>qualicumque</strong></span> <span class='ocrx_word' id='word_1_344' title='bbox 868 4674 1202 4735; x_wconf 87' lang='lat' dir='ltr'><strong>paupertate,</strong></span> <span class='ocrx_word' id='word_1_345' title='bbox 1233 4664 1378 4735; x_wconf 86' lang='lat' dir='ltr'><strong>quod</strong></span> <span class='ocrx_word' id='word_1_346' title='bbox 1424 4672 1740 4730; x_wconf 87' lang='lat' dir='ltr'><strong>statuerant,</strong></span> <span class='ocrx_word' id='word_1_347' title='bbox 1786 4665 2019 4720; x_wconf 91' lang='lat' dir='ltr'><strong>nondum</strong></span> 
     </span>
    </p>
   </div>
   <div class='ocr_carea' id='block_1_50' title="bbox 446 4740 2021 4826">
    <p class='ocr_par' dir='ltr' id='par_1_50' title="bbox 446 4740 2021 4826">
     <span class='ocr_line' id='line_1_50' title="bbox 446 4740 2021 4826; baseline 0.004 -21"><span class='ocrx_word' id='word_1_348' title='bbox 446 4756 707 4819; x_wconf 86' lang='lat' dir='ltr'><strong>fecerunt,</strong></span> <span class='ocrx_word' id='word_1_349' title='bbox 737 4753 909 4808; x_wconf 86' lang='lat' dir='ltr'><strong>biduo</strong></span> <span class='ocrx_word' id='word_1_350' title='bbox 932 4764 1074 4821; x_wconf 90' lang='lat' dir='ltr'><strong>sunt,</strong></span> <span class='ocrx_word' id='word_1_351' title='bbox 1106 4756 1296 4810; x_wconf 84' lang='lat' dir='ltr'><strong>Valens</strong></span> <span class='ocrx_word' id='word_1_352' title='bbox 1322 4740 1596 4820; x_wconf 86' lang='lat' dir='ltr'><strong>diaconus,</strong></span> <span class='ocrx_word' id='word_1_353' title='bbox 1630 4764 1684 4811; x_wconf 90' lang='lat' dir='ltr'><strong>et</strong></span> <span class='ocrx_word' id='word_1_354' title='bbox 1714 4756 1867 4826; x_wconf 92' lang='lat' dir='ltr'><strong>paulo</strong></span> <span class='ocrx_word' id='word_1_355' title='bbox 1899 4766 2021 4811; x_wconf 87' lang='lat' dir='ltr'><strong>ante</strong></span> 
     </span>
    </p>
   </div>
   <div class='ocr_carea' id='block_1_51' title="bbox 446 4844 2018 4914">
    <p class='ocr_par' dir='ltr' id='par_1_51' title="bbox 446 4844 2018 4914">
     <span class='ocr_line' id='line_1_51' title="bbox 446 4844 2018 4914; baseline 0.003 -17"><span class='ocrx_word' id='word_1_356' title='bbox 446 4844 619 4898; x_wconf 86' lang='lat' dir='ltr'><strong>dictus</strong></span> <span class='ocrx_word' id='word_1_357' title='bbox 650 4859 816 4914; x_wconf 90' lang='lat' dir='ltr'><strong>nepos</strong></span> <span class='ocrx_word' id='word_1_358' title='bbox 842 4860 993 4899; x_wconf 89' lang='lat' dir='ltr'><strong>meus</strong></span> <span class='ocrx_word' id='word_1_359' title='bbox 1013 4846 1365 4900; x_wconf 90' lang='lat' dir='ltr'><strong>subdiaconus</strong></span> <span class='ocrx_word' id='word_1_360' title='bbox 1389 4864 1403 4911; x_wconf 90' lang='lat'><strong>;</strong></span> <span class='ocrx_word' id='word_1_361' title='bbox 1432 4847 1525 4902; x_wconf 90' lang='lat' dir='ltr'><strong>sed</strong></span> <span class='ocrx_word' id='word_1_362' title='bbox 1564 4849 1747 4902; x_wconf 86' lang='lat' dir='ltr'><strong>matris</strong></span> <span class='ocrx_word' id='word_1_363' title='bbox 1772 4847 1875 4901; x_wconf 89' lang='lat' dir='ltr'><strong>vita</strong></span> <span class='ocrx_word' id='word_1_364' title='bbox 1915 4846 2018 4901; x_wconf 84' lang='lat' dir='ltr'><strong>im-</strong></span> 
     </span>
    </p>
   </div>
   <div class='ocr_carea' id='block_1_52' title="bbox 447 4934 2014 5008">
    <p class='ocr_par' dir='ltr' id='par_1_52' title="bbox 447 4934 2014 5008">
     <span class='ocr_line' id='line_1_52' title="bbox 447 4934 2014 5008; baseline 0.003 -20"><span class='ocrx_word' id='word_1_365' title='bbox 447 4935 708 5004; x_wconf 86' lang='lat' dir='ltr'><strong>pediebat,</strong></span> <span class='ocrx_word' id='word_1_366' title='bbox 740 4934 861 5005; x_wconf 90' lang='lat' dir='ltr'><strong>quia</strong></span> <span class='ocrx_word' id='word_1_367' title='bbox 901 4934 1023 4990; x_wconf 90' lang='lat' dir='ltr'><strong>inde</strong></span> <span class='ocrx_word' id='word_1_368' title='bbox 1076 4936 1303 4991; x_wconf 82' lang='lat' dir='ltr'><strong>vivebat.</strong></span> <span class='ocrx_word' id='word_1_369' title='bbox 1350 4937 1767 5008; x_wconf 83' lang='lat' dir='ltr'><strong>Exspectabatur</strong></span> <span class='ocrx_word' id='word_1_370' title='bbox 1814 4938 1865 4990; x_wconf 90' lang='lat' dir='ltr'><strong>in</strong></span> <span class='ocrx_word' id='word_1_371' title='bbox 1921 4937 2014 4992; x_wconf 90' lang='lat' dir='ltr'><strong>illo</strong></span> 
     </span>
    </p>
   </div>
   <div class='ocr_carea' id='block_1_53' title="bbox 445 5024 2014 5096">
    <p class='ocr_par' dir='ltr' id='par_1_53' title="bbox 445 5024 2014 5096">
     <span class='ocr_line' id='line_1_53' title="bbox 445 5024 2014 5096; baseline 0.002 -18"><span class='ocrx_word' id='word_1_372' title='bbox 445 5024 605 5079; x_wconf 87' lang='lat' dir='ltr'><strong>etiam</strong></span> <span class='ocrx_word' id='word_1_373' title='bbox 652 5024 897 5094; x_wconf 87' lang='lat' dir='ltr'><strong>legitimae</strong></span> <span class='ocrx_word' id='word_1_374' title='bbox 942 5026 1113 5079; x_wconf 78' lang='lat' dir='ltr'><strong>aetatis</strong></span> <span class='ocrx_word' id='word_1_375' title='bbox 1151 5040 1396 5080; x_wconf 89' lang='lat' dir='ltr'><strong>accessus</strong></span> <span class='ocrx_word' id='word_1_376' title='bbox 1422 5066 1438 5092; x_wconf 85' lang='lat'><strong>,</strong></span> <span class='ocrx_word' id='word_1_377' title='bbox 1486 5035 1544 5080; x_wconf 93' lang='lat' dir='ltr'><strong>ut</strong></span> <span class='ocrx_word' id='word_1_378' title='bbox 1594 5024 1735 5096; x_wconf 85' lang='lat' dir='ltr'><strong>quod</strong></span> <span class='ocrx_word' id='word_1_379' title='bbox 1776 5026 2014 5092; x_wconf 86' lang='lat' dir='ltr'><strong>faceret,</strong></span> 
     </span>
    </p>
   </div>
   <div class='ocr_carea' id='block_1_54' title="bbox 448 5113 2019 5188">
    <p class='ocr_par' dir='ltr' id='par_1_54' title="bbox 448 5113 2019 5188">
     <span class='ocr_line' id='line_1_54' title="bbox 448 5113 2019 5188; baseline 0.004 -21"><span class='ocrx_word' id='word_1_380' title='bbox 448 5113 753 5169; x_wconf 84' lang='lat' dir='ltr'><strong>flrtnissime</strong></span> <span class='ocrx_word' id='word_1_381' title='bbox 790 5114 1007 5171; x_wconf 86' lang='lat' dir='ltr'><strong>faceret.</strong></span> <span class='ocrx_word' id='word_1_382' title='bbox 1038 5115 1280 5169; x_wconf 85' lang='lat' dir='ltr'><strong>Nondum</strong></span> <span class='ocrx_word' id='word_1_383' title='bbox 1326 5126 1502 5170; x_wconf 88' lang='lat' dir='ltr'><strong>autem</strong></span> <span class='ocrx_word' id='word_1_384' title='bbox 1534 5117 1676 5185; x_wconf 90' lang='lat' dir='ltr'><strong>fecit,</strong></span> <span class='ocrx_word' id='word_1_385' title='bbox 1721 5119 1845 5187; x_wconf 90' lang='lat' dir='ltr'><strong>quia</strong></span> <span class='ocrx_word' id='word_1_386' title='bbox 1875 5118 2019 5188; x_wconf 89' lang='lat' dir='ltr'><strong>ipsos</strong></span> 
     </span>
    </p>
   </div>
   <div class='ocr_carea' id='block_1_55' title="bbox 447 5207 2016 5274">
    <p class='ocr_par' dir='ltr' id='par_1_55' title="bbox 447 5207 2016 5274">
     <span class='ocr_line' id='line_1_55' title="bbox 447 5207 2016 5274; baseline 0.002 -14"><span class='ocrx_word' id='word_1_387' title='bbox 447 5207 647 5274; x_wconf 75' lang='lat' dir='ltr'><strong>agellos</strong></span> <span class='ocrx_word' id='word_1_388' title='bbox 677 5208 976 5262; x_wconf 86' lang='lat' dir='ltr'><strong>habetcum</strong></span> <span class='ocrx_word' id='word_1_389' title='bbox 1002 5222 1100 5262; x_wconf 91' lang='lat' dir='ltr'><strong>suo</strong></span> <span class='ocrx_word' id='word_1_390' title='bbox 1130 5208 1292 5262; x_wconf 79' lang='lat' dir='ltr'><strong>fratre</strong></span> <span class='ocrx_word' id='word_1_391' title='bbox 1318 5222 1648 5270; x_wconf 88' lang='lat' dir='ltr'><strong>communes,</strong></span> <span class='ocrx_word' id='word_1_392' title='bbox 1694 5218 1747 5262; x_wconf 91' lang='lat' dir='ltr'><strong>et</strong></span> <span class='ocrx_word' id='word_1_393' title='bbox 1792 5209 1891 5261; x_wconf 90' lang='lat' dir='ltr'><strong>sub</strong></span> <span class='ocrx_word' id='word_1_394' title='bbox 1933 5210 2016 5263; x_wconf 92' lang='lat' dir='ltr'><strong>in-</strong></span> 
     </span>
    </p>
   </div>
   <div class='ocr_carea' id='block_1_56' title="bbox 452 5296 2017 5364">
    <p class='ocr_par' dir='ltr' id='par_1_56' title="bbox 452 5296 2017 5364">
     <span class='ocr_line' id='line_1_56' title="bbox 452 5296 2017 5364; baseline 0.001 -14"><span class='ocrx_word' id='word_1_395' title='bbox 452 5296 626 5351; x_wconf 80' lang='lat' dir='ltr'><strong>diviso</strong></span> <span class='ocrx_word' id='word_1_396' title='bbox 678 5311 771 5350; x_wconf 86' lang='lat' dir='ltr'><strong>eos</strong></span> <span class='ocrx_word' id='word_1_397' title='bbox 826 5298 1115 5364; x_wconf 86' lang='lat' dir='ltr'><strong>possident.</strong></span> <span class='ocrx_word' id='word_1_398' title='bbox 1164 5296 1218 5351; x_wconf 89' lang='lat' dir='ltr'><strong>Si</strong></span> <span class='ocrx_word' id='word_1_399' title='bbox 1271 5306 1444 5351; x_wconf 90' lang='lat' dir='ltr'><strong>autem</strong></span> <span class='ocrx_word' id='word_1_400' title='bbox 1484 5296 1635 5350; x_wconf 87' lang='lat' dir='ltr'><strong>divisi</strong></span> <span class='ocrx_word' id='word_1_401' title='bbox 1676 5297 1887 5359; x_wconf 85' lang='lat' dir='ltr'><strong>fuerint,</strong></span> <span class='ocrx_word' id='word_1_402' title='bbox 1922 5312 2017 5353; x_wconf 86' lang='lat' dir='ltr'><strong>eos</strong></span> 
     </span>
    </p>
   </div>
   <div class='ocr_carea' id='block_1_57' title="bbox 446 5384 2017 5455">
    <p class='ocr_par' dir='ltr' id='par_1_57' title="bbox 446 5384 2017 5455">
     <span class='ocr_line' id='line_1_57' title="bbox 446 5384 2017 5455; baseline 0.004 -19"><span class='ocrx_word' id='word_1_403' title='bbox 446 5384 593 5453; x_wconf 86' lang='lat' dir='ltr'><strong>cupit</strong></span> <span class='ocrx_word' id='word_1_404' title='bbox 615 5385 631 5416; x_wconf 75' lang='grc'>⁸</span> <span class='ocrx_word' id='word_1_405' title='bbox 665 5384 911 5438; x_wconf 78' lang='lat' dir='ltr'><strong>Ecclesia:</strong></span> <span class='ocrx_word' id='word_1_406' title='bbox 934 5384 1198 5449; x_wconf 87' lang='lat' dir='ltr'><strong>conferre,</strong></span> <span class='ocrx_word' id='word_1_407' title='bbox 1223 5394 1279 5439; x_wconf 93' lang='lat' dir='ltr'><strong>nt</strong></span> <span class='ocrx_word' id='word_1_408' title='bbox 1309 5385 1430 5440; x_wconf 88' lang='lat' dir='ltr'><strong>inde</strong></span> <span class='ocrx_word' id='word_1_409' title='bbox 1460 5385 1670 5439; x_wconf 86' lang='lat' dir='ltr'><strong>alantur</strong></span> <span class='ocrx_word' id='word_1_410' title='bbox 1695 5387 1781 5455; x_wconf 89' lang='lat' dir='ltr'><strong>qui</strong></span> <span class='ocrx_word' id='word_1_411' title='bbox 1804 5396 1927 5440; x_wconf 90' lang='lat' dir='ltr'><strong>sunt</strong></span> <span class='ocrx_word' id='word_1_412' title='bbox 1964 5388 2017 5442; x_wconf 92' lang='lat' dir='ltr'><strong>in</strong></span> 
     </span>
    </p>
   </div>
   <div class='ocr_carea' id='block_1_58' title="bbox 449 5474 2014 5546">
    <p class='ocr_par' dir='ltr' id='par_1_58' title="bbox 449 5474 2014 5546">
     <span class='ocr_line' id='line_1_58' title="bbox 449 5474 2014 5546; baseline 0.003 -20"><span class='ocrx_word' id='word_1_413' title='bbox 449 5474 720 5542; x_wconf 74' lang='lat' dir='ltr'><strong>proposito</strong></span> <span class='ocrx_word' id='word_1_414' title='bbox 769 5474 1062 5530; x_wconf 86' lang='lat' dir='ltr'><strong>sanctitatis</strong></span> <span class='ocrx_word' id='word_1_415' title='bbox 1082 5515 1095 5540; x_wconf 93' lang='lat'><strong>,</strong></span> <span class='ocrx_word' id='word_1_416' title='bbox 1144 5489 1418 5544; x_wconf 87' lang='lat' dir='ltr'><strong>quousque</strong></span> <span class='ocrx_word' id='word_1_417' title='bbox 1462 5475 1514 5529; x_wconf 91' lang='lat' dir='ltr'><strong>in</strong></span> <span class='ocrx_word' id='word_1_418' title='bbox 1535 5474 1634 5529; x_wconf 88' lang='lat' dir='ltr'><strong>hac</strong></span> <span class='ocrx_word' id='word_1_419' title='bbox 1660 5475 1764 5530; x_wconf 81' lang='lat' dir='ltr'><strong>vita</strong></span> <span class='ocrx_word' id='word_1_420' title='bbox 1798 5475 2014 5546; x_wconf 86' lang='lat' dir='ltr'><strong>degunt.</strong></span> 
     </span>
    </p>
   </div>
   <div class='ocr_carea' id='block_1_59' title="bbox 513 5584 2018 5697">
    <p class='ocr_par' dir='ltr' id='par_1_59' title="bbox 513 5584 2018 5697">
     <span class='ocr_line' id='line_1_59' title="bbox 513 5584 2018 5697; baseline 0.007 -66"><span class='ocrx_word' id='word_1_421' title='bbox 513 5585 529 5615; x_wconf 77' lang='grc' dir='ltr'>ι</span> <span class='ocrx_word' id='word_1_422' title='bbox 568 5591 692 5655; x_wconf 69' lang='lat' dir='ltr'><strong>Mss,</strong></span> <span class='ocrx_word' id='word_1_423' title='bbox 724 5585 799 5636; x_wconf 82' lang='lat' dir='ltr'><strong>sic</strong></span> <span class='ocrx_word' id='word_1_424' title='bbox 840 5592 998 5636; x_wconf 79' lang='lat' dir='ltr'><strong>tndem</strong></span> <span class='ocrx_word' id='word_1_425' title='bbox 1034 5586 1163 5650; x_wconf 83' lang='lat' dir='ltr'><strong>cupit</strong></span> <span class='ocrx_word' id='word_1_426' title='bbox 1196 5600 1307 5647; x_wconf 84' lang='lat' dir='ltr'><strong>eos;</strong></span> <span class='ocrx_word' id='word_1_427' title='bbox 1329 5588 1522 5647; x_wconf 86' lang='lat' dir='ltr'><strong>omisso,</strong></span> <span class='ocrx_word' id='word_1_428' title='bbox 1563 5584 1705 5637; x_wconf 82' lang='lat' dir='ltr'><strong>diuisi</strong></span> <span class='ocrx_word' id='word_1_429' title='bbox 1741 5588 1931 5697; x_wconf 50' lang='lat' dir='ltr'><strong>(iuerint.</strong></span> <span class='ocrx_word' id='word_1_430' title='bbox 1965 5597 2018 5641; x_wconf 80' lang='lat' dir='ltr'><strong>Et</strong></span> 
     </span>
     <span class='ocr_line' id='line_1_60' title="bbox 513 5642 2018 5697; baseline 0.003 -4"><span class='ocrx_word' id='word_1_431' title='bbox 513 5642 594 5694; x_wconf 91' lang='lat' dir='ltr'><strong>ulo</strong></span> <span class='ocrx_word' id='word_1_432' title='bbox 611 5647 881 5697; x_wconf 83' lang='lat' dir='ltr'><strong>mfra.loco.</strong></span> <span class='ocrx_word' id='word_1_433' title='bbox 904 5648 1066 5697; x_wconf 72' lang='lat' dir='ltr'><strong>.to&#39;lmc</strong></span> <span class='ocrx_word' id='word_1_434' title='bbox 1087 5656 1244 5697; x_wconf 85' lang='lat' dir='ltr'><strong>autent</strong></span> <span class='ocrx_word' id='word_1_435' title='bbox 1265 5647 1505 5697; x_wconf 84' lang='lat' dir='ltr'><strong>mancim&#39;a</strong></span> <span class='ocrx_word' id='word_1_436' title='bbox 1526 5655 1633 5697; x_wconf 84' lang='lat' dir='ltr'><strong>sunt</strong></span> <span class='ocrx_word' id='word_1_437' title='bbox 1651 5687 1663 5697; x_wconf 91' lang='lat'><strong>.</strong></span> <span class='ocrx_word' id='word_1_438' title='bbox 1686 5648 1746 5697; x_wconf 84' lang='lat' dir='ltr'><strong>ha</strong></span> <span class='ocrx_word' id='word_1_439' title='bbox 1766 5654 1883 5697; x_wconf 70' lang='lat' dir='ltr'><strong>ient.</strong></span> <span class='ocrx_word' id='word_1_440' title='bbox 1908 5650 2018 5697; x_wconf 72' lang='lat' dir='ltr'><strong>lla‘c</strong></span> 
     </span>
    </p>
   </div>
   <div class='ocr_carea' id='block_1_60' title="bbox 450 5642 2018 5718">
    <p class='ocr_par' dir='ltr' id='par_1_60' title="bbox 450 5642 2018 5718">
     <span class='ocr_line' id='line_1_61' title="bbox 450 5642 2018 5718; baseline 0.005 -27"><span class='ocrx_word' id='word_1_441' title='bbox 450 5642 595 5718; x_wconf 79' lang='lat' dir='ltr'><strong>paulo</strong></span> <span class='ocrx_word' id='word_1_442' title='bbox 606 5642 748 5718; x_wconf 78' lang='lat' dir='ltr'><strong>intra,</strong></span> <span class='ocrx_word' id='word_1_443' title='bbox 760 5647 881 5718; x_wconf 62' lang='lat' dir='ltr'><strong>locu,</strong></span> <span class='ocrx_word' id='word_1_444' title='bbox 904 5648 1066 5718; x_wconf 71' lang='lat' dir='ltr'><strong>.utlntc</strong></span> <span class='ocrx_word' id='word_1_445' title='bbox 1087 5642 1244 5699; x_wconf 80' lang='lat' dir='ltr'><strong>autem</strong></span> <span class='ocrx_word' id='word_1_446' title='bbox 1265 5642 1633 5713; x_wconf 47' lang='lat' dir='ltr'><strong>nimicipia&#39;sunt</strong></span> <span class='ocrx_word' id='word_1_447' title='bbox 1648 5687 1663 5711; x_wconf 89' lang='lat'><strong>,</strong></span> <span class='ocrx_word' id='word_1_448' title='bbox 1686 5642 1883 5711; x_wconf 83' lang='lat' dir='ltr'><strong>habent,</strong></span> <span class='ocrx_word' id='word_1_449' title='bbox 1908 5650 2018 5699; x_wconf 68' lang='lat' dir='ltr'><strong>tla‘c</strong></span> 
     </span>
    </p>
   </div>
   <div class='ocr_carea' id='block_1_61' title="bbox 452 5713 1016 5771">
    <p class='ocr_par' dir='ltr' id='par_1_61' title="bbox 452 5713 1016 5771">
     <span class='ocr_line' id='line_1_62' title="bbox 452 5713 1016 5771; baseline 0.007 -15"><span class='ocrx_word' id='word_1_450' title='bbox 452 5713 615 5756; x_wconf 75' lang='lat' dir='ltr'><strong>niuem</strong></span> <span class='ocrx_word' id='word_1_451' title='bbox 633 5713 870 5771; x_wconf 77' lang='lat' dir='ltr'><strong>mancipia</strong></span> <span class='ocrx_word' id='word_1_452' title='bbox 892 5716 1016 5760; x_wconf 85' lang='lat' dir='ltr'><strong>sunt.</strong></span> 
     </span>
    </p>
   </div>
   <div class='ocr_carea' id='block_1_62' title="bbox 1698 309 2494 367">
    <p class='ocr_par' dir='ltr' id='par_1_62' title="bbox 1698 309 2494 367">
     <span class='ocr_line' id='line_1_63' title="bbox 1698 309 2494 367; baseline 0 0"><span class='ocrx_word' id='word_1_453' title='bbox 1698 311 1756 367; x_wconf 87' lang='lat' dir='ltr'><strong>S.</strong></span> <span class='ocrx_word' id='word_1_454' title='bbox 1797 309 2159 367; x_wconf 63' lang='lat' dir='ltr'><strong>AUGUSTI)&quot;</strong></span> <span class='ocrx_word' id='word_1_455' title='bbox 2200 311 2494 367; x_wconf 71' lang='lat' dir='ltr'><strong>El’lSCUl&#39;l</strong></span> 
     </span>
    </p>
   </div>
   <div class='ocr_carea' id='block_1_63' title="bbox 3546 328 3677 383">
    <p class='ocr_par' dir='ltr' id='par_1_63' title="bbox 3546 328 3677 383">
     <span class='ocr_line' id='line_1_64' title="bbox 3546 328 3677 383; baseline 0.015 -2"><span class='ocrx_word' id='word_1_456' title='bbox 3546 328 3677 383; x_wconf 68' lang='lat'><strong>1576</strong></span> 
     </span>
    </p>
   </div>
   <div class='ocr_carea' id='block_1_64' title="bbox 2118 420 3683 507">
    <p class='ocr_par' dir='ltr' id='par_1_64' title="bbox 2118 420 3683 507">
     <span class='ocr_line' id='line_1_65' title="bbox 2118 420 3683 507; baseline 0.012 -32"><span class='ocrx_word' id='word_1_457' title='bbox 2118 420 2383 491; x_wconf 88' lang='lat' dir='ltr'><strong>Scriptum</strong></span> <span class='ocrx_word' id='word_1_458' title='bbox 2413 437 2495 480; x_wconf 84' lang='lat' dir='ltr'><strong>est</strong></span> <span class='ocrx_word' id='word_1_459' title='bbox 2518 430 2681 495; x_wconf 87' lang='lat' dir='ltr'><strong>enim,</strong></span> <span class='ocrx_word' id='word_1_460' title='bbox 2702 443 2757 487; x_wconf 89' lang='lat' dir='ltr'><strong>et</strong></span> <span class='ocrx_word' id='word_1_461' title='bbox 2806 432 2908 490; x_wconf 81' lang='lat' dir='ltr'><strong>hoc</strong></span> <span class='ocrx_word' id='word_1_462' title='bbox 2946 435 3230 505; x_wconf 79' lang='lat' dir='ltr'><strong>Apostolus</strong></span> <span class='ocrx_word' id='word_1_463' title='bbox 3274 435 3535 505; x_wconf 84' lang='lat' dir='ltr'><strong>loquitur,</strong></span> <span class='ocrx_word' id='word_1_464' title='bbox 3585 436 3683 507; x_wconf 73' lang='lat' dir='ltr'><strong>Qui</strong></span> 
     </span>
    </p>
   </div>
   <div class='ocr_carea' id='block_1_65' title="bbox 2118 516 3680 595">
    <p class='ocr_par' dir='ltr' id='par_1_65' title="bbox 2118 516 3680 595">
     <span class='ocr_line' id='line_1_66' title="bbox 2118 516 3680 595; baseline 0.01 -29"><span class='ocrx_word' id='word_1_465' title='bbox 2118 523 2284 566; x_wconf 84' lang='lat' dir='ltr'><strong>autem</strong></span> <span class='ocrx_word' id='word_1_466' title='bbox 2310 516 2432 581; x_wconf 83' lang='lat' dir='ltr'><strong>suis,</strong></span> <span class='ocrx_word' id='word_1_467' title='bbox 2464 528 2510 571; x_wconf 88' lang='lat' dir='ltr'><strong>et</strong></span> <span class='ocrx_word' id='word_1_468' title='bbox 2537 526 2753 575; x_wconf 76' lang='lat' dir='ltr'><strong>maxime</strong></span> <span class='ocrx_word' id='word_1_469' title='bbox 2792 526 3089 591; x_wconf 82' lang='lat' dir='ltr'><strong>domesticis,</strong></span> <span class='ocrx_word' id='word_1_470' title='bbox 3116 543 3215 581; x_wconf 85' lang='lat' dir='ltr'><strong>non</strong></span> <span class='ocrx_word' id='word_1_471' title='bbox 3259 528 3497 595; x_wconf 79' lang='lat' dir='ltr'><strong>providet,</strong></span> <span class='ocrx_word' id='word_1_472' title='bbox 3538 529 3680 595; x_wconf 78' lang='lat' dir='ltr'><strong>[idem</strong></span> 
     </span>
    </p>
   </div>
   <div class='ocr_carea' id='block_1_66' title="bbox 2119 603 3681 687">
    <p class='ocr_par' dir='ltr' id='par_1_66' title="bbox 2119 603 3681 687">
     <span class='ocr_line' id='line_1_67' title="bbox 2119 603 3681 687; baseline 0.013 -33"><span class='ocrx_word' id='word_1_473' title='bbox 2119 603 2350 674; x_wconf 77' lang='lat' dir='ltr'><strong>denegat,</strong></span> <span class='ocrx_word' id='word_1_474' title='bbox 2390 616 2437 659; x_wconf 86' lang='lat' dir='ltr'><strong>et</strong></span> <span class='ocrx_word' id='word_1_475' title='bbox 2489 618 2562 672; x_wconf 73' lang='lat' dir='ltr'><strong>est</strong></span> <span class='ocrx_word' id='word_1_476' title='bbox 2591 610 2787 679; x_wconf 81' lang='lat' dir='ltr'><strong>inﬁdeli</strong></span> <span class='ocrx_word' id='word_1_477' title='bbox 2815 614 3030 671; x_wconf 76' lang='lat' dir='ltr'><strong>deterior</strong></span> <span class='ocrx_word' id='word_1_478' title='bbox 3064 616 3104 686; x_wconf 94' lang='grc'><strong>(1</strong></span> <span class='ocrx_word' id='word_1_479' title='bbox 3136 616 3266 670; x_wconf 86' lang='lat' dir='ltr'><strong>Tim.</strong></span> <span class='ocrx_word' id='word_1_480' title='bbox 3292 632 3347 681; x_wconf 91' lang='lat' dir='ltr'><strong>v,</strong></span> <span class='ocrx_word' id='word_1_481' title='bbox 3376 618 3451 687; x_wconf 88' lang='lat'><strong>8).</strong></span> <span class='ocrx_word' id='word_1_482' title='bbox 3501 619 3681 674; x_wconf 80' lang='lat' dir='ltr'><strong>Adhuc</strong></span> 
     </span>
    </p>
   </div>
   <div class='ocr_carea' id='block_1_67' title="bbox 2119 698 3666 767">
    <p class='ocr_par' dir='ltr' id='par_1_67' title="bbox 2119 698 3666 767">
     <span class='ocr_line' id='line_1_68' title="bbox 2119 698 3666 767; baseline 0.012 -21"><span class='ocrx_word' id='word_1_483' title='bbox 2119 701 2296 748; x_wconf 88' lang='lat' dir='ltr'><strong>autem</strong></span> <span class='ocrx_word' id='word_1_484' title='bbox 2327 698 2587 767; x_wconf 89' lang='lat' dir='ltr'><strong>mancipia</strong></span> <span class='ocrx_word' id='word_1_485' title='bbox 2615 712 2737 756; x_wconf 92' lang='lat' dir='ltr'><strong>sunt</strong></span> <span class='ocrx_word' id='word_1_486' title='bbox 2756 704 2805 757; x_wconf 90' lang='lat' dir='ltr'><strong>ei</strong></span> <span class='ocrx_word' id='word_1_487' title='bbox 2826 706 3067 761; x_wconf 84' lang='lat' dir='ltr'><strong>similiter</strong></span> <span class='ocrx_word' id='word_1_488' title='bbox 3091 721 3213 761; x_wconf 91' lang='lat' dir='ltr'><strong>cum</strong></span> <span class='ocrx_word' id='word_1_489' title='bbox 3260 706 3421 761; x_wconf 81' lang='lat' dir='ltr'><strong>fratre</strong></span> <span class='ocrx_word' id='word_1_490' title='bbox 3447 722 3666 763; x_wconf 88' lang='lat' dir='ltr'><strong>commu-</strong></span> 
     </span>
    </p>
   </div>
   <div class='ocr_carea' id='block_1_68' title="bbox 2119 783 3680 863">
    <p class='ocr_par' dir='ltr' id='par_1_68' title="bbox 2119 783 3680 863">
     <span class='ocr_line' id='line_1_69' title="bbox 2119 783 3680 863; baseline 0.011 -27"><span class='ocrx_word' id='word_1_491' title='bbox 2119 783 2226 849; x_wconf 85' lang='lat' dir='ltr'><strong>nia,</strong></span> <span class='ocrx_word' id='word_1_492' title='bbox 2258 787 2492 841; x_wconf 89' lang='lat' dir='ltr'><strong>nondum</strong></span> <span class='ocrx_word' id='word_1_493' title='bbox 2522 789 2709 844; x_wconf 83' lang='lat' dir='ltr'><strong>divisa.</strong></span> <span class='ocrx_word' id='word_1_494' title='bbox 2758 793 2997 863; x_wconf 86' lang='lat' dir='ltr'><strong>Disponit</strong></span> <span class='ocrx_word' id='word_1_495' title='bbox 3023 810 3086 850; x_wconf 91' lang='lat' dir='ltr'><strong>ea</strong></span> <span class='ocrx_word' id='word_1_496' title='bbox 3130 796 3531 861; x_wconf 89' lang='lat' dir='ltr'><strong>manumittere;</strong></span> <span class='ocrx_word' id='word_1_497' title='bbox 3579 815 3680 853; x_wconf 90' lang='lat' dir='ltr'><strong>non</strong></span> 
     </span>
    </p>
   </div>
   <div class='ocr_carea' id='block_1_69' title="bbox 2121 879 3681 954">
    <p class='ocr_par' dir='ltr' id='par_1_69' title="bbox 2121 879 3681 954">
     <span class='ocr_line' id='line_1_70' title="bbox 2121 879 3681 954; baseline 0.01 -30"><span class='ocrx_word' id='word_1_498' title='bbox 2121 880 2294 939; x_wconf 88' lang='lat' dir='ltr'><strong>potest</strong></span> <span class='ocrx_word' id='word_1_499' title='bbox 2312 885 2590 945; x_wconf 87' lang='lat' dir='ltr'><strong>antequam</strong></span> <span class='ocrx_word' id='word_1_500' title='bbox 2619 879 2938 937; x_wconf 90' lang='lat' dir='ltr'><strong>dividantur.</strong></span> <span class='ocrx_word' id='word_1_501' title='bbox 2963 883 3097 950; x_wconf 89' lang='lat' dir='ltr'><strong>Quid</strong></span> <span class='ocrx_word' id='word_1_502' title='bbox 3123 884 3266 939; x_wconf 89' lang='lat' dir='ltr'><strong>enim</strong></span> <span class='ocrx_word' id='word_1_503' title='bbox 3285 883 3354 939; x_wconf 88' lang='lat' dir='ltr'><strong>ad</strong></span> <span class='ocrx_word' id='word_1_504' title='bbox 3374 900 3530 954; x_wconf 90' lang='lat' dir='ltr'><strong>quem</strong></span> <span class='ocrx_word' id='word_1_505' title='bbox 3560 900 3681 953; x_wconf 87' lang='lat' dir='ltr'><strong>per—</strong></span> 
     </span>
    </p>
   </div>
   <div class='ocr_carea' id='block_1_70' title="bbox 2121 963 3681 1046">
    <p class='ocr_par' dir='ltr' id='par_1_70' title="bbox 2121 963 3681 1046">
     <span class='ocr_line' id='line_1_71' title="bbox 2121 963 3681 1046; baseline 0.01 -31"><span class='ocrx_word' id='word_1_506' title='bbox 2121 963 2303 1029; x_wconf 89' lang='lat' dir='ltr'><strong>tineat,</strong></span> <span class='ocrx_word' id='word_1_507' title='bbox 2326 965 2499 1021; x_wconf 89' lang='lat' dir='ltr'><strong>adhuc</strong></span> <span class='ocrx_word' id='word_1_508' title='bbox 2523 968 2745 1037; x_wconf 80' lang='lat' dir='ltr'><strong>ignorat.</strong></span> <span class='ocrx_word' id='word_1_509' title='bbox 2778 972 2859 1027; x_wconf 86' lang='lat' dir='ltr'><strong>Ad</strong></span> <span class='ocrx_word' id='word_1_510' title='bbox 2889 974 3061 1043; x_wconf 90' lang='lat' dir='ltr'><strong>ipsum</strong></span> <span class='ocrx_word' id='word_1_511' title='bbox 3081 991 3227 1043; x_wconf 87' lang='lat' dir='ltr'><strong>sane,</strong></span> <span class='ocrx_word' id='word_1_512' title='bbox 3251 977 3372 1046; x_wconf 86' lang='lat' dir='ltr'><strong>quia</strong></span> <span class='ocrx_word' id='word_1_513' title='bbox 3388 977 3559 1044; x_wconf 85' lang='lat' dir='ltr'><strong>major</strong></span> <span class='ocrx_word' id='word_1_514' title='bbox 3582 987 3681 1042; x_wconf 89' lang='lat' dir='ltr'><strong>est,</strong></span> 
     </span>
    </p>
   </div>
   <div class='ocr_carea' id='block_1_71' title="bbox 2120 1054 3684 1135">
    <p class='ocr_par' dir='ltr' id='par_1_71' title="bbox 2120 1054 3684 1135">
     <span class='ocr_line' id='line_1_72' title="bbox 2120 1054 3684 1135; baseline 0.011 -31"><span class='ocrx_word' id='word_1_515' title='bbox 2120 1054 2350 1119; x_wconf 87' lang='lat' dir='ltr'><strong>pertinet</strong></span> <span class='ocrx_word' id='word_1_516' title='bbox 2373 1055 2595 1122; x_wconf 89' lang='lat' dir='ltr'><strong>divisio;</strong></span> <span class='ocrx_word' id='word_1_517' title='bbox 2641 1069 2694 1114; x_wconf 90' lang='lat' dir='ltr'><strong>et</strong></span> <span class='ocrx_word' id='word_1_518' title='bbox 2735 1061 2803 1115; x_wconf 89' lang='lat' dir='ltr'><strong>ad</strong></span> <span class='ocrx_word' id='word_1_519' title='bbox 2826 1061 3045 1119; x_wconf 80' lang='lat' dir='ltr'><strong>fratrem</strong></span> <span class='ocrx_word' id='word_1_520' title='bbox 3097 1064 3214 1135; x_wconf 84' lang='lat' dir='ltr'><strong>ejus</strong></span> <span class='ocrx_word' id='word_1_521' title='bbox 3239 1064 3447 1120; x_wconf 87' lang='lat' dir='ltr'><strong>electio.</strong></span> <span class='ocrx_word' id='word_1_522' title='bbox 3478 1066 3545 1120; x_wconf 90' lang='lat' dir='ltr'><strong>Et</strong></span> <span class='ocrx_word' id='word_1_523' title='bbox 3576 1067 3684 1135; x_wconf 83' lang='lat' dir='ltr'><strong>ipso</strong></span> 
     </span>
    </p>
   </div>
   <div class='ocr_carea' id='block_1_72' title="bbox 2119 1142 3683 1215">
    <p class='ocr_par' dir='ltr' id='par_1_72' title="bbox 2119 1142 3683 1215">
     <span class='ocr_line' id='line_1_73' title="bbox 2119 1142 3683 1215; baseline 0.01 -20"><span class='ocrx_word' id='word_1_524' title='bbox 2119 1142 2283 1198; x_wconf 87' lang='lat' dir='ltr'><strong>frater</strong></span> <span class='ocrx_word' id='word_1_525' title='bbox 2309 1145 2425 1213; x_wconf 88' lang='lat' dir='ltr'><strong>ejus</strong></span> <span class='ocrx_word' id='word_1_526' title='bbox 2450 1147 2559 1201; x_wconf 92' lang='lat' dir='ltr'><strong>Deo</strong></span> <span class='ocrx_word' id='word_1_527' title='bbox 2587 1152 2782 1215; x_wconf 89' lang='lat' dir='ltr'><strong>servit,</strong></span> <span class='ocrx_word' id='word_1_528' title='bbox 2813 1153 3167 1211; x_wconf 84' lang='lat' dir='ltr'><strong>subdiaconus</strong></span> <span class='ocrx_word' id='word_1_529' title='bbox 3208 1164 3291 1210; x_wconf 84' lang='lat' dir='ltr'><strong>est</strong></span> <span class='ocrx_word' id='word_1_530' title='bbox 3336 1171 3460 1211; x_wconf 90' lang='lat' dir='ltr'><strong>cum</strong></span> <span class='ocrx_word' id='word_1_531' title='bbox 3506 1169 3683 1212; x_wconf 83' lang='lat' dir='ltr'><strong>sancto</strong></span> 
     </span>
    </p>
   </div>
   <div class='ocr_carea' id='block_1_73' title="bbox 2119 1229 3679 1309">
    <p class='ocr_par' dir='ltr' id='par_1_73' title="bbox 2119 1229 3679 1309">
     <span class='ocr_line' id='line_1_74' title="bbox 2119 1229 3679 1309; baseline 0.01 -27"><span class='ocrx_word' id='word_1_532' title='bbox 2119 1229 2282 1286; x_wconf 87' lang='lat' dir='ltr'><strong>fratre</strong></span> <span class='ocrx_word' id='word_1_533' title='bbox 2294 1248 2412 1287; x_wconf 90' lang='lat' dir='ltr'><strong>meo</strong></span> <span class='ocrx_word' id='word_1_534' title='bbox 2424 1243 2476 1288; x_wconf 88' lang='lat' dir='ltr'><strong>et</strong></span> <span class='ocrx_word' id='word_1_535' title='bbox 2495 1238 2809 1309; x_wconf 84' lang='lat' dir='ltr'><strong>coepiscopo</strong></span> <span class='ocrx_word' id='word_1_536' title='bbox 2830 1240 3025 1297; x_wconf 88' lang='lat' dir='ltr'><strong>Severo</strong></span> <span class='ocrx_word' id='word_1_537' title='bbox 3049 1243 3101 1297; x_wconf 93' lang='lat' dir='ltr'><strong>in</strong></span> <span class='ocrx_word' id='word_1_538' title='bbox 3117 1243 3352 1298; x_wconf 81' lang='lat' dir='ltr'><strong>Ecclesia</strong></span> <span class='ocrx_word' id='word_1_539' title='bbox 3367 1244 3679 1299; x_wconf 77' lang='lat' dir='ltr'><strong>Milevitana.</strong></span> 
     </span>
    </p>
   </div>
   <div class='ocr_carea' id='block_1_74' title="bbox 2122 1320 3683 1405">
    <p class='ocr_par' dir='ltr' id='par_1_74' title="bbox 2122 1320 3683 1405">
     <span class='ocr_line' id='line_1_75' title="bbox 2122 1320 3683 1405; baseline 0.004 -31"><span class='ocrx_word' id='word_1_540' title='bbox 2122 1320 2233 1375; x_wconf 80' lang='lat' dir='ltr'><strong>Hoc</strong></span> <span class='ocrx_word' id='word_1_541' title='bbox 2262 1324 2457 1391; x_wconf 82' lang='lat' dir='ltr'><strong>agitur,</strong></span> <span class='ocrx_word' id='word_1_542' title='bbox 2484 1325 2586 1381; x_wconf 88' lang='lat' dir='ltr'><strong>hoc</strong></span> <span class='ocrx_word' id='word_1_543' title='bbox 2614 1329 2729 1385; x_wconf 83' lang='lat' dir='ltr'><strong>sine</strong></span> <span class='ocrx_word' id='word_1_544' title='bbox 2753 1330 3003 1388; x_wconf 82' lang='lat' dir='ltr'><strong>dilatione</strong></span> <span class='ocrx_word' id='word_1_545' title='bbox 3022 1334 3382 1405; x_wconf 73' lang='lat' dir='ltr'><strong>peragendum</strong></span> <span class='ocrx_word' id='word_1_546' title='bbox 3406 1345 3509 1398; x_wconf 79' lang='lat' dir='ltr'><strong>est,</strong></span> <span class='ocrx_word' id='word_1_547' title='bbox 3536 1344 3593 1388; x_wconf 76' lang='lat' dir='ltr'><strong>ut</strong></span> <span class='ocrx_word' id='word_1_548' title='bbox 3615 1332 3683 1387; x_wconf 82' lang='lat' dir='ltr'><strong>illi</strong></span> 
     </span>
    </p>
   </div>
   <div class='ocr_carea' id='block_1_75' title="bbox 2120 1413 3685 1489">
    <p class='ocr_par' dir='ltr' id='par_1_75' title="bbox 2120 1413 3685 1489">
     <span class='ocr_line' id='line_1_76' title="bbox 2120 1413 3685 1489; baseline 0.009 -26"><span class='ocrx_word' id='word_1_549' title='bbox 2120 1413 2313 1466; x_wconf 83' lang='lat' dir='ltr'><strong>servuli</strong></span> <span class='ocrx_word' id='word_1_550' title='bbox 2339 1413 2658 1484; x_wconf 88' lang='lat' dir='ltr'><strong>dividantur,</strong></span> <span class='ocrx_word' id='word_1_551' title='bbox 2688 1422 3142 1489; x_wconf 88' lang='lat' dir='ltr'><strong>manumittantur,</strong></span> <span class='ocrx_word' id='word_1_552' title='bbox 3172 1432 3227 1478; x_wconf 92' lang='lat' dir='ltr'><strong>et</strong></span> <span class='ocrx_word' id='word_1_553' title='bbox 3262 1424 3341 1479; x_wconf 88' lang='lat' dir='ltr'><strong>sic</strong></span> <span class='ocrx_word' id='word_1_554' title='bbox 3369 1424 3461 1479; x_wconf 91' lang='lat' dir='ltr'><strong>det</strong></span> <span class='ocrx_word' id='word_1_555' title='bbox 3508 1423 3685 1479; x_wconf 81' lang='lat' dir='ltr'><strong>Eccle-</strong></span> 
     </span>
    </p>
   </div>
   <div class='ocr_carea' id='block_1_76' title="bbox 2119 1501 3688 1583">
    <p class='ocr_par' dir='ltr' id='par_1_76' title="bbox 2119 1501 3688 1583">
     <span class='ocr_line' id='line_1_77' title="bbox 2119 1501 3688 1583; baseline 0.008 -29"><span class='ocrx_word' id='word_1_556' title='bbox 2119 1501 2230 1567; x_wconf 77' lang='lat' dir='ltr'><strong>sizn,</strong></span> <span class='ocrx_word' id='word_1_557' title='bbox 2250 1513 2306 1558; x_wconf 91' lang='lat' dir='ltr'><strong>ut</strong></span> <span class='ocrx_word' id='word_1_558' title='bbox 2324 1519 2507 1560; x_wconf 89' lang='lat' dir='ltr'><strong>eorum</strong></span> <span class='ocrx_word' id='word_1_559' title='bbox 2527 1510 2755 1579; x_wconf 78' lang='lat' dir='ltr'><strong>excipiat</strong></span> <span class='ocrx_word' id='word_1_560' title='bbox 2778 1511 3106 1567; x_wconf 89' lang='lat' dir='ltr'><strong>alimentum.</strong></span> <span class='ocrx_word' id='word_1_561' title='bbox 3133 1514 3309 1583; x_wconf 90' lang='lat' dir='ltr'><strong>Nepos</strong></span> <span class='ocrx_word' id='word_1_562' title='bbox 3333 1522 3511 1568; x_wconf 88' lang='lat' dir='ltr'><strong>autem</strong></span> <span class='ocrx_word' id='word_1_563' title='bbox 3543 1529 3688 1568; x_wconf 88' lang='lat' dir='ltr'><strong>meus</strong></span> 
     </span>
    </p>
   </div>
   <div class='ocr_carea' id='block_1_77' title="bbox 2119 1605 3687 1675">
    <p class='ocr_par' dir='ltr' id='par_1_77' title="bbox 2119 1605 3687 1675">
     <span class='ocr_line' id='line_1_78' title="bbox 2119 1605 3687 1675; baseline 0.02 -32"><span class='ocrx_word' id='word_1_564' title='bbox 2119 1606 2184 1644; x_wconf 82' lang='lat' dir='ltr'><strong>ex</strong></span> <span class='ocrx_word' id='word_1_565' title='bbox 2213 1609 2318 1662; x_wconf 89' lang='lat' dir='ltr'><strong>quo</strong></span> <span class='ocrx_word' id='word_1_566' title='bbox 2338 1609 2625 1653; x_wconf 88' lang='lat' dir='ltr'><strong>conversus</strong></span> <span class='ocrx_word' id='word_1_567' title='bbox 2650 1609 2751 1667; x_wconf 90' lang='lat' dir='ltr'><strong>est,</strong></span> <span class='ocrx_word' id='word_1_568' title='bbox 2775 1610 3060 1657; x_wconf 85' lang='lat' dir='ltr'><strong>et-mecum</strong></span> <span class='ocrx_word' id='word_1_569' title='bbox 3080 1619 3198 1659; x_wconf 90' lang='lat' dir='ltr'><strong>esse</strong></span> <span class='ocrx_word' id='word_1_570' title='bbox 3223 1605 3402 1674; x_wconf 75' lang='lat' dir='ltr'><strong>cmpit.</strong></span> <span class='ocrx_word' id='word_1_571' title='bbox 3435 1605 3687 1675; x_wconf 74' lang='grc' dir='ltr'><strong>ἰηιρεάῑο-</strong></span> 
     </span>
    </p>
   </div>
   <div class='ocr_carea' id='block_1_78' title="bbox 2119 1684 3687 1765">
    <p class='ocr_par' dir='ltr' id='par_1_78' title="bbox 2119 1684 3687 1765">
     <span class='ocr_line' id='line_1_79' title="bbox 2119 1684 3687 1765; baseline 0.006 -27"><span class='ocrx_word' id='word_1_572' title='bbox 2119 1684 2273 1738; x_wconf 89' lang='lat' dir='ltr'><strong>batur</strong></span> <span class='ocrx_word' id='word_1_573' title='bbox 2296 1694 2354 1740; x_wconf 88' lang='lat' dir='ltr'><strong>et</strong></span> <span class='ocrx_word' id='word_1_574' title='bbox 2396 1688 2511 1757; x_wconf 87' lang='lat' dir='ltr'><strong>ipse</strong></span> <span class='ocrx_word' id='word_1_575' title='bbox 2558 1690 2758 1760; x_wconf 90' lang='lat' dir='ltr'><strong>aliquid</strong></span> <span class='ocrx_word' id='word_1_576' title='bbox 2799 1692 2865 1748; x_wconf 92' lang='lat' dir='ltr'><strong>de</strong></span> <span class='ocrx_word' id='word_1_577' title='bbox 2905 1694 3143 1765; x_wconf 78' lang='lat' dir='ltr'><strong>agellulis</strong></span> <span class='ocrx_word' id='word_1_578' title='bbox 3171 1696 3282 1750; x_wconf 90' lang='lat' dir='ltr'><strong>suis</strong></span> <span class='ocrx_word' id='word_1_579' title='bbox 3318 1709 3477 1765; x_wconf 87' lang='lat' dir='ltr'><strong>agere</strong></span> <span class='ocrx_word' id='word_1_580' title='bbox 3529 1695 3687 1749; x_wconf 88' lang='lat' dir='ltr'><strong>invita</strong></span> 
     </span>
    </p>
   </div>
   <div class='ocr_carea' id='block_1_79' title="bbox 2119 1776 3686 1855">
    <p class='ocr_par' dir='ltr' id='par_1_79' title="bbox 2119 1776 3686 1855">
     <span class='ocr_line' id='line_1_80' title="bbox 2119 1776 3686 1855; baseline 0.006 -27"><span class='ocrx_word' id='word_1_581' title='bbox 2119 1776 2504 1833; x_wconf 85' lang='lat' dir='ltr'><strong>usufructuaria</strong></span> <span class='ocrx_word' id='word_1_582' title='bbox 2536 1791 2704 1837; x_wconf 88' lang='lat' dir='ltr'><strong>matre</strong></span> <span class='ocrx_word' id='word_1_583' title='bbox 2749 1799 2844 1838; x_wconf 87' lang='lat' dir='ltr'><strong>sua</strong></span> <span class='ocrx_word' id='word_1_584' title='bbox 2873 1785 2915 1852; x_wconf 78' lang='grc' dir='ltr'><strong>ί,</strong></span> <span class='ocrx_word' id='word_1_585' title='bbox 2958 1801 3075 1855; x_wconf 70' lang='lat' dir='ltr'><strong>qua:</strong></span> <span class='ocrx_word' id='word_1_586' title='bbox 3103 1785 3206 1842; x_wconf 88' lang='lat' dir='ltr'><strong>hoc</strong></span> <span class='ocrx_word' id='word_1_587' title='bbox 3250 1802 3392 1841; x_wconf 80' lang='lat' dir='ltr'><strong>anno</strong></span> <span class='ocrx_word' id='word_1_588' title='bbox 3437 1784 3686 1840; x_wconf 88' lang='lat' dir='ltr'><strong>defuncta</strong></span> 
     </span>
    </p>
   </div>
   <div class='ocr_carea' id='block_1_80' title="bbox 2119 1866 3690 1948">
    <p class='ocr_par' dir='ltr' id='par_1_80' title="bbox 2119 1866 3690 1948">
     <span class='ocr_line' id='line_1_81' title="bbox 2119 1866 3690 1948; baseline 0.008 -29"><span class='ocrx_word' id='word_1_589' title='bbox 2119 1874 2219 1920; x_wconf 92' lang='lat' dir='ltr'><strong>est.</strong></span> <span class='ocrx_word' id='word_1_590' title='bbox 2252 1866 2393 1924; x_wconf 83' lang='lat' dir='ltr'><strong>inter</strong></span> <span class='ocrx_word' id='word_1_591' title='bbox 2434 1870 2603 1939; x_wconf 89' lang='lat' dir='ltr'><strong>ipsum</strong></span> <span class='ocrx_word' id='word_1_592' title='bbox 2646 1882 2700 1928; x_wconf 89' lang='lat' dir='ltr'><strong>et</strong></span> <span class='ocrx_word' id='word_1_593' title='bbox 2751 1889 2972 1931; x_wconf 82' lang='lat' dir='ltr'><strong>sorores</strong></span> <span class='ocrx_word' id='word_1_594' title='bbox 2999 1876 3155 1947; x_wconf 83' lang='lat' dir='ltr'><strong>ejus&#39;</strong></span> <span class='ocrx_word' id='word_1_595' title='bbox 3180 1886 3306 1933; x_wconf 87' lang='lat' dir='ltr'><strong>sunt</strong></span> <span class='ocrx_word' id='word_1_596' title='bbox 3340 1877 3582 1948; x_wconf 68' lang='lat' dir='ltr'><strong>quaadam</strong></span> <span class='ocrx_word' id='word_1_597' title='bbox 3638 1878 3690 1931; x_wconf 91' lang='lat' dir='ltr'><strong>in</strong></span> 
     </span>
    </p>
   </div>
   <div class='ocr_carea' id='block_1_81' title="bbox 2119 1954 3689 2037">
    <p class='ocr_par' dir='ltr' id='par_1_81' title="bbox 2119 1954 3689 2037">
     <span class='ocr_line' id='line_1_82' title="bbox 2119 1954 3689 2037; baseline 0.008 -29"><span class='ocrx_word' id='word_1_598' title='bbox 2119 1954 2312 2011; x_wconf 84' lang='lat' dir='ltr'><strong>Christi</strong></span> <span class='ocrx_word' id='word_1_599' title='bbox 2341 1958 2603 2027; x_wconf 88' lang='lat' dir='ltr'><strong>adjutorio</strong></span> <span class='ocrx_word' id='word_1_600' title='bbox 2627 1962 2733 2017; x_wconf 87' lang='lat' dir='ltr'><strong>cito</strong></span> <span class='ocrx_word' id='word_1_601' title='bbox 2759 1964 2985 2020; x_wconf 81' lang='lat' dir='ltr'><strong>finienda</strong></span> <span class='ocrx_word' id='word_1_602' title='bbox 3014 1984 3030 2021; x_wconf 88' lang='lat'><strong>:</strong></span> <span class='ocrx_word' id='word_1_603' title='bbox 3059 1974 3118 2020; x_wconf 91' lang='lat' dir='ltr'><strong>ut</strong></span> <span class='ocrx_word' id='word_1_604' title='bbox 3143 1975 3198 2022; x_wconf 91' lang='lat' dir='ltr'><strong>et</strong></span> <span class='ocrx_word' id='word_1_605' title='bbox 3226 1966 3339 2037; x_wconf 83' lang='lat' dir='ltr'><strong>ipse</strong></span> <span class='ocrx_word' id='word_1_606' title='bbox 3367 1964 3524 2021; x_wconf 83' lang='lat' dir='ltr'><strong>faciat</strong></span> <span class='ocrx_word' id='word_1_607' title='bbox 3548 1965 3689 2035; x_wconf 91' lang='lat' dir='ltr'><strong>quod</strong></span> 
     </span>
    </p>
   </div>
   <div class='ocr_carea' id='block_1_82' title="bbox 2119 2047 3693 2126">
    <p class='ocr_par' dir='ltr' id='par_1_82' title="bbox 2119 2047 3693 2126">
     <span class='ocr_line' id='line_1_83' title="bbox 2119 2047 3693 2126; baseline 0.005 -25"><span class='ocrx_word' id='word_1_608' title='bbox 2119 2060 2331 2101; x_wconf 89' lang='lat' dir='ltr'><strong>servum</strong></span> <span class='ocrx_word' id='word_1_609' title='bbox 2356 2047 2447 2103; x_wconf 88' lang='lat' dir='ltr'><strong>Dei</strong></span> <span class='ocrx_word' id='word_1_610' title='bbox 2467 2049 2641 2119; x_wconf 88' lang='lat' dir='ltr'><strong>decet,</strong></span> <span class='ocrx_word' id='word_1_611' title='bbox 2686 2052 2824 2123; x_wconf 89' lang='lat' dir='ltr'><strong>quod</strong></span> <span class='ocrx_word' id='word_1_612' title='bbox 2854 2054 2967 2124; x_wconf 82' lang='lat' dir='ltr'><strong>ipsa</strong></span> <span class='ocrx_word' id='word_1_613' title='bbox 2992 2055 3272 2126; x_wconf 84' lang='lat' dir='ltr'><strong>professio,</strong></span> <span class='ocrx_word' id='word_1_614' title='bbox 3315 2066 3370 2112; x_wconf 90' lang='lat' dir='ltr'><strong>et</strong></span> <span class='ocrx_word' id='word_1_615' title='bbox 3397 2058 3498 2112; x_wconf 89' lang='lat' dir='ltr'><strong>ista</strong></span> <span class='ocrx_word' id='word_1_616' title='bbox 3528 2055 3693 2126; x_wconf 77' lang='lat' dir='ltr'><strong>exigit</strong></span> 
     </span>
    </p>
   </div>
   <div class='ocr_carea' id='block_1_83' title="bbox 2119 2136 2297 2193">
    <p class='ocr_par' dir='ltr' id='par_1_83' title="bbox 2119 2136 2297 2193">
     <span class='ocr_line' id='line_1_84' title="bbox 2119 2136 2297 2193; baseline 0.006 -3"><span class='ocrx_word' id='word_1_617' title='bbox 2119 2136 2297 2193; x_wconf 89' lang='lat' dir='ltr'><strong>lectio.</strong></span> 
     </span>
    </p>
   </div>
   <div class='ocr_carea' id='block_1_84' title="bbox 2189 2226 3697 2303">
    <p class='ocr_par' dir='ltr' id='par_1_84' title="bbox 2189 2226 3697 2303">
     <span class='ocr_line' id='line_1_85' title="bbox 2189 2226 3697 2303; baseline 0.006 -20"><span class='ocrx_word' id='word_1_618' title='bbox 2189 2228 2243 2283; x_wconf 76' lang='grc' dir='ltr'><strong>ι.</strong></span> <span class='ocrx_word' id='word_1_619' title='bbox 2287 2226 2565 2286; x_wconf 76' lang='lat' dir='ltr'><strong>Faustinus</strong></span> <span class='ocrx_word' id='word_1_620' title='bbox 2624 2232 2884 2289; x_wconf 78' lang='lat' dir='ltr'><strong>diaconus.</strong></span> <span class='ocrx_word' id='word_1_621' title='bbox 2927 2235 3188 2293; x_wconf 80' lang='lat' dir='ltr'><strong>Diaconos</strong></span> <span class='ocrx_word' id='word_1_622' title='bbox 3211 2236 3519 2303; x_wconf 76' lang='lat' dir='ltr'><strong>Faustinus,</strong></span> <span class='ocrx_word' id='word_1_623' title='bbox 3558 2237 3697 2292; x_wconf 87' lang='lat' dir='ltr'><strong>sicut</strong></span> 
     </span>
    </p>
   </div>
   <div class='ocr_carea' id='block_1_85' title="bbox 2120 2320 3695 2385">
    <p class='ocr_par' dir='ltr' id='par_1_85' title="bbox 2120 2320 3695 2385">
     <span class='ocr_line' id='line_1_86' title="bbox 2120 2320 3695 2385; baseline 0.008 -15"><span class='ocrx_word' id='word_1_624' title='bbox 2120 2328 2257 2383; x_wconf 84' lang='lat' dir='ltr'><strong>pene</strong></span> <span class='ocrx_word' id='word_1_625' title='bbox 2276 2330 2462 2373; x_wconf 91' lang='lat' dir='ltr'><strong>omnes</strong></span> <span class='ocrx_word' id='word_1_626' title='bbox 2489 2320 2680 2385; x_wconf 87' lang='lat' dir='ltr'><strong>nostis,</strong></span> <span class='ocrx_word' id='word_1_627' title='bbox 2710 2320 2798 2376; x_wconf 92' lang='lat' dir='ltr'><strong>hic</strong></span> <span class='ocrx_word' id='word_1_628' title='bbox 2822 2323 2891 2378; x_wconf 91' lang='lat' dir='ltr'><strong>de</strong></span> <span class='ocrx_word' id='word_1_629' title='bbox 2920 2325 3109 2380; x_wconf 86' lang='lat' dir='ltr'><strong>militia</strong></span> <span class='ocrx_word' id='word_1_630' title='bbox 3132 2326 3314 2380; x_wconf 83' lang='lat' dir='ltr'><strong>saeculi</strong></span> <span class='ocrx_word' id='word_1_631' title='bbox 3336 2326 3403 2381; x_wconf 88' lang='lat' dir='ltr'><strong>ad</strong></span> <span class='ocrx_word' id='word_1_632' title='bbox 3424 2336 3695 2383; x_wconf 84' lang='lat' dir='ltr'><strong>monaste-</strong></span> 
     </span>
    </p>
   </div>
   <div class='ocr_carea' id='block_1_86' title="bbox 2121 2405 3698 2484">
    <p class='ocr_par' dir='ltr' id='par_1_86' title="bbox 2121 2405 3698 2484">
     <span class='ocr_line' id='line_1_87' title="bbox 2121 2405 3698 2484; baseline 0.008 -25"><span class='ocrx_word' id='word_1_633' title='bbox 2121 2405 2257 2459; x_wconf 84' lang='lat' dir='ltr'><strong>rium</strong></span> <span class='ocrx_word' id='word_1_634' title='bbox 2288 2421 2577 2464; x_wconf 86' lang='lat' dir='ltr'><strong>conversns</strong></span> <span class='ocrx_word' id='word_1_635' title='bbox 2593 2419 2677 2465; x_wconf 88' lang='lat' dir='ltr'><strong>est</strong></span> <span class='ocrx_word' id='word_1_636' title='bbox 2701 2427 2717 2465; x_wconf 89' lang='lat'><strong>:</strong></span> <span class='ocrx_word' id='word_1_637' title='bbox 2741 2412 2828 2466; x_wconf 92' lang='lat' dir='ltr'><strong>bic</strong></span> <span class='ocrx_word' id='word_1_638' title='bbox 2848 2412 3163 2484; x_wconf 84' lang='lat' dir='ltr'><strong>baptizatus,</strong></span> <span class='ocrx_word' id='word_1_639' title='bbox 3191 2414 3315 2471; x_wconf 86' lang='lat' dir='ltr'><strong>inde</strong></span> <span class='ocrx_word' id='word_1_640' title='bbox 3339 2415 3596 2473; x_wconf 89' lang='lat' dir='ltr'><strong>diaconus</strong></span> <span class='ocrx_word' id='word_1_641' title='bbox 3616 2433 3698 2472; x_wconf 84' lang='lat' dir='ltr'><strong>or-</strong></span> 
     </span>
    </p>
   </div>
   <div class='ocr_carea' id='block_1_87' title="bbox 2121 2493 3696 2576">
    <p class='ocr_par' dir='ltr' id='par_1_87' title="bbox 2121 2493 3696 2576">
     <span class='ocr_line' id='line_1_88' title="bbox 2121 2493 3696 2576; baseline 0.01 -29"><span class='ocrx_word' id='word_1_642' title='bbox 2121 2493 2352 2550; x_wconf 89' lang='lat' dir='ltr'><strong>dinatus.</strong></span> <span class='ocrx_word' id='word_1_643' title='bbox 2381 2496 2488 2552; x_wconf 91' lang='lat' dir='ltr'><strong>Sed</strong></span> <span class='ocrx_word' id='word_1_644' title='bbox 2506 2500 2627 2568; x_wconf 90' lang='lat' dir='ltr'><strong>quia</strong></span> <span class='ocrx_word' id='word_1_645' title='bbox 2647 2500 2892 2570; x_wconf 79' lang='lat' dir='ltr'><strong>exiguum</strong></span> <span class='ocrx_word' id='word_1_646' title='bbox 2910 2514 2993 2557; x_wconf 89' lang='lat' dir='ltr'><strong>est</strong></span> <span class='ocrx_word' id='word_1_647' title='bbox 3018 2504 3156 2574; x_wconf 90' lang='lat' dir='ltr'><strong>quod</strong></span> <span class='ocrx_word' id='word_1_648' title='bbox 3177 2504 3381 2561; x_wconf 88' lang='lat' dir='ltr'><strong>videtur</strong></span> <span class='ocrx_word' id='word_1_649' title='bbox 3402 2508 3696 2576; x_wconf 86' lang='lat' dir='ltr'><strong>possidere,</strong></span> 
     </span>
    </p>
   </div>
   <div class='ocr_carea' id='block_1_88' title="bbox 2120 2577 3701 2662">
    <p class='ocr_par' dir='ltr' id='par_1_88' title="bbox 2120 2577 3701 2662">
     <span class='ocr_line' id='line_1_89' title="bbox 2120 2577 3701 2662; baseline 0.009 -32"><span class='ocrx_word' id='word_1_650' title='bbox 2120 2577 2259 2631; x_wconf 86' lang='lat' dir='ltr'><strong>sicut</strong></span> <span class='ocrx_word' id='word_1_651' title='bbox 2279 2578 2569 2649; x_wconf 89' lang='lat' dir='ltr'><strong>jurisperiti</strong></span> <span class='ocrx_word' id='word_1_652' title='bbox 2596 2582 2918 2651; x_wconf 89' lang='lat' dir='ltr'><strong>loquuntur,</strong></span> <span class='ocrx_word' id='word_1_653' title='bbox 2943 2584 3087 2654; x_wconf 88' lang='lat' dir='ltr'><strong>jure,</strong></span> <span class='ocrx_word' id='word_1_654' title='bbox 3122 2600 3224 2640; x_wconf 89' lang='lat' dir='ltr'><strong>non</strong></span> <span class='ocrx_word' id='word_1_655' title='bbox 3274 2601 3498 2658; x_wconf 89' lang='lat' dir='ltr'><strong>corpore</strong></span> <span class='ocrx_word' id='word_1_656' title='bbox 3518 2588 3593 2662; x_wconf 91' lang='lat' dir='ltr'><strong>(a)</strong></span> <span class='ocrx_word' id='word_1_657' title='bbox 3614 2606 3701 2645; x_wconf 89' lang='lat' dir='ltr'><strong>re-</strong></span> 
     </span>
    </p>
   </div>
   <div class='ocr_carea' id='block_1_89' title="bbox 2122 2667 3701 2743">
    <p class='ocr_par' dir='ltr' id='par_1_89' title="bbox 2122 2667 3701 2743">
     <span class='ocr_line' id='line_1_90' title="bbox 2122 2667 3701 2743; baseline 0.009 -23"><span class='ocrx_word' id='word_1_658' title='bbox 2122 2667 2356 2738; x_wconf 90' lang='lat' dir='ltr'><strong>liquerat</strong></span> <span class='ocrx_word' id='word_1_659' title='bbox 2400 2669 2527 2724; x_wconf 92' lang='lat' dir='ltr'><strong>illud</strong></span> <span class='ocrx_word' id='word_1_660' title='bbox 2548 2712 2562 2735; x_wconf 85' lang='lat'><strong>,</strong></span> <span class='ocrx_word' id='word_1_661' title='bbox 2594 2681 2647 2726; x_wconf 92' lang='lat' dir='ltr'><strong>et</strong></span> <span class='ocrx_word' id='word_1_662' title='bbox 2685 2673 2752 2728; x_wconf 90' lang='lat' dir='ltr'><strong>ab</strong></span> <span class='ocrx_word' id='word_1_663' title='bbox 2793 2673 2909 2743; x_wconf 89' lang='lat' dir='ltr'><strong>ejus</strong></span> <span class='ocrx_word' id='word_1_664' title='bbox 2950 2673 3201 2731; x_wconf 70' lang='lat' dir='ltr'><strong>fratribus</strong></span> <span class='ocrx_word' id='word_1_665' title='bbox 3228 2677 3524 2733; x_wconf 87' lang='lat' dir='ltr'><strong>tenebatur.</strong></span> <span class='ocrx_word' id='word_1_666' title='bbox 3554 2679 3701 2735; x_wconf 87' lang='lat' dir='ltr'><strong>Nun-</strong></span> 
     </span>
    </p>
   </div>
   <div class='ocr_carea' id='block_1_90' title="bbox 2121 2758 3698 2840">
    <p class='ocr_par' dir='ltr' id='par_1_90' title="bbox 2121 2758 3698 2840">
     <span class='ocr_line' id='line_1_91' title="bbox 2121 2758 3698 2840; baseline 0.009 -30"><span class='ocrx_word' id='word_1_667' title='bbox 2121 2773 2277 2827; x_wconf 89' lang='lat' dir='ltr'><strong>quam</strong></span> <span class='ocrx_word' id='word_1_668' title='bbox 2302 2758 2424 2814; x_wconf 92' lang='lat' dir='ltr'><strong>inde</strong></span> <span class='ocrx_word' id='word_1_669' title='bbox 2448 2760 2697 2830; x_wconf 82' lang='lat' dir='ltr'><strong>cogitavit</strong></span> <span class='ocrx_word' id='word_1_670' title='bbox 2732 2777 2797 2817; x_wconf 81' lang='lat' dir='ltr'><strong>ex</strong></span> <span class='ocrx_word' id='word_1_671' title='bbox 2838 2779 2943 2834; x_wconf 91' lang='lat' dir='ltr'><strong>quo</strong></span> <span class='ocrx_word' id='word_1_672' title='bbox 2984 2780 3273 2821; x_wconf 89' lang='lat' dir='ltr'><strong>conversus</strong></span> <span class='ocrx_word' id='word_1_673' title='bbox 3301 2776 3401 2834; x_wconf 89' lang='lat' dir='ltr'><strong>est,</strong></span> <span class='ocrx_word' id='word_1_674' title='bbox 3450 2784 3551 2823; x_wconf 89' lang='lat' dir='ltr'><strong>nec</strong></span> <span class='ocrx_word' id='word_1_675' title='bbox 3581 2769 3698 2840; x_wconf 86' lang='lat' dir='ltr'><strong>ipse</strong></span> 
     </span>
    </p>
   </div>
   <div class='ocr_carea' id='block_1_91' title="bbox 2121 2850 3702 2932">
    <p class='ocr_par' dir='ltr' id='par_1_91' title="bbox 2121 2850 3702 2932">
     <span class='ocr_line' id='line_1_92' title="bbox 2121 2850 3702 2932; baseline 0.007 -28"><span class='ocrx_word' id='word_1_676' title='bbox 2121 2850 2320 2922; x_wconf 88' lang='lat' dir='ltr'><strong>aliquid</strong></span> <span class='ocrx_word' id='word_1_677' title='bbox 2341 2854 2582 2923; x_wconf 83' lang='lat' dir='ltr'><strong>quaesivit</strong></span> <span class='ocrx_word' id='word_1_678' title='bbox 2600 2870 2630 2909; x_wconf 91' lang='lat' dir='ltr'><strong>a</strong></span> <span class='ocrx_word' id='word_1_679' title='bbox 2656 2854 2904 2911; x_wconf 69' lang='lat' dir='ltr'><strong>fratribus</strong></span> <span class='ocrx_word' id='word_1_680' title='bbox 2926 2859 3055 2925; x_wconf 86' lang='lat' dir='ltr'><strong>suis,</strong></span> <span class='ocrx_word' id='word_1_681' title='bbox 3078 2874 3178 2917; x_wconf 85' lang='lat' dir='ltr'><strong>nec</strong></span> <span class='ocrx_word' id='word_1_682' title='bbox 3202 2860 3268 2915; x_wconf 88' lang='lat' dir='ltr'><strong>ab</strong></span> <span class='ocrx_word' id='word_1_683' title='bbox 3296 2859 3387 2915; x_wconf 91' lang='lat' dir='ltr'><strong>illo</strong></span> <span class='ocrx_word' id='word_1_684' title='bbox 3402 2861 3702 2932; x_wconf 87' lang='lat' dir='ltr'><strong>estaliquid</strong></span> 
     </span>
    </p>
   </div>
   <div class='ocr_carea' id='block_1_92' title="bbox 2123 2945 3700 3016">
    <p class='ocr_par' dir='ltr' id='par_1_92' title="bbox 2123 2945 3700 3016">
     <span class='ocr_line' id='line_1_93' title="bbox 2123 2945 3700 3016; baseline 0.004 -18"><span class='ocrx_word' id='word_1_685' title='bbox 2123 2945 2425 3014; x_wconf 72' lang='lat' dir='ltr'><strong>qumsitum.</strong></span> <span class='ocrx_word' id='word_1_686' title='bbox 2458 2945 2610 3000; x_wconf 85' lang='lat' dir='ltr'><strong>Modo</strong></span> <span class='ocrx_word' id='word_1_687' title='bbox 2633 2947 2755 3016; x_wconf 89' lang='lat' dir='ltr'><strong>quia</strong></span> <span class='ocrx_word' id='word_1_688' title='bbox 2780 2958 2995 3003; x_wconf 90' lang='lat' dir='ltr'><strong>ventum</strong></span> <span class='ocrx_word' id='word_1_689' title='bbox 3023 2958 3106 3003; x_wconf 88' lang='lat' dir='ltr'><strong>est</strong></span> <span class='ocrx_word' id='word_1_690' title='bbox 3127 2949 3194 3004; x_wconf 93' lang='lat' dir='ltr'><strong>ad</strong></span> <span class='ocrx_word' id='word_1_691' title='bbox 3235 2950 3377 3006; x_wconf 87' lang='lat' dir='ltr'><strong>hunc</strong></span> <span class='ocrx_word' id='word_1_692' title='bbox 3414 2952 3700 3007; x_wconf 89' lang='lat' dir='ltr'><strong>articulum</strong></span> 
     </span>
    </p>
   </div>
   <div class='ocr_carea' id='block_1_93' title="bbox 2121 3034 3703 3109">
    <p class='ocr_par' dir='ltr' id='par_1_93' title="bbox 2121 3034 3703 3109">
     <span class='ocr_line' id='line_1_94' title="bbox 2121 3034 3703 3109; baseline 0.006 -22"><span class='ocrx_word' id='word_1_693' title='bbox 2121 3034 2399 3105; x_wconf 84' lang='lat' dir='ltr'><strong>temporis,</strong></span> <span class='ocrx_word' id='word_1_694' title='bbox 2433 3050 2551 3089; x_wconf 90' lang='lat' dir='ltr'><strong>cum</strong></span> <span class='ocrx_word' id='word_1_695' title='bbox 2580 3035 2803 3091; x_wconf 90' lang='lat' dir='ltr'><strong>consilio</strong></span> <span class='ocrx_word' id='word_1_696' title='bbox 2824 3053 2945 3094; x_wconf 91' lang='lat' dir='ltr'><strong>meo</strong></span> <span class='ocrx_word' id='word_1_697' title='bbox 2968 3038 3146 3094; x_wconf 87' lang='lat' dir='ltr'><strong>divisit</strong></span> <span class='ocrx_word' id='word_1_698' title='bbox 3168 3038 3334 3109; x_wconf 89' lang='lat' dir='ltr'><strong>ipsam</strong></span> <span class='ocrx_word' id='word_1_699' title='bbox 3356 3056 3470 3095; x_wconf 89' lang='lat' dir='ltr'><strong>rem</strong></span> <span class='ocrx_word' id='word_1_700' title='bbox 3503 3057 3520 3095; x_wconf 92' lang='lat'><strong>:</strong></span> <span class='ocrx_word' id='word_1_701' title='bbox 3547 3050 3603 3096; x_wconf 92' lang='lat' dir='ltr'><strong>et</strong></span> <span class='ocrx_word' id='word_1_702' title='bbox 3623 3041 3703 3096; x_wconf 86' lang='lat' dir='ltr'><strong>di-</strong></span> 
     </span>
    </p>
   </div>
   <div class='ocr_carea' id='block_1_94' title="bbox 2124 3124 3699 3194">
    <p class='ocr_par' dir='ltr' id='par_1_94' title="bbox 2124 3124 3699 3194">
     <span class='ocr_line' id='line_1_95' title="bbox 2124 3124 3699 3194; baseline 0.006 -17"><span class='ocrx_word' id='word_1_703' title='bbox 2124 3124 2343 3178; x_wconf 88' lang='lat' dir='ltr'><strong>midiam</strong></span> <span class='ocrx_word' id='word_1_704' title='bbox 2394 3124 2610 3180; x_wconf 88' lang='lat' dir='ltr'><strong>donavit</strong></span> <span class='ocrx_word' id='word_1_705' title='bbox 2656 3127 2906 3183; x_wconf 87' lang='lat' dir='ltr'><strong>fratribus</strong></span> <span class='ocrx_word' id='word_1_706' title='bbox 2953 3129 3083 3194; x_wconf 88' lang='lat' dir='ltr'><strong>suis,</strong></span> <span class='ocrx_word' id='word_1_707' title='bbox 3127 3129 3398 3184; x_wconf 89' lang='lat' dir='ltr'><strong>dimidiam</strong></span> <span class='ocrx_word' id='word_1_708' title='bbox 3442 3130 3699 3186; x_wconf 67' lang='lat' dir='ltr'><strong>Ecclesia!</strong></span> 
     </span>
    </p>
   </div>
   <div class='ocr_carea' id='block_1_95' title="bbox 2123 3217 3131 3285">
    <p class='ocr_par' dir='ltr' id='par_1_95' title="bbox 2123 3217 3131 3285">
     <span class='ocr_line' id='line_1_96' title="bbox 2123 3217 3131 3285; baseline 0.004 -16"><span class='ocrx_word' id='word_1_709' title='bbox 2123 3217 2341 3285; x_wconf 90' lang='lat' dir='ltr'><strong>pauperi</strong></span> <span class='ocrx_word' id='word_1_710' title='bbox 2370 3217 2422 3269; x_wconf 91' lang='lat' dir='ltr'><strong>in</strong></span> <span class='ocrx_word' id='word_1_711' title='bbox 2456 3217 2573 3270; x_wconf 93' lang='lat' dir='ltr'><strong>loco</strong></span> <span class='ocrx_word' id='word_1_712' title='bbox 2601 3218 2787 3272; x_wconf 88' lang='lat' dir='ltr'><strong>eodem</strong></span> <span class='ocrx_word' id='word_1_713' title='bbox 2811 3220 3131 3273; x_wconf 69' lang='lat' dir='ltr'><strong>constitutae.</strong></span> 
     </span>
    </p>
   </div>
   <div class='ocr_carea' id='block_1_96' title="bbox 2192 3306 3704 3381">
    <p class='ocr_par' dir='ltr' id='par_1_96' title="bbox 2192 3306 3704 3381">
     <span class='ocr_line' id='line_1_97' title="bbox 2192 3306 3704 3381; baseline 0.002 -19"><span class='ocrx_word' id='word_1_714' title='bbox 2192 3307 2245 3362; x_wconf 80' lang='lat'><strong>5.</strong></span> <span class='ocrx_word' id='word_1_715' title='bbox 2277 3306 2489 3361; x_wconf 86' lang='lat' dir='ltr'><strong>Severus</strong></span> <span class='ocrx_word' id='word_1_716' title='bbox 2501 3307 2742 3362; x_wconf 86' lang='lat' dir='ltr'><strong>diaconus</strong></span> <span class='ocrx_word' id='word_1_717' title='bbox 2759 3325 2940 3363; x_wconf 67' lang='lat' dir='ltr'><strong>cacus.</strong></span> <span class='ocrx_word' id='word_1_718' title='bbox 2956 3310 3218 3364; x_wconf 80' lang='lat' dir='ltr'><strong>Diaconos</strong></span> <span class='ocrx_word' id='word_1_719' title='bbox 3232 3308 3461 3365; x_wconf 79' lang='lat' dir='ltr'><strong>Severus</strong></span> <span class='ocrx_word' id='word_1_720' title='bbox 3477 3312 3579 3366; x_wconf 89' lang='lat' dir='ltr'><strong>sub</strong></span> <span class='ocrx_word' id='word_1_721' title='bbox 3599 3325 3704 3381; x_wconf 77' lang='lat' dir='ltr'><strong>qua</strong></span> 
     </span>
    </p>
   </div>
   <div class='ocr_carea' id='block_1_97' title="bbox 2124 3394 3695 3466">
    <p class='ocr_par' dir='ltr' id='par_1_97' title="bbox 2124 3394 3695 3466">
     <span class='ocr_line' id='line_1_98' title="bbox 2124 3394 3695 3466; baseline 0.003 -17"><span class='ocrx_word' id='word_1_722' title='bbox 2124 3395 2220 3451; x_wconf 91' lang='lat' dir='ltr'><strong>Dei</strong></span> <span class='ocrx_word' id='word_1_723' title='bbox 2244 3394 2518 3466; x_wconf 90' lang='lat' dir='ltr'><strong>disciplina</strong></span> <span class='ocrx_word' id='word_1_724' title='bbox 2544 3406 2595 3450; x_wconf 91' lang='lat' dir='ltr'><strong>et</strong></span> <span class='ocrx_word' id='word_1_725' title='bbox 2616 3396 2821 3466; x_wconf 82' lang='lat' dir='ltr'><strong>ﬂagello</strong></span> <span class='ocrx_word' id='word_1_726' title='bbox 2848 3399 2934 3461; x_wconf 89' lang='lat' dir='ltr'><strong>sit,</strong></span> <span class='ocrx_word' id='word_1_727' title='bbox 2958 3401 3151 3452; x_wconf 89' lang='lat' dir='ltr'><strong>nostis:</strong></span> <span class='ocrx_word' id='word_1_728' title='bbox 3172 3399 3348 3454; x_wconf 84' lang='lat' dir='ltr'><strong>lumen</strong></span> <span class='ocrx_word' id='word_1_729' title='bbox 3378 3409 3556 3454; x_wconf 88' lang='lat' dir='ltr'><strong>tamen</strong></span> <span class='ocrx_word' id='word_1_730' title='bbox 3585 3416 3695 3454; x_wconf 91' lang='lat' dir='ltr'><strong>non</strong></span> 
     </span>
    </p>
   </div>
   <div class='ocr_carea' id='block_1_98' title="bbox 2124 3487 3703 3561">
    <p class='ocr_par' dir='ltr' id='par_1_98' title="bbox 2124 3487 3703 3561">
     <span class='ocr_line' id='line_1_99' title="bbox 2124 3487 3703 3561; baseline 0.003 -20"><span class='ocrx_word' id='word_1_731' title='bbox 2124 3487 2354 3557; x_wconf 82' lang='lat' dir='ltr'><strong>perdidit</strong></span> <span class='ocrx_word' id='word_1_732' title='bbox 2396 3488 2608 3543; x_wconf 89' lang='lat' dir='ltr'><strong>mentis.</strong></span> <span class='ocrx_word' id='word_1_733' title='bbox 2658 3488 2829 3545; x_wconf 86' lang='lat' dir='ltr'><strong>Unam</strong></span> <span class='ocrx_word' id='word_1_734' title='bbox 2873 3490 3088 3543; x_wconf 90' lang='lat' dir='ltr'><strong>domum</strong></span> <span class='ocrx_word' id='word_1_735' title='bbox 3132 3489 3215 3545; x_wconf 92' lang='lat' dir='ltr'><strong>hic</strong></span> <span class='ocrx_word' id='word_1_736' title='bbox 3244 3498 3448 3545; x_wconf 88' lang='lat' dir='ltr'><strong>emerat</strong></span> <span class='ocrx_word' id='word_1_737' title='bbox 3478 3501 3703 3561; x_wconf 85' lang='lat' dir='ltr'><strong>propter</strong></span> 
     </span>
    </p>
   </div>
   <div class='ocr_carea' id='block_1_99' title="bbox 2125 3581 3703 3652">
    <p class='ocr_par' dir='ltr' id='par_1_99' title="bbox 2125 3581 3703 3652">
     <span class='ocr_line' id='line_1_100' title="bbox 2125 3581 3703 3652; baseline 0.003 -19"><span class='ocrx_word' id='word_1_738' title='bbox 2125 3588 2352 3634; x_wconf 87' lang='lat' dir='ltr'><strong>matrem</strong></span> <span class='ocrx_word' id='word_1_739' title='bbox 2382 3589 2438 3637; x_wconf 93' lang='lat' dir='ltr'><strong>et</strong></span> <span class='ocrx_word' id='word_1_740' title='bbox 2484 3596 2722 3636; x_wconf 88' lang='lat' dir='ltr'><strong>sororem</strong></span> <span class='ocrx_word' id='word_1_741' title='bbox 2754 3597 2923 3643; x_wconf 86' lang='lat' dir='ltr'><strong>suam,</strong></span> <span class='ocrx_word' id='word_1_742' title='bbox 2954 3597 3083 3652; x_wconf 89' lang='lat' dir='ltr'><strong>quas</strong></span> <span class='ocrx_word' id='word_1_743' title='bbox 3133 3581 3201 3636; x_wconf 91' lang='lat' dir='ltr'><strong>de</strong></span> <span class='ocrx_word' id='word_1_744' title='bbox 3230 3598 3324 3636; x_wconf 85' lang='lat' dir='ltr'><strong>sua</strong></span> <span class='ocrx_word' id='word_1_745' title='bbox 3385 3582 3551 3652; x_wconf 90' lang='lat' dir='ltr'><strong>patria</strong></span> <span class='ocrx_word' id='word_1_746' title='bbox 3595 3582 3703 3638; x_wconf 89' lang='lat' dir='ltr'><strong>huc</strong></span> 
     </span>
    </p>
   </div>
   <div class='ocr_carea' id='block_1_100' title="bbox 2124 3670 3704 3742">
    <p class='ocr_par' dir='ltr' id='par_1_100' title="bbox 2124 3670 3704 3742">
     <span class='ocr_line' id='line_1_101' title="bbox 2124 3670 3704 3742; baseline 0.003 -19"><span class='ocrx_word' id='word_1_747' title='bbox 2124 3670 2464 3725; x_wconf 90' lang='lat' dir='ltr'><strong>desiderabat</strong></span> <span class='ocrx_word' id='word_1_748' title='bbox 2489 3672 2774 3727; x_wconf 88' lang='lat' dir='ltr'><strong>adducere.</strong></span> <span class='ocrx_word' id='word_1_749' title='bbox 2789 3672 3005 3727; x_wconf 86' lang='lat' dir='ltr'><strong>Emerat</strong></span> <span class='ocrx_word' id='word_1_750' title='bbox 3028 3681 3319 3727; x_wconf 85' lang='lat' dir='ltr'><strong>autemnon</strong></span> <span class='ocrx_word' id='word_1_751' title='bbox 3340 3688 3430 3726; x_wconf 91' lang='lat' dir='ltr'><strong>sua</strong></span> <span class='ocrx_word' id='word_1_752' title='bbox 3454 3674 3704 3742; x_wconf 88' lang='lat' dir='ltr'><strong>pecunia,</strong></span> 
     </span>
    </p>
   </div>
   <div class='ocr_carea' id='block_1_101' title="bbox 2124 3760 3695 3833">
    <p class='ocr_par' dir='ltr' id='par_1_101' title="bbox 2124 3760 3695 3833">
     <span class='ocr_line' id='line_1_102' title="bbox 2124 3760 3695 3833; baseline 0.003 -21"><span class='ocrx_word' id='word_1_753' title='bbox 2124 3774 2283 3828; x_wconf 88' lang='lat' dir='ltr'><strong>quam</strong></span> <span class='ocrx_word' id='word_1_754' title='bbox 2328 3775 2431 3812; x_wconf 94' lang='lat' dir='ltr'><strong>non</strong></span> <span class='ocrx_word' id='word_1_755' title='bbox 2461 3760 2721 3824; x_wconf 86' lang='lat' dir='ltr'><strong>habebat;</strong></span> <span class='ocrx_word' id='word_1_756' title='bbox 2752 3761 2845 3814; x_wconf 92' lang='lat' dir='ltr'><strong>sed</strong></span> <span class='ocrx_word' id='word_1_757' title='bbox 2897 3777 2963 3814; x_wconf 83' lang='lat' dir='ltr'><strong>ex</strong></span> <span class='ocrx_word' id='word_1_758' title='bbox 3010 3763 3293 3817; x_wconf 87' lang='lat' dir='ltr'><strong>collatione</strong></span> <span class='ocrx_word' id='word_1_759' title='bbox 3322 3763 3695 3833; x_wconf 86' lang='lat' dir='ltr'><strong>religiosorum</strong></span> 
     </span>
    </p>
   </div>
   <div class='ocr_carea' id='block_1_102' title="bbox 2124 3849 3707 3919">
    <p class='ocr_par' dir='ltr' id='par_1_102' title="bbox 2124 3849 3707 3919">
     <span class='ocr_line' id='line_1_103' title="bbox 2124 3849 3707 3919; baseline 0.004 -17"><span class='ocrx_word' id='word_1_760' title='bbox 2124 3849 2381 3911; x_wconf 89' lang='lat' dir='ltr'><strong>virorum,</strong></span> <span class='ocrx_word' id='word_1_761' title='bbox 2406 3864 2541 3918; x_wconf 91' lang='lat' dir='ltr'><strong>quos</strong></span> <span class='ocrx_word' id='word_1_762' title='bbox 2572 3849 2701 3903; x_wconf 92' lang='lat' dir='ltr'><strong>mihi</strong></span> <span class='ocrx_word' id='word_1_763' title='bbox 2723 3850 2978 3919; x_wconf 75' lang='lat' dir='ltr'><strong>qumrcnti</strong></span> <span class='ocrx_word' id='word_1_764' title='bbox 3008 3852 3167 3905; x_wconf 81' lang='lat' dir='ltr'><strong>etiam</strong></span> <span class='ocrx_word' id='word_1_765' title='bbox 3192 3854 3468 3907; x_wconf 88' lang='lat' dir='ltr'><strong>nominans</strong></span> <span class='ocrx_word' id='word_1_766' title='bbox 3499 3854 3707 3909; x_wconf 90' lang='lat' dir='ltr'><strong>indica-</strong></span> 
     </span>
    </p>
   </div>
   <div class='ocr_carea' id='block_1_103' title="bbox 2126 3940 3701 4016">
    <p class='ocr_par' dir='ltr' id='par_1_103' title="bbox 2126 3940 3701 4016">
     <span class='ocr_line' id='line_1_104' title="bbox 2126 3940 3701 4016; baseline 0.004 -23"><span class='ocrx_word' id='word_1_767' title='bbox 2126 3941 2218 3994; x_wconf 82' lang='lat' dir='ltr'><strong>vit.</strong></span> <span class='ocrx_word' id='word_1_768' title='bbox 2241 3941 2315 3995; x_wconf 91' lang='lat' dir='ltr'><strong>De</strong></span> <span class='ocrx_word' id='word_1_769' title='bbox 2338 3941 2449 4009; x_wconf 88' lang='lat' dir='ltr'><strong>ipsa</strong></span> <span class='ocrx_word' id='word_1_770' title='bbox 2479 3940 2498 3971; x_wconf 87' lang='grc'>³</span> <span class='ocrx_word' id='word_1_771' title='bbox 2528 3955 2632 3994; x_wconf 92' lang='lat' dir='ltr'><strong>non</strong></span> <span class='ocrx_word' id='word_1_772' title='bbox 2654 3955 2867 4010; x_wconf 88' lang='lat' dir='ltr'><strong>possum</strong></span> <span class='ocrx_word' id='word_1_773' title='bbox 2890 3940 3068 3996; x_wconf 88' lang='lat' dir='ltr'><strong>dicere</strong></span> <span class='ocrx_word' id='word_1_774' title='bbox 3092 3942 3216 4013; x_wconf 88' lang='lat' dir='ltr'><strong>quid</strong></span> <span class='ocrx_word' id='word_1_775' title='bbox 3242 3943 3440 4009; x_wconf 88' lang='lat' dir='ltr'><strong>fecerit,</strong></span> <span class='ocrx_word' id='word_1_776' title='bbox 3458 3954 3548 3999; x_wconf 89' lang='lat' dir='ltr'><strong>aut</strong></span> <span class='ocrx_word' id='word_1_777' title='bbox 3570 3945 3701 4016; x_wconf 90' lang='lat' dir='ltr'><strong>quid</strong></span> 
     </span>
    </p>
   </div>
   <div class='ocr_carea' id='block_1_104' title="bbox 2124 4018 3703 4103">
    <p class='ocr_par' dir='ltr' id='par_1_104' title="bbox 2124 4018 3703 4103">
     <span class='ocr_line' id='line_1_105' title="bbox 2124 4018 3703 4103; baseline 0.003 -18"><span class='ocrx_word' id='word_1_778' title='bbox 2124 4032 2393 4101; x_wconf 79' lang='lat' dir='ltr'><strong>diSponat,</strong></span> <span class='ocrx_word' id='word_1_779' title='bbox 2426 4032 2525 4085; x_wconf 89' lang='lat' dir='ltr'><strong>nisi</strong></span> <span class='ocrx_word' id='word_1_780' title='bbox 2552 4032 2671 4101; x_wconf 91' lang='lat' dir='ltr'><strong>quia</strong></span> <span class='ocrx_word' id='word_1_781' title='bbox 2700 4018 2863 4086; x_wconf 84' lang='lat' dir='ltr'><strong>totum</strong></span> <span class='ocrx_word' id='word_1_782' title='bbox 2912 4041 2966 4087; x_wconf 91' lang='lat' dir='ltr'><strong>et</strong></span> <span class='ocrx_word' id='word_1_783' title='bbox 3000 4032 3115 4103; x_wconf 89' lang='lat' dir='ltr'><strong>ipse</strong></span> <span class='ocrx_word' id='word_1_784' title='bbox 3152 4034 3203 4087; x_wconf 89' lang='lat' dir='ltr'><strong>in</strong></span> <span class='ocrx_word' id='word_1_785' title='bbox 3234 4049 3350 4088; x_wconf 89' lang='lat' dir='ltr'><strong>mea</strong></span> <span class='ocrx_word' id='word_1_786' title='bbox 3399 4036 3578 4103; x_wconf 91' lang='lat' dir='ltr'><strong>posuit</strong></span> <span class='ocrx_word' id='word_1_787' title='bbox 3606 4052 3703 4090; x_wconf 88' lang='lat' dir='ltr'><strong>vo-</strong></span> 
     </span>
    </p>
   </div>
   <div class='ocr_carea' id='block_1_105' title="bbox 2127 4121 3701 4192">
    <p class='ocr_par' dir='ltr' id='par_1_105' title="bbox 2127 4121 3701 4192">
     <span class='ocr_line' id='line_1_106' title="bbox 2127 4121 3701 4192; baseline 0.003 -17"><span class='ocrx_word' id='word_1_788' title='bbox 2127 4121 2352 4185; x_wconf 89' lang='lat' dir='ltr'><strong>luntate,</strong></span> <span class='ocrx_word' id='word_1_789' title='bbox 2380 4130 2437 4174; x_wconf 92' lang='lat' dir='ltr'><strong>ut</strong></span> <span class='ocrx_word' id='word_1_790' title='bbox 2462 4121 2711 4191; x_wconf 89' lang='lat' dir='ltr'><strong>quidquid</strong></span> <span class='ocrx_word' id='word_1_791' title='bbox 2744 4121 2856 4192; x_wconf 86' lang='lat' dir='ltr'><strong>ipse</strong></span> <span class='ocrx_word' id='word_1_792' title='bbox 2876 4122 3090 4189; x_wconf 91' lang='lat' dir='ltr'><strong>vellem,</strong></span> <span class='ocrx_word' id='word_1_793' title='bbox 3120 4121 3221 4176; x_wconf 89' lang='lat' dir='ltr'><strong>hoc</strong></span> <span class='ocrx_word' id='word_1_794' title='bbox 3241 4121 3363 4177; x_wconf 91' lang='lat' dir='ltr'><strong>inde</strong></span> <span class='ocrx_word' id='word_1_795' title='bbox 3389 4121 3563 4177; x_wconf 83' lang='lat' dir='ltr'><strong>fieret.</strong></span> <span class='ocrx_word' id='word_1_796' title='bbox 3590 4123 3701 4179; x_wconf 85' lang='lat' dir='ltr'><strong>Sed</strong></span> 
     </span>
    </p>
   </div>
   <div class='ocr_carea' id='block_1_106' title="bbox 2126 4209 3707 4283">
    <p class='ocr_par' dir='ltr' id='par_1_106' title="bbox 2126 4209 3707 4283">
     <span class='ocr_line' id='line_1_107' title="bbox 2126 4209 3707 4283; baseline 0.003 -19"><span class='ocrx_word' id='word_1_797' title='bbox 2126 4209 2287 4264; x_wconf 87' lang='lat' dir='ltr'><strong>habet</strong></span> <span class='ocrx_word' id='word_1_798' title='bbox 2306 4210 2560 4280; x_wconf 88' lang='lat' dir='ltr'><strong>quasdam</strong></span> <span class='ocrx_word' id='word_1_799' title='bbox 2577 4226 2763 4265; x_wconf 88' lang='lat' dir='ltr'><strong>causas</strong></span> <span class='ocrx_word' id='word_1_800' title='bbox 2778 4226 2896 4265; x_wconf 92' lang='lat' dir='ltr'><strong>cum</strong></span> <span class='ocrx_word' id='word_1_801' title='bbox 2915 4221 3084 4266; x_wconf 89' lang='lat' dir='ltr'><strong>matre</strong></span> <span class='ocrx_word' id='word_1_802' title='bbox 3110 4227 3228 4278; x_wconf 88' lang='lat' dir='ltr'><strong>sua,</strong></span> <span class='ocrx_word' id='word_1_803' title='bbox 3264 4227 3487 4283; x_wconf 88' lang='lat' dir='ltr'><strong>quarum</strong></span> <span class='ocrx_word' id='word_1_804' title='bbox 3511 4227 3707 4267; x_wconf 86' lang='lat' dir='ltr'><strong>causa-</strong></span> 
     </span>
    </p>
   </div>
   <div class='ocr_carea' id='block_1_107' title="bbox 2128 4303 3705 4372">
    <p class='ocr_par' dir='ltr' id='par_1_107' title="bbox 2128 4303 3705 4372">
     <span class='ocr_line' id='line_1_108' title="bbox 2128 4303 3705 4372; baseline 0.002 -14"><span class='ocrx_word' id='word_1_805' title='bbox 2128 4317 2242 4358; x_wconf 85' lang='lat' dir='ltr'><strong>rum</strong></span> <span class='ocrx_word' id='word_1_806' title='bbox 2276 4319 2361 4357; x_wconf 92' lang='lat' dir='ltr'><strong>me</strong></span> <span class='ocrx_word' id='word_1_807' title='bbox 2396 4303 2629 4372; x_wconf 90' lang='lat' dir='ltr'><strong>judicem</strong></span> <span class='ocrx_word' id='word_1_808' title='bbox 2662 4304 2866 4372; x_wconf 89' lang='lat' dir='ltr'><strong>posuit;</strong></span> <span class='ocrx_word' id='word_1_809' title='bbox 2916 4313 2971 4357; x_wconf 92' lang='lat' dir='ltr'><strong>ut</strong></span> <span class='ocrx_word' id='word_1_810' title='bbox 2991 4320 3111 4358; x_wconf 91' lang='lat' dir='ltr'><strong>cum</strong></span> <span class='ocrx_word' id='word_1_811' title='bbox 3142 4304 3245 4358; x_wconf 74' lang='lat' dir='ltr'><strong>illm</strong></span> <span class='ocrx_word' id='word_1_812' title='bbox 3279 4319 3456 4360; x_wconf 79' lang='lat' dir='ltr'><strong>causa:</strong></span> <span class='ocrx_word' id='word_1_813' title='bbox 3499 4304 3705 4361; x_wconf 81' lang='lat' dir='ltr'><strong>fuerint</strong></span> 
     </span>
    </p>
   </div>
   <div class='ocr_carea' id='block_1_108' title="bbox 2133 4391 3707 4465">
    <p class='ocr_par' dir='ltr' id='par_1_108' title="bbox 2133 4391 3707 4465">
     <span class='ocr_line' id='line_1_109' title="bbox 2133 4391 3707 4465; baseline 0.003 -18"><span class='ocrx_word' id='word_1_814' title='bbox 2133 4393 2448 4454; x_wconf 64' lang='lat' dir='ltr'><strong>terminatas,</strong></span> <span class='ocrx_word' id='word_1_815' title='bbox 2484 4394 2573 4446; x_wconf 87' lang='lat' dir='ltr'><strong>fiat</strong></span> <span class='ocrx_word' id='word_1_816' title='bbox 2601 4391 2667 4447; x_wconf 91' lang='lat' dir='ltr'><strong>de</strong></span> <span class='ocrx_word' id='word_1_817' title='bbox 2684 4396 2795 4461; x_wconf 84' lang='lat' dir='ltr'><strong>ipsa</strong></span> <span class='ocrx_word' id='word_1_818' title='bbox 2823 4393 2982 4447; x_wconf 91' lang='lat' dir='ltr'><strong>domo</strong></span> <span class='ocrx_word' id='word_1_819' title='bbox 3006 4394 3147 4463; x_wconf 90' lang='lat' dir='ltr'><strong>quod</strong></span> <span class='ocrx_word' id='word_1_820' title='bbox 3173 4409 3273 4465; x_wconf 88' lang='lat' dir='ltr'><strong>ego</strong></span> <span class='ocrx_word' id='word_1_821' title='bbox 3300 4395 3541 4450; x_wconf 87' lang='lat' dir='ltr'><strong>voluero.</strong></span> <span class='ocrx_word' id='word_1_822' title='bbox 3564 4396 3707 4464; x_wconf 87' lang='lat' dir='ltr'><strong>Quid</strong></span> 
     </span>
    </p>
   </div>
   <div class='ocr_carea' id='block_1_109' title="bbox 2130 4482 3708 4557">
    <p class='ocr_par' dir='ltr' id='par_1_109' title="bbox 2130 4482 3708 4557">
     <span class='ocr_line' id='line_1_110' title="bbox 2130 4482 3708 4557; baseline 0.004 -22"><span class='ocrx_word' id='word_1_823' title='bbox 2130 4493 2306 4537; x_wconf 87' lang='lat' dir='ltr'><strong>autem</strong></span> <span class='ocrx_word' id='word_1_824' title='bbox 2332 4482 2467 4536; x_wconf 83' lang='lat' dir='ltr'><strong>velle</strong></span> <span class='ocrx_word' id='word_1_825' title='bbox 2497 4490 2683 4552; x_wconf 90' lang='lat' dir='ltr'><strong>potero</strong></span> <span class='ocrx_word' id='word_1_826' title='bbox 2715 4482 2823 4536; x_wconf 90' lang='lat' dir='ltr'><strong>Deo</strong></span> <span class='ocrx_word' id='word_1_827' title='bbox 2845 4492 3084 4553; x_wconf 88' lang='lat' dir='ltr'><strong>regente,</strong></span> <span class='ocrx_word' id='word_1_828' title='bbox 3114 4483 3213 4538; x_wconf 90' lang='lat' dir='ltr'><strong>nisi</strong></span> <span class='ocrx_word' id='word_1_829' title='bbox 3237 4484 3375 4555; x_wconf 90' lang='lat' dir='ltr'><strong>quod</strong></span> <span class='ocrx_word' id='word_1_830' title='bbox 3394 4484 3708 4557; x_wconf 80' lang='lat' dir='ltr'><strong>justitlaju-</strong></span> 
     </span>
    </p>
   </div>
   <div class='ocr_carea' id='block_1_110' title="bbox 2130 4571 3705 4643">
    <p class='ocr_par' dir='ltr' id='par_1_110' title="bbox 2130 4571 3705 4643">
     <span class='ocr_line' id='line_1_111' title="bbox 2130 4571 3705 4643; baseline 0.003 -16"><span class='ocrx_word' id='word_1_831' title='bbox 2130 4572 2240 4637; x_wconf 89' lang='lat' dir='ltr'><strong>bet,</strong></span> <span class='ocrx_word' id='word_1_832' title='bbox 2291 4580 2343 4627; x_wconf 90' lang='lat' dir='ltr'><strong>et</strong></span> <span class='ocrx_word' id='word_1_833' title='bbox 2397 4571 2560 4641; x_wconf 86' lang='lat' dir='ltr'><strong>pietas</strong></span> <span class='ocrx_word' id='word_1_834' title='bbox 2606 4572 2865 4641; x_wconf 83' lang='lat' dir='ltr'><strong>postulat?</strong></span> <span class='ocrx_word' id='word_1_835' title='bbox 2896 4571 3062 4627; x_wconf 87' lang='lat' dir='ltr'><strong>Habet</strong></span> <span class='ocrx_word' id='word_1_836' title='bbox 3105 4574 3264 4628; x_wconf 83' lang='lat' dir='ltr'><strong>etiam</strong></span> <span class='ocrx_word' id='word_1_837' title='bbox 3313 4576 3364 4629; x_wconf 87' lang='lat' dir='ltr'><strong>in</strong></span> <span class='ocrx_word' id='word_1_838' title='bbox 3402 4577 3570 4643; x_wconf 84' lang='lat' dir='ltr'><strong>patria</strong></span> <span class='ocrx_word' id='word_1_839' title='bbox 3606 4592 3705 4632; x_wconf 87' lang='lat' dir='ltr'><strong>sua</strong></span> 
     </span>
    </p>
   </div>
   <div class='ocr_carea' id='block_1_111' title="bbox 2129 4662 3707 4733">
    <p class='ocr_par' dir='ltr' id='par_1_111' title="bbox 2129 4662 3707 4733">
     <span class='ocr_line' id='line_1_112' title="bbox 2129 4662 3707 4733; baseline 0.004 -17"><span class='ocrx_word' id='word_1_840' title='bbox 2129 4662 2340 4732; x_wconf 87' lang='lat' dir='ltr'><strong>aliquos</strong></span> <span class='ocrx_word' id='word_1_841' title='bbox 2390 4663 2591 4731; x_wconf 85' lang='lat' dir='ltr'><strong>agellos</strong></span> <span class='ocrx_word' id='word_1_842' title='bbox 2640 4679 2654 4715; x_wconf 93' lang='lat'><strong>:</strong></span> <span class='ocrx_word' id='word_1_843' title='bbox 2697 4662 2928 4733; x_wconf 91' lang='lat' dir='ltr'><strong>disponit</strong></span> <span class='ocrx_word' id='word_1_844' title='bbox 2978 4679 3070 4719; x_wconf 88' lang='lat' dir='ltr'><strong>eos</strong></span> <span class='ocrx_word' id='word_1_845' title='bbox 3125 4666 3202 4720; x_wconf 89' lang='lat' dir='ltr'><strong>sic</strong></span> <span class='ocrx_word' id='word_1_846' title='bbox 3269 4665 3609 4733; x_wconf 89' lang='lat' dir='ltr'><strong>distribuere,</strong></span> <span class='ocrx_word' id='word_1_847' title='bbox 3649 4678 3707 4723; x_wconf 91' lang='lat' dir='ltr'><strong>ut</strong></span> 
     </span>
    </p>
   </div>
   <div class='ocr_carea' id='block_1_112' title="bbox 2128 4751 3705 4826">
    <p class='ocr_par' dir='ltr' id='par_1_112' title="bbox 2128 4751 3705 4826">
     <span class='ocr_line' id='line_1_113' title="bbox 2128 4751 3705 4826; baseline 0.004 -20"><span class='ocrx_word' id='word_1_848' title='bbox 2128 4752 2287 4806; x_wconf 90' lang='lat' dir='ltr'><strong>etiam</strong></span> <span class='ocrx_word' id='word_1_849' title='bbox 2318 4751 2425 4806; x_wconf 90' lang='lat' dir='ltr'><strong>illic</strong></span> <span class='ocrx_word' id='word_1_850' title='bbox 2449 4752 2501 4805; x_wconf 90' lang='lat' dir='ltr'><strong>in</strong></span> <span class='ocrx_word' id='word_1_851' title='bbox 2528 4752 2617 4806; x_wconf 91' lang='lat' dir='ltr'><strong>illo</strong></span> <span class='ocrx_word' id='word_1_852' title='bbox 2646 4751 2766 4807; x_wconf 88' lang='lat' dir='ltr'><strong>loco</strong></span> <span class='ocrx_word' id='word_1_853' title='bbox 2816 4753 3005 4824; x_wconf 72' lang='lat' dir='ltr'><strong>posita:</strong></span> <span class='ocrx_word' id='word_1_854' title='bbox 3036 4755 3252 4826; x_wconf 88' lang='lat' dir='ltr'><strong>pauperi</strong></span> <span class='ocrx_word' id='word_1_855' title='bbox 3291 4752 3547 4826; x_wconf 86' lang='lat' dir='ltr'><strong>largiatur</strong></span> <span class='ocrx_word' id='word_1_856' title='bbox 3601 4756 3705 4813; x_wconf 84' lang='lat' dir='ltr'><strong>Ec-</strong></span> 
     </span>
    </p>
   </div>
   <div class='ocr_carea' id='block_1_113' title="bbox 2125 4842 2319 4898">
    <p class='ocr_par' dir='ltr' id='par_1_113' title="bbox 2125 4842 2319 4898">
     <span class='ocr_line' id='line_1_114' title="bbox 2125 4842 2319 4898; baseline -0.01 -1"><span class='ocrx_word' id='word_1_857' title='bbox 2125 4842 2319 4898; x_wconf 75' lang='lat' dir='ltr'><strong>clesize.</strong></span> 
     </span>
    </p>
   </div>
   <div class='ocr_carea' id='block_1_114' title="bbox 2197 4931 3708 5008">
    <p class='ocr_par' dir='ltr' id='par_1_114' title="bbox 2197 4931 3708 5008">
     <span class='ocr_line' id='line_1_115' title="bbox 2197 4931 3708 5008; baseline 0.006 -22"><span class='ocrx_word' id='word_1_858' title='bbox 2197 4932 2251 4987; x_wconf 85' lang='lat'><strong>6.</strong></span> <span class='ocrx_word' id='word_1_859' title='bbox 2312 4931 2657 5002; x_wconf 80' lang='lat' dir='ltr'><strong>Hipponensis</strong></span> <span class='ocrx_word' id='word_1_860' title='bbox 2708 4934 2971 4990; x_wconf 82' lang='lat' dir='ltr'><strong>diaconus.</strong></span> <span class='ocrx_word' id='word_1_861' title='bbox 3037 4936 3297 4992; x_wconf 88' lang='lat' dir='ltr'><strong>Diacouus</strong></span> <span class='ocrx_word' id='word_1_862' title='bbox 3341 4934 3708 5008; x_wconf 76' lang='lat' dir='ltr'><strong>Hipponensis</strong></span> 
     </span>
    </p>
   </div>
   <div class='ocr_carea' id='block_1_115' title="bbox 2127 5024 3706 5095">
    <p class='ocr_par' dir='ltr' id='par_1_115' title="bbox 2127 5024 3706 5095">
     <span class='ocr_line' id='line_1_116' title="bbox 2127 5024 3706 5095; baseline 0.005 -18"><span class='ocrx_word' id='word_1_863' title='bbox 2127 5024 2286 5079; x_wconf 88' lang='lat' dir='ltr'><strong>homo</strong></span> <span class='ocrx_word' id='word_1_864' title='bbox 2307 5040 2506 5094; x_wconf 88' lang='lat' dir='ltr'><strong>pauper</strong></span> <span class='ocrx_word' id='word_1_865' title='bbox 2526 5036 2626 5090; x_wconf 89' lang='lat' dir='ltr'><strong>est,</strong></span> <span class='ocrx_word' id='word_1_866' title='bbox 2654 5026 2778 5094; x_wconf 89' lang='lat' dir='ltr'><strong>quid</strong></span> <span class='ocrx_word' id='word_1_867' title='bbox 2805 5027 2963 5082; x_wconf 86' lang='lat' dir='ltr'><strong>alicui</strong></span> <span class='ocrx_word' id='word_1_868' title='bbox 2986 5027 3242 5095; x_wconf 83' lang='lat' dir='ltr'><strong>conferat,</strong></span> <span class='ocrx_word' id='word_1_869' title='bbox 3264 5042 3372 5083; x_wconf 89' lang='lat' dir='ltr'><strong>non</strong></span> <span class='ocrx_word' id='word_1_870' title='bbox 3395 5026 3561 5085; x_wconf 85' lang='lat' dir='ltr'><strong>habet</strong></span> <span class='ocrx_word' id='word_1_871' title='bbox 3587 5041 3706 5085; x_wconf 69' lang='grc' dir='ltr'><strong>τω-</strong></span> 
     </span>
    </p>
   </div>
   <div class='ocr_carea' id='block_1_116' title="bbox 2127 5116 3706 5187">
    <p class='ocr_par' dir='ltr' id='par_1_116' title="bbox 2127 5116 3706 5187">
     <span class='ocr_line' id='line_1_117' title="bbox 2127 5116 3706 5187; baseline 0.003 -16"><span class='ocrx_word' id='word_1_872' title='bbox 2127 5131 2251 5171; x_wconf 91' lang='lat' dir='ltr'><strong>men</strong></span> <span class='ocrx_word' id='word_1_873' title='bbox 2281 5117 2347 5170; x_wconf 92' lang='lat' dir='ltr'><strong>de</strong></span> <span class='ocrx_word' id='word_1_874' title='bbox 2376 5116 2645 5171; x_wconf 90' lang='lat' dir='ltr'><strong>laboribus</strong></span> <span class='ocrx_word' id='word_1_875' title='bbox 2671 5118 2783 5171; x_wconf 85' lang='lat' dir='ltr'><strong>suis</strong></span> <span class='ocrx_word' id='word_1_876' title='bbox 2810 5129 3090 5187; x_wconf 85' lang='lat' dir='ltr'><strong>antequam</strong></span> <span class='ocrx_word' id='word_1_877' title='bbox 3119 5130 3261 5176; x_wconf 88' lang='lat' dir='ltr'><strong>esset</strong></span> <span class='ocrx_word' id='word_1_878' title='bbox 3300 5120 3529 5175; x_wconf 83' lang='lat' dir='ltr'><strong>clericus</strong></span> <span class='ocrx_word' id='word_1_879' title='bbox 3552 5137 3706 5176; x_wconf 79' lang='lat' dir='ltr'><strong>eme-</strong></span> 
     </span>
    </p>
   </div>
   <div class='ocr_carea' id='block_1_117' title="bbox 2127 5206 3709 5279">
    <p class='ocr_par' dir='ltr' id='par_1_117' title="bbox 2127 5206 3709 5279">
     <span class='ocr_line' id='line_1_118' title="bbox 2127 5206 3709 5279; baseline 0.004 -20"><span class='ocrx_word' id='word_1_880' title='bbox 2127 5214 2210 5259; x_wconf 88' lang='lat' dir='ltr'><strong>rat</strong></span> <span class='ocrx_word' id='word_1_881' title='bbox 2237 5206 2441 5274; x_wconf 88' lang='lat' dir='ltr'><strong>aliquos</strong></span> <span class='ocrx_word' id='word_1_882' title='bbox 2468 5206 2731 5270; x_wconf 78' lang='lat' dir='ltr'><strong>servulos,</strong></span> <span class='ocrx_word' id='word_1_883' title='bbox 2756 5207 2913 5262; x_wconf 90' lang='lat' dir='ltr'><strong>hodie</strong></span> <span class='ocrx_word' id='word_1_884' title='bbox 2939 5208 3058 5263; x_wconf 91' lang='lat' dir='ltr'><strong>illos</strong></span> <span class='ocrx_word' id='word_1_885' title='bbox 3098 5209 3148 5263; x_wconf 89' lang='lat' dir='ltr'><strong>in</strong></span> <span class='ocrx_word' id='word_1_886' title='bbox 3190 5220 3476 5279; x_wconf 83' lang='lat' dir='ltr'><strong>conspectu</strong></span> <span class='ocrx_word' id='word_1_887' title='bbox 3524 5222 3709 5266; x_wconf 84' lang='lat' dir='ltr'><strong>vestro</strong></span> 
     </span>
    </p>
   </div>
   <div class='ocr_carea' id='block_1_118' title="bbox 2127 5293 3284 5365">
    <p class='ocr_par' dir='ltr' id='par_1_118' title="bbox 2127 5293 3284 5365">
     <span class='ocr_line' id='line_1_119' title="bbox 2127 5293 3284 5365; baseline 0.005 -20"><span class='ocrx_word' id='word_1_888' title='bbox 2127 5293 2546 5348; x_wconf 87' lang='lat' dir='ltr'><strong>manumissurus</strong></span> <span class='ocrx_word' id='word_1_889' title='bbox 2568 5304 2654 5348; x_wconf 85' lang='lat' dir='ltr'><strong>est</strong></span> <span class='ocrx_word' id='word_1_890' title='bbox 2677 5295 3065 5365; x_wconf 85' lang='lat' dir='ltr'><strong>episcopalibus</strong></span> <span class='ocrx_word' id='word_1_891' title='bbox 3088 5296 3284 5353; x_wconf 84' lang='lat' dir='ltr'><strong>Gestis.</strong></span> 
     </span>
    </p>
   </div>
   <div class='ocr_carea' id='block_1_119' title="bbox 2189 5469 3656 5534">
    <p class='ocr_par' dir='ltr' id='par_1_119' title="bbox 2189 5469 3656 5534">
     <span class='ocr_line' id='line_1_120' title="bbox 2189 5469 3656 5534; baseline 0.009 -19"><span class='ocrx_word' id='word_1_892' title='bbox 2189 5470 2204 5534; x_wconf 66' lang='grc' dir='ltr'><strong>ξ</strong></span> <span class='ocrx_word' id='word_1_893' title='bbox 2236 5475 2367 5534; x_wconf 70' lang='lat' dir='ltr'><strong>uss,</strong></span> <span class='ocrx_word' id='word_1_894' title='bbox 2399 5469 2756 5534; x_wconf 75' lang='lat' dir='ltr'><strong>usurructnario</strong></span> <span class='ocrx_word' id='word_1_895' title='bbox 2778 5470 2946 5522; x_wconf 82' lang='lat' dir='ltr'><strong>matris</strong></span> <span class='ocrx_word' id='word_1_896' title='bbox 2976 5486 3107 5531; x_wconf 71' lang='lat' dir='ltr'><strong>stic:</strong></span> <span class='ocrx_word' id='word_1_897' title='bbox 3128 5477 3304 5526; x_wconf 69' lang='lat' dir='ltr'><strong>omissa</strong></span> <span class='ocrx_word' id='word_1_898' title='bbox 3327 5489 3462 5534; x_wconf 84' lang='lat' dir='ltr'><strong>voce,</strong></span> <span class='ocrx_word' id='word_1_899' title='bbox 3486 5475 3656 5528; x_wconf 65' lang='lat' dir='ltr'><strong>inrito.</strong></span> 
     </span>
    </p>
   </div>
   <div class='ocr_carea' id='block_1_120' title="bbox 2187 5531 3631 5599">
    <p class='ocr_par' dir='ltr' id='par_1_120' title="bbox 2187 5531 3631 5599">
     <span class='ocr_line' id='line_1_121' title="bbox 2187 5531 3631 5599; baseline 0.01 -22"><span class='ocrx_word' id='word_1_900' title='bbox 2187 5532 2208 5562; x_wconf 82' lang='grc'>¹</span> <span class='ocrx_word' id='word_1_901' title='bbox 2240 5532 2311 5599; x_wconf 78' lang='lat' dir='ltr'><strong>sic</strong></span> <span class='ocrx_word' id='word_1_902' title='bbox 2332 5536 2438 5579; x_wconf 79' lang='lat' dir='ltr'><strong>Mss.</strong></span> <span class='ocrx_word' id='word_1_903' title='bbox 2467 5538 2518 5578; x_wconf 89' lang='lat' dir='ltr'><strong>et</strong></span> <span class='ocrx_word' id='word_1_904' title='bbox 2541 5531 2924 5593; x_wconf 66' lang='lat' dir='ltr'><strong>aquisgranense</strong></span> <span class='ocrx_word' id='word_1_905' title='bbox 2947 5536 3216 5585; x_wconf 83' lang='lat' dir='ltr'><strong>concilium.</strong></span> <span class='ocrx_word' id='word_1_906' title='bbox 3252 5546 3304 5586; x_wconf 65' lang='lat' dir='ltr'><strong>at</strong></span> <span class='ocrx_word' id='word_1_907' title='bbox 3329 5531 3471 5599; x_wconf 78' lang='lat' dir='ltr'><strong>editi,</strong></span> <span class='ocrx_word' id='word_1_908' title='bbox 3506 5549 3552 5588; x_wconf 68' lang='lat' dir='ltr'><strong>et</strong></span> <span class='ocrx_word' id='word_1_909' title='bbox 3577 5553 3631 5591; x_wconf 84' lang='lat' dir='ltr'><strong>so</strong></span> 
     </span>
    </p>
   </div>
   <div class='ocr_carea' id='block_1_121' title="bbox 2126 5603 3583 5650">
    <p class='ocr_par' dir='ltr' id='par_1_121' title="bbox 2126 5603 3583 5650">
     <span class='ocr_line' id='line_1_122' title="bbox 2126 5603 3583 5650; baseline -0.002 -10"><span class='ocrx_word' id='word_1_910' title='bbox 2126 5603 2229 5640; x_wconf 86' lang='lat' dir='ltr'><strong>rem</strong></span> <span class='ocrx_word' id='word_1_911' title='bbox 2251 5603 2370 5650; x_wconf 69' lang='lat' dir='ltr'><strong>qus.</strong></span> <span class='ocrx_word' id='word_1_912' title='bbox 3582 5634 3583 5637; x_wconf 45' lang='grc' dir='ltr'><strong>η</strong></span> 
     </span>
    </p>
   </div>
   <div class='ocr_carea' id='block_1_122' title="bbox 2195 5650 2845 5716">
    <p class='ocr_par' dir='ltr' id='par_1_122' title="bbox 2195 5650 2845 5716">
     <span class='ocr_line' id='line_1_123' title="bbox 2195 5650 2845 5716; baseline 0.005 -19"><span class='ocrx_word' id='word_1_913' title='bbox 2195 5651 2216 5716; x_wconf 62' lang='grc' dir='ltr'><strong><em>ξ</em></strong></span> <span class='ocrx_word' id='word_1_914' title='bbox 2244 5660 2377 5716; x_wconf 75' lang='lat' dir='ltr'><strong>_.uss..</strong></span> <span class='ocrx_word' id='word_1_915' title='bbox 2409 5658 2473 5701; x_wconf 83' lang='lat' dir='ltr'><strong>ne</strong></span> <span class='ocrx_word' id='word_1_916' title='bbox 2494 5650 2611 5713; x_wconf 74' lang='lat' dir='ltr'><strong>ipso.</strong></span> <span class='ocrx_word' id='word_1_917' title='bbox 2835 5707 2845 5716; x_wconf 53' lang='grc'><em>,</em></span> 
     </span>
    </p>
   </div>
   <div class='ocr_carea' id='block_1_123' title="bbox 2186 5711 2945 5775">
    <p class='ocr_par' dir='ltr' id='par_1_123' title="bbox 2186 5711 2945 5775">
     <span class='ocr_line' id='line_1_124' title="bbox 2186 5711 2945 5775; baseline 0.003 -13"><span class='ocrx_word' id='word_1_918' title='bbox 2186 5711 2261 5775; x_wconf 84' lang='lat' dir='ltr'><strong>(a)</strong></span> <span class='ocrx_word' id='word_1_919' title='bbox 2296 5718 2452 5770; x_wconf 68' lang='grc' dir='ltr'><strong>ιεἰ-ιηιο,</strong></span> <span class='ocrx_word' id='word_1_920' title='bbox 2478 5711 2690 5771; x_wconf 61' lang='grc' dir='ltr'><strong>πῡνρονε,</strong></span> <span class='ocrx_word' id='word_1_921' title='bbox 2712 5725 2802 5762; x_wconf 85' lang='lat' dir='ltr'><strong>non</strong></span> <span class='ocrx_word' id='word_1_922' title='bbox 2816 5711 2945 5775; x_wconf 83' lang='lat' dir='ltr'><strong>jure.</strong></span> 
     </span>
    </p>
   </div>
  </div>
