3996 6192
366 352 392 379 .‘Z

366 352 392 379 θ’

327 349 471 408 ,(17⁷

403 467 456 518 7.
498 464 737 519 Eraclius
776 462 1039 517 diaconus.
1075 462 1335 517 Diaconos
1378 461 1619 516 Eraclius
1644 470 1767 514 ante
1816 475 1908 513 ve-

330 568 481 611 stros
505 556 691 611 oculos
715 564 960 609 versatur
980 569 1171 624 ;0pel'a
1191 555 1307 624 ejus
1337 555 1516 609 lucent
1536 568 1712 607 coram
1738 552 1911 607 oculis

328 648 547 703 vestris.
592 648 665 702 De
688 662 852 717 opere
877 646 991 716 ejus
1015 655 1071 701 et
1088 661 1319 715 expensa
1347 647 1569 716 pecunia
1596 646 1906 698 memoriam

329 739 505 794 sancti
554 739 801 809 Martyris
844 738 1102 793 habemus
1144 737 1240 811 (a).
1294 738 1369 793 De
1399 738 1617 808 pecunia
1653 751 1745 791 sua
1781 737 1910 790 emit

330 832 493 886 etiam
548 829 941 899 possessionem
992 844 1061 883 ex
1106 829 1329 883 consilio
1365 844 1484 883 meo
1518 846 1531 883 :
1563 843 1683 881 nam
1743 828 1909 898 ipsam

330 921 614 993 pecuniam
639 921 851 975 volebat
880 935 975 990 per
996 934 1184 973 manus
1204 934 1349 973 meas
1377 920 1603 989 erogari,
1622 921 1759 972 sicut
1782 918 1910 971 mihi

330 1014 587 1083 placeret.
614 1014 725 1083 Ego
753 1013 797 1067 si
830 1014 1066 1082 pecunia:
1098 1012 1284 1067 avidus
1306 1020 1605 1077 essem,ant
1626 1013 1913 1066 necessita-

330 1114 411 1159 tes
439 1117 590 1158 meas
613 1103 778 1172 ipsas,
809 1106 941 1171 quas
970 1117 1066 1171 pro
1112 1103 1433 1171 pauperibus
1463 1101 1654 1167 habeo,
1710 1102 1763 1156 in
1812 1102 1913 1156 hac

327 1210 490 1249 eiusa
518 1196 638 1265 plus
666 1210 929 1260 curarem,
962 1196 1237 1263 pecuniam
1261 1195 1575 1263 acciperem.
1598 1196 1794 1261 Quare,
1826 1192 1912 1246 di-

329 1288 401 1340 cit
427 1286 657 1355 aliquis?
681 1284 813 1353 Quia
842 1285 1110 1354 possessio
1141 1284 1230 1338 illa
1258 1300 1376 1354 qure
1405 1286 1472 1338 ab
1507 1285 1599 1339 illo
1641 1293 1815 1354 empta
1858 1290 1914 1337 et

330 1378 586 1433 Ecclesia:
606 1377 799 1431 donata
818 1386 918 1442 est,
946 1377 1119 1431 adhuc
1146 1377 1272 1429 nihil
1292 1385 1505 1446 prmstat
1525 1378 1794 1431 Ecclesim.
1817 1376 1914 1429 Mi-

331 1469 582 1523 nusenim
601 1467 903 1521 habebatad
924 1468 1174 1535 pretium,
1194 1468 1384 1535 etquia
1412 1475 1680 1521 mutuatus
1707 1466 1898 1528 fuerat,

331 1559 433 1614 hoc
465 1559 531 1613 de
555 1559 672 1627 ejus
691 1558 864 1613 adhuc
892 1557 1147 1612 fructibus
1170 1558 1361 1613 reddit.
1380 1558 1551 1613 Homo
1578 1574 1694 1613 sum
1725 1574 1908 1623 senex,

330 1665 559 1723 quantus
586 1653 716 1707 mihi
743 1652 811 1707 de
838 1653 925 1707 illa
951 1653 1292 1722 possessione
1312 1662 1485 1722 potest
1511 1652 1712 1707 fructus
1755 1667 1910 1706 accc-

328 1744 772 1814 dereiNumquid
785 1745 1038 1815 promitto
1060 1745 1185 1798 mihi
1205 1754 1282 1798 tot
1305 1760 1470 1799 annos
1492 1760 1609 1799 esse
1624 1745 1908 1810 victurum,

327 1836 503 1890 donec
556 1851 709 1889 suum
750 1837 977 1905 pretium
1019 1836 1104 1890 illa
1158 1836 1460 1905 persolvat?
1487 1835 1637 1904 Quod
1665 1850 1792 1905 ergo
1823 1836 1911 1890 vix

326 1926 420 1982 diu
468 1925 711 1995 partibus
754 1925 949 1991 reddit,
981 1925 1049 1980 de
1089 1927 1332 1996 proximo
1370 1926 1619 1981 haberem
1645 1934 1837 1991 totum,
1865 1925 1911 1979 si

329 2018 579 2087 accipere
607 2017 912 2072 voluissem.
964 2016 1081 2071 Non
1132 2016 1252 2080 feci,
1296 2016 1439 2071 aliud
1469 2016 1689 2071 attendi.
1720 2016 1913 2071 Fateor

327 2109 470 2162 enim
486 2106 851 2177 vobis,etipsa
882 2116 1127 2177 suspecta
1152 2107 1280 2161 mihi
1306 2106 1478 2161 adhuc
1494 2117 1623 2162 tetas
1647 2107 1763 2175 ejus
1792 2107 1907 2175 fuit,

327 2210 382 2255 et
405 2200 635 2254 verebar
661 2214 727 2253 ne
746 2198 904 2265 forte,
930 2209 988 2253 ut
1014 2208 1138 2254 sunt
1168 2198 1433 2265 homines,
1465 2199 1617 2253 matri
1648 2200 1763 2268 ejus
1809 2198 1912 2254 hoc

327 2290 672 2360 displiceret;
700 2298 754 2344 et
807 2289 1006 2346 diceret
1034 2291 1302 2345 inductum
1332 2305 1361 2343 a
1393 2305 1478 2345 me
1526 2288 1693 2345 fuisse
1723 2289 1909 2344 adole-

327 2390 593 2445 scentem,
621 2389 679 2433 ut
702 2381 840 2435 bona
870 2380 983 2449 ejus
1012 2390 1231 2451 paterna
1256 2396 1629 2437 consumerem
1652 2422 1667 2447 ,
1697 2389 1751 2434 et
1787 2394 1908 2433 eum

327 2486 577 2545 egentem
624 2475 1005 2544 relinquerem.
1061 2474 1184 2529 ideo
1228 2474 1371 2529 volui
1402 2474 1517 2543 ejus
1544 2474 1823 2543 pecuniam
1855 2473 1909 2526 in

328 2567 420 2621 illa
473 2567 810 2638 possessione
858 2567 1093 2631 servari;
1124 2575 1181 2621 ut
1227 2566 1271 2620 si
1323 2566 1545 2634 aliquid,
1582 2565 1722 2635 quod
1773 2566 1910 2620 Deus

327 2667 560 2724 avertat,
590 2659 745 2713 aliter
770 2673 928 2729 quam
978 2657 1521 2727 volumus,evenisset
1542 2697 1558 2722 ,
1600 2655 1912 2710 redderetur

329 2751 453 2805 villa
477 2752 494 2784 ¹
520 2765 589 2806 ne
611 2750 919 2820 culparetur
942 2750 1175 2819 episcopi
1216 2748 1374 2803 fama.
1406 2748 1531 2804 Scio
1558 2749 1698 2803 enim
1741 2763 1911 2819 quan-

333 2850 443 2896 tum
476 2841 634 2895 vobis
662 2841 731 2895 sit
767 2839 907 2895 fama
943 2856 1060 2895 mea
1092 2840 1390 2895 necessaria
1422 2857 1435 2893 :
1468 2856 1590 2895 nam
1618 2838 1746 2893 mihi
1798 2839 1912 2895 suf-

330 2931 439 2987 ficit
489 2931 818 2986 conscientia
869 2946 1009 2986 mea.
1065 2932 1206 2985 Emit
1234 2932 1392 2985 etiam
1440 2932 1667 3001 spatium
1699 2931 1767 2986 ab
1809 2932 1909 2986 ista

330 3030 512 3093 postea
541 3022 772 3076 ecclesia
800 3023 821 3053 ²
851 3030 1033 3075 notum
1048 3022 1218 3087 vobis,
1243 3030 1296 3077 et
1319 3037 1413 3078 sua
1430 3023 1651 3093 pecunia
1682 3021 1912 3077 aediﬁca-

326 3115 404 3168 vit
442 3114 681 3169 domum.
731 3113 799 3167 Et
828 3114 929 3169 hoc
957 3116 1142 3168 nostis.
1196 3116 1335 3169 Ante
1371 3130 1569 3184 paucos
1593 3115 1708 3170 dies
1733 3117 1905 3187 prius-

332 3220 493 3277 quam
525 3220 827 3261 sermonem
864 3204 931 3258 de
965 3204 1064 3260 hac
1088 3221 1149 3261 re
1192 3205 1442 3260 haberem
1472 3206 1767 3272 vobiscum,
1790 3222 1908 3261 eam

328 3297 546 3351 donavit
568 3294 843 3353 Ecclesire.
876 3297 1231 3366 Exspcctahat
1260 3298 1401 3351 enim
1433 3307 1491 3353 ut
1530 3314 1647 3353 eam
1677 3300 1908 3368 perfice-

330 3395 432 3451 ret,
461 3396 519 3442 et
545 3385 839 3457 perfectam
860 3387 1105 3442 donaret.
1135 3388 1447 3442 Fabricandi
1486 3398 1662 3443 autem
1690 3389 1907 3444 domum

329 3478 623 3532 necessitas
650 3478 728 3531 illi
766 3478 911 3532 nulla
937 3487 1073 3543 erat,
1106 3478 1207 3532 nisi
1233 3478 1354 3548 quia
1396 3479 1645 3549 cogitavit
1682 3490 1908 3534 matrem

329 3583 484 3622 suam
532 3568 638 3622 huc
670 3582 791 3625 esse
820 3576 1116 3623 venturam.
1159 3569 1214 3624 Si
1254 3578 1429 3622 autem
1458 3571 1706 3635 venisset,
1744 3572 1794 3624 in
1848 3587 1909 3626 re

328 3656 425 3711 lilii
464 3657 549 3711 sui
566 3656 829 3715 habitaret
858 3675 871 3710 :
900 3658 1061 3712 modo
1091 3657 1135 3711 si
1157 3659 1383 3722 venerit,
1419 3659 1473 3712 in
1501 3675 1663 3728 opere
1686 3661 1777 3714 lilii
1820 3662 1905 3717 sui

327 3749 615 3805 habitabit.
645 3749 1028 3807 Testimonium
1058 3750 1103 3803 ei
1143 3750 1418 3818 perhibeo,
1466 3766 1666 3820 pauper
1693 3768 1907 3807 reman-

326 3843 399 3897 sit
430 3858 446 3895 :
474 3841 572 3896 sed
603 3841 654 3895 in
684 3841 957 3897 Charitatis
983 3842 1317 3910 possessione
1343 3841 1365 3873 ⁸
1393 3843 1698 3911 permansit.
1732 3844 1907 3915 Aliqui

326 3933 525 3987 servuli
552 3932 601 3988 ei
632 3932 820 4003 reliqui
845 3932 1071 3995 fuerant,
1098 3932 1207 4000 jam
1250 3931 1460 4003 quidem
1493 3933 1543 3986 in
1585 3935 1908 3989 monasterio

328 4025 591 4091 viventes,
623 4038 758 4096 quos
794 4032 969 4080 tamen
997 4023 1173 4079 Gestis
1201 4023 1570 4079 ecclesiasticis
1614 4026 1907 4079 manumis-

329 4132 487 4171 suros
513 4124 596 4171 est
624 4116 803 4172 hodie.
849 4116 1017 4171 Nemo
1043 4131 1171 4185 ergo
1217 4115 1378 4181 dicat,
1408 4115 1567 4171 Dives
1593 4125 1712 4171 est:
1748 4132 1906 4171 nemo

328 4209 616 4274 existimet,
647 4224 807 4264 nemo
846 4209 987 4265 male
1015 4210 1277 4279 loquatur,
1329 4224 1487 4265 nemo
1536 4225 1595 4264 se
1624 4211 1795 4280 ipsum
1824 4213 1906 4266 vel

326 4303 560 4357 animam
587 4318 735 4357 suam
766 4302 878 4357 suis
899 4302 1145 4356 dentibus
1177 4301 1360 4357 laniet.
1402 4302 1683 4357 Pecuniam
1710 4303 1905 4359 nullam

327 4393 492 4449 habet
515 4404 777 4449 servatam
827 4412 840 4447 :
887 4395 1085 4447 utinam
1109 4409 1265 4463 quam
1288 4393 1445 4449 debet
1466 4395 1727 4450 restituat.

398 4487 452 4543 8.
487 4486 820 4542 Subdiaconi.
854 4485 1067 4551 Czeteri,
1090 4485 1140 4539 id
1166 4494 1269 4551 est,
1297 4486 1623 4553 subdiaconi,
1648 4502 1907 4557 pauperes

326 4588 473 4643 sunt,
488 4578 600 4633 Deo
613 4577 859 4647 propitio,
874 4576 1289 4632 misericordiam
1306 4576 1400 4631 Dei
1414 4585 1741 4647 exspectant.
1756 4578 1908 4634 Unde

326 4670 426 4739 ipsi
472 4670 666 4724 faciant
700 4684 803 4722 non
849 4668 1085 4723 habent:
1117 4668 1286 4722 nullas
1312 4668 1566 4725 habentes
1607 4668 1903 4739 facultates,

328 4760 581 4816 finierunt
604 4760 785 4814 mundi
814 4760 1146 4830 cupiditates.
1167 4759 1361 4813 Vivunt
1378 4760 1649 4815 nobiscum
1672 4762 1724 4815 in
1738 4763 1907 4817 socie-

326 4863 435 4907 tate
466 4853 733 4908 communi
758 4869 772 4906 :
791 4866 948 4906 nemo
967 4866 1060 4906 eos
1086 4850 1357 4920 distinguit
1384 4850 1576 4904 abillis
1595 4852 1683 4921 qui
1709 4852 1908 4923 aliquid

325 4945 639 5000 attulerunt.
664 4942 950 4998 Charitatis
968 4942 1145 4996 unitas
1163 4940 1523 5012 praeponenda
1550 4951 1634 4996 est
1677 4950 1904 4999 terrente

325 5036 609 5092 commodo
637 5034 981 5090 hmreditatis.

382 5171 407 5280 li
442 5170 641 5281 sic
678 5177 731 5220 et
759 5169 1145 5234 Aquisgranense
1180 5165 1449 5219 concilium.
1486 5176 1543 5219 Αι
1564 5169 1699 5231 editi,
1733 5171 1908 5223 redde-

324 5244 501 5281 γεω-τ
576 5268 588 5279 .

389 5294 410 5324 ι
433 5299 563 5350 ηδε..
587 5290 647 5341 ab
669 5289 761 5342 ista
781 5296 969 5353 postera
991 5288 1223 5342 ecclesia.

354 5412 368 5423 ο
390 5354 411 5384 ³
442 5355 516 5423 sic
539 5362 642 5403 Mss.
670 5361 722 5404 et
742 5350 1130 5423 Aquisgranense
1148 5350 1419 5403 concilium.
1456 5358 1513 5402 Αι
1535 5351 1690 5415 ulim.,
1721 5356 1906 5419 profes-

497 5420 627 5477 μοι,
648 5420 975 5477 armatus:

387 5450 471 5536 διδ·
493 5450 1450 5548 ξῖέιῖίιὲιὶίῖἐὲῗῖρᾷἓοωηάίξετριίαυίίξν
1488 5487 1614 5548 ειπερ,
1635 5489 1731 5548 πρυ
1753 5476 1905 5548 mro

320 5547 439 5585 ιιιιε
464 5550 641 5607 annm?
685 5537 846 5607 me
883 5536 1082 5607 arcam
1126 5536 1283 5607 quae
1304 5544 1449 5607 ειιηιε
1477 5536 1789 5607 semesum.

319 5610 488 5647 sermo
512 5596 655 5658 [aulo
689 5605 795 5659 post
815 5597 1119 5659 Epiphaniam
1140 5596 1451 5659 habitus,_ad
1475 5598 1658 5659 initium
1681 5600 1791 5648 anni
1814 5599 1906 5651 425

319 5657 1911 5756 Εθὲηηὲἓέξμῗλτὲηάᾷυῗίιὲεἷῖξέιὲθυῖἔέἓξὲιοὲὲξῖὲἑξὲξ.ν..¹ἰῖξὶ¹ρ¹¹ὲ.ἓ,ῒ

316 5726 432 5769 ω
453 5720 792 5791 Mutet-um
813 5729 843 5767 Α
949 5720 1105 5790 sticus
1125 5732 1264 5768 suum
1281 5722 1331 5767 in
1355 5734 1384 5769 e
1419 5721 1633 5782 iscopatu
1655 5720 1903 5793 successo-

316 5791 429 5831 rem
451 5780 726 5842 designavit
744 5732 994 5839 ωαῖἓϐ,
1010 5778 1092 5828 die
1112 5779 1174 5829 κ
1194 5733 1485 5842 septembris
1498 5816 1511 5841 ,
1538 5794 1600 5830 ex
1626 5789 1767 5833 epist.
1792 5781 1901 5834 213.

616 5856 885 5920 Ρλτιιοι..
935 5858 1241 5931 XXXIX.

1445 5782 1485 5829 is
1498 5816 1511 5841 ,
1525 5781 1600 5830 ex
1626 5782 1767 5833 epist.
1792 5781 1901 5834 213.

1699 343 1929 399 SERMO
1966 342 2230 398 CCCLVl.

3463 358 3593 414 €578

2092 460 2144 513 9.
2187 460 2264 515 Dc
2312 464 2627 535 presbyteris.
2660 467 2884 524 Restant
2914 470 3229 543 presbyteri.
3258 471 3346 529 Sic
3367 475 3507 528 enim
3527 479 3594 530 ad

2014 565 2109 605 eos
2129 551 2384 620 gradatim
2407 555 2696 611 ascendere
2724 560 2885 613 volui.
2911 559 3032 615 Cito
3053 561 3299 627 dixerim,
3332 579 3593 633 pauperes

2018 640 2108 696 Dei
2136 651 2278 695 sunt.
2322 643 2461 697 Nihil
2503 646 2571 699 ad
2617 646 2831 701 domum
2859 650 3129 707 societatis
3158 661 3353 707 nostra:
3397 656 3592 709 attule-

2015 743 2158 799 runt,
2192 736 2288 788 nisi
2336 738 2525 806 ipsam,
2574 754 2676 807 qua
2716 739 2847 794 nihil
2875 741 3088 798 charius
3124 754 3227 811 est,
3254 744 3590 800 charitatem.

2016 824 2391 879 Verumtamen
2420 829 2666 897 quoniam
2697 831 2809 885 scio
2850 843 3002 887 natos
3042 833 3204 888 fuisse
3241 851 3484 891 rumores
3528 838 3597 893 de

2015 916 2211 973 divitiis
2235 921 2500 988 ipsorum,
2551 937 2654 977 non
2684 939 2711 975 a
2742 939 2826 978 me
2862 926 2929 979 ad
2973 926 3171 996 aliquid
3212 929 3590 998 compellendi,

2015 1008 2108 1062 sed
2138 1010 2286 1063 vobis
2315 1026 2437 1066 meo
2466 1028 2712 1067 sermone
2737 1017 2989 1083 purgandi
3019 1026 3165 1072 sunt.

2088 1102 2172 1155 10.
2204 1102 2448 1173 chorius
2479 1104 2751 1175 presbyter.
2784 1105 2943 1160 Vobis
2968 1107 3106 1169 dico,
3139 1110 3225 1178 qui
3259 1111 3393 1166 forte
3418 1110 3589 1166 nesei-

2019 1193 2084 1243 tis
2143 1197 2285 1259 (nam
2317 1200 2551 1248 vestrum
2595 1194 2807 1264 plurimi
2850 1193 3068 1260 sciuutl,
3103 1200 3467 1271 presbyterum
3494 1202 3597 1257 Le-

2014 1285 2221 1351 porittm
2255 1323 2266 1345 ,
2294 1285 2534 1352 quamvis
2578 1285 2755 1341 satculi
2794 1287 3055 1343 natalibus
3084 1291 3284 1345 clarum
3309 1334 3325 1358 ,
3372 1304 3426 1348 et
3453 1296 3598 1363 apud

2017 1386 2143 1425 suos
2182 1371 2559 1429 honestissimo
2588 1376 2704 1430 loco
2731 1388 2909 1431 natum
2936 1420 2950 1442 ,
2999 1389 3174 1439 tamen
3198 1382 3306 1450 jam
3339 1384 3448 1439 Deo
3481 1401 3597 1441 ser-

2014 1464 2267 1530 vientem,
2285 1467 2488 1521 cunctis
2507 1484 2623 1537 quae
2639 1468 2862 1523 habebat
2883 1471 3097 1537 relictis,
3123 1473 3331 1543 inopem
3346 1479 3554 1545 suscepi
3578 1494 3594 1540 ;

2016 1572 2119 1610 non
2147 1558 2267 1625 quia
2300 1557 2429 1612 nihil
2454 1558 2673 1625 habuit,
2704 1560 2794 1615 sed
2820 1563 2941 1630 quia
2970 1562 3079 1632 jam
3120 1562 3320 1621 fecerat
3349 1567 3490 1636 quod
3521 1570 3598 1623 le-

2013 1646 2120 1699 ctio
2150 1647 2247 1700 ista
2290 1648 2589 1715 persuadet.
2634 1650 2729 1705 llic
2775 1666 2880 1705 non
2924 1650 3087 1718 fecit,
3137 1655 3231 1709 sed
3273 1671 3370 1710 nos
3395 1658 3596 1713 scimus

2014 1747 2068 1793 et
2115 1739 2204 1792 ubi
2252 1739 2392 1794 fecit.
2444 1740 2631 1795 Unitas
2672 1743 2866 1797 Christi
2909 1753 2963 1797 et
3003 1745 3254 1801 Ecclesia:
3298 1764 3401 1802 una
3444 1761 3526 1804 est
3552 1761 3593 1803 ι.

2014 1828 2345 1900 Ubicumque
2374 1830 2498 1885 fecit
2522 1847 2657 1901 Opus
2684 1833 2878 1887 bonum
2900 1876 2915 1900 ,
2963 1839 3191 1904 pertinet
3218 1846 3271 1891 et
3296 1839 3359 1893 ad
3393 1855 3509 1906 nos,
3541 1844 3587 1897 si

2015 1922 2441 1992 congaudeamus
2467 1925 2510 1975 '.
2543 1924 2737 1979 llortus
2766 1936 2848 1979 est
2888 1941 3024 1980 unus
3044 1927 3133 1982 ubi
3162 1932 3331 1983 nostis
3354 1932 3447 1997 ;ibi
3478 1948 3595 1987 mo-

2014 2013 2310 2067 nasterium
2355 2014 2466 2067 suis
2504 2014 2816 2079 constituit,
2848 2018 2968 2085 quia
2996 2026 3049 2071 et
3076 2018 3175 2087 ipsi
3206 2020 3314 2075 Deo
3334 2021 3590 2077 serviunt.

2013 2103 2106 2159 Ille
2128 2104 2314 2159 hortus
2338 2105 2402 2159 ad
2431 2106 2718 2161 Eecles'am
2752 2124 2855 2162 non
2885 2108 3136 2177 pertinet,
3168 2126 3268 2165 nec
3295 2112 3360 2165 ad
3393 2113 3588 2183 ipsum.

2014 2196 2083 2250 Et
2120 2196 2185 2251 ad
2212 2213 2405 2267 quem,
2451 2198 2643 2253 dixerit
2670 2199 2899 2269 aliquis?
2944 2200 3026 2255 Ad
3070 2201 3195 2256 illud
3222 2203 3362 2271 quod
3407 2205 3476 2259 ibi
3512 2215 3597 2260 est

2013 2288 2415 2341 monasterium.
2460 2288 2564 2343 Sed
2612 2289 2751 2357 quod
2801 2305 2984 2345 verum
3025 2301 3147 2356 est,
3193 2309 3360 2363 usque
3386 2296 3453 2349 ad
3495 2297 3596 2351 hoc

2015 2385 2221 2447 tempus
2246 2393 2427 2432 curam
2458 2393 2554 2447 pro
2596 2379 2703 2433 illis
2741 2380 2811 2433 ita
2836 2381 3085 2450 gerebat,
3126 2394 3185 2436 ut
3224 2388 3593 2453 sumpticulos,

2013 2470 2207 2539 quibus
2235 2478 2600 2525 sustentantur
2620 2511 2638 2536 ,
2665 2471 2806 2541 apud
2828 2486 2888 2526 se
2914 2471 3169 2541 haberet,
3197 2483 3251 2529 ct
3271 2475 3351 2530 eis
3376 2476 3507 2545 ipse,
3537 2490 3599 2533 ut

2012 2563 2320 2630 videbatur,
2349 2564 2705 2634 impenderet.
2749 2564 2855 2620 Sed
2898 2581 2965 2620 ne
2989 2576 3208 2636 propter
3250 2567 3351 2624 hoc
3378 2568 3596 2625 daretur

2014 2654 2160 2707 locus
2177 2653 2498 2719 hominibus,
2524 2655 2852 2724 suspiciones
2869 2670 2995 2711 suas
3019 2656 3351 2724 rodentibus,
3381 2668 3436 2714 et
3458 2676 3593 2715 ven-

2014 2753 2149 2799 trem
2192 2759 2298 2799 non
2330 2745 2673 2815 implentibus
2695 2788 2710 2811 ,
2758 2746 2860 2801 hoc
2902 2748 3101 2817 placuit
3137 2757 3193 2804 et
3225 2750 3356 2805 mihi
3386 2760 3440 2806 et
3470 2752 3593 2822 ipsi,

2012 2841 2073 2888 ut
2105 2834 2182 2889 sic
2219 2849 2278 2890 se
2320 2835 2396 2889 illi
2427 2838 2759 2907 transigant,
2808 2838 2957 2908 quasi
2998 2839 3096 2895 iste
3135 2839 3243 2909 jam
3287 2840 3357 2897 de
3397 2844 3597 2898 steculo

2011 2924 2228 2982 exierit.
2260 2925 2524 2996 Numquid
2548 2929 2688 2981 enim
2715 2942 2835 2983 cum
2865 2930 3055 2983 obierit
3083 2931 3217 2998 ipse,
3245 2932 3347 2986 illis
3374 2932 3593 3003 dispen-

2012 3028 2226 3075 saturns
2246 3028 2329 3074 est
2354 3020 2597 3089 aliquid?
2626 3020 2811 3075 Melius
2835 3030 2918 3076 est
2945 3023 3191 3077 utvideat
3218 3024 3335 3079 illos
3364 3026 3430 3079 ibi
3459 3027 3595 3080 bene

2012 3118 2391 3165 conversantes
2410 3152 2424 3176 ,
2456 3119 2509 3165 et
2534 3121 2749 3180 regente
2775 3112 2883 3169 Deo
2909 3112 2960 3167 in
2985 3112 3261 3183 disciplina
3292 3115 3486 3171 Christi
3516 3118 3596 3172 sic

2018 3201 2279 3266 viventes,
2306 3212 2362 3255 ut
2390 3197 2458 3255 de
2485 3202 2588 3256 illis
2610 3202 2974 3257 tantummodo
3000 3203 3246 3273 gaudeat,
3276 3222 3383 3260 non
3406 3221 3593 3261 eorum

2014 3292 2424 3346 necessitatibus
2447 3303 2754 3361 occupetur.
2788 3293 3071 3347 Pecuniam
3094 3310 3199 3348 non
3224 3294 3402 3361 habet,
3429 3312 3592 3365 quam

2011 3395 2163 3435 suam
2191 3381 2372 3436 dicere
2398 3383 2563 3450 possit
2591 3400 2606 3437 :
2635 3382 2860 3436 habebat
2898 3383 3285 3438 xenodochium
3324 3384 3594 3441 :edilican-

2011 3472 2157 3533 dmn,
2188 3473 2327 3542 quod
2360 3472 2516 3527 modo
2542 3474 2729 3528 videtis
2756 3473 3094 3528 aedificatum.
3128 3476 3238 3543 Ego
3264 3478 3337 3533 illi
3364 3478 3588 3548 injunxi.

2010 3577 2109 3632 ego
2133 3562 2287 3630 jnssi.
2335 3562 2729 3633 Obtemperavit
2762 3565 2889 3618 mihi
2933 3565 3319 3633 libentissime,
3362 3579 3417 3624 et
3452 3571 3592 3625 sicut

2011 3654 2240 3719 videtis,
2290 3665 2540 3723 operatus
2592 3665 2699 3716 est.
2749 3657 3016 3726 quomodo
3063 3674 3183 3713 meo
3228 3659 3380 3729 jussu
3427 3661 3588 3717 etiam

2010 3746 2281 3801 basilicam
2323 3747 2387 3801 ad
2427 3758 2548 3801 octo
2590 3748 2847 3820 Martyres
2891 3750 3201 3818 fabricavit,
3248 3753 3316 3807 de
3352 3753 3436 3808 his
3470 3770 3590 3825 qua:

2012 3853 2107 3908 per
2133 3854 2229 3893 vos
2260 3839 2399 3893 Dens
2432 3838 2667 3893 donavit.
2707 3839 2880 3908 Cmpit
2924 3840 3067 3895 enim
3111 3841 3177 3896 de
3220 3844 3441 3911 pecunia
3469 3860 3588 3915 qua:

2010 3928 2130 3983 data
2156 3937 2270 3984 erat
2291 3928 2545 3984 Ecclesia:
2575 3937 2791 3999 propter
2814 3930 3224 3997 xenodochium,
3253 3943 3451 3989 etcum
3478 3951 3589 3991 cte-

2010 4021 2177 4090 pisset
2198 4021 2491 4087 mdilicare,
2532 4030 2592 4075 ut
2620 4030 2741 4075 sunt
2770 4021 3003 4090 religiosi
3030 4021 3394 4078 desiderantes
3419 4040 3583 4092 opera

2012 4123 2107 4164 sua
2132 4110 2183 4163 in
2220 4110 2358 4164 ctelo
2398 4110 2591 4175 scribi,
2621 4109 2940 4179 adjuverunt
2967 4118 3123 4178 prout
3145 4112 3370 4181 quisque
3394 4115 3582 4177 voluit,

2012 4208 2065 4253 et
2090 4198 2380 4253 fabricavit.
2407 4199 2553 4269 Opus
2572 4208 2694 4253 ante
2714 4199 2895 4253 oculos
2914 4198 3166 4253 habemus
3198 4218 3213 4254 :
3236 4204 3407 4257 omnis
3425 4203 3587 4257 homo

2013 4289 2137 4359 quid
2167 4290 2358 4344 factum
2389 4290 2459 4343 sit
2481 4289 2645 4345 videt.
2700 4289 2776 4344 De
2811 4290 3031 4358 pecunia
3056 4332 3070 4356 ,
3115 4293 3235 4361 quia
3264 4306 3369 4346 non
3403 4293 3583 4358 habet,

2010 4380 2141 4434 mihi
2183 4380 2435 4447 credant,
2483 4380 2697 4434 dentem
2745 4390 3125 4448 compescant,
3166 4396 3272 4435 non
3319 4382 3582 4453 frangant.

2012 4472 2233 4527 Emerat
2255 4471 2322 4527 de
2348 4470 2461 4541 ipsa
2484 4471 2705 4540 pecunia
2732 4470 3044 4525 xenodochii
3068 4472 3348 4541 quamdam
3369 4473 3584 4529 dmnuin

2012 4563 2064 4618 in
2095 4562 2369 4626 Carraria,
2417 4577 2572 4633 quam
2602 4561 2705 4615 sibi
2742 4562 3081 4617 existimabat
3125 4572 3342 4632 propter
3379 4565 3583 4633 lapides

2012 4654 2339 4725 profuturam
2364 4670 2379 4719 ;
2426 4653 2521 4709 sed
2552 4652 2753 4723 lapides
2778 4652 2894 4721 ejus
2934 4652 3124 4707 domus
3156 4654 3369 4709 fabrica:
3399 4671 3586 4712 neces‘

2012 4746 2137 4800 sarii
2184 4761 2289 4800 non
2340 4743 2588 4809 fuerunt,
2646 4743 2893 4813 quoniam
2938 4743 3152 4797 aliunde
3197 4745 3393 4813 provisi
3438 4759 3583 4800 sunt.

2013 4841 2211 4895 Domus
2242 4854 2369 4907 ergo
2399 4839 2508 4907 ipsa
2540 4837 2615 4890 sic
2641 4834 2931 4900 remansit,
2978 4837 3284 4905 pensionem
3332 4850 3584 4906 prmstat;

2011 4931 2103 4985 sed
2126 4930 2378 4985 Ecclesia:
2403 4970 2417 4995 ,
2451 4942 2554 4981 non
2586 4928 2918 4998 presbytero.
2947 4926 3112 4981 Nemo
3141 4928 3367 4997 amplius
3396 4930 3535 4985 dicat
3569 4949 3584 4986 :

2012 5023 2067 5076 ln
2101 5022 2315 5076 domum
2358 5020 2649 5091 presbyteri
2675 5060 2689 5085 ,
2738 5030 2862 5075 ante
2905 5020 3125 5075 domum
3156 5023 3490 5093 presbyteri,
3517 5026 3584 5079 ad

2012 5113 2227 5168 domum
2276 5112 2590 5183 presbyteri.
2636 5112 2772 5166 Ecce
2798 5112 2882 5165 ubi
2922 5113 3215 5166 estdomus
3246 5114 3576 5185 presbyteri,

2012 5203 2099 5257 ubi
2130 5212 2211 5257 est
2247 5202 2436 5255 domus
2474 5217 2617 5263 mea,
2673 5202 2740 5254 ibi
2767 5201 3059 5254 estdomus
3091 5202 3381 5271 presbyteri
3416 5222 3429 5259 :
3460 5205 3583 5263 alibi

2011 5307 2119 5348 non
2151 5291 2307 5345 habet
2332 5291 2577 5354 domum;
2608 5290 2699 5344 sed
2729 5290 3039 5359 ubicumque
3066 5288 3088 5321 ³
3119 5290 3276 5345 habet
3305 5292 3490 5348 Deum.

2082 5386 2171 5439 11.
2214 5383 2300 5436 Lis
2328 5385 2457 5436 inter
2478 5381 2715 5436 Januarii
2740 5382 2891 5450 ﬁlios,
2921 5392 3100 5450 sponte
3119 5383 3283 5452 ﬁnita.
3313 5384 3448 5451 Quid
3471 5400 3589 5441 am-

2074 5538 2089 5570 ¹
2126 5544 2255 5595 uss,
2286 5535 2449 5587 (initas
2470 5535 2647 5587 (hriin
2667 5542 2753 5595 est,
2779 5536 2989 5589 Ecclesia
3010 5552 3105 5588 una
3126 5545 3212 5589 est.

2070 5601 2094 5662 ξ
2126 5607 2191 5649 tta
2214 5601 2266 5662 in
2281 5606 2385 5648 Mss.
2411 5608 2461 5648 et
2485 5600 2531 5647 in
2554 5600 2754 5662 concilio
2774 5601 3149 5662 Carthaginiensi.
3190 5609 3237 5649 In
3258 5600 3401 5653 editis
3422 5612 3588 5655 autem

2009 5667 2062 5711 et
2083 5660 2130 5710 in
2157 5661 2528 5723 Aquisgranensi
2542 5660 2758 5717 concilio,
2783 5667 2832 5709 ut
2854 5660 3366 5723 sibi‘congaudeamus.

2073 5723 2094 5754 ³
2126 5720 2242 5771 ωὶίἱ
2262 5760 2274 5783 ,
2454 5721 2749 5784 ubicumque.
2786 5729 2946 5785 Longe
2984 5720 3149 5772 verius
3187 5730 3329 5787 mss,
3362 5725 3449 5779 sed
3482 5726 3587 5778 ubi-

2008 5795 2228 5845 cumque.

2824 5865 3261 5948 (Cinqttanth
