3996 6192
423 303 444 357 Ι
454 300 556 355 679

419 439 555 493 pnus
584 425 855 497 quan-itis?
877 423 989 481 Nisi
1016 424 1140 494 quia
1170 437 1255 478 me
1285 422 1406 475 illud
1436 422 1657 478 memini
1680 424 1840 478 etiam
1871 438 1991 494 pro.

421 519 649 582 misisse,
682 526 737 571 ut
762 516 827 571 ad
855 531 947 570 vos
977 516 1264 585 perferrem
1285 513 1409 583 quid
1435 514 1658 583 egissem
1683 515 1819 569 inter
1834 515 1984 578 duos,

414 612 630 665 fratrem
665 609 912 664 videlicet
945 616 998 661 et
1032 620 1269 660 sororem
1290 645 1305 669 ,
1336 603 1474 658 filios
1500 605 1735 658 Januarii
1764 605 1990 676 presby-

414 702 513 754 teri
539 742 555 766 ,
597 700 718 771 quia
750 708 865 754 orla
896 701 1033 752 inter
1080 696 1200 751 illos
1234 696 1410 749 fuerat
1435 698 1799 750 controversia
1831 711 1988 765 pecu-

416 791 621 847 niaria:
657 788 752 844 sed
800 787 1151 856 tamen,sicut
1196 783 1334 840 inter
1375 786 1599 851 fratres,
1648 786 1827 851 salva,
1881 786 1988 840 Deo

412 884 656 952 propitio,
688 880 964 934 charitatc.
994 879 1347 933 Promiseram
1383 877 1733 947 ergoamlirc,
1762 886 1821 932 ut
1852 878 1989 933 inter

411 977 531 1031 illos
560 972 809 1044 quidquid
838 982 1016 1039 esset,
1059 971 1345 1041 iudicando
1390 971 1616 1026 finirem.
1668 971 1984 1025 Paraverani

411 1082 495 1120 me
535 1065 768 1134 judicem
803 1082 817 1119 :
848 1063 940 1118 sed
997 1072 1282 1133 antequam
1320 1063 1612 1132 judicarem
1636 1104 1650 1127 ,
1702 1062 1800 1131 ipsi
1846 1061 1985 1115 unde

403 1157 736 1226 iudicaturus
771 1156 1010 1222 fueram,
1054 1155 1321 1210 ﬁnierunt.
1369 1154 1486 1209 Non
1523 1154 1697 1224 inveni
1728 1153 1866 1207 unde
1900 1153 1986 1220 ju-

406 1247 672 1310 dicarem,
721 1246 814 1302 sed
860 1247 1000 1301 unde
1037 1247 1266 1301 lzctarer.
1322 1246 1713 1314 Acquieverunt
1760 1245 1983 1298 omnino

404 1336 740 1392 concorditer
762 1337 1022 1391 voluntati
1048 1352 1180 1390 meae
1201 1345 1255 1389 et
1277 1336 1500 1389 consilio
1526 1350 1645 1390 meo
1671 1377 1685 1401 ,
1731 1345 1789 1389 ut
1824 1348 1981 1403 pares

402 1436 581 1482 essent
619 1428 670 1481 iu
720 1427 973 1496 pecunia,
1019 1440 1176 1496 quam
1203 1426 1413 1495 reliquit
1454 1434 1601 1495 pater
1629 1440 1836 1490 eorum,
1874 1424 1978 1477 Ec-

400 1518 559 1572 clesia
588 1517 943 1573 renuntiante.

472 1608 561 1662 12.
613 1606 1015 1661 Obtrectatorum
1055 1605 1326 1661 calumniae
1369 1608 1479 1660 sine
1517 1608 1630 1660 rixa
1667 1605 1973 1674 refellenda.

401 1699 528 1752 Post
567 1712 869 1753 sermonem
900 1713 1077 1752 meum
1122 1696 1348 1751 locuturi
1391 1704 1513 1750 sunt
1558 1696 1837 1760 homines;
1881 1696 1976 1750 sed

400 1800 451 1844 et
481 1790 756 1860 quodlibet
792 1789 1034 1844 homines
1080 1789 1364 1858 loquantur
1387 1830 1400 1853 ,
1448 1787 1820 1857 qualicumque
1848 1801 1976 1840 aura

398 1884 556 1937 llaiue
576 1925 592 1950 ,
623 1881 944 1952 perducetur
972 1880 1094 1935 inde
1120 1879 1320 1949 aliquid
1345 1879 1411 1932 ad
1440 1893 1594 1933 aures
1622 1892 1787 1933 meas.
1841 1878 1905 1931 Et
1930 1877 1975 1931 si

397 1974 558 2029 fuerit
586 1974 709 2037 tale,
744 1982 803 2026 ut
817 1973 886 2027 sit
905 1973 1094 2026 iterum
1121 1987 1340 2026 necesse
1358 1986 1455 2025 nos
1480 1985 1723 2040 purgare,
1754 1984 1976 2038 respon-

394 2066 535 2121 debo
560 2065 949 2121 detractoribus
973 2106 987 2132 ,
1036 2063 1373 2135 respondebo
1402 2063 1676 2117 maledicis
1700 2103 1715 2130 ,
1754 2078 1978 2132 respon-

392 2158 532 2212 debo
574 2157 864 2212 incredulis
888 2198 903 2223 ,
952 2171 1060 2211 non
1101 2155 1254 2210 nobis
1298 2154 1634 2209 credentibus
1675 2153 1974 2223 praepositis

392 2250 503 2302 suis
530 2250 570 2313 ⁸,
601 2258 658 2303 ιιι
688 2258 890 2318 potero,
918 2246 1255 2316 respondebo
1282 2244 1423 2314 quod
1447 2245 1703 2298 Dominus
1731 2244 1969 2299 dederit:

394 2341 609 2395 interim
656 2340 816 2395 modo
844 2354 951 2394 non
991 2347 1076 2393 est
1111 2351 1363 2403 necesse,
1407 2336 1530 2406 quia
1569 2336 1696 2389 nihil
1728 2335 1863 2390 forte
1887 2335 1971 2389 di-

390 2435 526 2489 cturi
569 2446 711 2489 sunt.
760 2434 860 2500 Qui
902 2447 1003 2487 nos
1027 2439 1241 2495 amant,
1287 2430 1454 2483 libere
1494 2428 1802 2498 gaudebunt
1837 2427 1971 2496 :qui

391 2540 489 2580 nos
516 2525 764 2588 oderunt,
796 2524 953 2578 tacite
977 2521 1253 2576 dolebunt.
1284 2520 1482 2572 Tamen
1512 2519 1555 2571 si
1582 2518 1791 2586 linguas
1810 2532 1972 2571 exer-

390 2617 615 2681 cuerint,
643 2615 892 2678 audient,
924 2612 1036 2666 Deo
1064 2610 1322 2681 propitio,
1364 2608 1638 2661 vobiscum
1668 2604 1971 2674 responsio-

389 2724 512 2764 nem
557 2723 767 2771 mcam,
822 2720 929 2759 non
977 2705 1123 2758 litem
1154 2717 1348 2756 meam.
1398 2700 1515 2754 Non
1559 2699 1699 2753 enim
1725 2699 1970 2753 homines

387 2800 757 2854 nominaturus
785 2812 902 2851 sum
922 2804 977 2851 et
1003 2795 1243 2849 dicturus
1266 2834 1281 2855 ,
1314 2792 1409 2847 Illc
1437 2792 1536 2845 hoc
1560 2791 1691 2845 dixit
1716 2831 1733 2856 ,
1762 2791 1862 2844 iste
1891 2790 1968 2846 sic

386 2889 648 2953 detraxit,
675 2903 795 2942 cum
823 2885 1048 2940 fortasse
1070 2884 1233 2939 etiam
1259 2883 1324 2936 ad
1347 2898 1431 2937 me
1460 2880 1615 2945 falsa,
1645 2881 1766 2950 quia
1789 2890 1841 2935 et
1866 2880 1968 2937 hoc

386 2989 560 3050 potest
605 2977 757 3044 fieri,
802 2974 1162 3047 perferantur.
1212 2973 1966 3041 Verumtameuquzncumque

386 3070 585 3140 perlata
630 3068 863 3134 fuerint,
913 3066 959 3122 si
1001 3074 1249 3135 oportere
1275 3064 1569 3128 videbitur,
1619 3063 1807 3132 loquar
1843 3061 1965 3116 inde

385 3160 638 3215 Charitati
682 3167 894 3213 vcstrze.
940 3158 1079 3212 Ante
1125 3156 1311 3211 oculos
1346 3163 1555 3210 vestros
1592 3153 1713 3207 volo
1758 3153 1828 3206 sit
1855 3151 1961 3206 vita

386 3261 589 3307 nostra.
639 3250 763 3305 Scio
788 3250 910 3319 quia
926 3255 1225 3317 quaerentes
1254 3246 1522 3301 licentiam
1551 3245 1689 3299 male
1715 3243 1961 3310 faciendi,

385 3354 631 3416 quaerunt
656 3344 755 3398 sibi
781 3343 1025 3412 exempla
1067 3341 1209 3396 male
1236 3340 1523 3394 viventium
1544 3378 1559 3404 ,
1586 3347 1642 3393 et
1670 3339 1863 3391 multos
1885 3335 1959 3390 iu-

386 3437 591 3490 famant
609 3476 624 3499 ,
655 3443 713 3489 ut
738 3434 911 3489 socios
931 3434 1199 3489 invenisse
1220 3431 1520 3486 videantur.
1554 3429 1675 3484 Ideo
1701 3428 1841 3499 quod
1868 3443 1963 3483 no-

384 3536 550 3581 strum
579 3532 697 3589 est,
749 3523 972 3579 fecimus
1000 3540 1015 3577 :
1048 3524 1166 3593 plus
1191 3522 1318 3592 quid
1354 3521 1641 3586 faciamus,
1673 3535 1777 3573 non
1802 3519 1963 3574 habe-

384 3634 523 3674 mus.
570 3620 709 3672 Ante
734 3616 917 3670 oculos
941 3624 1149 3669 vestros
1172 3628 1375 3669 sumus.
1413 3612 1619 3668 Nullius
1644 3612 1840 3683 aliquid
1868 3611 1962 3667 dc-

385 3709 700 3771 sideramus,
731 3706 830 3761 nisi
858 3706 998 3761 bona
1027 3720 1189 3775 opera
1213 3715 1410 3759 vestra.

458 3800 545 3852 i3.
597 3795 663 3849 In
702 3810 1014 3850 communem
1049 3810 1194 3847 usum
1230 3793 1403 3847 cedere
1439 3792 1573 3857 rult,
1619 3808 1733 3862 qua:
1769 3792 1963 3847 clericis

385 3890 489 3943 suis
514 3885 796 3954 olferuutur
823 3902 855 3938 a
881 3884 1134 3955 ﬁdelibus.
1175 3883 1442 3954 Augustini
1465 3882 1729 3937 modestia.
1777 3883 1845 3937 Et
1869 3897 1965 3938 vos

389 3978 663 4041 exhortor,
692 3975 882 4031 fratres
907 3974 1050 4039 mei,
1088 3973 1135 4028 si
1164 3972 1362 4042 aliquid
1392 3973 1548 4027 vultis
1581 3972 1786 4027 clericis
1811 3973 1959 4037 dare,

385 4071 563 4127 sciatis
604 4069 725 4139 quia
790 4083 896 4122 non
940 4065 1334 4133 debetisquasi
1375 4066 1501 4119 vitia
1541 4080 1725 4119 eorum
1781 4063 1963 4120 fovere

385 4173 570 4218 contra
596 4176 702 4216 me.
748 4159 1008 4215 Omnibus
1033 4157 1220 4212 offerte
1258 4155 1398 4226 quod
1439 4156 1595 4209 vultis
1620 4197 1635 4220 ,
1685 4153 1871 4209 offerte
1896 4154 1963 4211 de

386 4256 660 4308 voluntate
700 4259 897 4306 vestra.
944 4250 1096 4319 Quod
1124 4264 1410 4304 commune
1433 4249 1572 4313 erit,
1616 4247 1963 4303 distribuetur

387 4345 670 4415 unicuique
696 4343 831 4398 sicut
856 4343 1048 4411 cuique
1074 4356 1208 4411 opus
1237 4342 1357 4395 erit.
1400 4339 1844 4410 Gamphylacium
1882 4349 1960 4394 at-

385 4437 587 4494 tendite
609 4479 624 4504 ,
665 4444 719 4493 et
744 4450 929 4491 omnes
957 4435 1290 4490 habebimus.
1325 4433 1486 4489 Valde
1509 4449 1593 4489 me
1620 4434 1887 4499 delectat,
1915 4435 1961 4489 si

385 4532 559 4600 ipsum
590 4528 744 4584 fuerit
775 4542 1012 4597 prmsepe
1041 4534 1301 4590 nostrum,
1331 4534 1389 4579 ut
1414 4539 1511 4579 nos
1538 4525 1701 4579 simus
1722 4525 1959 4594 jumenta

387 4622 513 4687 Dei,
545 4636 641 4675 vos
682 4634 806 4690 ager
850 4619 967 4673 Dei.
1016 4618 1183 4673 Nemo
1209 4618 1298 4672 det
1323 4616 1610 4690 byrrhum,
1656 4618 1740 4671 vel
1766 4617 1956 4672 lineam

384 4713 617 4767 tunicam
640 4752 654 4776 ,
684 4726 779 4766 seu
804 4710 1000 4781 aliquid
1026 4750 1042 4778 ,
1088 4710 1189 4765 nisi
1220 4710 1273 4765 in
1309 4726 1592 4766 commune
1617 4712 1637 4743 ²
1667 4728 1680 4764 :
1712 4712 1779 4765 de
1812 4726 1957 4766 com-

447 4867 464 4896 ³
497 4863 695 4926 sic_l_\lss.
714 4868 770 4910 At
792 4861 1048 4926 editi,,uon
1068 4860 1192 4912 vobis
1214 4863 1514 4926 credetuibus
1528 4860 1816 4926 presbyteris
1837 4861 1956 4926 suis.

342 4936 347 4975 ;
445 4928 465 4957 ²
498 4923 692 4986 codices
715 4924 1039 4984 manuscripti,
1064 4931 1206 4986 Nemo
1235 4922 1313 4986 det
1351 4922 1601 4986 byrrhum,
1632 4922 1808 4986 lineam
1830 4923 1959 4986 tuni-

383 4999 508 5043 cam,
526 4982 680 5047 uisiiu
696 4982 971 5043 commune}
986 4985 1180 5047 omisso,
1196 4982 1285 5041 uel,
1305 4982 1475 5042 et,'seu
1493 4982 1693 5046 aliquid.
1717 4984 1961 5047 Pyrrhum

385 5050 462 5098 hic
478 5048 576 5109 legi
602 5045 795 5109 volebat
815 5050 1049 5104 Erasmas,
1075 5043 1254 5109 pileum
1277 5048 1473 5093 rubrum
1492 5043 1714 5109 etiseopo
1731 5043 1960 5109 usitatum

383 5104 734 5171 interpretatus
756 5107 1030 5171 incensum
1051 5104 1109 5154 ad
1149 5112 1262 5171 Reg.
1282 5114 1429 5171 _A_ug.,
1454 5104 1569 5171 tom.
1599 5104 1768 5171 l.'_Sed
1795 5110 1959 5158 verius

380 5166 576 5219 otuuiuo
600 5168 709 5217 libri
746 5168 859 5217 editi
896 5174 949 5230 et
988 5168 1296 5230 manuscripti
1318 5166 1515 5226 habent,
1541 5166 1787 5230 byrrhum.
1827 5171 1960 5226 quod

381 5233 716 5280 indumentum
738 5228 978 5278 nonnullis
1018 5226 1246 5278 clericale
1287 5235 1364 5277 est
1397 5235 1482 5277 aut
1526 5226 1814 5291 episcopale,
1854 5230 1960 5283 aliis

383 5305 502 5341 vero
522 5291 816 5340 communius
838 5291 1081 5350 quoddam
1094 5302 1281 5346 usuque
1308 5294 1449 5336 etiam
1472 5290 1594 5350 apud
1619 5290 1702 5345 pro
1718 5292 1837 5339 auos
1854 5292 1956 5340 vnl-

385 5367 524 5419 gare.
550 5348 1046 5419 Augustinus'supra,
1071 5348 1118 5397 iu
1153 5362 1387 5419 sermone
1422 5348 1529 5419 ιρι,
1555 5350 1768 5419 ιεειρᾲιρ,
1790 5367 1862 5419 qn.
1894 5355 1970 5413 10,

389 5411 453 5463 de
477 5411 660 5463 femina
699 5413 760 5462 ad
784 5411 1022 5462 amasium
1042 5425 1182 5460 suum
1206 5426 1218 5459 :
1249 5428 1265 5457 ι
1300 5412 1383 5461 lla
1409 5411 1623 5472 dixerit,
1640 5411 1764 5463 Nolo
1790 5411 1974 5466 habeas

392 5497 415 5519 η
444 5480 592 5524 talem
616 5474 873 5535 hyrrhum,
895 5472 1173 5537 nonhabet.
1201 5488 1220 5521 ι
1248 5475 1523 5537 Messianus
1547 5474 1595 5524 in
1619 5475 1819 5526 Caesar-ii
1844 5477 1972 5537 Vita,

389 5551 441 5587 ιι.
491 5538 540 5595 9,
577 5534 782 5598 ipseque
821 5534 1057 5598 Csesatfius
1107 5536 1156 5583 io
1211 5550 1299 5598 suo
1337 5535 1659 5586 Testamento
1700 5534 1975 5587 amicularis

389 5599 561 5663 byrrhi
586 5596 663 5647 sui
686 5596 926 5647 meminit.
961 5597 1173 5663 liyrrhus
1193 5596 1338 5663 albus
1368 5600 1530 5663 dictus
1564 5602 1712 5647 etiam
1736 5609 1831 5657 est,
1875 5614 1975 5663 quo

391 5658 736 5769 tgguebp‘ptlut;
760 5657 1223 5769 racietlts’baptizati,
1264 5661 1392 5723 apud
1433 5663 1724 5723 Gregozium
1772 5657 1975 5723 papam,

473 5759 481 5769 ι
522 5742 531 5769 ί
634 5740 645 5765 ί
710 5754 753 5769 οι
834 5738 842 5763 δ
868 5745 885 5763 ἰ
918 5760 925 5767 .
957 5740 1001 5769 ι).

404 5721 481 5770 ιιι).
511 5721 535 5769 ’ἶ
584 5722 662 5768 ind
708 5721 753 5775 Ξ,
782 5723 925 5780 ριιὶ-λῐ.
957 5722 1001 5769 Ξῖ.

1655 300 1712 355 8.
1753 298 2113 358 Αυουετικι
2152 304 2448 365 ειηδεοιιι

3536 331 3668 387 1580

2102 424 2247 477 muni
2271 425 2472 495 accipio
2498 436 2550 481 et
2586 429 2714 484 mihi
2753 431 2882 501 ipsi,
2924 447 3045 488 cum
3080 432 3243 489 sciam
3270 450 3545 496 commune
3581 459 3664 500 me

2103 513 2299 569 habere
2327 516 2459 570 velle
2499 518 2749 588 quidquid
2784 522 2973 578 habeo.
3028 523 3160 579 Nolo
3188 526 3307 581 talia
3330 528 3512 585 oderat
3536 533 3666 589 Sau-

2100 606 2256 659 ctitas
2282 617 2453 661 vestra
2473 648 2491 674 ,
2522 610 2712 678 quibus
2737 627 2836 681 ego
2877 615 3020 669 solus
3042 616 3191 684 quasi
3217 617 3489 676 decentius
3513 633 3627 679 utar
3649 643 3687 690 ςη

2098 695 2287 751 offerat
2308 698 2468 764 mihi,
2497 701 2640 754 verbi
2667 704 2860 772 gratia,
2884 704 3134 777 byrrhum
3168 710 3457 777 pretiosum
3491 731 3506 767 :
3535 716 3667 771 forte

2098 788 2252 844 decet
2283 791 2589 861 episcopum
2615 834 2628 857 ,
2670 796 2911 864 quamvis
2945 814 3049 852 non
3079 800 3265 854 deceat
3294 803 3661 873 Augustinum,

2097 878 2148 931 id
2180 889 2289 945 est,
2341 879 2609 937 hominem
2642 901 2925 956 pauperem
2951 929 2965 953 ,
3003 889 3071 944 de
3102 892 3423 959 pauperibus
3467 904 3666 953 natum.

2093 966 2249 1022 Modo
2275 970 2463 1024 dicturi
2494 984 2613 1026 sunt
2650 974 2889 1030 homines
2926 979 3045 1047 quia
3090 980 3262 1034 inveni
3295 984 3557 1051 pretiosas
3583 1004 3672 1042 ve-

2093 1069 2202 1112 stes
2225 1101 2239 1125 ,
2284 1076 2415 1130 quas
2442 1078 2543 1116 non
2575 1066 2859 1133 potuissem
2888 1068 3085 1125 habere
3119 1071 3200 1125 vel
3230 1072 3279 1125 in
3319 1073 3481 1130 domo
3509 1079 3671 1144 patris

2095 1154 2218 1215 mei,
2250 1156 2334 1208 vel
2365 1155 2413 1208 in
2438 1156 2522 1210 illa
2549 1160 2785 1213 Saeculari
2819 1160 3147 1229 professione
3173 1181 3308 1218 mea.
3334 1165 3451 1220 Non
3480 1168 3671 1225 decet:

2093 1244 2247 1297 talem
2275 1245 2441 1301 debeo
2471 1248 2691 1314 habere,
2740 1253 2947 1320 qualem
2974 1269 3218 1320 possmu,
3247 1256 3291 1309 si
3318 1272 3430 1311 non
3470 1258 3669 1314 habue-

2091 1334 2188 1399 rit,
2239 1334 2384 1389 fratri
2432 1354 2550 1391 meo
2577 1339 2723 1394 dare.
2754 1341 2974 1408 Qualem
3010 1354 3184 1412 potest
3215 1345 3414 1402 habere
3447 1350 3670 1419 presby-

2091 1433 2189 1490 ter,
2231 1427 2439 1495 qualem
2473 1441 2645 1497 potest
2673 1430 2865 1488 habere
2902 1435 3158 1491 decenter
3181 1438 3439 1493 diaconus
3465 1451 3519 1494 et
3547 1443 3669 1497 sub-

2088 1512 2358 1579 diaconus,
2385 1519 2541 1572 talem
2573 1522 2693 1575 volo
2715 1524 2956 1593 accipere
2990 1544 3001 1578 :
3033 1527 3155 1596 quia
3187 1528 3237 1581 in
3265 1543 3554 1585 commune
3581 1547 3670 1586 ac-

2087 1607 2244 1674 cipio.
2295 1609 2349 1664 Si
2399 1612 2517 1680 quis
2562 1614 2835 1669 meliorem
2885 1616 3128 1680 dederit,
3172 1620 3390 1675 vendo:
3426 1623 3573 1692 quod
3614 1633 3666 1679 et

2086 1696 2260 1752 facere
2283 1699 2428 1753 soleo
2453 1717 2466 1764 ;
2511 1711 2567 1756 ut
2591 1705 2802 1772 quando
2827 1723 2936 1761 non
2979 1718 3151 1777 potest
3177 1713 3339 1766 vestis
3364 1728 3488 1768 esse
3515 1730 3669 1769 com-

2086 1790 2261 1844 munis
2281 1830 2295 1854 ,
2325 1793 2549 1859 pretium
2578 1796 2741 1850 vestis
2784 1800 2949 1866 possit
2969 1815 3087 1855 esse
3111 1817 3415 1858 commune.
3452 1804 3664 1872 Vende,

2084 1887 2138 1932 et
2159 1895 2319 1950 crogo
2342 1884 2681 1952 pauperibus.
2719 1887 2774 1941 Si
2806 1888 2905 1942 hoc
2942 1905 3062 1943 cum
3087 1891 3335 1958 delectat,
3361 1903 3421 1947 ut
3440 1909 3544 1964 ego
3571 1895 3669 1950 ha-

2084 1968 2235 2024 beam
2261 1987 2275 2035 ;
2310 1974 2464 2027 talem
2486 1975 2593 2040 det,
2623 1977 2762 2031 unde
2790 1994 2892 2034 non
2923 1982 3254 2036 erubescam.
3284 1983 3483 2039 Fateor
3515 1987 3661 2041 enim

2084 2061 2273 2128 vobis,
2320 2062 2387 2117 de
2422 2067 2649 2133 pretiosa
2687 2079 2831 2124 veste
2868 2071 3126 2126 erubesco
3156 2090 3170 2127 :
3197 2075 3318 2143 quia
3358 2090 3468 2129 non
3509 2075 3670 2132 decet

2081 2151 2217 2208 hanc
2252 2156 2633 2224 professionem
2660 2202 2674 2223 ,
2706 2160 2839 2214 hanc
2866 2162 3281 2219 admonitionem
3304 2207 3319 2229 ,
3366 2183 3474 2221 non
3506 2168 3668 2223 decet

2083 2244 2195 2297 lure
2221 2247 2475 2313 membra,
2507 2264 2610 2302 non
2642 2249 2794 2307 dccet
2819 2251 2914 2305 hos
2940 2268 3120 2307 cauos.
3150 2256 3317 2309 Etiam
3341 2256 3473 2310 illud
3499 2257 3626 2312 dico
3652 2275 3671 2313 :

2078 2335 2123 2389 si
2167 2334 2301 2390 forte
2330 2337 2380 2390 in
2418 2348 2599 2392 nostra
2627 2340 2786 2395 domo
2808 2343 2892 2396 vel
2935 2344 2987 2396 in
3033 2354 3210 2398 nostra
3238 2348 3499 2402 societate
3524 2364 3668 2418 aeger

2083 2436 2163 2481 est
2184 2428 2404 2497 aliquis,
2434 2430 2516 2484 vel
2545 2440 2664 2499 post
2688 2432 3075 2502 a‘gritudiucm,
3106 2444 3162 2488 ut
3193 2452 3413 2491 necesse
3440 2439 3514 2493 sit
3541 2454 3670 2495 eum

2081 2526 2204 2570 ante
2234 2517 2414 2571 horam
2445 2521 2648 2587 prandii
2678 2523 2925 2587 reﬁcere;
2956 2538 3060 2578 non
3085 2526 3340 2592 prohibeo
3379 2529 3673 2598 religiosos

2074 2605 2156 2657 vel
2206 2608 2476 2676 religiosas
2524 2611 2733 2664 mittere
2776 2613 2854 2665 eis
2897 2613 3034 2680 quod
3061 2615 3138 2668 eis
3183 2616 3391 2671 videtur
3432 2629 3492 2673 ut
3538 2621 3670 2675 utit-

2076 2706 2229 2750 tant:
2262 2697 2537 2766 prandium
2591 2710 2764 2756 tamen
2810 2710 2866 2757 et
2908 2717 3115 2759 cmuam
3163 2716 3313 2760 extra
3361 2724 3529 2764 nemo
3562 2710 3671 2765 ha-

2073 2786 2235 2843 bebit.

2144 2881 2210 2934 M
2238 2878 2545 2936 Clericorum
2566 2883 2678 2938 albo
2700 2888 3085 2957 expungendum
3100 2890 3290 2954 statuit,
3318 2892 3403 2962 qui
3430 2909 3672 2962 pauper-

2073 2973 2189 3026 tatis
2220 2975 2531 3042 propositum
2555 2976 2827 3030 violaverit.
2892 2979 3028 3033 Ecce
3069 2979 3190 3034 dico
3214 3023 3228 3047 ,
3268 2981 3497 3037 audistis
3518 3026 3534 3049 ,
3565 3000 3668 3038 au-

2070 3061 2221 3117 diunt
2251 3081 2263 3115 :
2296 3064 2394 3131 Qui
2443 3064 2640 3120 habere
2668 3068 2893 3122 voluerit
2922 3070 3193 3139 prOprium
3235 3080 3288 3125 et
3326 3071 3394 3127 de
3438 3075 3671 3143 preprio

2069 3153 2265 3219 vivere,
2297 3165 2351 3209 et
2379 3165 2564 3210 contra
2592 3158 2691 3211 ista
2715 3169 2980 3229 prasccpta
3012 3172 3191 3216 nostra
3223 3163 3425 3227 facere,
3468 3181 3669 3233 parum

2069 3253 2152 3298 est
2181 3253 2237 3298 ut
2265 3245 2435 3299 dicam
2464 3288 2479 3313 ,
2530 3262 2634 3302 non
2666 3264 2870 3303 mecum
2921 3252 3155 3305 manebit
3184 3270 3197 3305 :
3225 3252 3318 3307 scd
3347 3262 3401 3306 et
3427 3255 3495 3308 clt
3519 3257 3671 3310 ricus

2068 3350 2174 3389 non
2205 3337 2326 3390 erit.
2360 3337 2600 3391 Dixeram
2637 3340 2777 3393 enim
2803 3381 2816 3405 ,
2842 3351 2893 3393 et
2920 3342 3030 3395 scio
3058 3358 3143 3397 me
3168 3343 3364 3398 dixisse
3387 3385 3402 3409 ,
3438 3348 3592 3414 quod
3621 3348 3669 3401 si

2070 3428 2274 3483 nollent
2315 3430 2583 3499 suscipere
2609 3431 2859 3486 socialem
2890 3434 3048 3487 vitam
3083 3444 3315 3489 nostram
3342 3476 3357 3499 ,
3408 3452 3524 3491 non
3556 3439 3673 3495 illis

2072 3521 2312 3577 tollerem
2351 3521 2695 3588 clericatum;
2736 3523 2828 3578 sed
2875 3539 3114 3579 seorsum
3146 3536 3456 3593 numerent,
3508 3545 3673 3585 seor-

2068 3627 2185 3668 sum
2232 3614 2511 3676 vivereut,
2544 3615 2809 3685 quomodo
2852 3626 3073 3671 nossent
3117 3618 3223 3671 Deo
3266 3620 3535 3674 viverent.
3599 3622 3675 3677 Et

2069 3709 2154 3754 tau
2178 3717 2242 3755 ea
2272 3713 2393 3755 ante
2420 3705 2600 3757 oculos
2640 3705 2830 3773 posui,
2861 3716 3113 3775 quantum
3144 3709 3335 3762 malum
3373 3711 3445 3763 sit
3475 3728 3504 3762 a
3540 3727 3674 3780 pro-

2068 3792 2239 3859 posito
2263 3792 2471 3848 cadere.
2494 3793 2648 3846 Malui
2675 3795 2815 3848 enim
2844 3795 3043 3851 habere
3073 3799 3150 3852 vel
3174 3800 3389 3856 claudos
3415 3802 3455 3867 ί,
3491 3818 3674 3872 quam

2070 3880 2319 3950 plangere
2349 3891 2605 3936 mortuos.
2651 3883 2748 3950 Qui
2774 3886 2914 3938 enim
2944 3884 3218 3955 hypocrita
3247 3898 3359 3955 est,
3405 3902 3673 3948 mortuus

2068 3978 2167 4024 est.
2223 3971 2498 4037 Quomodo
2535 3987 2662 4040 ergo
2705 3974 3023 4043 quicumque
3070 3976 3325 4031 voluisset
3353 3992 3512 4034 extra
3546 3999 3672 4036 ma-

2069 4074 2195 4113 nere
2236 4072 2286 4114 et
2329 4061 2396 4116 de
2425 4076 2523 4117 suo
2566 4063 2743 4117 vivere
2768 4104 2781 4125 ,
2816 4079 2920 4118 non
2948 4066 2996 4119 ei
3026 4065 3264 4120 tollerem
3294 4068 3627 4128 clericatum
3653 4092 3671 4130 :

2068 4159 2137 4213 ita
2169 4153 2327 4207 modo
2356 4154 2479 4224 quia
2510 4154 2700 4224 placuit
2729 4154 2852 4219 illis,
2880 4156 2985 4209 Deo
3012 4158 3260 4226 propitio,
3289 4160 3509 4215 socialis
3538 4162 3674 4221 lucc

2065 4251 2171 4302 vita
2196 4287 2210 4311 ,
2239 4245 2474 4315 quisquis
2503 4259 2623 4297 cum
2650 4244 2915 4314 hypocrisi
2944 4244 3166 4310 vixerit,
3198 4249 3436 4318 quisquis
3462 4251 3676 4308 inven-

2070 4349 2156 4394 tus
2188 4338 2344 4393 fuerit
2370 4336 2569 4390 habens
2594 4336 2861 4404 preprium
2884 4378 2898 4402 ,
2933 4352 3035 4390 non
3064 4339 3138 4391 illi
3165 4340 3411 4407 permitto
3442 4352 3507 4397 ut
3531 4344 3673 4401 inde

2068 4431 2230 4486 faciat
2255 4437 2650 4491 testamentum,
2683 4427 2776 4481 sed
2805 4427 2994 4481 delebo
3028 4445 3146 4483 eum
3175 4429 3241 4484 de
3272 4431 3448 4486 tabula
3484 4434 3672 4491 cleri-

2067 4536 2271 4575 eorum.
2303 4517 2609 4587 luterpellet
2635 4525 2819 4572 contra
2848 4533 2934 4571 me
2961 4519 3103 4573 mille
3132 4522 3354 4576 concilia
3380 4562 3395 4586 ,
3428 4526 3672 4596 naviget

2067 4621 2250 4665 contra
2276 4625 2360 4662 me
2384 4624 2489 4678 quo
2518 4608 2764 4674 voluerit,
2795 4609 2863 4661 sit
2892 4618 3036 4664 certe
3066 4611 3151 4663 ubi
3180 4613 3409 4681 potuerit
3442 4631 3457 4667 :
3492 4616 3673 4685 adju.

2066 4700 2210 4755 vabit
2238 4714 2323 4753 me
2349 4698 2488 4753 Deus
2508 4738 2522 4762 ,
2553 4707 2610 4752 ut
2642 4697 2724 4751 ubi
2747 4714 2845 4765 ego
2875 4699 3157 4768 cpiscopus
3182 4715 3327 4766 sum,
3361 4702 3448 4755 ille
3481 4704 3667 4761 cleri-

2066 4806 2160 4844 cus
2197 4804 2313 4843 esse
2343 4804 2447 4842 non
2490 4788 2673 4856 possit.
2707 4788 2971 4853 Audistis,
2999 4790 3299 4843 audierunt.
3348 4790 3452 4845 Sed
3481 4808 3672 4862 Spero

2066 4880 2117 4934 in
2153 4881 2314 4934 Deum
2353 4887 2591 4933 nostrmn
2633 4885 2686 4932 et
2712 4879 3123 4934 misericordiam
3158 4882 3311 4949 ejus,
3353 4881 3479 4951 quia
3508 4885 3673 4943 sicut

2065 4974 2467 5043 diSpositionem
2494 4987 2665 5025 meam
2707 4972 2860 5025 istam
2891 4972 3128 5028 hilariter
3164 4984 3490 5044 acceperunt
3510 5019 3531 5046 ,
3578 4987 3672 5038 sic

2065 5079 2184 5119 eam
2219 5079 2346 5132 pure
2374 5063 2701 5131 fideliterque
2726 5064 3035 5119 servabunt.

2136 5157 2223 5211 15.
2255 5155 2522 5227 Presbyter
2548 5155 2829 5211 Barnabas.
2859 5156 2977 5211 Dixi
3001 5156 3194 5228 aliquid
3221 5174 3373 5213 suum
3403 5174 3515 5213 non
3552 5161 3668 5220 ha-

2066 5246 2192 5302 bere
2222 5249 2563 5319 presbyteros
2584 5247 2973 5303 cohabitatorcs
3001 5265 3151 5305 meus
3176 5291 3191 5317 ,
3231 5251 3369 5305 inter
3395 5268 3543 5321 quos
3574 5268 3670 5311 est

2064 5348 2117 5392 et
2159 5338 2435 5408 presbyter
2481 5337 2767 5391 Barnabas.
2815 5336 2921 5393 Sed
2969 5340 3035 5393 de
3071 5342 3157 5395 illo
3191 5342 3364 5395 audivi
3393 5345 3672 5411 quzrdam

2064 5419 2228 5474 fuisse
2254 5421 2468 5489 jactata,
2503 5432 2627 5477 ante
2649 5422 2823 5476 omnia
2860 5425 2998 5491 quod
3025 5426 3153 5479 emit
3182 5426 3359 5479 villam
3387 5442 3414 5478 a
3442 5426 3670 5485 dilecto

2064 5519 2118 5566 et
2160 5512 2451 5566 honorabili
2500 5514 2607 5568 filio
2650 5529 2770 5569 meo
2810 5514 3082 5570 Eleusino.
3134 5516 3245 5571 Hoc
3286 5515 3472 5571 falsum
3526 5532 3673 5587 est;

2065 5759 2113 5795 ἢ
2106 5684 2156 5794 1;
2182 5683 2314 5794 Elui,
2340 5697 2491 5735 cirros
2530 5684 2602 5736 vel
2638 5686 2838 5737 'tuudos.
2883 5695 2998 5748 Vox,
3037 5700 3203 5750 actos,
3237 5690 3375 5739 abest
3409 5701 3434 5737 a
3469 5702 3665 5741 mann-

2159 5762 2174 5795 ι
2226 5758 2266 5794 s.

2159 5762 2174 5802 ι
2192 5758 2266 5794 US.
