4026 6186
365 362 391 374 ,ε

330 360 454 412 ’,Ιδι

325 475 653 539 ῐιιιιιιξιειονῖο
681 474 895 528 donavit
918 476 1027 540 ille,
1046 492 1147 527 non
1176 474 1426 530 vendidit.
1460 476 1568 545 Ego
1595 490 1709 530 sum
1734 478 1902 531 testis.

325 564 465 631 Quid
516 565 746 632 amplius
803 567 1091 633 quatratis,
1144 565 1347 634 ignoro.
1401 564 1509 634 Ego
1552 580 1669 620 sum
1722 567 1903 621 testis:

327 657 544 710 donavit
596 657 724 719 ille,
770 670 873 709 non
920 656 1170 710 vendidit.
1222 656 1326 711 Sed
1362 656 1486 709 dum
1536 672 1640 711 non
1675 658 1909 713 creditur

324 746 523 800 donare
586 745 824 814 potuisse
852 786 867 811 ,
921 745 1154 800 creditus
1197 754 1279 799 est
1325 746 1645 802 vendidisse.
1716 749 1906 805 Beatus

328 839 509 903 homo,
543 839 633 907 qui
664 848 771 891 tam
802 839 996 892 bonum
1024 854 1157 908 Opus
1185 838 1325 904 fecit,
1354 848 1411 892 ut
1439 856 1541 894 non
1569 840 1901 897 crederetur.

323 930 523 983 Tamen
552 929 634 982 vel
663 930 822 983 modo
851 930 1072 996 credite,
1095 929 1494 986 etdetractores
1522 932 1703 987 audire
1734 933 1901 988 liben-

322 1030 401 1073 ter
442 1021 692 1074 desinite.
738 1020 854 1074 Jam
886 1020 1029 1086 dixi,
1073 1038 1170 1090 ego
1201 1038 1317 1075 sum
1363 1022 1530 1077 testis.
1571 1023 1777 1080 Dictum
1821 1032 1905 1081 est

317 1111 384 1164 de
408 1113 500 1164 illo
526 1110 604 1183 (a)
629 1112 767 1181 quod
795 1127 933 1165 anno
954 1114 1314 1182 prwposilurm
1336 1130 1447 1170 sua:
1473 1131 1566 1184 per
1592 1115 1900 1171 industriam

316 1203 493 1255 debita
523 1202 704 1257 fecerit
726 1243 742 1267 ,
786 1212 842 1260 ut
869 1203 993 1257 dum
1023 1204 1143 1259 volo
1169 1220 1267 1275 ego
1293 1206 1440 1259 reddi
1469 1205 1643 1259 debita
1668 1248 1683 1273 ,
1716 1206 1899 1262 darem

318 1293 391 1344 illi
436 1293 704 1346 licentiam
758 1294 773 1324 ¹
829 1294 1079 1362 poscendi
1125 1294 1341 1349 fundum
1400 1297 1898 1354 Victorianensem:

317 1390 571 1451 tanquam
615 1382 837 1437 dixiSSet
868 1381 993 1436 mihi
1019 1425 1033 1451 ,
1083 1384 1151 1439 Ut
1192 1386 1409 1440 reddam
1440 1388 1615 1442 debila
1643 1405 1756 1444 mea
1782 1431 1798 1457 ,
1832 1390 1897 1444 da

315 1474 446 1527 mibi
494 1475 545 1526 in
594 1474 779 1529 decem
822 1490 992 1528 annos
1040 1473 1259 1529 fundum
1298 1476 1773 1534 Victorianensem.
1832 1481 1900 1535 Et

315 1567 416 1619 hoc
441 1564 631 1619 falsum
659 1574 762 1620 est.
795 1564 900 1621 Sed
938 1567 1029 1620 fuit
1065 1567 1203 1621 unde
1246 1583 1428 1622 rumor
1458 1579 1789 1636 nasceretur,
1817 1570 1897 1625 fe-

312 1657 384 1710 cit
415 1657 590 1710 debita
641 1656 932 1711 reddenda.
996 1659 1037 1712 A
1068 1658 1220 1711 nobis
1262 1659 1465 1713 reddita
1515 1670 1634 1715 sunt
1681 1662 1895 1730 partim,

311 1748 458 1801 unde
487 1757 789 1817 potuerunt.
844 1749 1117 1803 Remansit
1145 1749 1343 1820 aliquid
1372 1750 1508 1822 quod
1540 1767 1643 1804 non
1668 1752 1900 1806 debeba-

316 1843 481 1903 tut",
537 1841 697 1895 etiam
744 1842 1068 1896 monasterio
1114 1842 1191 1896 illi
1240 1844 1380 1912 quod
1412 1859 1506 1913 per
1549 1844 1719 1914 ipsum
1754 1846 1894 1900 Deus

314 1932 568 1985 ἱιιειιιιιῑι.
619 1932 753 1986 Cum
792 1950 919 2002 ergo
947 1934 1323 2001 remansisset,
1369 1936 1627 2005 ccepimus
1654 1954 1895 2007 qumrere

310 2022 453 2077 unde
499 2022 738 2077 debitum
779 2024 1143 2081 redderemus.
1193 2026 1272 2079 Ad
1303 2026 1707 2081 conductionetn
1732 2028 1895 2096 ipsius

310 2112 457 2164 fundi
490 2112 665 2165 nullus
687 2113 911 2168 accessit
935 2154 951 2179 ,
999 2115 1098 2168 nisi
1124 2115 1469 2185 quadraginta
1497 2116 1784 2171 solidorum
1815 2117 1893 2172 oi-

308 2203 485 2257 iereus
502 2205 831 2275 pensionem.
865 2204 968 2259 Sed
988 2204 1213 2259 vidimus
1240 2204 1458 2260 fundum
1487 2208 1711 2280 amplius
1738 2223 1893 2278 posse

306 2290 466 2353 dare,
523 2301 579 2342 ut
625 2290 849 2343 celerius
891 2290 1203 2345 redderetur
1246 2291 1525 2358 debitum;
1572 2303 1625 2347 ct
1650 2293 1890 2347 conunisi

308 2380 429 2434 fidei
457 2381 609 2448 ejus,
643 2392 697 2435 ut
720 2382 784 2437 de
814 2383 924 2452 ipsa
957 2383 1310 2439 eonduetione
1336 2385 1482 2439 lucra
1517 2400 1623 2439 non
1652 2386 1893 2455 require»

308 2481 429 2525 rent
480 2473 708 2536 fratres;
764 2473 855 2527 sed
900 2474 1149 2542 quidquid
1187 2474 1338 2529 daret
1381 2474 1604 2543 fundus,
1654 2474 1720 2531 de
1765 2477 1891 2546 ipsis

306 2563 570 2618 fructibus
600 2564 920 2633 imputarent
948 2566 1012 2619 ad
1044 2567 1303 2621 debitum.
1335 2567 1465 2623 Fide
1491 2569 1683 2639 agitur.
1722 2568 1889 2625 Para-

308 2666 390 2707 tus
421 2665 500 2710 est
530 2657 812 2726 presbyter
839 2666 894 2709 ut
914 2658 1072 2710 alium
1100 2659 1441 2725 constituam,
1476 2660 1563 2729 qui
1601 2658 1668 2713 de
1695 2657 1886 2713 fructi-

308 2748 405 2799 bus
432 2746 686 2801 fratribus
715 2747 901 2801 reddat
930 2748 969 2801 ³.
1002 2748 1075 2802 Ex
1107 2765 1331 2804 numero
1358 2760 1537 2804 vestro
1576 2750 1646 2804 sit
1673 2751 1887 2821 aliquis,

305 2840 387 2890 cui
422 2838 536 2891 hmc
562 2839 925 2904 committam;
967 2855 1030 2893 ex
1058 2855 1283 2895 numero
1323 2841 1555 2910 ipsorum
1586 2841 1673 2914 qui
1704 2841 1768 2895 ad
1792 2856 1889 2897 nos

307 2931 424 2983 talia
470 2931 823 3000 pertulerunt.
868 2930 1002 2985 Sunt
1026 2932 1173 2986 enim
1207 2933 1256 2987 iu
1286 2933 1436 2986 vobis
1482 2933 1723 2987 homines
1762 2932 1890 2987 reli-

306 3024 478 3091 giosi,
530 3024 620 3092 qui
676 3040 796 3077 eum
841 3040 1111 3079 rumorem
1168 3025 1300 3081 falso
1349 3012 1728 3096 reprehensum
1770 3041 1889 3082 esse

303 3114 624 3180 doluerunt,
674 3121 730 3168 et
775 3122 952 3167 tamen
992 3114 1333 3169 crediderunt
1376 3116 1590 3170 factum.
1642 3114 1719 3170 Ex
1758 3115 1889 3185 ipsis

306 3217 434 3271 ergo
472 3203 663 3272 aliquis
695 3203 871 3257 veniat
906 3204 970 3259 ad
1005 3218 1134 3268 nos,
1181 3206 1430 3273 suscipiat
1470 3205 1884 3273 possessionem,

304 3309 489 3347 omnes
521 3293 723 3349 fruetus
748 3294 932 3363 pretiis
958 3294 1067 3349 suis
1092 3294 1321 3351 fideliter
1361 3295 1589 3362 vendat,
1640 3304 1697 3350 ut
1736 3296 1887 3350 reddi

306 3384 471 3452 possit
515 3383 723 3439 facilius
771 3384 911 3453 quod
957 3384 1181 3439 debetur
1206 3427 1220 3450 ,
1269 3396 1320 3440 et
1350 3385 1509 3440 hodie
1536 3386 1733 3440 recedit
1765 3385 1887 3439 inde

303 3488 423 3527 cura
450 3474 768 3545 presbyteri.
800 3474 972 3527 Locus
993 3474 1151 3527 etiam
1196 3477 1336 3545 ipse,
1375 3474 1463 3528 ubi
1502 3474 1884 3529 monasterium

303 3566 645 3618 constitutum
664 3576 743 3620 est
763 3581 790 3617 a
814 3576 1108 3619 memorato
1136 3565 1432 3620 honorabili
1462 3566 1566 3620 filio
1593 3581 1711 3620 meo
1736 3566 1887 3621 Eleu-

300 3656 441 3719 sino,
486 3656 587 3723 ipsi
622 3656 932 3727 presbytero
961 3657 1212 3711 Barnabze
1233 3657 1458 3711 donatus
1494 3665 1577 3711 est
1601 3663 1884 3727 antequam

298 3747 645 3799 onlinaretur
668 3747 971 3819 presbyter;
1018 3745 1216 3818 in'ipso
1251 3748 1369 3802 loco
1396 3749 1775 3803 monasterium
1803 3748 1884 3802 in—

297 3839 486 3892 stituit.
544 3837 647 3893 Sed
699 3847 870 3894 tamen
916 3840 1035 3909 quia
1076 3840 1293 3895 nomine
1322 3840 1486 3910 ipsius
1514 3840 1739 3897 donatus
1768 3848 1883 3895 erat

298 3931 482 3992 locus,
533 3932 755 3985 mutavit
804 3933 1189 3997 instrumenta,
1240 3940 1296 3985 ut
1334 3931 1547 3985 nomine
1574 3932 1881 3987 monasterii

299 4025 653 4092 possideatur.
702 4026 779 4079 De
808 4025 970 4085 fundo
993 4024 1379 4079 Victorianensi
1399 4066 1413 4090 ,
1452 4038 1550 4094 ego
1578 4039 1705 4093 rogo
1726 4065 1739 4089 ,
1781 4039 1880 4093 ego

299 4115 508 4177 hortor,
537 4130 637 4185 ego
669 4126 813 4184 peto,
848 4124 905 4169 ut
931 4116 974 4169 si
1003 4116 1120 4185 quis
1150 4115 1430 4184 religiosus
1460 4116 1561 4180 est,
1596 4114 1698 4169 fldc
1734 4125 1876 4185 agat,

297 4215 348 4258 et
388 4207 645 4259 exhibeat
670 4205 922 4260 Ecclesia:
966 4206 1118 4259 istam
1150 4220 1398 4273 operam,
1430 4213 1486 4257 ut
1513 4206 1618 4258 cito
1640 4205 1876 4259 debitum

296 4297 540 4351 reddam.
591 4297 742 4364 Quod
774 4297 817 4351 si
847 4310 1002 4351 nemo
1031 4296 1097 4350 de
1125 4295 1274 4349 laicis
1302 4294 1460 4349 fuerit
1489 4295 1751 4358 inventus,
1780 4310 1878 4363 ego

294 4403 548 4457 pra~peno
577 4387 599 4418 ⁸
627 4388 809 4453 alium,
844 4388 940 4440 iste
970 4387 1092 4441 illuc
1120 4401 1222 4439 non
1262 4385 1496 4440 accedet.
1551 4383 1689 4453 Quid
1719 4385 1877 4439 vultis

292 4479 556 4548 amplius?
593 4478 760 4532 Nemo
797 4479 996 4532 laceret
1037 4491 1226 4532 servos
1255 4477 1349 4531 Dei
1390 4494 1402 4529 :
1436 4477 1556 4546 quia
1584 4492 1690 4530 non
1718 4491 1879 4545 expe-

293 4572 367 4624 dit
396 4570 779 4625 lacerantibus.
808 4570 990 4625 Servis
1014 4569 1109 4623 Dei
1136 4569 1350 4639 quidem
1385 4583 1591 4623 merces
1615 4567 1761 4621 falsis
1786 4568 1873 4622 de-

295 4663 642 4717 tractionibus
689 4663 879 4716 crescit
911 4680 923 4715 :
954 4660 1048 4716 sed
1090 4661 1285 4715 crescit
1312 4662 1471 4715 etiam
1504 4676 1655 4729 pinna
1701 4660 1879 4715 detra-

294 4752 565 4809 hentihus.
599 4752 713 4806 Non
749 4752 865 4807 sine
900 4768 1055 4807 causa
1088 4751 1282 4806 dictum
1314 4760 1430 4817 est,
1474 4751 1764 4807 Gaudeteet
1791 4769 1879 4807 ex-

293 4848 492 4908 sultate,
526 4846 733 4917 quando
755 4845 1021 4898 detrahunt
1042 4845 1105 4898 de
1132 4845 1288 4911 vobis,
1317 4845 1536 4898 dicentes
1566 4845 1698 4917 falsa
1719 4861 1738 4899 :
1756 4847 1877 4918 quia

292 4955 479 4992 merces
511 4947 676 4992 vestra
711 4954 894 5008 magna
930 4938 1078 4991 estin
1104 4936 1242 4991 cwlis
1275 4937 1485 5010 (Matth.
1514 4953 1581 5003 v,
1614 4938 1671 4991 Η
1695 4979 1709 5001 ,
1760 4938 1872 5009 12).

287 5028 548 5084 Nolumus
606 5045 727 5087 cum
775 5028 1095 5084 detrimento
1147 5037 1325 5084 vestro
1381 5044 1626 5099 magnam
1679 5029 1877 5086 habere

287 5118 619 5173 mercedem.
675 5118 851 5173 Minus
876 5119 948 5173 ibi
971 5119 1282 5186 habeamus,
1314 5126 1368 5174 et
1394 5127 1570 5174 tamen
1600 5119 1874 5176 vobiscum

286 5210 359 5262 ibi
389 5224 701 5278 regncmus.

352 5383 367 5413 ί
406 5390 517 5449 διεδΖ
548 5390 718 5449 carent
742 5397 890 5449 voce,
924 5383 1182 5435 ticattiam.
1209 5385 1468 5449 ttaeforte
1510 5386 1687 5449 omissa
1707 5421 1723 5449 ,
1749 5385 1871 5449 loco,

282 5442 536 5511 poscendi,
553 5444 837 5511 degendam
864 5452 986 5511 erat,
1011 5444 1237 5511 poscenti,
1263 5446 1362 5508 vel,
1398 5459 1489 5511 pro
1519 5444 1658 5497 armis
1689 5442 1872 5511 decem'.

280 5506 455 5614 “Lilla
485 5504 764 5557 colbe'rtino
794 5507 962 5556 codice
994 5504 1223 5569 set-iitum
1255 5521 1284 5557 a
1325 5504 1476 5571 prima
1507 5521 1653 5558 manu
1684 5510 1873 5572 fuerat,

434 5579 514 5614 ar.

434 5579 514 5614 ur.

350 5628 370 5658 ³
404 5627 546 5691 Editi,
570 5626 782 5678 debitum
806 5628 997 5691 reddat.
1025 5637 1077 5679 Αι
1100 5636 1206 5680 Mss.
1233 5644 1326 5679 non
1352 5631 1550 5691 habent,
1579 5632 1808 5684 debitam.

346 5692 369 5755 ξ
401 5688 542 5755 illiti,
566 5702 793 5755 propono.
808 5688 974 5740 Melius
994 5696 1377 5755 praepara.

346 5749 420 5811 (a)
446 5756 604 5812 Vorte,
632 5749 816 5802 dictum
838 5758 907 5804 est
936 5758 981 5807 et
1011 5751 1071 5802 dc
1098 5749 1198 5812 iac,
1234 5749 1418 5805 scilicet
1443 5755 1651 5809 Barnaba
1677 5756 1872 5819 presby-

282 5820 352 5861 ωε
363 5824 409 5862 0.

1693 359 1918 414 SPIKMO
1956 359 2238 420 C(ICLVII.

3462 396 3560 451 158

3462 398 3560 451 158

2448 484 2675 544 SERMO
2715 490 2975 549 CCCLVH
3010 501 3023 518 ⁵
3066 496 3165 571 (ιι).
3564 398 3597 455 ᾗ

2580 597 2655 652 De
2687 601 2837 657 laude
2871 608 3026 675 pacis.

2014 703 2145 763 Apud
2157 705 2487 789 Carthaginem
2498 708 2700 789 barbitus,
2717 713 2925 789 instante
2936 717 3309 789 collatione‘cum
3320 730 3593 789 Donatistis,

2379 780 2503 819 anno
2524 770 2632 832 ιιι,
2653 774 2845 825 circiter
2864 778 2923 827 i3
2941 780 3069 830 diem
3092 770 3220 835 ntaii.

2087 889 2132 941 f.
2169 888 2316 945 Pacis
2355 892 2487 947 tuus.
2530 895 2763 967 Tempus
2805 912 2886 956 est
2935 905 3207 963 exhortari
3264 910 3586 973 Charitatern

2010 991 2259 1048 vestram,
2288 1000 2380 1053 pro
2403 987 2598 1043 viribus
2619 1006 2749 1059 quas
2781 994 3030 1053 Dominus
3054 1000 3237 1069 donat,
3291 1006 3357 1060 ad
3403 1023 3585 1077 pacem

2009 1072 2309 1139 amandam,
2337 1086 2389 1130 et
2418 1093 2514 1145 pro
2559 1095 2686 1148 pace
2728 1084 3005 1141 Dominum
3048 1072 3460 1161 deprecandum.
3510 1101 3589 1155 Sit

2008 1177 2133 1231 ergo
2168 1180 2263 1233 pax
2293 1166 2482 1222 dilecta
2504 1181 2680 1225 nostra
2705 1184 2758 1228 et
2796 1179 2984 1246 amica,
3008 1196 3125 1235 cum
3148 1199 3249 1254 qua
3289 1190 3358 1243 sit
3382 1199 3584 1248 castum

2006 1256 2177 1310 cubile
2205 1272 2299 1311 eor
2321 1271 2595 1327 nostrum;
2623 1280 2744 1320 eum
2793 1284 2892 1338 qua
2922 1273 2991 1324 sit
3020 1274 3120 1328 tida
3152 1278 3361 1346 requies
3388 1290 3445 1335 et
3477 1298 3582 1337 nan

2005 1362 2244 1431 amarum
2272 1356 2623 1420 consortium,
2652 1373 2774 1413 cum
2822 1376 2921 1430 qua
2955 1364 3023 1418 sit
3071 1367 3245 1424 dulcis
3278 1374 3591 1442 complexus

2004 1446 2057 1489 et
2078 1438 2442 1507 inseparabilis
2463 1446 2713 1501 amicitia.
2743 1449 2932 1505 Pacem
2960 1454 3175 1512 laudare
3187 1438 3461 1519 difficilius
3480 1477 3583 1529 eat.

2003 1541 2159 1595 quam
2193 1529 2406 1586 habere.
2438 1533 2493 1589 Si
2522 1535 2665 1590 enim
2712 1554 2831 1593 eam
2878 1542 3097 1601 laudare
3128 1549 3393 1617 volumus,
3440 1554 3584 1610 vires

2002 1626 2266 1685 optamus,
2289 1636 2478 1678 sensus
2499 1641 2810 1695 qumrtmus,
2834 1633 2993 1689 verba
3014 1636 3268 1696 libramus
3295 1660 3309 1697 :
3333 1646 3377 1698 si
3402 1655 3583 1702 autem

2003 1708 2199 1764 habere
2242 1714 2506 1781 volumus,
2527 1720 2642 1774 sine
2668 1722 2844 1792 aliquo
2870 1714 3049 1783 labore
3086 1729 3341 1790 habemus
3381 1746 3437 1792 et
3462 1755 3588 1809 poso

2000 1800 2257 1899 sideinus.
2291 1805 2565 1863 Laudandi
2600 1822 2724 1867 sunt
2756 1817 2844 1885 qui
2883 1830 3063 1874 amant
3102 1838 3283 1892 pacem
3314 1844 3327 1880 :
3353 1831 3443 1899 qui
3462 1800 3583 1887 Iau-

2001 1897 2105 1944 tem
2132 1893 2379 1963 oderunt,
2409 1900 2598 1957 melius
2621 1904 2830 1962 interim
2868 1908 3111 1969 docendo
3151 1931 3214 1971 ae
3245 1893 3469 1977 tacendo
3489 1940 3584 1994 pa.

1998 1984 2176 2051 candi,
2217 2004 2373 2056 quam
2421 1993 2774 2063 vituperando
2820 2006 3162 2068 provocandi.
3206 2008 3377 2066 Verus
3435 1984 3582 2083 pacis

1997 2084 2206 2130 amator
2234 2078 2567 2139 inimicorum
2597 2086 2714 2155 ejus
2738 2099 2945 2147 amator
2982 2104 3086 2150 est.
3122 2078 3580 2166 Quemadmodum

1996 2164 2162 2229 enim,
2182 2168 2225 2221 si
2246 2168 2414 2225 lucem
2440 2174 2594 2229 istam
2623 2192 2856 2245 amares,
2889 2185 3048 2240 eiecis
3091 2164 3196 2243 non
3234 2190 3539 2250 irascereris
3562 2237 3579 2261 ,

1996 2256 2090 2311 sed
2114 2274 2207 2313 eos
2233 2260 2476 2331 doleres;
2509 2266 2665 2337 quale
2688 2271 2831 2325 enim
2854 2274 3052 2330 bonum
3080 2288 3133 2335 tu
3177 2296 3420 2351 caperes,
3456 2256 3583 2342 nos;

1994 2363 2101 2445 ses,
2131 2360 2186 2445 et
2210 2352 2330 2408 ideo
2350 2364 2548 2424 quanto
2573 2359 2715 2414 bono
2735 2363 2810 2417 illi
2830 2363 3205 2426 fraudarentur
3221 2375 3576 2445 conspiciens,

1994 2439 2356 2498 misericordia
2390 2446 2478 2501 tibi
2506 2447 2653 2518 digni
2682 2451 3024 2523 viderentur;
3069 2468 3125 2513 et
3165 2461 3210 2516 si
3247 2439 3381 2533 opes
3410 2439 3585 2524 habe;

1994 2545 2103 2593 res.
2132 2533 2175 2586 si
2207 2544 2398 2603 artem,
2445 2539 2490 2592 si
2522 2541 2990 2613 medicamentum,
3038 2553 3213 2619 potius
3256 2556 3322 2611 ad
3361 2572 3457 2614 eos
3491 2576 3581 2615 sa-

1995 2622 2202 2679 nandos
2222 2641 2490 2695 curreres,
2515 2648 2671 2700 quam
2693 2634 3026 2696 damnandos
3053 2660 3067 2696 :
3096 2644 3165 2699 ita
3187 2647 3231 2702 si
3259 2651 3405 2719 pacis
3426 2667 3578 2708 ama~

1995 2722 2079 2770 tor
2101 2732 2180 2782 es,
2213 2718 2452 2787 quisquis
2483 2738 2561 2790 es,
2592 2726 2850 2784 miserere
2877 2745 2999 2786 eum
3029 2735 3118 2805 qui
3145 2718 3414 2796 nouamat
3432 2745 3577 2814 quod

1992 2819 2161 2869 amas,
2199 2810 2421 2903 quinon
2459 2812 2619 2869 habet
2668 2819 2809 2887 quod
2862 2821 3043 2879 habes.
3095 2826 3241 2885 Talis
3263 2810 3468 2903 quippe
3492 2846 3579 2894 est

1992 2911 2080 2990 res
2106 2914 2261 2967 quam
2283 2900 2477 2972 diligis,
2503 2916 2559 2959 ut
2597 2922 2703 2962 non
2733 2911 2978 2969 invideas
3012 2900 3430 2990 compossessori
3460 2934 3575 2985 tuo.

1992 2985 2373 3085 liabettee‘nm
2406 3008 2613 3064 pacem,
2665 3008 2720 3054 ct
2765 3002 2856 3056 tibi
2894 3020 3001 3060 non
3066 2985 3313 3080 angustat
3358 3031 3578 3085 posses-

1990 3077 2215 3133 sionem.
2240 3081 2504 3153 Quidquid
2528 3096 2797 3146 terrenum
2827 3109 2996 3164 amas,
3024 3077 3240 3159 difﬁcile
3281 3077 3371 3161 εει.
3389 3117 3448 3164 ιιι
3481 3109 3578 3166 ba-

1991 3166 2139 3223 benti
2170 3188 2276 3226 non
2299 3173 2556 3231 invideas.
2605 3180 2806 3239 Deinde
2847 3186 2894 3242 si
2921 3187 3060 3246 forte
3086 3197 3325 3251 ascendit
3356 3199 3411 3253 in
3453 3203 3575 3256 ani:

1991 3275 2137 3316 mum
2187 3274 2355 3329 tuum,
2398 3277 2626 3336 terram,
2671 3289 2829 3344 quam
2873 3282 3137 3349 possides,
3178 3293 3575 3350 communicare

1990 3364 2109 3404 cum
2139 3354 2330 3419 amico,
2353 3365 2410 3410 ut
2436 3359 2679 3415 laudetur
2705 3365 3071 3425 benevolentia
3102 3383 3210 3441 tua,
3244 3383 3478 3436 utetiam
3513 3386 3569 3440 in

1990 3442 2106 3547 istis
2136 3448 2514 3547 temporalibus
2544 3453 2704 3509 rebus
2732 3456 2967 3517 charitas
2989 3466 3309 3533 pmdicetur
3330 3489 3344 3525 :
3366 3472 3411 3528 si
3441 3492 3572 3547 ergo

1988 3533 2122 3634 velis
2148 3540 2539 3603 possessionem
2585 3553 2726 3601 tuam
2777 3558 3065 3623 terrenam,
3109 3560 3255 3616 velut
3287 3533 3567 3634 praedium.

1989 3624 2136 3679 velut
2171 3626 2408 3695 domum,
2459 3634 2545 3689 vel
2588 3638 2862 3705 quodlibet
2900 3643 3225 3718 huiusmodi,
3275 3624 3570 3716 communi;

1987 3728 2111 3770 care
2137 3732 2257 3772 eum
2297 3723 2502 3791 amico;
2539 3733 2900 3789 communicas
2926 3752 3045 3794 cum
3097 3757 3224 3810 uno,
3263 3756 3319 3802 et
3337 3749 3571 3809 admittis

1986 3821 2108 3910 eum
2134 3810 2200 3863 ad
2231 3813 2563 3910 societatem,
2592 3829 2647 3875 et
2687 3825 2883 3893 gaudes
2910 3843 3031 3885 cum
3082 3818 3192 3890 illo.
3237 3836 3448 3910 Cogitas
3476 3846 3570 3898 ad-

1986 3899 2199 3955 mittere
2225 3905 2438 3959 tertium
2459 3907 2723 3979 fortassis,
2782 3924 2836 3970 et
2880 3931 3122 3987 quartum
3153 3945 3167 3979 :
3185 3927 3294 3996 jam
3314 3899 3568 3991 vattendis

1985 3999 2215 4057 quantos
2238 3995 2430 4062 capiat,
2462 4010 2691 4066 quantos
2719 4003 2873 4071 ferat,
2922 4010 3005 4064 vel
3030 3995 3222 4071 domus
3245 4020 3310 4072 ad
3352 4022 3567 4079 inhabi-

1985 4080 2224 4145 tandum,
2254 4085 2339 4137 vel
2361 4101 2495 4183 ager
2518 4089 2583 4143 ad
2612 4094 2970 4183 pascendum;
2997 4111 3053 4154 et
3078 4102 3229 4169 dicis,
3259 4107 3376 4165 Jam
3405 4114 3562 4183 quin-

1984 4178 2094 4225 tum
2125 4188 2230 4227 non
2257 4176 2418 4244 capit,
2442 4190 2623 4234 sextus
2646 4180 2887 4241 habitare
2915 4204 3021 4245 non
3062 4202 3234 4261 potest
3262 4176 3559 4266 nobiscum.

1983 4263 2269 4332 septimum
2301 4267 2513 4335 quando
2540 4273 2708 4339 pascit
2734 4276 2935 4332 tantilla
2965 4286 3275 4350 possessio?
3319 4263 3565 4350 Excludit

1984 4366 2112 4422 ergo
2136 4363 2379 4421 caeteros,
2403 4373 2509 4413 non
2532 4368 2608 4428 tu,
2633 4363 2726 4418 sed
2744 4371 3002 4437 angustia.
3029 4373 3161 4430 Ama
3185 4393 3385 4447 pacem,
3422 4384 3559 4441 habe

1982 4456 2189 4541 pacem,
2216 4448 2429 4541 posside
2456 4467 2660 4520 pacem,
2701 4470 2833 4528 cape
2857 4460 2921 4515 ad
2962 4469 3014 4517 te
3048 4476 3276 4534 quantos
3313 4483 3462 4541 potes
3488 4480 3557 4534 ad

1982 4534 2566 4637 possidendam-pacem
2592 4561 2604 4597 :
2641 4554 2788 4601 tanto
2815 4549 2971 4606 latior
2994 4556 3115 4622 erit,
3147 4534 3345 4628 quanto
3384 4581 3413 4618 a
3439 4568 3558 4637 plu-

1983 4624 2130 4679 ribus
2153 4629 2526 4697 possidebitur.
2556 4635 2756 4691 Domus
2780 4648 2987 4698 terrena
3004 4624 3397 4712 cohabitatores
3423 4624 3561 4715 ιὲιυι.

1980 4724 2067 4860 gos
2091 4732 2197 4773 non
2222 4721 2400 4822 capit:
2428 4727 2697 4794 possessio
2720 4732 2867 4800 pacis
2891 4748 3009 4789 cum
3040 4741 3219 4797 multis
3241 4743 3523 4808 habitatori
3539 4783 3557 4795 ο

2020 4822 2082 4860 us
2103 4819 2314 4860 crescit.

2020 4822 2082 4862 us
2103 4810 2314 4864 crescit.

2051 4900 2107 4953 2.
2139 4899 2326 4955 Pacem
2352 4904 2447 4958 hoc
2495 4916 2568 4961 est
2608 4909 2805 4978 habere,
2851 4920 2988 4987 quod
3028 4936 3218 4979 datare.
3260 4926 3429 4995 Quam
3457 4934 3547 4988 bo-

1982 5004 2110 5085 num
2131 4996 2447 5050 estamarel
2480 4997 2594 5054 Hoc
2629 5003 2772 5057 enim
2832 5016 2915 5063 est
2953 5009 3171 5069 habere.
3209 5015 3336 5085 Quis
3372 5033 3551 5081 autem

1977 5080 2116 5137 Lolit
2136 5095 2381 5138 crescere
2422 5088 2563 5155 quod
2590 5094 2772 5147 amat?
2791 5095 2843 5150 Si
2888 5115 3083 5166 paucos
3112 5080 3285 5158 tecum
3313 5107 3392 5161 vis
3431 5080 3557 5166 esse

1980 5170 2034 5225 in
2066 5186 2217 5241 pace,
2248 5188 2408 5243 parva
2444 5177 2536 5232 tibi
2556 5180 2659 5234 erit
2687 5198 2804 5252 pax.
2826 5187 2881 5242 Si
2896 5189 3229 5247 visereseere
3248 5193 3403 5250 istam
3425 5212 3557 5267 pos.

1980 5264 2297 5356 sessionem,
2324 5268 2462 5324 adde
2484 5286 2869 5338 possessorem.
2898 5277 3029 5332 Nam
3055 5281 3186 5338 illud
3231 5284 3373 5356 quod
3418 5264 3548 5352 dixi.

1981 5352 2193 5423 fratres,
2222 5357 2425 5413 Bonum
2455 5372 2535 5415 est
2560 5378 2740 5421 amare
2771 5380 2973 5435 pacem.
3000 5379 3055 5425 et
3075 5352 3452 5442 ipsum'amare
3475 5392 3559 5437 est

1979 5443 2197 5540 habere,
2219 5450 2398 5518 quanti
2430 5454 2671 5508 constat?
2697 5472 2797 5526 qua
2820 5473 2949 5515 voce
2975 5462 3235 5533 laudetur,
3266 5485 3372 5540 quo
3392 5475 3557 5530 corde

1980 5535 2278 5604 cogitetur:
2316 5539 2425 5594 lloe
2464 5553 2545 5596 est
2581 5543 2797 5614 habere,
2823 5552 2962 5620 quod
3014 5559 3233 5611 amare?
3270 5535 3558 5625 Considera

1981 5633 2194 5692 wtera,
2225 5644 2452 5697 quorum
2476 5632 2720 5692 homines
2750 5641 3036 5710 cupiditate
3063 5647 3555 5723 conflagrant.th

2045 5760 2384 5830 femendatus
2426 5766 2485 5816 ad
2528 5768 2590 5817 cl.
2636 5784 2683 5819 ν.
2729 5780 2780 5822 et
2834 5776 2892 5825 ad
2936 5780 3070 5830 Sirtn.

2047 5821 2118 5883 (a)
2138 5821 2259 5872 Alias
2301 5826 2427 5877 inter
2449 5821 2794 5885 Simondianos
2809 5821 2884 5889 ὅθ.
