3996 6192
419 402 554 459 1585

417 520 580 573 alium
605 514 786 571 amare
810 514 1021 577 fundos,
1051 519 1351 583 argentum,
1382 522 1592 576 aurum,
1640 506 1775 562 filios
1805 522 1997 561 nume-

419 625 594 675 rosos,
643 610 902 680 pretiosas
944 616 999 662 et
1026 613 1242 659 ornatas
1281 601 1489 665 domos,
1541 599 1900 654 ammnissima
1948 604 2003 650 et

419 702 801 773 pretiosissima
819 699 1038 771 praedia.
1055 700 1210 751 Amat
1232 695 1333 749 hoc
1349 694 1373 747 ἲ
1394 695 1569 748 Amat.
1586 689 1850 761 Numquid
1867 690 2000 759 jam,

420 795 512 864 qui
536 803 697 857 amat,
717 791 919 846 habet?
950 790 1131 844 Potest
1156 788 1267 842 ﬁeri
1292 797 1347 841 ut
1375 785 1562 839 horum
1588 783 1825 838 omnium
1852 796 2003 835 ama-

423 896 509 941 tor
533 885 705 940 inanis
730 886 815 938 sit.
839 881 1062 950 Quando
1088 894 1192 934 non
1222 878 1381 935 habet
1408 886 1571 943 amat,
1601 875 1889 946 cupiditate
1912 888 2007 927 ar-

423 978 510 1033 det
538 988 596 1032 ut
626 977 816 1031 haheat
847 995 859 1026 :
888 990 1009 1030 cum
1049 985 1224 1029 autem
1282 973 1478 1027 habere
1521 970 1765 1040 cteperit,
1814 966 2008 1022 timore

422 1072 691 1126 cruciatur
720 1082 785 1122 ne
817 1065 1020 1137 perdat.
1054 1065 1210 1119 Amat
1257 1062 1537 1125 honorem,
1589 1067 1733 1114 amat
1776 1066 2012 1127 potesta-

426 1174 554 1221 tem.
576 1160 767 1230 Quanti
796 1159 1040 1212 homines
1069 1156 1419 1230 potestatibus
1461 1150 1784 1221 accipiendis
1820 1148 2008 1219 privati

426 1254 717 1324 suspirant?
731 1262 787 1310 et
803 1252 1111 1321 plerumque
1126 1259 1249 1304 ante
1261 1248 1382 1302 illos
1396 1253 1621 1314 occupat
1639 1245 1857 1298 ultimus
1868 1241 2009 1306 dies,

426 1362 583 1418 quam
612 1344 924 1418 perveniant
942 1341 1007 1395 ad
1041 1340 1091 1395 id
1118 1339 1257 1409 quod
1280 1346 1478 1393 amant.
1510 1336 1702 1404 Quanti
1729 1349 1857 1404 ergo
1879 1348 2011 1387 eon-

427 1450 554 1505 stat,
582 1439 728 1511 quod
756 1453 876 1493 cum
899 1435 1180 1499 amaveris,
1215 1432 1478 1487 habebis?
1505 1430 1621 1484 Non
1653 1429 1825 1500 pretio
1867 1442 2012 1497 qum-

428 1533 509 1587 ris
524 1531 671 1602 quod
695 1544 873 1594 amas;
908 1543 1013 1581 non
1041 1525 1283 1580 ambulas
1306 1524 1372 1578 ad
1398 1532 1700 1594 patronum,
1732 1535 1832 1590 per
1855 1533 2012 1589 quem

432 1622 735 1695 pervenias.
760 1620 900 1677 Ecce
917 1619 1009 1674 ubi
1050 1627 1179 1682 stas,
1227 1631 1346 1671 ama
1366 1630 1575 1684 pacem,
1621 1622 1677 1667 ct
1718 1620 1890 1666 tecum
1935 1617 2025 1664 est

431 1713 571 1784 quod
599 1726 766 1766 amas.
798 1710 904 1764 Res
931 1709 1032 1763 ista
1058 1706 1236 1762 cordis
1271 1713 1391 1759 est:
1422 1719 1521 1759 nec
1563 1703 1641 1757 sic
1662 1716 1790 1757 cum
1832 1700 2017 1752 amicis

431 1801 795 1859 communicas
818 1814 1025 1870 pacem,
1053 1796 1323 1868 quomodo
1355 1810 1565 1865 panem.
1596 1794 1795 1848 Panem
1819 1792 2018 1860 quippe

432 1894 477 1947 si
531 1894 932 1947 communicare
976 1889 1129 1955 velis,
1182 1894 1383 1957 quanto
1432 1886 1615 1955 plures
1657 1892 1784 1941 sunt
1824 1882 2018 1951 quibus

440 1984 716 2055 frangitur,
753 1990 900 2037 tanto
928 1982 1106 2036 minus
1139 1980 1195 2035 fit
1226 1979 1368 2035 unde
1405 1978 1581 2033 datur.
1608 1976 1715 2031 Pax
1738 1984 1915 2029 autem
1943 1973 2018 2028 illi

436 2081 556 2150 pani
582 2078 771 2135 similis
799 2088 903 2144 est,
936 2080 1025 2149 qui
1044 2077 1096 2131 in
1118 2075 1365 2130 manibus
1402 2073 1783 2143 discipulorum
1809 2067 2020 2124 Domini

435 2168 729 2241 frangendo
756 2179 806 2224 et
836 2168 1014 2223 dando
1038 2167 1332 2222 crescebat.

504 2263 561 2318 ὃ.
592 2260 919 2318 εοιιὶδηιαιὶεί
967 2259 1034 2315 ad
1063 2274 1237 2327 pacem
1276 2255 1489 2327 paciﬁca
1532 2252 1819 2308 revocandi.
1855 2250 2024 2304 Dona-

435 2356 666 2413 tistarum
693 2353 895 2407 artiums
918 2351 980 2405 ab
1028 2351 1224 2405 unitate
1243 2349 1459 2402 alienus.
1488 2346 1690 2401 Habeto
1737 2344 1898 2413 igitur
1926 2358 2022 2413 pa-

436 2461 574 2512 cem,
598 2444 806 2500 fratres.
828 2442 885 2500 Si
915 2443 1079 2497 vultis
1092 2441 1159 2496 ad
1188 2441 1331 2494 illam
1354 2439 1565 2493 trahere
1589 2445 1834 2499 cxx-teres,
1864 2434 2021 2502 primi

439 2542 581 2595 illam
612 2540 825 2602 habete,
881 2536 1038 2608 primi
1096 2535 1240 2589 illam
1293 2542 1487 2588 tenete.
1518 2529 1577 2585 la
1632 2529 1782 2583 vobis
1824 2528 2027 2582 ferveat

436 2631 578 2701 quod
612 2630 839 2694 habetis,
869 2638 927 2683 ut
970 2628 1107 2682 alios
1152 2623 1428 2679 accendat.
1448 2620 1575 2676 Odit
1601 2634 1783 2688 pacem
1813 2617 2027 2671 lucreti-

436 2739 552 2788 cns,
582 2733 638 2777 et
658 2723 827 2776 lucem
859 2721 1055 2789 lippus.
1095 2715 1359 2784 Numquid
1409 2712 1529 2766 ideo
1578 2710 1717 2764 mala
1767 2710 1877 2775 lux,
1902 2708 2021 2776 quia

437 2814 610 2882 lippus
642 2827 745 2867 non
783 2818 958 2879 potest
980 2822 1098 2861 eam
1141 2804 1408 2861 tolerare?
1435 2801 1557 2857 Odit
1606 2801 1777 2855 lucem
1803 2800 1977 2868 lippus
2006 2816 2021 2853 :

436 2902 531 2958 sed
556 2912 730 2956 tamen
780 2908 998 2970 propter
1039 2899 1212 2952 lucem
1239 2905 1447 2949 creatus
1474 2902 1557 2947 est
1605 2891 1814 2946 oculus.
1859 2891 2024 2943 Datur

437 2996 616 3062 itaque
637 3006 801 3062 opera
830 2990 898 3045 ab
933 2992 1012 3043 eis
1041 2988 1130 3058 qui
1172 2996 1353 3041 amant
1388 2999 1595 3054 pacem,
1627 2992 1681 3037 et
1722 2982 1909 3035 volunt
1938 2996 2024 3035 se-

437 3099 558 3141 cum
585 3081 844 3153 possideri
870 3079 1011 3150 quod
1033 3088 1232 3140 amant,
1261 3084 1319 3131 ut
1336 3088 1650 3147 possessore
1679 3071 1863 3126 addito
1907 3087 2026 3126 cre-

439 3188 553 3234 scat
592 3175 880 3246 possessio.
910 3173 1051 3227 Dent
1096 3186 1225 3240 ergo
1254 3184 1472 3238 operam
1512 3166 1686 3220 curari
1714 3165 2023 3233 oculoslip,

440 3286 649 3342 porum,
683 3266 920 3338 qualibet
946 3280 1069 3334 ope,
1102 3261 1346 3332 quolibet
1371 3266 1588 3313 conatu.
1633 3256 1830 3310 Nolens
1874 3270 2028 3309 cura-

443 3371 551 3424 tur,
584 3374 688 3414 non
719 3357 830 3411 vult
857 3355 980 3411 dum
1028 3362 1247 3408 curatur
1278 3369 1292 3405 :
1322 3349 1415 3403 sed
1445 3348 1572 3402 dum
1613 3348 1783 3400 lucem
1814 3345 2023 3410 viderit,

444 3451 813 3507 delertabitnr.
846 3449 976 3503 Puta
1003 3445 1125 3514 quia
1157 3447 1464 3504 succenset;
1509 3441 1614 3493 noli
1639 3436 1884 3491 instando
1928 3435 2026 3489 (ιε-

444 3542 673 3611 fatigari.
699 3543 917 3595 Amator
940 3535 1105 3606 pacis,
1134 3532 1368 3595 attende,
1393 3540 1446 3585 et
1490 3529 1758 3585 delectare
1798 3538 1854 3580 tu
1885 3527 2029 3595 prior

444 3632 840 3707 pulchritudine
859 3628 1068 3682 dilecta:
1096 3635 1220 3687 tute,
1245 3634 1298 3678 et
1318 3622 1594 3677 inardesce
1616 3622 1682 3674 ad
1711 3616 2025 3697 trahendum

442 3728 694 3785 alterum.
730 3721 918 3775 Videat
941 3717 1085 3787 quod
1115 3716 1283 3780 vides,
1315 3722 1458 3768 amet
1484 3712 1627 3782 quod
1653 3726 1821 3773 amas,
1851 3716 2029 3763 teneat

442 3816 583 3887 quod
616 3827 786 3871 tenes.
821 3800 1121 3878 Alloquitur
1146 3815 1199 3862 te
1224 3806 1416 3861 dilecta
1473 3813 1582 3868 tua,
1624 3816 1783 3872 quam
1805 3800 1979 3869 diligis
2009 3815 2025 3852 :

447 3910 679 3977 loquitur
708 3904 820 3964 tibi,
854 3902 985 3956 Ama
1027 3914 1134 3963 me,
1164 3905 1221 3952 et
1263 3896 1515 3951 continuo
1559 3893 1723 3948 habes
1775 3907 1883 3946 me.
1921 3889 2029 3945 Ad-

440 4002 545 4054 duc
575 4010 746 4052 tecum
776 4008 911 4066 quos
934 4001 1083 4062 potes
1103 3990 1168 4045 ad
1198 3986 1483 4042 amandum
1515 4001 1632 4050 me;
1662 3996 1807 4039 casta
1834 3999 1948 4049 ero,
1975 3992 2029 4037 et

450 4091 653 4162 integra
699 4083 1043 4157 permanebo.
1094 4080 1280 4136 Adduc
1322 4092 1459 4148 quos
1513 4086 1682 4146 potes,
1734 4075 2025 4140 inveniant,

444 4187 686 4243 teneant,
709 4174 1070 4246 perfruantur.
1093 4171 1147 4225 Si
1169 4171 1344 4225 lucem
1373 4168 1526 4221 istam
1558 4183 1663 4221 non
1681 4174 2029 4234 corrumpant

445 4270 596 4324 multi
628 4267 903 4329 videntes,
933 4278 1019 4317 me
1047 4268 1395 4329 corrumpunt
1424 4258 1575 4311 multi
1598 4256 1878 4312 amantes?
1918 4255 2023 4311 Sed

446 4359 634 4413 nolunt
661 4355 863 4419 venire,
887 4354 1009 4424 quia
1039 4367 1146 4405 non
1178 4350 1376 4404 habent
1404 4349 1545 4404 unde
1582 4364 1668 4403 me
1706 4348 1916 4419 possint
1946 4348 2026 4402 vi-

445 4453 595 4508 dere.
622 4447 820 4504 Nolunt
852 4444 1059 4507 venire,
1086 4442 1210 4513 quia
1239 4441 1492 4511 splendor
1528 4440 1672 4509 pacis
1719 4439 2026 4495 reverberat

445 4538 814 4612 lippitudinem
856 4533 1228 4593 dissensionis.
1262 4531 1395 4587 Vide
1436 4529 1791 4585 miserandam
1837 4544 2027 4585 vocem

446 4632 733 4700 lipporum.
785 4624 1065 4681 Nuntiatur
1107 4622 1230 4689 illis,
1262 4621 1446 4676 Visum
1496 4629 1579 4676 est
1622 4628 1682 4674 ut
1722 4636 1903 4689 pacem
1934 4619 2029 4674 ha-

448 4723 611 4776 beant
657 4716 968 4774 Christiani.
992 4714 1106 4770 Tali
1133 4713 1319 4768 nuntio
1344 4712 1418 4767 illi
1449 4720 1690 4780 accepto,
1720 4711 1868 4764 aiunt
1892 4710 2030 4765 inter

445 4830 527 4879 se,
560 4812 653 4866 Vze
680 4811 854 4865 nobis.
888 4808 1109 4877 Quare?
1135 4806 1321 4862 Unitas
1348 4805 1512 4859 venit.
1558 4802 1697 4870 Quid
1743 4804 1865 4856 est?
1906 4818 2029 4872 qua:

450 4918 574 4964 vox,
604 4901 693 4956 Vae
722 4898 897 4962 nobis,
919 4897 1097 4951 unitas
1138 4895 1325 4949 venit?
1354 4894 1565 4960 Quanto
1607 4892 1799 4961 justius
1826 4891 2031 4946 dicere-

398 5028 407 5057 ;
447 4994 535 5059 tis,
555 4992 646 5049 Va:
669 4990 841 5054 nobis,
866 4986 1129 5043 dissensio
1153 4985 1333 5040 venit?
1349 4985 1631 5047 Absithoc,
1657 4993 1713 5038 ut
1733 4983 2030 5038 veniatdis«

442 5086 622 5142 seusio
642 5104 656 5139 :
675 5084 789 5139 [nec
808 5080 1042 5137 tenebrae
1059 5087 1184 5134 sunt
1197 5077 1505 5131 videntium.
1520 5075 1651 5130 Nam
1676 5077 1818 5129 venit
1831 5076 2026 5141 unitas,

402 5166 407 5181 ⁵
442 5176 782 5247 gaudendum
809 5184 909 5238 est,
935 5172 1145 5226 fratres.
1176 5168 1314 5236 Quid
1345 5166 1639 5236 expavisti?
1658 5166 1843 5221 Unitas
1861 5166 2026 5230 venit,

444 5270 644 5323 dictum
663 5277 764 5322 est.
778 5265 912 5320 Num
932 5263 1129 5318 dictum
1143 5268 1243 5326 est,
1259 5258 1393 5313 Fera
1408 5259 1568 5323 venit,
1586 5259 1718 5327 ignis
1731 5258 1897 5311 venit?
1913 5257 2032 5312 Uni.

452 5369 532 5413 tas
559 5359 724 5423 venit,
745 5358 830 5412 lux
844 5355 1007 5409 venit.
1033 5353 1089 5408 Si
1112 5352 1240 5407 velit
1264 5348 1495 5405 veridice
1515 5347 1859 5417 respondere,
1887 5347 2029 5402 dicet

452 5452 606 5506 vobis
632 5470 644 5504 :
672 5451 786 5506 Non
809 5447 1016 5518 expavi,
1045 5445 1167 5515 quia
1191 5442 1299 5498 fera
1320 5443 1492 5496 venit:
1526 5458 1629 5495 non
1652 5442 1792 5495 enim
1816 5441 2030 5495 timidus

449 5555 570 5597 sum
598 5560 612 5595 :
645 5541 738 5596 sed
767 5538 975 5608 etpavi,
1003 5536 1125 5606 quia
1155 5535 1243 5588 lux
1271 5534 1415 5587 venit
1439 5548 1454 5598 ;
1482 5533 1655 5601 lippus
1703 5533 1843 5586 enim
1887 5546 2025 5585 sum.

453 5632 630 5688 Danda
683 5634 841 5703 igitur
885 5644 1048 5700 opera
1100 5625 1341 5682 curandi.
1386 5624 1897 5678 Communicandum
1946 5633 2030 5678 est

449 5741 567 5781 eum
601 5724 726 5790 illis,
766 5724 906 5793 quod
935 5718 1416 5777 communicatione
1461 5732 1566 5771 non
1621 5718 1676 5783 fit
1723 5724 2025 5786 angustum,

452 5832 547 5888 pro
561 5814 759 5869 viribus
778 5855 791 5878 ,
816 5822 1069 5881 quantum
1105 5810 1359 5877 valemus,
1392 5817 1646 5879 quantum
1674 5807 1833 5861 donat
1863 5807 2023 5862 Deus.

1638 394 1708 449 Β.
1748 387 2109 448 AUGUSTINI
2150 388 2451 448 EPlSCOPl

3555 399 3686 456 1534

2179 505 2230 560 ι.
2266 505 2599 564 Mansuetudo
2616 510 2860 567 Ita'reticis
2883 513 3160 568 exhibenda
3176 514 3485 585 litigantibus
3506 528 3551 570 et
3570 534 3692 571 con-

2108 597 2421 654 mciantibus.
2448 598 2567 654 Non
2580 602 2790 673 jnrgiis,
2810 602 2901 657 sed
2926 606 3087 675 magis
3109 606 3245 673 apud
3271 605 3428 659 Deum
3458 608 3686 675 precibus

2109 689 2359 759 agendum
2400 702 2471 745 cst
2528 704 2704 746 contra
2744 695 3021 750 haereticos.
3071 696 3321 761 Proinde,
3365 697 3684 767 charissimi,

2109 780 2364 836 exhortor
2391 783 2717 839 Charitatem
2737 798 2991 852 vestram,
3022 796 3078 842 ut
3105 788 3399 842 exhibeatis
3420 790 3523 844 illis
3542 790 3689 845 chri-

2111 872 2337 928 stianam
2369 884 2422 930 et
2445 878 2760 933 catholicam
2790 880 3273 935 mansuetudinem.
3304 881 3454 938 Nunc
3498 899 3692 939 curan-

2111 966 2194 1020 dis
2239 967 2484 1023 instatur.
2547 968 2603 1024 ln
2665 971 2874 1027 fervore
2927 983 3052 1029 sunt
3121 975 3260 1029 oculi
3318 979 3688 1043 sanctorum‘,

2112 1068 2267 1113 caute
2286 1060 2527 1123 curandi,
2556 1062 2852 1133 leniterque
2881 1065 3137 1119 tractandi
3165 1075 3306 1120 sunt.
3331 1067 3500 1122 Nemo
3526 1070 3692 1123 susci-

2114 1149 2224 1218 piat
2264 1165 2384 1204 cum
2431 1151 2610 1221 aliquo
2640 1154 2808 1219 litem,
2854 1170 3013 1210 nemo
3062 1156 3189 1210 velit
3218 1172 3359 1212 nunc
3391 1160 3474 1212 vel
3527 1159 3693 1228 ipsam

2114 1254 2265 1294 suam
2298 1240 2453 1296 fidem
2489 1245 2795 1298 altercando
2842 1246 3148 1312 defendere,
3199 1264 3265 1302 ne
3304 1248 3371 1303 de
3402 1250 3493 1305 lite
3548 1250 3691 1305 scin-

2118 1332 2227 1384 tilla
2269 1342 2535 1398 nascatur,
2585 1351 2651 1390 ne
2696 1338 3055 1406 qumrentibus
3110 1341 3443 1394 occasionem
3490 1344 3697 1397 occasio

2118 1424 2435 1493 prmbeatur.
2482 1426 2708 1481 Prorsus
2745 1430 3042 1484 convicium
3090 1432 3262 1498 audis,
3303 1434 3492 1499 tolera,
3540 1433 3697 1488 dissi-

2117 1515 2297 1580 mula,
2343 1518 2572 1585 praeteri.
2626 1518 2892 1573 Memento
2943 1521 3252 1575 curandum.
3302 1521 3495 1577 Videte
3546 1538 3700 1592 quam

2120 1604 2298 1658 blandi
2326 1615 2448 1660 sunt
2472 1609 2662 1663 medici
2693 1610 2769 1664 eis
2798 1626 2930 1680 quos
2959 1613 3115 1666 etiam
3142 1613 3465 1668 mordaciter
3491 1624 3699 1669 curant.

2127 1696 2363 1761 Audiunt
2422 1700 2738 1767 convicium,
2797 1703 3033 1772 pra-bent
3079 1704 3560 1774 medicamentum,
3607 1724 3704 1764 nec

2121 1790 2350 1844 reddunt
2400 1793 2697 1847 convicium
2748 1796 3009 1849 convicio.
3044 1795 3277 1851 Verbum
3308 1798 3376 1851 sit
3410 1802 3575 1853 verbo
3604 1819 3617 1855 :
3647 1810 3701 1854 ut

2124 1896 2258 1934 unus
2284 1881 2354 1935 sit
2395 1884 2680 1949 curandus,
2714 1884 2847 1939 alter
2875 1896 3027 1939 curat
3055 1904 3067 1938 :
3102 1904 3207 1941 non
3262 1887 3369 1941 duo
3417 1890 3704 1958 litigantes.

2123 1968 2356 2037 Fcrtotc,
2380 1970 2625 2037 obsecro,
2664 1973 2853 2029 fratres
2884 1975 3008 2029 mei.
3039 1975 3141 2030 Sed
3182 1992 3284 2029 non
3321 1978 3456 2043 fero,
3512 1979 3702 2048 inquit,

2122 2064 2244 2134 quia
2281 2064 2615 2135 blasphemat
2656 2067 2971 2124 Ecclesium.
3016 2069 3128 2123 floc
3169 2078 3219 2125 te
3253 2079 3400 2140 rogat
3448 2071 3706 2146 Eeelesia,

2124 2164 2181 2211 ut
2210 2157 2369 2224 feras,
2420 2160 2541 2227 quia
2588 2159 2985 2229 blasphematur
3034 2165 3288 2221 Ecclesia.
3326 2170 3587 2237 Detrahit,
3630 2174 3712 2226 in—

2123 2248 2256 2316 quit,
2324 2248 2576 2319 episcopo
2626 2265 2775 2314 meo;
2835 2253 3037 2307 crimen
3089 2256 3218 2310 dicit
3288 2259 3341 2313 in
3397 2263 3710 2332 episcopum

2124 2338 2610 2403 mcum,ettaeeo?
2637 2340 2849 2396 Crimen
2889 2343 3051 2407 dicat,
3097 2357 3149 2400 et
3176 2356 3330 2415 tace;
3383 2368 3489 2406 non
3546 2370 3712 2424 agno-

2127 2427 2346 2492 scendo,
2393 2428 2485 2483 sed
2525 2428 2764 2485 ferendo.
2824 2431 2935 2487 Hoc
2969 2446 3189 2503 prmstas
3230 2441 3482 2511 CplSCOpO
3518 2453 3628 2509 tuo,
3668 2446 3711 2499 si

2128 2521 2331 2587 proillo
2359 2530 2598 2588 tempore
2622 2539 2725 2577 non
2750 2528 3046 2580 miscearis.
3082 2527 3319 2600 Intelligo
3353 2542 3583 2605 tempus,
3621 2539 3714 2590 ha-

2127 2609 2252 2666 beto
2274 2611 2577 2665 consilium.
2604 2613 2772 2667 Deum
2803 2624 2946 2669 tuum
2979 2621 3159 2687 quanti
3187 2623 3607 2692 blaSphemant?
3634 2632 3712 2685 Tn

2126 2701 2299 2763 audis,
2329 2710 2382 2753 ct
2408 2702 2493 2755 ille
2521 2718 2625 2756 non
2665 2705 2854 2759 audit?
2884 2716 2936 2759 tu
2980 2710 3139 2773 nosti,
3185 2722 3237 2765 et
3265 2713 3349 2767 ille
3382 2732 3484 2769 non
3527 2723 3713 2774 novit?

2127 2790 2193 2844 Et
2226 2801 2401 2845 tamen
2430 2795 2551 2863 facit
2573 2796 2697 2849 oriri
2719 2798 2874 2850 solem
2894 2816 3046 2869 super
3066 2802 3218 2858 bonos
3244 2815 3288 2859 et
3309 2809 3487 2873 malos,
3514 2822 3561 2863 et
3583 2811 3713 2882 pluit

2126 2900 2279 2954 super
2310 2884 2481 2954 justos
2505 2898 2551 2939 et
2601 2888 2815 2955 injustas
2850 2890 3071 2959 (Matt/1.
3108 2911 3157 2959 v,
3336 2898 3581 2954 Ostendit
3632 2920 3713 2972 pa-

2127 2974 2385 3037 tientiam,
2413 2975 2921 3045 dilTert-potcntiam.
2955 2974 3041 3035 Sic
3070 2994 3123 3038 et
3151 2992 3203 3036 tu
3230 3001 3456 3055 agnosce
3480 2999 3709 3060 tempus,

2128 3064 2233 3118 noli
2260 3081 2545 3133 provocare
2564 3075 2829 3124 tumentes
2847 3072 3030 3126 oculos
3057 3073 3122 3127 ad
3150 3076 3444 3133 turbandus
3467 3096 3525 3135 se
3548 3081 3709 3151 ipsos.

2128 3156 2352 3243 Amator
2381 3158 2523 3226 pacis
2553 3160 2650 3213 es?
2688 3160 2767 3215 Sit
2798 3161 2887 3215 libi
2919 3162 2969 3216 in
2995 3165 3157 3218 corde
3178 3166 3313 3222 bene
3351 3184 3471 3223 cum
3519 3172 3711 3231 dilecta

2133 3258 2241 3302 tua.
2268 3249 2333 3302 Et
2358 3250 2481 3318 quid
2510 3252 2895 3321 agam?llabes
2946 3256 3087 3325 quod
3136 3274 3281 3327 agas.
3324 3260 3474 3317 Tolle
3516 3265 3710 3336 jurgia,

2130 3352 2443 3396 Convertere
2471 3342 2533 3396 ad
2566 3360 2768 3413 preces.
2800 3346 2914 3400 Noli
2964 3350 3224 3405 conviciis
3278 3356 3542 3424 repellere
3580 3376 3709 3414 con-

2131 3434 2432 3500 viciautem,
2463 3437 2555 3490 sed
2577 3452 2667 3491 ora
2695 3455 2788 3506 pro
2808 3454 2892 3492 eo.
2922 3439 3088 3511 Loqui
3117 3443 3194 3497 vis
3222 3444 3291 3499 illi
3316 3458 3500 3503 contra
3526 3451 3669 3505 illum
3694 3470 3709 3506 :

2132 3527 2353 3599 loquere
2382 3530 2491 3584 Deo
2514 3546 2608 3599 pro
2638 3532 2746 3585 illo.
2780 3532 2893 3586 Non
2924 3535 3013 3587 tibi
3042 3535 3161 3590 dico
3190 3539 3328 3607 quod
3368 3549 3543 3595 taceas
3577 3563 3590 3598 :
3618 3545 3712 3599 scd

2131 3621 2277 3690 elige
2309 3623 2478 3691 magis
2506 3622 2589 3676 tibi
2620 3624 2872 3693 loquaris,
2901 3627 3038 3693 apud
3070 3643 3223 3696 quem
3248 3631 3438 3686 tacitus
3459 3633 3710 3703 loqueris,

2133 3711 2287 3765 labiis
2317 3712 2534 3779 clausis,
2563 3714 2725 3769 corde
2755 3716 3038 3772 clamante.
3089 3718 3185 3775 Ubi
3219 3736 3323 3774 non
3354 3731 3405 3776 te
3434 3724 3596 3791 videt,
3644 3725 3713 3779 ibi

2131 3811 2247 3856 esto
2274 3803 2444 3856 bonus
2475 3820 2567 3873 pro
2600 3805 2711 3859 illo.
2737 3805 2811 3859 Illi
2840 3818 3015 3860 autem
3048 3824 3227 3875 pacem
3258 3828 3360 3865 non
3393 3815 3613 3877 amanti,
3652 3825 3733 3868 et.

2133 3892 2339 3963 litigare
2363 3894 2580 3957 volenti,
2612 3896 2875 3965 responde
2896 3898 3145 3965 pacificus
3178 3918 3191 3954 :
3215 3901 3478 3972 Quidquid
3523 3906 3603 3958 vis
3630 3904 3711 3958 di-

2131 4000 2242 4050 cas,
2272 3986 2659 4056 quantumlibet
2677 3988 2876 4054 oderis,
2907 3999 2963 4042 ut
2988 3990 3243 4058 placuerit
3272 3994 3577 4058 detesteris,
3613 3996 3714 4050 fra-

2133 4086 2213 4132 ter
2246 4093 2396 4133 mens
2415 4093 2493 4133 es.
2522 4078 2659 4144 Quid
2685 4080 2817 4149 agis,
2846 4089 2903 4134 ut
2925 4096 3027 4134 non
3050 4082 3123 4135 sis
3154 4081 3316 4138 frater
3339 4087 3531 4140 meus?
3557 4089 3716 4142 Pror-

2133 4183 2224 4225 sus
2252 4170 2446 4235 honus,
2480 4170 2895 4237 nialus,volens,
2928 4173 3136 4237 nolens,
3171 4172 3332 4227 frater
3355 4191 3504 4230 meus
3524 4192 3603 4231 es.
3649 4179 3714 4232 Et

2133 4259 2223 4314 ille
2254 4259 2447 4347 :.Unde
2477 4276 2593 4315 sum
2641 4260 2805 4315 frater
2854 4270 2991 4327 tuus,
3039 4262 3226 4329 hostis,
3256 4246 3467 4322 inimice
3495 4268 3599 4338 (a)?
3627 4270 3713 4325 Sic

2132 4352 2398 4420 quomodo
2422 4353 2517 4405 ista
2546 4352 2700 4418 dicis,
2733 4353 2896 4407 frater
2930 4368 3078 4408 mens
3104 4369 3181 4409 es.
3216 4355 3405 4410 Mirum
3459 4357 3666 4414 videtur
3695 4377 3708 4413 :

2133 4442 2266 4507 odit,
2295 4441 2608 4507 detestatur,
2646 4452 2699 4497 et
2724 4442 2887 4496 frater
2920 4448 3040 4499 est?
3081 4445 3155 4499 Illi
3197 4447 3339 4501 enim
3374 4450 3454 4501 vis
3500 4451 3708 4504 credam

2135 4537 2392 4591 nescienti
2420 4535 2544 4605 quid
2566 4534 3020 4605 loquatur?cojus
3048 4545 3176 4606 Opto
3204 4538 3505 4606 sanitatem,
3551 4550 3606 4594 ut
3637 4541 3709 4594 lu-

2133 4642 2248 4682 cem
2278 4626 2475 4691 videat,
2508 4634 2560 4680 ct
2589 4627 2803 4679 fratrem
2832 4635 3102 4696 agnoscat.
3130 4627 3207 4682 illi
3231 4644 3358 4698 ergo
3375 4631 3453 4685 vis
3478 4630 3707 4695 credam,

2133 4718 2254 4787 quia
2283 4734 2387 4771 non
2415 4733 2531 4771 sum
2561 4716 2723 4770 frater
2746 4716 2931 4786 ipsius,
2955 4717 3079 4787 quia
3101 4717 3414 4788 detestatur,
3444 4723 3563 4792 quia
3580 4721 3708 4785 odit,

2133 4819 2187 4865 et
2215 4824 2321 4863 non
2362 4809 2535 4879 potius
2583 4809 2681 4879 ipsi
2732 4808 2872 4862 luci?
2910 4808 3200 4863 Audiamus
3241 4812 3366 4879 quid
3418 4812 3559 4866 dicat
3602 4813 3710 4881 ipsa

2135 4899 2244 4954 lux.
2277 4900 2595 4969 Prophetam
2626 4900 2739 4971 lege
2768 4917 2782 4952 :
2809 4900 3009 4965 Audite,
3032 4900 3118 4968 qui
3139 4902 3348 4970 pavetis,
3373 4904 3573 4956 verbum
3604 4902 3708 4954 Do-

2134 4991 2275 5043 mini.
2301 4990 2527 5059 Spiritus
2545 5001 2758 5043 sanctus
2781 4991 3013 5059 loquitur
3034 5005 3126 5060 per
3151 4990 3333 5045 Isaiam
3358 4995 3665 5062 prephetam
3694 5008 3707 5043 :

2136 5084 2334 5148 Audite,
2379 5084 2465 5153 qui
2508 5083 2716 5153 pavetis,
2754 5084 2956 5136 verbum
2995 5082 3220 5137 Domini.
3275 5081 3458 5145 Dicite,
3507 5080 3710 5137 Fratres

2200 5263 2215 5294 ¹
2254 5268 2412 5317 Forte,
2436 5256 2726 5310 sauciorum.

2197 5323 2269 5386 (α)
2295 5322 2549 5386 Δῐεοιειηιιιι.
2579 5320 2892 5386 videlicetse
2928 5319 3106 5370 fratres
3124 5320 3217 5369 dici
3246 5322 3526 5386 Donatistae,
3553 5324 3602 5386 et_
3643 5323 3712 5364 ta-

2133 5380 2262 5434 men'
2287 5384 2461 5433 fratres
2490 5396 2517 5432 a
2558 5384 2735 5431 nostris
2772 5383 3072 5431 dicebantur.
3118 5389 3331 5443 Optatus,
3372 5381 3455 5429 lib.
3488 5383 3502 5428 ι
3546 5380 3710 5427 adver—

2134 5460 2219 5495 sus
2263 5446 2689 5500 Parmenianum,»
2737 5443 2941 5507 uolunt,
2966 5461 2988 5487 ι
3031 5442 3218 5507 inquit,
3259 5462 3281 5488 ι
3309 5456 3372 5507 se
3414 5443 3517 5507 diei?
3542 5442 3710 5507 fratres

2142 5526 2163 5554 ι
2189 5516 2391 5557 nostros.
2429 5513 2545 5555 Sunt
2582 5508 2690 5555 sine
2727 5506 2875 5554 dubio
2899 5508 3074 5555 fratres
3090 5503 3346 5568 {quamvis
3381 5517 3477 5553 non
3510 5503 3656 5568 houi‘;
3682 5515 3701 5540 ι

2136 5578 2186 5618 et
2209 5569 2294 5617 lib.
2318 5568 2366 5627 4,
2399 5586 2421 5613 α
2443 5576 2541 5616 Non
2580 5569 2708 5615 enim
2742 5569 2946 5628 potestis
2981 5581 3074 5615 non
3101 5562 3211 5616 esse
3248 5572 3448 5628 tratres,
3485 5575 3605 5626 quos
3630 5562 3709 5628 iis»

2141 5650 2164 5677 ι
2185 5633 2298 5680 dem
2319 5622 2727 5679 sacramentorum
2743 5622 3014 5677 visceribus
3033 5642 3127 5677 una
3139 5635 3293 5676 mater
3309 5622 3517 5676 Eudesia'
3526 5622 3707 5685 genuit.

2142 5711 2163 5739 ι
2185 5706 2310 5755 quos
2332 5691 2506 5740 eodem
2529 5690 2668 5755 modo
2704 5691 2953 5755 adoptivos
2980 5689 3102 5738 ﬁlios
3120 5696 3265 5755 gneus
3286 5696 3425 5749 later
3448 5685 3654 5755 escepit.
3678 5697 3701 5751 s

2133 5748 2233 5824 Quo
2256 5754 2304 5824 in
2330 5764 2538 5824 genere
2572 5751 2707 5811 plura
2746 5748 2891 5803 etiam
2933 5752 3252 5814 Augustinus,
3276 5748 3387 5799 etun
3415 5749 3516 5812 agit
3548 5748 3704 5794 contra

2134 5822 2413 5864 Donatistas.
2488 5822 2618 5863 Situ].
