3996 6192
339 304 367 358 ί
380 304 486 358 585

340 419 506 472 nostri
526 417 664 478 estis,
688 417 758 470 eis
777 417 867 485 qui
908 430 994 469 eos
1019 414 1252 478 oderunt,
1281 421 1325 465 et
1344 412 1429 482 qui
1473 426 1556 464 vos
1602 409 1927 462 detestantur.

339 509 482 578 Quid
511 506 627 562 e51?
683 507 926 561 Radiavit
977 506 1090 571 lux,
1137 502 1369 559 ostendit
1418 500 1800 557 fraternitatem
1834 505 1928 551 :ct

341 599 519 653 adhuc
550 598 675 652 dicit
701 599 896 668 lippus,
940 595 1140 652 Claude
1183 594 1488 649 fenestram.
1520 590 1705 645 l’r:cbe
1745 589 1931 644 oculos

346 703 469 745 tuos
491 691 595 746 luci
625 705 638 741 :
672 703 901 759 agnosce
932 687 1147 741 fratrem
1182 686 1234 740 in
1267 683 1499 739 tenebris
1533 697 1636 736 non
1665 679 1928 734 constitu-

342 789 480 842 tum,
506 781 555 832 in
581 778 814 833 tenebris
835 778 1188 832 constitutus:
1210 782 1264 830 et
1281 775 1384 837 dic,
1408 773 1492 827 dic
1513 788 1748 832 securus,
1771 771 1931 824 verba

343 872 440 925 Dei
467 871 602 924 dicis
627 878 683 924 et
712 885 818 923 non
861 885 997 923 mea.
1031 867 1213 930 Dicite.
1245 866 1373 921 dicit
1401 867 1559 926 Deus.
1596 863 1809 918 Fratres
1834 879 1922 915 no-

342 965 434 1018 stri
460 963 580 1018 estis
602 979 620 1016 :
651 960 888 1030 quibus?
910 961 980 1013 eis
1005 960 1093 1032 qui
1133 975 1219 1013 vos
1247 958 1478 1012 oderunt.
1509 956 1640 1010 Nam
1672 954 1796 1025 quid
1829 955 1930 1008 mi~

339 1069 468 1109 rum
490 1055 534 1109 si
566 1052 742 1106 dicitis
764 1052 842 1106 cis
869 1051 958 1121 qui
1003 1066 1098 1104 vos
1125 1049 1386 1120 diligunt?
1411 1047 1506 1101 llis
1543 1047 1628 1117 qui
1671 1062 1756 1100 vos
1801 1045 1926 1098 ode-

341 1152 484 1206 runt,
512 1153 559 1196 et
587 1143 674 1208 qui
695 1158 780 1195 ros
806 1143 1130 1196 detestantur.
1154 1140 1352 1210 thuid
1380 1140 1516 1194 hoc?
1540 1138 1701 1203 Audi,
1725 1147 1774 1192 et
1804 1151 1928 1190 cau-

342 1247 418 1289 ss:
475 1235 652 1304 aspice
693 1233 944 1288 fluctum.
998 1234 1151 1287 Velut
1193 1233 1600 1300 interrogaveris
1643 1232 1928 1287 Dominum

343 1326 510 1380 Deum
545 1334 713 1391 tuum,
770 1334 825 1380 et
871 1324 1090 1388 dixeris,
1134 1324 1376 1390 Domine,
1415 1322 1682 1394 quomodo
1733 1322 1923 1387 dicam,

341 1415 534 1471 Frater
556 1430 704 1470 uicus
754 1430 836 1480 es,
876 1415 964 1485 qui
993 1415 1120 1478 odit,
1150 1415 1238 1484 qui
1261 1414 1591 1469 detestatur?
1621 1413 1715 1468 Dic
1738 1428 1924 1483 quare.

345 1506 416 1561 Ut
450 1522 628 1559 nomen
671 1503 878 1559 Domini
928 1505 1304 1572 Itonoriﬁcetur.
1353 1505 1613 1572 Appareat
1650 1503 1727 1557 vel
1767 1505 1818 1556 in
1835 1505 1928 1573 ju-

341 1599 603 1650 eunditate
623 1612 644 1645 :
669 1597 768 1666 ipsi
794 1606 960 1649 alitem
1003 1597 1291 1650 erubescant
1331 1593 1498 1668 (Isai.
1545 1611 1688 1662 LXVI,
1716 1595 1770 1660 5,
1823 1611 1923 1649 sec.

339 1687 488 1743 LXX
517 1691 557 1756 ).
603 1688 753 1751 Vide,
804 1688 1066 1752 ubst-cro,
1123 1689 1353 1753 fructum
1401 1689 1707 1758 patientiae,
1766 1695 1927 1742 tanta:

341 1777 783 1832 numsuetudinis.
819 1776 1004 1844 Dicite,
1049 1777 1257 1832 Fratres
1279 1779 1434 1832 nostri
1449 1779 1584 1832 estis.
1616 1779 1824 1846 Quare?
1860 1777 1926 1832 Ut

340 1887 524 1924 nomen
575 1867 781 1923 Domini
841 1871 1218 1940 honori/iretur.
1266 1871 1440 1940 Quare
1486 1882 1662 1926 autem
1712 1887 1816 1926 non
1874 1883 1926 1928 te

339 1966 585 2031 agnoscit
613 1961 832 2016 fratrem
857 1963 880 2014 ?
908 1964 1039 2029 Quia
1071 1980 1262 2018 nomen
1297 1965 1526 2019 hominis
1549 1965 1794 2019 homines
1826 1965 1924 2018 bo-

342 2053 660 2105 norilicavit.
686 2052 826 2122 Ergo
856 2052 962 2120 dic,
990 2053 1175 2108 Frater
1216 2070 1369 2108 meus
1400 2055 1616 2110 :oderis
1657 2055 1800 2121 licet,
1833 2055 1927 2110 dc-

344 2145 560 2199 testeris
589 2144 725 2208 licet,
761 2143 926 2203 frater
951 2160 1099 2199 meus
1138 2160 1218 2200 es.
1253 2147 1496 2215 Agnosco
1533 2147 1583 2198 in
1618 2155 1668 2200 te
1712 2148 1921 2217 signum

339 2235 508 2304 patris
531 2236 652 2288 mei.
685 2235 873 2290 Sermo
908 2237 1071 2305 patris
1097 2236 1283 2290 nostri.
1329 2236 1462 2291 Male
1489 2234 1675 2303 frater,
1699 2237 1926 2306 litigioso

341 2327 522 2387 frater,
551 2327 711 2381 frater
733 2343 884 2382 meus
910 2344 967 2383 es
1015 2338 1088 2382 tu.
1121 2328 1266 2384 Dicis
1302 2329 1498 2383 etenim
1537 2338 1611 2396 tu,
1656 2330 1925 2400 quomodo

340 2427 394 2469 et
423 2431 541 2484 ego,
577 2415 730 2470 Pater
781 2428 950 2471 noster
998 2418 1083 2487 qui
1134 2435 1185 2473 es
1220 2420 1273 2472 in
1319 2419 1456 2472 caelis
1499 2418 1710 2489 (Matth.
1740 2435 1811 2488 vl,
1844 2419 1920 2490 9).

345 2507 518 2561 Unum
546 2507 772 2562 dicimus
799 2525 812 2560 :
846 2525 1008 2578 quare
1036 2509 1088 2563 in
1130 2524 1236 2564 uno
1268 2525 1371 2564 non
1403 2509 1628 2564 sumus?
1657 2509 1804 2580 Rogo
1849 2519 1921 2574 te,

340 2597 524 2662 frater,
559 2614 786 2667 agnosce
828 2599 968 2668 quod
1017 2615 1224 2655 mecum
1274 2600 1424 2665 dicis,
1456 2609 1510 2654 et
1555 2600 1744 2654 damna
1783 2601 1924 2670 quod

340 2702 521 2743 contra
551 2706 635 2744 me
667 2691 813 2745 facis.
846 2691 1078 2748 Advorte
1099 2692 1258 2747 verba
1288 2694 1536 2748 exeuntia
1575 2691 1643 2747 de
1685 2708 1778 2746 ore
1807 2702 1917 2746 tuo.

342 2781 500 2846 Audi,
560 2796 665 2834 non
717 2799 838 2848 me,
888 2781 981 2836 sed
1029 2790 1099 2836 te.
1151 2780 1281 2836 Vide
1327 2783 1409 2838 cui
1463 2781 1711 2848 dicimus,
1765 2780 1925 2835 Pater

340 2881 510 2924 noster
551 2871 636 2940 qui
690 2887 741 2924 es
787 2872 838 2924 in
887 2873 1043 2925 (telis.
1091 2871 1206 2926 Non
1251 2873 1472 2939 amicus,
1524 2887 1629 2926 non
1675 2872 1922 2938 vicinus;

339 2963 437 3016 sed
485 2961 603 3031 ipse
627 2963 710 3017 cui
740 2963 986 3026 dicimus,
1035 2965 1362 3020 concordare
1403 2979 1501 3019 nos
1526 2965 1696 3034 jubet.
1755 2964 1924 3019 Simul

340 3052 604 3108 habemus
622 3055 762 3124 apud
786 3055 995 3110 Patrem
1024 3072 1183 3112 unam
1205 3072 1388 3112 vocem
1413 3073 1426 3111 :
1450 3073 1614 3128 quare
1635 3072 1740 3112 non
1767 3057 1925 3112 simul

341 3145 600 3201 habemus
628 3148 1036 3217 unam'pacem?

413 3240 465 3294 5.
497 3237 597 3292 Pio
624 3257 779 3309 opera
808 3258 899 3311 pro
930 3239 1172 3295 Ecclesia:
1200 3241 1465 3294 obtinenda
1494 3257 1634 3312 pace.
1661 3240 1926 3311 Jejunium

340 3332 564 3384 solemne
599 3343 710 3412 post
743 3330 1087 3385 Pentecostcn.
1121 3330 1454 3401 IIospitalitas
1489 3333 1540 3385 in
1571 3348 1654 3385 eos
1685 3332 1775 3402 qui
1802 3330 1932 3385 Car—

342 3422 601 3491 thaginem
628 3423 830 3476 veniunt
857 3423 1140 3476 collationis
1168 3421 1519 3495 causaJl‘alia
1545 3420 1706 3476 dicite
1728 3420 1924 3475 arden-

343 3522 448 3578 ter,
478 3512 641 3568 dicite
666 3513 876 3568 leniter.
913 3515 1078 3568 Dicite
1113 3513 1362 3569 ardentes
1399 3513 1602 3566 fervore
1632 3512 1922 3576 cbaritatis,

341 3622 451 3659 non
472 3615 677 3660 tumore
692 3606 1059 3671 dissensionis,
1080 3617 1133 3661 et
1149 3607 1504 3676 deprecamini
1524 3607 1796 3661 nobiscum
1819 3607 1924 3660 Do-

342 3696 556 3750 minum
583 3696 903 3751 soleunubus
928 3696 1165 3766 jejuniis.
1189 3699 1318 3764 Qua:
1351 3698 1460 3768 jam
1496 3698 1766 3752 reddimus
1795 3698 1923 3765 Deo,

341 3787 637 3842 reddamus
675 3797 727 3842 et
771 3804 870 3861 pro
910 3803 1087 3842 causa.
1127 3787 1243 3843 Jan)
1289 3790 1429 3844 enim
1469 3788 1771 3858 jejunamus
1810 3797 1929 3858 post

344 3880 698 3934 Pentecosten
763 3879 1074 3934 solemniter
1118 3896 1133 3932 :
1183 3889 1235 3934 ct
1287 3879 1466 3949 utique
1512 3880 1923 3949 jejunarcmus,

344 3969 554 4023 etiamsi
593 3969 692 4022 ista
722 3984 880 4023 causa
909 3985 1012 4024 non
1039 3979 1198 4023 esset.
1223 3969 1356 4038 Quid
1383 3985 1511 4039 ergo
1536 3970 1789 4025 debemus
1817 3969 1928 4024 fra-

347 4061 518 4115 tribus
537 4061 756 4127 nostris,
784 4077 914 4131 quos
943 4062 992 4115 in
1018 4062 1233 4116 nomine
1257 4063 1460 4116 Domini
1485 4063 1576 4117 Dei
1601 4064 1787 4130 nostri,
1812 4080 1928 4119 me-

349 4154 452 4209 dici
479 4152 666 4216 nostri,
692 4151 957 4206 curandos
983 4153 1354 4223 sanandosque
1379 4154 1713 4224 suscipimus,
1740 4155 1812 4208 illi
1841 4153 1926 4209 of-

344 4247 577 4302 ferentes
599 4253 655 4298 ut
674 4255 948 4310 sanentur,
977 4260 1082 4298 non
1111 4245 1261 4298 nobis
1289 4260 1476 4300 manus
1505 4246 1697 4300 medici
1729 4262 1930 4315 praesu-

341 4335 588 4392 mentes?
612 4335 714 4390 Sed
738 4336 863 4405 quid
891 4334 1148 4390 facimus?
1173 4337 1531 4405 Deprecemur
1556 4337 1726 4406 ipsum
1755 4338 1926 4392 medi-

343 4450 512 4500 cum,
567 4433 877 4501 jejunantes
941 4432 1124 4486 humili
1177 4431 1378 4499 corde,
1434 4431 1516 4500 pia
1570 4430 1925 4497 confessione,

343 4526 536 4580 timore
579 4525 836 4580 fraterno.
861 4523 1222 4578 Exhibeamus
1258 4523 1481 4576 Domino
1525 4522 1793 4592 pietatem,
1825 4523 1928 4578 fra-

343 4619 516 4673 tribus
535 4619 872 4673 cbaritatem.
897 4616 1150 4670 Crescunt
1171 4615 1312 4668 enim
1335 4615 1686 4684 elcemosyute
1708 4625 1923 4682 nostras,

341 4711 536 4781 quibus
576 4709 930 4764 exaudiantur
975 4707 1184 4762 facilius
1227 4707 1499 4760 orationes
1533 4715 1728 4760 nostra:
1754 4707 1792 4759 ί.
1819 4706 1928 4761 llo-

339 4801 687 4870 spitalitatcm
710 4797 1008 4853 sectamini.
1028 4796 1261 4866 Tempus
1281 4805 1364 4852 est
1381 4814 1394 4848 :
1413 4797 1551 4851 servi
1577 4797 1668 4852 Dei
1689 4799 1922 4852 veniunt.

341 4890 577 4960 Tempus
603 4901 708 4956 est,
737 4889 948 4944 occasio
991 4897 1095 4955 est,
1135 4903 1302 4958 quare
1340 4887 1509 4958 perit?
1543 4888 1771 4944 Attende
1799 4889 1924 4960 quid

340 4982 506 5036 babes
550 4981 604 5035 in
643 4980 918 5036 ccenaculo
957 4979 1150 5034 domus
1188 4987 1292 5033 tua:
1312 4980 1350 5030 ³.
1376 4978 1607 5035 Attende
1630 4989 1681 5034 et
1711 4996 1923 5036 sursum

338 5072 465 5142 quid
499 5085 745 5140 reponas,
779 5070 902 5141 quid
935 5069 1029 5124 tibi
1069 5084 1270 5132 serves,
1304 5068 1370 5124 dc
1394 5085 1500 5138 quo
1527 5069 1775 5124 thesauro
1807 5072 1924 5127 solo

338 5179 564 5218 securus
589 5178 671 5219 es.
700 5163 847 5218 Pone
879 5177 1112 5225 sursum,
1135 5159 1445 5215 commenda
1477 5177 1580 5214 non
1619 5175 1774 5216 servo
1809 5171 1920 5231 tuo,

339 5255 433 5310 sed
464 5255 689 5309 Domino
716 5264 824 5308 tuo.
855 5251 1118 5322 Numquid
1147 5251 1253 5307 illic
1289 5252 1442 5306 times
1472 5267 1538 5306 ne
1567 5251 1652 5307 fur
1677 5253 1920 5322 obrepat,

335 5361 408 5403 ne
445 5345 696 5401 effractor
732 5342 969 5410 invadat,
1009 5359 1077 5398 ne
1118 5341 1286 5398 hostis
1335 5342 1665 5398 turbulentus
1701 5344 1922 5414 eripiat?

400 5523 416 5553 ι
455 5529 504 5570 tn
525 5534 626 5586 uno
643 5526 748 5580 us,
772 5517 1086 5586 crebrescunt
1108 5516 1252 5586 etiam
1281 5514 1592 5584 elemosynis
1613 5525 1801 5583 vestrm,
1815 5520 1921 5586 qui-

335 5582 423 5632 bus
445 5579 776 5631 murmur
798 5579 992 5644 facilius
1015 5579 1252 5644 orationes
1268 5586 1458 5644 nostra.

331 5714 350 5756 ‘
399 5649 418 5676 ²
453 5651 504 5694 to
537 5645 717 5695 eodem
739 5639 841 5706 M51,
885 5639 1086 5694 Attende
1116 5640 1235 5704 quid
1273 5640 1415 5693 habes
1451 5640 1503 5694 in
1543 5642 1734 5694 sacculo
1755 5642 1922 5696 domus

351 5720 447 5756 ac.

1676 290 1902 348 SERMO
1939 289 2152 346 CCCLV
2164 289 2246 345 ιιι.

3497 295 3518 348 1
3530 293 3641 349 586

2040 400 2145 455 Fac
2171 413 2224 455 ut
2248 402 2442 458 habeas
2471 405 2616 476 quod
2643 408 2732 463 tibi
2757 409 3031 464 reddatur.
3059 411 3168 467 Nec
3199 413 3300 469 hoc
3327 415 3421 470 tibi
3446 417 3622 472 reddi-

2039 495 2186 560 tnr',
2210 495 2350 565 quod
2386 499 2646 568 posueris.
2684 500 3067 561 Fencratorem-
3099 514 3151 568 to
3191 509 3297 564 vult
3335 506 3616 579 Dominus,

2037 584 2128 640 scd
2156 601 2330 654 suum,
2358 604 2464 644 non
2492 590 2716 660 proximi
2745 594 2840 648 tui.
3395 597 3398 600 ’

2447 744 2676 803 SERMO
2723 747 3014 807 CCCLVlll
3043 757 3064 776 ⁶
3090 754 3189 826 (a).

2531 878 2605 933 De
2631 898 2754 950 pace
2773 893 2819 937 et
2848 884 3114 940 charitute.

2084 1029 2367 1094 carthagine
2391 1032 2598 1096 habitus,
2622 1042 2738 1086 ante
2755 1035 3061 1090 collationem
3084 1053 3192 1092 cum
3214 1047 3485 1108 Donatistis,
3512 1063 3562 1099 ιι.

2107 1180 2157 1234 l.
2190 1179 2344 1236 Pacis
2367 1183 2702 1237 concilianda:
2725 1201 2846 1238 cura
2871 1187 3132 1244 catholicis
3159 1190 3431 1262 epist-apis.
3469 1192 3614 1249 Vinci

2032 1270 2205 1324 notem
2229 1288 2261 1324 α
2288 1273 2516 1337 ueritate,
2561 1274 2773 1328 vincitur
2819 1275 2883 1330 ab
2927 1293 3115 1333 errore.
3154 1279 3345 1336 Curam
3377 1295 3614 1340 nostram

2035 1377 2132 1431 pro
2160 1363 2341 1427 vobis,
2385 1374 2440 1419 et
2466 1380 2562 1436 pro
2588 1365 2816 1422 inimicis
2858 1371 3057 1426 nostris
3081 1380 3136 1426 et
3161 1375 3387 1442 vestris,
3418 1384 3473 1432 et
3517 1394 3613 1447 pro

2031 1453 2201 1507 salute
2227 1455 2472 1510 omnium
2489 1497 2504 1520 ,
2537 1471 2632 1524 pro
2660 1459 2837 1527 quiete
2857 1502 2878 1525 ,
2900 1475 2996 1530 pro
3031 1477 3160 1530 pace
3184 1468 3489 1534 communi,
3521 1484 3616 1537 pro

2033 1543 2232 1598 unitate
2268 1560 2424 1612 quam
2458 1546 2712 1603 Dominus
2748 1549 2938 1617 jussit,
2981 1551 3234 1608 Dominus
3276 1555 3478 1626 diligit,
3517 1559 3616 1612 ad-

2025 1633 2210 1704 juvent
2239 1651 2422 1704 preces
2448 1637 2751 1692 Sanctitatis
2780 1651 2998 1707 vestrm,
3034 1653 3092 1696 ut
3117 1644 3185 1699 de
3215 1645 3299 1699 illa
3323 1647 3611 1704 identidem

2030 1733 2086 1780 ct
2111 1725 2176 1779 ad
2202 1741 2295 1780 vos
2322 1726 2618 1797 loquamur,
2650 1738 2704 1783 ct
2729 1731 2998 1787 vobiscum
3025 1735 3372 1803 gaudeamus.
3402 1739 3611 1796 Etenim

2028 1814 2097 1870 de
2129 1831 2256 1885 pace
2277 1825 2329 1872 ct
2356 1817 2616 1874 cbaritate
2645 1820 2784 1890 loqui
2805 1861 2820 1887 ,
2851 1823 2898 1876 si
2916 1838 3128 1894 seraper
3153 1842 3426 1892 amamus,
3467 1844 3612 1885 sein.-

2028 1923 2125 1978 per
2149 1907 2425 1964 debemus.
2457 1909 2621 1964 Multo
2649 1913 2962 1984 magiscrgo
2985 1915 3086 1970 isto
3107 1924 3344 1987 tempore
3361 1959 3378 1984 ,
3399 1919 3624 1990 quando.

2031 2014 2129 2068 pax
2159 1999 2235 2053 sic
2255 2010 2496 2066 anmtur,
2526 2011 2581 2054 ut
2604 2001 2653 2056 in
2679 2003 2912 2070 periculo
2927 2004 3042 2073 ejus
3070 2007 3312 2062 amanda:
3339 2017 3397 2065 et
3423 2019 3613 2066 teneo.-

2028 2087 2110 2142 dac
2135 2090 2405 2144 constituti
2436 2092 2539 2154 illi,
2563 2093 2753 2161 quibus
2783 2094 2980 2148 malum
3011 2110 3104 2164 pro
3135 2099 3275 2152 man
3303 2115 3406 2155 non
3437 2101 3616 2157 reddi.

2030 2196 2148 2235 mus
2168 2223 2182 2244 ,
2214 2194 2267 2236 et
2294 2197 2413 2236 cum
2444 2183 2656 2253 quibus,
2683 2184 2820 2239 sicut
2845 2187 3100 2255 scriptum
3121 2197 3201 2242 est
3219 2229 3236 2254 ,
3262 2189 3388 2246 odio
3413 2189 3613 2258 haben-

2031 2274 2167 2328 tibus
2193 2289 2375 2344 pacem
2404 2291 2586 2329 sumus
2618 2277 2817 2346 pacifici
2839 2319 2854 2344 ,
2897 2287 2952 2333 et
2976 2280 3096 2349 quia
3130 2297 3313 2351 pacem
3346 2285 3613 2352 loquimur

2027 2366 2124 2428 eis,
2143 2365 2410 2422 debellare
2431 2382 2536 2421 nos
2548 2369 2728 2422 volunt
2762 2368 2924 2438 gratis
2945 2369 3114 2441 (Psal.
3128 2387 3278 2439 exis,
3301 2372 3378 2444 7).
3397 2374 3629 2446 llliergo-

2027 2458 2116 2526 qui
2135 2456 2265 2511 tales
2290 2465 2432 2521 sunt,
2460 2458 2820 2527 periclitantur
2838 2460 2976 2515 inter
2995 2477 3232 2518 amorem
3253 2467 3397 2534 pacis
3419 2475 3473 2522 et
3491 2482 3614 2523 con-

2027 2548 2292 2603 fusionem
2320 2549 2570 2618 pudoris:
2604 2567 2702 2606 nec
2718 2552 2766 2605 id
2789 2562 2972 2622 agunt,
2994 2569 3116 2609 cum
3137 2557 3276 2612 vinci
3299 2559 3484 2614 nolunt
3505 2601 3522 2628 ,
3553 2572 3615 2616 ut

2030 2639 2206 2693 invicti
2232 2639 2356 2693 siut.
2381 2640 2478 2706 Qui
2502 2642 2642 2696 enim
2668 2642 2848 2697 vincia
2871 2645 3091 2701 veritate
3115 2647 3322 2714 nolunt,
3341 2649 3614 2708 aberrare

2028 2731 2330 2786 vincuntur.
2373 2731 2418 2788 0
2454 2732 2500 2786 si
2527 2747 2618 2786 eos
2644 2731 2878 2789 charitas
2904 2736 3080 2804 potius
3107 2753 3264 2807 quam
3305 2741 3628 2797 animositas.

2029 2823 2340 2890 superaret!
2379 2821 2503 2876 Inde
2531 2823 2758 2880 victores
2796 2823 3014 2889 ﬁerent,
3063 2827 3202 2882 unde
3246 2828 3367 2883 victi
3406 2842 3610 2886 essein.

2027 2909 2136 2965 Nos
2161 2921 2337 2964 autem
2368 2911 2659 2967 Ecclesiam
2687 2913 2999 2969 catholicam
3021 2957 3040 2983 ,
3078 2917 3146 2971 ad
3174 2919 3329 2987 cujus
3349 2935 3532 2987 pacem
3559 2932 3612 2976 et

2028 3000 2367 3056 concordiam
2406 3011 2461 3056 et
2501 3003 2990 3061 reconciliationem
3038 3006 3323 3064 invitamus
3369 3011 3613 3069 inimicos

2028 3090 2144 3161 ejus
2163 3133 2177 3158 ,
2213 3107 2324 3148 non
2352 3091 2598 3148 humanis
2619 3095 2988 3164 opinionibus,
3019 3095 3114 3153 sed
3135 3099 3346 3155 "divinis
3371 3104 3611 3157 testimo-

2027 3183 2156 3246 niis,
2204 3198 2472 3248 amamus,
2518 3194 2759 3242 tenemus
2813 3195 2867 3243 et
2907 3188 3259 3246 defendimus.
3307 3192 3444 3260 Quid
3487 3207 3620 3249 cum

2028 3273 2120 3329 illo
2133 3289 2322 3344 agam,
2355 3276 2444 3345 qui
2469 3291 2564 3345 pro
2583 3286 2734 3348 parte
2754 3277 2981 3344 clamat,
3013 3289 3068 3334 et
3095 3290 3278 3336 contra
3307 3291 3474 3338 totum
3500 3283 3610 3340 liti-

2027 3367 2158 3435 gat?
2181 3366 2368 3422 Nonne
2391 3369 2586 3424 bonum
2620 3371 2694 3424 illi
2720 3380 2803 3426 est
2826 3371 2963 3426 vinci
2984 3413 3000 3436 ,
3030 3373 3118 3442 qui
3143 3375 3188 3428 si
3221 3375 3390 3430 vietus
3417 3375 3606 3443 fuerit.

2031 3467 2196 3511 totum
2223 3459 2525 3530 tenebitasi
2557 3459 2759 3525 vicerit,
2794 3461 2848 3515 in
2879 3471 3030 3532 parte
3059 3465 3398 3520 remanebit?
3427 3466 3538 3521 lmo
3563 3469 3610 3524 si

2029 3550 2241 3606 vincere
2266 3551 2366 3606 sibi
2395 3552 2677 3607 videbitur.
2707 3553 2838 3609 Nam
2877 3570 2985 3611 non
3028 3556 3192 3614 vincit
3219 3557 3322 3614 nisi
3364 3561 3564 3617 veritas
3593 3578 3609 3614 :

2028 3643 2246 3698 victoria
2272 3645 2512 3700 veritatis
2537 3654 2621 3700 est
2648 3645 2902 3703 cbaritas.

2099 3733 2155 3786 2.
2181 3732 2487 3788 Testimonia
2513 3752 2604 3806 pro
2628 3735 2866 3792 Ecclesia:
2884 3739 3147 3795 catholica:
3163 3741 3371 3797 unitate.
3393 3741 3611 3800 Conten-

2032 3827 2100 3880 tio
2127 3825 2488 3880 catholicorum
2504 3829 2754 3897 quomodo
2781 3829 3064 3886 dilectionis
3088 3841 3181 3898 est,
3203 3849 3304 3888 non
3325 3833 3446 3888 litis.
3474 3834 3611 3902 Quid

2031 3931 2159 3986 ergo
2183 3916 2363 3982 vobis,
2411 3917 2604 3971 fratres
2623 3958 2637 3982 ,
2673 3919 2964 3974 Ecclesium
2991 3921 3304 3978 catholicam
3331 3931 3444 3979 toto
3481 3925 3614 3981 orbo

2033 4016 2294 4061 terrarum
2337 4005 2742 4062 fructificantem
2781 4017 2940 4078 atque
2964 4020 3292 4067 crescentem
3335 4015 3612 4069 cammen-

2031 4095 2152 4150 dem
2179 4095 2360 4150 multis
2380 4095 2590 4161 verbis,
2622 4104 2680 4151 et»
2713 4097 2866 4152 meis.
2896 4097 3164 4155 Habemus
3190 4103 3358 4155 verba
3402 4102 3627 4156 Domini.

2034 4202 2128 4256 pro
2150 4185 2266 4252 illa,
2299 4195 2350 4241 et
2376 4201 2473 4256 pro
2494 4187 2667 4240 nobis.
2698 4186 2981 4254 Dominus,
3014 4189 3214 4259 inquit,
3241 4191 3370 4245 dixit
3399 4191 3465 4245 ad
3493 4208 3572 4247 me
3593 4211 3613 4246 :

2032 4275 2083 4331 F
2084 4278 2198 4331 ilius
2219 4294 2356 4332 meus
2380 4295 2430 4332 es
2452 4287 2505 4331 tu
2523 4319 2548 4345 ,
2565 4295 2658 4350 ego
2683 4279 2833 4334 hodie
2858 4281 3010 4351 genui
3035 4291 3102 4335 te.
3129 4280 3343 4336 Postulo
3369 4301 3402 4336 a
3423 4300 3502 4338 me
3520 4325 3536 4350 ,
3565 4294 3629 4340 ιι.

2031 4369 2161 4422 dabo
2181 4370 2270 4423 tibi
2289 4380 2457 4440 gentes
2473 4371 2816 4426 hereditatem
2836 4381 2996 4440 tuam,
3024 4384 3072 4428 et
3096 4375 3455 4443 possessionem
3472 4386 3615 4431 tuens

2031 4461 2157 4528 ﬁnes
2186 4470 2332 4516 terra:
2371 4460 2544 4532 (Psal.
2573 4478 2627 4528 ιι,
2660 4464 2693 4519 7
2721 4474 2765 4518 et
2789 4462 2884 4535 8.).
2918 4464 3094 4530 Quare
3115 4481 3262 4536 ergo,
3306 4465 3521 4534 fratres,
3544 4468 3615 4523 de

2031 4553 2369 4624 possessione
2397 4554 2683 4624 litigamus,
2716 4565 2769 4610 et
2809 4570 2915 4610 non
2956 4555 3131 4625 potius
3169 4567 3379 4612 sanctas
3405 4557 3615 4614 tabulas

2031 4644 2360 4698 recitamus?
2393 4643 2612 4700 Venisse
2660 4660 2758 4700 nos
2801 4647 3083 4716 opinemur
3125 4647 3193 4702 ad
3237 4648 3493 4718 judicem.
3539 4651 3613 4705 De

2031 4733 2368 4803 possessione
2390 4735 2659 4789 contentio
2680 4744 2763 4790 est
2786 4753 2800 4789 :
2829 4745 2883 4791 ct
2910 4735 3024 4790 haec
3048 4739 3332 4794 contentio
3348 4755 3453 4796 non
3482 4739 3607 4805 litis,

2029 4822 2125 4877 sed
2155 4823 2454 4878 dilectionis
2475 4833 2575 4879 est.
2609 4825 2845 4892 Denique
2885 4827 3120 4898 litigator
3142 4838 3368 4886 terrente
3395 4845 3611 4900 posses-

2029 4912 2196 4967 sionis
2219 4913 2287 4968 ad
2318 4915 2418 4969 boc
2438 4913 2621 4984 litigat,
2651 4924 2708 4970 ut
2730 4917 2980 4972 excludat
3004 4918 3406 4978 adversarium:
3431 4935 3531 4976 nos
3554 4931 3614 4976 ut

2029 5002 2464 5058 intromittamus.
2497 5006 2752 5076 Litigator
2797 5017 3020 5064 terrena:
3055 5011 3442 5080 possessionis,
3486 5027 3609 5067 cum

2027 5093 2255 5148 audierit
2293 5094 2654 5151 adversarium
2683 5099 2947 5155 dicentem
2969 5141 2984 5165 ,
3029 5100 3311 5157 Possidere
3339 5102 3499 5167 volo;
3525 5119 3613 5158 re-

2029 5183 2276 5254 spondet,
2306 5184 2422 5240 Non
2449 5189 2716 5256 permitto.
2749 5189 2862 5260 Ego
2885 5199 3061 5244 autem
3089 5192 3236 5246 fratri
3257 5190 3398 5256 dico,
3427 5192 3611 5249 Possi-

2029 5275 2156 5329 deas
2182 5291 2387 5330 mecum
2416 5278 2538 5333 volo
2565 5296 2579 5333 :
2611 5279 2698 5335 ille
2723 5279 2976 5349 litigando
3002 5282 3158 5349 dicit,
3181 5283 3333 5338 Nolo.
3364 5283 3480 5339 Non
3511 5286 3609 5341 ita-

2028 5381 2132 5437 que
2162 5367 2322 5422 timeo
2348 5384 2415 5422 nc
2440 5379 2743 5424 contemnat
2783 5387 2870 5426 me
2896 5371 3184 5439 Dominus,
3227 5384 3281 5429 ct
3318 5375 3603 5445 corripiat,

2091 5522 2109 5593 ξ
2137 5529 2192 5593 ιιι
2211 5536 2309 5593 uno
2333 5531 2434 5580 Ms,
2459 5531 2551 5593 Iljec
2573 5523 2662 5574 hoc
2683 5523 2941 5593 tibi-solum
2963 5526 3204 5588 redditur,
3221 5527 3348 5593 quod
3371 5529 3607 5593 posueris.

2026 5644 2057 5693 ὁ
2091 5583 2109 5602 ⁹
2121 5585 2420 5694 βιιιιίιὲάιιιιδ
2440 5587 2499 5635 ad
2523 5595 2625 5635 Mss.
2648 5596 2702 5638 et
2716 5588 2825 5637 Edd.
2849 5589 2897 5637 in
2913 5602 3140 5640 sermone
3156 5583 3450 5652 praecedenti
3465 5591 3616 5644 unde.

2061 5657 2230 5694 eatena
2283 5659 2323 5694 s.

2061 5657 2323 5694 εειιζηιιιοε.

2093 5706 2166 5769 (a)
2185 5706 2467 5770 Alias,.inter
2489 5709 2837 5761 sirmondianos
2857 5710 2936 5761 36.
