3996 6192
371 298 377 303 ’
406 323 539 381 trita

402 467 538 521 sicut
579 465 696 518 illos
723 462 945 530 fratres,
976 459 1060 518 vel
1088 461 1233 516 illum
1261 460 1506 525 fratrem,
1538 457 1627 529 qui
1656 475 1777 515 eum
1810 461 1979 515 inter-

403 554 617 624 pellavit
636 555 687 609 in
716 553 912 626 populo
935 594 951 618 ,
975 562 1030 608 et
1055 554 1127 607 ait
1156 570 1169 605 :
1200 551 1417 607 Domine
1436 594 1451 617 ,
1478 552 1559 606 dic
1585 552 1731 622 fratri
1758 568 1867 605 meo
1886 593 1902 619 ,
1930 563 1983 605 ut

399 647 591 701 dividat
632 663 825 700 mecum
871 643 1233 699 hereditatem.
1279 642 1542 697 Continuo
1569 643 1821 696 Dominus
1862 657 1985 710 pro-

400 735 580 792 ferens
607 737 1019 805 corrcptionem,
1070 734 1195 804 quia
1241 733 1429 788 oderat
1472 734 1786 788 divisionem
1815 732 1979 801 :Dic,

399 831 582 892 homo,
615 829 819 898 inquit,
851 827 961 896 quis
986 843 1064 881 me
1092 826 1348 880 constituit
1358 826 1591 896 judicem
1614 868 1627 891 ,
1660 836 1745 879 aut
1786 828 1978 880 diviso-

400 936 507 973 rem
533 919 837 976 htereditatis
858 918 987 971 inter
1010 917 1137 971 vos?
1167 916 1279 987 Ego
1302 926 1470 972 autem
1489 918 1601 971 dico
1628 916 1783 982 vobis,
1812 927 1982 972 cavete

401 1009 460 1062 ab
481 1010 616 1063 omni
651 1006 1092 1079 cupiditate(Luc.
1136 1024 1241 1075 xu,
1274 1009 1480 1078 15-15).
1512 1007 1666 1063 Istam
1690 1011 1968 1079 correptio-

407 1116 522 1155 nem
547 1116 652 1153 non
674 1100 856 1153 timeo.
880 1099 1166 1167 lnterpello
1194 1100 1337 1153 enim
1362 1100 1639 1153 Dominum
1662 1116 1839 1155 meum
1862 1143 1876 1164 ,
1902 1100 1978 1155 fa-

399 1205 516 1247 teor
538 1234 554 1257 ,
585 1192 884 1261 interpello.
917 1191 1029 1245 Non
1061 1201 1237 1247 tamen
1262 1193 1401 1260 dico,
1446 1191 1681 1261 Domine,
1714 1196 1795 1249 dic
1829 1198 1979 1267 fratri

398 1298 531 1347 meo,
561 1293 616 1335 ut
635 1283 827 1336 dividat
846 1283 1182 1337 [nereditatem
1206 1301 1397 1337 mecum
1415 1300 1433 1338 :
1454 1285 1546 1339 sed
1570 1286 1710 1349 dico,
1730 1287 1976 1354 Domine,

399 1374 487 1428 dic
508 1373 654 1429 fratri
680 1390 817 1437 meo,
851 1384 911 1429 ut
936 1384 1114 1429 teneat
1154 1391 1359 1430 mecum
1388 1378 1664 1431 unitatem.
1697 1379 1833 1433 Ecce
1858 1394 1978 1448 pos-

399 1467 661 1521 sessionis
687 1466 845 1537 hujus
890 1467 1093 1522 tabulas
1124 1469 1289 1522 recito
1313 1512 1328 1535 ,
1376 1485 1478 1524 non
1510 1472 1573 1525 ad
1611 1472 1711 1526 hoc
1743 1483 1796 1527 ut
1836 1473 1980 1528 solus

401 1554 700 1624 possideam
724 1600 737 1621 ,
769 1559 861 1612 sed
892 1568 947 1611 ut
977 1559 1190 1613 fratrem
1240 1575 1414 1615 meum
1462 1578 1669 1617 mecum
1714 1565 1977 1619 nolentem

400 1647 675 1710 possidere
711 1650 1042 1702 convincam.
1089 1651 1223 1704 Ecce
1251 1652 1459 1705 tabulas
1479 1695 1492 1712 .
1543 1652 1739 1707 frater:
1766 1653 1981 1708 Postulo

399 1753 433 1788 α
455 1753 533 1790 me
550 1778 565 1801 ,
593 1737 779 1807 inquit,
804 1750 849 1791 et
886 1739 1014 1791 dabo
1039 1739 1126 1793 tibi
1150 1751 1318 1811 gentes
1350 1742 1692 1796 luereditatem
1733 1754 1900 1810 tuam,
1935 1754 1981 1798 et

400 1830 760 1895 possessionem
783 1840 917 1883 tuam
938 1832 1063 1899 ﬁnes
1087 1842 1248 1885 terraz.
1281 1834 1489 1888 Christo
1517 1834 1714 1889 dictum
1742 1849 1843 1890 est.
1872 1837 1980 1891 No-

403 1920 483 1973 bis
503 1934 630 1989 ergo
649 1920 846 1974 dictum
868 1929 976 1987 est,
1000 1923 1120 1991 quia
1146 1922 1344 1977 Christi
1367 1926 1599 1979 membra
1618 1942 1819 1981 sumus.
1845 1928 1979 1994 Quid

401 2013 572 2067 curris
600 2013 652 2067 ln
685 2015 873 2082 parte?
901 2024 991 2068 aut
1019 2017 1142 2085 quid
1170 2033 1413 2072 remanes
1444 2018 1494 2072 in
1525 2020 1712 2089 parte?
1741 2020 1876 2075 Ecce
1904 2032 1983 2075 to-

402 2113 513 2156 tum
546 2114 665 2159 tene
694 2106 831 2174 quod
861 2107 911 2160 in
941 2107 1151 2161 tabulis.
1180 2109 1385 2176 Qumris
1411 2110 1547 2165 inter
1565 2126 1720 2181 quem
1748 2121 1800 2168 et
1824 2130 1979 2183 quem

404 2192 696 2259 rossideas,
719 2196 984 2264 quomodo
1008 2197 1178 2251 solent
1199 2198 1560 2253 instrumentis
1584 2203 1746 2270 quteri
1773 2218 1982 2271 posses-

402 2297 573 2348 sores,
607 2284 744 2338 inter
764 2300 897 2354 quos
935 2287 1040 2340 sint
1068 2289 1270 2343 afﬁnes.
1290 2291 1391 2357 Qui
1422 2290 1512 2346 tibi
1540 2293 1683 2347 dedit
1712 2309 1897 2350 omnes
1922 2298 1983 2350 fi-

404 2386 519 2433 nes,
548 2374 719 2428 nullos
738 2375 941 2429 dimisit
965 2376 1170 2431 affines.

472 2463 526 2516 5.
554 2461 912 2520 Testimonium
932 2484 1024 2537 pro
1047 2469 1298 2524 catholica
1321 2471 1563 2528 Ecclesia.
1586 2477 1740 2529 Aliud
1759 2480 1981 2533 testimo-

402 2555 563 2608 nium.
601 2556 735 2610 Audi
775 2569 1074 2613 sanctarum
1105 2561 1245 2615 aliud
1280 2564 1635 2619 testimonium
1665 2567 1979 2623 tabularum.

408 2648 482 2701 De
511 2648 733 2702 Domino
760 2648 953 2704 dicitur
970 2651 1182 2706 Christo
1216 2653 1267 2705 in
1295 2653 1459 2723 ﬁgura
1500 2656 1800 2710 Salomonis
1826 2675 1840 2710 :
1868 2656 1981 2711 Do-

402 2738 678 2791 minabitur
704 2756 736 2790 a
762 2741 892 2793 mari
917 2758 1070 2809 usque
1097 2743 1164 2795 ad
1189 2760 1346 2808 mare,
1375 2753 1418 2797 et
1447 2762 1477 2797 a
1497 2748 1706 2813 [lumine
1733 2764 1890 2815 usque
1913 2750 1981 2802 ad

403 2829 641 2883 terminos
668 2831 801 2883 orbis
826 2840 988 2885 terror.
1018 2833 1197 2887 Coram
1215 2834 1303 2888 illo
1322 2837 1579 2905 procident
1600 2838 1872 2909 /Ethi0pes
1891 2884 1904 2907 ,
1936 2853 1983 2895 et

405 2922 598 2975 inimici
618 2925 723 2987 eius
744 2933 929 2978 terram
947 2927 1156 2997 liugent.
1196 2926 1355 2998 Reges
1370 2928 1580 2985 Tharsis
1599 2941 1643 2985 et
1664 2933 1842 2987 insula:
1872 2952 1984 2988 mu-

402 3030 526 3069 nera
544 3014 755 3081 offerent
772 3032 791 3070 :
812 3033 951 3089 reges
974 3017 1195 3072 Arabum
1216 3030 1262 3073 et
1290 3020 1427 3075 Saba
1448 3023 1582 3076 dona
1621 3024 1890 3079 adducent.
1917 3026 1985 3081 Et

405 3103 690 3159 adorabunt
709 3121 822 3160 eum
840 3124 1010 3162 omnes
1031 3126 1169 3179 reges
1190 3119 1334 3164 terra!
1355 3128 1373 3165 :
1395 3129 1563 3167 omnes
1583 3124 1750 3185 gentes
1770 3118 1982 3171 servient

400 3196 498 3249 illi.
525 3194 694 3268 (Psal.
729 3214 871 3259 uxr,
893 3198 1060 3269 8-H).
1079 3200 1300 3268 Quando
1315 3201 1609 3270 dicebatur,
1634 3204 1979 3266 credebatur:

402 3286 616 3354 quando
630 3287 894 3357 impletur,
917 3300 1158 3359 negatur.
1176 3291 1320 3346 Tene
1341 3309 1466 3362 ergo
1482 3310 1686 3348 mecum
1706 3296 1984 3353 hmredita-

404 3387 510 3432 tem
527 3396 556 3433 a
571 3381 699 3434 inuri
714 3381 955 3451 usquead
970 3398 1132 3445 mare,
1153 3393 1243 3438 cta
1264 3384 1495 3450 llunnine,
1518 3387 1715 3441 scilicet
1731 3387 1982 3457 Jordane,

403 3470 493 3524 ubi
511 3480 743 3540 emptum
756 3482 837 3526 est
852 3472 1047 3527 Christi
1066 3475 1445 3544 magisterium.
1467 3492 1633 3547 usque
1648 3478 1710 3531 ad
1729 3481 1983 3534 terminos

403 3562 549 3616 orbis
571 3571 747 3615 teme.
767 3562 943 3629 Quare
967 3580 1069 3617 non
1092 3566 1211 3618 vis?
1231 3566 1404 3633 Quare
1427 3567 1548 3621 huic
1575 3571 1909 3637 promissioni
1930 3582 1984 3625 et

410 3650 728 3718 hmreditati,
753 3652 951 3706 divitiis
976 3654 1101 3713 tuis.
1132 3653 1375 3708 inimicus
1399 3671 1457 3709 es
1481 3657 1506 3709 ἲ
1528 3657 1701 3724 Quare
1731 3676 1833 3713 non
1865 3662 1984 3715 vis?

407 3743 630 3811 Propter
652 3744 949 3797 Donatum?
976 3755 1191 3814 prOpter
1210 3745 1547 3802 Cmcilianum
1570 3750 1594 3802 ?
1614 3751 1741 3818 Quis
1762 3752 1859 3805 fuit
1882 3754 1984 3806 Do-

402 3833 725 3904 uatus?quis
738 3833 1087 3890 Cmcilianus?
1103 3836 1289 3907 Utique
1312 3837 1571 3893 homines.
1596 3842 1650 3895 Si
1676 3842 1819 3908 boni,
1844 3845 1983 3900 bono

404 3937 503 3977 suo
525 3966 540 3988 ,
571 3940 675 3979 non
706 3940 826 3979 meo
853 3944 866 3980 :
894 3941 1021 3997 ergo
1056 3936 1110 3982 et
1135 3928 1177 3981 si
1206 3929 1325 3981 mali
1347 3970 1360 3993 ,
1392 3931 1531 3984 malo
1561 3946 1676 3997 suo,
1710 3949 1811 3988 non
1841 3952 1977 3990 meo.

403 4014 481 4068 Tu
512 4016 777 4069 Christum
818 4018 998 4087 accipe
1023 4060 1036 4083 ,
1079 4028 1131 4073 et
1161 4021 1420 4074 zelantem
1448 4022 1660 4077 Christo
1690 4026 1805 4093 ejus
1837 4028 1976 4096 Apo-

392 4107 598 4160 stolum
643 4107 891 4162 attende:
923 4108 1184 4175 Numquid
1224 4111 1416 4165 Paulus
1462 4115 1736 4182 cruci/imus
1776 4130 1847 4173 est
1890 4140 1980 4190 pro

402 4198 536 4250 robis
558 4198 583 4251 .’
606 4209 690 4250 aut
717 4200 766 4252 in
797 4201 996 4254 nomine
1022 4200 1175 4255 Pauli
1215 4202 1456 4273 baptizati
1493 4208 1650 4260 estis?
1695 4208 1760 4263 Ut
1805 4223 1979 4267 autem

402 4288 503 4341 hoc
525 4290 725 4344 diceret
750 4331 766 4353 ,
811 4291 927 4345 vide
952 4292 1073 4359 quid
1103 4292 1308 4347 horruit
1339 4312 1351 4347 :
1385 4294 1738 4366 Unusquisque
1767 4314 1979 4355 vestrum

400 4379 542 4441 dicit,
578 4378 686 4448 Ego
712 4381 911 4449 quidem
940 4397 1052 4435 sum
1079 4381 1262 4445 Pauli,
1308 4400 1402 4453 ego
1441 4397 1606 4439 autem
1644 4390 1826 4459 Apollo
1848 4435 1861 4455 ,
1890 4411 1979 4463 ego

399 4486 515 4523 vero
555 4470 769 4540 (Iephte,
802 4488 893 4542 ego
917 4484 1082 4527 autem
1106 4472 1312 4528 Christi.
1359 4476 1558 4531 Divisns
1598 4492 1670 4534 est
1707 4482 1931 4537 Christus
1954 4486 1980 4538 ἔ)

405 4557 668 4627 Numquid
718 4560 911 4617 Paulus
942 4580 1032 4633 pro
1061 4565 1193 4619 vobis
1220 4568 1489 4635 cruri/iras
1519 4571 1639 4623 est?
1667 4582 1755 4625 aut
1799 4575 1849 4627 in
1888 4593 1979 4629 no-

400 4654 535 4705 mine
563 4652 717 4707 Pauli
743 4656 983 4724 baptizati
1003 4657 1161 4731 estis(
1190 4659 1206 4712 1
1235 4659 1351 4713 Cor.
1398 4676 1434 4725 l,
1472 4662 1535 4715 l2
1556 4673 1600 4714 et
1633 4664 1715 4733 l5)
1739 4664 1762 4718 ’ἶ
1788 4664 1840 4720 Si
1871 4684 1974 4721 non

402 4748 453 4796 in
487 4746 699 4800 nomine
727 4747 873 4801 Pauli
899 4790 914 4811 ,
948 4751 1116 4804 multo
1144 4752 1318 4805 minus
1350 4753 1400 4806 in
1433 4755 1645 4809 nomine
1674 4757 1973 4823 Ca'ciliani;

401 4837 568 4889 multo
608 4838 851 4905 amplius,
880 4849 933 4893 et
958 4842 1123 4894 multo
1169 4844 1379 4897 minus'
1414 4846 1463 4898 in
1512 4848 1722 4903 nomine
1764 4851 1972 4905 Donati.

402 4926 473 4981 Et
495 4938 666 4983 tamen
693 4929 866 4984 adhuc
894 4942 1010 4999 post
1039 4934 1355 4999 apostolieas
1376 4952 1552 5000 voces,
1586 4950 1700 5007 post
1728 4941 1975 4998 Ecclesia:

401 5019 812 5075 declarationem
844 5030 896 5073 et
938 5032 1046 5074 toto
1095 5023 1289 5075 munda
1332 5026 1692 5081 dilatatioucm
1719 5072 1732 5093 ,
1782 5031 1977 5087 dicitur

405 5111 552 5176 mihi,
581 5111 693 5166 Non
717 5112 923 5167 dimitto
951 5115 1231 5184 Donatum,
1263 5134 1364 5170 non
1384 5119 1588 5173 dimitto
1617 5125 1793 5177 nescio
1818 5142 1973 5195 quem

409 5201 586 5258 ilaium
613 5246 626 5269 ,
675 5205 891 5260 Lucium
922 5206 943 5237 '
970 5247 986 5272 ,
1017 5206 1420 5263 Parmeniauum
1451 5227 1465 5274 ;
1528 5214 1670 5268 mille
1724 5218 1934 5272 nomina
1956 5263 1971 5286 ,

404 5297 543 5351 mille
561 5299 836 5352 scissuras.
861 5298 1101 5354 Privabis
1127 5310 1198 5366 te,
1224 5303 1493 5372 sequendo
1515 5303 1805 5373 hominem,
1831 5317 1971 5365 tanta

465 5474 634 5543 latter,-
662 5474 828 5543 verba,
874 5472 923 5523 in
966 5474 1152 5525 nomine
1184 5474 1452 5543 (militari,
1496 5476 1643 5543 multo
1677 5479 1886 5543 amplius
1927 5489 1974 5532 et

399 5532 547 5582 multo
568 5534 740 5590 minus.
764 5538 937 5585 aiisuut
958 5550 985 5584 a
1011 5544 1110 5584 vss.
1136 5535 1407 5587 Colbertitto
1426 5532 1478 5588 et
1503 5540 1755 5589 Victorino.

464 5598 483 5625 ³
515 5596 671 5653 sirm,
696 5606 889 5655 (arma,
925 5596 1131 5661 Lucium.
1167 5600 1439 5661 tegendum
1464 5600 1654 5649 videtur
1676 5602 1859 5661 auiam,
1887 5615 1973 5655 Lu-

399 5654 560 5725 cium;
604 5670 714 5714 qua:
750 5654 1028 5720 pronOmiua
1063 5667 1187 5725 sunt
1210 5654 1321 5721 poni
1361 5660 1623 5725 smmum
1646 5654 1858 5725 (μιΊὶιωὶ
1883 5654 1970 5715 ho-

398 5720 545 5774 mine,
575 5727 621 5765 ut
647 5732 718 5780 sa,
736 5731 787 5766 ra
812 5734 858 5766 tn
883 5732 1107 5769 sermone
1141 5720 1334 5783 £2,7cap.
1364 5722 1409 5780 3,
1438 5737 1483 5769 n.
1511 5720 1555 5770 Ti.

1636 323 1694 377 S.
1734 319 2101 379 AUGUSTINI
2140 322 2441 380 EPISCOPI

3537 339 3673 394 l38$

2095 458 2400 516 hzereditatc
2421 504 2436 527 ,
2477 462 2542 517 de
2576 463 2676 533 qua
2709 464 2865 520 modo
2889 465 3117 531 audisti,
3152 465 3194 520 Α
3244 468 3373 521 mari
3409 486 3564 535 usque
3600 473 3669 524 ad

2090 569 2258 618 mare,
2292 570 2322 604 a
2342 554 2549 622 ﬂumine
2576 571 2731 623 usque
2754 556 2823 609 ad
2847 567 3081 612 terminos
3108 557 3241 611 orbis
3262 560 3454 613 terror?
3495 560 3672 626 Quare

2088 645 2231 699 illam
2263 661 2367 700 non
2387 649 2571 701 tenes?
2597 648 2726 715 Quia
2745 648 3013 704 hominem
3035 666 3199 703 amas.
3226 651 3362 718 Quid
3387 662 3467 706 est
3485 652 3667 715 homo.

2088 736 2190 791 nisi
2216 737 2407 791 animal
2437 738 2696 794 rationale
2726 740 2917 794 factum
2946 741 3012 795 de
3041 742 3224 795 terra?
3256 742 3379 797 ldeo
3405 758 3533 812 ergo
3562 745 3666 798 ini-

2088 825 2257 879 micus
2300 842 2390 890 es,
2418 828 2539 897 quia
2585 836 2777 883 terram
2828 830 3003 900 lingis.
3052 832 3273 901 Despice
3324 832 3425 887 hoc
3472 836 3645 902 potius

2088 913 2203 969 Noli
2230 915 2429 986 lingere
2457 926 2673 983 terram,
2704 929 2760 973 ut
2785 935 2933 990 spem
2965 935 3129 989 ponas
3162 922 3212 975 in
3248 938 3367 977 eum
3408 924 3496 993 qui
3544 923 3667 978 fecit

2086 1008 2279 1062 caelum
2307 1019 2360 1064 ct
2387 1019 2599 1064 terram.
2626 1010 2750 1066 ιιωο
2770 1027 2893 1081 spes
2920 1023 3100 1066 nostra
3126 1054 3140 1077 ,
3174 1013 3289 1068 lucc
3336 1015 3662 1068 testimonia.

2092 1096 2223 1152 Deus
2244 1100 2447 1152 deorum
2471 1100 2717 1155 Dominus
2741 1102 2934 1157 locutus
2958 1114 3049 1168 est,
3078 1113 3124 1157 et
3144 1105 3334 1159 vocavit
3359 1114 3543 1158 terram
3568 1148 3583 1171 ,
3628 1124 3660 1159 a

2083 1187 2205 1242 solis
2230 1200 2341 1242 ortu
2367 1207 2522 1261 usque
2548 1191 2615 1243 ad
2634 1208 2862 1245 occasum
2886 1191 2905 1265 (
2934 1191 3075 1246 Psal.
3108 1209 3231 1249 1'th
3253 1235 3268 1257 ,
3303 1196 3323 1249 l
3415 1194 3534 1249 Noli
3579 1211 3664 1251 re-

2084 1295 2301 1335 manere
2327 1281 2376 1334 in
2406 1290 2543 1335 terra
2569 1324 2583 1345 ,
2614 1281 2706 1336 sed
2736 1298 2841 1352 quo
2872 1292 3055 1337 vocata
3083 1293 3164 1338 est
3195 1294 3355 1338 terra.

2155 1371 2207 1425 4.
2236 1371 2467 1426 Charitas
2493 1373 2649 1426 latum
2678 1374 2989 1441 mandatum,
3013 1393 3110 1441 quo
3140 1394 3241 1446 pax
3267 1379 3653 1450 redintegratur.

2085 1462 2151 1518 Et
2180 1464 2297 1534 quis
2326 1474 2500 1533 potest
2532 1465 2601 1519 ibi
2645 1468 2822 1520 omnia
2851 1466 2917 1521 de
2962 1469 3152 1522 tabulis
3198 1472 3396 1524 sanctis
3444 1486 3662 1539 posses-

2084 1556 2251 1611 sionis
2295 1557 2449 1625 hujus
2498 1558 2797 1612 testimonia
2846 1560 3113 1613 recitare?
3163 1561 3337 1628 Quare
3383 1578 3510 1632 ergo
3556 1580 3660 1616 non

2084 1657 2467 1701 convertuntur
2506 1648 2570 1701 ad
2600 1648 2892 1703 Ecclesiam
2912 1691 2927 1715 ,
2972 1648 3072 1704 nisi
3102 1651 3223 1720 quia
3264 1651 3429 1720 ipsius
3454 1662 3536 1707 est
3561 1670 3663 1708 vox

2086 1737 2359 1799 Ecclesizr,
2392 1736 2756 1793 Convertuntur
2783 1744 2850 1792 ad
2877 1757 2955 1792 me
2979 1742 3066 1810 qui
3094 1742 3267 1795 timent
3293 1751 3338 1795 te
3356 1785 3371 1809 ,
3402 1753 3448 1796 et
3475 1760 3663 1814 cogno-

2085 1838 2227 1881 scant
2259 1828 2540 1881 testimonia
2569 1830 2703 1884 tua?
2742 1829 2884 1884 Vidit
2926 1830 3026 1886 hoc
3064 1832 3302 1895 Ecclesia
3322 1874 3335 1895 ,
3365 1834 3505 1903 quod
3532 1835 3665 1889 dixit

2087 1917 2139 1971 in
2171 1916 2382 1972 Psalmo
2410 1936 2423 1972 :
2456 1918 2615 1972 modo
2658 1918 2916 1983 audistis;
2967 1922 3199 1975 recentia
3246 1931 3369 1976 sunt
3404 1923 3561 1977 verba
3608 1924 3660 1977 in

2085 2009 2301 2063 auribus
2342 2018 2395 2063 et
2437 2009 2686 2063 cordibus
2727 2011 2939 2065 vestris.
3000 2011 3178 2065 Omnis
3220 2014 3661 2066 consummationis

2086 2098 2189 2150 vidi
2239 2100 2411 2166 ﬁnem.
2480 2097 2615 2165 Quid
2659 2108 2779 2165 cst,
2839 2097 3015 2152 Omnis
3066 2102 3510 2154 consummationis
3560 2102 3665 2155 vidi

2092 2190 2286 2258 ﬁnem?
2330 2188 2812 2243 Consununationis
2841 2188 3212 2259 perfectionis,
3260 2208 3364 2245 non
3407 2207 3661 2246 consum-

2090 2281 2284 2350 ptionis
2325 2298 2338 2333 :
2383 2281 2485 2333 vidi
2538 2281 2695 2335 finem
2747 2281 3124 2351 perfectionis,
3177 2300 3284 2338 non
3334 2285 3657 2338 abolitionis.

2090 2368 2267 2425 Omnis
2295 2372 2733 2425 consummationis
2764 2371 2864 2425 vidi
2892 2374 3063 2440 ﬁnem.
3110 2374 3238 2440 Quis
3264 2382 3343 2427 est
3370 2374 3466 2427 istc
3497 2376 3664 2428 ﬁnis?

2090 2459 2272 2514 Latum
2314 2463 2603 2514 mandatum
2648 2472 2788 2515 tuum
2830 2461 2974 2516 valde
3007 2460 3175 2533 (Psal.
3204 2479 3395 2528 cxvttt,
3431 2464 3517 2529 79,
3546 2465 3657 2533 96).

2088 2550 2236 2604 Finis
2281 2552 2420 2605 enim
2476 2552 2713 2620 prtccepti
2759 2562 2872 2615 est,
2934 2554 3042 2621 jam
3092 2568 3183 2606 vos
3240 2554 3399 2608 dicite
3451 2570 3659 2609 mecum

2088 2642 2154 2706 (a
2199 2641 2391 2709 populo
2435 2642 2779 2695 acclamatum
2811 2641 2947 2711 cst),
2993 2643 3212 2697 eharitas
3253 2645 3315 2697 de
3351 2646 3501 2697 corde
3535 2663 3662 2716 puro

2089 2729 2129 2797 (Ι
2162 2729 2292 2783 Tim.
2323 2745 2358 2792 ι,
2392 2729 2470 2798 5).
2517 2729 2717 2783 Omnes
2746 2728 2987 2796 dixistis,
3019 2733 3159 2801 quod
3189 2748 3292 2786 non
3339 2735 3664 2790 infructuose

2087 2835 2299 2890 semper
2325 2820 2563 2873 audistis.
2615 2819 2761 2873 Finis
2791 2822 3027 2891 prwcepti
3050 2832 3123 2877 est
3165 2824 3385 2877 charitas
3414 2825 3476 2879 de
3513 2826 3664 2879 corde

2066 2908 2235 2979 'puro.
2284 2912 2430 2965 Finis
2455 2952 2467 2974 ,
2508 2926 2613 2981 quo
2641 2911 2974 2981 perficiatur,
3008 2930 3110 2966 non
3138 2931 3242 2982 quo
3278 2918 3658 2972 consumimur.

2087 3001 2193 3056 Iste
2224 3002 2341 3056 linis
2387 3001 2524 3054 latus
2555 3011 2668 3066 est,
2712 3003 2831 3071 quia
2863 3002 3165 3058 mandatum
3200 3005 3289 3059 Det
3321 3017 3399 3061 est
3420 3049 3434 3070 ,
3463 3005 3529 3062 de
3557 3024 3662 3078 quo

2088 3090 2284 3145 dictttm
2316 3099 2417 3157 est,
2450 3091 2634 3144 Latum
2661 3092 2955 3145 mandatum
2981 3103 3119 3146 tuum
3152 3094 3315 3151 valde.
3355 3094 3659 3153 Mandatum

2090 3198 2270 3234 norum
2306 3181 2370 3233 do
2406 3182 2575 3247 vobis,
2622 3192 2674 3234 ut
2710 3199 2796 3235 vos
2833 3182 3043 3236 invicem
3080 3186 3300 3255 diligatis
3343 3186 3517 3258 (Joan.
3546 3206 3657 3253 xm,

2089 3269 2201 3341 54).
2234 3270 2367 3325 Vide
2393 3272 2721 3326 latitudinem
2757 3273 2987 3327 mandati
3017 3274 3191 3343 hujus.
3226 3276 3323 3332 Ubi
3356 3279 3514 3332 latum
3544 3284 3660 3335 est?

2089 3362 2341 3429 numquid
2389 3363 2439 3415 in
2484 3362 2687 3418 carne?
2733 3363 2789 3417 lu
2833 3364 2996 3418 corde
3033 3367 3225 3434 potius.
3279 3368 3407 3421 Nam
3440 3371 3484 3423 si
3514 3381 3567 3425 et
3608 3373 3658 3426 in

2088 3468 2247 3505 carne
2279 3453 2440 3505 latum
2472 3462 2645 3519 esset,
2678 3453 2944 3508 auditores
2973 3455 3229 3522 studiosi,
3259 3461 3527 3527 angustias
3554 3478 3658 3515 non

2091 3546 2423 3615 pateremini.
2478 3546 2529 3603 In
2559 3546 2720 3600 corde
2747 3548 2907 3600 latum
2937 3556 3038 3601 est.
3090 3547 3187 3603 Ubi
3220 3549 3379 3602 latum
3411 3561 3492 3605 est
3517 3553 3659 3614 vide.

2088 3638 2131 3689 si
2165 3637 2232 3690 sit
2278 3637 2416 3692 unde
2444 3638 2621 3693 videas
2644 3681 2657 3702 ,
2703 3647 2757 3692 et
2801 3638 2923 3693 hinc
2969 3640 3088 3694 audi
3116 3643 3461 3710 Apostolum,
3502 3663 3657 3714 quam

2087 3727 2249 3780 latum
2291 3737 2373 3781 est
2404 3728 2705 3783 mandatum
2745 3730 3037 3786 charitatis.
3084 3733 3315 3788 Charitas
3355 3746 3522 3789 autent
3570 3737 3661 3791 Dei

2088 3816 2274 3885 di/fusa
2301 3827 2371 3871 est
2415 3820 2466 3871 in
2504 3820 2736 3872 cordibus
2761 3823 2935 3876 vestris
2963 3821 3137 3891 (Rom.
3169 3841 3223 3889 v,
3256 3825 3333 3893 5).
3363 3826 3477 3880 Non
3506 3828 3656 3891 dixit,

2090 3909 2291 3963 Inclusa
2319 3926 2331 3971 ;
2365 3908 2479 3971 sed,
2514 3908 2717 3976 di/Iusa.
2746 3910 2973 3964 Verbum
3002 3914 3140 3966 enim
3164 3916 3301 3985 quod
3332 3926 3413 3970 est
3440 3918 3655 3981 inclusa,

2086 4000 2239 4067 quasi
2269 4000 2537 4069 angustias
2565 4010 2717 4052 sonat
2750 4017 2763 4052 :
2801 4001 2939 4069 quod
2967 4012 3049 4054 est
3075 4002 3262 4071 diffusa
3282 4044 3297 4069 ,
3330 4005 3658 4062 latitudinem

2088 4089 2338 4142 insinuat.
2387 4088 2569 4143 Latum
2595 4105 2723 4160 ergo
2753 4090 3044 4143 mandatum
3073 4102 3212 4144 tuum
3240 4093 3403 4148 valde.
3438 4097 3661 4153 Domine

2090 4180 2226 4233 Deus
2257 4189 2455 4245 noster,
2490 4181 2720 4252 approba
2750 4182 2866 4252 quia
2896 4192 3110 4251 propter
3136 4184 3301 4252 ipsam
3330 4185 3656 4244 latitudinem

2087 4270 2276 4326 fratres
2329 4281 2540 4326 nostros
2594 4272 2657 4325 ad
2721 4273 3107 4340 possessionem
3162 4276 3304 4343 pacis
3354 4277 3657 4338 invitamus.

2088 4361 2331 4432 Episcopi
2364 4364 2519 4415 vultis
2548 4365 2709 4416 esse?
2739 4362 3016 4417 Nobiscum
3046 4374 3239 4420 estote.
3272 4365 3384 4421 Non
3417 4370 3527 4424 vult
3560 4387 3657 4439 po-

2085 4454 2241 4521 pulus
2260 4453 2392 4507 duos
2418 4454 2709 4522 episcopos.
2738 4454 3020 4511 Nobiscum
3053 4458 3101 4510 in
3131 4457 3440 4514 ha-reditate
3467 4461 3660 4520 fratres

2084 4554 2273 4598 estote.
2307 4544 2419 4597 Non
2450 4555 2661 4613 propter
2690 4546 2918 4600 honores
2946 4560 3153 4601 nostros
3190 4550 3536 4618 impediauius
3565 4570 3657 4620 pa-

2083 4651 2197 4689 cem
2230 4636 2443 4690 Christi.
2492 4636 2659 4701 Quem
2692 4637 2943 4691 honorem
2990 4639 3039 4691 iu
3080 4640 3283 4694 cmlesti
3332 4656 3457 4711 pace
3502 4658 3656 4697 aere-

2082 4726 2222 4793 pturi
2254 4740 2436 4779 sumus
2461 4768 2475 4788 ,
2521 4726 2565 4779 si
2613 4727 2866 4781 honorem
2916 4737 3149 4782 nostrum
3191 4744 3328 4783 nunc
3366 4732 3415 4785 in
3449 4741 3654 4787 terrena

2084 4815 2173 4869 lite
2203 4814 2589 4870 defendamus?
2632 4816 2873 4870 Tollatur
2920 4819 3091 4886 paries
3128 4821 3358 4883 erroris,
3405 4831 3454 4875 et
3499 4824 3657 4878 simul

2081 4907 2266 4959 simus.
2300 4906 2542 4974 Agnosce
2585 4922 2671 4961 uie
2713 4908 2928 4961 fratrem
2969 4925 2980 4959 :
3026 4924 3254 4977 agnosco
3298 4918 3348 4963 te
3392 4910 3603 4965 fratrem
3643 4932 3654 4966 :

2081 4996 2173 5049 sed
2205 5006 2426 5064 excepto
2452 4996 2734 5051 schismate
2759 5038 2772 5059 ,
2809 5008 3031 5067 excepto
3056 5014 3266 5063 errore,
3300 5009 3516 5069 excepta
3544 5002 3656 5057 dis-

2081 5089 2350 5144 sensione.
2411 5088 2534 5143 Ilmc
2577 5090 2905 5157 corrigatur,
2952 5099 3003 5142 ct
3046 5105 3194 5143 meus
3235 5104 3311 5143 cs.
3362 5093 3549 5145 Annon
3580 5094 3656 5148 vis

2080 5194 2196 5243 esse
2229 5179 2419 5233 meus?
2461 5180 2589 5249 Ego,
2622 5180 2663 5231 si
2696 5188 2745 5232 te
2772 5181 3025 5248 corrigas,
3056 5181 3176 5234 volo
3199 5196 3316 5235 esse
3344 5192 3483 5237 tuus.
3516 5183 3653 5252 Ergo

2081 5270 2288 5323 sublato
2328 5286 2506 5322 errore
2532 5268 2599 5323 de
2627 5270 2831 5332 medio,
2883 5278 3127 5338 tanquam
3179 5273 3376 5340 pariete
3408 5274 3648 5327 maceria:

2079 5360 2512 5414 contradictionis
2541 5370 2594 5414 et
2622 5360 2917 5425 divisionis,
2948 5372 3064 5415 esto
3092 5364 3251 5417 frater
3277 5379 3441 5425 meus,
3471 5375 3521 5417 et
3549 5381 3647 5433 ego

2080 5452 2177 5504 siin
2208 5450 2372 5505 frater
2403 5460 2542 5512 tuus.
2578 5460 2633 5505 ut
2660 5452 2817 5505 ambo
2844 5452 3009 5506 simus
3036 5453 3150 5523 ejus
3179 5456 3266 5524 qui
3300 5454 3547 5509 DOlllllllls
3574 5466 3654 5510 est

2080 5550 2133 5595 ct
2159 5556 2327 5605 meus,
2358 5551 2412 5596 et
2441 5552 2579 5595 tuus.

2148 5632 2202 5685 5.
2234 5630 2479 5685 Catholici
2506 5649 2605 5701 quo
2637 5633 2805 5686 animo
2835 5635 3035 5687 veniunt
3068 5634 3136 5686 ad
3162 5635 3495 5689 collationem.
3548 5638 3655 5691 lloc

2082 5721 2307 5775 dicimus
2337 5739 2516 5775 amore
2553 5724 2693 5793 pacis
2718 5763 2733 5789 ,
2782 5740 2883 5776 non
2925 5724 3212 5779 difdelentia
3243 5728 3493 5781 veritatis.
3547 5727 3653 5783 lict:
