4026 6186
375 338 517 395 1589

375 452 519 503 enim
550 447 919 518 rescripsimus
940 489 956 513 ,
1003 447 1107 505 hoc
1135 446 1463 518 propositum
1504 445 1706 517 legistis
1742 446 1953 519 (Epistt.

380 536 480 592 128
504 547 552 591 et
581 536 742 608 129);
771 539 892 608 quia
918 552 1133 593 causam
1163 537 1538 593 conferendam
1566 552 1667 591 non
1700 538 1948 607 fugimus,

380 630 486 682 into
529 637 584 683 ut
608 627 913 682 conferatur
941 629 1233 694 instamus;
1275 635 1335 681 ut
1361 642 1481 682 cum
1518 628 1953 681 demoustravero

379 720 802 787 lossessionem,
840 719 918 774 sic
958 734 1077 773 cum
1120 718 1212 772 illo
1253 719 1639 774 communicem
1671 717 1952 773 haeredita-

380 819 509 863 tem.
560 808 860 880 intrepidus
914 809 1127 874 veniat,
1175 823 1397 863 securus
1459 809 1666 871 veniat,
1714 808 1901 862 doctus
1930 808 1945 837 ¹

378 899 555 952 veniat
597 916 611 951 :
662 898 790 952 nolo
839 899 1151 952 auctoritate
1202 897 1567 968 praejudicare.
1632 897 1947 965 Aperiamus

374 989 559 1043 oculos
600 987 667 1041 ad
715 988 863 1042 illum
905 988 995 1058 qui
1038 1003 1223 1043 errare
1260 1004 1364 1042 non
1414 996 1588 1058 potest
1628 1006 1641 1043 :
1692 987 1806 1057 ipse
1849 1001 1946 1043 nos

372 1078 564 1132 doceat
609 1094 729 1147 qua:
766 1077 836 1132 sit
879 1078 1133 1133 Ecclesia.
1185 1077 1425 1133 Audistis
1468 1079 1767 1132 testimonia
1807 1078 1944 1147 ejus.

372 1170 487 1224 Non
532 1184 651 1225 eam
699 1171 1063 1225 contaminant
1110 1169 1338 1224 humana
1366 1170 1587 1235 delicta,
1639 1186 1796 1241 quam
1838 1185 1942 1225 non

371 1264 596 1316 redemit
618 1263 847 1316 humana
870 1263 1093 1331 justitia.
1118 1262 1185 1316 Et
1210 1271 1405 1326 tamen,
1428 1277 1547 1316 cum
1570 1262 1668 1315 alia
1695 1264 1763 1316 sit
1787 1276 1944 1316 causa

369 1352 662 1416 Ecclesiae,
712 1351 815 1406 alia
860 1351 1165 1419 hominum,
1215 1361 1270 1406 et
1309 1352 1526 1406 omnino
1568 1351 1812 1407 distincta
1851 1354 1937 1417 sit,

368 1459 465 1497 nec
495 1442 769 1496 hominum
800 1457 1013 1497 causam
1054 1442 1397 1497 formidamus
1418 1484 1433 1508 ,
1477 1457 1612 1511 quos
1654 1458 1943 1497 accusave-

365 1545 491 1590 runt
514 1544 568 1589 et
593 1536 911 1590 convincere
937 1552 1040 1589 non
1072 1544 1372 1605 potuerunt.
1398 1535 1655 1605 Purgatos
1676 1536 1938 1600 novimus,

368 1642 619 1701 purgatos
646 1631 891 1701 legimus.
937 1631 1038 1698 Qui
1067 1630 1111 1684 si
1140 1645 1244 1683 non
1271 1638 1450 1684 essent
1478 1630 1681 1700 purgati
1706 1670 1722 1690 .
1751 1645 1855 1684 non
1886 1630 1938 1683 iu

364 1738 523 1777 causa
547 1738 733 1776 eorum
758 1722 1051 1777 Ecclesiam
1078 1721 1475 1787 constituerem,
1499 1736 1600 1776 nec
1622 1721 1937 1775 mdilicarem

364 1827 528 1882 super
564 1827 817 1876 arenam,
862 1820 915 1865 et
960 1810 1242 1880 dejicerem
1283 1810 1350 1865 de
1393 1822 1562 1880 petra.
1613 1810 1747 1877 Quia
1791 1826 1939 1880 super

361 1904 494 1955 Itane
532 1915 759 1972 petram,
804 1902 1006 1971 inquit,
1055 1900 1317 1968 a’diﬁcabo
1346 1900 1624 1955 Ecclesium
1652 1917 1845 1966 means,
1892 1911 1939 1955 et

361 2005 524 2061 parte
562 1993 843 2063 inferorum
887 2009 987 2046 non
1036 1992 1234 2045 vincent
1278 2007 1389 2045 eam
1434 1992 1641 2061 (Matth.
1672 2008 1789 2055 xw,
1822 1990 1939 2063 1-8).¹

360 2085 516 2140 Petra
544 2094 720 2140 autem
748 2084 1141 2139 eratChristus.
1174 2082 1435 2153 Numquid
1459 2082 1653 2138 Paulus
1681 2101 1773 2154 pro
1798 2084 1936 2138 vobis

358 2177 632 2243 cruciﬁxus
657 2185 728 2230 est
749 2174 780 2227 ?
819 2175 929 2229 Hoc
954 2182 1159 2242 tenete,
1201 2173 1301 2228 hoc
1330 2182 1532 2242 amate,
1578 2174 1677 2229 hoc
1704 2175 1936 2229 fraterne

358 2275 414 2319 et
445 2266 672 2333 paeilice
684 2264 863 2319 dicite.

430 2358 481 2412 6.
515 2359 676 2429 Rogat
698 2374 759 2411 ne
779 2359 1040 2428 quisquam
1065 2360 1126 2411 de
1152 2358 1292 2428 plebe
1318 2358 1480 2411 irruat
1506 2359 1558 2411 in
1585 2358 1751 2413 locum
1776 2359 1935 2412 colla-

361 2449 539 2501 tionis.
589 2448 669 2501 Ad
707 2448 1000 2502 collationis
1043 2448 1217 2502 locum
1263 2449 1439 2503 nullus
1473 2460 1706 2503 vestrum
1746 2449 1932 2513 irruat,

360 2540 555 2595 fratres
583 2540 707 2595 mei.
753 2540 995 2604 Prorsus,
1027 2540 1070 2594 si
1100 2539 1215 2595 ﬁeri
1246 2549 1449 2609 potest,
1479 2542 1637 2595 etiam
1666 2556 1759 2611 per
1784 2541 1933 2596 illum

360 2631 532 2683 locum
562 2630 844 2685 transitum
872 2629 1134 2694 devitate,
1167 2645 1236 2685 ne
1262 2630 1393 2684 forte
1416 2631 1605 2699 aliquis
1632 2631 1933 2685 contentio-

362 2722 440 2776 nis
463 2732 517 2777 et
542 2723 650 2776 litis
675 2722 857 2776 aditus
898 2722 1216 2787 inveniatur,
1251 2721 1332 2775 vel
1359 2722 1567 2776 occasio
1592 2721 1766 2791 aliqua
1796 2738 1932 2791 pra:-

362 2814 579 2875 beatur.
610 2821 668 2867 et
703 2812 974 2867 inveniant
1012 2812 1180 2881 ipsam
1205 2812 1538 2867 occasionem
1564 2812 1653 2881 qui
1692 2821 1935 2882 qumrunt

361 2904 715 2957 occasionem.
782 2902 1008 2958 Maxime
1065 2902 1311 2972 quoniam
1372 2902 1462 2973 qui
1523 2917 1707 2972 parum
1765 2903 1933 2958 Deum

363 2994 584 3057 timent,
627 3001 718 3047 aut
753 2992 1168 3047 admonitionem
1208 3002 1444 3047 nostram
1493 2993 1635 3061 parvi
1677 2993 1931 3063 pendunt,

359 3087 443 3138 vel
479 3083 605 3153 quia
642 3082 922 3153 praesentia
966 3082 1208 3153 diligunt,
1251 3082 1447 3137 debent
1489 3083 1676 3137 saltem
1705 3092 1933 3138 terrente

359 3173 637 3241 potestatis
675 3174 1010 3249 severitatem
1043 3173 1350 3227 venerari’.
1397 3173 1641 3229 Edictum
1671 3173 1770 3229 viri
1810 3174 1931 3229 illu-

360 3265 486 3318 stris
516 3262 594 3335 (a)
634 3264 844 3333 publice
882 3264 1207 3334 propositum
1253 3262 1456 3333 legistis
1491 3280 1503 3317 :
1545 3264 1687 3334 quod
1715 3264 1931 3334 quidem

354 3374 463 3412 non
511 3368 729 3426 propter
754 3372 847 3411 vos
882 3358 1207 3428 propositum
1246 3364 1329 3411 est
1371 3354 1461 3426 qui
1506 3357 1672 3412 Deum
1713 3358 1930 3426 timetis,

356 3458 410 3501 et
432 3447 905 3501 commonitionem
935 3447 1303 3515 episcoporum
1329 3456 1624 3501 vestrorum
1666 3462 1770 3501 non
1806 3462 1935 3502 con-

362 3537 636 3601 temnitis;
683 3536 775 3590 scd
820 3552 887 3590 ne
925 3536 1045 3606 quis
1086 3537 1181 3590 ista
1210 3552 1314 3590 non
1352 3546 1535 3603 curet,
1569 3554 1636 3593 ne
1673 3539 1792 3608 quis
1835 3539 1931 3593 ista

362 3636 688 3681 contemnat.
734 3626 955 3681 Videant
987 3627 1142 3695 igitur
1165 3628 1346 3697 quales
1372 3636 1497 3682 sunt
1527 3646 1538 3679 :
1572 3644 1638 3682 ne
1668 3629 1801 3683 forte
1832 3629 1931 3683 illis

356 3721 563 3774 eveniat
588 3719 725 3789 quod
754 3722 826 3772 ait
849 3720 1155 3788 Apostolus,
1186 3718 1285 3785 Qui
1307 3720 1441 3773 enim
1466 3720 1649 3773 resistit
1676 3702 1932 3791 potestati,

360 3812 453 3866 Dei
513 3813 823 3866 ordinationi
885 3812 1090 3865 resistit.
1154 3808 1420 3881 Principes
1473 3812 1607 3865 enim
1661 3827 1761 3864 non
1814 3820 1930 3865 sunt

358 3903 565 3955 timendi
588 3902 717 3954 bono
744 3917 912 3970 opere,
940 3900 1032 3954 sed
1055 3901 1189 3953 male
1216 3900 1392 3970 (Rom.
1418 3916 1532 3964 xut,
1558 3900 1594 3953 2
1616 3911 1660 3954 et
1677 3902 1753 3969 5).
1783 3901 1926 3955 Vite-

359 4008 475 4044 mus
525 4006 716 4045 onmes
760 3991 1046 4045 seditiones
1074 4031 1090 4057 ,
1144 4005 1331 4044 onmes
1386 4005 1575 4044 causas
1633 3990 1925 4044 seditionis.

359 4082 516 4136 Forte
544 4082 725 4135 dicitis
755 4098 768 4134 :
800 4080 990 4135 intenti
1021 4095 1203 4135 sumus
1240 4080 1364 4150 quid
1396 4079 1581 4135 facturi
1611 4096 1816 4135 sumus.
1865 4082 1929 4136 Et

355 4173 476 4241 quid
508 4172 658 4226 vobis
698 4170 1069 4241 injungamus?
1097 4171 1280 4225 Partes
1306 4170 1440 4225 forte
1477 4171 1668 4225 uberes
1697 4172 1923 4241 pietatis.

355 4264 462 4317 Nos
504 4264 837 4332 disputemus
884 4279 979 4333 pro
1026 4264 1177 4317 vobis
1215 4279 1228 4315 :
1275 4278 1368 4317 vos
1412 4272 1562 4317 orate
1609 4278 1710 4332 pro
1753 4264 1922 4319 nobis.

357 4356 637 4409 Orationes
676 4354 836 4408 etiam
866 4363 1106 4420 vestras,
1151 4353 1288 4407 sicut
1323 4353 1432 4422 jam
1462 4360 1584 4406 ante
1611 4354 1928 4421 praemonui-

356 4458 493 4508 mus,
517 4443 737 4511 jejuniis
763 4450 816 4496 et
840 4443 1195 4512 eleemosynis
1216 4443 1482 4511 adjuvate.
1508 4443 1699 4497 Addite
1729 4459 1928 4511 pennas

354 4535 491 4600 illis,
518 4536 712 4605 quibus
739 4534 918 4589 volant
954 4535 1020 4589 ad
1050 4536 1234 4589 Deum.
1263 4534 1351 4590 Sic
1376 4545 1593 4605 agentes
1632 4537 1921 4606 negotium,

353 4624 579 4679 fortasse
604 4625 840 4681 utiliores
868 4625 1024 4680 nobis
1051 4626 1221 4692 eritis,
1249 4640 1405 4695 quam
1434 4641 1533 4679 nos
1556 4626 1726 4681 vobis.
1757 4626 1923 4681 Nemo

350 4716 489 4768 enim
520 4724 758 4769 nostrum
786 4714 841 4770 in
880 4716 979 4771 hac
1006 4716 1360 4785 disputatione
1388 4717 1456 4771 de
1481 4731 1539 4771 se
1566 4718 1838 4786 prarsumit
1862 4718 1882 4751 ³
1905 4737 1920 4774 :

351 4804 402 4857 in
436 4805 544 4858 Deo
586 4815 670 4859 est
712 4813 820 4858 tota
866 4821 1007 4875 spes.
1057 4806 1239 4876 Neque
1266 4807 1407 4860 enim
1450 4807 1698 4862 meliores
1740 4822 1923 4863 sumus

349 4896 628 4963 Apostolo,
658 4895 750 4966 qui
782 4896 937 4961 dicit,
967 4896 1128 4953 Orate
1165 4913 1264 4967 pro
1294 4898 1466 4953 nobis.
1517 4898 1703 4965 Orate,
1732 4899 1920 4970 inquit,

410 5109 431 5139 ν
461 5115 544 5158 Is.
569 5106 875 5168 r.,indoaus
902 5106 1074 5160 teniat.

407 5172 428 5201 ²
461 5177 545 5219 IIS.
598 5170 683 5231 cl.,
711 5176 917 5222 terrena
952 5169 1191 5234 potestatis
1231 5169 1397 5221 timore
1447 5170 1756 5221 seteritatem.
1806 5170 1921 5223 Edi-

345 5236 616 5341 αξηῖἶέἓὲ
641 5290 815 5342 eodem
832 5299 911 5342 us.
938 5288 999 5343 cl.
1025 5292 1199 5356 [prose
1219 5290 1503 5357 premunt.)

406 5373 480 5432 (a)
503 5373 557 5436 Idl
568 5383 663 5431 est,
680 5371 936 5422 Marcellini
968 5373 1147 5436 tribuni
1171 5380 1223 5436 et
1245 5374 1433 5432 notarii,
1456 5374 1537 5436 qui
1557 5373 1708 5436 judex
1731 5377 1919 5426 Honorii

344 5434 544 5496 Augusti
574 5436 770 5498 nomine
817 5436 1008 5498 prteiuit
1038 5432 1296 5498 collationi.
1337 5437 1446 5498 Ejus
1475 5432 1661 5498 edicto,
1699 5436 1827 5498 quod
1870 5438 1917 5485 in

343 5495 507 5559 Gestts
542 5496 708 5559 prima:
729 5495 1027 5559 cognitionis
1068 5495 1379 5552 continetur;
1403 5496 1468 5545 de
1499 5495 1797 5559 admouenda
1834 5510 1921 5559 per

345 5555 601 5618 episcopos
638 5555 791 5618 plebe
805 5555 950 5605 inter
985 5564 1163 5618 caetera
1196 5558 1474 5615 cavebatur,
1509 5564 1565 5605 ut
1594 5573 1617 5602 α
1649 5556 1812 5606 nullus
1835 5555 1920 5608 'vel

352 5570 601 5618 episcOpos
675 5570 791 5605 tene
822 5570 950 5605 inter
985 5570 1163 5606 caetera
1196 5570 1474 5615 caveuatur,
1509 5570 1565 5605 ut.
1594 5573 1617 5602 ι
1649 5570 1812 5606 nullus
1840 5570 1920 5608 vet

352 5635 372 5660 ο
571 5570 948 5687 vefepiscows,
1100 5631 1350 5687 numerum
1375 5618 1690 5687 praestitutum
1716 5620 1763 5667 in
1788 5618 1921 5687 illum

352 5696 372 5721 ι
398 5677 852 5741 tranquillissimum
865 5677 1047 5727 concilii
1068 5677 1221 5728 locum
1232 5677 1393 5728 c0ntra
1417 5680 1566 5741 prohil
1587 5680 1704 5729 itum
1728 5679 1920 5731 molire-

351 5755 375 5784 ι
402 5747 480 5787 tur
503 5738 759 5798 accedere,
783 5755 806 5783 ι
838 5746 934 5790 etc.
959 5746 1088 5789 sinu.

1731 334 1960 391 SERMO
1995 332 2258 391 CCCLIX.

3502 350 3635 405 5590

2060 465 2151 515 pro
2189 465 2295 515 me,
2348 459 2399 502 ut
2426 450 2570 505 detur
2597 452 2719 505 mihi
2760 470 2923 508 sermo
2969 454 3183 526 (Ephes.
3213 470 3285 522 Vl,
3318 456 3426 528 19).
3483 459 3631 513 illum

2056 555 2185 608 ergo
2212 556 2304 609 pro
2334 542 2485 596 nobis
2514 544 2727 612 rogetis,
2760 545 2811 599 in
2845 560 2951 617 quo
2979 562 3127 615 spem
3158 562 3449 616 posuimus,
3483 559 3537 603 ut
3564 554 3633 604 de

2056 643 2237 686 nostra
2281 631 2634 703 disputatione
2663 636 2955 706 gaudeatis.
3006 640 3207 695 Teucte
3248 641 3366 705 ista,
3418 642 3629 707 fratres,

2053 720 2395 777 obsecramus
2423 739 2517 778 vos
2547 742 2559 778 :
2592 741 2689 795 per
2714 742 2909 783 nomen
2938 727 3104 797 ipsius
3134 729 3373 796 Domini,
3416 747 3510 801 per
3536 749 3631 786 au-

2052 820 2253 867 ctorem
2283 815 2461 881 pacis,
2505 816 2855 883 plantatorem
2889 820 3032 888 pacis
3055 859 3071 885 ,
3117 820 3427 876 dilectorem
3461 824 3625 890 pacis,

2051 918 2264 957 oramus
2290 919 2385 959 vos
2413 907 2455 971 ί,
2487 916 2544 960 ιιι
2569 922 2690 961 eum
2719 908 2937 977 pacifice
2962 912 3158 975 oretis,
3191 914 3408 981 pacilice
3436 914 3627 983 depro-

2049 995 2243 1049 cemini
2269 1012 2283 1060 ;
2326 1006 2381 1050 et
2407 998 2756 1054 memineritis
2785 1015 2906 1056 esse
2935 1002 3026 1057 lilii
3055 1003 3169 1072 ejus
3190 1045 3205 1070 ,
3234 1021 3261 1058 a
3290 1021 3395 1076 quo
3423 1006 3622 1061 dictum

2049 1098 2130 1141 est
2156 1126 2172 1153 ,
2224 1088 2367 1142 Beati
2420 1090 2658 1160 paciﬁci,
2716 1092 2955 1162 quoniam
3012 1095 3109 1163 ﬁlii
3164 1094 3259 1149 Dei
3317 1097 3624 1152 vocabuntur

2051 1177 2259 1250 (Matth.
2292 1195 2346 1245 γ,
2373 1181 2455 1251 9).

2490 1335 2716 1392 smnio
2754 1336 3040 1393 CCCLIX‘
3076 1339 3174 1411 (a).

2047 1445 2121 1498 De
2150 1463 2204 1499 eo
2234 1447 2368 1515 quod
2395 1448 2636 1516 scriptum
2667 1459 2738 1503 est
2766 1450 2817 1503 in
2847 1450 3222 1515 Ecclesiastico,
3251 1468 3366 1520 cap.
3403 1469 3526 1516 xxv,
3560 1455 3617 1512 2.

2114 1540 2407 1594 Concordia
2447 1539 2690 1605 fratrum,
2722 1552 2775 1596 et
2812 1557 2965 1598 amor
2995 1544 3389 1612 proximorum,
3422 1555 3513 1598 etc.
3544 1544 3619 1599 De

2115 1632 2199 1686 lite
2225 1641 2267 1686 et
2295 1635 2564 1688 concordia
2588 1650 2703 1688 cum
2733 1633 3014 1689 Donatistis
3040 1636 3137 1708 (ὁ).

2490 1770 2685 1820 Habitus
2708 1777 2814 1833 post
2833 1768 3165 1822 collationem.

2112 1900 2161 1948 t.
2194 1894 2315 1949 Tria
2358 1898 2671 1951 excellentia.
2718 1898 3000 1953 Concordia
3026 1916 3175 1966 rara,
3217 1915 3391 1969 quare.
3443 1900 3613 1953 Prima

2040 1985 2195 2040 lectio
2223 1986 2525 2042 divinorum
2556 1988 2887 2057 eloquiorum
2907 2030 2924 2056 ,
2952 1989 3020 2043 de
3045 1989 3182 2045 libro
3208 1990 3295 2059 qui
3324 1988 3617 2060 appellatur

2038 2075 2475 2144 Ecclesiasticus,
2515 2078 2909 2134 commendavit
2943 2080 3096 2135 nobis
3128 2081 3227 2135 tria
3253 2081 3493 2151 qumdatn
3524 2097 3618 2134 ex-

2036 2168 2282 2224 cellentia
2318 2180 2370 2224 et
2412 2171 2839 2228 consideratione
2881 2171 3231 2242 dignissima,
3279 2172 3613 2227 concordiam

2038 2259 2281 2324 fratrum,
2308 2270 2363 2315 et
2390 2275 2623 2315 amorem
2652 2261 3038 2331 proximorum,
3068 2270 3124 2317 et
3150 2262 3319 2315 virum
3344 2276 3408 2316 ac
3430 2261 3616 2316 mulie-

2038 2364 2149 2403 rem
2176 2350 2275 2403 sibi
2302 2351 2717 2404 consentientes.
2750 2350 2892 2404 Bona
2925 2349 3039 2404 lucc
3065 2359 3188 2404 sunt
3216 2350 3395 2419 plane,
3422 2350 3616 2416 jucun-

2035 2438 2101 2494 da
2139 2448 2194 2495 et
2240 2439 2516 2495 laudabilia
2560 2440 2613 2494 in
2659 2440 2817 2494 rebus
2855 2439 3138 2504 humanis;
3188 2439 3296 2494 sed.
3324 2440 3374 2493 iu
3413 2438 3610 2495 divinis

2036 2531 2195 2586 rebus
2225 2531 2389 2587 multo
2425 2531 2745 2602 potentiora.
2791 2531 2921 2600 Quis
2950 2539 3035 2588 est
3061 2531 3202 2588 enim
3232 2533 3317 2603 qui
3357 2547 3462 2586 non
3487 2548 3614 2587 cou-

2034 2625 2230 2694 gaudct
2276 2624 2631 2679 concordibus
2678 2623 2975 2679 fratribus?
3024 2625 3091 2681 Et
3134 2625 3274 2696 quod
3323 2624 3610 2680 dolendum

2035 2723 2111 2772 est
2135 2754 2151 2781 ,
2194 2714 2246 2768 in
2277 2713 2435 2768 rebus
2464 2713 2707 2769 humanis
2732 2722 2839 2770 tam
2869 2730 3055 2786 magna
3090 2731 3178 2771 res
3220 2731 3338 2771 rara
3368 2727 3449 2771 est
3477 2733 3489 2769 :
3524 2731 3610 2769 res

2034 2804 2103 2858 ab
2130 2805 2375 2859 omnibus
2405 2804 2673 2874 laudatur,
2696 2820 2725 2859 a
2753 2806 3083 2876 pauciSsimis
3110 2807 3422 2863 custoditur.
3467 2809 3610 2862 Beati

2038 2893 2127 2964 qui
2174 2895 2225 2949 in
2274 2909 2333 2949 se
2378 2895 2506 2965 ipsis
2543 2897 2966 2965 amplectuntur,
3017 2898 3158 2968 quod
3202 2900 3360 2954 etiam
3401 2900 3453 2953 in
3492 2900 3611 2952 aliis

2036 2984 2257 3041 laudare
2283 2997 2563 3057 coguntur.
2609 2988 2750 3043 Nulli
2788 2989 2977 3044 fratres
3012 3006 3115 3043 non
3151 2990 3366 3046 laudant
3392 3007 3613 3045 concor-

2035 3078 2224 3133 dantes
2254 3079 2462 3135 fratres.
2508 3081 2577 3136 Et
2619 3080 2759 3135 unde
2793 3080 2985 3137 fratres
3009 3083 3303 3138 concordes
3332 3099 3451 3138 esse
3473 3082 3612 3138 diffi-

2035 3170 2136 3224 cile
2178 3170 2299 3225 est'l
2342 3171 2474 3238 Quia
2517 3172 2722 3241 litigant
2762 3171 2829 3227 de
2878 3182 3017 3228 terra
3043 3214 3057 3239 ,
3105 3174 3224 3243 quia
3266 3177 3448 3228 volunt
3491 3190 3611 3229 esse

2037 3273 2197 3317 terra.
2242 3264 2458 3319 Audivit
2492 3265 2633 3319 enim
2662 3264 2730 3318 ab
2772 3264 2920 3318 initio
2951 3273 3195 3333 peccator
3228 3264 3421 3328 homo,
3454 3265 3610 3320 Terra

2032 3370 2125 3421 es,
2161 3356 2289 3408 etin
2321 3364 2504 3409 terram
2532 3355 2626 3407 ibis
2651 3353 2800 3425 (Gen.
2830 3370 2883 3407 ιιι
2904 3396 2917 3419 ,
2950 3355 3060 3423 19).
3092 3354 3243 3411 Unde
3267 3355 3609 3409 discutiamus

2033 3453 2087 3499 et
2115 3453 2512 3512 perscrutetnur
2536 3458 2757 3507 vocem,
2786 3458 2942 3511 quam
2968 3444 3140 3511 justus
3178 3443 3334 3498 debet
3369 3445 3550 3499 audire
3577 3464 3607 3500 a

2032 3534 2321 3587 contrario.
2369 3532 2427 3588 Si
2451 3534 2590 3587 enim
2622 3542 2764 3587 recte
2790 3532 2988 3588 dictum
3016 3544 3097 3587 est
3128 3536 3386 3604 peccaturi
3407 3578 3420 3602 ,
3450 3536 3608 3591 Terra

2032 3641 2116 3691 es,
2148 3636 2192 3678 et
2222 3625 2271 3677 in
2299 3634 2483 3678 (errant
2512 3626 2634 3684 ibis,
2688 3636 2830 3681 recte
2870 3625 3060 3681 dicitur
3084 3628 3227 3697 justo
3247 3671 3260 3692 ,
3290 3629 3496 3687 leum
3525 3647 3605 3694 es,

2031 3726 2084 3771 et
2126 3717 2177 3771 in
2204 3717 2399 3772 uelum
2439 3718 2556 3771 ibis.
2602 3718 2707 3771 Aut
2746 3734 2849 3771 non
2876 3728 2997 3772 sunt
3033 3719 3160 3787 justi
3202 3720 3345 3786 coeli,
3392 3738 3510 3776 cum
3542 3723 3607 3777 de

2034 3807 2386 3877 Evangelistis
2427 3810 2762 3877 apertissime
2806 3810 3002 3865 dicttuu
3042 3812 3149 3876 sit,
3200 3811 3321 3867 Cati
3369 3826 3607 3867 euarraut

2030 3898 2245 3971 gloriam
2274 3897 2417 3952 Dei?
2460 3899 2529 3953 Et
2575 3899 2785 3970 quidem
2830 3902 2953 3969 quia
2991 3901 3059 3956 de
3102 3902 3230 3971 ipsis
3266 3903 3462 3959 dictum
3503 3914 3603 3964 est.

2030 3987 2404 4057 consequentia
2432 3989 2561 4042 satis
2584 3988 2830 4043 edocent.
2858 3989 2923 4043 Et
2949 4006 3124 4060 opera,
3149 3992 3336 4060 inquit,
3364 4010 3604 4046 manuum

2029 4079 2137 4147 ejus
2163 4078 2429 4130 annuntiat
2454 4078 2843 4145 ﬁrmamentum.
2893 4078 3036 4146 Quos
3060 4080 3191 4134 dixit
3227 4082 3392 4137 caelos
3412 4124 3427 4148 ,
3460 4082 3604 4152 ipsos

2029 4168 2162 4221 dixit
2191 4168 2597 4220 firmamentum.
2646 4166 2767 4222 Dies
2795 4168 2892 4221 diei
2922 4178 3110 4221 eructat
3148 4170 3347 4224 verbum
3367 4213 3382 4237 ,
3420 4182 3465 4225 et
3496 4188 3597 4226 no.1:

2029 4258 2161 4310 nocti
2189 4257 2380 4311 indicat
2406 4258 2684 4311 scientiam.
2720 4256 2841 4311 Non
2868 4268 2982 4311 sunt
3012 4258 3225 4329 loquelae
3243 4301 3257 4324 ,
3308 4277 3465 4330 neque
3490 4280 3601 4315 ser-

2028 4366 2227 4415 mones,
2274 4365 2485 4419 Quorum
2528 4366 2628 4402 non
2673 4350 2944 4403 audiantur
2974 4367 3113 4405 t'oces
3158 4368 3348 4407 corum.
3391 4354 3598 4421 Quteris

2027 4456 2252 4509 quorum
2273 4482 2285 4505 ,
2325 4450 2380 4494 et
2407 4457 2510 4495 non
2543 4441 2746 4495 invenis
2777 4442 2874 4495 nisi
2915 4442 3190 4498 cmlorum.
3240 4445 3443 4500 Dictum
3473 4462 3600 4517 ergo

2026 4532 2091 4584 de
2128 4530 2400 4601 Apostolis
2424 4572 2439 4595 ,
2487 4530 2684 4584 dictum
2726 4530 2792 4585 de
2838 4533 3301 4589 annuutiatoribus
3338 4536 3598 4591 veritatis.

2028 4620 2178 4676 Unde
2203 4621 2469 4691 sequitur,
2520 4621 2587 4675 In
2612 4639 2806 4675 omnem
2837 4632 3021 4676 terram
3049 4625 3196 4678 exitit
3224 4642 3374 4680 sonus
3405 4644 3596 4690 corum,

2026 4722 2071 4766 et
2096 4710 2147 4765 in
2174 4712 2300 4780 ﬁnes
2326 4712 2458 4765 orbis
2484 4722 2630 4765 terra!
2653 4710 2798 4765 verba
2824 4728 3017 4765 eorum.
3064 4712 3183 4768 Non
3223 4725 3338 4770 sunt
3364 4716 3594 4788 loqueltc.

2026 4819 2183 4871 neque
2208 4818 2496 4864 sermones,
2540 4818 2753 4871 quorum
2792 4819 2891 4856 non
2933 4806 3206 4859 audiantur
3248 4823 3388 4861 rores
3425 4825 3597 4862 eorum

2027 4895 2194 4964 (Psul.
2228 4909 2352 4947 svnt
2373 4936 2388 4959 ,
2414 4892 2557 4961 2-5).
2589 4893 2811 4961 Quando
2849 4896 2898 4948 iu
2927 4914 3019 4949 eos
3047 4898 3189 4952 venit
3213 4899 3441 4968 Spiritus
3470 4917 3595 4955 san-

2023 4996 2174 5048 ctus,
2225 4994 2278 5039 et
2319 4984 2479 5053 coepit
2508 4984 2646 5037 Deus
2692 4984 2929 5040 habitare
2956 4988 3147 5042 coelum
3193 4990 3331 5058 quod
3368 4989 3489 5043 fecit
3526 4990 3596 5045 de

2026 5085 2183 5140 terra,
2210 5076 2365 5127 locuti
2388 5082 2529 5140 sunt,
2562 5074 2813 5145 implente
2838 5085 2890 5130 et
2914 5076 3145 5132 donante
3166 5080 3357 5147 Spiritu
3385 5090 3587 5147 sancto,

2098 5222 2110 5249 '
2140 5232 2204 5295 tta
2229 5225 2488 5295 legendum
2513 5238 2619 5275 cum
2641 5240 2739 5275 uno
2761 5227 2936 5295 nts._cl.
2957 5229 3062 5289 [per
3100 5239 3309 5277 amorem
3331 5229 3482 5292 pacis,
3506 5245 3593 5295 per

2023 5278 2337 5349 plantatore‘in
2358 5287 2509 5351 pacis,
2530 5300 2724 5339 oramus
2742 5290 2861 5351 vos.]

2085 5371 2103 5390 ‘
2137 5368 2423 5420 Emendatus
2448 5370 2506 5420 ad
2540 5370 2601 5421 cl.
2626 5385 2672 5420 ν.
2699 5378 2750 5421 et
2779 5371 2836 5419 ad
2875 5379 3011 5423 Sll‘m.

2106 5452 2157 5574 ag
2182 5450 2321 5510 Alias,
2342 5451 2406 5500 de
2430 5453 2639 5501 Diversis
2653 5452 2732 5511 91,
2758 5460 2807 5502 et
2829 5466 2893 5502 ex
2915 5454 3249 5503 Sirmondianis
3269 5455 3347 5503 57.

2107 5512 2134 5558 b
2178 5513 2299 5574 citat
2320 5510 2481 5574 lj‘lorus
2500 5513 2558 5561 ad
2580 5514 2599 5562 1
2626 5514 2793 5564 Thess.
2832 5531 2895 5564 ιιι.
2932 5516 3144 5565 Nicolaus
3164 5518 3312 5565 Faber

2107 5510 2155 5574 b)
2178 5510 2558 5580 Citattflorusﬂad
2580 5514 2599 5562 1
2626 5510 2793 5564 Thess.
2832 5531 2895 5564 ιιι.
2932 5516 3144 5580 Nicolaus
3164 5518 3312 5565 Faber
3349 5519 3397 5566 in
3421 5520 3589 5580 praefa-

2023 5571 2237 5649 μιξὺρξᾴ
2272 5571 2777 5649 ξξίιεςιίνιιδειειιιθιιιτι,
2804 5589 2912 5649 pag.
2937 5576 3029 5649 49“,
3063 5578 3283 5649 opinatur
3305 5571 3591 5649 t‘artl'tagiuo

2022 5635 2237 5684 habitum
2273 5634 2321 5681 in
2357 5634 2710 5685 dedicationem
2740 5634 2947 5686 basilicae
2985 5634 3261 5696 Florentiae,
3298 5653 3361 5688 ex
3401 5634 3594 5691 Aur'eiio

2024 5708 2268 5760 episcolc,
2290 5695 2372 5760 qui
2408 5703 2458 5744 et
2479 5696 2673 5760 Florens
2693 5698 2956 5758 diceretur,
2980 5701 3342 5760 cognominatae.
3378 5703 3491 5752 Vide
3511 5718 3597 5752 ιω-

2024 5710 2187 5757 eptsco
2210 5710 2268 5766 to,
2290 5710 2372 5756 qui
2408 5710 2458 5744 et
2480 5710 2673 5745 r'torens
2693 5710 2723 5746 α

2023 5764 2121 5807 tam
2145 5710 2214 5820 (ὦ
2240 5756 2377 5818 inira,
2403 5770 2511 5820 pag.
2544 5758 2674 5809 1597.
2717 5820 2729 5832 ο
