3996 6192
430 289 590 345 -ιδει

453 409 646 479 linguis
695 407 931 462 omnium
980 408 1234 478 gentium.
1288 404 1415 460 Inde
1457 404 1692 468 dictum,
1745 399 1865 454 Non
1912 408 2030 454 sunt

453 497 693 569 loquelae,
727 515 883 569 neque
907 513 1187 563 sermones,
1228 511 1439 566 quorum
1467 510 1567 547 non
1590 493 1864 546 audiantur
1892 507 2031 545 voces

450 606 643 642 eorum.
698 589 766 645 Et
802 589 924 661 quia
967 588 1091 642 inde
1134 586 1282 641 missi
1327 594 1451 639 sunt
1488 584 1554 637 ad
1600 583 2029 653 prmdicationem

453 682 723 751 Evangelii
767 696 861 751 per
886 696 1073 734 omnes
1099 687 1311 748 gentes,
1346 676 1411 731 In
1439 693 1639 731 onmem
1666 686 1852 730 terram
1882 673 2032 729 exivit

446 791 600 826 sonus
628 790 820 838 eorum,
849 782 895 825 et
924 773 977 825 in
1006 772 1132 840 ﬁnes
1157 771 1291 824 orbis
1319 780 1469 824 terra:
1493 771 1640 823 verba
1669 786 1861 822 eorum.
1888 768 2029 834 Quo-

445 865 607 918 nuu?
646 865 936 931 leurum,
981 865 1172 934 quibus
1196 872 1340 919 recte
1369 864 1580 929 dicitur,
1624 861 1829 918 Casium
1874 876 1953 926 es,
1977 869 2032 916 et

446 957 497 1008 iu
535 956 728 1009 ccelum
759 955 858 1008 ibis
886 974 897 1008 :
927 956 1062 1009 sicut
1102 966 1249 1011 recte
1292 955 1580 1024 peccaturi,
1613 953 1771 1007 Terra
1800 969 1870 1020 es,
1902 962 1948 1006 et
1975 952 2028 1006 in

445 1058 628 1097 terram
660 1044 773 1099 ibis.

516 1137 570 1190 9..
604 1136 835 1191 Terrena:
864 1136 1193 1206 possessionis
1222 1155 1365 1192 amor
1390 1154 1545 1191 causa
1579 1138 1863 1192 discordiae.
1899 1137 2029 1191 Fra-

445 1236 558 1281 tres
578 1242 703 1297 ergo
725 1229 768 1281 si
796 1228 973 1282 volunt
995 1243 1113 1283 esse
1137 1229 1576 1295 concordes,non
1600 1238 1781 1283 ament
1806 1238 2023 1283 terram.

446 1316 551 1371 Sed
598 1319 641 1371 si
692 1318 874 1372 volunt
917 1333 1027 1373 non
1067 1333 1245 1373 amare
1289 1328 1513 1384 terram,
1560 1335 1665 1373 non
1712 1320 1816 1374 sint
1861 1329 2021 1375 terra.

441 1412 694 1476 Quartam
741 1412 1136 1480 possessionem
1184 1428 1303 1482 qua:
1347 1412 1510 1466 dividi
1561 1428 1667 1467 non
1722 1423 1925 1483 potest,
1971 1424 2024 1468 et

439 1516 653 1570 semper
692 1502 984 1557 concordes
1027 1512 1203 1557 erunt.
1242 1503 1388 1559 Unde
1418 1504 1556 1559 inter
1586 1504 1778 1559 fratres
1822 1504 2025 1559 discor-

438 1593 564 1648 dia?
596 1594 735 1650 unde
769 1596 1097 1663 perturbatio
1125 1597 1370 1665 pictatis?
1396 1596 1538 1651 unde
1567 1612 1704 1651 unus
1731 1606 1942 1662 uterus,
1971 1606 2025 1652 et

439 1697 545 1736 non
568 1699 703 1737 unus
731 1685 960 1749 animus,
988 1686 1090 1740 nisi
1115 1687 1240 1740 dum
1271 1696 1520 1741 curvatur
1538 1689 1713 1741 anima
1740 1703 1945 1753 eorum,
1969 1697 2024 1742 et

438 1781 646 1841 partem
673 1788 821 1827 suam
844 1776 1067 1847 quisque
1088 1778 1323 1847 respicit,
1346 1786 1400 1832 et
1426 1778 1561 1847 parti
1590 1792 1701 1833 sua:
1724 1778 2022 1847 opimandac.

437 1873 492 1918 et
532 1866 913 1934 exaggeranda:
948 1881 1165 1937 operam
1204 1869 1490 1938 impendit,
1522 1872 1654 1924 etin
1685 1870 2021 1939 possessione

437 1969 531 2007 sua
560 1956 667 2009 vult
688 1955 882 2012 habere
898 1958 1153 2013 unitatem
1174 2002 1189 2025 ,
1222 1961 1309 2030 qui
1329 1976 1447 2015 cum
1468 1960 1629 2015 fratre
1658 1976 1755 2015 suo
1787 1961 2022 2030 possidet

438 2046 793 2102 divisionem?
814 2049 958 2104 Bona
981 2060 1063 2105 est
1084 2052 1180 2106 ista
1205 2052 1492 2121 possessio,
1517 2054 1668 2122 cujus
1690 2062 1771 2107 est
1786 2053 1812 2107 7
1829 2052 2017 2108 Nostra

437 2146 538 2192 est.
580 2139 766 2210 Magna
793 2144 1102 2211 possessio!
1145 2143 1234 2199 Sic
1269 2143 1373 2199 dici
1415 2145 1570 2200 solet.
1610 2146 1743 2201 Tota
1785 2156 1870 2200 tua
1900 2153 2017 2213 est,

437 2229 638 2283 frater?
666 2229 777 2283 Non
801 2248 815 2296 ;
844 2231 1013 2287 habeo
1041 2233 1126 2287 hic
1146 2245 1450 2288 consortem
1482 2253 1494 2288 :
1525 2235 1617 2289 sed
1646 2235 1689 2289 si
1716 2235 1827 2289 vult
1854 2237 2016 2302 Deus,

434 2320 631 2374 vendet
652 2322 778 2376 mihi
805 2333 1010 2394 partem
1032 2340 1200 2380 suam.
1229 2324 1486 2382 Adulator
1506 2328 1811 2398 respondet,
1838 2328 2020 2384 Faciat

438 2413 598 2468 Deus.
642 2414 778 2480 Quid
809 2414 969 2470 faciat
1016 2418 1194 2473 Deus?
1228 2418 1297 2475 Ut
1340 2420 1671 2489 opprimatur
1697 2422 1899 2476 vicinus
1919 2462 1935 2487 ,
1965 2431 2020 2476 et

436 2515 639 2572 partem
681 2522 832 2561 suam
871 2508 1067 2564 vendat
1103 2510 1299 2565 vicino.
1333 2511 1515 2566 Faciat
1544 2513 1687 2567 Deus
1718 2532 1731 2566 :
1758 2513 1893 2569 bene
1921 2529 2016 2568 co-

433 2598 587 2664 gitas,
621 2599 889 2669 compleat
914 2602 1006 2656 tibi
1041 2602 1201 2657 Deus.
1242 2604 1495 2670 Quoniam
1525 2605 1764 2658 laudatur
1786 2615 2019 2676 peccator

432 2690 483 2740 in
515 2689 779 2744 desideriis
803 2693 987 2745 anima:
1010 2710 1142 2756 suat;
1166 2703 1212 2746 et
1239 2695 1326 2765 qui
1350 2695 1521 2764 iniqua
1540 2697 1684 2766 gerit,
1708 2695 2019 2750 benedicitur

437 2777 607 2848 (Psal.
637 2796 689 2843 ι,
725 2780 802 2852 5).
826 2781 961 2848 Quid
987 2792 1090 2837 tam
1121 2782 1360 2854 iniquum
1406 2801 1563 2855 quam
1588 2786 1725 2842 velle
1755 2787 2018 2843 ditescere

431 2868 651 2924 alterius
680 2875 1034 2941 paupertate?
1061 2875 1130 2928 Et
1159 2882 1335 2929 tamen
1364 2876 1597 2931 abundat
1627 2877 1728 2932 hoc
1755 2896 1769 2933 :
1800 2879 1884 2946 qui
1913 2878 2015 2932 ini—

430 2980 530 3032 qua
566 2967 728 3034 gerit,
778 2967 1118 3034 benedicitur;
1162 2979 1216 3025 et
1257 2969 1393 3025 forte
1433 2970 1744 3040 prmvaluit,
1785 2980 1839 3026 et
1879 2971 2017 3028 forte

431 3057 624 3124 pressit
652 3067 700 3112 et
732 3061 1017 3127 oppressit,
1049 3061 1201 3114 torsit
1230 3070 1283 3115 et
1307 3061 1550 3129 extorsit,
1575 3078 1679 3118 non
1701 3078 2015 3134 quemcum-

430 3163 533 3217 que
575 3158 913 3214 consortem,
960 3151 1054 3206 sed
1100 3152 1317 3207 forsitan
1360 3152 1597 3207 fratrem.
1641 3153 1934 3226 Meliusest
1957 3164 2017 3209 ut

429 3254 530 3309 ego
551 3255 745 3305 emam,
773 3257 929 3311 quam
960 3253 1263 3297 extraneas.
1289 3243 1355 3299 Et
1387 3244 1477 3299 ille
1509 3244 1663 3300 facile
1692 3260 2011 3315 oppressus,

429 3332 473 3385 si
501 3340 583 3386 est
612 3332 823 3400 justus,
856 3332 1014 3388 habet
1053 3334 1495 3389 consolationem.
1539 3335 1733 3390 Audiat
1774 3337 2014 3407 Scriptu-

430 3439 544 3477 ratn
567 3464 582 3490 ,
620 3440 777 3494 quam
816 3426 976 3481 modo
996 3426 1215 3481 audivit.
1240 3427 1334 3481 ille
1367 3427 1571 3482 laborat
1609 3428 1817 3497 inOpia,
1850 3430 2016 3486 frater

432 3515 547 3583 ejus
575 3516 760 3585 plenus
786 3524 868 3569 est
893 3518 1063 3585 copia.
1091 3516 1195 3572 Sed
1221 3518 1411 3587 plenus
1440 3527 1523 3572 est
1549 3528 1686 3573 terra
1706 3561 1720 3584 ,
1755 3530 1807 3574 et
1843 3521 2014 3575 inanis

424 3608 663 3675 justitim.
693 3608 925 3663 Advorte
955 3618 1123 3674 terra,
1147 3610 1271 3679 quid
1303 3610 1484 3663 audiat
1519 3610 1606 3664 ille
1644 3626 1860 3681 pauper.
1889 3613 2016 3667 Noli

360 3686 375 3693 ’
426 3700 620 3759 timete,
649 3716 761 3753 cum
789 3700 923 3753 diues
949 3705 1111 3771 factus
1138 3702 1287 3772 fuerit
1311 3704 1458 3756 homo
1478 3745 1494 3769 ,
1527 3720 1682 3772 neque
1707 3723 1816 3757 cum
1841 3708 2015 3760 multi-

429 3789 615 3857 plicata
638 3790 787 3857 fuerit
821 3789 987 3859 gloria
1017 3792 1196 3844 domus
1222 3793 1332 3862 ejus
1367 3808 1385 3846 :
1425 3794 1663 3862 quoniam
1690 3811 1803 3847 cum
1829 3798 2013 3850 morie-

429 3894 543 3947 tur,
574 3900 673 3935 non
709 3883 917 3954 accipiet
952 3901 1010 3939 ea
1051 3884 1225 3954 (Psat.
1273 3901 1467 3952 xr.vm,
1499 3887 1596 3953 l7,
1627 3888 1739 3957 18).
1782 3886 1925 3945 Tene
1953 3896 2009 3943 tu

430 3989 630 4043 pauper
656 3975 794 4041 quod
821 3992 923 4030 non
955 3977 1190 4032 dimittas
1215 3978 1483 4046 moriens,
1512 3988 1564 4034 et
1601 3981 1741 4050 quod
1767 3982 2011 4051 acquiras

430 4068 479 4119 iu
512 4078 767 4121 mternum
797 4070 1000 4125 vivens.
1034 4070 1179 4125 Tene
1200 4071 1481 4142 justitiam,
1514 4088 1620 4127 non
1653 4068 1702 4128 te
1732 4076 2008 4143 poeniteat.

424 4159 767 4215 Contristaris
797 4162 918 4230 quia
948 4163 998 4215 in
1032 4173 1171 4217 terra
1212 4178 1411 4232 pauper
1450 4178 1506 4217 es
1548 4162 1640 4216 tu?
1681 4164 1891 4233 Pauper
1922 4164 2009 4219 hic

428 4253 524 4304 init
549 4252 639 4321 qui
671 4254 871 4305 creavit
908 4262 1124 4307 terram.
1155 4253 1473 4307 Consolatur
1502 4263 1551 4308 te
1581 4255 1835 4309 Dominus
1870 4256 2009 4310 Deus

424 4355 547 4397 tuus
572 4384 586 4400 .
615 4345 921 4398 consolatur
951 4354 1001 4399 te
1035 4345 1256 4399 Creatur
1296 4356 1416 4400 tuus
1435 4388 1451 4412 ,
1491 4349 1796 4402 consolatur
1826 4358 1878 4402 te
1905 4348 2010 4403 Re-

425 4437 671 4503 di-mpttr
702 4444 840 4488 tuus.
884 4434 1200 4490 Consolatur
1228 4447 1278 4491 te
1313 4452 1418 4491 non
1453 4453 1646 4492 avarus
1673 4439 1833 4493 frater
1863 4448 2005 4494 tuus.

427 4524 681 4594 Dignatus
726 4534 807 4577 est
845 4525 984 4579 enim
1029 4541 1146 4580 esse
1191 4525 1352 4581 frater
1396 4536 1576 4581 noster
1622 4527 1709 4581 ilfe
1753 4529 2009 4584 Dominus

425 4628 627 4672 uoster.
656 4617 813 4673 Solus
840 4618 1000 4673 frater
1030 4620 1145 4673 sine
1170 4619 1499 4674 dubitatione
1535 4620 1820 4675 fidissimus
1839 4660 1853 4685 ,
1887 4636 2006 4674 cum

425 4724 533 4777 quo
557 4710 839 4764 concordia
874 4711 1189 4779 possidenda
1217 4721 1315 4764 est.
1352 4711 1465 4765 Dixi
1490 4727 1610 4765 eum
1636 4726 1739 4765 non
1765 4726 2004 4775 avarum,

425 4813 478 4855 ct
518 4804 652 4855 forte
691 4802 901 4856 invenio
932 4818 1169 4855 avarum.
1218 4804 1423 4857 Avarus
1466 4811 1549 4857 est
1582 4821 1594 4856 :
1624 4802 1719 4857 sed
1762 4818 1858 4855 nos
1898 4803 2009 4857 vult

429 4896 644 4959 habere,
668 4910 765 4949 nos
788 4895 898 4948 vult
922 4896 1219 4964 acquirere.
1249 4895 1350 4948 Pro
1375 4895 1530 4949 nobis
1553 4904 1753 4948 tantum
1776 4894 2007 4963 pretium

426 4988 571 5041 dedit
601 5002 657 5041 se
699 4987 913 5055 ipsum:
950 4986 1077 5039 nihil
1124 4986 1190 5039 ad
1234 4985 1335 5039 hoc
1378 4987 1602 5055 pretium
1648 4986 1767 5038 addi
1814 4994 2003 5054 potest.

431 5078 581 5131 Dedit
609 5078 836 5147 pretium
864 5091 922 5131 se
951 5077 1145 5145 ipsum,
1175 5084 1227 5128 et
1259 5074 1427 5129 factus
1453 5084 1531 5129 est
1561 5075 1886 5143 Redemptor
1914 5090 2017 5126 no~

426 5178 553 5224 ster.
579 5169 694 5223 Non
716 5168 858 5224 enim
888 5167 967 5222 sic
1000 5182 1058 5222 se
1082 5166 1227 5221 dedit
1254 5165 1509 5235 pretium,
1544 5173 1606 5219 ut
1640 5181 1735 5218 nos
1763 5164 2007 5219 inimicus

423 5260 752 5325 dimitteret,
781 5270 837 5314 et
882 5259 1053 5328 ipsum
1083 5258 1395 5327 possideret.
1426 5256 1580 5311 Dedit
1610 5273 1668 5310 se
1698 5257 1884 5321 morti,
1913 5271 2007 5311 oc-

426 5353 610 5408 cidens
644 5362 892 5407 mortem.
936 5350 1102 5405 Morte
1144 5350 1339 5420 quippe
1374 5364 1467 5402 sua
1508 5358 1732 5402 mortem
1773 5347 2004 5412 occidit,

427 5460 533 5499 non
560 5454 732 5499 morte
752 5445 959 5498 occisus
982 5450 1092 5505 est;
1122 5451 1175 5496 et
1206 5450 1376 5495 morte
1397 5441 1571 5495 occisa
1593 5481 1608 5506 ,
1638 5440 1885 5494 liberavit
1911 5454 2007 5492 nos

425 5554 453 5587 a
481 5546 667 5590 morte.
710 5537 927 5591 Vivebat
948 5535 1088 5590 enitn
1121 5534 1469 5589 morientibus
1505 5534 1658 5589 nobis
1685 5549 1828 5587 mors
1850 5575 1865 5597 ,
1895 5549 2007 5586 mo-

430 5626 594 5681 rietur
628 5626 924 5682 viventibus
965 5625 1116 5681 nobis
1142 5666 1158 5693 ,
1198 5624 1409 5695 quando
1449 5626 1497 5679 ei
1537 5623 1779 5692 dicetur,
1811 5621 1905 5679 Ubi
1935 5631 2027 5691 est,

431 5733 581 5786 mors,
613 5720 863 5774 contentio
890 5729 975 5773 tua
999 5719 1054 5787 (l
1079 5718 1193 5775 Cor.
1219 5734 1305 5787 xv,
1332 5716 1479 5790 55)?

1655 285 1710 339 S.
1752 282 2110 339 AUGUSTINI
2151 284 2450 343 EPISCOPI

3576 310 3709 369 £592

2213 402 2265 455 3.
2300 402 2543 459 Dominus
2568 408 2916 479 interpellatus
2941 423 2993 464 ut
3013 413 3163 481 [rarri
3183 415 3351 477 iubeat
3374 418 3703 479 hereditatem

2138 492 2352 560 partiri,
2389 510 2479 547 cur
2506 495 2671 564 facere
2710 500 2893 552 renuit.
2929 499 3245 572 Praeceptum
3281 514 3335 556 ut
3368 506 3537 563 demus
3571 516 3704 567 omni

2139 586 2364 653 petenti,
2396 588 2647 655 quomodo
2674 589 3005 659 implendum.
3034 592 3177 647 Talis
3200 608 3328 663 ergo
3356 595 3515 654 frater
3542 600 3702 658 inter-

2136 674 2365 743 pellatus
2403 685 2486 730 est
2522 693 2550 731 a
2591 678 2818 748 quodam
2863 681 3023 737 fratre
3059 693 3242 738 contra
3285 683 3535 756 fratrem,
3571 691 3705 750 inter

2136 782 2269 836 quos
2300 784 2405 823 non
2440 780 2554 825 erat
2593 774 2878 827 concordia
2921 785 3136 845 propter
3163 785 3356 831 terram
3379 820 3392 841 .
3420 792 3473 836 et
3497 784 3570 837 ait
3590 785 3696 843 illi:

2135 856 2372 925 Domine,
2399 862 2479 915 dic
2509 864 2659 934 fratri
2684 881 2811 928 meo,
2838 874 2893 919 ut
2917 866 3106 920 dividat
3132 884 3323 921 ntecum
3352 869 3705 932 Ittcreditatem.

2135 949 2324 1005 Totam
2348 953 2493 1017 tulit,
2524 955 2655 1008 mihi
2686 965 2890 1026 partem
2918 973 3090 1012 meam
3122 975 3227 1012 non
3256 960 3368 1014 vult
3393 961 3519 1017 dare
3538 1006 3553 1029 ,
3579 981 3704 1021 con-

2134 1044 2322 1097 temnit
2346 1060 2452 1111 me,
2484 1047 2665 1101 audiat
2701 1050 2781 1103 vel
2813 1058 2883 1103 te.
2924 1051 3058 1117 Quid
3088 1052 3395 1121 pertinebat
3431 1055 3493 1109 ad
3534 1058 3705 1114 Domi-

2132 1135 2297 1187 num?
2321 1134 2469 1189 Sicut
2495 1138 2790 1207 cogitamus
2812 1154 2910 1193 nos
2932 1139 3158 1195 humiles
3181 1142 3425 1209 humilia,
3446 1155 3708 1215 reptantes

2131 1222 2185 1276 in
2214 1234 2353 1278 terra
2376 1266 2390 1291 ,
2422 1229 2693 1281 constituti
2724 1229 2777 1282 in
2806 1229 2907 1284 hac
2934 1232 3037 1285 vita
3058 1273 3073 1297 ,
3101 1241 3155 1286 et
3181 1234 3451 1288 neminem
3478 1237 3706 1293 volentes

2131 1316 2467 1383 contristari,
2493 1328 2547 1372 et
2572 1320 2881 1389 plerumque
2909 1321 3030 1376 inde
3068 1325 3280 1392 gravius
3299 1327 3671 1383 contristantes
3688 1370 3706 1396 ,

2130 1405 2256 1473 quid
2279 1405 2620 1463 diceremus?
2647 1410 2797 1475 Veni,
2822 1411 3006 1477 frater,
3031 1415 3196 1469 redde
3224 1416 3372 1471 fratri
3400 1428 3490 1473 tuo
3510 1430 3705 1488 partem

2130 1509 2301 1549 suam.
2331 1497 2445 1551 Non
2474 1498 2576 1553 hoc
2603 1499 2737 1554 dixit
2768 1502 3041 1557 Dominus.
3084 1505 3151 1558 Et
3193 1506 3317 1575 quid
3357 1507 3455 1561 illo
3482 1508 3706 1577 justius?

2128 1586 2259 1651 Qui-5
2288 1589 2444 1642 talem
2472 1589 2705 1658 judicent
2727 1590 2980 1658 inveniat,
3004 1609 3162 1664 quem
3194 1596 3499 1665 interpellet
3526 1608 3706 1654 contra

2128 1680 2401 1733 avaritiam
2427 1680 2604 1736 fratris
2629 1684 2751 1737 sui?
2779 1682 2967 1740 Nonne
3001 1686 3263 1755 gaudebat
3293 1688 3382 1744 ille
3414 1688 3574 1743 homo
3594 1699 3709 1745 tan-

2128 1769 2248 1824 dem
2273 1787 2330 1826 sc
2360 1772 2629 1828 invenisse
2650 1791 2898 1845 magnum
2921 1778 3207 1831 solatium?
3226 1778 3472 1850 Magnum
3502 1796 3708 1850 quoque

2126 1861 2447 1930 adjutoriutn
2492 1865 2609 1919 sine
2645 1866 2977 1921 dubitatione
3017 1870 3294 1937 sperabat,
3338 1870 3525 1925 dicens
3566 1881 3707 1925 tanto

2122 1950 2306 2020 judici,
2338 1952 2572 2019 Domine,
2605 1957 2687 2009 dic
2716 1959 2863 2027 fratri
2885 1975 3012 2021 meo,
3042 1969 3097 2012 ut
3121 1960 3312 2013 dividat
3334 1977 3530 2015 mecum
3547 1961 3708 2015 htere~

2129 2044 2351 2099 ditatem.
2382 2050 2446 2102 At
2478 2048 2564 2102 ille
2593 2050 2718 2118 quid
2748 2050 2918 2103 dixit?
2949 2052 2994 2104 O
3020 2054 3192 2117 homo,
3216 2053 3327 2121 quis
3356 2069 3434 2106 me
3452 2054 3709 2106 constituit

2126 2136 2391 2192 divisorem
2415 2140 2722 2195 Itwreditatis
2753 2144 2881 2195 inter
2909 2144 3032 2196 ros?
3052 2143 3264 2212 Repulit
3288 2144 3539 2198 Dominus
3557 2185 3571 2207 ,
3604 2160 3707 2197 non

2125 2230 2275 2285 dedit
2296 2233 2434 2305 quod
2469 2235 2764 2302 petebatur,
2799 2250 2903 2289 non
2931 2237 3199 2289 concessit
3226 2237 3513 2305 gratuitum
3544 2236 3710 2288 bene-

2126 2325 2325 2381 ficium.
2352 2326 2486 2394 Quid
2514 2342 2762 2397 magnum
2785 2327 2939 2382 erat?
2960 2328 3093 2394 Quid
3122 2327 3245 2382 inde
3268 2327 3556 2397 perdebat?
3583 2324 3706 2395 quid

2126 2416 2177 2471 in
2206 2431 2274 2473 eo
2297 2416 2553 2472 beneficio
2574 2418 2763 2472 saltem
2792 2418 3105 2473 laborabat?
3133 2418 3245 2472 Non
3273 2418 3438 2472 dedit.
3463 2416 3564 2473 Ubi
3591 2426 3705 2483 est,

2128 2506 2281 2561 Omni
2318 2509 2504 2578 petenti
2534 2518 2614 2573 te,
2649 2508 2716 2560 da
2744 2507 2892 2579 (Luc.
2927 2524 3001 2573 vt,
3031 2508 3120 2577 50)
3140 2509 3161 2559 ?
3184 2508 3298 2563 Non
3330 2509 3431 2563 hoc
3456 2508 3563 2578 egit
3590 2507 3706 2571 ille,

2122 2598 2213 2665 qui
2242 2598 2395 2651 nobis
2425 2597 2630 2651 vivendi
2669 2597 2897 2666 praebuit
2921 2599 3247 2667 exemplum.
3290 2598 3571 2665 Quomodo
3612 2611 3709 2651 nos

2122 2684 2177 2740 id
2216 2686 2404 2741 facturi
2434 2686 2658 2741 sumus?
2688 2688 2790 2739 Aut
2832 2687 3099 2756 quomodo
3138 2688 3384 2741 dabimus
3420 2687 3565 2757 quod
3610 2687 3710 2741 itn-

2122 2778 2423 2848 pendimus.
2454 2779 2498 2832 si
2536 2793 2641 2831 non
2668 2778 2856 2832 damus
2885 2778 3200 2832 beneficium
3224 2779 3313 2833 ubi
3342 2778 3474 2832 nihil
3504 2778 3711 2847 impen-

2120 2867 2317 2933 dimus,
2348 2868 2437 2922 ubi
2465 2869 2598 2923 nihil
2624 2883 2926 2938 erogamus,
2955 2868 3043 2922 ubi
3070 2869 3197 2924 nihil
3234 2868 3566 2924 amittimus?
3593 2867 3705 2922 Non

2119 2959 2267 3015 dedit
2305 2960 2563 3015 Dominus
2603 2959 2739 3026 hoc,
2782 2974 2883 3015 nec
2927 2970 3101 3013 tamen
3147 2960 3277 3014 nihil
3319 2960 3487 3015 dedit.
3533 2959 3706 3014 Minus

2121 3052 2356 3123 negavit,
2382 3044 2477 3105 sed
2511 3050 2651 3121 quod
2686 3051 2805 3120 plus
2831 3058 2913 3104 est
2938 3049 3175 3104 donavit.
3209 3050 3349 3104 Dixit
3381 3048 3664 3104 manifeste
3687 3087 3703 3113 ,

2122 3142 2273 3209 dixit,
2306 3141 2461 3196 Omni
2488 3142 2670 3211 petenti
2696 3151 2760 3206 te,
2790 3140 2875 3193 da.
2908 3140 3065 3207 Quid,
3087 3141 3130 3195 si
3158 3141 3348 3211 aliquis
3377 3149 3522 3210 petat
3551 3156 3581 3193 a
3612 3148 3697 3205 te,

2122 3252 2227 3290 non
2269 3236 2389 3290 dico
2427 3236 2569 3305 quod
2613 3233 2797 3288 inutile
2824 3242 2907 3288 est
2936 3233 3093 3297 dare,
3124 3234 3219 3288 sed
3260 3233 3401 3303 quod
3444 3243 3600 3301 turpe
3625 3238 3706 3285 est

2120 3326 2283 3381 dare?
2305 3326 2465 3396 Quid,
2489 3327 2529 3379 si
2555 3335 2702 3395 petat
2730 3326 2925 3380 mulier
2950 3325 3147 3394 aliqua,
3168 3325 3308 3395 quod
3332 3326 3479 3394 petiit
3513 3323 3706 3378 mulier

2119 3432 2149 3471 a
2179 3417 2418 3485 Joseph?
2445 3416 2602 3483 Quid,
2635 3416 2679 3469 si
2703 3425 2845 3485 petat
2867 3416 2947 3468 vir
2972 3415 3184 3484 aliquis,
3208 3416 3348 3484 quod
3379 3414 3500 3469 falsi
3522 3413 3703 3469 senio.

2122 3523 2211 3562 res
2235 3522 2263 3561 a
2294 3508 2534 3563 Susanna
2557 3506 2860 3575 petierunt?
2890 3505 3060 3559 Etiam
3094 3505 3179 3558 hic
3205 3506 3475 3574 sequenda
3503 3512 3588 3558 est
3618 3501 3702 3555 illa

2119 3606 2369 3667 tanquam
2414 3596 2679 3667 generalis
2716 3595 2977 3650 sententia
2999 3635 3015 3661 ,
3064 3594 3215 3647 Omni
3260 3596 3446 3664 petenti
3481 3604 3529 3646 te
3552 3633 3567 3655 ,
3598 3590 3706 3643 da?

2118 3687 2289 3739 Absit.
2320 3686 2600 3741 Faciemus
2621 3701 2750 3755 ergo
2781 3687 2865 3739 hic
2891 3695 3075 3739 contra
3103 3693 3427 3753 prmceptum
3459 3680 3703 3737 Domini?

2119 3776 2228 3830 lmo
2259 3775 2511 3828 faciamus
2541 3776 2834 3831 secundum
2860 3784 3181 3843 prteceptum
3212 3776 3457 3841 Domini,
3480 3782 3535 3829 et
3562 3771 3699 3825 mala

2119 3868 2419 3936 petentibus
2448 3882 2553 3920 non
2592 3866 2812 3930 demus,
2843 3881 2939 3919 nec
2973 3877 3161 3921 contra
3188 3866 3345 3920 istam
3378 3864 3702 3922 sententiam

2120 3957 2394 4013 faciemus.
2427 3958 2633 4012 Dictum
2669 3964 2753 4012 est
2781 3957 2945 4023 enim,
2978 3955 3129 4009 Omni
3154 3957 3338 4023 petenti
3363 3966 3428 4021 te,
3463 3956 3551 4008 da.
3583 3952 3699 4008 Non

2115 4058 2199 4104 est
2223 4048 2444 4113 dictum,
2470 4047 2659 4113 Omnia
2690 4046 2888 4116 petenti
2918 4055 2970 4100 te
2994 4045 3080 4100 da.
3114 4045 3267 4098 Omni
3288 4047 3475 4114 petenti
3501 4054 3568 4109 te,
3593 4042 3661 4094 da
3681 4054 3703 4095 :

2117 4153 2335 4210 prorsus
2368 4139 2468 4205 da;
2491 4138 2589 4194 etsi
2614 4153 2716 4192 non
2741 4137 2881 4206 quod
2906 4136 3056 4204 petit,
3084 4144 3339 4189 tutamen
3362 4135 3563 4204 aliquid
3587 4134 3655 4186 da
3684 4148 3699 4185 :

2117 4231 2311 4285 malum
2344 4232 2493 4300 petit,
2522 4238 2579 4284 tu
2603 4230 2739 4283 bona
2769 4228 2854 4281 da.
2881 4227 3027 4282 Fecit
3051 4227 3151 4281 hoc
3170 4226 3391 4295 Joseph.
3414 4225 3531 4279 Non
3552 4223 3703 4279 dedit

2116 4321 2254 4391 quod
2295 4321 2505 4390 petebat
2535 4320 2727 4373 mulier
2760 4318 3060 4387 impudica;
3090 4326 3144 4371 et
3176 4317 3325 4371 dedit
3352 4325 3530 4371 tamen
3557 4310 3697 4383 quod

2116 4415 2299 4469 audire
2328 4413 2579 4477 deberet,
2609 4428 2675 4465 ne
2718 4410 2982 4479 impudica
3027 4419 3171 4465 esset
3198 4410 3443 4479 exemplo
3470 4424 3570 4465 suo
3599 4423 3613 4459 :
3646 4409 3700 4457 ct

2117 4506 2229 4576 ipse
2252 4520 2356 4558 non
2378 4504 2562 4559 incidit
2583 4504 2633 4557 in
2663 4502 2871 4556 foveam
2895 4501 3150 4565 libidinis,
3178 4510 3232 4555 et
3252 4501 3397 4555 dedit
3416 4498 3695 4555 consilium

2114 4599 2393 4653 castitatis.
2439 4597 2551 4652 lloc
2584 4595 2727 4650 enim
2757 4594 3032 4663 respondit
3065 4612 3077 4647 :
3105 4593 3246 4648 Absit
3284 4610 3315 4645 a
3353 4610 3466 4659 me,
3503 4607 3566 4644 ne
3603 4589 3699 4639 hoc

2116 4690 2301 4760 faciam
2331 4686 2534 4741 domino
2560 4702 2686 4751 meo,
2714 4701 2778 4737 ne
2803 4684 3033 4755 polluant
3062 4692 3223 4735 torum
3251 4683 3462 4751 ejusqui
3484 4676 3697 4735 credidit

2113 4782 2238 4835 mihi
2261 4782 2431 4835 omnia
2457 4781 2510 4833 in
2537 4782 2686 4832 domo
2720 4793 2814 4831 sua
2847 4776 2997 4848 (Gen.
3035 4780 3249 4847 χχχιχ).
3277 4776 3333 4829 Si
3375 4788 3563 4831 servus
3592 4784 3698 4826 :crc

2114 4881 2325 4942 emptus
2356 4871 2491 4924 hanc
2522 4869 2680 4923 fidem
2725 4868 2958 4923 servavit
2999 4866 3252 4932 domino,
3288 4866 3500 4936 qualem
3537 4860 3699 4918 debet

2112 4963 2305 5032 coiiqu
2354 4976 2571 5016 servare
2616 4958 2849 5014 marito?
2895 4959 3008 5013 lloc
3058 4967 3173 5013 erat
3216 4957 3529 5013 admonere.
3585 4952 3697 5020 Ego

2113 5070 2302 5109 servus
2328 5054 2429 5108 hoc
2458 5068 2560 5107 non
2588 5052 2774 5106 faciam
2801 5052 3017 5106 domino
3044 5066 3166 5106 meo
3192 5068 3205 5104 :
3232 5060 3287 5104 tu
3308 5050 3502 5120 conqu
3528 5046 3694 5103 debes

2113 5148 2215 5201 hoc
2246 5147 2420 5201 facere.
2448 5147 2640 5200 marito
2672 5145 2800 5199 tuo?
2830 5144 2985 5199 Dedit
3005 5154 3059 5199 et
3077 5144 3341 5210 Susanna,
3371 5159 3469 5198 nec
3499 5135 3696 5198 dimisit

2113 5254 2207 5291 eos
2232 5238 2437 5302 inanes,
2470 5236 2515 5290 si
2547 5236 2751 5305 impleri
2782 5236 2983 5291 vellent
3010 5236 3233 5289 consilio
3263 5236 3550 5306 pudicititc.
3580 5229 3693 5285 Non

2114 5328 2286 5382 solum
2316 5327 2456 5382 enim
2489 5341 2593 5379 non
2622 5325 2925 5390 consensit;
2970 5324 3064 5379 sed
3096 5334 3147 5379 et
3183 5340 3288 5380 non
3330 5327 3494 5381 tacuit
3532 5331 3696 5392 quare

2114 5432 2220 5473 non
2249 5417 2539 5471 consensit.
2575 5415 2635 5470 Si
2666 5416 2941 5480 consentio,
2973 5415 3160 5485 inquit,
3191 5416 3348 5480 vobis,
3377 5432 3526 5486 pereo
3559 5409 3696 5465 Dm:

2113 5510 2157 5563 si
2194 5526 2296 5562 non
2337 5507 2628 5569 consentio,
2671 5522 2770 5559 non
2809 5505 2995 5575 e/fugio
3038 5521 3216 5558 manus
3256 5515 3444 5559 uestras
3474 5520 3493 5558 :
3518 5502 3695 5557 melius

2117 5611 2283 5654 autem
2322 5607 2391 5653 est
2415 5599 2468 5652 in
2498 5612 2676 5650 manus
2706 5606 2892 5651 vestras
2926 5597 3177 5660 incidere,
3205 5611 3359 5665 quam
3405 5595 3509 5649 Deo
3536 5587 3696 5661 perire

2126 5692 2284 5763 (Dan.
2320 5690 2453 5756 xui).
2484 5689 2617 5756 Quid
2654 5698 2733 5744 est
2760 5700 2968 5755 autem,
3005 5688 3186 5742 .llclius
3216 5698 3286 5742 cst
3326 5688 3377 5743 in
3406 5700 3581 5743 manus
3611 5692 3689 5735 ιἐ·
