4026 6186
318 322 461 380 1593

319 447 450 492 stras
473 434 712 497 incidere,
740 447 892 498 quam
919 429 1024 484 Deo
1048 429 1255 500 perire?
1283 427 1388 482 Vos
1411 425 1520 481 Deo
1545 425 1758 495 peristis
1777 464 1792 490 ,
1817 423 1909 493 qui

323 531 444 584 talia
465 527 722 597 quaeritis.
747 525 888 596 Ergo
911 524 1044 577 lianc
1064 523 1300 592 regulam
1326 528 1522 575 tenete.
1547 519 1678 572 Date
1696 515 1911 586 quando

325 619 587 691 petimini,
610 617 712 673 etsi
737 631 842 670 non
868 615 969 671 hoc
993 614 1133 685 quod
1160 613 1418 682 petitnini.
1444 611 1557 665 Hoc
1578 609 1702 664 fecit
1728 607 1911 662 Domi-

327 728 444 768 nus.
475 712 700 766 Petebat
723 711 843 773 ille,
871 708 1040 779 quid?
1070 707 1389 762 Divisionem
1421 702 1767 758 haereditatis.
1806 701 1914 754 De-

323 804 398 859 dit
437 802 695 858 Dominus
714 844 729 867 ,
760 800 930 871 quid?
965 798 1396 867 l’eremptionem
1423 793 1747 864 cupiditatis.
1776 789 1912 860 Quid

325 894 574 965 petebat?
598 891 724 962 quid
745 890 983 957 accepit?
1009 889 1105 942 Dic
1134 888 1284 960 fratri
1321 903 1430 940 meo
1454 927 1469 953 ,
1494 895 1548 938 ut
1577 883 1768 938 dividat
1803 897 1914 934 me-

323 1003 437 1039 cum
464 984 832 1038 lia'reditatem.
863 980 980 1047 Dic,
1006 982 1177 1042 homo,
1207 979 1320 1046 quis
1342 994 1419 1031 me
1445 975 1702 1029 constituit
1729 973 1916 1026 diviso-

323 1095 428 1130 rem
459 1075 767 1130 luereditatis
793 1075 922 1126 inter
951 1087 1036 1124 vos
1053 1073 1078 1124 .9
1111 1069 1220 1140 Ego
1240 1078 1405 1121 autent
1433 1067 1544 1120 dico
1569 1065 1723 1128 vobis,
1748 1061 1916 1133 quid?

325 1170 506 1224 Cavete
527 1169 590 1220 ab
617 1167 756 1219 omni
773 1163 1052 1235 cupiditate
1082 1163 1121 1214 ’.
1155 1162 1218 1214 Et
1241 1160 1361 1214 dico
1381 1172 1565 1228 quare.
1593 1155 1749 1209 Forte
1773 1153 1915 1208 enim

329 1258 607 1313 dimidium
638 1255 966 1310 hatreditatis
986 1251 1050 1306 ad
1077 1251 1178 1306 hoc
1206 1250 1361 1320 petis,
1386 1256 1442 1302 ut
1461 1248 1710 1302 ditescas.
1735 1243 1870 1297 Audi
1899 1259 1912 1295 :

328 1348 569 1402 Hominis
605 1345 875 1416 cujusdam
916 1343 1088 1396 divitis
1130 1341 1367 1395 successit
1413 1340 1584 1408 regio;
1635 1349 1917 1390 successus

329 1453 552 1509 magnos
599 1435 822 1500 habuit,
865 1434 920 1488 id
958 1443 1074 1499 est,
1117 1432 1302 1486 multis
1345 1428 1601 1484 fructibus
1635 1425 1915 1481 fecundata

327 1541 410 1586 cst
438 1531 482 1582 ².
517 1527 581 1580 Et
616 1526 850 1598 cogitavit
883 1524 1023 1595 apud
1049 1540 1102 1578 se
1136 1524 1306 1577 dicens
1336 1537 1354 1576 :
1382 1520 1518 1588 Quid
1555 1519 1741 1588 faciam
1763 1559 1778 1583 ,
1819 1532 1918 1588 quo

329 1635 631 1691 congregem
661 1623 856 1688 fructus
881 1615 1060 1670 meos?
1101 1615 1165 1670 Et
1195 1615 1477 1683 diligenter
1517 1611 1756 1681 cogitans
1775 1651 1790 1674 ,
1818 1607 1917 1661 Ιη-

329 1713 470 1774 veni,
500 1710 672 1779 inquit
689 1751 704 1774 ,
727 1707 850 1778 quid
873 1707 1080 1776 faciam.
1109 1703 1378 1758 Destruam
1400 1712 1584 1756 veteres
1616 1701 1917 1771 apothecas,

330 1805 518 1875 faciam
541 1819 711 1863 novas,
742 1799 959 1868 implebo
979 1815 1082 1851 eas.
1115 1797 1342 1865 Majores
1359 1795 1500 1849 enim
1527 1795 1737 1860 faciam,
1761 1806 1920 1862 quam

331 1908 489 1954 erant
529 1907 759 1952 veteres.
789 1893 855 1947 Et
899 1894 1067 1946 dicam
1107 1893 1292 1945 animae
1329 1904 1453 1943 mea!
1491 1905 1511 1943 :
1552 1887 1720 1941 Habes
1763 1886 1922 1938 multa

333 1990 502 2052 bona;
537 1986 760 2050 satiare,
789 1983 1100 2054 jucundare.
1141 1982 1229 2035 Ait
1270 1980 1346 2034 illi
1383 1981 1563 2034 Deus:
1599 1977 1799 2042 Stulte,
1831 1975 1920 2044 qtti

334 2078 491 2132 Valde
542 2077 635 2130 tibi
675 2074 873 2129 videris
903 2073 924 2104 ³
948 2087 1074 2128 esse
1117 2070 1366 2126 cordatus
1408 2087 1422 2123 :
1469 2068 1608 2122 nosti
1644 2067 1784 2120 enim
1829 2066 1924 2119 deo

337 2179 552 2223 struere
575 2174 754 2220 vetera
775 2205 789 2229 ,
816 2173 872 2218 et
896 2162 1160 2218 aedificare
1197 2176 1363 2225 nova,
1405 2169 1459 2215 ct
1489 2169 1543 2213 tu
1579 2159 1633 2213 in
1661 2165 1924 2212 vetustate

337 2263 510 2317 ruina:
536 2258 838 2315 remansisti
857 2299 870 2321 ,
905 2257 995 2326 qui
1025 2264 1205 2310 vetera
1235 2255 1284 2308 in
1316 2263 1367 2308 te
1395 2253 1510 2323 ipso
1530 2251 1805 2305 destruere
1833 2248 1928 2303 de-

335 2353 524 2415 buisti,
555 2359 615 2405 ut
639 2351 744 2418 jam
776 2359 985 2404 terrena
1011 2362 1116 2400 non
1140 2360 1364 2414 sapores
1388 2361 1401 2397 ε
1433 2344 1619 2408 Stulte,
1645 2342 1768 2411 quid
1792 2340 1928 2393 dixi-

337 2444 445 2498 sti?
475 2443 563 2496 cui
592 2440 802 2495 dixisti?
831 2438 1040 2493 Anima:
1063 2445 1166 2491 tum.
1193 2436 1407 2500 dixisti,
1432 2433 1745 2495 Jucundare,
1776 2430 1928 2484 habes

338 2535 503 2587 multa
543 2533 693 2585 bona.
735 2529 845 2584 Hac
869 2539 1014 2582 nocte
1051 2535 1302 2598 repetetur
1339 2525 1510 2578 anima
1536 2533 1651 2586 tua,
1684 2524 1766 2576 cui
1806 2520 1928 2575 talia

343 2624 658 2696 promisisti.
691 2623 816 2688 Quae
841 2621 1145 2690 promisisti,
1171 2620 1319 2688 cujus
1343 2624 1490 2670 erunt
1512 2613 1662 2685 (Luc.
1696 2628 1772 2667 xu
1793 2655 1808 2679 ,
1838 2612 1931 2665 l5-

342 2718 473 2789 20)?
504 2715 630 2769 Noli
669 2729 800 2785 ergo
828 2714 1022 2778 timere,
1054 2727 1168 2764 cum
1206 2710 1344 2763 dives
1368 2709 1533 2778 factus
1558 2705 1710 2776 fuerit
1745 2704 1931 2770 homo;

343 2811 460 2882 quia
490 2824 589 2861 non
611 2848 626 2870 ,
654 2821 772 2859 cum
797 2804 1055 2866 morietur,
1084 2800 1295 2871 accipiet
1320 2816 1399 2854 ea.

411 2899 467 2953 4.
499 2895 787 2952 Concordia
813 2898 1031 2967 fratrum
1068 2892 1124 2947 in
1155 2890 1342 2946 calein
1367 2888 1680 2944 hwreditate.
1712 2885 1935 2956 Litigare

347 2990 460 3061 quis
485 2988 789 3044 censendus.
819 2987 956 3040 Ecce
981 2984 1136 3054 quale
1157 2983 1436 3038 consilium
1471 2981 1727 3034 Dominus
1752 2977 1934 3032 fratri-

349 3083 448 3137 bus
483 3080 632 3136 dedit
669 3072 1098 3154 dissidentibus,
1137 3089 1244 3144 quo
1286 3072 1580 3128 concordes
1622 3079 1838 3135 essent,
1881 3077 1938 3122 ut

351 3183 599 3231 carerent
627 3172 936 3242 cupiditate,
960 3179 1015 3225 et
1031 3169 1284 3223 continuo
1312 3166 1662 3235 implerentur
1690 3163 1934 3218 veritate.

351 3265 694 3322 lnveniamus
721 3277 848 3333 ergo
879 3261 1033 3315 talem
1067 3257 1449 3313 luereditatem.
1478 3255 1739 3325 Quamdiu
1763 3252 1936 3323 loqui-

349 3376 468 3416 mur
489 3359 560 3414 de
579 3355 864 3412 concordia
895 3365 1230 3409 terrenorum
1259 3351 1503 3416 fratrum,
1535 3364 1654 3420 quae
1683 3363 1804 3403 rara
1831 3355 1934 3413 est,

351 3468 470 3521 qua:
495 3456 748 3519 suSpecta
773 3457 873 3510 est,
899 3461 1018 3516 quae
1039 3445 1270 3499 difﬁcilis
1295 3443 1414 3498 est?
1436 3442 1741 3512 Loquamur
1760 3439 1827 3494 de
1849 3439 1938 3494 illa

350 3544 569 3598 fratrum
598 3539 883 3597 concordia
905 3581 920 3607 ,
952 3553 1072 3609 quas
1117 3552 1242 3592 vera
1280 3550 1402 3591 esse
1435 3534 1620 3600 debet,
1660 3543 1712 3588 et
1743 3541 1936 3603 potest.

353 3635 566 3690 Fratres
595 3635 704 3689 sint
723 3632 1010 3688 Christiani
1036 3644 1244 3692 omnes,
1274 3630 1466 3683 fratres
1490 3628 1595 3682 sint
1619 3625 1802 3681 fideles
1823 3641 1939 3680 om-

353 3742 480 3792 nes,
509 3727 705 3781 fratres
733 3725 842 3779 sint
866 3724 973 3778 nati
1001 3739 1067 3778 ex
1105 3722 1213 3776 Deo
1246 3731 1300 3777 et
1329 3737 1394 3776 ex
1427 3720 1720 3774 visceribus
1756 3719 1941 3775 matris

353 3817 614 3873 Ecclesiae
633 3831 730 3886 per
753 3815 1008 3886 Spiritum
1033 3827 1275 3868 sanctum
1303 3829 1317 3866 :
1349 3813 1538 3866 fratres
1557 3811 1684 3875 sint,
1714 3810 1943 3864 habeant

351 3922 404 3966 et
425 3909 525 3980 ipsi
549 3907 919 3964 luereditatem
940 3905 1171 3961 dandam
1196 3905 1236 3970 ⁵,
1264 3914 1318 3959 et
1340 3920 1442 3958 non
1473 3903 1813 3958 dividendam
1841 3900 1939 3972 (a).

355 3998 652 4053 "res-editas
682 4013 868 4052 eorum
899 3997 1039 4052 Deus
1081 3997 1193 4066 ipse
1222 4004 1323 4050 est.
1355 3995 1521 4065 Cujus
1547 4004 1669 4048 sunt
1695 3994 1791 4063 ipsi
1829 3993 1942 4047 hae-

353 4092 572 4155 reditas,
603 4091 721 4160 ipse
745 4100 828 4145 est
856 4090 1098 4146 vicissim
1123 4104 1309 4144 eorum
1337 4087 1640 4143 luereditas.
1665 4086 1944 4154 Quomodo

353 4191 473 4235 sunt
519 4181 625 4250 ipsi
665 4180 784 4249 ejus
811 4179 1133 4234 hmreditas?
1174 4178 1389 4232 Postulo
1423 4194 1455 4230 α
1484 4194 1591 4244 me,
1619 4183 1667 4230 et
1697 4176 1826 4230 dabo
1856 4176 1944 4230 tibi

388 4283 524 4327 entes
558 4272 904 4327 hereditatem
945 4281 1082 4325 luant
1113 4271 1288 4344 (Psal.
1320 4286 1357 4325 ιι
1382 4311 1396 4336 ,
1426 4271 1508 4342 8).
1547 4271 1827 4338 Quomodo
1863 4279 1945 4325 est

355 4360 444 4418 ille
491 4364 732 4434 ipsorum
786 4362 1112 4418 hmreditas?
1161 4361 1414 4416 Dominus
1466 4379 1586 4432 pars
1637 4360 1946 4416 ltwreditatis

355 4471 477 4509 mese
497 4496 514 4523 ,
539 4465 590 4510 et
625 4456 800 4509 colicis
842 4456 941 4509 mei
980 4454 1149 4526 (Psal.
1183 4470 1252 4509 xv
1272 4494 1286 4519 ,
1310 4454 1389 4524 5).
1423 4453 1478 4508 ln
1509 4453 1609 4509 hac
1640 4453 1946 4509 hereditate

355 4547 647 4604 concordia
672 4548 971 4603 custoditur
1001 4567 1014 4602 :
1046 4563 1140 4617 pro
1169 4547 1270 4603 hac
1300 4547 1610 4602 hzercditate
1633 4563 1737 4602 non
1769 4547 1948 4617 litiga-

357 4651 461 4695 tur.
479 4642 598 4696 Alia
624 4642 908 4696 hmreditas
930 4641 1184 4712 litigando
1205 4641 1496 4710 acquiritur
1524 4659 1536 4694 :
1566 4641 1663 4695 ista
1692 4640 1948 4712 litigando

356 4736 637 4790 amittitur.
668 4735 920 4790 Nolentes
951 4735 1196 4790 homines
1240 4733 1376 4788 hanc
1419 4733 1784 4788 hmrcdilatem
1825 4748 1949 4802 per-

356 4827 484 4882 dere
507 4868 523 4892 ,
549 4826 721 4880 vitant
761 4826 986 4895 litigare.
1029 4826 1094 4881 Et
1126 4824 1341 4895 quando
1383 4824 1522 4880 forte
1561 4825 1812 4880 videntur
1842 4826 1948 4880 liti-

354 4934 514 4991 gare,
569 4935 676 4974 non
721 4920 946 4990 litigant.
984 4918 1089 4974 Sed
1124 4918 1260 4974 forte
1299 4917 1548 4973 videntur
1585 4918 1828 4988 litigare,
1857 4928 1950 4975 aut

358 5021 613 5082 putantur
660 5011 910 5082 litigare,
955 5025 1076 5065 cum
1121 5010 1305 5064 volunt
1348 5009 1603 5063 fratribus
1646 5011 1946 5066 consulere.

358 5103 549 5161 Videte
576 5119 739 5176 quam
763 5119 986 5160 consors
1019 5103 1090 5158 sit
1116 5118 1300 5158 eorum
1330 5104 1549 5174 litigatio
1568 5145 1584 5169 ,
1612 5119 1769 5174 quant
1801 5106 1949 5175 paci-

420 5264 435 5294 ¹
473 5262 556 5311 llic
576 5261 708 5330 addit
728 5261 884 5330 milex
903 5259 990 5330 οι,

350 5329 402 5385 ct
421 5335 515 5372 non
537 5321 910 5385 potiusveritate
927 5320 1158 5385 implevit,
1179 5322 1262 5385 sit'

349 5383 441 5442 ait,
467 5383 638 5433 ('ai-ete
661 5383 719 5434 ab
741 5383 871 5434 omni
893 5383 1156 5442 cupiditate
1173 5383 1198 5434 ?

416 5449 438 5515 ξ
472 5452 536 5515 tta
576 5445 844 5515 legendum
866 5461 930 5495 ex
954 5445 1128 5515 eodem
1165 5446 1332 5515 codice
1354 5445 1417 5496 cl.

349 5505 540 5566 habuit,
563 5511 608 5557 et
631 5505 792 5558 inultis
814 5507 1052 5570 fructibus
1076 5508 1336 5570 fecunduta
1354 5505 1472 5618 eaq

417 5571 438 5601 ³
474 5577 538 5618 tta
587 5567 853 5618 legendum
899 5583 961 5618 ex
1009 5571 1187 5618 eodem
1229 5571 1394 5618 codice
1429 5585 1457 5618 c

417 5571 438 5638 ξ
474 5567 853 5638 ιιειλρξςεςῃύιξίιὶ
877 5583 979 5638 _ex_
1009 5567 1394 5638 eodemeodicc
1429 5567 1492 5620 cl.
1538 5577 1592 5621 et
1633 5576 1741 5622 ιον.
1768 5571 1903 5621 sirm.
1931 5609 1944 5633 ,

348 5629 467 5691 quia
491 5630 631 5680 mlite
649 5629 848 5682 videris.
877 5630 980 5694 [qui
1004 5629 1142 5681 valde
1167 5631 1385 5695 videris]

418 5696 437 5724 ⁸
478 5691 660 5741 Aliuuot
685 5691 816 5741 lihri.
839 5693 1111 5741 tenendmu.

421 5699 437 5724 δ
478 5699 660 5753 aliquot
687 5699 816 5752 libri,
839 5699 1111 5742 tenendam.

421 5757 494 5811 (α)
519 5758 600 5806 ttic
622 5753 738 5807 olim
755 5755 1011 5805 desinebat
1026 5767 1188 5806 sermo
1211 5755 1275 5806 de
1300 5757 1510 5808 Diversis
1532 5756 1610 5806 9i.

1327 5259 1515 5322 titorem
1535 5260 1725 5312 inanem
1747 5261 1949 5322 dimisit,

1343 5321 1536 5388 impleri
1557 5323 1692 5374 vellet
1707 5323 1768 5374 ab
1790 5337 1846 5375 eo
1867 5323 1951 5390 qui

1457 5447 1726 5512 [successus
1750 5459 1946 5512 magnos

1667 307 1892 366 SERMO
1930 305 2200 362 CCCLIX.

3465 313 3600 371 i595

2019 421 2149 488 lica,
2177 438 2334 490 quam
2365 424 2589 495 benigna
2610 467 2628 492 ,
2655 441 2812 496 quam
2838 426 3012 498 justa,
3045 443 3203 500 quam
3245 429 3432 484 ﬁdelis.
3463 430 3596 486 Nam

2019 530 2116 571 nos
2143 517 2349 587 litigare
2379 518 2620 572 videmur
2646 535 2764 575 cum
2796 521 3081 576 Donatistis
3114 541 3127 575 :
3167 521 3260 576 sed
3292 537 3398 576 non
3428 524 3603 592 litiga-

2020 623 2156 664 mus.
2191 610 2281 664 llle
2307 610 2446 664 enim
2479 611 2677 681 litigat,
2706 612 2794 682 qui
2825 613 3131 668 adversario
3157 603 3269 669 suo'
3287 616 3424 670 male
3450 617 3597 683 vult;

2020 700 2188 770 litigat
2222 701 2309 754 ille
2337 702 2425 772 qui
2467 702 2825 757 adversarium
2872 721 3024 758 suum
3068 705 3180 759 vult
3219 705 3596 762 detrimentum

2021 794 2148 863 pati,
2175 809 2233 850 se
2259 805 2632 865 augmentum;
2672 799 2744 853 illi
2771 799 2967 870 aliquid
2995 801 3255 857 decedere
3274 845 3289 866 ,
3320 804 3418 858 sibi
3450 819 3604 858 accc-

2021 885 2168 941 dcre.
2194 887 2307 942 Non
2331 890 2408 942 sic
2429 905 2613 943 sumus
2633 905 2752 944 nos.
2776 891 2934 947 Scitis
2953 902 3005 948 ct
3031 909 3142 956 vos,
3169 895 3316 950 scitis
3339 896 3426 964 qui
3449 906 3599 950 extra

2021 977 2277 1031 unitatem
2320 978 2573 1047 litigatis;
2605 981 2751 1033 scitis
2778 991 2829 1036 et
2858 998 2983 1044 vos,
3015 985 3100 1053 qui
3131 1001 3192 1038 ex
3226 985 3484 1038 divisione
3514 1001 3604 1038 ac-

2021 1069 2201 1139 quisiti
2230 1070 2361 1123 eszis
2394 1088 2405 1122 :
2437 1072 2584 1124 scitis
2610 1073 2727 1140 quia
2757 1075 2852 1125 ista
2885 1073 2948 1126 lis
2980 1091 3080 1128 non
3111 1085 3195 1130 est
3217 1078 3334 1129 talis
3365 1078 3450 1145 lis,
3475 1078 3597 1147 quia

2023 1179 2126 1216 non
2156 1173 2235 1218 est
2265 1166 2556 1230 malevola,
2596 1166 2714 1234 quia
2762 1183 2864 1220 non
2911 1168 3079 1222 tendit
3125 1170 3176 1222 in
3223 1169 3600 1224 detrimentum

2020 1254 2307 1309 adversarii
2334 1297 2364 1340 ,'
2394 1256 2485 1310 sed
2523 1259 2690 1324 magis
2735 1259 2784 1311 in
2833 1259 3058 1311 lucrum.
3105 1259 3420 1314 Volebamus
3463 1264 3603 1313 enim

2021 1363 2135 1410 eos,
2167 1336 2286 1402 cum
2323 1336 2513 1419 quibus
2540 1350 2745 1418 litigare
2771 1351 3113 1417 videbamur,
3143 1352 3226 1405 vel
3254 1352 3427 1405 adhuc
3454 1353 3606 1405 vide-

2021 1456 2141 1494 mur
2161 1483 2174 1504 ,
2207 1442 2482 1511 acquirere
2508 1442 2822 1505 nobiscum;
2854 1457 2958 1496 non
3005 1443 3228 1512 perdere
3249 1484 3263 1505 ,
3295 1452 3352 1497 ut
3383 1459 3480 1497 nos
3511 1460 3604 1496 ac-

2022 1532 2314 1602 quiramur.
2362 1532 2601 1601 Denique
2638 1534 2737 1586 alia
2784 1549 2885 1586 vox
2933 1544 3112 1587 nostra
3165 1544 3280 1598 est,
3315 1550 3471 1604 quam
3516 1534 3606 1588 fuit

2024 1624 2201 1679 fratris
2228 1625 2368 1680 illius
2390 1667 2403 1687 ,
2443 1626 2530 1696 qui
2560 1627 2918 1694 interpellavit
2946 1627 3216 1682 Christum
3248 1629 3298 1681 in
3330 1635 3470 1682 terra
3497 1644 3612 1681 am-

2025 1715 2315 1771 bulantem.
2364 1717 2496 1772 Nam
2553 1727 2606 1772 et
2646 1733 2743 1773 nos
2786 1719 3188 1789 interpellamus
3233 1736 3354 1774 cmn
3408 1721 3460 1774 in
3513 1720 3613 1776 hac

2024 1823 2182 1862 causa
2225 1808 2276 1862 in
2318 1809 2456 1863 cmlo
2493 1810 2769 1864 sedentem
2797 1829 2808 1864 :
2840 1822 2894 1865 et
2922 1826 3024 1865 non
3052 1811 3279 1866 dicimus
3304 1853 3318 1873 ,
3357 1811 3570 1865 Domine
3594 1853 3610 1878 ,

2027 1899 2108 1952 dic
2131 1901 2278 1970 fratri
2309 1917 2440 1966 meo,
2467 1911 2519 1954 ut
2541 1903 2730 1956 dividat
2751 1920 2944 1956 merum
2970 1904 3313 1957 [nereditatem
3333 1921 3351 1970 ;
3372 1903 3486 1968 sed,
3516 1903 3613 1960 Dic

2027 1990 2176 2044 fratri
2206 2007 2326 2044 meo
2350 2033 2364 2057 ,
2397 2002 2454 2046 ut
2487 2001 2662 2047 teneat
2693 2009 2902 2048 mecum
2935 1994 3318 2048 hrcreditatem.

2098 2082 2153 2136 5.
2192 2079 2566 2137 Catholicorum
2592 2086 2904 2155 propositum
2929 2094 2974 2137 et
2997 2086 3228 2139 voluntas
3256 2104 3344 2150 pro
3368 2083 3607 2140 Ecclesia

2030 2191 2170 2244 pace.
2201 2175 2462 2242 Quoniam
2495 2176 2596 2232 hoc
2634 2177 2879 2232 volumus
2905 2185 2959 2232 et
2987 2178 3194 2246 publica
3224 2178 3382 2234 Gesta
3414 2188 3618 2233 testan-

2031 2275 2117 2321 tur
2147 2286 2160 2322 :
2194 2269 2442 2337 quoniam
2473 2268 2575 2322 hoc
2613 2268 2960 2332 voluerimus,
2992 2269 3194 2322 indices
3216 2279 3338 2323 sunt
3369 2285 3472 2322 non
3506 2279 3621 2322 tan—

2033 2367 2141 2412 tum
2172 2375 2469 2423 sermones,
2502 2359 2595 2414 sed
2628 2361 2818 2413 littera:
2850 2369 3043 2413 nostrze
3073 2360 3208 2412 data!
3239 2360 3304 2412 ad
3329 2361 3464 2414 illos.
3491 2359 3586 2427 Epi
3607 2391 3620 2402 -

2031 2457 2304 2518 scopulum
2344 2450 2575 2503 amatis?
2621 2449 2906 2503 Nobiscum
2939 2449 3151 2504 habete.
3201 2447 3256 2501 ln
3301 2449 3451 2503 vobis
3490 2449 3622 2503 nihil

2033 2541 2278 2606 odimus,
2330 2541 2458 2595 nihil
2503 2542 2854 2605 detestamur,
2900 2541 3029 2596 nihil
3078 2556 3438 2606 exsecramur,
3488 2540 3623 2595 nihil

2034 2633 2456 2700 anathemamus,
2481 2634 2580 2688 nisi
2605 2633 2890 2687 humanum
2913 2648 3170 2687 errorem.
3198 2633 3518 2699 llmnanum,
3542 2631 3626 2688 dio

2035 2725 2227 2790 ximus,
2259 2725 2586 2779 detestamur
2607 2739 2869 2782 errorem.
2903 2740 3006 2778 non
3034 2724 3267 2778 divinam
3302 2724 3580 2779 veritatem
3607 2744 3622 2777 :

2036 2815 2130 2868 sed
2152 2814 2291 2883 quod
2322 2815 2411 2868 Dei
2439 2815 2664 2878 habetis,
2695 2816 3032 2885 agnoscimus
3055 2831 3070 2880 ;
3095 2815 3235 2886 quod
3262 2827 3495 2870 vestrum
3523 2817 3628 2870 im-

2037 2906 2262 2976 probum
2309 2905 2550 2970 habetis,
2600 2906 2937 2975 corrigimus.
2983 2905 3202 2976 Signum
3247 2906 3454 2960 Domini
3487 2907 3626 2970 mei,

2039 3000 2248 3070 signum
2295 2999 2634 3067 Imperatoris
2679 2999 2805 3065 mei,
2847 2997 3210 3054 characterem
3240 2997 3400 3067 Regis
3429 2998 3628 3068 mei,iu

2039 3092 2316 3147 desertore
2340 3106 2570 3161 agnosco
2589 3108 2603 3155 ;
2623 3107 2828 3160 quaero,
2853 3089 3086 3157 invenio,
3110 3090 3388 3153 admoveo,
3412 3088 3630 3153 accedo,

2040 3180 2402 3253 apprehendo,
2425 3180 2579 3246 duco,
2609 3181 2819 3251 corrigo
2840 3179 3190 3242 desertorem,
3217 3194 3320 3233 non
3350 3179 3489 3234 violo
3504 3177 3632 3231 cha-

2040 3284 2322 3330 ractcrem.
2355 3273 2411 3328 Si
2440 3273 2559 3342 quis
2586 3272 2848 3338 advertat,
2881 3273 2924 3327 si
2957 3273 3078 3343 quis
3107 3272 3365 3335 attendat,
3395 3271 3494 3323 hoc
3525 3285 3630 3325 non

2042 3376 2120 3423 est
2148 3367 2374 3434 litigare,
2403 3363 2497 3419 sed
2523 3379 2723 3418 amare.
2757 3364 2992 3417 Diximus
3020 3378 3176 3432 posse
3221 3364 3270 3416 in
3313 3378 3413 3414 una
3443 3361 3631 3417 Eccle-

2043 3461 2141 3524 sia,
2178 3457 2326 3529 pacis
2370 3441 2550 3523 causa,
2601 3471 2720 3510 esse
2766 3455 2954 3510 fratres
2995 3455 3289 3510 concordes
3332 3473 3345 3508 :
3392 3454 3632 3523 speciosa

2043 3549 2185 3602 enim
2229 3563 2317 3603 res
2343 3555 2426 3603 est
2451 3546 2736 3601 cuneordia
2770 3545 2991 3601 fratrum
3031 3544 3133 3616 (a).
3162 3545 3276 3600 Non
3310 3560 3467 3614 posse
3491 3545 3634 3600 enim

2043 3640 2179 3696 dnos
2215 3654 2336 3695 esse
2370 3639 2670 3709 episcopos.
2704 3637 2942 3692 Diximus
2964 3679 2978 3703 ,
3022 3647 3080 3692 ut
3107 3637 3264 3691 ambo
3293 3635 3548 3691 sedeaut‘
3581 3635 3635 3690 in

2045 3748 2146 3787 una
2175 3733 2398 3803 simplici
2429 3731 2683 3796 basilica;
2713 3732 2802 3787 ille
2827 3731 2878 3785 in
2905 3731 3180 3798 cathedra,
3207 3730 3294 3786 ille
3320 3739 3378 3784 ut
3405 3731 3639 3801 pert-gri-

2047 3840 2183 3890 nus;
2216 3826 2302 3880 ille
2329 3828 2381 3881 in
2406 3828 2657 3884 cathedra
2681 3826 2992 3890 christiana,
3019 3825 3105 3880 ille
3128 3826 3179 3879 in
3207 3823 3459 3880 haeretica
3486 3825 3638 3894 quasi

2047 3917 2246 3985 collega
2269 3917 2424 3986 juxta
2453 3917 2636 3972 sedeat
2664 3934 2679 3971 :
2712 3931 2898 3971 rursus
2928 3916 3016 3970 ille
3037 3915 3088 3969 in
3115 3917 3522 3986 congregatione
3543 3931 3638 3970 sua

2046 4007 2334 4079 prmsideat
2351 4010 2394 4074 ’,
2425 4008 2659 4062 vicissim
2694 4007 2781 4060 ille
2809 4006 2858 4058 in
2890 4022 3004 4058 sua.
3037 4005 3407 4059 Pmnitentiam
3439 4005 3638 4076 przedi-o

2047 4107 2218 4152 catam
2259 4111 2380 4153 esse
2416 4097 2470 4150 in
2516 4095 2894 4151 remissionem
2926 4105 3264 4163 peccatorum
3311 4109 3408 4165 per
3451 4109 3640 4148 omnes

2047 4199 2233 4262 gentes
2259 4190 2327 4245 ab
2355 4189 2630 4260 Apostblis
2659 4188 3036 4260 incipientibus
3061 4187 3128 4242 ab
3156 4186 3470 4253 Jerusalem,
3497 4187 3638 4242 dixi-

2049 4299 2186 4338 mus.
2225 4282 2358 4352 Quid
2405 4281 2754 4353 respondebis
2798 4281 2920 4336 huic
2959 4279 3235 4346 Ecclcsiaa,
3279 4296 3398 4350 qua:
3437 4288 3519 4334 est
3547 4295 3641 4350 per

2012 4420 2014 4422 ,
2049 4387 2236 4428 omnes
2271 4384 2454 4444 gentes
2476 4373 2546 4429 ab
2567 4373 2833 4444 Apostolis
2859 4371 3230 4442 incipientibus
3259 4371 3327 4427 ab
3345 4371 3639 4428 Jerusalem

2051 4464 2347 4520 mdii‘teala?
2377 4467 2616 4520 Diximus
2641 4484 2655 4520 :
2686 4465 2956 4520 Ponamus
2980 4463 3200 4519 omnino
3223 4464 3414 4518 malam
3438 4463 3642 4517 habue-

2050 4559 2121 4613 rit
2161 4573 2376 4614 causam
2407 4560 2720 4614 Cmcilianus
2742 4558 2784 4611 ³.
2817 4557 2969 4614 Unus
3011 4557 3172 4611 homo
3208 4558 3398 4612 malam
3427 4573 3642 4612 causam

2053 4651 2256 4707 habens
2280 4694 2294 4717 ,
2327 4652 2433 4706 duo
2462 4651 2735 4714 homines,
2767 4651 3000 4720 quinque
3023 4691 3036 4716 ,
3065 4649 3253 4705 decem
3279 4692 3294 4718 ,
3329 4649 3644 4720 pra'judica-

2053 4741 2184 4798 bunt
2216 4751 2292 4796 tot
2321 4743 2554 4796 millibus
2585 4741 2821 4795 fidelium
2865 4749 2975 4794 toto
3003 4741 3132 4793 orbe
3175 4751 3433 4795 terrarttm
3465 4739 3644 4794 multi-

2055 4835 2175 4905 plici
2227 4831 2549 4887 fecunditate
2592 4830 2950 4886 diffusorum?
2983 4831 3220 4886 Diximus
3249 4832 3367 4885 ista.
3411 4831 3646 4892 Credidit

2053 4925 2346 4990 Abraham,
2380 4933 2433 4978 et
2460 4923 2734 4994 promissa:
2761 4932 2886 4977 sunt
2913 4921 2962 4977 ei
2991 4937 3176 4976 omnes
3204 4931 3386 4993 gentes
3417 4939 3429 4975 :
3461 4935 3648 4988 pecca-

2054 5020 2128 5072 vit
2154 5018 2487 5080 Czecilianus,
2511 5023 2565 5070 et
2587 5015 2862 5086 perierunt
2890 5029 3079 5069 omnes
3099 5021 3301 5083 gentes,
3333 5020 3388 5064 ut
3416 5011 3531 5079 plus
3557 5026 3648 5062 va.

2055 5109 2157 5164 leat
2183 5107 2324 5178 quod
2357 5107 2604 5178 iniquitas
2629 5106 2915 5167 commisit,
2946 5119 3103 5173 quam
3127 5101 3267 5172 quod
3292 5101 3485 5154 veritas
3515 5115 3643 5170 pro.

2055 5202 2240 5258 misit?
2284 5203 2429 5256 Dicta
2481 5209 2604 5255 sunt
2642 5199 2757 5254 lucc
2800 5217 2814 5255 :
2859 5198 3126 5268 leguntur.
3175 5193 3408 5250 Omnino
3457 5202 3644 5251 contra

2131 5386 2146 5415 ι
2164 5383 2320 5432 codex
2346 5381 2430 5439 cl.,
2455 5386 2506 5432 ut
2527 5377 2701 5443 alterni
2721 5377 2938 5443 sedeant.
2965 5437 2977 5443 _
3279 5433 3309 5443 _.

2125 5449 2145 5480 θ
2175 5446 2316 5515 Idem
2341 5433 2495 5494 codex
2523 5441 2607 5504 cl.,
2630 5453 2799 5490 rursus
2834 5436 2916 5490 ille
2959 5437 3009 5489 in
3033 5433 3396 5500 congregatione
3427 5433 3644 5496 fmterna

2057 5521 2102 5560 ’Δ
2117 5507 2473 5618 Tl’dg‘dtoalex
2493 5564 2577 5624 c|.,
2605 5573 2839 5614 ranamvs
2861 5560 3051 5612 cumino
3073 5557 3200 5622 quod
3223 5554 3405 5607 nullam
3429 5555 3644 5608 habuerit

2056 5643 2252 5682 causam
2272 5626 2571 5679 (cecilianus.

2119 5692 2192 5752 to)
2217 5691 2326 5742 vide
2353 5692 2494 5753 clist.
2526 5686 2612 5738 1:38
2638 5688 2762 5737 inter
2787 5683 3171 5748 Augustinianas,
3199 5689 3250 5735 et
3277 5681 3444 5734 collat.
3467 5682 3514 5743 5,
3532 5692 3644 5744 cap.
