4026 6186
409 297 546 353 1595

402 412 643 481 evempla
680 410 876 475 divina,
915 419 1097 465 contra
1126 408 1443 467 testimonia.
1472 423 1589 477 qua:
1610 415 1852 461 asserunt
1876 407 1977 460 Ec-

405 503 619 557 clesiam
660 512 769 557 toto
808 503 939 557 orbe
970 513 1227 556 terrarum
1256 499 1498 565 diffundi,
1530 498 1681 567 cujus
1726 499 1977 553 Ecclesia:

405 597 457 647 ltt
482 594 694 648 nomine
722 594 925 648 Domini
946 604 1183 648 tenemus
1203 594 1479 657 unitatem,
1507 590 1634 644 nihil
1666 591 1736 643 illi
1760 606 1979 659 respou-

404 686 532 741 dere
560 695 860 756 potuerunt.

478 779 529 831 6.
574 778 648 831 De
668 777 954 842 Caeciliano,
985 777 1125 830 salva
1158 775 1397 829 Ecclesia:
1416 793 1589 839 causa,
1610 774 1863 845 judicium
1887 774 1981 827 Ita-

403 866 510 922 beri
530 868 805 922 voluerunt.
838 867 1131 923 Caecilianus
1152 869 1374 922 inventus
1395 868 1649 921 innocens.
1678 866 1829 922 Salva
1851 883 1978 935 ergo

405 972 564 1011 causa
603 957 874 1024 Ecclesiae,
900 957 1205 1011 confirmata
1223 1000 1237 1023 ,
1266 969 1319 1013 et
1351 958 1848 1012 inconunutahiliter
1874 958 1976 1012 fixa

404 1062 466 1102 ac
490 1048 736 1113 stabilita,
756 1058 1001 1119 tanquam
1023 1064 1179 1121 supra
1200 1050 1595 1107 fundamentum
1617 1062 1796 1120 petrae,
1818 1068 1974 1120 quam

407 1149 575 1206 porte
617 1139 901 1193 inferorum
937 1155 1038 1193 non
1066 1142 1277 1194 vincant
1306 1160 1320 1195 :
1352 1142 1448 1195 hac
1475 1158 1600 1211 ergo
1629 1143 1792 1207 salva,
1826 1143 1974 1195 veni-

406 1244 522 1281 mus
555 1239 604 1283 ει
632 1228 699 1283 ad
726 1245 937 1283 causam
966 1230 1249 1296 Carciliaui,
1273 1232 1381 1299 jam
1410 1234 1579 1287 securi
1608 1232 1860 1303 quidquid
1887 1233 1977 1288 ille

406 1318 730 1372 inveniretur
748 1319 1045 1376 admisisse.
1072 1320 1229 1374 Forte
1257 1321 1421 1386 enim,
1446 1323 1487 1375 si
1512 1331 1565 1375 ut
1594 1324 1750 1377 homo
1772 1324 1975 1377 inveni—

404 1420 549 1463 retur
574 1411 622 1463 in
650 1410 821 1481 aliqua
841 1411 1014 1480 culpa,
1040 1427 1136 1465 nos
1159 1411 1405 1481 litigaturi
1426 1428 1655 1479 eramus,
1677 1424 1731 1467 ιιι
1763 1421 1977 1482 prepter

403 1501 611 1568 culpant
641 1504 795 1557 unius
822 1503 1050 1557 hominis
1076 1504 1356 1558 damnandi
1395 1514 1486 1558 aut
1514 1507 1975 1577 rebaptizandiju-

404 1588 739 1645 diearemnr?
770 1593 833 1645 Et
874 1592 1135 1657 diximus,
1181 1593 1334 1649 Salva
1376 1610 1532 1650 causa
1574 1596 1846 1663 ΕεεΙεεὶίε,
1889 1598 1975 1653 cui

406 1681 535 1733 nihil
566 1683 865 1751 prwjudicat
899 1693 1169 1754 peccatum
1200 1686 1492 1750 Cri-ciliani;
1522 1688 1838 1757 nccjustitia
1860 1688 1975 1743 Ca:-

405 1773 577 1825 i-iliani
605 1785 823 1829 eoronat
844 1775 1132 1832 Ecclesium
1154 1794 1168 1842 ;
1192 1794 1287 1832 nec
1303 1780 1453 1849 culpa
1474 1777 1741 1836 Cmciliani
1760 1781 1975 1835 damnat

404 1864 696 1921 Ecclesium
715 1886 729 1933 ;
749 1869 1017 1924 videamus
1033 1881 1085 1925 et
1114 1871 1277 1940 ipsius
1300 1850 1509 1927 causam
1533 1874 1704 1942 qualis
1731 1875 1817 1928 sit.
1840 1874 1973 1930 Sus-

406 1960 643 2028 cepimus
685 1975 801 2015 eam
824 1962 1225 2031 discutiendam,
1253 1965 1344 2019 sed
1373 1976 1615 2037 tanquam
1644 1967 1839 2032 fratris,
1867 1983 1972 2022 non

405 2060 651 2120 tanquam
704 2055 900 2121 patris,
934 2065 1025 2109 aut
1070 2057 1272 2110 matris.
1321 2057 1475 2111 Pater
1505 2060 1653 2112 nobis
1682 2059 1821 2113 Deus
1849 2068 1931 2113 est
1953 2098 1971 2124 ,

405 2151 574 2195 mater
601 2143 751 2196 nobis
780 2144 1016 2199 Ecclesia
1047 2155 1129 2201 est
1159 2164 1173 2199 :
1210 2146 1520 2202 Czecilianus
1550 2148 1709 2202 frater
1736 2148 1851 2209 fuit,
1882 2158 1972 2202 aut

402 2228 566 2284 frater
602 2240 718 2297 est;
764 2233 806 2286 si
846 2234 1035 2300 bonus,
1066 2235 1235 2290 bonus
1282 2235 1479 2302 frater;
1508 2237 1552 2290 si
1583 2238 1771 2303 malus,
1801 2239 1971 2293 malus

401 2322 586 2387 frater,
607 2333 778 2377 tamen
803 2324 983 2379 frater.
1005 2326 1057 2379 Si
1088 2327 1441 2381 invenerimus
1460 2344 1578 2381 cum
1610 2329 1967 2392 innocentem,

394 2410 503 2478 jatn
539 2428 633 2465 vos
660 2413 743 2466 ubi
773 2415 953 2478 eritis,
994 2415 1086 2485 qui
1127 2426 1180 2469 et
1221 2417 1272 2470 in
1304 2418 1413 2485 ipsa
1454 2416 1677 2472 humana
1708 2420 1968 2474 calumnia

397 2499 706 2556 defecistis?
733 2503 786 2557 Si
813 2513 986 2558 autem
1018 2506 1261 2561 inventus
1288 2506 1443 2562 fuerit
1468 2525 1687 2573 nocens,
1719 2512 1763 2565 si
1786 2512 1971 2565 iuven-

400 2600 483 2644 tus
514 2593 669 2648 fuerit
712 2612 831 2650 reus
851 2639 864 2660 ,
915 2614 1011 2651 nec
1040 2599 1117 2654 sic
1154 2601 1277 2655 victi
1319 2616 1534 2670 sumus,
1565 2603 1686 2674 quia
1715 2605 1968 2660 unitatem

399 2678 684 2746 Ecclesiie,
716 2701 834 2754 qua:
880 2687 1069 2741 invicta
1116 2698 1229 2752 est,
1261 2689 1580 2748 obtinemus.
1625 2693 1873 2750 inventus
1900 2698 1968 2751 sit

400 2788 612 2837 prorsus
643 2790 781 2840 reus,
814 2776 1079 2832 hominem
1110 2779 1412 2849 anathema,
1453 2784 1646 2839 Christi
1676 2786 1965 2842 Ecclesium

398 2878 502 2915 non
530 2862 737 2918 desero.
773 2866 880 2921 lloc
906 2866 1147 2934 fecimus,
1177 2871 1406 2927 diximus
1437 2890 1451 2926 :
1481 2875 1729 2946 deinceps
1754 2894 1874 2932 eum
1900 2879 1972 2933 ad

397 2954 563 3007 altare
587 2955 722 3009 inter
745 2957 1040 3027 episcOpos,
1067 2977 1201 3031 quos
1227 2963 1413 3019 fideles
1439 2974 1491 3019 et
1521 2965 1824 3023 innocentes
1851 2983 1967 3025 cre—

395 3043 590 3109 dimus,
615 3061 719 3100 non
745 3049 1103 3104 recitahimus.
1130 3051 1239 3106 lIoe
1256 3056 1425 3110 solum
1444 3055 1665 3112 fecimus
1685 3057 1779 3132 (a).
1805 3060 1967 3116 Num-

394 3134 520 3203 quid
566 3146 779 3205 propter
823 3137 1160 3198 Carcilianum
1197 3146 1568 3219 rebaptizaturi
1616 3152 1746 3206 estis
1780 3152 1962 3208 orbem

396 3230 695 3282 terrarum?
722 3230 831 3285 llae
864 3234 1147 3289 securitate
1172 3239 1454 3293 constituta
1473 3248 1527 3294 et
1546 3239 1774 3308 firmata,
1804 3246 1965 3314 erepit

392 3316 581 3371 discuti
604 3334 761 3374 causa
786 3322 1073 3380 Caeciliani.
1102 3324 1347 3383 Inventus
1371 3339 1452 3387 est
1476 3331 1749 3402 innocens,
1780 3335 1965 3393 inven-

392 3417 475 3461 tus
502 3419 583 3463 est
606 3425 635 3463 a
665 3411 1106 3471 calumniantibus
1135 3418 1418 3489 appetitus.
1448 3422 1624 3477 Semel
1649 3425 1841 3480 absens
1870 3427 1960 3483 da-

394 3509 603 3555 mnatus
624 3544 638 3567 ,
674 3519 906 3571 praesens
932 3516 1013 3561 ter
1038 3508 1310 3565 absolutus
1352 3511 1427 3584 (ὁ)
1468 3532 1482 3570 :
1525 3515 1804 3573 damnatus
1827 3537 1857 3574 a
1888 3521 1964 3574 fa-

389 3590 583 3655 ctione,
617 3592 887 3649 abSolutus
908 3596 975 3650 ab
1003 3598 1358 3657 ecclesiastica
1386 3607 1623 3662 veritate.
1654 3608 1809 3667 Lecta
1837 3624 1963 3669 sunt

388 3676 539 3746 lucc,
585 3682 801 3750 probata
832 3694 952 3739 sunt
996 3687 1129 3744 hinc.
1158 3690 1445 3757 Quaasitum
1488 3706 1661 3752 utrum
1706 3700 1963 3760 haberent

387 3770 528 3836 quod
566 3782 747 3828 contra
777 3776 1034 3835 dicerent.
1065 3780 1403 3857 Consumptis
1426 3791 1673 3847 omnibus
1704 3797 1959 3867 tergiver-

389 3861 681 3917 sationibus
710 3866 1086 3925 calumniarum
1114 3888 1325 3930 suarum
1348 3919 1361 3942 ,
1388 3887 1479 3934 aut
1504 3881 1589 3935 ubi
1618 3883 1746 3939 nihil
1772 3861 1959 3943 contra

386 3953 776 4011 evidentissima
809 3960 1044 4029 proferre
1069 3964 1405 4038 documenta,
1449 3988 1547 4029 nec
1585 3985 1767 4032 contra
1798 3980 1962 4048 ipsius

388 4045 739 4103 innocentiam
778 4052 1042 4112 Casciliani
1086 4070 1401 4128 potuerunt,
1454 4067 1653 4135 prolata
1700 4045 1959 4128 sententia

388 4148 465 4191 est
488 4137 739 4196 adVersus
764 4159 875 4198 eos.
905 4147 969 4201 Et
1001 4157 1172 4205 tamen
1197 4150 1293 4222 ipsi
1324 4154 1525 4224 dicunt,
1556 4157 1811 4215 Vicimus.
1839 4163 1961 4217 \‘in-

386 4240 527 4296 eant,
553 4234 645 4287 sed
674 4251 751 4300 se,
781 4246 839 4291 ut
864 4240 1131 4309 possideat
1159 4259 1251 4299 eos
1272 4247 1541 4314 Christus;
1568 4252 1740 4307 vincat
1759 4269 1852 4309 eos
1868 4257 1959 4327 qui

381 4324 605 4380 redemit
623 4342 738 4383 eos.

458 4417 509 4470 7.
553 4418 707 4472 Multi
729 4437 789 4474 ea:
814 4419 1192 4479 Donatistarum
1225 4430 1490 4485 schismate
1522 4439 1743 4491 conversi
1766 4441 1833 4492 ad
1861 4438 1961 4495 Ec-

384 4508 607 4562 clesium.
636 4511 702 4565 Et
745 4521 919 4568 tamen
945 4515 1010 4569 de
1038 4519 1215 4574 multis
1243 4522 1555 4591 gaudemus.
1601 4529 1742 4585 Multi
1773 4549 1956 4589 eorum

384 4600 649 4655 frnctuose
677 4602 796 4657 victi
823 4615 963 4673 sunt,
991 4609 1111 4678 quia
1144 4627 1240 4666 nec
1261 4614 1382 4669 victi
1405 4628 1545 4671 sunt.
1578 4620 1741 4675 Error
1767 4624 1956 4678 Imma-

384 4704 483 4743 nus
514 4690 677 4745 victus
704 4702 804 4753 est.
830 4694 990 4753 homo
1014 4700 1243 4758 salvatus
1264 4714 1362 4759 est.
1394 4706 1523 4763 Nam
1555 4712 1792 4771 medicus
1818 4720 1955 4771 non‘

382 4781 653 4836 contendit
673 4798 791 4838 cum
823 4799 1053 4858 aegroto;
1085 4802 1139 4873 et
1163 4794 1206 4849 si
1228 4808 1457 4868 mgrotus
1488 4801 1610 4858 facit
1635 4820 1754 4860 cum
1785 4809 1956 4864 medi-

446 4961 462 5028 ξ
499 4958 937 5028 particulapegans
952 4966 1092 5016 abest
1110 4980 1137 5017 a
1158 4969 1431 5023 (‘olbertino
1450 4977 1629 5028 codice.

444 5020 517 5141 (αξ
542 5020 655 5070 \ide
678 5020 842 5073 collati
855 5027 904 5085 5,
928 5040 1064 5090 capp.
1089 5029 1196 5087 230,
1224 5020 1459 5092 235,233.

444 5082 491 5141 (ὸ
539 5089 793 5134 Damnatus
814 5084 972 5139 fuerat
991 5102 1019 5138 a
1056 5094 1308 5141 Donatistis
1329 5097 1376 5141 in
1397 5110 1459 5141 sm

418 5082 972 5163 LtoLDaAmnatusfuerat
1046 5082 1376 5163 ponatistis'in
1397 5082 1596 5160 synodo,
1620 5102 1745 5163 apud
1766 5106 1956 5155 Cartim-

381 5146 843 5217 ﬂii-leti},.ai_ll10.3il.
870 5150 1121 5217 Absolutus
1145 5162 1221 5203 est
1244 5146 1445 5217 primum
1486 5146 1954 5217 [totumT

378 5204 472 5290 et:
505 5203 907 5290 iactatae;
922 5212 1050 5290 es:
1082 5203 1273 5290 aeros.
1300 5203 1956 5290 eamsEaIm'i'n'iof’gasi

510 5278 602 5351 aq:l
614 5263 1020 5351 fili—ignem?
1034 5308 1049 5333 ,
1084 5263 1347 5351 Mediolani

380 5326 790 5405 tot-ﬂeLadA‘queni
814 5344 925 5405 pars
945 5326 1147 5405 adversa
1181 5326 1481 5405 provocarat,
1490 5326 1727 5395 31.7315.”
1737 5326 1956 5400 iniiinii:

379 5390 1107 5472 Lentulusqmﬂminatioﬁuod
1123 5390 1369 5472 ordinatus
1610 5390 1957 5472 reiicé'iﬁiiii-

379 5450 521 5555 gensi
547 5452 789 5513 episeopo,
803 5456 884 5517 qni
908 5450 1070 5508 sacros
1079 5460 1274 5511 Codices
1284 5450 1375 5513 sub
1396 5450 1955 5524 oiéa'éiia'nb'iiétiiaiéé'é

398 5511 645 5555 erebatnr.
666 5516 794 5555 mlan
825 5518 916 5555 nisi
943 5532 1110 5555 uorum
1135 5522 1255 5555 f‘m-m
1301 5526 1356 5555 ml
1382 5528 1650 5555 οηιιςι-..ιηοιι-
1676 5544 1861 5555 Mn“-..
1884 5551 1928 5555 Α.-

398 5511 645 5585 probatur.
666 5511 795 5585 Quod
818 5511 1111 5585 etsiverum
1135 5522 1277 5583 foret,
1296 5511 1367 5575 ἡδ’
1381 5511 1956 5585 senuiﬁiiig'ciuéiiiiéii

377 5568 560 5647 Enen
583 5568 858 5647 erat';_quia
891 5577 984 5647 alia
1007 5568 1246 5647 estcausa
1265 5568 1510 5638 'Eoclesia;
1525 5568 1953 5647 ξ’

376 5635 841 5719 ξξξξςἫξΞ-έὲἰξ
852 5654 875 5719 Ι
879 5640 1059 5719 uillich
1068 5635 1442 5719 comprobatum
1450 5635 1956 5719 ééi'réiiée'iii'iéi'ié'é};

377 5699 492 5745 pum
513 5692 790 5747 traditorem
815 5692 907 5751 non
933 5692 1098 5754 fuisse.
1123 5692 1252 5757 Suis}.

1616 287 1670 343 S.
1708 280 2064 342 AUGUSTINI
2108 283 2404 341 Ei’lStIOl‘l

3527 298 3663 354 1590

2084 417 2168 468 eo,
2199 404 2422 458 vincitur
2449 406 2642 471 febris,
2674 415 2727 461 et
2754 415 2968 461 sanatur
2990 417 3238 478 a-grotns.
3272 407 3400 462 Nam
3435 408 3535 466 hoc
3577 416 3658 465 iu-

2084 493 2247 548 tcudit
2273 494 2527 561 medicus,
2562 496 2773 550 vincere
2807 515 2819 548 :
2851 496 2951 551 hoc
2979 496 3205 552 intendit
3243 508 3297 551 ct
3323 497 3507 569 febris,
3540 502 3659 555 vin—

2080 600 2220 639 cere.
2254 585 2463 639 Positns
2492 597 2573 640 cst
2601 588 2749 656 quasi
2777 588 2828 641 in
2868 587 3044 641 medio
3071 599 3323 658 a'grotus.
3368 591 3421 644 Si
3469 593 3657 646 vicerit

2081 676 2337 742 medicus,
2362 677 2538 731 salvus
2562 687 2644 731 est
2670 688 2899 749 :rgrotus
2926 697 2937 732 :
2966 681 3008 733 si
3038 681 3220 734 vicerit
3251 680 3432 747 febris,
3465 686 3662 736 morie-

2080 771 2166 820 tur
2189 775 2438 834 :rgrotus.
2468 766 2524 820 In
2562 769 2900 823 contentione
2926 785 3052 839 ergo
3096 780 3272 824 nostra
3305 773 3657 828 contendebat

2080 856 2317 910 medicus
2346 873 2439 926 pro
2484 860 2671 923 salute,
2702 874 2797 928 pro
2824 858 2968 913 febre
3010 860 3364 916 contendebat
3405 874 3659 932 :rgrotus.

2079 949 2176 1015 Qui
2206 950 2690 1005 animadverterunt
2718 952 2906 1006 medici
2936 953 3212 1007 consilium
3235 994 3249 1017 ,
3288 954 3548 1020 vicerunt,
3584 957 3657 1010 te.

2078 1039 2226 1093 brcm
2258 1049 2659 1108 superaverunt.
2695 1042 2957 1095 llahemus
2987 1058 3079 1095 eos
3105 1058 3263 1097 sanos
3283 1053 3335 1098 et
3362 1045 3657 1114 gaudentes

2078 1131 2351 1185 nobiscum
2383 1132 2434 1185 in
2458 1132 2718 1188 Ecclesia.
2743 1133 3183 1202 Blasphemabant
3215 1150 3308 1189 nos
3333 1146 3509 1199 antea,
3533 1139 3655 1205 quia

2078 1222 2265 1277 fratres
2287 1239 2383 1277 nos
2410 1241 2513 1279 non
2542 1226 2898 1295 agnoscebant
2920 1244 2933 1280 :
2953 1227 3111 1280 febris
3128 1228 3267 1281 enim
3291 1238 3522 1282 mentem
3546 1238 3651 1283 tur-

2077 1312 2311 1367 baverat.
2343 1314 2451 1369 Nos
2496 1326 2669 1369 tamen
2702 1316 2818 1370 illos
2857 1325 2913 1370 et
2936 1316 3259 1371 detestantes
3286 1333 3384 1372 nos
3406 1359 3422 1384 ,
3468 1328 3518 1373 et
3549 1334 3655 1372 se.

2077 1407 2281 1461 vientes
2323 1408 2375 1461 in
2408 1423 2504 1461 nos
2540 1424 2811 1473 amamus,
2840 1418 2895 1465 et
2921 1410 3262 1464 sazvientibus
3298 1412 3509 1479 (egrotis
3536 1426 3653 1465 scr-

2076 1500 2366 1555 viehamus.
2398 1502 2810 1566 Rcsistebamus,
2836 1501 3305 1567 contendebamus,
3330 1512 3383 1557 et
3409 1504 3555 1572 quasi
3590 1505 3657 1558 li-

2075 1594 2405 1664 tigabamus;
2435 1604 2489 1650 ct
2536 1605 2707 1650 tamen
2753 1595 3079 1650 amabamus.
3111 1594 3313 1649 Molesti
3357 1596 3499 1649 enim
3532 1606 3657 1650 sunt

2074 1701 2261 1739 onmes
2281 1686 2368 1755 qui
2399 1686 2586 1741 talibus
2606 1687 2973 1757 languentibus
2997 1686 3267 1753 serviunt;
3297 1687 3391 1742 sed
3416 1688 3481 1741 ad
3506 1690 3654 1743 salu-

2076 1785 2181 1831 tem
2210 1778 2415 1831 molesti
2444 1785 2586 1832 sunt.

2143 1869 2195 1922 8.
2217 1866 2591 1922 Obstinatorum
2605 1868 2938 1941 quorumdam
2953 1869 3121 1940 inepta
3138 1871 3408 1923 excusatio.
3426 1871 3652 1924 Aliorum

2072 1957 2268 2011 insania
2292 1968 2337 2011 et
2365 1963 2528 2029 furor.
2563 1959 2865 2013 Invenimus
2894 1969 3069 2013 autem
3102 1960 3343 2015 homines
3367 1962 3653 2031 aliquando

2074 2048 2248 2117 pigros
2267 2048 2524 2115 dicentes,
2562 2049 2754 2103 Verum
2784 2058 2885 2114 est,
2911 2048 3157 2115 domine,
3198 2066 3377 2106 verum
3406 2062 3515 2116 est;
3546 2069 3652 2105 non

2071 2148 2154 2192 est
2181 2138 2304 2208 quid
2327 2138 2525 2193 dioere.
2551 2140 2688 2207 Quid
2713 2140 2880 2209 ergo?
2902 2139 3055 2205 Veni,
3083 2156 3201 2209 age.
3230 2142 3385 2196 Pater
3407 2157 3554 2195 meus
3578 2144 3649 2197 ibi

2070 2237 2151 2281 est
2179 2239 2435 2290 mortuus,
2466 2238 2634 2283 mater
2661 2245 2774 2283 mea
2805 2229 2877 2284 ibi
2915 2231 3138 2299 sepulta.
3179 2230 3441 2284 Mortuum
3472 2233 3650 2285 nonai-

2072 2317 2207 2370 uasti
2235 2326 2288 2371 et
2316 2319 2602 2387 sepultum.
2653 2320 2793 2374 Vivis
2818 2360 2834 2386 ,
2879 2319 3051 2374 adhuc
3095 2330 3177 2374 est
3203 2336 3321 2375 cum
3344 2337 3456 2390 quo
3483 2322 3648 2391 loqui.

2069 2407 2323 2464 Parentes
2353 2410 2424 2463 tui
2455 2410 2728 2466 christiani
2774 2412 2984 2467 fuerunt
3013 2413 3063 2466 in
3111 2422 3259 2482 parte
3298 2414 3483 2468 Donati
3511 2433 3523 2467 :
3555 2432 3646 2483 pa-

2070 2510 2249 2554 rentes
2282 2516 2465 2555 eorum
2499 2502 2634 2557 forte
2675 2512 2729 2557 et
2771 2504 2867 2572 ipsi
2910 2503 3204 2569 christiani,
3234 2506 3315 2559 avi
3343 2516 3434 2559 aut
3464 2511 3642 2575 proavi

2068 2600 2212 2644 certe
2232 2594 2438 2661 pagani.
2462 2593 2559 2659 Qui
2584 2608 2711 2662 ergo
2734 2595 2885 2661 primi
2910 2594 3027 2649 facti
3051 2606 3173 2649 snttt
3196 2597 3489 2664 christiani,
3520 2615 3641 2652 cum

2066 2684 2380 2738 extulissent
2410 2693 2654 2753 parentes
2697 2700 2822 2740 suos
2864 2702 3127 2755 paganos,
3167 2689 3422 2757 numquid
3456 2700 3641 2745 contra

2066 2774 2339 2829 veritatem
2368 2774 2539 2846 frigidi
2562 2776 2809 2832 fuerunt?
2834 2778 3087 2847 numquid
3107 2781 3474 2835 auctoritatem
3500 2798 3646 2836 mor-

2068 2874 2274 2920 tuorum
2309 2877 2580 2936 parentum
2609 2869 2773 2923 secuti
2804 2878 2949 2936 sunt,
2988 2880 3041 2925 et
3078 2887 3183 2925 non
3214 2872 3386 2941 potius
3422 2874 3646 2929 mortuis

2067 2955 2378 3025 parentibus
2406 2958 2577 3012 vivum
2605 2958 2875 3015 Christum
2916 2961 3296 3031 prtetulcrunt?
3320 2962 3375 3018 Si
3407 2978 3533 3033 ergo
3559 2963 3648 3020 hic

2065 3064 2187 3102 vera
2217 3050 2389 3103 unitas
2414 3059 2496 3105 cst
2516 3093 2531 3117 ,
2560 3061 2707 3105 extra
2750 3067 2907 3122 quam
2941 3067 3160 3108 necesse
3184 3056 3341 3109 estin
3384 3066 3642 3112 :eternum

2064 3144 2327 3209 moriaris,
2351 3161 2513 3214 quare
2540 3156 2773 3201 mortuos
2797 3156 3042 3216 parentes
3066 3157 3183 3203 tuos
3201 3150 3353 3218 sequi
3373 3151 3470 3217 vis,
3496 3166 3639 3206 mor-

2065 3242 2183 3289 tuos
2210 3235 2300 3290 tibi
2323 3245 2373 3289 et
2402 3237 2547 3291 Deo?
2574 3236 2709 3303 Quid
2739 3238 2907 3292 dicis?
2946 3240 3228 3309 reSponde.
3256 3241 3453 3296 Vermn
3480 3242 3635 3309 dicis,

2064 3340 2168 3379 non
2206 3334 2288 3380 est
2315 3327 2440 3395 quid
2490 3328 2687 3383 dicere.
2732 3330 2868 3396 Quid
2913 3330 2994 3385 vis
3031 3330 3260 3386 faciam?
3300 3334 3641 3391 Consuetudo

2064 3417 2245 3471 nescio
2272 3433 2391 3487 qua:
2415 3427 2555 3473 tenet
2585 3420 2683 3474 sibi
2711 3420 2952 3476 homines
2977 3422 3130 3477 tales.
3164 3424 3461 3495 Lethargiei
3493 3436 3637 3493 sunt,

2062 3509 2328 3563 centrario
2354 3510 2539 3564 morbo
2564 3511 2823 3578 laborant,
2854 3512 3165 3569 dormiendo
3206 3515 3445 3570 morituri
3489 3529 3636 3572 sunt.

2062 3597 2164 3652 Alii
2189 3598 2481 3666 phrenetici
2508 3609 2650 3667 sunt,
2676 3602 2883 3657 molesti
2914 3614 3053 3657 sunt.
3077 3604 3207 3658 Nam
3229 3607 3326 3661 etsi
3354 3608 3641 3663 meriturus

2061 3699 2143 3744 cst
2186 3691 2524 3762 lethargicus,
2555 3695 2636 3748 vel
2672 3696 2923 3750 servienti
2965 3697 3064 3752 sibi
3103 3714 3210 3752 non
3254 3709 3336 3753 est
3365 3684 3635 3757 molestus.

2060 3782 2363 3839 Phreuetici
2390 3787 2597 3840 molesti
2628 3797 2779 3851 sunt,
2811 3790 2899 3857 qui
2936 3802 3167 3845 mentem
3195 3793 3557 3861 perdiderunt,
3586 3807 3642 3851 et

2062 3873 2233 3927 insani
2263 3882 2423 3944 atque
2464 3874 2644 3929 furiosi
2672 3878 2860 3930 armati
2905 3886 3161 3948 vagantur
3191 3882 3288 3936 hac
3314 3890 3467 3952 atque
3495 3884 3639 3948 illac,

2061 3974 2359 4035 qu;erentes
2383 3983 2517 4035 quos
2546 3968 2812 4031 occidant,
2844 3984 2978 4038 quos
3004 3981 3290 4027 exczccent.
3321 3973 3464 4028 Nova
3495 3978 3641 4030 enim

2060 4058 2212 4112 nobis
2236 4059 2471 4113 nuntiata
2490 4070 2631 4125 sunt,
2651 4060 2860 4115 cuidam
2881 4064 3186 4134 presbytero
3204 4074 3387 4120 nostro
3406 4067 3640 4136 linguam

2059 4159 2409 4204 exsecuerunt
2439 4150 2537 4221 (a).
2567 4151 2656 4206 Isti
2700 4152 2987 4222 phrenetici
3027 4164 3168 4209 sunt.
3194 4156 3528 4212 Excercenda
3557 4171 3641 4215 est

2059 4238 2323 4307 Charitas,
2369 4242 2579 4296 amandi
2630 4252 2685 4297 et
2730 4243 2847 4312 ipsi.
2890 4244 3033 4298 Multi
3074 4246 3297 4300 correcti
3338 4247 3639 4316 fleverunt,

2061 4332 2212 4386 multi
2243 4335 2466 4387 correcti
2494 4353 2505 4387 :
2534 4349 2632 4388 nos
2656 4335 2919 4399 novimus,
2949 4336 3015 4389 ad
3046 4352 3141 4391 nos
3172 4347 3429 4393 venerunt
3456 4340 3521 4394 de
3545 4358 3641 4395 nu-

2059 4438 2207 4477 mero
2249 4422 2482 4492 ipsorum
2516 4423 2853 4479 furiosorum.
2901 4425 3054 4480 Fient
3096 4428 3332 4497 quotidie
3375 4434 3639 4498 printerita

2059 4528 2182 4577 sua,
2215 4529 2313 4568 nec
2339 4515 2596 4568 satiantur
2634 4516 2880 4587 lacrymis
2908 4518 3243 4574 attendentes
3265 4534 3451 4575 eorum
3486 4520 3639 4576 furo~

2058 4619 2192 4670 rem,
2212 4607 2299 4674 qui
2322 4622 2423 4659 non
2444 4605 2645 4675 digesta
2663 4607 2917 4661 ebrietate
2935 4610 3181 4664 vanitatis
3199 4611 3370 4667 adhuc
3390 4614 3635 4670 sreviunt.

2058 4693 2200 4765 Ergo
2225 4696 2348 4765 quid
2374 4696 2635 4752 facimus?
2666 4698 2880 4754 Talibus
2907 4701 3109 4755 servire
3131 4702 3360 4757 charitas
3380 4704 3539 4774 cogit.
3569 4704 3636 4760 Et

2058 4788 2299 4855 quamvis
2343 4789 2551 4843 molesti
2593 4804 2777 4843 sumus
2807 4790 3015 4861 utrique
3043 4794 3222 4861 generi
3244 4833 3258 4856 ,
3306 4802 3363 4848 et
3387 4793 3638 4864 lethargio

2056 4892 2175 4931 cum
2202 4879 2497 4946 excitando,
2528 4888 2582 4933 ει
2605 4878 2971 4948 phreneticum
2996 4880 3227 4951 ligando,
3252 4883 3439 4939 ambos
3462 4893 3639 4939 tamen

2057 4984 2316 5023 amamus.

2127 5061 2178 5115 9.
2221 5062 2499 5116 Concordia
2525 5065 2741 5133 fratrum
2764 5062 2817 5116 in
2840 5061 3055 5119 Christo.
3079 5064 3222 5119 Bona
3250 5080 3337 5120 res
3363 5065 3637 5122 concordia

2056 5155 2304 5222 fratrum;
2330 5152 2422 5206 sed
2453 5152 2629 5207 videte
2675 5153 2761 5207 ubi
2792 5171 2804 5206 :
2840 5153 2893 5207 in
2924 5151 3139 5208 Christo
3194 5156 3636 5211 Christianorum.

2058 5242 2125 5296 Et
2143 5260 2286 5297 amor
2309 5244 2671 5313 proximorum.
2702 5242 2860 5310 Quid,
2893 5244 2939 5298 si
2968 5243 3141 5300 adhuc
3167 5246 3398 5301 nondum
3422 5257 3504 5302 est
3530 5246 3638 5302 fra-

2058 5344 2139 5389 ter
2179 5334 2229 5388 in
2266 5334 2517 5389 Christo?
2547 5334 2677 5401 Quia
2708 5334 2867 5388 homo
2888 5376 2901 5399 ,
2947 5336 3221 5404 proximus
3260 5347 3379 5404 est;
3410 5353 3558 5393 ames
3587 5347 3643 5393 et

2058 5424 2228 5493 ipsmn
2248 5465 2262 5487 ,
2292 5433 2351 5479 ut
2376 5426 2593 5479 lncreris
2630 5434 2684 5479 et
2713 5426 2905 5493 ipsum.
2946 5425 2999 5479 Si
3031 5442 3157 5495 ergo
3186 5428 3478 5483 concordes
3515 5444 3638 5484 cum

2058 5514 2219 5570 fratre
2247 5514 2563 5580 christiano,
2592 5530 2737 5569 ames
2761 5524 2936 5569 autem
2979 5516 3295 5583 nroxitnnm,
3332 5519 3490 5574 etiam
3518 5534 3639 5575 cum

2058 5622 2162 5679 quo
2189 5609 2345 5661 modo
2370 5607 2649 5661 concordia
2678 5623 2779 5661 non
2810 5615 2911 5668 est,
2943 5606 3062 5675 quia
3087 5608 3318 5663 nondum
3353 5610 3402 5663 in
3430 5610 3642 5667 Christo

2126 5722 2195 5783 ta)
2222 5722 2335 5771 Vide
2354 5721 2595 5784 Augustini
2624 5720 2763 5783 exist.
2798 5718 2908 5779 183,
2933 5731 2980 5766 ιι.
3008 5716 3087 5766 30.
