2013 3093
154 163 165 187 1
171 160 222 188 597

151 219 229 244 frater
243 219 295 246 est,
310 213 372 248 quia
385 209 501 238 nondum
519 208 544 235 itt
558 206 663 235 Christo
684 208 793 233 renatus
806 208 862 236 est,
877 212 944 231 non-

152 264 215 290 dunt
236 259 333 288 Christi
347 260 511 284 sacramenta
526 253 599 280 novit
610 261 618 285 ;
631 258 748 287 paganus
762 254 804 278 est
814 271 821 281 ,
836 249 944 277 .lud:eus

153 311 210 338 est;
225 311 267 333 est
277 309 367 331 tamen
382 300 528 337 proximus,
545 298 606 333 quia
621 297 701 324 homo
715 300 755 323 est
770 305 776 323 :
791 295 813 322 si
830 302 904 321 amas
918 298 945 321 et

153 355 252 389 ipsum,
270 347 407 378 aceessisti
426 351 452 374 et
467 345 500 372 ad
514 345 592 372 aliam
606 343 775 371 dilectionem
789 340 842 368 alio
856 340 944 389 dono‘,

153 385 179 427 et
194 399 232 425 sic
245 400 307 424 suttt
320 395 346 422 in
358 398 383 421 te
394 393 456 424 duo,
468 390 608 419 Concordia
616 390 733 423 fratrum,
747 392 769 414 et
779 395 850 413 amor
858 385 946 420 proxi-

154 451 264 470 morum.
278 441 319 468 Ex
337 439 378 465 his
392 437 514 465 omnibus
534 433 701 462 concordiam
717 431 865 459 tenentibus
886 437 946 456 cum

154 487 284 515 fratribus
305 489 333 511 et
349 482 504 515 amantibus
522 480 686 515 proximum,
700 481 804 504 constat
827 475 947 503 Ecclesia

154 534 251 561 devota
263 530 381 562 Christo,
392 532 419 555 et
431 526 536 554 subdita
550 526 617 558 viro,
633 529 660 551 ut
675 524 719 550 fiat
735 523 852 555 tertium,
872 521 916 548 Vir
927 524 949 547 et

155 578 247 605 mulier
259 575 307 602 sibi
317 573 497 601 consentientes
513 571 521 605 (
535 570 615 596 Eccli.
630 577 693 601 xxv,
707 567 753 603 Ξ).
767 567 843 595 Unde
858 566 951 593 admo-

156 629 252 651 nemus
265 620 429 648 Charitatem
441 621 567 648 vestram,
579 619 607 642 et
619 623 665 642 vos
678 614 849 641 exhortamur
860 612 886 638 in
898 612 950 639 Do-

157 669 248 701 mino,
262 665 404 702 praesentia
417 662 607 694 contemnatis,
625 661 721 687 fratres
740 659 807 690 mei,
823 665 882 693 qua:
897 665 949 684 non

157 715 297 742 vobiscum
309 709 448 739 moriendo
461 708 570 744 portatis
583 715 589 734 :
601 706 716 734 caveatis
726 709 843 741 peccata,
857 710 952 730 carea-

159 763 193 788 tis
212 759 379 794 iniquitates,
393 755 508 783 caveatis
528 753 670 780 smculares
688 751 853 786 cupiditates.
876 748 952 775 'l‘unc

159 807 231 834 enim
245 810 286 832 est
296 804 397 831 fructus
408 805 498 828 noster
509 799 534 826 in
546 798 621 825 nobis
632 799 743 831 integer,
755 802 781 823 et
792 802 893 822 merces
905 801 952 820 no-

160 859 216 880 stra
232 850 301 885 apud
316 848 456 876 Dontiuutn
474 846 550 880 plena
565 844 729 879 gaudiorum.
744 841 809 869 Nam
825 840 874 868 etsi
887 840 951 867 dici-

160 905 221 925 mus
234 895 303 931 qttod
321 893 461 922 dicendum
475 895 526 923 est,
543 890 592 918 etsi
607 889 780 925 prmdieamus
795 887 865 922 quod
882 894 951 921 prte-

160 941 303 970 dicandunt
317 944 368 971 est,
382 943 409 966 et
417 937 544 965 solvimus
559 943 606 962 nos
616 934 684 970 apud
699 934 835 961 Dominum
851 933 876 959 in
888 939 953 959 con-

160 992 252 1023 spectu
267 985 379 1017 Domini,
392 984 452 1019 quia
466 991 517 1009 non
529 982 658 1009 tacuimus
669 980 737 1016 quod
751 979 884 1012 timemus,
899 983 952 1005 non

162 1033 291 1060 Iacuintus
306 1030 376 1066 quod
396 1035 531 1059 amamus,
549 1031 580 1054 ut
593 1033 672 1060 super
686 1033 764 1060 quem
784 1025 885 1051 venerit
898 1023 955 1058 gla~

159 1080 221 1107 dius
249 1077 371 1104 vindicta:
398 1074 558 1106 dominicze,
574 1072 637 1107 quid
660 1071 817 1106 speculatori
844 1070 955 1104 imputet

160 1134 214 1152 ttott
229 1123 346 1151 inveniat
360 1131 366 1148 :
382 1126 470 1148 tamen
485 1119 607 1146 nolumus
621 1119 769 1145 mercedem
782 1121 899 1143 nostram
913 1122 955 1142 sc-

160 1177 256 1197 curam
268 1176 327 1195 esse
339 1167 414 1194 vobis
424 1165 546 1201 perditis,
562 1163 609 1191 sed
625 1163 700 1190 vobis
713 1162 837 1189 inventis.
852 1160 916 1187 Nant
928 1164 954 1186 et

159 1215 304 1251 apostolus
314 1213 407 1241 Paulus
422 1218 531 1239 securus
545 1215 603 1237 erat
615 1209 648 1236 de
662 1208 784 1235 mercede
801 1214 858 1239 sua,
875 1211 901 1233 et
916 1211 955 1232 ta-

159 1269 228 1288 men
243 1259 307 1295 quid
321 1259 356 1286 ait
370 1256 484 1293 populo?
501 1255 578 1282 Nunc
586 1255 700 1287 uiuimus,
710 1254 731 1281 si
740 1261 781 1280 vos
789 1252 860 1280 statis
868 1252 892 1278 iu
902 1251 955 1277 Do-

161 1307 232 1333 mino
246 1306 255 1340 (
267 1305 275 1332 l
288 1304 374 1331 Thess.
388 1311 426 1336 ttt,
440 1301 484 1337 8).
500 1301 609 1335 Loquor
621 1299 695 1326 vobis
714 1304 741 1326 et
763 1296 888 1325 Charitati
908 1303 954 1323 ve-

162 1358 237 1384 ειη),
252 1349 396 1378 secundum
408 1349 555 1383 jussionem
576 1345 690 1376 Domini,
708 1348 795 1378 patres
810 1347 836 1369 et
849 1342 953 1368 fratres.

164 1397 271 1430 L0quor
291 1395 370 1422 etiam
391 1401 440 1429 pro
458 1393 540 1420 fratre
561 1398 620 1418 meo
641 1390 767 1424 episcopo
786 1392 873 1414 vestro
894 1386 953 1420 (η),

164 1443 240 1478 cujus
259 1440 384 1477 gaudium
404 1445 463 1467 eSSe
478 1438 582 1466 debetis
592 1458 599 1470 ,
613 1435 760 1463 obediendo
777 1433 888 1460 Domino
903 1433 956 1459 Deo

165 1493 267 1516 nostro.
281 1486 361 1514 Certe
372 1486 398 1513 in
411 1485 519 1513 nomine
530 1482 576 1511 Dei
590 1483 657 1509 facta
668 1485 708 1508 est
717 1480 792 1507 Vobis
805 1479 860 1505 ltzrc
872 1478 957 1505 eccle-

166 1535 204 1561 sia
218 1541 301 1568 opera
313 1532 407 1567 ipsius,
419 1538 467 1567 per
482 1529 596 1556 fidelium
613 1528 722 1555 fratrum
739 1525 894 1553 collationes
908 1523 956 1550 he-

166 1580 277 1612 nelicas,
296 1576 497 1606 misericordes,
518 1574 639 1601 devotas.
652 1573 731 1600 Facta
749 1575 790 1598 est
808 1570 883 1597 vobis
901 1569 957 1596 ha-c

167 1625 279 1652 ecclesia
295 1631 303 1650 :
317 1622 364 1650 sed
379 1629 427 1649 vos
444 1622 527 1655 magis
541 1619 604 1647 estis
621 1618 747 1646 Ecclesia.
761 1616 841 1643 Facta
856 1619 896 1642 est
909 1622 956 1640 vo-

167 1671 218 1702 bis,
232 1678 287 1705 quo
300 1676 413 1703 corpora
433 1672 519 1694 vestra
541 1665 639 1692 intrent
654 1672 660 1690 :
676 1664 723 1691 sed
744 1667 845 1690 utentes
863 1664 958 1688 vestra:

170 1716 270 1744 debent
289 1722 358 1747 esse,
381 1721 433 1748 quo
447 1713 517 1739 Deus
529 1712 617 1738 intret.
636 1709 790 1736 llonorastis
804 1707 957 1741 episcopum

168 1767 298 1793 vestrum,
314 1764 343 1787 ut
364 1759 433 1786 ltattc
453 1757 588 1785 basilicam
609 1755 770 1783 Florentiam
793 1753 841 1788 (b)
862 1759 958 1778 vocare

170 1806 288 1837 velletis;
304 1804 351 1832 sed
369 1803 503 1831 Florentia
518 1801 574 1837 ejus
593 1808 640 1828 vos
654 1800 728 1827 estis.
751 1799 815 1825 Nam
835 1798 874 1824 sic
895 1797 959 1824 dicit

170 1852 316 1888 Apostolus
329 1860 337 1879 :
352 1850 478 1878 Gaudium
493 1853 514 1875 et
528 1856 620 1874 corona
635 1855 688 1873 mea
702 1854 743 1873 vos
757 1845 815 1872 eatis
829 1845 854 1871 in
869 1844 957 1870 Denti-

169 1906 202 1925 no
222 1896 358 1932 (Philipp.
371 1903 408 1928 tv,
421 1895 433 1922 1
446 1894 467 1930 ).
490 1892 622 1927 Quidquid
646 1895 687 1919 est
707 1891 734 1918 in
755 1890 866 1922 saeculo,
881 1897 961 1916 vane-

169 1944 231 1976 scit,
246 1942 350 1970 transit.
372 1941 432 1968 Vita
456 1941 504 1967 ista
526 1939 587 1973 quid
603 1942 662 1971 est,
686 1938 734 1965 nisi
750 1937 818 1971 quod
841 1936 961 1963 Psaltnus

170 1989 237 2017 dixit
248 1998 254 2015 z
266 1987 345 2014 Mane
356 1987 420 2013 sicut
435 1985 510 2012 herba
521 1984 634 2016 transiet,
643 1991 715 2009 mane
726 1982 809 2017 [loriet
819 1987 842 2008 et
856 1987 959 2017 prwter-

171 2035 204 2061 iet
217 2042 227 2060 :
242 2040 345 2067 vespere
373 2031 478 2062 decidet,
492 2029 600 2056 durescit
613 2033 636 2055 et
648 2028 737 2055 arescit
751 2026 834 2062 (Psal.
851 2033 959 2057 LXXXIX,

172 2081 220 2115 6)?
234 2080 290 2107 [loc
304 2084 345 2106 est
357 2078 443 2105 omnis
454 2084 526 2105 caro.
537 2076 599 2103 Ideo
608 2075 737 2106 Christus,
747 2073 806 2100 ideo
820 2080 885 2099 nova
897 2072 960 2104 vita,

173 2127 233 2154 ideo
246 2133 309 2160 spes
321 2129 433 2156 acterna,
446 2123 505 2150 ideo
515 2121 665 2154 consolatio,
681 2118 886 2147 immortalitatis
900 2125 962 2152 pro-

172 2173 263 2205 missa,
277 2177 304 2199 et
319 2172 345 2198 in
358 2162 463 2198 Domini
480 2175 559 2196 carne
571 2167 624 2202 jam
640 2166 752 2194 reddita.
767 2165 788 2192 Α
802 2164 877 2191 nobis
891 2163 962 2191 enim

172 2222 307 2252 assumpta
324 2220 365 2243 est
385 2215 428 2242 illa
443 2221 523 2246 caro,
539 2220 597 2248 qua:
611 2212 666 2247 jam
687 2210 842 2238 immortalis
861 2213 918 2240 est,
938 2213 964 2235 et

172 2263 249 2290 nobis
262 2260 334 2297 quod
346 2261 371 2287 in
383 2268 413 2287 se
425 2259 552 2294 implevit,
564 2256 691 2284 ostendit.
706 2255 817 2289 Propter
830 2260 878 2280 nos
892 2253 963 2280 enim

171 2315 281 2336 carnem
295 2306 397 2333 habuit.
409 2305 474 2332 Nam
489 2308 597 2339 propter
608 2310 646 2336 so,
659 2301 691 2328 In
704 2300 827 2336 principio
839 2303 891 2326 erat
905 2299 966 2325 Ver-

172 2355 243 2387 bum,
259 2355 282 2380 et
300 2351 410 2380 Verbum
420 2355 472 2378 erat
487 2350 556 2386 apud
568 2348 660 2381 Deum,
675 2352 697 2374 et
710 2346 779 2373 Deus
790 2351 843 2373 erat
858 2345 965 2372 Verbum

173 2400 271 2436 (Joan.
287 2407 312 2431 ι,
331 2398 377 2433 ι).
392 2397 486 2430 Quaere
508 2402 614 2423 carnem
636 2398 664 2421 et
683 2392 857 2427 sanguinem:
873 2390 917 2418 ubi
938 2391 964 2418 in

205 2455 242 2485 (ιι)
258 2454 410 2484 suspicamur
433 2451 579 2485 legendum,
601 2447 869 2485 sectmdumjussioncm
885 2447 966 2485 donmi

261 2478 285 2510 Et
294 2478 350 2515 fratr
358 2490 387 2518 is.
398 2478 485 2518 Loquor
497 2481 610 2518 enint_pro
621 2478 757 2518 fi‘altreméo
763 2478 872 2518 episcopo
879 2482 963 2518 oestro.

174 2509 223 2541 {ioc
231 2509 333 2547 epitng
344 2515 418 2547 utitur
431 2509 533 2547 loquens
544 2509 630 2536 aliena:
642 2510 724 2542 plebi,
741 2516 763 2541 a,
771 2509 803 2534 αα
814 2509 885 2540 quam
903 2509 966 2534 forte

175 2554 223 2572 non
235 2545 492 2576 sitiebatoottciontu-i.
667 2572 672 2576 _
714 2571 739 2576 Δ.
840 2573 848 2576 _
905 2570 920 2576 __

209 2570 466 2608 (bSVQuemadmodum
487 2573 584 2608 basilica
595 2572 683 2608 Fausti”
696 2570 829 2608 et_basilica
840 2570 967 2608 peculiaria

173 2601 246 2633 dicite
257 2601 315 2633 sunt.
326 2613 340 2631 a
359 2609 444 2630 Fausto
462 2608 488 2629 et
498 2604 596 2629 Leontio
607 2603 792 2633 conditoribus,
804 2602 838 2625 sic
849 2601 966 2626 Florentia

176 2632 222 2663 hoc
234 2639 287 2663 loco
300 2636 396 2661 basilica
407 2636 439 2660 de
458 2636 553 2660 nomine
567 2633 677 2658 Florentii
690 2640 711 2663 ει
723 2632 802 2663 iseopi.
827 2632 897 2662 Cujus
909 2638 967 2663 vero

175 2661 385 2699 iniisieiiscopus
397 2667 470 2691 literit
481 2666 597 2699 incertum
610 2667 663 2688 est:
676 2661 720 2699 nisi
740 2661 884 2699 [ltirentittitt
897 2661 968 2697 intot-

177 2693 219 2736 ligi
233 2693 328 2730 placeat
338 2693 694 2736 itipl.otteasiuut—diqrrytorunt
707 2693 903 2736 ittt‘roconsulari
915 2700 968 2723 pro<

178 2726 256 2755 vincia
278 2737 299 2760 ei
310 2726 430 2759 ἱεοιιιίιιιι,
447 2729 486 2760 qui
500 2731 525 2751 et
543 2726 661 2760 cenationi
671 2726 845 2760 limitatisiarttttt
856 2730 910 2760 culti
922 2730 969 2760 εει)-

177 2753 368 2786 ιεῖἱέῖιοεθηιιό
380 2753 497 2786 interfuit,
509 2762 537 2782 ut
548 2757 690 2787 cognitionis
707 2756 799 2787 pritnze
809 2758 878 2787 Gesta
890 2753 969 2787 declat

177 2796 234 2816 rant
243 2809 251 2821 ,
275 2794 301 2815 et
320 2790 411 2821 aliquot
422 2792 475 2819 lost
486 2785 562 2813 annos
577 2785 674 2821 tepet-ii
693 2785 800 2821 ttionaehi
814 2785 926 2821 cpistola)
938 2785 967 2808 ad

179 2816 259 2846 (alios
269 2816 411 2851 subscripsit
422 2816 477 2844 cum
499 2816 630 2851 Augustino
642 2822 667 2842 et
678 2817 742 2851 aliis._
756 2816 832 2851 Quod_
884 2821 967 2839 verum

182 2856 231 2879 est,
243 2859 290 2875 non
302 2846 443 2881 Carthagine
451 2868 459 2879 ,
479 2846 560 2880 neque
572 2848 759 2879 Hippone-regio
769 2864 775 2876 ,
844 2850 968 2881 li)‘[v[:0iie-

181 2879 448 2915 diarrytubabituttidici
460 2879 597 2906 sermonem
609 2882 796 2906 consentaneum
804 2879 883 2903 tuerit.
901 2882 965 2902 aiax.

819 148 931 176 SERiiO
951 146 1068 175 CCCLX.

1719 148 1787 179 15218

999 203 1104 230 Verbo?
1116 202 1181 236 Quia
1196 209 1259 230 vero
1274 203 1349 230 nobis
1361 203 1476 237 compati
1495 203 1585 235 voluit,
1604 207 1630 230 ct
1649 211 1698 232 nos
1715 205 1788 232 redi-

997 257 1082 283 mere,
1097 248 1181 276 induit
1194 256 1222 276 se
1238 248 1320 275 forma
1331 249 1415 281 servi,
1424 253 1450 275 et
1462 249 1598 276 descendit
1608 250 1652 284 qui
1666 249 1710 278 hic
1720 255 1789 282 erat,

998 299 1028 323 ut
1040 299 1178 330 appareret
1190 296 1234 330 qui
1248 303 1301 322 non
1316 296 1425 327 aberat;
1442 299 1468 322 et
1480 295 1559 321 voluit
1581 295 1638 322 fieri
1651 295 1731 322 homo
1744 296 1789 330 qui

999 339 1061 367 fecit
1075 339 1221 371 hominem,
1242 339 1326 367 creari
1337 339 1370 366 de
1386 344 1479 372 matre,
1496 340 1539 373 qui
1551 340 1650 366 creavit
1666 344 1788 367 matrem.

999 385 1126 413 Ascendit
1140 393 1224 420 usque
1245 386 1272 412 in
1290 393 1394 413 crucem
1404 406 1410 417 ,
1425 389 1543 412 mortuus
1557 390 1616 419 est,
1630 391 1656 412 et
1675 386 1791 413 ostendit

1000 432 1076 458 nobis
1091 431 1161 466 quod
1178 439 1346 463 noveramus,
1360 431 1433 458 nasci
1448 436 1473 457 et
1487 431 1564 457 mori.
1581 430 1700 465 Implevit
1718 431 1743 458 in
1762 438 1791 458 se

1001 475 1108 503 humilis
1127 476 1184 503 hate
1205 481 1301 508 vetera
1317 481 1405 502 nostra
1420 476 1515 502 usitata
1537 481 1564 503 et
1585 481 1656 503 nota.
1672 475 1750 503 Nasci
1764 480 1792 503 et

1000 522 1067 549 mori
1083 529 1244 548 noveramus
1255 529 1262 548 :
1275 528 1412 555 resurgere
1423 525 1449 548 et
1461 521 1486 547 itt
1497 526 1624 548 aeternum
1637 522 1727 548 vivere
1737 529 1791 554 non

1001 575 1170 596 noveramus.
1193 568 1248 594 Duo
1266 575 1329 602 ergo
1349 571 1436 593 nostra
1458 573 1545 594 vetera
1566 569 1671 595 humilis
1690 574 1805 597 assuttt-,

1001 614 1069 648 psit:
1086 613 1138 640 duo
1151 613 1201 639 alia
1221 620 1313 647 magna
1334 617 1361 639 ct
1378 620 1446 639 nova
1465 613 1584 639 excelsus
1600 613 1725 647 implevit.
1741 613 1792 640 Re-

1001 658 1139 685 suscitavit
1151 666 1269 687 caruerit.
1283 658 1378 684 levavit
1391 657 1416 684 itt
1430 657 1525 684 emittm
1542 665 1659 690 earttcm,
1673 658 1746 685 sedet
1758 658 1792 685 ad

1001 703 1138 731 dexteram
1162 703 1259 731 Patris.
1281 702 1366 737 Caput
1381 707 1501 729 nostrum
1525 710 1585 729 esse
1608 703 1700 734 \oluit,
1714 708 1794 737 caput

1002 757 1050 784 pro
1064 749 1191 776 membris
1204 749 1327 776 clamavit
1339 757 1345 775 :
1360 749 1419 784 quia
1440 753 1467 775 et
1481 756 1540 775 etttn
1557 749 1598 775 hic
1611 753 1697 780 esset,
1712 748 1792 781 dixit,

1002 794 1090 827 Pater,
1098 795 1152 821 volo
1166 799 1193 820 ut
1206 795 1248 821 ubi
1261 803 1306 830 ego
1318 802 1383 827 sum,
1393 794 1425 820 ibi
1440 794 1489 820 sint
1503 798 1527 820 et
1541 794 1581 820 isti
1592 802 1688 820 mecum
1699 793 1787 829 (Joan.

1002 848 1064 873 xvn,
1078 839 1135 876 2i).
1152 839 1296 874 Speremus
1314 840 1363 867 ltoc
1376 845 1402 867 et
1416 840 1448 866 de
1465 847 1545 866 carne
1559 844 1660 872 nostra,
1676 840 1792 867 resusci-

1003 886 1141 919 tationem,
1154 887 1399 918 commutationem,
1412 885 1647 919 incorruptionem,
1657 885 1794 912 immorta-

1002 931 1112 964 litatent,
1129 936 1255 958 retentam
1276 931 1440 958 mansionem
1460 940 1467 958 :
1486 935 1512 958 et
1527 939 1636 966 agamus
1657 937 1687 958 ut
1702 938 1794 965 perre-

1003 977 1118 1004 uiatnus.
1134 977 1196 1004 lltcc
1210 977 1261 1004 erit
1275 977 1419 1009 Florentia,
1432 984 1492 1004 vera
1506 977 1651 1004 Florentia.

1235 1032 1350 1059 SEltMO
1369 1032 1478 1059 CCCLX
1493 1033 1501 1043 ·
1518 1031 1568 1067 (ﬂ).

1004 1077 1044 1104 Ad
1060 1078 1158 1113 vigilias
1172 1077 1322 1104 Maximiani
1335 1078 1356 1109 ¹,
1371 1077 1402 1103 de
1419 1076 1527 1111 quodam
1549 1076 1681 1104 Donatista
1695 1076 1731 1113 (1³)
1748 1077 1791 1111 qui

1217 1131 1329 1150 reversus
1339 1128 1374 1149 est
1385 1123 1419 1149 ad
1428 1122 1579 1149 Ecclesium.

1040 1168 1095 1194 Deo
1108 1168 1207 1202 gratias
1217 1188 1223 1198 ,
1241 1168 1336 1193 fratres
1346 1187 1353 1199 ,
1369 1168 1589 1201 congratulantini
1605 1167 1678 1194 fratri
1695 1171 1794 1200 vestro,

1006 1214 1049 1247 qui
1066 1218 1186 1239 ntortuus
1200 1216 1257 1239 erat
1270 1217 1296 1238 et
1312 1212 1423 1243 revixit,
1440 1212 1555 1245 perierat
1570 1216 1595 1238 et
1611 1212 1731 1238 invetttus
1742 1217 1794 1239 est.

1005 1258 1111 1286 Gratias
1122 1257 1254 1292 patientia:
1265 1263 1292 1284 ct
1306 1257 1496 1284 misericordiae
1511 1257 1613 1284 Domini
1629 1257 1676 1284 Dei
1693 1257 1774 1284 nostri
1788 1266 1794 1283 :

1006 1304 1156 1339 patientim,
1179 1303 1240 1338 quia
1264 1303 1388 1330 sustinuit
1412 1303 1575 1335 tardantem;
1590 1303 1796 1336 misericordiae,

1005 1350 1067 1384 quia
1076 1349 1212 1384 suscipere
1222 1348 1345 1383 dignatus
1353 1353 1394 1376 est
1401 1348 1566 1376 redeuntem.
1584 1349 1645 1375 Haec
1656 1353 1698 1376 est
1707 1349 1794 1381 vinea,

1006 1393 1051 1421 ubi
1065 1401 1118 1420 non
1130 1393 1269 1428 operabar,
1284 1397 1310 1420 et
1320 1394 1389 1420 vires
1402 1400 1475 1420 meas
1490 1393 1516 1420 itt
1529 1393 1614 1421 aliena
1625 1401 1798 1428 consumpse-

1006 1447 1074 1466 rant.
1089 1438 1111 1465 0
1125 1439 1201 1465 vinea
1217 1438 1310 1466 dilecta
1325 1439 1437 1466 Domino
1451 1446 1511 1466 meo
1521 1460 1528 1471 ,
1543 1447 1595 1466 non
1616 1440 1702 1466 solum
1724 1439 1799 1466 labor

1007 1492 1083 1512 meus
1094 1484 1158 1511 nihil
1179 1485 1225 1512 tibi
1241 1484 1383 1519 proderat,
1398 1493 1489 1512 verum
1505 1487 1585 1512 etiam
1600 1491 1692 1513 contra
1706 1489 1731 1512 te
1747 1485 1798 1512 ini-

1007 1531 1077 1557 mico
1087 1535 1131 1557 tuo
1139 1530 1297 1557 serviebant.
1307 1530 1401 1565 Magno
1411 1530 1508 1557 sudore
1516 1531 1682 1565 spargebant,
1692 1531 1799 1565 quando

1008 1576 1054 1603 tibi
1075 1583 1129 1603 non
1157 1576 1324 1610 culligebam.
1347 1575 1451 1603 Gratias
1473 1576 1613 1610 plautatori
1641 1580 1703 1608 tuo,
1727 1576 1797 1610 apud

1008 1629 1087 1656 quem
1114 1630 1166 1649 non
1191 1625 1281 1648 manet
1302 1628 1406 1648 merces
1426 1621 1608 1655 operariorum
1630 1622 1709 1648 etiam
1733 1621 1799 1648 hora

1008 1667 1153 1694 novissima
1169 1670 1333 1692 vocatorum.
1353 1665 1435 1693 Serus
1455 1666 1567 1692 advenio
1577 1686 1584 1698 ,
1599 1666 1645 1692 sed
1660 1665 1798 1692 denarium

1009 1718 1061 1739 non
1082 1711 1194 1745 despero
1209 1710 1315 1745 (Matth.
1331 1717 1382 1742 xx,
1398 1710 1438 1745 9).
1451 1710 1501 1742 Qui
1524 1711 1596 1744 prius
1616 1710 1653 1737 fui
1672 1710 1797 1745 blasphe-

1009 1763 1070 1783 mus
1080 1776 1087 1788 ,
1102 1760 1129 1782 et
1143 1748 1309 1791 persecutor,
1324 1759 1350 1783 et
1367 1755 1510 1789 iniuriosus
1528 1755 1670 1783 adversum
1692 1760 1717 1782 te
1731 1764 1738 1782 :
1750 1756 1797 1783 sed

1009 1803 1221 1831 misericordiam
1242 1808 1402 1830 consecutus
1426 1810 1499 1835 sum,
1515 1803 1576 1837 quia
1599 1803 1722 1837 ignorans
1747 1802 1799 1830 feci

1012 1850 1031 1886 (Ι
1043 1849 1109 1876 Tim.
1129 1857 1152 1882 ι,
1167 1848 1222 1885 l5).
1237 1849 1371 1876 'l‘cnebam
1395 1849 1467 1877 enim
1481 1849 1563 1877 verba
1579 1855 1715 1885 parentum
1740 1857 1798 1876 tne-

1010 1904 1102 1928 orum,
1118 1903 1170 1923 non
1194 1895 1405 1923 Patriareltarutn
1416 1915 1423 1927 ,
1440 1903 1494 1923 non
1518 1895 1710 1930 Prophetarum
1721 1916 1728 1927 ,
1745 1903 1798 1922 non

1011 1941 1216 1975 Apostolorum;
1230 1940 1276 1967 sed
1302 1944 1440 1975 parentum
1465 1941 1553 1968 carnis
1575 1948 1652 1968 mete.
1675 1940 1732 1968 Nott
1755 1948 1800 1967 ac-

1011 1986 1098 2020 quievi
1114 1985 1187 2012 carni
1200 1990 1226 2011 et
1239 1985 1377 2019 sanguini;
1392 1985 1439 2012 sed
1459 1985 1577 2019 acquievi
1592 1991 1733 2020 superatus
1753 1993 1800 2012 ve-

1012 2032 1100 2063 ritati,
1128 2035 1155 2057 et
1177 2031 1293 2065 requievi
1319 2030 1437 2058 redditus
1460 2031 1564 2057 unitati.
1590 2030 1720 2064 Numquid
1747 2039 1800 2057 non

1013 2076 1119 2104 easdetn
1136 2075 1285 2110 Scripturas
1300 2075 1418 2110 legebam
1428 2095 1436 2107 .
1452 2083 1517 2110 quas
1529 2079 1557 2102 et
1576 2083 1646 2102 nunc
1661 2076 1735 2110 lego?
1748 2076 1800 2103 Sed

1013 2122 1092 2150 etiam
1116 2122 1160 2149 ille
1180 2121 1273 2149 dootor
1295 2121 1418 2149 Gentium
1439 2129 1485 2149 vas
1505 2121 1657 2154 electionis,
1672 2130 1704 2149 ex
1717 2121 1799 2149 Saulo

1014 2168 1124 2199 Paulus,
1141 2175 1173 2195 ex
1196 2167 1265 2195 elato
1287 2167 1473 2199 ntinimus,ex
1498 2167 1622 2201 pra-done
1644 2171 1743 2201 pastor,
1765 2175 1800 2194 ex

1014 2214 1076 2249 lupo
1099 2214 1186 2246 aries,
1210 2213 1336 2240 Hebraeus
1358 2216 1417 2240 erat
1439 2220 1472 2240 ex
1499 2212 1637 2245 Hebr-mis,
1656 2213 1802 2240 secundant

1014 2260 1099 2294 legem
1110 2258 1260 2286 Pharisaaus
1274 2257 1402 2294 (Philipp.
1418 2266 1461 2292 ιη,
1475 2259 1506 2291 5,
1521 2258 1558 2294 6),
1573 2259 1606 2286 ad
1617 2259 1698 2294 pedes
1708 2259 1802 2287 Gama-

1015 2306 1084 2334 lielis
1098 2305 1215 2333 doctoris
1237 2305 1322 2340 legem
1343 2305 1463 2332 eruditus
1477 2305 1544 2338 (Act.
1565 2313 1619 2332 xm
1631 2326 1638 2336 ,
1654 2305 1681 2341 '5)
1695 2314 1702 2333 :
1714 2310 1740 2333 ct
1765 2312 1804 2332 la-

1015 2359 1078 2378 meu
1094 2350 1245 2383 Christum,
1258 2357 1337 2384 quem
1359 2349 1463 2384 legebat
1483 2350 1509 2376 itt
1531 2350 1684 2384 Prophetis,
1701 2358 1749 2378 nec
1763 2358 1805 2378 se-

1017 2396 1083 2424 dere
1097 2400 1206 2423 noverat
1216 2396 1242 2422 itt
1257 2396 1347 2428 caelis,
1364 2403 1413 2423 nec
1427 2396 1478 2423 coli
1494 2396 1663 2430 permittebat
1675 2397 1701 2424 in
1716 2397 1803 2425 terris.

1016 2443 1036 2470 F
1039 2442 1107 2469 idem
1138 2441 1269 2477 passionis
1282 2446 1308 2468 et
1322 2442 1524 2469 resurrectionis
1545 2442 1602 2477 ejus
1625 2443 1746 2470 nesciens
1760 2450 1806 2470 ore

1017 2488 1154 2520 cantabat,
1167 2491 1194 2514 et
1203 2487 1316 2514 smviens
1327 2494 1419 2513 errore
1435 2488 1563 2514 vastabat.
1577 2487 1728 2515 Secundum
1741 2487 1806 2514 Fro-

1018 2533 1123 2567 phctas,
1133 2533 1158 2559 itt
1173 2531 1267 2567 quibus
1281 2537 1358 2559 ttatus
1368 2537 1426 2559 erat
1439 2536 1466 2560 et
1476 2537 1606 2563 creverat,
1616 2532 1670 2566 jam
1683 2532 1806 2559 Christus

1018 2586 1128 2613 surgens
1141 2586 1155 2603 a
1171 2578 1282 2604 mortuis
1303 2577 1412 2605 sedebat
1434 2578 1459 2604 itt
1482 2578 1567 2608 ('(Blu;
1583 2582 1610 2604 et
1623 2577 1665 2604 ille
1680 2576 1767 2604 adltuc
1780 2577 1805 2603 in

1019 2630 1155 2659 parentum
1183 2631 1289 2650 suorutn
1313 2624 1462 2650 cmcabatur
1487 2623 1644 2655 mendacio,
1659 2623 1720 2657 quia
1745 2630 1805 2650 eum

1019 2669 1139 2703 discipuli
1155 2668 1214 2704 ejus
1237 2669 1312 2695 furati
1330 2668 1433 2695 fuerant
1454 2668 1487 2694 de
1502 2668 1636 2702 sepulcro.
1659 2668 1703 2695 Sic
1717 2672 1744 2695 et
1756 2676 1806 2702 ego

1052 2725 1059 2740 ¹
1077 2728 1119 2749 ats.
1132 2731 1153 2749 r.
1167 2731 1214 2748 non
1224 2744 1230 2752 ,
1244 2723 1276 2749 ad
1293 2722 1441 2752 Maximiani,
1454 2723 1507 2751 sed,
1520 2723 1552 2748 ad
1574 2722 1697 2748 Maximini
1715 2723 1808 2755 vigilias

1019 2755 1133 2787 prasfert;
1145 2755 1245 2786 alicujus
1254 2755 1350 2787 forsitan
1362 2756 1471 2787 martyris
1482 2755 1588 2779 Africani.

1051 2787 1059 2796 '
1078 2785 1220 2810 Etnendatus
1230 2786 1258 2810 ad
1270 2785 1300 2810 cl.
1317 2793 1339 2809 v.
1352 2793 1372 2810 r.
1387 2789 1412 2810 et
1423 2785 1451 2810 ad
1463 2786 1531 2809 sirm.

1052 2816 1089 2846 (α)
1108 2816 1177 2845 Alias,
1192 2817 1254 2841 inter
1265 2816 1439 2840 Strmondianos
1449 2817 1488 2840 58.

1052 2846 1088 2877 (b)
1106 2850 1153 2871 tuto
1164 2847 1287 2876 cujusdam
1305 2848 1431 2871 Donatista:
1443 2853 1485 2871 ore
1501 2851 1542 2870 aut
1564 2853 1660 2871 nonttne.
1673 2847 1798 2878 pronuntia

1022 2881 1070 2909 tus,
1082 2877 1125 2904 δρα
1138 2878 1241 2903 ὧςιεινιιε
1254 2878 1315 2902 haud
1324 2878 1398 2902 dubie
1411 2878 1549 2909 Augustino.
