3996 6192
434 222 570 279 1599

433 333 498 388 de
528 331 764 390 Ecclesia
795 330 1053 386 catholica
1084 337 1194 385 toto
1218 330 1344 384 orbe
1378 329 1567 383 diﬁ‘nsa
1608 328 2010 385 circumtunde-

429 432 521 482 bar
571 428 868 483 divinarum
913 428 1129 481 vocibus
1175 426 1528 489 Litterarum;
1558 431 1614 479 et
1658 440 1745 479 me
1791 424 2011 479 surdum

424 518 690 573 faciebant
726 534 755 571 a
792 518 1098 587 parentibus
1135 517 1390 569 intentata
1433 515 1564 569 [αμα
1591 515 1814 568 crimina
1844 514 2011 569 tradi-

426 621 620 665 torum.
650 610 766 665 Non
795 627 880 664 mc
912 609 1056 663 Pauli
1089 609 1291 661 meritis
1320 622 1605 676 comparo,
1634 607 1727 661 sed
1760 608 2008 677 pear-atis.

427 703 646 757 Etiamsi
686 713 791 755 tam
837 701 1008 754 bonus
1036 715 1155 753 esse
1184 714 1288 753 non
1318 700 1519 764 merui,
1552 715 1657 752 non
1687 707 1863 752 tamen
1895 700 2011 755 sine

425 794 683 848 medicina
712 791 1070 860 correptionis
1116 801 1220 844 tam
1259 790 1429 844 malus
1465 788 1559 843 fui.
1589 789 1699 844 Nec
1731 790 1817 843 ille
1843 806 2007 859 spon-

422 900 536 937 sum
563 884 883 954 agnoscebat
912 884 965 936 in
988 883 1161 937 Libris
1187 897 1320 951 quos
1349 883 1579 951 legebat,
1606 897 1703 936 nec
1729 897 1827 951 ego
1848 897 2011 950 εμοιιο

420 990 560 1029 sam.
590 976 689 1042 Qui
718 970 974 1029 rcvelavit
1003 974 1073 1027 illi
1102 973 1172 1028 de
1211 972 1408 1028 Christi
1450 973 1829 1027 clarilicatione
1866 972 2008 1042 quod

421 1066 674 1136 scriptum
698 1078 781 1121 est
801 1108 817 1133 ,
854 1065 1097 1121 Exattare
1115 1084 1267 1134 super
1295 1067 1444 1120 caelos
1465 1108 1481 1133 ,
1517 1067 1687 1130 Deus;
1718 1068 1830 1135 ipse
1858 1082 2009 1122 reve-

422 1158 545 1212 lavit
570 1158 699 1213 mihi
724 1159 791 1214 de
815 1158 1069 1214 Ecclesiae
1093 1160 1350 1214 ell'usione
1377 1159 1516 1228 quod
1547 1162 1807 1228 sequitur,
1838 1159 2009 1228 Super

419 1267 611 1304 onmem
641 1261 825 1304 tetram
849 1252 1013 1322 gloria
1054 1262 1139 1304 tua
1176 1250 1349 1324 (Psal.
1382 1268 1487 1307 cvu
1508 1294 1522 1316 ,
1554 1252 1630 1323 6).
1663 1253 1897 1323 Utraque
1925 1264 2007 1308 te-

418 1342 664 1395 stimunia
705 1352 887 1411 aperta
932 1354 1060 1397 sunt
1087 1342 1422 1407 videntibus,
1456 1344 1548 1397 sed
1598 1345 1781 1398 clausa
1825 1346 2003 1399 ca-ris.

420 1432 524 1485 Illis
549 1434 730 1489 oculos
755 1435 960 1502 aperuit
989 1430 1285 1501 Baptismus
1311 1434 1539 1498 Christi,
1572 1435 1700 1488 mihi
1727 1452 1828 1506 pax
1854 1435 2007 1491 Chri-

417 1525 504 1576 sti.
554 1524 701 1577 lllum
752 1525 1019 1578 lavacrum
1053 1540 1205 1593 aquae
1253 1510 1453 1578 sancta:
1498 1526 1731 1580 reddidit
1764 1542 2002 1582 novum:

418 1629 656 1669 meorum
685 1627 863 1671 autem
888 1618 1119 1672 Charitas
1149 1619 1427 1686 cooperuit
1456 1619 1850 1675 multitudinem
1878 1637 2002 1691 pec—

420 1716 686 1763 calorum.

868 1779 1096 1835 SERMO
1133 1779 1377 1835 CCCLX!
1410 1786 1426 1804 ·
1461 1781 1557 1854 (τι).

690 1887 767 1942 De
792 1888 1173 1943 Resurrectione
1210 1902 1548 1957 mortuorum,
1586 1908 1601 1944 ι
1633 1890 1730 1964 (Ii).

486 2019 712 2074 CAPUT
744 2019 1092 2075 PRlMUil.——
1113 2022 1158 2075 l.
1188 2022 1694 2089 Animadvertimus,
1719 2038 1837 2077 cum
1858 2025 2002 2092 Apo-

418 2112 535 2163 stoli
560 2111 792 2180 Epistula
820 2114 1103 2181 legeretur,
1129 2114 1449 2169 laudabilem
1495 2126 1697 2171 motum
1728 2117 1845 2171 ﬁdei
1873 2118 2004 2171 cha-

418 2202 691 2271 ritatisque
712 2213 922 2263 vestrae,
956 2204 1399 2273 quemadmodum
1427 2208 1812 2263 exhorrueritis
1833 2209 2006 2263 homi-

413 2305 531 2351 nes,
551 2292 636 2360 qui
679 2290 1082 2360 putanteshauc
1122 2296 1288 2349 solam
1317 2310 1436 2351 esse
1476 2297 1838 2369 vitam,quam
1882 2315 2003 2354 cum

417 2384 695 2450 pecoribus
717 2383 971 2438 habemus
988 2400 1355 2450 communem,
1391 2397 1511 2456 post
1553 2399 1781 2445 mortem
1827 2402 2004 2444 autem

437 2471 577 2525 ﬁniri
619 2482 785 2526 totum
816 2474 957 2543 quod
1001 2485 1083 2529 est
1111 2475 1364 2542 hominis,
1391 2492 1489 2532 nec
1512 2493 1631 2532 esse
1662 2494 1810 2547 spem
1842 2481 2002 2535 ullam

423 2565 541 2617 vitm
594 2564 815 2619 alterius
864 2567 1123 2634 melioris,
1174 2569 1433 2634 pmritum
1490 2571 1746 2625 malarum
1796 2573 2003 2626 aurium

416 2666 852 2725 corrumpentes,
882 2657 1066 2713 dicunt
1094 2677 1107 2713 :
1140 2659 1508 2715 Manducemus
1536 2672 1583 2716 et
1604 2664 1864 2728 bibamus;
1892 2682 2005 2719 cras

415 2746 548 2797 enim
591 2747 835 2799 moriatur
864 2747 918 2815 (I
947 2746 1065 2801 Car.
1096 2764 1190 2814 ιν,
1246 2749 1360 2820 5‘2).
1415 2751 1548 2806 Hinc
1592 2768 1721 2822 ergo
1767 2764 2005 2811 sumatur

414 2845 612 2891 nostra:
638 2837 1012 2906 disputationis
1036 2842 1314 2896 exordium
1339 2884 1353 2908 ,
1379 2854 1431 2896 et
1458 2842 1546 2899 hic
1575 2846 1644 2899 sit
1670 2848 1836 2900 neSIri
1861 2848 2004 2903 velut

414 2926 576 2980 cardo
602 2930 884 2994 sermonis,
908 2946 1013 3000 quo
1037 2941 1229 2987 caetera
1250 2974 1266 3001 ,
1295 2951 1412 3005 qn:c
1439 2936 1698 2993 Dominus
1725 2954 2004 3010 suggerere

415 3017 663 3087 dignatus
694 3018 885 3087 fuerit,
918 3021 1237 3076 referantur.

483 3110 710 3164 CAPUT
741 3110 959 3165 ll.—-2.
1007 3113 1139 3182 Spes
1186 3116 1406 3185 ﬁdesque
1449 3127 1656 3180 nostra,
1706 3123 2004 3177 resurrectio

414 3210 751 3254 mortuorum.
783 3201 1015 3258 Charitas
1054 3218 1247 3259 nostra.
1295 3207 1424 3262 Dure
1466 3213 1762 3277 qumstiones
1811 3215 1874 3266 de
1917 3215 2003 3283 fu-

414 3304 528 3345 tura
589 3296 967 3349 resurrectione.
1016 3295 1149 3365 Spes
1208 3300 1349 3352 enim
1394 3310 1571 3355 nostra
1628 3314 1710 3357 est
1762 3317 2003 3360 resurre-

413 3384 521 3436 ctio
583 3394 916 3438 mortuorum
973 3405 985 3438 :
1042 3386 1173 3442 ﬁdes
1232 3400 1411 3445 nostra
1537 3400 1621 3448 est
1687 3397 2004 3452 resurrectio

414 3483 765 3528 mortuorum.
800 3475 1041 3530 Charitas
1069 3480 1225 3532 etiam
1256 3492 1432 3535 nostra
1464 3493 1578 3547 est,
1608 3500 1764 3554 quam
1808 3487 2001 3556 prmdi-

413 3565 554 3619 calio
586 3582 763 3620 rerum
791 3581 909 3635 quae
938 3569 1173 3621 nondum
1205 3570 1449 3625 videntur
1475 3573 1766 3629 inﬂammat
1785 3618 1798 3640 ,
1827 3589 1881 3631 et
1909 3594 2001 3633 ac-

412 3655 588 3710 cendit
608 3656 895 3718 desiderio,
918 3658 1068 3727 cujus
1095 3662 1457 3729 magnitudine
1484 3664 1610 3718 ﬁant
1636 3668 1799 3721 corda
1822 3679 2001 3724 nostra

411 3747 626 3815 capacia
658 3746 997 3802 beatitudinis
1023 3764 1140 3818 qute
1168 3761 1389 3805 ventura
1433 3755 1775 3823 promittitur,
1815 3775 2004 3829 quam-

412 3836 502 3889 diu
544 3837 782 3891 creditur
822 3837 965 3907 quod
1010 3841 1243 3895 nondum
1288 3843 1501 3897 videtur
1541 3863 1555 3898 :
1595 3848 1828 3903 eliaritas
1872 3867 2003 3920 ergo

412 3928 571 3981 etiam
604 3928 715 3997 ipsa
745 3940 929 3984 nostra
954 3972 967 3994 ,
998 3946 1096 3986 nec
1121 3932 1263 3987 circa
1305 3937 1614 4003 temporalia
1648 3938 1763 3994 iure
1789 3951 1842 3995 et
1870 3941 2001 3996 visi-

414 4020 534 4074 bilia
562 4022 719 4077 debet
747 4024 1033 4092 occupari,
1061 4033 1118 4078 ut
1146 4026 1251 4081 tale
1278 4027 1476 4097 aliquid
1514 4044 1610 4084 nos
1642 4031 1917 4089 habituros
1947 4036 1999 4090 in

415 4113 811 4167 resurrectione
830 4128 1130 4182 speremus,
1153 4118 1309 4187 quale
1331 4119 1509 4183 modo,
1529 4121 1571 4174 si
1590 4125 2001 4193 contemnimus,

417 4206 608 4260 melius
635 4205 859 4259 vivimus
885 4209 1241 4277 melioresque
1264 4226 1465 4277 sumus,
1496 4216 1736 4270 carnales
1756 4218 2007 4274 videlicet

416 4297 714 4365 voluptates
743 4308 901 4367 atque
936 4298 1176 4354 delicias.
1206 4301 1419 4355 Sublata
1462 4304 1640 4373 itaque
1680 4306 1783 4361 ﬁde
1823 4324 2003 4363 resur-

416 4388 670 4442 ret-tionis
700 4398 1028 4444 mortuorum
1053 4432 1068 4456 ,
1097 4393 1271 4445 omnis
1305 4394 1568 4448 intercidit
1591 4396 1829 4454 doctrina
1858 4401 2005 4456 chri-

415 4481 605 4534 stiana.
640 4480 872 4535 Fundata
901 4499 1027 4536 vero
1065 4483 1172 4539 ﬁde
1202 4488 1606 4543 resurrectionis
1635 4502 2001 4560 mortuorum,

415 4586 521 4626 nou
546 4572 798 4626 Continuo
835 4576 1093 4630 securitas
1117 4586 1198 4632 est
1227 4578 1296 4632 de
1334 4579 1518 4633 animo
1547 4580 1870 4646 christiano.
1903 4587 2004 4656 nisi

415 4665 768 4735 distinguatur
792 4668 895 4722 vita
919 4668 1004 4722 illa
1032 4685 1149 4738 qure
1168 4671 1340 4725 futura
1359 4681 1461 4736 est,
1485 4673 1551 4727 ab
1572 4673 1670 4727 ista
1698 4690 1816 4745 quae
1843 4687 2007 4732 trans-

417 4758 475 4814 it.
522 4757 701 4827 Itaque
747 4759 825 4814 sic
892 4762 1295 4829 praponendum
1325 4773 1409 4819 est
1435 4782 1448 4817 :
1476 4764 1531 4820 Si
1575 4782 1681 4821 non
1723 4778 2008 4840 resurgant

417 4849 646 4915 mortui,
682 4850 822 4904 nulla
851 4866 977 4920 spes
1008 4853 1158 4907 nobis
1199 4865 1281 4908 est
1325 4854 1517 4912 futura:
1562 4859 1687 4913 vita:
1716 4877 1729 4913 :
1755 4862 1797 4914 si
1826 4871 2004 4918 autem

417 4950 690 5011 resurgant
734 4942 961 5005 mortui,
999 4943 1099 4995 erit
1142 4945 1355 5014 quidem
1404 4948 1509 5001 vita
1556 4948 1769 5014 futura;
1798 4952 1890 5006 sed
1918 4969 2006 5007 se—

415 5032 585 5086 cunda
613 5034 835 5103 quzestio
859 5043 961 5098 est,
981 5034 1153 5102 qualis
1177 5036 1298 5089 erit.
1321 5037 1493 5092 Prima
1516 5039 1694 5110 itaque
1711 5042 2007 5113 disputatio

417 5136 530 5189 est,
553 5134 727 5178 utrum
754 5124 925 5178 futura
950 5126 1019 5180 sit
1038 5128 1357 5183 resurrectio
1381 5139 1709 5186 mortuorum
1738 5152 1751 5187 :
1774 5135 2004 5189 secunda

415 5228 546 5270 vero
573 5215 861 5284 disputatio
892 5225 994 5282 est,
1023 5217 1192 5287 qualis
1222 5216 1395 5273 futura
1424 5230 1506 5275 est
1532 5222 1583 5275 in
1615 5226 2007 5281 resurrectione

414 5309 519 5362 vita
547 5319 871 5364 sanctorum.

478 5465 786 5535 jgstigatus
803 5464 861 5535 ad
884 5464 933 5535 d.
957 5479 999 5515 r.
1017 5474 1063 5535 _t.
1082 5474 1209 5535 vi‘et
1230 5467 1289 5517 ad
1313 5474 1420 5519 Lor.

482 5527 533 5581 (η
589 5525 730 5580 Alias.
756 5527 822 5576 de
847 5528 1058 5577 Diversis
1081 5529 1187 5577 1:20.

482 5527 555 5646 (bi
569 5589 821 5646 Possidius,
844 5590 891 5636 in
918 5589 1142 5646 tudiculo,
1166 5603 1187 5638 c

481 5587 552 5646 (ιθ)
569 5589 821 5651 Possidius,
844 5590 891 5636 in
918 5589 1142 5647 tndiculo,
1166 5602 1271 5651 mp.
1293 5592 1337 5649 t,
1355 5598 1487 5641 notat
1512 5608 1533 5637 ι
1553 5591 1617 5641 de
1638 5595 2008 5644 nesurrectione

418 5654 646 5714 tractatus
662 5650 800 5714 duos.
826 5666 848 5693 ι
877 5654 1078 5699 Primum
1111 5650 1234 5701 citati
1262 5652 1427 5701 Fllirus
1449 5654 1507 5701 arl
1540 5660 1553 5700 I
1576 5663 1678 5703 Cor.
1718 5670 1808 5714 xv;
1834 5668 2007 5707 secun-

420 5713 551 5764 dum,
578 5710 705 5759 idem
727 5712 829 5773 ipse
854 5725 908 5762 ac
932 5715 1054 5765 Beda
1076 5714 1132 5766 ad
1156 5721 1172 5763 ι
1193 5723 1297 5765 cor.
1326 5729 1406 5780 xv,
1428 5724 1477 5769 et
1496 5717 1554 5767 ad
1575 5710 1839 5768 (201955.111.

1662 215 1723 275 S.
1763 216 2127 274 AUGUSTINI
2167 218 2469 276 EPISCOPI

3568 239 3702 299 1600

2185 331 2411 388 CAPUT
2445 332 2607 387 Ill.—
2640 334 2780 389 3.1a
2821 336 2980 391 altera
3021 338 3242 407 inﬁdelis
3280 351 3436 409 errat,
3465 346 3515 399 in
3542 349 3700 407 altera

2115 420 2421 477 Christianus
2438 425 2679 478 carnalis.
2696 425 3013 483 Christianus
3029 430 3341 484 auctoritatis
3361 436 3579 503 pondere
3602 442 3699 496 du-

2114 514 2320 568 cendus.
2351 514 2448 583 Qui
2471 532 2598 587 ergo
2624 517 2809 572 dicunt
2838 531 3076 576 mortuos
3108 539 3212 575 non
3236 539 3537 595 resurgere,
3560 531 3702 587 chri-

2113 605 2272 658 stiani
2301 620 2408 658 non
2438 616 2559 660 sunt
2588 624 2599 659 :
2625 608 2716 677 qui
2749 624 2876 662 vero
2902 620 3087 679 putant
3112 622 3352 666 mortuos
3374 630 3492 669 cum
3520 635 3701 676 resur«

2113 694 2369 759 rexerint,
2401 696 2688 751 carnaliter
2716 714 2835 753 esse
2864 699 3095 756 victuros
3115 742 3129 763 ,
3159 704 3398 759 carnales
3431 707 3701 768 christiani

2112 798 2254 839 sunt.
2301 787 2565 857 Quidquid
2614 805 2740 859 ergo
2790 790 3165 860 diSputationis
3195 804 3276 848 est
3302 794 3558 853 adversus
3585 805 3701 871 opi-

2112 876 2328 930 nionem
2373 893 2558 931 eorum
2606 882 2697 949 qui
2746 884 3195 938 resurrectionem
3244 895 3571 942 mortuorum
3612 908 3702 947 ne-

2110 973 2270 1033 gant,
2308 967 2566 1021 adversus
2610 984 2704 1023 eos
2748 980 2828 1024 est
2873 972 2964 1041 qui
3014 972 3143 1028 foris
3190 971 3341 1039 sun't,
3372 991 3439 1030 ex
3482 995 3701 1048 quorum

2112 1072 2336 1111 numero
2363 1075 2469 1113 non
2498 1059 2584 1115 hie
2608 1061 2835 1117 arbitror
2852 1064 3041 1119 adesse
3066 1066 3315 1136 aliquem.
3344 1068 3495 1125 Unde
3521 1087 3701 1142 super-

2108 1144 2212 1201 ﬂua
2244 1147 2408 1202 videri
2442 1159 2617 1217 potest
2654 1162 2834 1204 nostra
2863 1152 3111 1210 dissertio
3142 1196 3155 1221 ,
3211 1156 3256 1210 si
3312 1156 3475 1213 fuerit
3511 1161 3700 1219 intinc-

2109 1244 2251 1297 rata,
2289 1245 2344 1290 ut
2372 1237 2565 1292 docere
2604 1255 2863 1295 conemur
2911 1258 3191 1314 resurgere
3218 1256 3480 1300 mortuos.
3507 1253 3700 1304 Aucto-

2108 1324 2283 1380 ritatis
2328 1328 2469 1381 enim
2512 1330 2752 1399 pondere
2800 1332 3120 1388 Christianus
3165 1334 3446 1392 ducendus
3475 1350 3585 1407 est,
3612 1345 3698 1412 qui

2103 1416 2211 1484 jam
2239 1417 2451 1472 Christo
2491 1421 2744 1491 credidit,
2773 1425 2861 1491 qui
2908 1425 3054 1478 nullo
3100 1426 3260 1482 modo
3311 1438 3461 1497 putat
3490 1434 3698 1487 mentiri

2108 1509 2446 1577 Apostolum.
2478 1512 2683 1567 Sufﬁcit
2707 1528 2833 1585 ergo
2863 1525 2917 1568 ut
2946 1517 3045 1571 iste
3072 1517 3272 1584 audiat,
3307 1520 3369 1574 Si
3393 1524 3576 1575 mortui
3604 1541 3700 1577 non

2107 1610 2405 1670 resurgunt,
2446 1602 2613 1658 inanis
2657 1615 2729 1658 est
2768 1606 3059 1674 prtedicatio
3100 1619 3301 1674 nostra,
3338 1610 3510 1665 inanis
3549 1622 3620 1665 est
3656 1623 3700 1666 et

2106 1689 2231 1756 ﬁdes
2260 1700 2441 1744 restra.
2486 1692 2546 1747 Si
2573 1696 2791 1759 mortui,
2817 1696 3020 1765 inquit,
3059 1715 3158 1751 non
3203 1710 3506 1770 resurgunt,
3548 1719 3701 1771 neque

2105 1778 2334 1834 Christus
2373 1786 2643 1838 resurrexit
2685 1785 2845 1855 (Ibid.
2880 1788 2946 1842 14
2967 1830 2983 1853 ,
3017 1789 3126 1858 15).
3167 1789 3220 1843 Si
3248 1801 3428 1845 autem
3459 1790 3699 1847 Christus

2106 1875 2431 1939 resurrexit,
2462 1876 2511 1929 in
2544 1892 2648 1947 quo
2677 1879 2820 1932 salus
2858 1889 2940 1934 cst
2969 1878 3391 1936 Christianorum
3414 1925 3426 1947 ,
3459 1900 3563 1937 non
3597 1885 3700 1937 uti-

2106 1980 2209 2032 que
2240 1965 2571 2033 impossibile
2601 1978 2680 2022 est
2706 1985 2984 2039 resurgere
3013 1981 3253 2027 mortuos
3280 1990 3291 2026 :
3322 1976 3571 2043 quoniam
3603 1975 3691 2030 ille

2105 2056 2193 2123 qui
2222 2057 2495 2111 suscitavit
2524 2059 2717 2114 Filium
2750 2075 2925 2125 suum,
2950 2071 3004 2115 et
3032 2063 3121 2116 ille
3148 2065 3235 2133 qui
3269 2065 3547 2117 suscitavit
3576 2080 3697 2118 car-

2106 2159 2226 2197 nem
2275 2160 2459 2211 suam,
2505 2157 2701 2202 caztero
2747 2151 2992 2218 corpori,
3035 2152 3172 2220 quod
3212 2162 3293 2206 est
3344 2153 3618 2217 Ecclesia,
3650 2154 3701 2206 in

2105 2235 2279 2301 capite
2298 2235 2690 2291 demonstravit
2716 2240 3040 2308 exemplum.
3070 2240 3284 2296 Poterat
3310 2258 3436 2314 ergo
3468 2260 3588 2296 esse
3614 2259 3705 2296 su-

2105 2324 2306 2394 pcrﬁua
2328 2327 2613 2397 disputatio
2634 2330 2700 2385 de
2721 2333 3113 2388 resurrectione
3136 2344 3488 2397 mortuorum,
3514 2343 3571 2387 ut
3592 2333 3701 2402 jam

2105 2419 2503 2489 susciperemus
2548 2436 2665 2476 eam
2711 2438 2869 2493 quam
2917 2424 3058 2479 inter
3099 2441 3158 2480 se
3198 2425 3488 2480 Christiani
3532 2425 3705 2480 solent

2108 2511 2329 2578 habere,
2362 2528 2480 2568 cum
2512 2517 2964 2571 resurrexerimus
2988 2517 3175 2586 quales
3204 2518 3425 2584 erimus,
3457 2515 3707 2587 quemad-

2105 2603 2321 2657 modum
2351 2606 2609 2669 vivemus,
2638 2622 2755 2676 quaz
2799 2616 2954 2662 erunt
2995 2608 3203 2678 negotia
3238 2619 3411 2662 nostra
3431 2649 3447 2675 ,
3478 2614 3705 2662 eruntne

2104 2696 2320 2766 aliqua,
2366 2706 2458 2751 aut
2499 2699 2681 2752 nulla:
2708 2698 2754 2753 si
2793 2700 2934 2754 nulla
2975 2708 3160 2766 erunt,
3198 2699 3464 2755 desidiose
3510 2697 3703 2752 victuri

2105 2800 2291 2840 sumus
2317 2786 2449 2841 nihil
2480 2787 2715 2858 agendo;
2739 2798 2831 2841 aut
2856 2792 2901 2843 si
2932 2790 3131 2859 aliquid
3159 2806 3400 2860 agemus,
3426 2789 3553 2860 quid
3578 2804 3705 2857 age-

2104 2892 2225 2930 mus
2249 2894 2261 2929 :
2287 2877 2500 2944 deinde,
2537 2878 2903 2934 manducaturi
2928 2888 2982 2935 et
3010 2881 3223 2934 bibituri
3247 2896 3453 2947 sumus,
3477 2879 3705 2948 conjun-

2104 2968 2313 3023 etiones
2340 2969 2567 3023 marium
2591 2960 3013 3040 feminarumque
3044 2970 3234 3025 futurte
3258 2980 3402 3035 sunt,
3431 2987 3498 3025 an
3526 2970 3701 3038 aliqua

2104 3060 2328 3128 simplex
2387 3070 2441 3115 et
2494 3061 2795 3130 incorrupta
2826 3062 2932 3115 vita
2967 3062 3300 3127 communis;
3348 3064 3468 3117 etsi
3494 3062 3562 3115 ita
3590 3067 3700 3124 est,

2104 3152 2272 3222 qualis
2303 3152 2404 3206 erit
2432 3152 2544 3221 ipsa
2575 3153 2700 3217 vita,
2730 3153 2902 3223 qualis
2931 3162 3129 3217 motus,
3160 3154 3331 3223 qualis
3360 3153 3525 3223 ﬁgura
3557 3151 3702 3219 ipso-

2104 3259 2223 3297 rum
2281 3258 2588 3311 corporum.
2662 3243 2781 3297 lsta:
2841 3243 3229 3313 disputationes
3276 3243 3701 3299 Christianorum

2103 3345 2246 3395 sunt,
2274 3332 2415 3385 salva
2448 3333 2551 3387 ﬁde
2579 3334 3011 3388 resurrectionis.

2175 3424 2405 3480 CAPUT
2458 3424 2702 3480 ιγ.-4.
2748 3412 3181 3480 Βσειιννεειίδηειη
3221 3426 3445 3496 futuram
3489 3424 3704 3496 probare

2103 3518 2331 3585 suscipit.
2379 3518 2459 3571 Ad
2506 3518 2642 3573 hanc
2670 3534 2796 3588 ergo
2825 3518 3239 3587 disputationem
3265 3559 3280 3583 ,
3309 3530 3567 3588 quantum
3615 3514 3703 3568 vel

2105 3608 2304 3674 suscipi
2353 3608 2433 3662 vel
2491 3608 2661 3676 promi
2709 3623 2802 3677 per
2853 3608 3099 3664 homines
3143 3609 3444 3664 hominibus
3489 3613 3700 3679 potest,

2104 3698 2287 3768 quales
2308 3699 2391 3752 vel
2410 3714 2506 3753 nos
2531 3714 2736 3765 sumus,
2758 3701 2839 3754 vel
2869 3717 2962 3754 vos
2993 3702 3143 3768 estis,
3161 3702 3269 3770 jam
3295 3702 3512 3772 jamque
3536 3711 3699 3752 trans-

2106 3790 2259 3853 irem,
2289 3790 2389 3843 nisi
2444 3805 2528 3844 me
2556 3790 2607 3843 in
2641 3791 2726 3843 illa
2756 3792 3075 3859 quaestione.
3101 3793 3187 3847 ubi
3216 3794 3490 3861 quarritur,
3522 3799 3698 3841 utrum

2105 3880 2324 3935 omnino
2368 3887 2647 3948 resurgant
2693 3880 2933 3944 mortui,
2988 3881 3377 3950 aliquantulum
3428 3874 3700 3935 immorari

2105 3981 2324 4039 cogeret
2367 3971 2669 4025 sollicitudo
2709 3971 2950 4040 quaedam
2979 3971 3045 4025 de
3074 3972 3230 4025 nimis
3259 3973 3564 4025 carnalibus
3592 3966 3701 4023 fra-

2109 4062 2277 4115 tribus
2322 4060 2521 4115 noSIris
2563 4070 2618 4115 et
2660 4077 2824 4130 prope
2869 4062 3104 4130 paganis.
3133 4060 3265 4115 Nam
3304 4061 3570 4114 neminem
3616 4056 3704 4111 hic

2105 4168 2369 4223 paganum
2398 4167 2539 4208 nunc
2564 4168 2683 4208 esse
2709 4153 2960 4215 arbitror,
2988 4151 3083 4205 sed
3122 4166 3312 4204 omnes
3353 4150 3700 4205 christianos.

2106 4246 2300 4317 Pagani
2345 4263 2472 4301 vero
2517 4255 2571 4301 et
2621 4246 2865 4300 irrisorcs
2910 4244 3320 4299 resurrectionis
3363 4242 3603 4313 qumidie
3647 4239 3701 4293 in

2105 4339 2324 4391 auribus
2377 4337 2800 4391 Christianorum
2844 4337 3253 4390 inunurmurare
3297 4352 3401 4389 non
3446 4340 3696 4388 cessant:

2108 4427 2472 4481 Manducemus
2493 4437 2538 4480 et
2567 4427 2833 4492 bibamus;
2871 4443 2982 4479 cras
3018 4427 3151 4479 enim
3180 4426 3441 4479 morimur.
3468 4425 3535 4479 Et
3561 4415 3701 4491 quod

2105 4520 2239 4575 dixit
2268 4520 2574 4589 Apostolus,
2604 4519 2942 4573 subinfcrens
2987 4519 3400 4572 sollicitudinem
3451 4531 3603 4573 suam
3649 4517 3703 4565 et

2106 4612 2432 4680 sulijungcns
2476 4609 2599 4664 huic
2647 4611 2948 4673 sententia},
2979 4608 3321 4680 Corrumpunt
3349 4626 3509 4664 mores
3548 4606 3702 4660 bonos

2106 4702 2357 4772 colloquia
2385 4701 2519 4755 mala
2542 4717 2560 4755 :
2585 4709 2883 4755 metuentes
2915 4702 3014 4755 ista
3044 4702 3181 4754 mala
3209 4709 3263 4755 et
3290 4698 3699 4754 sollicitudinem

2105 4805 2353 4865 gerentes
2385 4811 2483 4866 pro
2514 4795 2737 4849 inﬁrmis
2759 4837 2773 4861 ,
2803 4810 2908 4849 non
2936 4795 3109 4850 solum
3138 4803 3389 4865 paterna,
3422 4793 3515 4848 sed
3542 4790 3699 4846 etiam

2107 4894 2346 4941 materna
2375 4885 2603 4956 quadam
2634 4886 2930 4951 charitate,
2962 4886 3120 4940 etiam
3165 4885 3291 4939 hinc
3323 4884 3563 4940 dicemus
3601 4878 3699 4933 ali-

2107 4977 2265 5047 quid,
2296 4986 2552 5048 quantum
2599 4976 2735 5032 forte
2779 4977 3008 5032 sufﬁciat
3036 4977 3385 5042 Christianis,
3433 4977 3557 5047 quia
3604 4974 3701 5027 ho-

2107 5068 2295 5123 dierno
2323 5067 2411 5123 die
2440 5067 2542 5123 hos
2567 5083 2755 5123 omnes
2783 5069 2874 5138 qui
2900 5075 3273 5123 convenerunt
3312 5067 3525 5123 chotio
3563 5064 3699 5118 circa

2107 5158 2411 5229 Scripturas
2458 5159 2629 5228 major
2671 5158 2911 5214 adduxit.
2950 5160 3132 5229 Neque
3162 5161 3305 5215 enim
3331 5160 3437 5215 diei
3472 5156 3697 5223 alicujus

2109 5250 2230 5305 festi
2260 5252 2570 5305 solemnitas
2595 5250 2661 5304 ad
2688 5251 2974 5306 ecclesiam
3016 5251 3112 5305 Dei
3151 5252 3309 5306 etiam
3341 5251 3520 5306 turbas
3551 5246 3699 5302 thea-

2111 5343 2269 5396 trieas
2291 5341 2830 5396 convocavit.Solent
2849 5342 2991 5395 enim
3011 5341 3225 5411 quidam
3257 5358 3363 5395 non
3389 5341 3457 5396 de
3486 5341 3698 5410 pietate,

2109 5432 2203 5486 sed
2230 5431 2296 5486 de
2324 5432 2661 5487 solemnitate
2681 5448 3022 5488 concurrere.
3050 5433 3173 5488 llaec
3200 5432 3555 5488 consideratio
3579 5426 3702 5484 fecit

2110 5533 2169 5578 ut
2214 5524 2385 5593 primo
2427 5524 2669 5578 dicamus
2710 5524 2777 5580 de
2818 5527 3213 5580 resurrectione
3262 5534 3623 5583 mortuorum:
3652 5523 3704 5568 οι

2110 5616 2303 5672 deinde
2323 5660 2336 5682 ,
2360 5620 2404 5673 si
2435 5616 2642 5688 copiam
2676 5618 2930 5675 Dominus
2955 5618 3195 5684 dederit,
3225 5619 3394 5689 qualis
3425 5618 3493 5675 sit
3518 5620 3697 5689 postea

2111 5711 2218 5767 vita
2245 5711 2416 5767 futura
2443 5713 2731 5782 justorum.
