4026 6186
319 355 458 413 IGL’I

389 461 619 520 CAPUT
653 459 718 515 V.
737 457 884 515 --5.
907 453 976 513 In
1007 473 1090 513 eos
1117 457 1200 528 qui
1230 457 1302 511 sic
1323 455 1590 510 uiuendum
1635 455 1716 508 hic
1757 455 1922 508 decer-

317 566 468 620 nunt,
492 552 638 625 quasi
667 559 782 622 post
807 559 1018 605 mortem
1043 548 1262 618 supersit
1283 547 1516 600 niltil.-—
1535 545 1731 610 Timeo,
1751 545 1922 615 inquit

320 649 634 720 Apostolus,
663 661 728 700 ne
757 643 886 698 sicut
924 657 1130 712 serpens
1169 639 1328 693 Evam
1366 639 1566 692 seduxit
1594 638 1780 693 astutia
1805 653 1918 704 sua,

319 745 394 798 sic
425 751 474 796 et
503 749 680 794 uestra:
707 743 894 790 mentes
919 741 1308 804 corrumpantur
1330 749 1362 785 a
1381 731 1609 785 castitate
1631 745 1744 800 ante
1767 739 1840 784 est
1867 731 1922 785 in

321 833 526 889 Christo
554 829 617 901 (11
641 827 763 883 Cor.
795 841 874 892 tu,
905 821 984 898 5).
1017 822 1218 878 Horum
1245 831 1420 877 autem
1452 827 1658 876 mentes
1681 835 1924 874 corrum-

323 933 460 996 punt
485 923 575 976 illa
601 920 889 988 colloquia.
915 915 1284 971 Manducemus
1302 923 1348 967 et
1371 913 1633 977 bibamus;
1657 927 1770 965 cras
1790 911 1922 964 enim

323 1017 594 1074 morimur.
620 1012 726 1079 Qui
753 1011 866 1064 haec
895 1017 1099 1072 amant,
1131 1005 1222 1076 qui
1249 1005 1362 1059 lucc
1387 1011 1682 1068 sectantur,
1715 1003 1802 1071 qui
1831 1017 1921 1055 so-

328 1111 430 1164 lam
467 1121 590 1163 esse
615 1105 780 1158 vitam
807 1105 966 1156 istam
989 1099 1333 1161 arbitrantur,
1361 1096 1449 1164 qui
1479 1095 1606 1149 nihil
1636 1094 1702 1148 de
1727 1101 1924 1148 caetero

327 1207 584 1272 sperant,
613 1197 702 1268 qui
732 1197 896 1250 Deum
937 1201 1028 1247 aut
1071 1207 1176 1246 non
1205 1199 1394 1259 rogant
1413 1229 1428 1253 ,
1459 1196 1552 1241 aut
1577 1197 1794 1256 propter
1821 1186 1925 1242 hoc

325 1301 539 1362 rogant,
568 1289 760 1358 quibus
784 1297 1042 1339 onerosus
1067 1289 1150 1336 εει
1179 1295 1356 1336 sermo
1375 1277 1681 1348 diligentiae,
1705 1276 1918 1330 audiant

327 1398 427 1437 nos
457 1397 578 1436 cum
607 1392 795 1447 magna
827 1375 1036 1429 tristitia
1066 1373 1162 1426 ista
1191 1369 1450 1425 dicentes.
1483 1368 1794 1422 Manducare
1817 1381 1918 1420 vo-

325 1475 444 1527 lunt
482 1481 536 1526 et
582 1470 794 1528 bibere;
837 1479 956 1519 cras
1001 1465 1144 1517 enim
1192 1461 1506 1514 moritmtur.
1547 1459 1758 1514 Utinam
1797 1473 1924 1514 vere

327 1563 629 1634 cogitarent
657 1575 716 1614 se
745 1573 864 1612 cras
889 1569 1012 1611 esse
1035 1555 1343 1608 morituros.
1371 1552 1500 1620 Quis
1529 1553 1669 1606 enim
1697 1559 1802 1604 tam
1825 1552 1923 1606 de-

328 1669 488 1710 mens
535 1661 694 1721 atqne
744 1659 1030 1720 pet-versus
1074 1652 1188 1709 est,
1219 1645 1338 1712 quis
1377 1652 1484 1696 tam
1515 1643 1694 1697 hostis
1731 1643 1924 1697 animae

327 1761 466 1810 suae,
493 1741 584 1813 qui
605 1739 840 1794 crastino
863 1737 950 1791 die
971 1735 1262 1789 moriturus
1285 1747 1392 1788 non
1415 1733 1611 1802 cogitet
1637 1732 1779 1786 ﬁnita
1803 1747 1924 1787 esse

327 1835 512 1889 omnia
555 1839 774 1903 propter
809 1845 929 1899 qua:
971 1825 1212 1881 laborat?
1239 1824 1330 1880 Sic
1357 1823 1500 1878 enim
1527 1826 1782 1893 scriptum
1807 1831 1918 1890 est,

330 1925 400 1981 In
430 1926 520 1980 illo
547 1925 630 1977 die
659 1923 854 1992 perient
881 1936 1052 1973 omnes
1073 1919 1398 1988 cogitationes
1427 1919 1534 1988 ejus
1557 1915 1726 1988 (Psat.
1759 1931 1919 1984 cxcv,

329 2019 416 2086 ι).
466 2017 579 2071 Etsi
626 2013 874 2069 homines
913 2019 1132 2082 propter
1171 2024 1266 2064 eos
1309 2025 1444 2079 quos
1472 2010 1556 2064 hic
1585 2010 1916 2078 relinquunt,

329 2109 638 2166 testamenti
664 2121 848 2161 curam
877 2111 1071 2174 gerunt
1099 2102 1416 2157 imminente
1443 2101 1530 2154 die
1565 2100 1750 2154 mortis
1773 2115 1920 2165 sum;

331 2209 532 2271 quanto
575 2199 746 2268 magis
779 2197 976 2251 debent
1005 2194 1074 2250 de
1101 2194 1274 2248 anima
1304 2207 1397 2247 sua
1429 2193 1626 2260 aliquid
1655 2193 1924 2262 cogitare?

329 2291 548 2360 Cogitat
571 2289 732 2342 homo
755 2301 890 2356 quos
909 2285 1204 2354 relinquat,
1253 2291 1306 2336 et
1351 2297 1411 2336 se
1451 2283 1543 2351 qui
1589 2282 1702 2336 inec
1745 2283 1922 2334 omnia

329 2381 596 2451 relinquit
637 2395 739 2432 non
777 2375 1014 2447 cogitat?
1043 2377 1182 2430 Ecce
1220 2374 1493 2428 habebunt
1529 2373 1620 2426 ﬁlii
1667 2373 1742 2426 tui
1779 2373 1922 2443 quod

331 2472 598 2533 dimittis,
629 2479 684 2524 tu
723 2469 852 2523 nihil
892 2466 1136 2531 habebis,
1169 2475 1224 2521 et
1249 2473 1358 2519 tota
1388 2464 1638 2533 cogitatio
1665 2472 1751 2516 tua
1779 2463 1828 2516 iu
1859 2477 1924 2516 eo

331 2561 670 2618 consult-titur
709 2575 810 2630 qua
854 2558 1116 2628 peregrini
1145 2565 1264 2626 post
1289 2563 1342 2611 te
1371 2563 1664 2621 transeant,
1688 2569 1794 2607 non
1821 2567 1927 2623 quo

335 2663 672 2708 transeuntes
711 2651 1041 2728 perveniant.
1071 2649 1282 2703 Utinam
1329 2661 1456 2717 ergo
1493 2657 1638 2702 esset
1676 2646 1926 2717 cogitatio

333 2744 402 2798 de
425 2753 618 2797 morte.
637 2741 744 2798 Sed
769 2756 892 2796 cum
913 2739 1208 2794 eﬂ'eruntur
1229 2739 1446 2804 mortui,
1473 2739 1738 2809 cogitatur
1757 2751 1922 2803 mors,

333 2841 394 2889 et
419 2831 776 2889 dicitur:V-.e
819 2832 1048 2886 misero!
1091 2829 1212 2884 talis
1255 2831 1384 2894 fuit,
1432 2828 1546 2883 beri
1591 2827 1922 2892 ambulabat;

335 2935 460 2993 aut,
487 2933 614 2980 ante
643 2931 848 2994 septem
893 2923 1010 2978 dies
1049 2923 1198 2976 illum
1242 2921 1384 2985 vidi,
1417 2920 1546 2974 illud
1591 2929 1750 2990 atque
1797 2919 1926 2974 illud

335 3033 546 3072 mecum
579 3018 788 3070 locutus
814 3024 934 3082 est;
968 3015 1100 3092 nihil
1127 3025 1210 3069 εει
1237 3013 1418 3069 homo.
1443 3013 1772 3068 Murmurant
1801 3013 1922 3067 ista.

333 3105 438 3162 Sed
464 3105 604 3162 forte
629 3121 750 3160 cum
783 3115 1022 3162 mortuus
1045 3105 1330 3176 plangitur,
1349 3119 1470 3159 cum
1502 3103 1658 3159 funus
1685 3115 1921 3171 curatur,

334 3213 458 3254 cum
487 3200 756 3268 exsequizn
792 3207 1176 3268 prmparautur,
1205 3213 1326 3252 cum
1354 3197 1594 3266 eﬂ'erlur,
1635 3212 1756 3252 cum
1798 3199 1922 3264 itur,

335 3305 460 3346 cum
485 3291 762 3359 sepelitur,
791 3293 929 3361 viget
955 3289 1058 3344 iste
1084 3304 1264 3344 sermo
1295 3307 1308 3343 :
1339 3289 1550 3358 sepulto
1575 3299 1750 3346 autem
1777 3305 1924 3344 mor-

337 3389 450 3448 tuo,
479 3381 644 3435 etiam
673 3381 792 3434 talis
819 3379 1076 3450 cogitatio
1105 3379 1380 3448 sepelitur.
1410 3380 1657 3435 Redeunt
1703 3381 1806 3435 illae
1833 3395 1928 3434 cu-

337 3487 410 3528 ra:
441 3472 736 3529 mortiferae
757 3515 772 3540 ,
801 3473 1133 3528 obliviscitur
1171 3487 1328 3542 quem
1373 3472 1685 3539 deduxerit,
1714 3473 1780 3527 de
1806 3487 1928 3527 suc-

335 3565 584 3618 cessionc
625 3564 830 3633 cogitat
873 3562 1218 3628 decessurus;
1245 3561 1450 3616 reditur
1485 3562 1552 3616 ad
1593 3560 1832 3623 fraudes.
1860 3562 1926 3616 ad

333 3654 570 3724 rapinas,
603 3653 670 3708 ad
701 3654 953 3723 periuria,
977 3653 1042 3707 ad
1065 3653 1435 3718 vinolentiam,
1460 3651 1525 3706 ad
1551 3651 1784 3706 inﬁnitas
1809 3667 1927 3707 cor-

333 3747 484 3815 poris
521 3745 840 3814 voluptates,
874 3759 980 3799 non
1025 3743 1166 3807 dico,
1209 3759 1328 3799 cum
1378 3742 1654 3797 exhausta:
1695 3743 1924 3810 fuerint,

333 3837 639 3906 perituras,
666 3836 759 3890 sed
797 3851 918 3890 cum
965 3835 1282 3910 hauriuntur
1321 3843 1641 3904 pereuntes;
1673 3843 1756 3896 et,
1785 3837 1928 3905 quod

335 3936 418 3981 est
441 3925 898 3996 perniciosius,de
923 3927 1134 3995 sepulto
1159 3935 1372 3980 mortuo
1393 3935 1764 3996 argumentum
1782 3941 1930 3996 sepe-

335 4017 498 4072 liendi
525 4017 706 4072 cordis
731 4018 1037 4082 assumitur,
1067 4026 1121 4071 et
1140 4016 1352 4084 dicitur,
1387 4015 1750 4072 Handucemus
1775 4027 1822 4073 et
1850 4017 1927 4071 bi-

337 4113 552 4176 bamus;
577 4128 691 4165 cras
717 4113 849 4166 enim
873 4111 1135 4166 morimur.

405 4199 636 4256 CAPUT
685 4200 934 4255 VL—ﬁ.
982 4199 1384 4254 Resurrectionis
1427 4199 1552 4269 ﬁdes
1587 4199 1826 4254 irridetur
1864 4201 1927 4254 ab

333 4293 631 4347 incredulis.
667 4291 980 4346 Parentalia.
1027 4291 1094 4346 In
1140 4307 1222 4346 eos
1263 4293 1348 4363 qui
1389 4293 1632 4362 objiciunt
1661 4294 1856 4347 nultum
1896 4311 1928 4348 a

335 4383 552 4437 mortuis
579 4383 806 4436 rediisse.
839 4381 1067 4436 lrrideut
1089 4381 1251 4436 etiam
1279 4379 1442 4458 ﬁdem]
1464 4385 1812 4436 asserentium
1842 4398 1929 4439 re-

336 4485 678 4531 surrecturus
715 4489 836 4530 esse
871 4485 1146 4536 mortuos,
1199 4473 1437 4529 dicentes
1475 4473 1578 4528 sibi
1603 4493 1616 4528 :
1641 4475 1778 4530 Ecce
1827 4477 1927 4532 iste

337 4567 544 4638 positus
571 4565 734 4620 estin
763 4565 1026 4635 sepulcro,
1058 4564 1304 4618 audiatur
1325 4579 1424 4618 vox
1454 4564 1614 4618 illius.
1641 4565 1743 4620 Sed
1773 4566 1928 4637 hujus

339 4673 444 4711 non
473 4665 652 4726 potest
675 4671 690 4710 :
714 4656 880 4724 patris
899 4656 1004 4711 mei
1026 4669 1210 4711 vocem
1232 4655 1466 4722 audiam,
1496 4657 1579 4710 avi
1603 4657 1722 4721 mei,
1745 4659 1927 4728 proavi

339 4748 466 4801 mei.
487 4747 620 4813 Quis
663 4745 784 4800 inde
826 4747 1090 4800 surrexit?
1117 4747 1246 4814 Quis
1291 4747 1537 4801 indicavit
1575 4748 1699 4818 quid
1743 4755 1930 4816 agatur

339 4837 478 4906 apud
511 4835 752 4892 inferos?
778 4836 920 4891 Bene
969 4837 1124 4892 nobis
1173 4835 1428 4892 faciamus
1448 4880 1461 4899 .
1493 4853 1614 4893 cum
1651 4839 1874 4893 vivimus
1903 4858 1918 4895 :

337 4943 459 4985 mm
485 4939 666 4984 autem
697 4930 890 4984 mortui
923 4929 1196 4996 fuerimus,
1219 4931 1428 4986 etiamsi
1461 4941 1708 4999 parentes
1733 4933 1920 5000 nostri,

342 5032 432 5075 aut
463 5020 612 5075 chari
631 5064 646 5085 ,
670 5029 762 5074 aut
789 5022 1068 5092 propinqui
1111 5021 1336 5076 aﬂ'eraut
1359 5021 1425 5075 ad
1452 5022 1693 5091 sepulcra
1725 5031 1926 5089 nostra,

341 5117 446 5170 sibi
475 5116 702 5172 alit-runt
721 5117 812 5187 qui
839 5118 1055 5180 vivunt,
1089 5131 1194 5171 non
1239 5115 1394 5170 nobis
1437 5116 1678 5170 mortuis.
1711 5117 1774 5171 Et
1815 5115 1932 5172 haec

343 5207 558 5280 quidem
599 5209 764 5264 irrisit
800 5209 960 5263 etiam
989 5209 1280 5278 Scriptura,
1313 5209 1494 5264 dicens
1519 5209 1588 5264 de
1614 5209 1928 5279 quibusdam

341 5303 479 5357 bona
513 5303 796 5374 przesentia
826 5319 932 5358 non
959 5304 1334 5369 sentientibus,
1369 5303 1634 5377 Tanquam
1657 5307 1702 5360 si
1726 5307 1927 5378 epulas,

341 5395 512 5463 inquit
531 5438 547 5462 ,
575 5405 774 5450 mortuo
811 5397 1160 5466 circumponas
1187 5393 1370 5468 (Eccli.
1397 5413 1534 5464 xxx,
1566 5399 1590 5452 i
1600 5397 1657 5467 8)
1683 5415 1696 5451 :
1722 5409 1774 5453 et
1813 5413 1930 5452 ma-

341 5485 596 5541 nifestum
635 5495 720 5540 est
763 5487 866 5542 hoc
902 5485 968 5541 ad
999 5497 1240 5542 mortuos
1269 5503 1375 5543 non
1401 5489 1693 5558 pertinere,
1721 5495 1776 5544 et
1796 5503 1930 5544 con-

337 5573 678 5632 suetudinem
723 5577 863 5632 hanc
904 5593 1025 5633 esse
1063 5577 1392 5650 Paganorum
1419 5621 1434 5645 ,
1485 5595 1590 5635 non
1637 5579 1818 5636 venire
1863 5581 1932 5638 de

343 5667 638 5738 propagine
681 5668 770 5722 illa
815 5677 872 5723 et
911 5683 1044 5722 vena
1089 5669 1310 5738 iustitia:
1360 5679 1566 5741 patrum
1625 5683 1929 5730 nostrorum

339 5759 776 5817 Patriarcharum
794 5801 810 5829 ,
841 5761 1034 5832 quibus
1063 5763 1339 5834 exsequias
1365 5765 1660 5824 celebratas
1697 5783 1816 5825 esse
1845 5769 1918 5827 Ie-

1709 339 1942 398 SERMO
1979 341 2104 398 CCC
2111 341 2238 400 LXI.

3478 361 3612 418 ιειιε

2029 455 2236 524 ginms,
2269 469 2602 528 parentatum
2629 479 2752 520 esse
2783 481 2888 522 non
2917 467 3162 540 legimus.
3205 471 3316 528 Hoc
3359 476 3516 530 etiam
3561 479 3612 532 in

2026 547 2265 602 moribus
2287 549 2592 608 .ludmorum
2619 557 2966 614 animadverti
2991 569 3160 628 potest
3184 579 3202 616 :
3229 581 3332 619 non
3364 569 3502 622 enim
3537 580 3615 624 te-

2025 649 2256 693 nuerunt
2283 640 2408 697 inde
2431 643 2641 700 virtutis
2669 649 2894 717 frugem,
2927 653 3022 705 sed
3051 663 3228 710 tamen
3253 665 3534 714 tenuerunt
3559 645 3612 717 in

2025 729 2340 798 quibusdam
2381 735 2812 794 solemnitatibus
2855 745 3254 800 consuetudinis
3275 760 3611 806 vetustatem.

2025 818 2092 872 lat
2133 821 2273 890 quod
2318 823 2574 893 objiciunt
2604 829 2816 897 quidam
2849 831 2914 886 de
2949 831 3259 903 Scripturis,
3285 837 3489 910 Frange
3521 859 3616 911 pa-

2025 927 2138 965 nem
2164 921 2324 976 tuum,
2359 925 2406 966 et
2425 915 2628 982 effunde
2648 919 2818 972 uinum
2841 932 2983 976 tuum
3027 941 3176 995 super
3195 930 3428 994 sepulcra
3443 933 3617 1000 justo-

2023 1019 2166 1066 rnm,
2207 1014 2254 1056 et
2286 1021 2347 1058 ne
2382 1007 2554 1060 tradas
2589 1025 2700 1060 eum
2729 1010 2930 1080 injustis
2959 1012 3113 1082 (Tob.
3135 1032 3209 1081 tv,
3245 1018 3368 1087 18);
3399 1037 3502 1074 non
3531 1033 3612 1078 est

2025 1093 2237 1160 quidem
2268 1095 2334 1148 de
2364 1096 2466 1152 hoc
2507 1097 2906 1166 disserendum,
2940 1104 3032 1158 sed
3081 1115 3254 1161 tamen
3295 1125 3450 1177 posse
3489 1111 3610 1166 dico

2027 1182 2322 1253 intelligere
2353 1185 2536 1244 ﬁdeles
2561 1191 2699 1258 quod
2725 1191 2922 1246 dictum
2957 1205 3057 1249 est.
3099 1197 3228 1252 Nam
3269 1203 3614 1270 quemadmo-

2027 1273 2149 1326 dum
2183 1275 2280 1329 ista
2309 1277 2490 1332 ﬁdeles
2517 1279 2708 1335 faciant
2739 1283 2984 1353 religiose
3012 1301 3134 1357 erga
3167 1293 3448 1348 memorias
3488 1311 3611 1350 suo-

2027 1379 2144 1417 rum
2173 1375 2354 1420 nntum
2383 1377 2466 1422 est
2494 1369 2764 1436 ﬁdelibus;
2791 1383 2844 1426 et
2872 1377 2993 1443 quia
3029 1393 3133 1431 non
3162 1391 3285 1433 sunt
3317 1383 3412 1434 ista
3459 1385 3612 1437 exhi-

2027 1455 2197 1511 benda
2227 1459 2456 1526 injustis,
2491 1461 2540 1514 id
2563 1472 2645 1516 εει
2667 1505 2680 1526 ,
2707 1463 3030 1530 inﬁdelibus,
3059 1471 3198 1538 quia,
3225 1470 3406 1526 Justus
3429 1490 3491 1527 ea:
3511 1477 3612 1544 fide

2023 1549 2142 1602 vivit
2185 1550 2356 1620 (liam.
2391 1567 2442 1617 ι,
2473 1552 2594 1624 17),
2637 1555 2796 1609 etiam
2841 1557 2941 1612 hoc
2987 1559 3246 1634 ﬁdelibus
3277 1573 3460 1618 uotum
3506 1577 3608 1621 εει.

2025 1639 2192 1694 Nemo
2221 1657 2348 1711 ergo
2370 1656 2572 1713 qua'rat
2597 1646 2663 1700 de
2683 1649 2944 1704 medicina
2967 1652 3179 1720 vulnus,
3204 1664 3256 1709 et
3281 1656 3347 1710 de
3369 1659 3610 1727 Scriptu-

2023 1735 2100 1789 ris
2125 1746 2347 1791 conetur
2377 1747 2621 1809 torquere
2645 1741 2914 1796 vinculum
2935 1786 2950 1808 ,
2985 1747 3124 1800 unde
3153 1749 3396 1817 laqueum
3425 1755 3610 1808 mortis

2026 1824 2226 1894 injicth
2263 1829 2454 1883 anima:
2494 1848 2622 1884 sum.
2653 1833 2988 1889 Manifestum
3034 1847 3116 1890 est
3161 1841 3607 1907 quemadmodum

2025 1915 2154 1970 illud
2178 1917 2520 1988 intelligatur,
2551 1931 2604 1975 et
2630 1934 2813 1990 aperta
2840 1934 3000 1994 atque
3027 1927 3258 1983 salubris
3284 1941 3364 1985 est
3390 1931 3504 1987 haec
3529 1948 3612 1989 ce-

2026 2007 2248 2062 lebratio
2277 2010 2721 2068 Christianorum.

2095 2095 2320 2154 CAPUT
2347 2101 2582 2156 \'ll.-—7.
2601 2103 2755 2159 Fides
2774 2109 3016 2162 nostrain
3042 2111 3212 2178 corde,
3225 2113 3370 2183 quasi
3383 2114 3613 2171 Christus

2024 2190 2076 2242 in
2101 2191 2218 2244 navi
2240 2192 2513 2260 dormiens,
2543 2197 2829 2260 excitanda,
2861 2209 2920 2251 ut
2949 2211 3211 2271 tempestas
3231 2205 3451 2260 sedetur.
3479 2209 3610 2262 Illud

2025 2297 2172 2348 ergo,
2203 2291 2260 2335 ut
2287 2299 2553 2352 coeperant
2585 2285 2786 2350 dicere,
2811 2289 3104 2354 videamus,
3131 2305 3346 2363 propter
3370 2296 3614 2354 homines

2029 2371 2497 2428 immurmurantes
2535 2374 2588 2428 in
2623 2391 2780 2432 aures
2827 2378 3194 2444 inﬁrmorum,
3245 2383 3613 2441 Manducemus

2027 2473 2074 2518 et
2103 2465 2358 2530 bibamus;
2398 2484 2512 2521 cras
2557 2469 2686 2523 enim
2726 2472 3006 2528 morimur:
3034 2475 3155 2544 quia
3186 2476 3364 2530 dicunt
3385 2521 3400 2545 ,
3427 2479 3613 2536 Nullus

2027 2557 2148 2611 inde
2189 2561 2512 2626 resurrexit,
2553 2579 2656 2616 non
2702 2564 2885 2619 audivi
2933 2581 3118 2623 vocem
3163 2570 3508 2642 cujusquam,
3545 2592 3610 2631 cx

2027 2663 2133 2717 quo
2161 2649 2228 2704 ibi
2283 2653 2484 2720 positus
2531 2662 2615 2710 est
2659 2671 2790 2710 avus
2836 2673 3004 2721 meus,
3033 2675 3098 2714 ex
3145 2678 3249 2732 quo
3295 2675 3514 2732 atavus,
3546 2685 3612 2722 ex

2027 2755 2132 2808 quo
2195 2753 2390 2810 pater;
2450 2745 2645 2800 nullius
2711 2749 2885 2804 audivi
2958 2767 3167 2806 vocem.
3231 2753 3608 2825 llcSpoudt-te,

2027 2829 2335 2899 Christiani,
2375 2836 2416 2889 si
2463 2835 2734 2893 christiani
2778 2841 2949 2896 estis:
2991 2857 3058 2897 ne
3109 2845 3242 2902 forte
3282 2861 3402 2900 cum
3457 2849 3615 2904 vultis

2029 2922 2080 2976 in
2137 2925 2343 2994 populis
2393 2925 2680 2994 inebriari,
2721 2931 2893 3000 pigeat
2932 2949 3029 2988 vos
3086 2939 3486 3008 corruptoribus
3529 2957 3616 2996 re-

2028 3016 2312 3084 spondere.
2358 3018 2574 3076 Habetis
2625 3022 2748 3091 quid
2795 3025 3316 3094 respOudeatiszsed
3351 3030 3616 3088 ﬂuctuatis

2029 3109 2456 3177 concupiscentia
2497 3111 2866 3182 voluptatum,
2903 3123 2958 3169 et
3003 3116 3167 3171 vultis
3208 3119 3512 3190 ingurgitari
3562 3133 3615 3177 et

2029 3199 2130 3254 vivi
2184 3201 2417 3272 sepeliri.
2464 3201 2642 3273 Surgit
2678 3205 2940 3274 cupiditas
3003 3207 3277 3263 ebrietatis
3307 3251 3321 3274 ,
3366 3221 3419 3264 ct
3464 3215 3613 3282 quasi

2036 3289 2229 3349 ﬂuctus
2255 3295 2469 3363 quidam
2497 3295 2646 3350 irruit
2677 3297 2730 3350 in
2758 3299 3010 3364 animam,
3038 3309 3294 3354 attractus
3319 3301 3446 3355 ﬂatu
3477 3305 3616 3358 male

2031 3386 2327 3440 suadentis.
2363 3388 2753 3457 Tempestatem
2797 3405 2926 3459 ergo
2961 3405 3206 3458 magnam
3247 3393 3440 3460 pateris
3461 3435 3475 3459 ,
3509 3411 3614 3450 non

2029 3477 2110 3531 vis
2153 3479 2481 3548 respondere
2527 3481 2860 3550 corruptori,
2894 3497 3014 3536 cum
3061 3482 3207 3538 faves
3248 3485 3612 3554 propinatori;

2028 3566 2120 3622 sed
2149 3567 2340 3624 ﬂuctus
2367 3571 2812 3640 concupiscentia:
2851 3573 3010 3626 nimis
3034 3573 3280 3643 erigitur,
3310 3585 3362 3630 et
3388 3577 3616 3632 obruere

2031 3659 2144 3714 vult
2168 3669 2420 3730 tanquam
2449 3677 2637 3717 navem
2669 3677 2763 3717 cor
2791 3671 2958 3718 tuum.
2987 3663 3316 3731 Christiane,
3341 3665 3538 3721 dormit
3564 3668 3616 3722 in

2030 3751 2148 3804 navi
2177 3759 2262 3804 tua
2290 3751 2576 3807 Christus:
2612 3755 2783 3808 excita
2824 3753 3009 3819 illum;
3041 3753 3250 3826 jubebit
3291 3757 3618 3824 tempestati-

2029 3841 2128 3898 bus
2154 3851 2213 3898 ut
2240 3843 2418 3898 omnia
2447 3845 2857 3916 tranquillentur
2885 3845 3101 3914 (Matth.
3135 3861 3223 3901 vm
3243 3888 3258 3912 ,
3287 3846 3488 3917 24-26).
3521 3847 3618 3902 Illo

2030 3933 2174 3988 enim
2209 3945 2480 4004 tempore,
2513 3935 2724 4006 quando
2753 3935 2997 4003 discipuli
3039 3937 3088 3989 in
3137 3937 3254 3990 navi
3291 3936 3619 3991 ﬂuctuabant

2029 4021 2242 4077 Christo
2252 4023 2566 4090 dormiente,
2582 4023 3010 4094 signiﬁcaverunt
3023 4024 3273 4078 ﬂuctuare
3284 4023 3618 4079 Christianos

2031 4115 2316 4169 christiana
2349 4115 2454 4172 ﬁde
2483 4116 2798 4172 dormiente.
2827 4115 2988 4170 Vides
3015 4115 3154 4170 enim
3187 4115 3308 4182 quid
3331 4115 3612 4188 dicitApo-

2031 4207 2199 4261 stolus
2224 4225 2235 4259 :
2256 4205 2517 4274 Habitare,
2534 4208 2721 4278 inquit,
2750 4205 3003 4262 Christum
3027 4223 3114 4276 per
3137 4207 3286 4276 [idem
3309 4207 3361 4260 in
3383 4208 3615 4262 cordibus

2031 4299 2206 4352 vestris
2234 4297 2447 4370 (Ep/tes.
2483 4313 2568 4364 ιιι,
2603 4295 2712 4372 17).
2746 4297 3050 4353 Secundum
3089 4299 3230 4352 enim
3276 4303 3616 4368 praesentiam

2033 4386 2440 4456 pulchritudinis
2480 4397 2534 4445 et
2571 4389 2863 4444 divinitatis
2907 4401 3016 4442 sua:
3061 4403 3273 4458 semper
3307 4405 3428 4444 cum
3459 4391 3619 4446 Patre

2032 4489 2148 4542 est;
2196 4481 2488 4534 secundum
2541 4481 2880 4552 praesentiam
2922 4481 3252 4551 corporalem
3299 4479 3408 4550 jam
3454 4497 3616 4552 supra

2033 4569 2197 4625 caelos
2223 4571 2286 4624 ad
2315 4571 2590 4626 dexteram
2620 4571 2790 4626 Patris
2815 4583 2896 4626 est
2922 4590 2934 4625 :
2959 4572 3251 4626 secundum
3279 4575 3618 4642 prmsentiam

2031 4679 2159 4717 vero
2189 4663 2309 4718 ﬁdei
2347 4663 2400 4716 in
2441 4664 2685 4718 omnibus
2713 4663 3027 4719 Christianis
3071 4672 3170 4718 εει.
3207 4665 3272 4718 Et
3318 4664 3438 4719 ideo
3486 4679 3618 4734 ergo

2033 4751 2278 4820 ﬂuetuas,
2307 4754 2428 4823 Quia
2461 4751 2704 4809 Christus
2731 4755 2926 4810 dormit
2953 4772 2966 4808 :
2997 4754 3098 4810 hoc
3141 4763 3243 4822 est,
3263 4754 3386 4810 ideo
3421 4769 3619 4810 concu-

2035 4843 2317 4914 piscentias
2339 4845 2476 4911 illas,
2511 4859 2628 4914 qua:
2654 4845 2954 4900 excitantur
2977 4843 3192 4900 ﬂatibus
3219 4845 3356 4900 male
3381 4845 3614 4900 suaden-

2036 4933 2187 5001 tium,
2217 4951 2324 4989 uon
2350 4950 2591 5006 superas,
2622 4935 2746 5007 quia
2773 4935 2902 4991 ﬁdes
2942 4937 3156 4991 dormit.
3179 4935 3316 5004 Quid
3343 4944 3454 5002 est,
3485 4935 3618 4988 ﬁdes

2033 5026 2268 5095 dormit?
2293 5027 2474 5096 Supita
2497 5035 2596 5083 est.
2621 5027 2754 5094 Quid
2782 5037 2894 5095 est,
2937 5029 3105 5098 sopita
3149 5029 3267 5082 est?
3307 5027 3514 5080 Oblitus
3556 5041 3616 5080 es

2033 5133 2170 5174 eam.
2190 5119 2326 5186 Quid
2348 5135 2474 5189 ergo
2491 5129 2572 5174 est
2592 5120 2823 5174 excitare
2840 5117 3142 5174 Christum?
3159 5117 3405 5171 Excitare
3433 5115 3614 5183 ﬁdem,

2033 5211 2304 5268 reminisci
2327 5213 2468 5283 quod
2499 5212 2787 5268 credidisti.
2811 5211 2950 5281 Ergo
2967 5211 3246 5264 recordare
3270 5208 3424 5263 ﬁdem
3447 5219 3614 5270 luant,

2035 5304 2205 5358 excita
2235 5302 2506 5359 Christum
2534 5323 2546 5358 :
2572 5304 2681 5374 ipsa
2709 5302 2840 5357 ﬁdes
2864 5311 2950 5356 tua
2969 5300 3168 5371 jubebit
3203 5301 3468 5364 ﬂuetibus,
3499 5300 3618 5370 qui-

2035 5393 2136 5449 bus
2167 5394 2418 5462 turbaris,
2451 5403 2504 5451 et
2529 5395 2701 5451 ventis
2741 5409 2992 5466 perversa
3035 5393 3406 5450 suadentium:
3437 5393 3618 5449 statim

2036 5487 2341 5554 discedent,
2366 5489 2545 5544 statim
2583 5488 2761 5543 omnia
2794 5487 3201 5558 conquiescent;
3233 5485 3354 5558 quia
3380 5485 3482 5541 etsi
3511 5502 3619 5541 non

2036 5578 2244 5636 desistit
2272 5582 2442 5637 malus
2470 5595 2658 5637 suasor
2700 5579 2874 5650 loqui,
2897 5579 3009 5650 jam
3043 5593 3145 5633 non
3181 5585 3481 5634 commovet
3529 5591 3622 5634 na-

2037 5689 2179 5741 vem,
2205 5692 2310 5731 non
2337 5675 2556 5732 ﬂuctqu
2585 5674 2802 5744 excitat,
2829 5688 2932 5730 non
2961 5671 3152 5743 mergit
3181 5671 3482 5728 vehiculum
3515 5687 3621 5743 quo

2039 5771 2289 5842 portatis.
