3996 6192
433 352 452 406 Ι
466 351 569 406 603

499 466 552 519 8.
588 462 979 519 Resunectionis
1011 461 1196 530 futuri:
1218 458 1345 528 fides
1372 466 1661 527 resurgente
1690 456 1887 510 Christo
1913 472 2000 510 sa-

430 560 490 611 tis
506 556 845 628 comprobata.
860 553 1018 609 Totus
1038 553 1170 606 orbis
1187 559 1449 604 attestatur
1460 549 1579 618 ﬁdei
1591 560 1793 603 nostrw.
1814 548 2001 601 Omnia

430 650 762 704 testimonium
778 645 1031 717 perhibent
1054 642 1420 697 resurrectioni.
1436 640 1568 709 Quid
1586 656 1713 710 ergo
1726 640 1852 695 facis
1868 640 2003 695 exci-

429 750 546 793 tans
577 737 883 793 Christum?
907 735 1041 801 Quid
1058 733 1367 787 tibidixerat
1383 732 1553 787 malus
1574 731 1661 785 ille
1688 734 2004 785 sermocina-

430 825 536 876 tur?
549 822 682 891 Quid
703 822 910 874 dixerat
931 818 1322 885 illecorrnptor,
1341 830 1685 883 corrumpens
1707 815 1873 868 bonos
1890 830 2004 869 mo-

430 930 514 968 res
528 929 620 983 per
634 910 893 978 colloquia
909 910 1069 963 mala?
1084 908 1207 978 quid
1222 908 1449 961 dixerat?
1464 906 1619 961 Certe
1632 906 1731 961 hoc
1751 905 1956 960 dixerat
1985 923 1997 960 :

426 1006 593 1060 Nemo
622 1001 744 1057 inde
772 1015 1019 1055 rcVersus
1043 1009 1159 1066 est,
1190 1014 1292 1053 non
1320 998 1494 1053 audivi
1542 1006 1743 1066 patrem
1788 1012 1960 1051 meum
1980 1037 1998 1061 ,

428 1110 536 1150 non
566 1109 718 1151 avum
746 1108 921 1146 meum
944 1108 958 1156 ;
988 1091 1170 1146 redeat
1197 1091 1316 1144 inde
1340 1089 1551 1159 aliquis,
1574 1088 1714 1143 dicat
1739 1088 1867 1159 quid
1895 1089 2003 1144 illic

424 1186 615 1256 agitur.

495 1276 720 1334 CAPUT
765 1274 1087 1330 Vlll.—-Tu
1130 1273 1238 1342 jam
1266 1272 1494 1328 excitato
1532 1271 1741 1327 Christo
1786 1272 1836 1326 in
1880 1276 1997 1326 navi

428 1378 549 1435 tua,
597 1368 838 1422 recolens
889 1367 1046 1420 (idem
1094 1374 1267 1430 tuam,
1311 1364 1573 1433 responde
1612 1364 1718 1429 illi,
1764 1372 1817 1417 et
1854 1364 1939 1417 die
1983 1380 1998 1417 :

425 1460 618 1524 Stulte,
647 1458 690 1512 si
732 1465 879 1528 pater
918 1466 1036 1509 tuus
1078 1463 1401 1523 resurgeret,
1436 1454 1716 1517 crederes;
1747 1453 1999 1507 Dominus

429 1550 668 1603 omnimn
700 1548 1025 1611 resurrexit,
1056 1555 1109 1600 et
1148 1561 1251 1599 non
1293 1544 1504 1598 credis?
1550 1545 1700 1599 Unde
1742 1545 1883 1598 enim
1929 1543 1998 1597 ita

425 1638 594 1696 voluit
615 1640 746 1692 mori
762 1646 1127 1706 etresurgcrc,
1149 1636 1244 1689 nisi
1264 1645 1319 1689 ut
1335 1650 1519 1689 omnes
1540 1637 1626 1688 ttni
1641 1634 1996 1701 crederemus,

427 1746 493 1786 ne
518 1745 547 1784 a
570 1730 748 1785 multis
772 1727 1176 1797 deciperemur?
1207 1726 1411 1796 thuid
1435 1726 1635 1781 faceret
1662 1730 1813 1797 pater
1842 1732 1994 1790 tuus,

422 1822 471 1877 si
508 1832 805 1890 resurgeret
837 1830 891 1875 et
930 1820 1259 1889 loqueretur,
1302 1819 1491 1873 iterum
1540 1818 1864 1872 moriturus?
1906 1819 2001 1872 Λι-

427 1911 581 1965 tende
606 1926 722 1965 cum
746 1918 941 1981 quanta
979 1910 1066 1964 ille
1096 1918 1352 1977 potestate
1375 1910 1745 1972 resurrcxcrit,
1776 1909 1863 1977 qui
1888 1909 2000 1977 jam

426 2018 530 2056 non
555 2003 796 2066 moritur,
828 2012 881 2055 et
906 2017 1049 2055 mors
1076 2002 1123 2055 ei
1150 2002 1282 2053 ultra
1313 2017 1418 2053 non
1443 1998 1996 2068 dominabiturUlom.

424 2112 497 2162 vt,
525 2095 603 2167 9).
634 2096 876 2150 Ostendit
905 2110 963 2148 se
1005 2094 1175 2163 ipsum
1207 2094 1479 2162 discipulis
1499 2103 1551 2147 ct
1576 2093 1815 2151 lidelibus
1840 2093 1950 2146 suis
1982 2108 1996 2144 :

424 2196 753 2244 contrectata
792 2198 872 2243 est
915 2186 1155 2242 soliditas
1178 2186 1452 2255 corporis,
1484 2200 1603 2239 omn
1636 2199 1820 2253 parum
1861 2193 2002 2238 esset

423 2280 740 2349 quibusdam
770 2279 949 2333 videre
972 2279 1112 2349 quod
1146 2279 1513 2339 meminerant,
1544 2278 1643 2330 nisi
1688 2278 1845 2331 etiam
1878 2284 2000 2330 tan-

424 2377 611 2438 gerent
639 2369 776 2439 quod
809 2369 1077 2423 videbant.
1112 2368 1429 2421 Conﬁrmata
1463 2367 1595 2437 lides
1634 2375 1751 2432 est,
1780 2381 1885 2420 non
1915 2381 2002 2421 so—

423 2460 532 2515 lum
557 2461 605 2513 in
630 2460 901 2526 cordibus,
920 2460 1013 2515 sed
1043 2461 1200 2514 etiam
1225 2461 1276 2513 in
1300 2459 1468 2514 oculis
1494 2459 2002 2513 hominum.Asceu-

425 2554 503 2607 dit
568 2552 693 2617 ille,
730 2553 817 2621 qui
846 2552 963 2605 htcc
1012 2551 1431 2615 demonstravit,
1481 2549 1533 2603 in
1577 2552 1806 2615 malum,
1859 2550 2002 2603 misit

424 2644 679 2712 Spiritum
728 2652 970 2696 sanctum
1019 2642 1296 2712 discipulis
1339 2643 1483 2704 suis,
1525 2641 1866 2710 praedicatum
1919 2650 2001 2695 est

427 2733 789 2800 Evangelium.
822 2731 876 2785 Si
904 2732 1189 2785 mentimur
1217 2732 1349 2796 lucc,
1378 2731 1641 2799 interroga
1670 2731 1852 2785 orbem
1890 2741 1999 2786 ter-

421 2840 620 2880 rarum.
651 2824 809 2877 Multa
836 2840 951 2891 qua:
984 2823 1242 2891 promissa
1268 2832 1431 2889 sunt,
1481 2822 1615 2877 faeta
1646 2835 1805 2877 sunt:
1838 2825 2000 2878 multa

421 2932 538 2985 qum
564 2916 932 2986 sperabantur,
950 2914 1169 2984 impleta
1192 2924 1314 2971 sunt
1339 2932 1350 2966 :
1383 2915 1437 2969 in
1465 2915 1569 2969 ﬁde
1595 2914 1882 2970 christiana
1914 2925 1996 2971 to-

423 3017 506 3061 tus
528 3007 670 3062 orbis
699 3008 856 3077 viget.
903 3006 1017 3060 Non
1043 3006 1240 3060 audent
1264 3006 1463 3060 Christi
1490 3007 1870 3061 resurrectioni
1907 3008 2003 3062 de-

422 3100 650 3163 trahere,
678 3114 775 3154 nec
800 3098 872 3154 illi
898 3098 988 3169 qui
1011 3098 1245 3154 nondum
1271 3098 1484 3155 Christo
1515 3100 1872 3155 crediderunt.
1896 3101 1999 3156 Te-

419 3192 724 3247 stimonium
769 3194 821 3250 in
863 3191 1032 3254 coelo,
1084 3192 1439 3247 testimonium
1483 3192 1726 3245 interra:
1760 3193 2003 3247 testimo-

424 3283 568 3334 nium
625 3280 693 3334 ab
741 3281 990 3349 Angelis,
1059 3281 1419 3337 testimonium
1476 3281 1544 3335 ab
1594 3281 1798 3338 inferis.
1865 3284 2001 3349 Quid

427 3372 699 3437 remansit,
731 3371 870 3439 quod
898 3387 1001 3425 non
1028 3372 1256 3426 clamet?
1279 3373 1344 3427 Et
1371 3381 1424 3426 tu
1454 3373 1605 3441 dicis,
1634 3372 2001 3430 Manducemus

420 3474 466 3516 et
498 3463 755 3528 bibamus;
786 3481 897 3517 cras
934 3465 1066 3521 enim
1097 3465 1372 3523 morimur!

494 3556 546 3607 9.
593 3553 897 3623 Exemplum
940 3557 1313 3609 resurrectionis
1359 3556 1411 3609 in
1463 3558 1667 3611 semine.
1700 3555 1805 3613 Sed
1837 3558 2001 3612 tristis

423 3643 589 3697 factus
615 3660 672 3697 es
705 3644 771 3697 de
797 3644 1006 3712 sepulto
1028 3644 1338 3699 charissima
1383 3656 1470 3698 tuo
1490 3687 1503 3709 ,
1534 3649 1653 3716 quia
1683 3665 1785 3701 non
1818 3650 1999 3703 statim

422 3735 611 3786 audisti
639 3750 821 3787 vocem
850 3734 987 3803 ejus.
1020 3734 1261 3801 Vivebat,
1299 3746 1538 3792 mortuus
1558 3748 1639 3790 est
1673 3757 1686 3792 :
1716 3740 2001 3793 manduca-

425 3827 529 3884 bat,
549 3824 659 3893 jam
689 3840 791 3877 non
825 3826 1105 3879 mandueat
1136 3844 1148 3878 :
1180 3827 1475 3890 sentiebat,
1508 3828 1617 3895 jam
1661 3847 1762 3883 nun
1794 3833 1953 3885 sentit
1984 3849 1996 3884 :

424 3933 526 3968 non
564 3917 783 3968 interest
820 3915 1022 3984 gaudiis
1046 3925 1096 3971 et
1125 3916 1321 3970 ιςυιίιίιυ
1349 3916 1609 3975 vivorum.

501 4007 722 4062 CAPUT
752 4006 843 4061 IX.
873 4038 942 4046 —
972 4007 1233 4078 Numquid
1259 4010 1532 4079 plangeres
1558 4028 1760 4078 semen,
1790 4013 2001 4081 quando

426 4101 640 4153 arares?
664 4102 716 4154 Si
748 4117 872 4169 ergo
895 4110 1037 4155 CSSt'l
1058 4104 1334 4173 quisquam
1374 4104 1440 4155 ita
1482 4120 1656 4158 rerum
1690 4105 1960 4173 imperitus
1982 4146 1996 4169 ,

421 4193 507 4260 qui
553 4207 621 4259 qu
661 4191 763 4244 udo
809 4191 1025 4245 eil'ertur
1066 4208 1247 4247 semen
1295 4195 1343 4246 in
1389 4211 1598 4262 ngt'tim,
1634 4206 1684 4250 et
1715 4198 1764 4250 in
1804 4207 1997 4253 terram

423 4281 667 4343 titillilltt',
702 4289 755 4333 el
784 4281 945 4334 fraeta
982 4281 1132 4351 gleba
1162 4283 1444 4350 sepelitur;
1474 4286 1516 4338 si
1542 4302 1667 4354 ergo
1689 4297 1829 4341 esset
1854 4288 1999 4356 quis-

420 4386 575 4439 quam
600 4371 811 4440 ignarus
835 4387 1010 4424 rerum
1036 4372 1194 4425 etiam
1223 4388 1383 4441 prole
1410 4372 1725 4441 futurarum,
1745 4376 1834 4447 qui
1856 4378 2002 4448 plan-

421 4470 566 4530 geret
596 4462 847 4526 tr'.ticum,
878 4463 999 4531 quia
1040 4462 1370 4517 meminisset
1411 4466 1633 4530 :estatis,
1665 4478 1716 4521 ct
1746 4470 2000 4539 cogitaret

422 4552 558 4619 apud
588 4567 644 4605 se
675 4553 887 4618 dicens,
919 4552 1028 4606 lloc
1059 4553 1419 4622 frumentum,
1452 4558 1589 4627 quod
1620 4560 1777 4613 modo
1822 4563 2000 4631 sepul-

423 4654 529 4696 tum
563 4652 677 4707 est,
704 4654 900 4713 quanto
930 4645 1110 4700 labore
1151 4662 1381 4701 messum
1405 4689 1419 4713 ,
1450 4658 1782 4719 apportatum
1804 4695 1817 4715 ,
1850 4656 1999 4709 tritu-

423 4748 588 4789 ratum
613 4778 628 4802 ,
667 4749 967 4805 purgatum,
1009 4739 1318 4794 servabatur
1344 4740 1397 4794 in
1426 4741 1619 4797 horreo
1639 4784 1653 4806 ,
1687 4744 1997 4801 videbamus

422 4826 535 4894 ejus
580 4825 862 4891 decorem,
910 4837 964 4881 et
998 4830 1423 4898 gratulabamur;
1456 4833 1613 4886 modo
1653 4834 1885 4888 ablatum
1915 4846 1998 4891 est

422 4919 489 4971 ab
530 4919 696 4971 oculis
740 4919 964 4982 nostris;
1009 4928 1205 4974 terram
1248 4932 1515 4976 exaratam
1547 4924 1728 4991 video,
1758 4926 1994 4981 frumen-

421 5020 529 5062 tum
557 5026 684 5065 vero
716 5026 812 5066 nec
839 5011 889 5063 in
920 5011 1113 5065 horreo
1138 5052 1152 5075 ,
1186 5028 1284 5067 nec
1312 5013 1396 5069 hic
1424 5030 1587 5069 cerno
1615 5033 1628 5069 :
1673 5018 1995 5074 frumentum

419 5100 568 5167 quasi
598 5109 865 5154 mortuum
890 5109 1047 5169 atque
1077 5102 1340 5167 sepultum
1368 5103 1663 5173 lugubriter
1685 5107 1991 5179 plangeret,

422 5194 570 5245 ﬂeret
607 5191 868 5257 ubertim,
898 5191 1176 5247 attendens
1214 5193 1394 5263 glebas
1419 5204 1473 5249 et
1500 5203 1695 5251 terram
1714 5238 1731 5263 ,
1764 5216 1993 5255 messem

417 5292 593 5335 autem
625 5298 728 5337 non
779 5283 963 5338 videns
989 5301 1003 5337 :
1028 5286 1293 5354 quomodo
1328 5286 1638 5342 irrideretur
1669 5304 1699 5343 a
1732 5291 1993 5360 quibusli-

421 5371 506 5426 bet
536 5372 789 5438 indoctis,
828 5374 923 5428 Sed
964 5375 1017 5429 in
1060 5374 1149 5430 illa
1180 5392 1239 5432 re
1282 5391 1387 5432 non
1430 5377 1691 5445 indoctis;
1735 5382 1991 5449 imperitis

417 5463 628 5530 quidem
654 5463 872 5518 aliarum
898 5481 1092 5530 rerum,
1127 5468 1308 5535 peritis
1347 5475 1523 5522 autem
1556 5469 1697 5524 illius
1728 5471 1803 5525 rei
1831 5489 1991 5541 quam

417 5552 690 5625 plangeret
716 5557 802 5611 ille
838 5555 1147 5613 deformiter
1173 5559 1489 5628 imperitus?
1528 5560 1597 5615 Et
1619 5561 1742 5631 quid
1770 5563 1817 5617 ei
1842 5563 1989 5618 dice-

418 5656 534 5700 rent
557 5647 629 5703 illi
658 5648 745 5716 qui
768 5650 980 5714 scirent,
1004 5649 1049 5703 si
1075 5650 1206 5704 forte
1232 5661 1508 5721 propterea
1536 5651 1649 5722 ipse
1674 5653 1983 5724 plangebat,

418 5738 533 5808 quia
560 5739 684 5793 nihil
718 5741 902 5796 hornrn
944 5744 1181 5799 sciebat?
1207 5743 1323 5799 Noli
1346 5760 1464 5801 esse
1493 5747 1689 5813 tristis;
1720 5747 1819 5804 hoc
1844 5749 1984 5819 quod

1684 342 1738 397 S.
1779 340 2136 398 AUGUSTINI
2179 341 2475 397 EPISCOPI

3558 356 3686 411 lii“

2114 455 2455 523 sepelivimus
2492 466 2636 514 certe
2657 459 2767 529 jam
2794 476 2900 518 non
2928 472 3009 518 est
3038 463 3091 519 in
3132 462 3359 520 horreo.
3400 482 3505 521 non
3532 472 3685 524 estin

2111 547 2355 602 manibus
2383 551 2617 603 nostris:
2661 553 2937 610 veniemus
2964 554 3030 609 ad
3063 570 3248 625 agrum
3279 556 3422 613 hunc
3442 599 3458 623 ,
3502 567 3557 613 et
3598 561 3681 615 de.

2111 638 2328 693 lcetabit
2356 649 2409 695 te
2441 641 2623 697 videre
2648 644 2881 712 speciem
2927 646 3122 715 segetis
3146 689 3161 712 ,
3194 648 3280 703 ubi
3306 664 3447 703 nunc
3488 651 3689 721 plangis

2110 729 2398 784 nuditatem
2443 734 2717 789 arationis.
2763 734 2861 789 llle
2897 737 2984 806 qui
3015 747 3236 793 noverat
3264 740 3391 808 quid
3440 752 3582 801 esset
3624 744 3687 801 de

2108 822 2376 877 frumento
2405 833 2717 894 venturum,
2766 835 2822 881 et
2860 827 2915 882 in
2963 828 3074 897 ipsa
3122 830 3360 885 aratione
3385 833 3683 901 gauderet:

2109 912 2198 966 ille
2222 928 2349 968 vero
2376 914 2679 970 incredulus
2704 918 2787 972 vel
2819 918 2992 986 potius
3020 919 3298 990 insipiens,
3327 931 3401 988 et,
3433 931 3488 976 ut
3510 925 3688 978 verius

2108 1004 2314 1069 dicam,
2349 1005 2656 1076 inexpertus
2683 1009 2953 1079 plangeret
2975 1011 3188 1080 quidem
3220 1012 3440 1069 forsitan
3476 1017 3685 1086 primo,

2107 1094 2201 1149 sed
2242 1106 2461 1165 experte
2486 1098 2711 1152 credens
2752 1100 3056 1155 consolatus
3083 1102 3424 1170 abscederet,
3451 1115 3506 1161 et
3535 1106 3685 1162 futu-

2110 1201 2222 1239 ram
2255 1202 2481 1242 messem
2513 1204 2634 1243 cum
2666 1202 2888 1260 experto
2916 1203 3175 1260 speraret.

2177 1286 2403 1342 CAPUT
2453 1288 2520 1341 Χ.
2565 1317 2638 1329 -—
2692 1290 2776 1344 l0.
2831 1291 3228 1347 Resurrectionis
3283 1304 3468 1349 nostra:
3520 1313 3688 1351 exem-

2107 1376 2247 1444 plum
2310 1378 2363 1430 in
2425 1376 2642 1432 Christo.
2704 1379 2881 1434 Omnis
2941 1392 3174 1436 creatura
3242 1384 3461 1456 loquitur
3515 1405 3687 1441 resur-

2106 1467 2392 1520 rectionem.
2439 1467 2707 1539 Evigilatio
2753 1472 3069 1526 animalium.
3116 1473 3416 1530 Nooilunia.
3458 1468 3689 1532 Frondcs

2105 1558 2360 1611 arborum.
2394 1558 2498 1613 Sed
2525 1562 2701 1615 solent
2729 1562 2898 1617 videri
2942 1579 3035 1632 per
3074 1580 3242 1619 annos
3286 1567 3523 1636 singulos
3549 1585 3682 1623 mes-

2106 1663 2194 1704 ses
2223 1668 2236 1703 :
2263 1651 2472 1719 generis
2501 1662 2679 1707 autem
2721 1654 2935 1709 humani
2961 1673 3061 1710 una
3087 1659 3266 1712 ultima
3296 1660 3346 1713 in
3376 1660 3481 1715 line
3508 1662 3685 1716 surculi

2106 1741 2297 1795 messis
2317 1752 2576 1811 assurget.
2605 1742 2822 1798 Ostendi
2850 1761 2994 1801 nunc
3018 1749 3187 1802 oculis
3212 1765 3317 1803 non
3349 1759 3522 1819 pctest
3552 1770 3565 1805 :
3592 1752 3684 1805 sed

2106 1830 2173 1885 de
2200 1846 2303 1884 uno
2325 1832 2597 1901 principali
2627 1850 2791 1904 grano
2820 1836 2999 1890 datum
3019 1847 3103 1893 est
3125 1841 3570 1909 experimentum.
3592 1841 3680 1895 Di-

2104 1922 2178 1975 cit
2225 1922 2336 1990 ipsc
2391 1923 2646 1980 Domitius
2670 1965 2683 1989 ,
2738 1926 2798 1981 Si
2834 1944 3052 1997 granum
3087 1930 3159 1982 sic
3205 1932 3471 1997 manserit,
3511 1941 3685 1987 etnon

2105 2015 2461 2082 morti/iratum
2505 2016 2683 2084 fuerit,
2729 2020 2895 2073 solum
2936 2022 3153 2076 manebit
3201 2022 3378 2095 (Joan.
3413 2041 3523 2088 xu,
3553 2024 3684 2094 ἳιί),

2105 2104 2287 2160 dicens
2327 2108 2395 2161 de
2440 2122 2535 2162 sua
2568 2110 3003 2177 mortiﬁcatione,
3034 2114 3155 2182 quia
3202 2115 3479 2184 multiplex
3515 2116 3685 2172 futura

2105 2208 2187 2251 est
2209 2198 2259 2251 iu
2286 2197 2427 2252 illum
2452 2200 2783 2256 credentium
2804 2205 3145 2258 resurrectio.
3169 2204 3481 2274 Exemplum
3506 2207 3688 2261 datum

2104 2288 2278 2343 estde
2306 2306 2415 2344 uno
2453 2306 2640 2360 grano,
2684 2293 2777 2346 sed
2815 2294 2917 2347 tale
2964 2296 3264 2364 exemplum
3291 2298 3377 2351 cui
3410 2298 3688 2352 crederent

2106 2396 2294 2433 enines
2322 2384 2410 2449 qui
2442 2396 2604 2451 grana
2635 2397 2755 2438 esse
2797 2385 3012 2440 vellent.
3060 2385 3372 2456 Quanquam
3418 2397 3470 2442 et
3510 2389 3687 2443 omnis

2104 2480 2345 2525 creatura
2381 2472 2612 2542 loquitur
2652 2476 3094 2530 resurrectionem
3117 2517 3132 2542 ,
3179 2477 3225 2531 si
3269 2478 3411 2533 surdi
3444 2493 3546 2533 non
3595 2496 3686 2533 su-

2106 2576 2226 2615 mus
2255 2580 2267 2614 :
2303 2563 2443 2616 unde
2468 2563 2737 2631 conjicere
2779 2564 3034 2620 debemus
3063 2567 3187 2635 quid
3216 2568 3266 2620 in
3296 2567 3398 2622 line
3429 2570 3595 2623 semel
3621 2569 3687 2624 de

2104 2667 2302 2721 genere
2344 2654 2573 2709 lmmano
2624 2655 2856 2712 facturus
2900 2667 2981 2712 est
3011 2659 3186 2725 Deus,
3217 2674 3337 2713 eum
3372 2669 3448 2715 tot
3495 2662 3686 2717 similia

2105 2744 2343 2812 quotidie
2372 2745 2663 2799 videamus.
2697 2746 3039 2802 Resurrectio
3065 2749 3481 2804 Christianorum
3522 2755 3686 2808 semel

2110 2836 2237 2896 erit,
2287 2850 2506 2890 sunmus
2535 2838 2841 2891 animalium
2872 2847 2929 2893 et
2956 2838 3223 2908 evigilatio
3249 2841 3554 2911 quotidiana
3584 2852 3684 2897 est.

2106 2922 2378 2989 Dormire,
2410 2926 2564 2979 morti
2596 2927 2766 2980 simile
2797 2940 2879 2981 est
2924 2948 2939 2981 :
2993 2930 3273 2999 evigilare,
3304 2933 3681 2989 resurrectioui

2105 3014 2281 3071 simile
2307 3024 2406 3069 est.
2436 3015 2513 3069 Ex
2544 3016 2645 3071 hoc
2680 3017 2819 3086 quod
2851 3019 3085 3087 quotidie
3115 3020 3189 3084 tit,
3225 3021 3383 3075 crede
3409 3022 3548 3091 quod
3593 3039 3682 3081 se-

2106 3107 2210 3161 mel
2251 3107 2485 3163 futurum
2512 3117 2611 3163 est.
2642 3109 2787 3163 Luna
2830 3126 2923 3178 per
2956 3106 3145 3166 Omnes
3174 3128 3386 3168 menses
3427 3117 3681 3180 nascitur,

2105 3199 2324 3261 crescit,
2356 3199 2645 3266 perﬁcitur,
2689 3201 2961 3266 minuitur,
3006 3204 3359 3269 consumitur,
3386 3205 3682 3261 innovatur.

2106 3287 2254 3354 Quod
2285 3290 2334 3341 in
2366 3289 2487 3343 luna
2517 3305 2611 3359 per
2636 3305 2878 3355 menses,
2909 3290 3009 3345 hoc
3036 3292 3088 3345 in
3113 3295 3500 3350 resurrectione
3521 3298 3684 3351 semel

2106 3380 2160 3435 in
2203 3391 2312 3434 toto
2352 3389 2609 3449 tempore.
2638 3381 2916 3447 Quomodo
2944 3383 2992 3436 id
3020 3383 3159 3452 quod
3187 3384 3255 3438 do
3297 3384 3686 3443 dormientibus

2106 3470 2377 3540 quotidie,
2426 3471 2527 3525 hoc
2570 3470 2638 3526 de
2690 3472 2811 3528 luna
2860 3488 2953 3540 per
2995 3474 3233 3542 singulos
3272 3489 3504 3529 menses.
3533 3475 3686 3531 Unde

2107 3565 2307 3618 abeunt
2325 3606 2340 3631 ,
2376 3564 2519 3621 unde
2546 3564 2769 3619 redeunt
2800 3564 3011 3619 floridos
3038 3565 3348 3620 arboribus?
3377 3566 3428 3619 in
3452 3582 3571 3635 qua:
3597 3582 3685 3620 se-

2106 3666 2254 3710 creta
2282 3656 2579 3719 discedunt,
2597 3656 2662 3710 de
2690 3657 2881 3727 quibus
2902 3657 3123 3713 secretis
3151 3656 3474 3711 adveniunt?
3508 3658 3686 3715 lliems

2108 3756 2213 3812 est,
2240 3757 2385 3800 certe
2412 3762 2556 3800 nunc
2580 3748 2798 3801 arbores
2828 3748 3103 3801 arentibus
3129 3748 3331 3803 similes
3361 3763 3521 3803 verno
3552 3759 3685 3803 tem-

2108 3853 2237 3907 pore
2268 3837 2601 3890 virescunt‘.
2650 3836 2803 3889 Nunc
2850 3838 3077 3905 primum
3123 3837 3316 3892 factum
3363 3847 3477 3901 est,
3522 3854 3589 3893 an
3633 3848 3686 3894 et

2107 3929 2377 4000 praeterito
2402 3943 2542 3981 anno
2568 3927 2637 3980 ita
2668 3927 2798 3980 fuit?
2828 3926 2937 3981 lmo
2963 3936 3018 3981 et
3060 3929 3327 3996 prmtcrito
3351 3930 3427 3984 sic
3463 3930 3576 3983 fuit.
3604 3929 3682 3985 ln-

2106 4027 2399 4087 tcrccptum
2427 4026 2510 4071 est
2545 4016 2612 4070 ab
2642 4026 2897 4069 autumno
2925 4015 2975 4069 in
3010 4014 3182 4069 hieme
3204 4058 3219 4080 ,
3255 4018 3391 4071 redit
3436 4033 3532 4087 per
3561 4035 3682 4075 ver-

2106 4124 2233 4163 num
2271 4110 2323 4161 in
2352 4117 2555 4162 testate.
2584 4108 2723 4175 Ergo
2750 4120 2921 4159 annus
2943 4106 3081 4159 redit
3110 4106 3162 4158 in
3187 4115 3425 4173 tempore
3444 4147 3458 4170 ,
3488 4122 3538 4163 et
3584 4111 3681 4163 ho-

2105 4199 2298 4265 mines,
2327 4198 2452 4253 facti
2476 4198 2541 4252 ad
2560 4197 2838 4267 imaginem
2869 4195 2983 4262 Dei,
3014 4210 3134 4251 cum
3166 4198 3359 4252 mortui
3388 4196 3585 4256 fuerint
3604 4201 3682 4254 in-

2107 4293 2341 4348 tcribunt
2360 4292 2383 4345 Ἰ

2176 4389 2399 4445 CAPUT
2442 4387 2533 4442 Xl.
2559 4416 2631 4428 —
2661 4388 2746 4441 ll.
2791 4386 3055 4453 Quomodo
3080 4370 3144 4443 de
3172 4398 3307 4441 terra
3345 4390 3578 4460 quaedam
3602 4390 3681 4444 in-

2110 4490 2422 4535 stunrantur.
2459 4478 2565 4533 Sed
2595 4486 2769 4547 potest
2794 4477 2921 4531 mihi
2951 4478 3141 4547 aliquis
3161 4478 3340 4533 dicere
3365 4480 3540 4537 minus
3563 4481 3679 4535 dili-

2103 4581 2289 4641 genter
2335 4571 2621 4640 inspiciens
2663 4570 2984 4623 mutationes
3030 4570 3546 4641 instaurationesque
3590 4588 3671 4627 re-

2103 4677 2221 4715 rum
2254 4679 2267 4714 :
2300 4659 2391 4714 Illa
2436 4660 2559 4714 folia
2609 4668 2961 4729 putruerunt,
3018 4675 3151 4714 nova
3202 4671 3507 4716 nascuntur.
3540 4663 3671 4717 Bene

2102 4760 2279 4806 autem
2306 4751 2653 4806 considerans
2680 4750 2822 4805 videt
2847 4749 2988 4820 quod
3013 4758 3069 4805 et
3087 4750 3174 4805 illa
3202 4766 3321 4821 qua:
3348 4761 3676 4820 putrescunt,

2103 4843 2155 4897 in
2187 4845 2326 4897 vires
2356 4852 2510 4897 terra:
2552 4842 2768 4897 cedunt.
2803 4841 2952 4897 Unde
2981 4842 3121 4895 enim
3166 4850 3308 4895 terra
3365 4841 3679 4912 pinguitie:-

2102 4944 2204 4999 tur,
2238 4935 2337 4989 nisi
2385 4934 2451 4988 de
2500 4933 2781 5003 putredine
2829 4933 3204 4988 terrenorutn?
3240 4932 3531 4987 Attendunt
3564 4932 3679 4986 hare

2100 5027 2190 5096 qui
2228 5042 2413 5097 agrum
2459 5026 2673 5089 colunt;
2718 5034 2773 5079 et
2813 5024 2902 5093 qui
2936 5040 3040 5078 non
3069 5024 3270 5088 colunt,
3298 5025 3420 5093 quia
3464 5024 3516 5078 in
3548 5026 3678 5078 urbe

2100 5131 2312 5187 semper
2336 5117 2538 5183 vivunt,
2560 5115 2627 5170 de
2648 5114 2816 5169 hortis
2840 5124 2985 5169 certe
3010 5114 3196 5168 vicinis
3218 5113 3335 5168 urbi
3357 5124 3678 5184 cognoscant

2099 5207 2515 5277 contemptibilia
2556 5220 2780 5275 qumque
2827 5212 3171 5273 purgamenta
3217 5203 3448 5257 civitatis
3486 5203 3677 5272 quibus

2099 5300 2287 5353 studiis
2331 5308 2630 5365 serventur,
2673 5313 2703 5351 a
2748 5296 2941 5367 quibus
2968 5296 3126 5349 etiam
3155 5296 3328 5365 pretio
3356 5309 3675 5365 comparen-

2100 5398 2205 5454 tur,
2234 5405 2340 5459 quo
2369 5399 2664 5460 portentur.
2709 5388 2867 5444 Certe
2904 5388 3015 5457 jam
3083 5386 3534 5457 contemptibilia,
3583 5400 3673 5439 cx~

2099 5483 2295 5538 inanita
2320 5482 2467 5538 omni
2497 5482 2754 5549 utilitate,
2799 5481 2869 5537 ab
2912 5481 3202 5551 inexpertis
3232 5489 3450 5550 possent
3476 5478 3660 5549 putari.

2097 5574 2167 5629 Et
2191 5575 2309 5646 quis
2336 5572 2583 5645 dignatur
2607 5584 2815 5630 stercus
2856 5572 3086 5630 intueri?
3112 5572 3264 5641 Quod
3291 5572 3482 5629 intueri
3508 5570 3669 5626 homo

2167 5760 2181 5790 ι
2219 5764 2347 5820 Mss,
2364 5754 2668 5811 tirideseunt.
