3996 6192
340 328 476 385 Πῖἴὶό

338 441 548 506 horret,
576 450 791 491 servare
833 444 1000 490 curat.
1045 435 1174 492 Illud
1203 451 1329 506 ergo
1359 435 1500 506 quod
1534 444 1911 505 consumptum

333 529 441 599 jam
470 537 524 582 et
570 526 839 596 abjectum
886 527 1186 594 videbatur,
1238 527 1374 581 redit
1424 528 1475 580 in
1543 526 1915 596 pinguedinem

339 630 491 672 terra:
516 659 531 681 ,
560 617 827 686 pinguedo
857 616 909 669 in
951 631 1165 670 succum
1187 658 1201 682 ,
1233 631 1423 670 succus
1463 615 1514 668 in
1560 617 1793 670 radicem
1819 631 1833 680 ;
1867 625 1936 697 et.

336 709 473 779 quod
503 709 571 762 de
597 716 740 761 terra
767 707 820 760 in
850 707 1080 760 radicem
1110 707 1327 771 transit,
1359 705 1711 761 invisibilihus
1734 721 1916 759 acces-

335 801 485 852 sibus
518 797 712 866 migrat
747 796 796 849 in
842 797 1021 860 robur,
1054 795 1386 851 distribuitur
1412 811 1505 866 per
1529 811 1707 850 ramos
1730 838 1743 859 ,
1773 811 1800 848 a
1831 811 1919 848 ra-

337 892 438 944 mis
483 889 537 942 in
582 888 820 957 germina
846 928 860 952 ,
895 901 924 939 a
957 884 1197 956 germine
1225 886 1276 940 in
1304 886 1578 964 l'ructusret
1609 887 1750 939 folia.
1781 885 1921 941 Ecce

334 979 478 1051 quod
510 979 766 1033 horrebas
800 979 850 1031 in
890 977 1171 1046 putredine
1198 977 1483 1045 stercoris,
1515 976 1568 1031 in
1595 978 1800 1032 arboris
1843 977 1919 1033 fe-

333 1073 607 1128 cunditate
628 1080 682 1124 et
711 1070 977 1123 viriditate
1006 1071 1237 1123 miraris.

402 1161 634 1218 CAPUT
664 1161 778 1216 XII.
809 1190 881 1200 ——-
908 1163 993 1215 12.
1028 1160 1253 1232 Objectio
1273 1205 1287 1228 ,
1316 1161 1454 1233 quod
1489 1178 1669 1231 corpus
1701 1161 1843 1213 abeat
1869 1164 1922 1216 in

335 1258 575 1308 cinerem.
607 1253 722 1306 Mos
758 1252 1144 1323 [Egyptionum
1184 1253 1450 1309 Gabbarar.
1495 1253 1628 1308 Nolo
1654 1255 1780 1308 mihi
1811 1255 1918 1325 jam

335 1362 576 1416 opponas
601 1347 743 1417 quod
772 1347 916 1400 Soles
954 1361 1261 1414 opponere:
1288 1346 1400 1400 Non
1441 1358 1618 1400 manet
1660 1346 1920 1416 integrum

336 1455 532 1508 eoi-pus
581 1438 773 1506 sepulti
824 1437 1053 1499 mortui;
1099 1452 1219 1490 nam
1264 1437 1308 1490 si
1354 1447 1923 1508 niancret,resurgcre

337 1532 635 1586 crederem.
662 1529 898 1600 Egyptii
924 1543 1052 1599 ergo
1075 1530 1172 1583 soli
1200 1529 1424 1583 credunt
1454 1531 1918 1592 resurrectionem,

340 1623 460 1692 quia
512 1621 794 1690 diligenter
821 1630 1010 1674 curant
1033 1619 1293 1673 cadavera
1338 1630 1688 1675 mortuorum.
1723 1621 1920 1676 Morem

340 1715 481 1768 enim
512 1712 708 1766 habent
730 1716 935 1766 siccare
956 1726 1177 1780 corpora
1193 1749 1208 1776 ,
1231 1719 1284 1765 et
1313 1712 1461 1780 quasi
1490 1727 1634 1766 uruca
1658 1713 1880 1767 reddere
1904 1731 1918 1767 :

343 1806 620 1862 Gabbaras
639 1821 700 1860 ea
727 1806 986 1860 vocant‘.
1022 1805 1161 1872 Ergo
1196 1803 1487 1858 secundum
1519 1805 1682 1868 istos,
1715 1806 1802 1874 qui
1834 1820 1922 1859 se~

336 1907 521 1951 cretos
559 1906 762 1950 natura:
799 1895 949 1948 sinus
979 1894 1254 1964 ignorant,
1289 1895 1374 1948 ubi
1423 1895 1599 1948 omnia
1631 1895 1772 1947 salva
1799 1905 1923 1950 sunt

338 1987 651 2051 Conditori,
695 1987 856 2041 etiam
902 2001 1022 2040 cum
1069 1987 1382 2041 mortalibus
1430 1987 1673 2041 sensibus
1715 1989 1924 2042 subtra-

339 2079 562 2144 huntur,
607 2079 708 2132 soli
757 2078 992 2149 Egyptii
1027 2078 1163 2132 bene
1213 2078 1436 2132 credunt
1477 2080 1921 2133 resurrectionem

339 2183 670 2224 mortuorum
697 2185 936 2232 suorum,
955 2169 1177 2222 aliorum
1206 2185 1332 2224 vero
1353 2168 1770 2222 Christianorum
1799 2185 1923 2240 spes

341 2261 394 2313 in
436 2268 665 2328 angusto
693 2259 806 2312 est?
835 2258 987 2327 Sa'pe
1019 2258 1160 2312 enim
1193 2258 1277 2312 vel
1318 2267 1578 2314 vetustate
1621 2259 1704 2312 vel
1748 2259 1922 2328 aliqua

341 2367 445 2404 non
463 2350 720 2418 sacrilega
741 2351 1058 2403 necessitate
1076 2349 1275 2417 apertis
1297 2350 1378 2403 vel
1409 2349 1620 2403 nudatis
1639 2349 1920 2418 sepulcris,

340 2442 557 2495 iuventa
569 2451 692 2494 sunt
713 2456 938 2510 corpora
968 2440 1254 2508 pntruisse,
1275 2450 1323 2495 et
1359 2442 1687 2510 suspirautes
1707 2457 1923 2510 gemue-

340 2542 460 2586 lunt
515 2532 782 2598 homines,
818 2531 908 2600 qui
949 2532 1126 2585 solent
1151 2531 1414 2602 corporali
1443 2532 1619 2600 specie
1643 2532 1920 2598 delectari,

339 2632 397 2678 et
443 2623 693 2678 dixerunt
745 2623 796 2676 in
841 2623 1090 2677 cordibus
1133 2623 1245 2676 suis
1278 2641 1290 2676 :
1320 2620 1464 2676 ltane
1509 2623 1607 2678 iste
1649 2622 1782 2679 cinis
1823 2625 1924 2680 ali-

338 2715 554 2784 quando
581 2715 797 2769 habebit
825 2716 968 2768 illam
996 2716 1229 2785 spcciem
1261 2716 1666 2785 pulchritudinis
1685 2761 1699 2784 ,
1730 2717 1921 2774 redde-

340 2815 427 2860 tur
465 2807 587 2860 vita:
608 2848 624 2872 ,
655 2806 910 2860 reddetur
939 2807 1080 2861 luci?
1109 2808 1330 2874 Quando
1371 2809 1507 2862 istud
1543 2809 1683 2864 erit?
1703 2813 1923 2876 Quando

337 2913 439 2967 ego
477 2897 682 2966 aliquid
727 2899 899 2950 vivum
943 2898 1009 2952 de
1053 2897 1155 2952 hoc
1194 2900 1374 2954 cinere
1415 2903 1659 2968 Sperem?
1684 2900 1781 2970 Qui
1823 2903 1923 2960 itoc

337 2988 511 3054 dicis,
543 2989 692 3042 vides
719 2989 772 3043 in
800 2990 1045 3058 sepulcro
1072 2989 1154 3044 vel
1192 2990 1424 3044 cinerem
1457 3009 1468 3043 :
1492 2994 1687 3062 replica
1714 3004 1921 3050 :etatem

340 3093 483 3136 tuam
505 3122 522 3148 ,
549 3083 595 3137 si
630 3097 718 3150 es,
751 3084 897 3138 verbi
925 3085 1092 3153 gratia
1113 3124 1127 3148 ,
1159 3085 1368 3153 triginta
1390 3127 1405 3150 ,
1433 3086 1808 3156 quinquaginta
1840 3090 1922 3143 vel

339 3174 571 3243 amplius
608 3189 872 3228 annorum
906 3194 920 3228 :
950 3177 1000 3229 in
1032 3177 1277 3244 sepulcro
1309 3177 1389 3230 vel
1417 3178 1551 3231 ciuis
1587 3188 1665 3232 est
1694 3181 1920 3247 mortui,

341 3273 397 3318 tu
423 3275 549 3319 ante
573 3266 952 3335 quinquaginta
983 3281 1149 3321 annos
1168 3266 1290 3335 quid
1319 3267 1476 3321 eras?
1507 3267 1592 3322 ubi
1614 3270 1774 3324 eras?
1796 3271 1925 3324 Cor-

344 3371 473 3424 pora
514 3357 754 3410 omnium
785 3367 1058 3421 uestrum,
1087 3356 1177 3426 qui
1223 3371 1364 3412 nunc
1410 3357 1692 3426 loquimur,
1721 3362 1800 3414 vel
1832 3377 1926 3415 an-

342 3447 554 3512 dimus,
588 3457 706 3517 post
751 3462 945 3516 paucos
980 3462 1148 3501 annos
1191 3449 1324 3501 cinis
1359 3458 1548 3515 erunt,
1580 3460 1704 3504 ante
1731 3467 1926 3519 paucos

342 3553 516 3592 annos
552 3553 653 3592 nec
689 3540 823 3592 ciuis
859 3548 1028 3592 erant.
1068 3539 1167 3606 Qui
1196 3555 1322 3610 ergo
1359 3543 1529 3611 putuit
1567 3557 1750 3611 parare
1784 3545 1924 3613 quod

345 3647 453 3684 non
483 3639 632 3693 erat,
659 3631 865 3684 deﬁciet
889 3646 1137 3699 reparare
1164 3633 1303 3701 quod
1330 3634 1476 3686 erat?

417 3721 648 3778 CAPUT
677 3721 812 3777 Xlll.
834 3751 909 3762 -—
945 3724 1028 3777 15.
1057 3723 1247 3779 Contra
1288 3727 1423 3779 mala
1459 3725 1708 3796 colloquia
1734 3728 1860 3797 fides
1895 3747 1926 3783 a

344 3811 549 3868 Christo
576 3813 798 3881 ﬁrmata.
830 3813 1079 3868 Desinant
1098 3829 1224 3885 ergo
1248 3829 1521 3869 murmura
1548 3818 1684 3870 male
1708 3819 1927 3885 loquen-

349 3903 509 3967 tium,
543 3913 597 3957 et
625 3905 1077 3973 corrumpentium
1110 3920 1288 3958 mores
1315 3905 1483 3958 honos
1509 3906 1786 3976 colloquiis
1815 3924 1926 3963 ma-

351 3995 435 4048 lis.
485 3994 654 4064 Figite
704 3995 866 4064 pcdes
909 3997 960 4048 in
994 3996 1108 4062 via,
1141 3995 1324 4065 ﬁgite:
1357 4006 1415 4049 ut
1463 4011 1567 4050 non
1621 3988 1928 4066 relinquatis

353 4087 513 4151 viam,
537 4103 642 4140 non
686 4098 743 4140 ut
788 4088 1105 4141 remanentis
1134 4087 1187 4140 in
1224 4088 1302 4140 via
1320 4128 1336 4154 ,
1363 4088 1456 4142 sed
1483 4089 1926 4158 quemadmodum

348 4176 549 4230 dictum
570 4186 688 4242 est,
718 4176 808 4230 Sic
843 4179 1027 4230 currite
1045 4219 1060 4244 ,
1089 4186 1138 4230 ut
1157 4179 1588 4249 compreltendatis
1615 4177 1656 4252 (Ι
1683 4177 1801 4234 Cor.
1833 4197 1886 4235 lx
1908 4223 1924 4250 ,

350 4268 463 4337 ει).
492 4269 717 4337 Semper
742 4270 918 4340 vigeat
961 4269 1204 4324 Christus
1245 4271 1296 4324 itt
1334 4269 1529 4337 corde,
1551 4271 1641 4341 qui
1683 4272 1847 4327 voluit
1876 4274 1928 4329 in

351 4360 526 4428 capite
575 4359 861 4414 ostendere
907 4360 1047 4428 quod
1092 4361 1330 4415 membra
1373 4371 1565 4416 caetera
1610 4374 1842 4433 sperent.
1875 4365 1930 4420 ln

352 4462 490 4503 terra
524 4452 740 4519 quidem
770 4451 1105 4516 laboramus,
1133 4461 1290 4522 caput
1317 4463 1555 4507 nostrum
1585 4454 1636 4508 in
1663 4455 1798 4510 caelo
1821 4457 1930 4526 jam

352 4557 452 4596 nec
479 4543 729 4608 moritur,
759 4557 856 4596 nec
881 4542 1060 4597 delieit
1079 4584 1094 4606 ,
1124 4557 1221 4597 nec
1244 4542 1441 4612 aliquid
1471 4543 1698 4612 patitur:
1718 4561 1931 4614 passum

351 4644 435 4686 est
459 4645 638 4688 tamen
665 4649 761 4701 pro
790 4633 961 4688 nobis.
990 4634 1122 4700 Quia
1161 4634 1374 4688 traditus
1403 4644 1474 4688 est
1511 4646 1716 4704 promer
1752 4637 1934 4690 delicta

352 4736 560 4788 nostra,
599 4733 646 4779 et
689 4725 965 4779 resurrexit
1011 4735 1216 4796 propter
1252 4727 1668 4795 justiﬁcationem
1712 4738 1934 4788 nostram

354 4816 533 4884 (Rom.
563 4831 639 4881 tv,
670 4815 784 4886 9.5).
828 4815 936 4871 lloc
968 4831 1066 4871 nos
1091 4832 1188 4885 per
1233 4816 1389 4870 tidem
1434 4817 1676 4870 novimus
1704 4835 1718 4869 :
1747 4819 1936 4888 quibus

353 4917 536 4962 autem
567 4923 628 4962 se
655 4907 903 4971 ostendit,
933 4922 1031 4976 per
1058 4906 1240 4962 oculos
1265 4906 1582 4962 didicerunt.
1613 4908 1728 4964 Non
1759 4918 1934 4965 tamen

355 5014 456 5052 nos
483 4998 751 5068 reprobati
782 5013 968 5054 sumus
987 5037 1005 5064 ,
1031 4999 1152 5068 quia
1175 4999 1496 5065 resurrexit,
1525 5009 1578 5054 et
1605 5015 1727 5054 eum
1756 5002 1938 5058 videre

351 5091 532 5146 oculis
555 5091 859 5146 carnalibus
891 5106 996 5146 non
1021 5091 1307 5157 potuimus.
1349 5090 1618 5146 llahemns
1660 5107 1755 5161 pro
1786 5093 1939 5150 nobis

351 5180 526 5250 ipsius
547 5179 760 5238 Domini
781 5180 1164 5247 testimonium,
1184 5179 1324 5250 quod
1343 5180 1478 5234 dixit
1501 5181 1759 5236 dubitanti
1779 5183 1940 5238 disci-

354 5271 486 5340 pulo
511 5279 566 5326 et
597 5280 739 5327 tactu
765 5271 1026 5341 qumrenti
1054 5269 1194 5340 quod
1232 5270 1492 5325 crederet.
1529 5271 1660 5326 Nam
1686 5287 1806 5327 cum
1839 5289 1938 5329 ex-

357 5362 644 5415 clamaset
700 5361 1007 5416 cicatricum
1067 5361 1484 5416 contrectatione
1535 5363 1836 5430 convictus,
1886 5372 1940 5418 et

355 5447 870 5518 dixisset,Dominus
888 5469 1046 5516 meus,
1061 5462 1107 5505 et
1133 5450 1272 5506 Deus
1291 5465 1430 5506 meus
1443 5467 1462 5505 :
1476 5453 1562 5507 ille
1581 5463 1788 5514 contra.
1808 5455 1940 5520 Quia

356 5543 534 5598 vidisti
559 5560 670 5609 me,
701 5544 904 5614 inquit,
935 5552 982 5598 et
1009 5542 1302 5610 credidisti;
1328 5542 1458 5598 beati
1479 5545 1566 5612 qui
1586 5562 1685 5599 nou
1712 5546 1876 5601 vident
1891 5556 1940 5600 et

360 5659 638 5782 “figurat-ba
659 5657 854 5722 isthmc,
887 5656 1129 5710 Gabbaras
1156 5671 1216 5711 ea
1256 5667 1443 5720 vestrm,
1492 5659 1668 5710 abstuli.
1702 5672 1732 5710 ε
1768 5673 1934 5710 maau-

1697 317 1924 378 SEmiO
1964 317 2228 376 CCCLX].

3470 331 3600 383 iiiOli

2025 435 2232 488 credunt
2270 434 2445 508 (lam.
2490 452 2560 491 xx
2585 480 2600 505 ,
2643 438 2851 509 23-29).
2885 437 3320 510 Expergiscimini
3367 458 3492 513 ergo
3533 443 3594 496 ad

2027 522 2406 580 beatitudinem
2435 538 2695 594 vestram,
2730 531 2904 584 nullus
2949 531 3086 586 male
3112 533 3340 588 suadens
3363 537 3600 588 excutiat

2025 615 2093 671 de
2122 617 2374 671 cordibus
2400 619 2592 671 vestris
2612 619 2749 688 quod
2781 621 3025 674 Christus
3049 623 3236 675 iniixit.

2097 708 2182 761 Η.
2212 706 2238 759 1
2247 725 2278 760 η
2299 724 2380 760 eos
2401 713 2482 779 qui
2506 726 2758 779 resurgere
2779 709 2974 763 Clu-isto
3000 721 3186 764 tantum
3203 713 3400 766 licuisse
3410 713 3598 767 dicunt.

2030 797 2366 852 Membrorum
2393 801 2677 869 conjunctio
2703 816 2817 854 cum
2839 801 3034 855 Christo
3061 805 3241 872 capite.
3265 803 3397 873 Apta
3423 805 3596 858 simili-

2027 891 2167 944 tudo.
2201 891 2381 961 Neque
2408 893 2534 944 milii
2577 891 2705 945 illud
2749 893 2973 947 dicatur.
3004 895 3112 949 lloc
3143 895 3282 950 enim
3313 896 3507 950 dit-itur
3535 898 3599 952 ab

2026 982 2290 1046 erunibus,
2323 983 2410 1052 qui
2435 982 2543 1050 jam
2573 983 2728 1037 etiam
2759 985 2905 1038 inviti
2934 988 3230 1040 auctoritati
3261 988 3453 1042 Christi
3484 1005 3601 1044 ces-

2026 1083 2231 1128 serunt.
2260 1073 2456 1128 Omnes
2482 1075 2644 1128 enim.
2671 1090 2800 1144 pene
2831 1077 3022 1144 Pagani
3044 1118 3058 1143 ,
3091 1079 3250 1131 etiam
3279 1081 3364 1147 qui
3412 1082 3599 1133 nolunt

2026 1174 2113 1216 aut
2141 1165 2388 1218 differunt
2414 1164 2682 1218 Christum
2710 1165 2990 1218 devotione
3028 1167 3460 1236 apprehendere,
3494 1187 3596 1224 non

2025 1254 2220 1308 audent
2247 1254 2637 1323 reprehendere
2669 1271 2684 1308 :
2716 1256 2956 1324 quamvis
2983 1257 3205 1308 audeant
3235 1256 3560 1312 Christianos
3581 1303 3596 1323 ,

2027 1347 2290 1398 Christum
2320 1362 2428 1401 non
2476 1345 2704 1411 audent;
2737 1348 2930 1399 cedunt
2954 1348 3110 1416 capiti
3133 1390 3146 1408 ,
3179 1359 3230 1401 et
3275 1349 3447 1403 adhuc
3476 1366 3599 1404 cor-

2029 1439 2141 1507 pori
2171 1439 2443 1492 insultant.
2487 1437 2588 1493 Sed
2619 1454 2810 1506 corpus
2838 1439 3058 1492 audiens
3105 1441 3472 1497 insultationes
3501 1458 3596 1496 eo-

2027 1545 2176 1596 rum,
2207 1529 2294 1598 qui
2319 1530 2428 1598 jatn
2468 1529 2660 1582 cedunt
2689 1528 2878 1597 capiti,
2914 1545 3016 1582 non
3044 1546 3102 1584 se
3149 1533 3422 1598 prmcisum
3455 1541 3602 1602 putrt

2025 1637 2053 1675 a
2082 1623 2272 1690 capite,
2305 1622 2398 1676 sed
2425 1622 2732 1675 subnixum.
2764 1621 2890 1676 Nam
2919 1623 2961 1675 si
2992 1623 3195 1691 praecisi
3226 1639 3480 1688 essemus,
3509 1625 3600 1678 de-

2026 1711 2236 1766 huimus
2281 1713 2465 1767 timere
2493 1727 2647 1765 voces
2693 1713 3054 1766 insultantium
3088 1730 3100 1765 :
3136 1731 3239 1766 non
3285 1724 3460 1769 autem
3504 1731 3600 1770 nos

2025 1816 2144 1856 esse
2189 1804 2438 1872 prarcisos
2487 1803 2573 1856 ille
2619 1804 2730 1872 ipse
2776 1812 3030 1865 testatur,
3063 1805 3150 1873 qui
3197 1805 3393 1871 l’aulo,
3429 1805 3601 1862 adhuc

2025 1892 2187 1946 Saulo
2214 1893 2501 1946 Ecclesium
2535 1895 2886 1964 perseqttcnti,
2931 1895 3022 1959 ait,
3058 1895 3235 1961 Saule,
3267 1897 3444 1961 Saule,
3477 1899 3600 1966 quid

2025 1999 2104 2036 me
2128 1984 2474 2053 persequeris?
2500 1983 2614 2037 Jam
2655 1985 2931 2038 transierat
2963 2000 3056 2052 per
3099 2001 3286 2040 manus
3317 1987 3602 2056 impietatis

2025 2073 2328 2128 Judteorum
2349 2116 2362 2136 ,
2387 2073 2496 2143 jam
2535 2074 2733 2128 inferna
2766 2085 3168 2144 penetraverat,
3193 2077 3300 2146 jam
3327 2078 3394 2132 de
3419 2081 3598 2148 sepul-

2025 2180 2118 2219 cro
2146 2174 2529 2230 resurrexcrat,
2548 2165 2657 2234 jam
2685 2167 2735 2218 in
2762 2169 2952 2220 eteltnn
2981 2168 3310 2232 ascenderat,
3331 2171 3436 2238 jam
3459 2171 3600 2225 dnuo

2025 2255 2250 2325 Spiritus
2280 2255 2447 2310 sancti
2475 2257 2801 2310 credentium
2828 2258 2988 2311 corda
3024 2259 3281 2313 ditaverat
3308 2272 3466 2330 aTque
3506 2262 3597 2315 lir-

2026 2355 2284 2414 mavcrat,
2316 2349 2379 2400 ad
2408 2348 2677 2402 dexteram
2712 2349 2880 2402 Patris
2914 2349 3105 2403 sedens
3135 2351 3476 2420 interpellans
3505 2369 3600 2423 pro

2026 2436 2181 2492 nobis
2213 2453 2227 2488 :
2261 2452 2364 2490 non
2407 2452 2465 2490 se
2495 2437 2684 2492 iterum
2717 2438 2875 2491 morti
2920 2439 3207 2493 traditurus
3227 2483 3240 2505 ,
3273 2441 3366 2495 sed
3411 2459 3506 2496 nos
3532 2444 3601 2499 de

2027 2536 2199 2581 morte
2239 2526 2554 2580 liberaturus
2573 2568 2586 2592 ,
2615 2527 2738 2597 quid
2779 2538 2985 2596 poterat
3014 2531 3212 2600 perpeti
3245 2546 3274 2584 a
3305 2531 3466 2585 Saulo
3494 2548 3598 2587 s:e-

2028 2616 2242 2671 viente?
2272 2616 2423 2672 Unde
2447 2617 2590 2670 illum
2621 2634 2804 2672 manus
2831 2618 2918 2672 illa
2951 2621 3213 2690 tangebat,
3246 2623 3486 2691 quamvis
3513 2613 3602 2678 es-

2027 2716 2109 2763 set
2140 2707 2230 2762 ille
2250 2750 2264 2775 ,
2297 2709 2432 2762 sicut
2457 2708 2708 2777 scriptum
2737 2717 2818 2764 est
2838 2751 2852 2774 ,
2886 2709 3102 2778 Spirans
3131 2712 3316 2765 cuidem
3341 2711 3474 2782 (Act.
3509 2729 3559 2770 ts
3582 2756 3598 2780 ,

2027 2801 2096 2866 4,
2128 2799 2222 2870 1)2
2253 2798 2306 2852 In
2334 2798 2662 2854 Christianos
2707 2799 2851 2853 humi
2897 2800 3198 2857 laborantes
3239 2803 3488 2872 impetum
3521 2805 3600 2858 t'a-

2026 2903 2149 2944 cere
2171 2898 2413 2960 poterat:
2439 2891 2489 2943 in
2515 2889 2782 2944 Christum
2805 2899 2979 2944 autem
3003 2891 3212 2960 quando
3233 2901 3286 2947 et
3307 2895 3599 2963 quomodo?

2026 2983 2232 3036 Clamat
2263 2992 2436 3036 tamen
2480 2997 2579 3052 pro
2613 2983 2821 3037 c:eteris
2864 2985 3150 3049 membris,
3199 2994 3254 3040 et
3283 3001 3388 3040 non
3432 2986 3597 3054 dicit,

2026 3073 2162 3141 Quid
2209 3075 2540 3143 persequeris
2567 3073 2752 3128 meos?
2779 3075 2823 3129 si
2859 3076 2998 3128 enim
3041 3075 3274 3140 diceret,
3306 3077 3440 3142 Quid
3475 3094 3599 3148 per-

2027 3164 2265 3234 sequeris
2293 3163 2479 3218 meos?
2509 3163 2852 3218 crederemus
2892 3179 3094 3219 servos.
3125 3165 3228 3218 Sed
3256 3181 3357 3219 non
3398 3179 3598 3223 tantum

2027 3255 2299 3310 cohterent
2328 3256 2466 3310 servi
2492 3255 2706 3309 domino
2727 3297 2741 3322 ,
2771 3265 3018 3323 quantum
3047 3256 3328 3311 Christiani
3368 3260 3598 3314 Christo.

2029 3347 2143 3400 Alia
2171 3354 2252 3400 est
2282 3347 2376 3399 ista
2408 3360 2664 3414 Compago
2698 3363 2710 3398 :
2743 3346 2878 3399 alius
2904 3345 3035 3397 ordo
3065 3347 3420 3401 membrorum
3444 3390 3456 3409 ,
3498 3351 3600 3406 alia

2028 3438 2203 3490 unitas
2226 3435 2515 3489 cliaritatis.
2543 3433 2711 3504 Caput
2740 3452 2832 3504 pro
2859 3435 3108 3489 membris
3134 3437 3275 3506 loqui
3303 3454 3364 3490 ur
3386 3481 3398 3499 ,
3429 3455 3601 3510 neque

2031 3526 2130 3580 hoc
2156 3528 2344 3581 saltem
2376 3524 2524 3590 dicit,
2553 3525 2685 3590 Quid
2716 3525 3047 3594 persequeris
3075 3529 3308 3581 membra
3336 3529 3484 3582 mea?
3505 3532 3598 3585 sed

2028 3617 2186 3681 dicit,
2222 3617 2357 3685 Quid
2384 3633 2463 3670 me
2495 3618 2839 3687 persequeris?
2864 3617 2976 3670 Non
3006 3619 3250 3688 tangebat
3274 3632 3463 3692 caput,
3505 3624 3600 3678 sed

2031 3709 2276 3778 tangebat
2299 3709 2439 3778 quod
2467 3708 2623 3778 capiti
2649 3709 2887 3776 junctum
2915 3718 3017 3763 est.

2101 3798 2325 3854 CAPUT
2355 3799 2492 3853 XIV.
2521 3828 2595 3839 —
2619 3798 2735 3853 1am
2765 3815 2908 3868 sirpe
2934 3800 3198 3865 diximus,
3247 3803 3338 3856 Sed
3365 3804 3482 3872 quia
3527 3805 3603 3858 si-

2031 3893 2271 3947 militudo
2298 3900 2417 3960 apta
2459 3900 2571 3957 est,
2601 3901 2653 3944 et
2695 3907 2806 3946 rem
2848 3892 2980 3946 bene
3026 3891 3288 3960 insinuat,
3319 3898 3602 3964 repetenda

2031 3994 2128 4039 est.
2160 3983 2260 4051 Qui
2289 3995 2338 4038 te
2366 3985 2414 4035 in
2449 3984 2598 4036 turba
2623 3983 2822 4044 calcat,
2855 3982 3040 4049 pedem
3070 3991 3214 4036 tuutn
3247 3985 3434 4052 premit
3455 4027 3467 4046 ,
3501 3986 3605 4041 lin-

2029 4090 2146 4145 gnte
2172 4083 2347 4128 autem
2388 4073 2518 4126 nihil
2545 4072 2686 4126 facit.
2713 4071 2849 4139 Quid
2875 4071 2973 4125 sibi
2999 4087 3126 4142 ergo
3156 4074 3295 4135 vult,
3328 4075 3464 4142 quod
3499 4077 3602 4130 litt-

2032 4181 2132 4236 gua
2157 4164 2367 4228 clamat,
2396 4163 2581 4217 Calcas
2610 4161 2729 4215 me?
2759 4161 3006 4215 Prcssura
3037 4161 3185 4231 pedis
3211 4172 3311 4228 est,
3345 4164 3483 4217 nulla
3506 4165 3606 4218 lin-

2033 4273 2151 4328 gua:
2175 4255 2359 4322 laesio,
2388 4253 2479 4308 sed
2511 4267 2611 4306 una
2655 4266 2932 4322 compago.
2969 4251 3032 4304 Et
3075 4254 3119 4306 si
3147 4269 3302 4306 unum
3334 4255 3606 4309 membrum

2035 4349 2253 4419 patitur,
2285 4344 2657 4414 compatiuntur
2687 4344 2854 4398 omnia
2880 4342 3137 4407 membra;
3161 4352 3208 4396 et
3230 4344 3274 4397 si
3297 4343 3607 4416 glorificatur

2034 4453 2189 4492 unum
2213 4436 2506 4502 membrum,
2529 4436 2840 4506 congaudent
2865 4435 3032 4490 omnia
3055 4434 3274 4488 membra
3301 4435 3344 4510 (ι
3369 4439 3484 4493 Cor.
3515 4457 3608 4506 xu,

2035 4527 2148 4594 26).
2178 4528 2232 4583 Si
2259 4541 2385 4597 ergo
2411 4527 2584 4596 lingua
2613 4536 2697 4579 tua
2730 4540 2824 4594 pro
2865 4525 2996 4594 pede
3021 4535 3112 4580 tuo
3141 4525 3374 4599 loquitur
3395 4571 3410 4596 ,
3451 4530 3609 4584 Cbri-

2039 4630 2152 4673 stus
2178 4619 2229 4672 in
2276 4617 2416 4672 caelo
2445 4633 2538 4686 pro
2566 4615 2879 4670 Christianis
2921 4630 3030 4670 non
3071 4617 3342 4688 loquitur?
3370 4619 3488 4675 Non
3533 4623 3611 4678 sic

2039 4725 2168 4781 ergo
2213 4711 2444 4780 loquitur
2470 4709 2644 4777 lingua
2677 4718 2760 4760 tua
2792 4721 2886 4775 pro
2913 4707 3047 4778 pede
3067 4750 3082 4774 ,
3115 4719 3173 4764 ut
3199 4710 3376 4775 dicat,
3423 4712 3610 4767 Calcas

2039 4803 2229 4873 pedem
2271 4816 2478 4866 meum;
2507 4801 2636 4865 sed,
2668 4799 2853 4856 Calcas
2884 4819 3003 4869 me,
3039 4818 3156 4856 cum
3186 4803 3295 4873 ipsa
3341 4821 3442 4860 non
3477 4817 3611 4862 tacta

2041 4895 2129 4948 sit.
2160 4895 2430 4964 Cognosce
2456 4892 2600 4945 illum
2631 4902 2789 4963 caput
2815 4901 2960 4947 tuum
2981 4935 2996 4960 ,
3025 4908 3144 4948 cum
3172 4910 3268 4965 pro
3296 4907 3344 4951 te
3370 4898 3436 4952 de
3473 4899 3613 4952 cado

2042 4986 2292 5056 loquitur,
2324 4993 2376 5038 et
2408 4984 2551 5048 dicit,
2585 4983 2763 5047 Saute,
2794 4984 2970 5050 Saute,
2998 4985 3121 5056 quid
3160 5003 3238 5040 me
3265 4989 3566 5057 persequeris
3589 4989 3615 5042 .’

2044 5076 2217 5145 Ergo,
2265 5075 2488 5140 fratres,
2518 5088 2616 5129 cur
2644 5073 2745 5128 hoc
2769 5073 3036 5128 diximus?
3076 5074 3154 5129 Ne
3181 5075 3313 5130 forte
3355 5076 3422 5128 ita
3463 5077 3615 5131 vobis

2043 5168 2332 5235 subrepant
2367 5165 2439 5221 illi
2467 5166 2534 5221 de
2557 5166 2747 5232 quibus
2772 5165 2898 5219 dicit
2923 5165 3204 5233 Apostolus
3224 5206 3239 5230 ,
3269 5165 3611 5236 Corrumpunt

2044 5275 2204 5313 mores
2230 5259 2382 5312 bonos
2407 5257 2654 5328 colloquia
2680 5256 2850 5317 mala;
2873 5254 2990 5324 quia
3017 5253 3218 5322 dicunt,
3248 5253 3614 5311 Manducemus

2044 5361 2090 5404 et
2130 5349 2394 5416 bibamus;
2418 5365 2532 5402 cras
2568 5347 2698 5401 enim
2726 5346 2966 5398 moriatur
2994 5343 3102 5417 (Id.
3133 5361 3228 5411 xv,
3255 5346 3357 5409 55.
3385 5344 3476 5417 52)
3509 5362 3522 5398 :
3558 5357 3615 5402 ut

2044 5443 2225 5498 dicant
2266 5441 2415 5496 vobis
2445 5440 2577 5512 (non
2619 5437 2820 5492 audent
2858 5436 3291 5492 enim-Christum
3321 5439 3613 5506 reprelien-

2046 5535 2195 5601 dcre,
2213 5532 2626 5589 contremiscunt
2649 5526 2942 5599 majestatis
2966 5527 3329 5582 auctoritatem
3357 5537 3466 5583 toto
3487 5528 3618 5584 orbe

2046 5627 2346 5690 fundatam;
2375 5622 2468 5679 sed
2493 5620 2758 5692 quomodo
2782 5617 3036 5688 scriptum
3066 5624 3148 5672 est
3164 5656 3182 5685 ,
3216 5617 3454 5673 Peccatar
3476 5624 3616 5674 arde-

2050 5721 2136 5786 bit,
2166 5727 2212 5771 ct
2237 5719 2500 5780 irascetur,
2527 5710 2754 5767 dentibus
2783 5709 2884 5764 suis
2919 5708 3114 5780 {nudet
3137 5717 3186 5764 et
3209 5709 3416 5766 tabescet
3444 5711 3611 5776 (Ρωι.
