3996 6192
395 333 531 388 1607

393 460 478 500 cst
498 485 513 510 ,
544 441 629 514 l0)
663 458 678 497 ε
709 439 949 496 frendere
978 444 1183 508 potest,
1229 443 1283 514 et
1318 433 1590 488 tabescere
1615 439 1822 500 potest;
1854 427 1972 482 bla-

395 511 676 607 sphemare
703 542 874 587 autem
901 530 1166 584 Christum
1195 511 1299 580 non
1326 523 1507 592 audet)
1531 539 1544 585 ;
1574 537 1638 576 ne
1665 520 1801 575 l'orte
1843 533 1972 590 ergo

397 630 466 682 ita
491 629 772 697 loquantur
788 623 1052 684 ctdicant,
1073 617 1285 673 Christo
1308 626 1508 670 tantum
1534 615 1696 668 licuit.
1721 613 1977 682 Aliquan-

397 720 466 774 do
494 721 636 776 enim
663 727 715 772 et
743 732 804 771 ex
833 715 1010 768 animo
1034 711 1238 772 dicunt,
1262 706 1549 777 aliquando
1574 715 1755 760 autem
1788 702 1979 758 timore

399 811 584 866 dicunt
613 828 626 864 :
656 817 711 863 tu
737 817 910 860 tamen
952 811 1006 858 et
1029 802 1155 873 quid
1179 799 1412 854 audeant
1436 798 1612 854 dicere
1640 793 1856 850 attende
1876 835 1892 860 ,
1926 801 1980 847 et

398 903 522 973 quid
554 917 659 955 non
682 897 930 954 audeant.

470 989 694 1047 CAPUT
717 986 830 1042 XV.
850 1017 918 1026 —
936 985 1022 1040 l5.
1048 983 1274 1037 Christus
1295 982 1465 1036 dolose
1483 980 1544 1033 ab
1565 979 1850 1049 inﬁdelibus
1871 978 1984 1032 lau-

402 1084 571 1148 datur,
590 1097 650 1134 ne
672 1079 885 1134 similem
906 1076 1313 1131 resurrectionem
1339 1090 1612 1143 speremus.
1639 1071 1835 1126 Dicturi
1857 1085 1984 1140 ergo

403 1186 526 1230 sunt
556 1193 568 1228 :
601 1174 744 1229 Dicis
771 1172 897 1226 mihi
925 1170 1064 1240 quod
1095 1165 1444 1222 resurrexerit
1477 1165 1721 1219 Christus
1741 1204 1756 1226 ,
1783 1171 1839 1218 et
1862 1161 1985 1217 inde

405 1280 590 1336 speras
616 1262 1062 1319 resurrectionem
1091 1267 1459 1320 mortuorum;
1489 1256 1582 1310 sed
1605 1253 1816 1310 Christo
1840 1254 1988 1308 licuit

407 1373 686 1428 resurgere
713 1371 742 1408 a
770 1353 1016 1408 mortuis.
1036 1351 1103 1406 Et
1131 1351 1311 1418 incipit
1334 1350 1440 1418 jam
1461 1348 1677 1402 laudare
1691 1346 1984 1412 Christum,

409 1464 516 1504 non
548 1457 603 1502 ut
628 1447 697 1501 illi
726 1446 816 1500 det
859 1447 1114 1496 honorem
1135 1482 1152 1508 ,
1184 1441 1278 1495 sed
1321 1450 1379 1495 ut
1421 1440 1513 1494 tibi
1544 1437 1703 1494 faciat
1730 1437 1986 1507 despera-

411 1542 629 1595 tionem.
659 1536 933 1605 Serpentis
962 1544 1135 1589 astuta
1183 1533 1446 1604 pernicies
1466 1573 1482 1597 ,
1514 1543 1570 1586 ut
1614 1531 1769 1584 laude
1793 1527 1989 1584 Christi

412 1641 463 1686 te
486 1637 690 1684 avertat
716 1644 744 1680 a
770 1626 1003 1691 Christo,
1031 1624 1214 1680 dolose
1236 1621 1487 1693 prmdicat
1509 1637 1667 1690 quem
1690 1622 1991 1689 vituperare

413 1738 518 1776 non
545 1720 722 1774 audet.
771 1719 1068 1788 Exaggerat
1095 1716 1425 1785 majcStatem
1471 1713 1640 1775 illius,
1671 1721 1729 1766 ut
1755 1710 1989 1781 singula-

411 1831 526 1872 rem
559 1813 735 1878 laeiat,
765 1827 831 1866 ne
860 1821 912 1866 tu
939 1825 1121 1878 speres
1151 1809 1253 1862 tale
1283 1806 1500 1876 aliquid,
1531 1805 1686 1874 quale
1711 1804 1762 1858 in
1794 1805 1882 1858 illo
1909 1820 1994 1858 reo

412 1918 660 1978 surgente
685 1914 1033 1961 monstratum
1058 1914 1156 1959 est.
1191 1905 1254 1958 Et
1279 1904 1427 1974 quasi
1455 1888 1750 1972 religiosior
1773 1905 1993 1968 apparet

413 2016 537 2071 erga
565 1998 870 2062 Christum,
902 2013 1024 2052 cum
1068 1997 1196 2052 dicit
1229 2015 1242 2050 :
1277 1997 1413 2051 Ecce
1442 1995 1530 2065 qui
1561 2009 1620 2050 se
1647 1992 1806 2048 audet
1841 2005 1994 2046 com-

415 2111 605 2166 parare
626 2093 837 2150 Christo
857 2135 874 2160 ,
904 2100 962 2147 ut
984 2093 1103 2162 quia
1129 2091 1422 2147 resurrexit
1448 2088 1688 2144 Christus
1705 2129 1722 2152 ,
1749 2094 1804 2140 et
1824 2099 1883 2139 se
1910 2099 1997 2138 re-

415 2197 777 2243 surrecturum
799 2194 967 2256 putet.
991 2184 1104 2238 Noli
1135 2181 1427 2252 perturbari
1457 2193 1701 2249 perversa
1722 2175 1874 2231 laude
1896 2173 2000 2228 lm-

419 2278 678 2348 pcratoris
706 2277 775 2329 tui
797 2293 811 2341 ;
831 2276 1049 2329 hostiles
1075 2273 1277 2328 insidia:
1305 2283 1355 2326 te
1382 2271 1712 2341 perturbant,
1733 2265 1827 2321 sed
1846 2264 1998 2320 Chri-

391 2370 486 2441 ,διὶ
515 2367 784 2422 humilitas
805 2375 858 2421 et
887 2365 1188 2419 humanitas
1213 2373 1265 2418 te
1286 2363 1607 2418 consolatur.
1635 2360 1724 2414 Ille
1749 2358 2002 2427 prtedicat

415 2469 672 2531 quantum
694 2468 906 2514 erectus
931 2459 1000 2512 sit
1019 2456 1261 2511 Christus
1287 2471 1318 2510 a
1347 2463 1397 2509 te
1421 2471 1435 2507 :
1461 2453 1702 2508 Christus
1721 2460 1897 2506 autem
1919 2449 2002 2506 di-

418 2551 488 2605 cit
510 2559 762 2620 quantum
789 2547 1064 2604 descendit
1083 2547 1147 2600 ad
1172 2556 1244 2600 te.
1273 2543 1550 2614 Responde
1577 2557 1704 2613 ergo
1725 2541 1881 2596 huic:
1909 2555 2004 2596 ex-

418 2645 521 2697 cita
544 2642 684 2696 illam
711 2641 902 2700 tidem:
938 2649 1224 2708 tempestas
1245 2646 1360 2701 est,
1391 2636 1581 2690 lluctus
1606 2641 1765 2699 sunt,
1794 2631 2004 2686 laborat

421 2735 572 2790 navis
590 2775 604 2798 ,
631 2733 827 2788 dormit
850 2731 1124 2794 Christus;
1151 2728 1320 2784 excita
1350 2727 1494 2781 illam
1517 2725 1674 2780 (idem
1696 2765 1710 2790 ,
1737 2725 1845 2779 noli
1868 2723 2004 2779 obli-

419 2824 548 2877 visci
577 2822 718 2892 quod
744 2820 1014 2876 credidisti
1041 2818 1249 2889 (Matth.
1281 2831 1374 2872 vttt
1393 2860 1408 2882 ,
1439 2815 1659 2887 ’ΞΔ-26).
1685 2815 1876 2870 Statim
1916 2828 2004 2868 re-

421 2915 713 2984 spondebis
732 2955 746 2977 ,
778 2930 897 2969 cum
925 2915 976 2968 in
1010 2922 1060 2967 te
1085 2912 1218 2968 ﬁdes
1241 2910 1544 2981 evangelica
1569 2909 1790 2980 vigilare
1817 2922 2002 2979 cmpe-

422 3009 511 3063 rit.
540 3006 654 3060 Non
679 3006 786 3060 eris
810 3005 964 3075 ineps
992 3004 1043 3058 in
1072 3001 1480 3073 respondendo:
1516 3016 1621 3056 non
1650 3001 1792 3056 enim
1823 3009 1876 3054 tu
1898 2998 2005 3054 cris

421 3095 512 3167 qui
552 3095 819 3164 loqueris;
849 3109 1071 3148 manens
1099 3093 1152 3146 in
1195 3100 1248 3146 te
1269 3091 1517 3146 Christus
1541 3091 1762 3158 arripiet
1805 3090 2004 3142 instru-

423 3195 660 3242 tnentum
691 3201 846 3240 suum
887 3185 1118 3254 linguam
1161 3190 1302 3237 tuam
1323 3224 1337 3248 ,
1368 3182 1510 3235 velut
1546 3180 1781 3251 gladium
1809 3195 1962 3234 suum
1985 3219 2003 3247 ,

425 3281 580 3326 utens
620 3270 782 3324 corde
829 3278 919 3323 tuo
949 3277 1002 3322 et
1031 3281 1157 3322 voce
1204 3274 1290 3320 tua
1324 3277 1573 3334 tanquam
1617 3279 1894 3334 possessor
1921 3265 2005 3318 iu-

424 3361 670 3416 habitans
689 3402 704 3429 ,
736 3361 946 3414 resistet
989 3357 1294 3412 adversario
1315 3399 1330 3423 ,
1359 3371 1604 3410 securum
1635 3365 1684 3410 te
1714 3354 1870 3410 faciet
1901 3373 1912 3406 :
1951 3366 2005 3409 tu

427 3462 630 3507 tantum
661 3452 831 3504 excita
873 3449 1266 3515 dormientem,
1299 3447 1352 3502 id
1390 3457 1506 3515 est,
1539 3448 1821 3502 recordare
1867 3447 2005 3502 obli-

427 3554 532 3599 tam
566 3544 745 3597 tidem.

496 3633 721 3688 CAPUT
753 3631 871 3686 XVI
914 3662 985 3672 —
1008 3632 1092 3686 16.
1116 3629 1300 3686 Christi
1322 3631 1680 3685 resurrectione
1702 3648 1843 3700 spem
1867 3632 2008 3685 nobis

425 3725 802 3780 resurrectionis
845 3724 1019 3777 merito
1067 3722 1275 3776 allatam
1316 3740 1438 3777 esse.
1487 3722 1776 3776 Mortalitas
1821 3722 2011 3777 Christi

427 3814 839 3872 unde.‘Christus
876 3813 1127 3885 quomodo
1151 3815 1314 3882 factus
1338 3812 1602 3867 mediator.
1643 3813 1855 3866 Peccata
1879 3829 2008 3870 ouo-

430 3907 578 3961 modo
607 3906 660 3960 iu
687 3905 906 3960 Christo.
947 3903 1234 3958 Mortalitas
1259 3920 1405 3973 poma
1431 3904 1642 3974 peccati.
1671 3903 1825 3958 Modo
1867 3905 2008 3958 euint

428 3996 556 4067 quid
584 3997 820 4051 dicturus
846 4009 990 4062 sum,
1008 3993 1149 4048 unde
1179 3993 1372 4048 talibus
1389 4009 1743 4064 responsurus
1765 3994 1839 4049 sis
1854 3994 1878 4047 ?
1893 3993 2008 4048 Non

430 4105 628 4145 novum
653 4087 850 4158 aliquid
885 4086 1059 4142 dicam
1080 4127 1095 4154 ,
1124 4085 1220 4141 sed
1251 4085 1300 4140 id
1327 4084 1468 4156 quod
1496 4085 1789 4140 credidisti.
1823 4085 2009 4141 Excita

431 4199 560 4254 ergo
589 4183 745 4238 tidem
767 4223 783 4248 ,
824 4190 879 4236 et
901 4179 1167 4250 responde
1189 4179 1384 4234 dicenti
1403 4221 1418 4241 ,
1449 4177 1696 4234 Christus
1723 4180 1870 4234 solus
1911 4194 2010 4248 po-

432 4276 552 4341 tuit,
585 4288 680 4328 nos
709 4287 816 4328 non
844 4285 1167 4341 possumus:
1201 4270 1463 4339 responde
1491 4279 1546 4324 et
1567 4269 1676 4335 die,
1709 4270 1834 4326 ideo
1858 4271 2011 4326 Chri-

429 4377 546 4421 stus
577 4365 763 4436 petuit,
787 4364 909 4434 quia
938 4363 1107 4427 Deus;
1132 4363 1221 4418 ille
1247 4363 1446 4432 utique,
1470 4363 1592 4432 quia
1622 4363 1782 4418 Deus.
1811 4363 1867 4419 Si
1887 4364 2011 4434 quia

435 4459 593 4520 Deus,
624 4456 746 4526 quia
775 4454 1146 4525 omnipotens;
1175 4455 1222 4510 si
1253 4454 1376 4525 quia
1403 4453 1758 4522 omnipotens,
1787 4471 1883 4510 cur
1910 4457 2009 4511 de-

431 4548 660 4623 sperabo
681 4546 822 4616 quod
849 4546 1042 4616 poterit
1069 4555 1124 4601 et
1149 4546 1199 4600 in
1226 4561 1314 4601 me
1331 4586 1346 4611 ,
1377 4544 1518 4615 quod
1547 4545 1932 4600 demonstravit
1957 4547 2008 4600 in

431 4657 491 4696 sc
521 4648 737 4710 propter
774 4643 896 4693 me?
925 4637 1124 4694 Deinde
1151 4653 1333 4708 quer
1369 4636 1509 4692 unde
1538 4637 1828 4691 resurrexit
1853 4635 2012 4692 Chri-

433 4745 568 4790 stus.
599 4731 979 4802 Respondebit,
1011 4733 1051 4785 Α
1087 4730 1328 4785 mortuis.
1362 4728 1555 4795 Quer
1579 4743 1746 4798 quare
1771 4738 2011 4784 mortuus

433 4826 522 4880 sit.
551 4821 817 4892 Numquid
847 4821 987 4876 enim
1022 4821 1160 4877 Deus
1187 4821 1323 4876 mori
1367 4819 1580 4890 potest?
1607 4819 1700 4874 Illa
1742 4819 1901 4874 etiam
1926 4817 2012 4874 di-

432 4914 626 4970 vinitas
655 4912 889 4966 Verbum
925 4911 1146 4979 αιίιιιςιιυ,
1172 4911 1348 4975 Patri,
1379 4925 1466 4964 ars
1495 4909 1876 4979 omnipotentis
1920 4923 2012 4962 ar-

435 5006 592 5060 tilicis
612 5043 628 5068 ,
660 5018 754 5072 per
795 5015 951 5071 quem
998 4999 1132 5053 laeta
1160 5009 1282 5054 sunt
1321 5000 1499 5054 omnia
1519 5040 1534 5065 ,
1564 4999 2012 5054 incommutabilis

432 5095 727 5168 sapientia,
757 5093 809 5146 iu
839 5105 899 5146 se
925 5091 1035 5160 ipsa
1063 5104 1319 5156 manens,
1347 5090 1612 5145 innovans
1645 5093 1823 5145 omnia
1853 5092 2009 5161 (Ser.

432 5205 501 5244 γιι
523 5230 540 5255 ,
582 5186 674 5256 27)
700 5229 714 5251 ,
742 5186 1011 5255 attingens
1035 5200 1065 5238 a
1099 5182 1199 5236 line
1227 5198 1391 5252 usque
1415 5184 1482 5237 ad
1513 5183 1674 5240 linem
1720 5184 1928 5239 fortiter
1959 5194 2016 5239 et

432 5281 724 5351 disponens
749 5277 928 5332 omnia
963 5275 1196 5331 suaviter
1225 5272 1334 5344 (Id.
1364 5291 1450 5328 \‘ltl
1473 5315 1487 5339 ,
1518 5275 1572 5345 l)
1593 5317 1608 5341 ,
1637 5276 1771 5330 mori
1801 5278 1966 5346 potuit
1991 5277 2014 5332 τ

433 5375 586 5440 Non,
631 5369 821 5440 inquit.
851 5369 918 5424 Et
948 5378 1121 5422 tamen
1163 5366 1409 5422 Christus
1448 5377 1689 5422 mortuus
1713 5377 1814 5423 est.
1864 5368 2016 5425 Unde

435 5475 678 5522 mortuus
723 5460 842 5519 est?
873 5459 1126 5516 Videlicet
1165 5458 1306 5528 quod
1335 5477 1436 5514 non
1477 5461 1712 5530 rapinam
1740 5462 2016 5518 arbitratus

429 5564 505 5610 est
533 5570 638 5609 esse
664 5552 874 5623 aqualis
906 5549 1042 5615 Deo,
1090 5550 1178 5604 sed
1217 5551 1542 5620 semetipsum
1566 5553 1872 5620 exiuaninit,
1903 5555 2015 5624 [or-

431 5661 567 5698 enam
597 5644 725 5697 serui
748 5641 1020 5711 accipiens.
1047 5640 1186 5696 Ante
1207 5650 1386 5695 autem
1409 5641 1534 5710 quid
1559 5642 1666 5697 ait?
1698 5643 1798 5709 Qui
1822 5661 1936 5700 cum
1959 5648 2014 5702 in

427 5734 598 5809 [arma
624 5732 718 5788 Dei
758 5742 879 5787 esset
912 5730 1167 5804 (Philipp.
1203 5747 1272 5801 ιι,
1301 5733 1492 5802 6et7).
1522 5732 1768 5790 Formam
1799 5735 1891 5791 Dei
1921 5751 2014 5792 ac-

1626 317 1686 375 S.
1730 313 2090 372 AUGUSTINI
2135 311 2439 368 EPISCOPI

3525 319 3664 378 1608

2082 436 2327 496 ceperat,
2356 443 2422 482 au
2454 428 2506 483 in
2542 443 2604 483 ea
2635 428 2945 486 naturaliter
2969 440 3086 486 erat
3115 431 3172 486 ‘?
3205 433 3487 505 Distiuguit
3517 439 3664 507 Apo-

2083 519 2270 574 stolus.
2303 517 2433 574 Cum
2483 518 2703 574 formam
2749 521 2842 575 Dei
2885 521 3087 577 diceret
3110 564 3124 587 ,
3155 535 3281 579 esset
3327 525 3463 582 dixit
3496 545 3510 582 :
3541 542 3664 584 cum

2085 611 2311 666 formam
2338 611 2475 665 servi
2497 611 2816 679 nominaret,
2833 614 3084 681 accipiens
3102 614 3255 668 dixit.
3275 613 3518 672 Christus
3539 635 3670 690 ergo

2085 713 2199 757 erat
2223 702 2418 773 aliquid
2441 744 2456 770 ,
2487 703 2693 772 accepit
2717 703 2914 769 aliquid
2935 745 2950 769 ,
2984 713 3042 759 ut
3066 722 3186 760 cum
3214 707 3304 761 illo
3333 725 3496 764 unum
3523 721 3666 767 esset

2085 793 2227 863 quod
2253 803 2549 863 acceperat.
2585 795 2640 850 In
2680 794 2850 849 forma
2881 796 2972 850 Dei
3009 806 3125 851 erat
3150 801 3369 868 aequalis
3396 801 3527 866 Deo,
3559 804 3666 858 sic-

2088 895 2146 939 ut
2197 887 2518 956 evangelista
2552 887 2640 942 ille
2676 889 2905 956 piscator
2930 888 3197 959 loquitur,
3241 891 3458 947 Verbum
3484 900 3669 952 eratin

2089 978 2369 1048 principio,
2402 990 2446 1032 et
2484 977 2698 1036 Verbum
2723 985 2865 1052 apud
2909 985 3073 1040 Deum
3093 1031 3107 1052 ,
3139 999 3186 1042 et
3229 989 3372 1044 Deus
3398 1003 3508 1046 erat
3544 993 3670 1048 Ver-

2089 1068 2204 1122 bum
2245 1068 2421 1140 (Joan.
2454 1087 2504 1138 t,
2535 1073 2586 1142 Ι)
2619 1089 2634 1126 :
2668 1073 2770 1129 hoc
2803 1087 2918 1141 cst,
2947 1077 3072 1132 Cum
3100 1081 3152 1134 in
3195 1081 3359 1151 forma
3387 1083 3480 1139 Dei
3504 1096 3631 1140 esset
3657 1129 3670 1146 .

2090 1178 2192 1215 non
2211 1162 2445 1233 rapinam
2467 1163 2739 1222 arbitratus
2756 1178 2829 1222 est
2848 1185 2954 1224 esse
2973 1173 3184 1240 (aqualis
3207 1173 3332 1228 Deo.
3355 1177 3508 1243 Quod
3528 1180 3661 1234 enin

2092 1268 2200 1308 non
2230 1254 2540 1309 naturaliter
2582 1256 2754 1324 inest,
2793 1259 2886 1313 sed
2916 1273 3202 1332 usurpatur
3243 1265 3457 1333 illicito,
3489 1271 3657 1339 rapin.

2092 1353 2194 1399 est.
2224 1343 2601 1414 IEqualitatem
2641 1348 2733 1402 Dei
2765 1353 3038 1420 usurparit
3073 1353 3328 1424 angelus,
3357 1367 3412 1412 et
3438 1361 3658 1417 cecidit.

2094 1445 2148 1490 et
2190 1434 2356 1490 factus
2405 1445 2490 1490 est
2529 1437 2773 1493 diabolus
2806 1457 2820 1494 :
2852 1442 3209 1512 mqualitatent
3260 1446 3353 1501 Dei
3403 1451 3673 1518 usurpavi-

2097 1524 2258 1580 homo
2277 1567 2292 1593 ,
2324 1536 2379 1581 et
2401 1527 2627 1596 cecidit,
2657 1537 2715 1584 et
2743 1529 2913 1586 lactus
2942 1542 3022 1587 est
3049 1537 3311 1592 mortalis.
3345 1537 3441 1594 Hic
3473 1551 3678 1602 autem.

2094 1619 2184 1688 qui
2213 1627 2368 1674 natus
2409 1628 2492 1674 cst
2531 1622 2782 1691 mqualis,
2814 1623 2936 1694 quia
2967 1641 3072 1680 non
3102 1636 3255 1692 natus
3282 1644 3350 1684 ex
3397 1640 3624 1702 tempore
3662 1679 3674 1700 ,

2095 1709 2192 1765 sed
2219 1711 2541 1780 sempiterno
2570 1713 2711 1768 Patri
2737 1715 3092 1785 sempiternus
3117 1717 3316 1786 Filius,
3343 1735 3554 1791 semper
3582 1741 3606 1777 r
3651 1754 3678 1765 -

2099 1811 2215 1868 tus,
2247 1819 2343 1872 per
2367 1820 2524 1875 quem
2552 1805 2684 1860 facta
2713 1817 2836 1862 sunt
2877 1811 3055 1864 omnia
3075 1853 3090 1877 ,
3123 1811 3176 1866 in
3219 1811 3390 1868 forma
3420 1815 3510 1870 Dei
3539 1831 3584 1870 et
3637 1826 3679 1872 t.

2098 1893 2168 1950 Ut
2193 1903 2372 1950 autem
2402 1897 2662 1952 mediator
2688 1907 2831 1954 esset
2859 1900 2998 1956 inter
3028 1902 3193 1958 Deum
3223 1914 3277 1959 et
3305 1904 3549 1962 homines
3597 1923 3680 1962 m-

2101 1997 2183 2042 ter
2203 1988 2404 2057 justum
2427 1999 2480 2044 et
2505 1990 2753 2060 injustas,
2782 1992 2922 2049 inter
2946 1993 3298 2052 immortalem
3327 2007 3382 2052 et
3407 2000 3677 2064 mortales,

2098 2080 2386 2149 assumpsit
2423 2081 2620 2150 aliquid
2648 2081 2718 2136 ab
2752 2083 2961 2154 injustis
2987 2094 3042 2142 et
3082 2089 3429 2152 mortalibus,
3459 2106 3526 2145 ss.
3551 2107 3684 2147 vans

2099 2172 2299 2242 aliquid
2319 2188 2438 2227 cttm
2458 2173 2604 2243 justo
2623 2183 2676 2229 ct
2697 2176 3003 2234 immortali.
3031 2179 3163 2235 Cum
3178 2180 3324 2250 justo
3342 2184 3485 2238 enim
3505 2195 3561 2239 et
3583 2185 3685 2239 im-

2101 2264 2310 2320 mortali
2338 2266 2850 2336 servansjustitiam,
2869 2270 2936 2325 ab
2963 2268 3174 2340 injustis
3199 2284 3251 2328 et
3268 2275 3579 2330 mortalibus
3600 2292 3686 2332 as-

2102 2371 2321 2413 sumens
2349 2360 2722 2413 mortalitatem
2745 2403 2759 2424 ,
2793 2360 2963 2417 lactus
2991 2364 3043 2417 in
3075 2365 3249 2419 medio
3278 2368 3646 2423 reconciliator
3666 2410 3682 2433 ,

2103 2445 2362 2517 dejiciens
2386 2464 2594 2502 murum
2628 2460 2961 2518 peccatorum
2991 2463 3315 2519 nostrorum;
3343 2457 3481 2511 unde
3507 2459 3578 2513 illi
3599 2474 3687 2513 ca-

2105 2540 2252 2593 nitur
2275 2555 2304 2591 a
2337 2540 2532 2609 populo
2574 2555 2707 2606 suo,
2741 2541 2804 2594 Et
2829 2543 2882 2596 in
2911 2542 3018 2597 Deo
3059 2561 3166 2598 meo
3194 2548 3534 2617 transgredior
3573 2566 3686 2602 nm-

2105 2648 2220 2686 rum
2249 2629 2418 2703 (Psal.
2445 2649 2572 2698 xvn,
2593 2631 2684 2704 30)
2710 2651 2722 2686 :
2754 2634 2982 2690 reddens
3013 2637 3131 2692 Deo
3155 2638 3294 2707 quod
3340 2650 3554 2708 peccata
3595 2642 3690 2696 ab-

2106 2722 2486 2785 alienaverunt,
2500 2723 2768 2780 redimens
2783 2740 2880 2779 suo
2895 2728 3150 2798 sanguine
3169 2729 3309 2797 quod
3321 2730 3564 2786 diabolus
3577 2747 3690 2801 pos-

2107 2815 2348 2882 sidebat;
2377 2827 2615 2874 mortuus
2640 2827 2724 2873 est
2749 2833 2844 2888 pro
2873 2820 3044 2884 nobis,
3074 2829 3128 2874 et
3157 2823 3446 2877 resurrexit
3469 2839 3568 2894 pro
3594 2841 3691 2880 no-

2107 2905 2211 2964 bis.
2241 2906 2476 2962 Portavit
2505 2916 2718 2978 peccata
2749 2917 2927 2963 nostra
2949 2951 2963 2975 ,
2994 2926 3099 2965 non
3135 2909 3240 2966 illis
3266 2911 3567 2980 inhaerens,
3595 2915 3688 2970 sed

2107 3012 2173 3054 ea
2211 2999 2480 3054 sustinens
2512 3017 2524 3052 :
2557 2999 2691 3054 sicut
2719 2999 2884 3055 Jacob
2912 3004 3142 3070 portarit
3179 3002 3343 3072 pelles
3372 3003 3644 3060 bmdorum
3671 3048 3687 3074 ,

2112 3091 2385 3160 utpilosns
2409 3091 2543 3159 patri
2575 3091 2906 3147 benedicenti
2933 3093 3369 3165 videretur(Gen.
3395 3113 3558 3163 xxv",
3579 3101 3684 3170 16).

2110 3183 2253 3239 Esau
2280 3183 2451 3237 malus
2478 3182 2612 3253 pilos
2636 3185 2880 3253 proprios
2907 3184 3170 3253 habebat,
3196 3186 3364 3244 Iacob
3391 3198 3566 3244 autem
3597 3190 3690 3244 bo-

2110 3292 2212 3331 nus
2254 3276 2454 3330 alienos
2499 3277 2757 3345 portabat.
2803 3277 3112 3334 Mortalibus
3149 3280 3344 3350 quippe
3387 3280 3691 3339 hominibus

2112 3378 2331 3437 peccata
2379 3367 2657 3424 inlnerent.
2705 3368 2821 3424 Non
2867 3379 3043 3424 autem
3091 3371 3426 3428 inlnerebant
3475 3376 3548 3429 illi
3599 3377 3688 3445 qui

2111 3457 2361 3525 dixerat,
2412 3457 2716 3514 Potestatem
2762 3458 2919 3514 habeo
2965 3461 3182 3530 ponendi
3225 3463 3445 3516 animam
3490 3481 3692 3529 meam,

2111 3566 2161 3611 et
2205 3565 2497 3626 potestatem
2538 3556 2693 3610 habeo
2730 3556 2911 3610 iterum
2951 3556 3180 3611 sumendi
3218 3573 3328 3610 eum
3371 3557 3572 3628 (Joan.
3620 3575 3654 3613 χ
3677 3600 3693 3625 ,

2115 3647 2245 3717 ιε).

2183 3740 2411 3795 CAPUT
2440 3739 2601 3795 XVII.
2630 3769 2704 3780 —
2729 3741 2870 3795 Mors
2911 3755 3039 3810 ergo
3065 3741 3116 3794 in
3146 3741 3369 3796 Domino
3409 3749 3591 3797 nostro
3619 3742 3696 3795 si-

2115 3849 2277 3905 gnum
2306 3833 2402 3887 luit
2425 3833 2718 3886 alienorum
2750 3841 3110 3900 peccatorum,
3144 3850 3249 3889 non
3277 3850 3429 3904 pcena
3458 3837 3697 3906 proprio-

2115 3941 2255 3980 rum.
2289 3925 2346 3980 ln
2387 3924 2634 3979 omnibus
2661 3931 2839 3978 autem
2869 3922 3177 3980 hominibus
3222 3928 3517 3983 mortalitas
3542 3945 3695 3998 poena

2116 4019 2319 4089 peccati
2347 4028 2432 4074 est
2459 4035 2474 4071 :
2506 4017 2732 4072 trahitur
2755 4017 2902 4074 enim
2946 4017 3014 4072 ab
3055 4019 3260 4088 origine
3289 4021 3524 4087 peccati,
3557 4022 3698 4077 unde

2114 4127 2302 4168 omnes
2334 4112 2609 4176 venimus;
2636 4111 2704 4166 de
2727 4111 2867 4167 illius
2893 4111 3126 4168 hominis
3148 4110 3330 4178 lapsu,
3361 4126 3464 4164 non
3496 4112 3564 4167 de
3597 4115 3697 4166 hn-

2110 4203 2201 4274 jus
2241 4202 2522 4259 descensu.
2553 4203 2709 4258 Aliud
2735 4203 2876 4256 enim
2907 4212 2991 4256 est
3029 4200 3254 4264 cadere,
3285 4199 3428 4254 aliud
3469 4201 3698 4257 descen-

2115 4295 2264 4351 dere.
2292 4294 2497 4350 Cecidit
2537 4309 2675 4349 unus
2702 4293 2977 4363 nequiter,
3005 4292 3282 4348 descendit
3320 4293 3457 4348 alius
3487 4295 3699 4349 miseri-

2115 4385 2366 4442 corditer.
2395 4384 2540 4440 Sicut
2566 4384 2707 4438 enim
2737 4385 2790 4436 in
2814 4383 2978 4436 Adam
3005 4399 3179 4437 omnes
3204 4385 3487 4438 moriuntur
3506 4427 3521 4451 ,
3550 4387 3621 4439 sic
3649 4389 3700 4440 in

2117 4477 2316 4532 Christo
2359 4491 2530 4528 antnes
2570 4475 2954 4542 viviﬁcabuntur
2978 4474 3018 4542 (l
3041 4473 3158 4530 Cor.
3186 4490 3289 4539 xv,
3319 4475 3434 4546 22).
3475 4476 3701 4530 Portans

2116 4583 2246 4637 ergo
2270 4568 2438 4621 aliena
2468 4575 2679 4635 peccata
2700 4607 2713 4631 ,
2747 4566 2874 4632 Quae
2899 4581 2999 4619 non
3025 4567 3207 4637 rapui,
3241 4569 3405 4638 inquit
3428 4610 3442 4635 ,
3470 4577 3586 4622 tunc
3616 4585 3702 4621 e1-

2116 4659 2366 4712 soluebam
2391 4655 2562 4723 (Psal.
2591 4671 2772 4724 Lxrtu,
2804 4655 2859 4725 5)
2894 4673 2906 4708 :
2943 4656 2995 4711 id
3021 4668 3124 4722 est,
3153 4669 3428 4728 peccatum
3474 4675 3577 4712 non
3610 4661 3702 4712 ha-

2117 4750 2250 4804 bens
2292 4748 2574 4802 moriebar.
2620 4746 2787 4815 Ecce,
2827 4747 3030 4817 inquit,
3076 4749 3236 4802 ueniet
3280 4750 3509 4818 princeps
3551 4751 3703 4819 hujus

2118 4839 2314 4904 mundi,
2338 4847 2384 4893 et
2407 4839 2460 4892 in
2485 4854 2565 4892 nte
2587 4838 2719 4892 nihil
2737 4838 2968 4892 inveniet.
2997 4837 3137 4904 Quid
3163 4847 3265 4906 est,
3292 4839 3420 4892 nihil
3443 4841 3495 4892 in
3525 4857 3604 4892 me
3626 4841 3704 4892 in-

2115 4930 2312 4986 variet?
2335 4928 2451 4984 Non
2483 4929 2534 4984 in
2561 4944 2650 4984 me
2679 4929 2915 4985 inveniet
2942 4931 3189 4984 meritum
3219 4931 3424 4984 mortis.
3456 4931 3700 4987 Meritum

2116 5021 2259 5077 enim
2285 5021 2472 5076 mortis
2496 5028 2772 5092 peccaturo
2803 5029 2906 5075 est.
2929 5021 3110 5088 Quare
3135 5037 3263 5092 ergo
3289 5023 3570 5077 morieris?
3601 5025 3701 5078 Se-

2117 5113 2296 5183 quitur
2313 5151 2329 5177 ,
2358 5121 2412 5166 et
2436 5111 2565 5166 dicit
2594 5128 2608 5164 :
2642 5111 2750 5167 Sed
2773 5120 2831 5165 ut
2870 5111 3034 5166 sciant
3057 5128 3228 5166 omnes
3255 5113 3374 5183 quia
3402 5114 3701 5169 voluntatem

2119 5201 2294 5257 Patris
2317 5203 2412 5255 mei
2452 5202 2585 5274 facio
2603 5242 2619 5268 ,
2647 5202 2835 5274 surgite
2853 5243 2868 5267 ,
2897 5218 3066 5256 earnm
3090 5203 3206 5255 hinc
3232 5201 3408 5275 (Joau.
3437 5219 3525 5258 xw
3544 5246 3560 5270 ,
3592 5205 3660 5260 50
3684 5248 3700 5272 ,

2118 5295 2234 5366 3i).
2280 5295 2347 5349 Et
2381 5294 2551 5363 surgit
2581 5307 2806 5363 pergens
2848 5293 2914 5348 ad
2957 5294 3281 5364 passionem.
3327 5296 3540 5363 Quare?
3569 5297 3701 5362 Quia

2117 5387 2443 5442 voluntatem
2469 5384 2642 5441 Patris
2666 5385 2746 5438 sui
2773 5383 3020 5451 faciebat,
3051 5401 3156 5440 non
3184 5386 3306 5456 quis
3332 5387 3555 5457 principi
3582 5402 3704 5456 pec.

2097 5489 2357 5536 .catorum
2398 5478 2595 5550 aliquid
2639 5477 2901 5544 debebat,
2951 5477 3002 5532 iu
3040 5492 3147 5548 quo
3186 5488 3460 5548 peccatum
3499 5479 3702 5534 nullum

2117 5580 2254 5630 erat.
2301 5573 2441 5645 Ergo
2490 5573 2748 5628 Dominus
2794 5581 2978 5627 noster
3019 5570 3176 5628 Jesus
3223 5571 3467 5628 Christus
3509 5573 3704 5629 divini-

2119 5685 2365 5798 ωὲῖἕιιεξη
2390 5693 2612 5736 romam
2649 5683 2776 5736 ειη-ἱ
2813 5687 3065 5750 acceperat
3080 5718 3096 5745 ,
3140 5695 3204 5734 an
3245 5683 3296 5736 in
3329 5697 3389 5736 ea
3421 5682 3706 5738 naturaliter
