4026 6186
803 284 812 308 1

337 323 476 380 11309

332 455 499 499 tatem
546 458 729 500 secum
777 443 995 508 attulit,
1046 441 1423 496 mortalitatem
1471 449 1648 496 autem
1697 455 1727 493 a
1776 437 1927 494 nobis

332 534 644 603 assumpsit.
695 533 845 588 lianc
895 533 1098 602 accepit
1148 533 1198 585 in
1251 540 1402 586 utero
1443 531 1660 601 virginis
1708 530 1922 592 Mzzrim,

333 627 666 696 conjungens
715 641 775 681 se
827 627 998 695 ipsum
1053 626 1280 680 Verbum
1333 625 1424 680 Dei
1478 624 1723 679 humana:
1768 634 1924 678 natu-

335 733 408 770 ra:
434 759 449 777 .
498 725 750 787 tanquam
794 731 1022 787 sponsus
1049 732 1258 786 Sponsce
1289 717 1338 770 in
1381 716 1614 770 thalamo
1641 715 1880 785 virginali
1909 757 1921 777 ,

334 816 388 862 ut
435 809 547 877 ipse
577 818 829 878 tanquam
856 824 1084 879 sponsus
1112 807 1423 880 procederet
1465 807 1531 862 de
1572 808 1803 862 thalamo
1827 821 1924 861 suo

331 898 506 969 (Psal.
541 917 665 955 xvm
681 943 696 968 ,
729 901 808 971 6).

401 1015 493 1069 i7.
527 1013 818 1069 Mortalitas
841 1015 893 1068 in
917 1012 1115 1070 Christo
1144 1030 1278 1080 vera,
1312 1031 1412 1069 non
1437 1031 1500 1069 ea:
1524 1014 1719 1080 merito,
1749 1014 1835 1067 sed
1861 1030 1924 1067 ea:

329 1109 700 1162 misericordia.
730 1107 916 1163 Citriin
940 1110 1236 1162 resurrectio
1256 1110 1530 1163 secundum
1555 1125 1754 1162 carnem
1775 1118 1921 1161 antea

329 1197 618 1252 mortalem.
650 1197 712 1252 Si
731 1199 931 1269 justum
959 1215 1071 1252 eum
1101 1201 1341 1269 fatentur,
1373 1213 1472 1252 non
1501 1199 1680 1269 fefellit
1711 1200 1922 1269 promit-

328 1297 441 1342 tens
480 1291 915 1344 resurrectionem.
949 1291 1079 1346 Redi
1119 1306 1246 1361 ergo
1285 1291 1351 1346 ad
1381 1291 1433 1345 id
1469 1292 1610 1362 quod
1655 1293 1916 1347 dicebam.

329 1378 623 1434 Mortalitas
663 1379 732 1436 de
779 1391 1000 1450 peccato
1042 1383 1187 1437 venit
1217 1384 1268 1437 in
1310 1397 1496 1438 omnes
1539 1382 1783 1439 homines
1815 1401 1827 1436 :
1863 1386 1916 1440 in

327 1471 560 1526 Domino
597 1481 772 1527 autem
814 1474 881 1529 de
923 1475 1286 1531 misericordia
1315 1485 1461 1543 erat,
1491 1487 1544 1531 et
1573 1487 1750 1532 tamen
1793 1494 1918 1534 vera

325 1573 479 1626 erat;
513 1566 633 1634 quia
668 1566 788 1620 talis
811 1581 938 1622 caro
967 1583 1089 1622 vera
1117 1577 1234 1623 erat
1253 1611 1266 1630 ,
1291 1578 1344 1623 et
1367 1585 1490 1625 vere
1515 1571 1752 1625 mortalis
1779 1581 1914 1637 erat,

326 1654 736 1710 similitudinem
777 1656 978 1712 habens
1004 1659 1180 1720 (Ἧι-υἷε
1211 1660 1413 1728 peccati
1455 1659 1629 1730 (Rom.
1663 1677 1752 1715 vm
1775 1705 1788 1728 ,
1819 1663 1912 1733 '5);

326 1762 436 1800 non
488 1747 892 1802 similitudinem
939 1751 1154 1814 carnis,
1206 1750 1299 1805 sed
1348 1751 1745 1808 similitudinem
1793 1769 1915 1808 car-

325 1839 410 1891 nis
448 1840 654 1910 peccati
685 1856 700 1893 :
733 1856 857 1896 vera
901 1842 1042 1896 enim
1069 1857 1226 1910 caro,
1256 1842 1350 1898 sed
1393 1860 1498 1899 non
1527 1846 1726 1914 peccati
1767 1861 1912 1902 caro.

323 1927 440 1981 Non
472 1929 618 1984 enim
660 1931 1038 1986 mortalitatem
1067 1933 1208 1987 illam
1229 1975 1243 1999 ,
1275 1943 1331 1987 ut
1370 1933 1514 1998 dixi,
1562 1936 1752 1990 merito
1789 1953 1914 2007 pee-

323 2023 426 2075 t-ati
455 2033 753 2093 acceperat,
787 2025 876 2094 qui
902 2027 1223 2094 semetipsum
1245 2027 1520 2081 exinanivit
1547 2031 1762 2099 formam
1785 2032 1915 2084 servi

321 2115 576 2184 accipiens
600 2155 614 2179 ,
649 2124 696 2168 et
736 2120 899 2186 factus
938 2116 1170 2172 obediens
1214 2135 1367 2188 usque
1406 2120 1475 2173 ad
1517 2131 1744 2176 mortem.
1775 2122 1912 2190 Quid

322 2222 448 2276 ergo
474 2216 594 2262 erat
616 2247 631 2270 ,
677 2217 730 2262 et
759 2208 884 2278 quid
913 2208 1180 2264 habebat?
1223 2210 1482 2267 Divinitas
1505 2222 1622 2268 erat
1647 2255 1662 2280 ,
1710 2213 1912 2269 habens

323 2297 726 2352 mortalitatem.
781 2297 929 2353 Unde
971 2306 1148 2354 autem
1199 2309 1440 2356 mortuus
1482 2312 1604 2369 est,
1653 2302 1776 2358 inde
1818 2319 1909 2359 re-

319 2389 574 2444 surrexit.

387 2502 623 2558 CAPUT
668 2503 853 2560 XVIII.
892 2537 962 2546 —
1009 2507 1087 2562 Ad
1135 2522 1227 2562 eos
1251 2508 1360 2578 jam
1410 2509 1655 2578 respicite
1701 2509 1793 2581 qui
1821 2510 1910 2566 di-

317 2604 446 2648 cunt
470 2613 485 2646 :
507 2593 756 2650 Christus
782 2596 930 2650 solus
957 2599 1126 2666 potuit
1156 2613 1434 2667 resurgere
1453 2641 1466 2665 ,
1500 2615 1602 2654 non
1631 2611 1806 2656 autem
1829 2610 1905 2656 tu.

315 2683 421 2740 Sed
467 2687 738 2755 responde
777 2696 830 2742 et
867 2688 951 2743 die
980 2707 991 2742 :
1017 2689 1258 2744 Christus
1298 2691 1441 2746 ineo
1469 2692 1609 2762 quod
1649 2709 1712 2748 ex
1754 2693 1908 2748 nobis

316 2788 632 2847 acceperat,
663 2781 978 2834 resurrexit.
1011 2780 1159 2835 'l‘olle
1187 2778 1412 2837 formam
1440 2783 1608 2848 servi,
1637 2799 1741 2837 non
1764 2792 1909 2840 esset

316 2869 367 2920 in
392 2885 496 2938 qua
541 2881 878 2939 resurgeret;
910 2871 1032 2940 quia
1063 2887 1168 2926 non
1194 2882 1334 2927 esset
1376 2875 1426 2926 in
1453 2889 1553 2942 qua
1584 2884 1903 2930 moreretur.

313 2959 449 3027 Quid
495 2976 626 3030 ergo
667 2961 799 3015 mihi
829 2961 895 3017 de
937 2961 1092 3017 laude
1137 2963 1345 3018 Domini
1375 2964 1480 3018 mei
1520 2963 1674 3020 Iidem
1706 2965 1905 3047 visode-

315 3060 556 3111 struere,
591 3067 749 3120 quam
794 3052 844 3105 in
876 3068 960 3107 me
1005 3053 1287 3108 aedificavit
1316 3055 1568 3109 Dominus
1606 3055 1794 3110 meus?
1821 3057 1901 3112 Ex

316 3139 407 3193 illo
427 3156 571 3193 enim
603 3141 743 3211 quod
784 3141 1010 3197 formam
1058 3144 1197 3198 servi
1228 3145 1465 3214 accepit,
1511 3156 1752 3202 mortuus
1795 3158 1898 3203 est.

311 3229 622 3286 Secundum
667 3232 770 3287 hoc
815 3242 992 3288 autem
1043 3237 1367 3300 resurrexit,
1418 3238 1708 3292 secundum
1759 3241 1900 3309 quod

313 3332 559 3376 mortuus
589 3331 692 3377 est.
719 3323 877 3378 Nullo
921 3325 1081 3380 modo
1124 3341 1252 3398 ergo
1277 3329 1416 3383 servi
1449 3330 1897 3387 resurrectionem

310 3414 730 3484 desperaverim,
751 3432 868 3471 cum
893 3417 942 3472 in
967 3417 1133 3472 forma
1157 3419 1295 3475 servi
1325 3421 1578 3477 Dominus
1603 3438 1902 3480 resurrexe-

310 3505 396 3559 rit.
429 3507 536 3560 Ant
565 3507 612 3561 si
654 3510 905 3577 potentiae
936 3510 1165 3566 hominis
1208 3512 1445 3567 tribuunt
1473 3513 1612 3582 quod
1655 3513 1899 3570 Christus

312 3596 606 3649 resurrexit
636 3611 664 3650 a
695 3598 950 3663 mortuis;
982 3615 1103 3654 nam
1133 3611 1186 3655 et
1215 3601 1317 3657 hoc
1347 3603 1522 3657 solent
1547 3603 1744 3669 dicere,
1773 3607 1896 3676 quia

311 3684 474 3738 homo
501 3693 620 3740 erat
651 3696 756 3740 tam
781 3689 984 3757 justus,
1021 3699 1077 3744 ut
1112 3703 1293 3760 posset
1333 3693 1495 3748 etiam
1544 3709 1823 3766 resurgere
1864 3713 1897 3753 a

285 3776 580 3830 .mortuis:
623 3786 683 3831 ut
719 3778 929 3833 interim
967 3782 1259 3837 secundum
1301 3781 1448 3853 ipsos
1488 3783 1697 3855 loquar,
1739 3797 1793 3842 et
1829 3788 1896 3844 de

310 3866 520 3923 Domini
551 3871 725 3942 nostri
754 3870 1030 3927 divinitate
1058 3887 1162 3928 non
1199 3873 1400 3939 dicam;
1433 3876 1520 3931 ille
1551 3887 1655 3931 tam
1693 3878 1891 3948 justus,

308 3970 368 4014 ut
393 3976 424 4014 a
451 3963 680 4018 mortuis
705 3970 864 4018 etiam
891 3980 1170 4036 resurgere
1210 3978 1526 4036 mereretur,
1564 3971 1709 4025 nullo
1741 3980 1894 4041 pacto

306 4067 404 4105 nos
431 4051 619 4109 fallere
648 4055 838 4125 potuit,
885 4071 1005 4111 cum
1050 4058 1210 4112 etiam
1248 4059 1401 4115 nobis
1447 4063 1892 4118 resurrectionem

307 4160 320 4209 ι
343 4143 571 4198 remisit.

372 4254 605 4311 CAPUT
642 4257 786 4312 XIX.
809 4290 880 4300 —
917 4261 1004 4316 18.
1041 4260 1188 4318 Unde
1218 4265 1427 4334 probata
1454 4269 1683 4336 superius
1723 4286 1892 4324 resur-

302 4348 456 4400 rectio
481 4352 676 4420 futura.
707 4351 894 4405 Omnia
922 4369 1049 4423 ergo
1077 4371 1195 4424 qua:
1221 4355 1361 4411 dicta
1391 4368 1543 4426 sunt,
1573 4359 1780 4427 fratres,
1823 4363 1889 4418 ad

303 4437 353 4488 id
380 4438 581 4505 valent,
623 4450 680 4492 ut
707 4442 824 4496 sitis
852 4444 1132 4510 instructi,
1174 4447 1217 4501 si
1245 4448 1334 4517 qui
1363 4448 1541 4503 dicunt
1570 4466 1673 4504 non
1715 4467 1888 4506 resur-

299 4543 426 4596 gere
454 4540 716 4587 mortuos.
745 4533 889 4586 Dicta
917 4545 1040 4590 sunt
1065 4547 1263 4606 autem,
1290 4539 1332 4592 si
1363 4542 1699 4607 meministis,
1722 4560 1891 4614 quan-

299 4631 409 4672 tum
447 4620 589 4676 Deus
637 4638 926 4693 suggerere
965 4627 1211 4698 dignatus
1241 4640 1322 4686 est
1352 4635 1680 4699 necessaria,
1725 4647 1778 4691 et
1820 4637 1888 4693 de

299 4724 478 4765 rerum
506 4722 694 4766 natura
721 4715 1152 4789 quotidianisque
1179 4722 1438 4791 exemplis
1472 4723 1610 4778 dicta
1641 4737 1763 4781 sunt
1802 4737 1885 4782 tc-

297 4803 584 4870 stimonia;
612 4815 666 4859 et
692 4806 759 4861 de
790 4809 901 4878 ipsa
931 4813 1313 4882 omnipotentia
1347 4815 1438 4870 Dei
1473 4818 1554 4872 cui
1585 4818 1715 4874 nihil
1743 4820 1884 4875 (1ἱαὶ-

293 4895 398 4948 cile
425 4906 544 4959 est,
575 4898 664 4966 qui
695 4898 739 4953 si
769 4902 940 4970 potuit
969 4901 1144 4960 facere
1189 4907 1330 4974 quod
1375 4923 1483 4962 non
1525 4921 1637 4964 erat
1663 4953 1676 4975 ,
1718 4914 1884 4967 multo

294 4990 465 5054 magis
494 4999 673 5058 potest
704 5007 953 5061 reparare
977 4996 1116 5066 quod
1143 5007 1292 5064 erat;
1333 5011 1386 5054 et
1415 5000 1482 5057 de
1514 5002 1629 5070 ipso
1661 5003 1884 5061 Domino

290 5087 346 5129 et
366 5079 648 5136 Salvatore
665 5081 793 5137 Jesu
817 5082 1051 5154 Christo,
1080 5103 1236 5157 quem
1267 5099 1476 5145 constat
1501 5096 1878 5160 resurrexisse,

290 5183 468 5238 neque
496 5171 615 5238 ejus
643 5175 1092 5232 resurrectionem
1121 5177 1309 5234 factam
1351 5182 1451 5236 nisi
1488 5182 1540 5237 in
1570 5184 1736 5238 forma
1765 5201 1880 5240 sero

288 5259 340 5309 vi
361 5299 375 5320 ,
406 5259 528 5325 quia
563 5276 738 5331 neque
769 5279 917 5320 mors
948 5264 1059 5320 ﬁeri
1089 5269 1275 5337 potuit,
1306 5271 1445 5325 unde
1473 5285 1605 5342 Opus
1631 5283 1772 5328 esset
1800 5289 1883 5329 re-

287 5363 534 5418 surgere.
562 5351 664 5405 nisi
691 5368 787 5421 per
814 5352 1039 5409 formam
1069 5361 1227 5412 servi.
1265 5360 1412 5416 Unde
1442 5365 1691 5434 quoniam
1737 5367 1879 5422 servi

285 5452 495 5502 sttinus.
531 5441 582 5494 id
624 5442 676 5496 in
708 5441 881 5498 forma
912 5456 1093 5501 nostra
1143 5463 1360 5518 sperare
1401 5452 1657 5508 debemus
1683 5496 1697 5519 ,
1738 5457 1879 5527 quod

283 5531 373 5586 iile
404 5535 457 5587 in
493 5533 665 5590 forma
695 5539 836 5592 servi
879 5552 1288 5608 pnemonstrare
1330 5545 1574 5616 dignatus
1622 5559 1720 5602 est.
1771 5549 1879 5605 Ob-

283 5627 546 5679 tieescant
602 5641 732 5697 ergo
780 5629 976 5700 lingua:
1041 5631 1370 5703 dicentium,
1419 5637 1782 5696 Mandncemus
1829 5653 1876 5695 et

279 5716 549 5779 bibamus;
594 5734 708 5772 cras
765 5721 896 5774 enim
951 5725 1211 5777 morimur.
1263 5726 1486 5784 Prorsus
1540 5743 1591 5785 et
1651 5749 1742 5788 vos
1790 5753 1873 5789 re-

545 5812 816 5873 PATROL.
871 5817 981 5874 XX
1001 5819 1166 5880 XIX.

1698 315 1927 374 SEIUIO
1961 313 2224 374 CCCLXI.

3463 334 3598 392 1610

2035 442 2314 511 spondete,
2346 454 2397 500 et
2423 445 2611 501 dicite:
2643 447 2949 517 Jejuueatus
2979 459 3027 503 et
3051 465 3288 517 ori-mus;
3319 469 3436 509 cras
3466 458 3608 514 enim

2032 532 2341 587 moriemur.
3204 601 3216 620 I

2100 621 2324 678 CAPUT
2365 624 2481 678 XX.
2519 658 2587 666 -—
2630 627 2710 682 l9.
2749 627 2995 683 Ultimum
3031 632 3284 702 judicium
3325 648 3612 707 exspectare

2029 715 2258 784 exemplo
2309 715 2420 770 Noe
2462 718 2808 774 admonentur.
2845 723 3027 778 llcstat
3067 735 3122 779 ut
3160 726 3400 782 dicamus
3443 733 3613 800 qualis

2028 805 2131 858 erit
2161 807 2211 860 in
2243 811 2631 865 resurrectione
2659 813 2760 866 vita
2784 814 3067 883 jnstorum.
3096 817 3200 872 Sed
3226 819 3344 888 quia
3370 820 3478 892 jam
3510 821 3611 876 ho-

2025 894 2111 948 die
2139 897 2471 952 muderatum
2505 909 2712 971 tempus
2749 904 2937 960 videtis
2966 918 3324 978 assumptum,
3375 912 3424 966 id
3469 915 3608 982 quod

2030 985 2357 1042 reddidimus
2401 993 2667 1047 ruminate
2707 1013 2719 1047 :
2773 996 2874 1050 hoc
2915 1008 3090 1053 autem
3136 1001 3276 1070 quod
3327 1004 3606 1071 debemus.

2025 1087 2173 1133 orate
2220 1089 2278 1133 ut
2322 1081 2606 1152 aliquando
2651 1085 2954 1142 reddamus.
2989 1090 3120 1144 Illud
3169 1087 3397 1150 maxime
3435 1106 3609 1152 tenete

2023 1185 2188 1239 quare
2215 1172 2374 1227 locuti
2415 1189 2632 1242 sumus,
2665 1180 2960 1246 prtesertim
3016 1194 3230 1252 propter
3278 1187 3391 1242 dies
3440 1189 3608 1244 festos

2023 1264 2178 1332 istos,
2223 1266 2410 1322 fratres
2438 1272 2538 1324 mei
2563 1312 2578 1337 ,
2603 1287 2736 1342 quos
2775 1273 2971 1345 Pagani
3001 1277 3290 1332 celebrant.
3337 1284 3607 1338 Attemlite
3637 1300 3640 1303 '

2023 1355 2210 1411 vobis:
2244 1359 2429 1413 transit
2463 1360 2547 1416 hic
2578 1363 2825 1429 mundus,
2870 1366 3222 1422 recordamini
3262 1369 3604 1440 Evangeliqu

2021 1445 2110 1499 ubi
2143 1449 2378 1517 prmdicit
2407 1450 2661 1506 Dominus
2689 1455 2765 1508 sic
2796 1456 3024 1510 futurum
3055 1460 3401 1516 novissimum
3429 1464 3569 1519 diem
3591 1506 3605 1528 ,

2019 1538 2286 1607 quomodo
2331 1540 2383 1594 in
2424 1541 2608 1597 diebus
2653 1544 2784 1600 Noe.
2828 1546 3205 1604 Mandncabant
3251 1562 3297 1606 et
3345 1554 3602 1620 bibebant,

2019 1629 2244 1684 emebant
2299 1642 2346 1685 et
2393 1636 2702 1702 vendebant,
2748 1655 2928 1693 uxores
2967 1641 3249 1712 ducebant,
3308 1646 3560 1703 nubebant
3583 1690 3599 1716 ,

2017 1721 2174 1775 donec
2203 1724 2404 1776 intravit
2433 1723 2547 1778 Noe
2565 1728 2618 1780 in
2643 1745 2814 1782 arcam
2829 1745 2850 1792 ;
2867 1733 2995 1784 venit
3021 1734 3285 1803 diluvium,
3311 1748 3360 1791 et
3380 1741 3600 1810 perdidit

2017 1826 2186 1865 omnes
2212 1811 2363 1883 (Luc.
2396 1831 2522 1882 xvn,
2551 1816 2619 1871 27
2639 1816 2682 1889 ).
2711 1818 2927 1875 Habetis
2955 1826 3289 1893 apertissime
3321 1831 3600 1888 Dominum

2015 1913 2470 1973 pra-monentem,
2519 1917 2574 1962 et
2626 1910 2732 1964 alio
2787 1911 2904 1967 loco
2956 1915 3253 1986 dicentem,
3305 1919 3428 1978 Non
3481 1942 3601 1996 gra-

2014 2003 2192 2047 ventur
2217 1997 2372 2049 corda
2395 2009 2557 2052 vestra
2572 2001 2623 2054 in
2649 2005 2859 2073 crapula
2881 2015 2926 2060 et
2954 2009 3187 2064 ebrietate
3213 2010 3322 2083 (Id.
3353 2031 3465 2082 ut,
3481 2017 3598 2088 54).

2016 2083 2134 2138 Sint
2169 2086 2326 2140 lumbi
2369 2091 2517 2144 vestri
2566 2094 2795 2159 accincti,
2832 2106 2879 2149 et
2934 2098 3152 2155 lucernae
3199 2104 3511 2175 ardentes‘;

2012 2176 2200 2231 similes
2243 2189 2395 2234 estote
2437 2185 2606 2252 pueris
2664 2191 3066 2256 exspectantibus
3109 2194 3368 2252 dominum
3419 2218 3594 2270 suum,

2016 2269 2218 2336 quando
2249 2273 2411 2326 veniat
2441 2291 2472 2326 a
2497 2278 2684 2345 nuptiis
2729 2277 2840 2346 (Id.
2871 2296 2964 2346 xu,
2995 2283 3083 2349 55,
3118 2286 3185 2340 56
3303 2269 3595 2362 Εκειιροιοέ

2013 2375 2134 2415 mus
2173 2379 2295 2417 eum
2343 2375 2665 2435 venturum,
2716 2385 2822 2424 non
2873 2388 2970 2427 nos
3027 2384 3297 2443 torpentes
3341 2383 3594 2442 inveniat.

2012 2449 2188 2520 Turpe
2225 2463 2306 2508 est
2344 2457 2550 2511 mulieri
2597 2459 2894 2530 coniugata:
2935 2479 3038 2520 non
3075 2466 3381 2527 desiderare
3422 2475 3591 2531 virmn

2011 2555 2163 2596 suum
2193 2562 2204 2597 :
2234 2553 2431 2613 quanto
2469 2547 2674 2616 turpius
2699 2549 2955 2607 Ecclesiae
2979 2570 3083 2610 non
3111 2556 3417 2618 desiderare
3443 2563 3598 2621 Chri-

2010 2631 2188 2686 stum?
2218 2633 2372 2689 Venit
2397 2637 2479 2690 vir
2502 2637 2568 2692 ad
2594 2641 2838 2698 carnales
2863 2646 3158 2716 amplexus,
3187 2659 3240 2705 et
3269 2655 3474 2724 magnis
3503 2673 3596 2712 vo-

2013 2725 2079 2778 tis
2105 2737 2264 2781 eastae
2293 2729 2473 2784 uxoris
2500 2733 2759 2802 accipitur
2787 2753 2800 2788 :
2834 2748 3088 2794 venturus
3118 2750 3200 2796 est
3225 2758 3455 2814 sponsus
3488 2748 3595 2806 Ec-

2009 2815 2186 2870 clesiae
2215 2817 2280 2870 ad
2311 2819 2595 2876 tradendos
2621 2833 2852 2881 teternos
2879 2829 3154 2898 amplexus
3173 2875 3188 2898 ,
3229 2834 3294 2889 ad
3328 2835 3596 2898 faciendos

2010 2920 2111 2960 nos
2140 2907 2240 2961 sibi
2273 2911 2629 2980 sempiternos
2655 2914 2982 2987 colueredes,
3023 2929 3077 2974 et
3111 2937 3210 2978 nos
3245 2924 3314 2979 ita
3340 2927 3588 2997 vivimus,

2009 3006 2066 3052 ut
2095 2999 2211 3068 ejus
2239 2999 2525 3056 adventum
2565 3019 2672 3059 non
2701 3005 2874 3062 solum
2906 3025 3010 3065 non
3054 3011 3451 3085 desideremus,
3497 3021 3591 3078 sed

2007 3090 2165 3142 etiam
2201 3090 2508 3148 timeamus!
2538 3094 2707 3163 Quam
2741 3113 2924 3154 verum
2953 3111 3037 3156 est
3060 3105 3199 3174 quod
3228 3106 3306 3161 sic
3336 3119 3589 3166 venturus

2005 3189 2088 3234 est
2113 3181 2228 3237 dies
2255 3184 2362 3249 ille,
2392 3187 2660 3256 quomodo
2690 3190 2742 3244 in
2783 3191 2973 3249 diebus
2997 3194 3146 3250 Noe?
3186 3199 3352 3264 Quam
3395 3203 3589 3258 multos

2005 3272 2082 3325 sic
2109 3273 2419 3330 inventurus
2444 3287 2546 3345 est,
2575 3288 2629 3334 et
2652 3295 2745 3336 eos
2783 3283 2871 3351 qui
2913 3284 3186 3340 christiani
3218 3291 3587 3358 appellantur?

2008 3362 2130 3418 Ideo
2162 3383 2255 3433 per
2291 3376 2367 3421 tot
2398 3384 2566 3424 annos
2594 3371 2886 3428 aediﬁcatur
2910 3390 3054 3441 arca,
3102 3388 3160 3431 ut
3204 3381 3454 3449 evigilcnt
3496 3387 3586 3456 qui

2004 3469 2110 3509 non
2141 3456 2366 3512 credunt
2394 3456 2558 3531 (Gen.
2586 3477 2636 3515 vn
2658 3465 2694 3532 ).
2729 3462 2832 3517 Per
2855 3475 3070 3527 centum
3111 3483 3280 3526 annos
3311 3472 3394 3526 illa
3423 3476 3588 3532 aedili-

2002 3553 2118 3600 cata
2147 3555 2249 3611 est,
2277 3558 2462 3604 etnon
2490 3553 2872 3622 evigilaverunt
2912 3565 2970 3611 ut
3007 3558 3260 3627 dicerent,
3311 3563 3426 3621 Non
3471 3568 3588 3624 sine

2001 3651 2160 3690 causa
2193 3637 2352 3695 homo
2396 3639 2487 3694 Dei
2541 3657 2720 3697 arcam
2768 3644 3017 3712 a-diticat,
3047 3649 3146 3704 nisi
3190 3653 3311 3722 quia
3343 3654 3584 3712 imminet

2002 3728 2218 3782 exitium
2250 3731 2433 3800 generi
2461 3729 2727 3800 humano;
2760 3745 2813 3790 et
2843 3738 3114 3807 placarent
3139 3741 3268 3798 iram
3312 3744 3428 3812 Dei,
3458 3762 3580 3802 con-

1999 3823 2141 3876 versi
2173 3822 2239 3876 ad
2265 3839 2442 3880 mores
2469 3826 2559 3898 qui
2584 3828 2795 3897 placent
2835 3831 2947 3887 Deo
2973 3875 2989 3900 ,
3034 3838 3303 3906 quomodo
3345 3839 3587 3898 fecerunt

1998 3910 2264 3967 Ninivitze.

2069 4003 2293 4059 CAPUT
2336 4004 2478 4061 XXI.
2505 4037 2579 4049 —
2604 4007 2866 4066 Fecerunt
2893 4013 3033 4068 enim
3063 4015 3289 4072 fructum
3323 4023 3584 4088 pmniten-

1998 4095 2104 4158 tiae,
2135 4104 2187 4148 et
2213 4097 2629 4164 propitiaverunt
2659 4099 2789 4154 iram
2825 4102 2936 4157 Dei.

2069 4184 2158 4238 20.
2202 4184 2391 4240 Ninive
2412 4187 2566 4257 juxta
2597 4191 2912 4264 prophetiam
2942 4210 3130 4261 eversa,
3161 4197 3252 4252 sed
3290 4215 3380 4270 per
3415 4205 3579 4271 panti-

1998 4277 2222 4329 tentiam.
2252 4278 2600 4334 Anuuntiavit
2623 4281 2806 4348 Jonas,
2837 4301 2940 4339 non
2978 4287 3397 4347 misericordiam
3425 4335 3439 4358 ,
3483 4298 3579 4352 sed

1996 4364 2128 4421 iram
2172 4367 2441 4424 futuram:
2483 4387 2586 4426 non
2629 4375 2771 4430 enim
2803 4375 2970 4443 dixit,
3016 4378 3254 4446 Triduo,
3296 4390 3353 4437 et
3392 4385 3580 4444 Nittive

1993 4469 2294 4527 evertetur;
2323 4464 2366 4516 si
2394 4472 2570 4519 autem
2601 4467 2964 4535 pmnitentiam
2993 4470 3044 4524 in
3070 4472 3174 4527 isto
3201 4475 3377 4531 triduo
3401 4479 3577 4548 egeri-

1995 4553 2092 4617 tis,
2143 4565 2324 4623 parcet
2365 4557 2514 4611 vobis
2543 4557 2717 4614 Deus:
2751 4575 2858 4615 non
2887 4561 3019 4616 dixit
3043 4563 3183 4619 .hoc.
3233 4567 3576 4625 Eversionem

1993 4644 2160 4696 Solam
2192 4646 2422 4700 minatus
2449 4657 2551 4711 est,
2578 4657 2631 4702 et
2659 4653 3032 4718 praenuntiavit
3058 4671 3072 4707 :
3105 4666 3156 4709 et
3186 4665 3360 4712 tamen
3397 4659 3472 4714 illi
3509 4661 3577 4714 de

1993 4733 2086 4788 Dei
2119 4736 2480 4791 misericordia
2505 4755 2608 4791 non
2630 4739 2998 4811 desperantes,
3021 4757 3401 4804 converterunt
3428 4767 3488 4805 se
3507 4752 3574 4806 ad

1992 4826 2353 4894 pmnitendum
2373 4843 2397 4896 ;.
2417 4839 2470 4882 et
2495 4831 2732 4898 pepercit
2759 4832 2897 4887 Deus
2934 4834 3124 4904 (Jama
3149 4853 3204 4892 ιιι
3231 4839 3271 4909 ).
3311 4839 3418 4913 sed
3446 4844 3574 4913 quid

1988 4918 2261 4974 dicemus?
2289 4920 2410 4989 quia
2448 4921 2714 4991 Propheta
2746 4927 3000 4982 mentitus
3027 4929 3144 4984 est?
3189 4931 3244 4986 Si
3287 4911 3574 4992 carnaliter

1989 5011 2274 5081 intelligas,
2302 5011 2493 5066 falsum
2521 5013 2729 5070 videtur
2764 5016 2964 5074 dixisse
2989 5037 3003 5074 :
3046 5021 3090 5074 si
3120 5025 3464 5091 spiritualiter
3493 5028 3571 5080 in—

1991 5102 2215 5170 telligas,
2244 5102 2440 5158 factum
2466 5113 2550 5158 est
2585 5105 2726 5175 quod
2758 5105 2890 5161 dixit
2924 5107 3205 5179 Propheta.
3250 5113 3448 5168 Eversa
3487 5127 3573 5170 est

1985 5194 2127 5247 enim
2154 5193 2362 5248 Ninive.
2393 5194 2626 5250 Attende
2654 5197 2780 5265 quid
2814 5207 2930 5252 erat
2953 5199 3160 5265 Ninive,
3198 5210 3252 5255 et
3289 5203 3408 5259 vide
3445 5209 3568 5276 quia

1985 5299 2171 5339 eversa
2196 5294 2297 5338 est.
2325 5285 2460 5352 Quid
2489 5296 2603 5346 erat
2631 5286 2851 5341 Ninive?
2892 5287 3280 5347 Manducabant
3315 5303 3371 5350 et
3417 5295 3569 5354 bibe-

1986 5377 2142 5442 bant,
2175 5377 2448 5442 emebant,
2476 5377 2792 5444 vendebant,
2838 5380 3177 5450 plantabant,
3212 5384 3569 5455 aediﬁcabam,

2053 5583 2067 5614 ι
2089 5581 2204 5630 Editi
2229 5581 2427 5648 addunt,
2449 5581 2740 5648 inmanibus
2762 5583 2960 5648 t'esttjis;
2983 5585 3110 5648 quod
3132 5587 3272 5640 abest
3291 5602 3318 5639 a
3344 5597 3448 5645 Mss.
3474 5611 3568 5645 non

1985 5641 2063 5708 hic
2086 5651 2288 5701 tantum,
2315 5645 2401 5692 sed
2424 5645 2608 5706 ubique.
2633 5645 2736 5693 fere
2760 5645 2885 5706 apud
2903 5641 3235 5708 augustinuin.
3261 5641 3571 5704 tisdeinver;

1985 5705 2251 5776 liis-carent
2285 5711 2391 5778 atss.
2418 5705 2582 5778 graeci,
2609 5705 2808 5778 neeea
2851 5705 3055 5760 exhibet
3083 5719 3242 5761 nostra
3299 5713 3498 5778 \ulgata
3521 5723 3571 5768 in

1986 5768 2196 5827 antiquis
2216 5768 2585 5816 Corbeicnsilms
2609 5767 2781 5818 bibliis.

2668 5859 3254 5940 (Fii‘rgttante-une.)
