3996 6192
424 371 549 428 ιθη

421 484 667 558 perjuriis
693 481 972 544 vacabant,
1000 475 1308 538 mendaciis,
1339 469 1713 532 ebrietatibus,
1747 464 1998 521 facinori-

422 554 540 641 ltus,
572 572 1003 644 corruptionibus
1027 587 1039 622 :
1070 569 1185 622 lucc
1210 573 1324 619 erat
1349 563 1554 617 Ninive.
1589 557 1818 614 Attende
1843 554 2004 612 modo

421 667 611 724 Ninive
641 683 653 719 :
685 667 959 736 plangunt,
991 660 1197 723 dolent,
1225 656 1624 717 contristantur,
1668 653 1719 705 in
1750 650 1923 705 cilicio
1952 655 2006 701 et

420 763 638 820 cinere,
692 757 743 810 in
789 752 1003 823 jejuniis
1041 758 1097 805 et
1133 746 1481 803 orationibus.
1532 743 1633 799 Ubi
1668 751 1748 797 est
1787 741 1872 794 illa
1915 737 2006 792 Ni-

424 849 586 905 nive?
613 847 816 914 Nempe
846 856 1030 897 eversa
1062 847 1162 903 est,
1195 838 1315 908 quia
1356 851 1462 890 non
1489 835 1541 888 in
1583 834 1686 888 illis
1715 829 2006 901 superiori-

423 942 521 997 bus
553 938 758 994 actibus
788 935 1071 990 constituta
1101 941 1204 986 est.

495 1026 719 1087 CAPUT
758 1025 925 1082 XXll.
957 1055 1029 1064 —
1052 1024 1140 1078 ει.
1189 1020 1594 1092 Reprehensioue
1635 1018 1888 1088 digniores
1925 1013 2010 1085 qui

426 1143 559 1182 nunc
607 1125 805 1182 Christo
845 1125 1126 1193 a‘di/icante
1171 1119 1450 1175 Ecclesium
1490 1135 1589 1172 non
1632 1123 2007 1178 convertuntur,

428 1236 577 1288 quam
604 1220 688 1288 qui
719 1219 841 1272 olint
870 1215 983 1269 Noe
1009 1214 1291 1282 aediﬁcante
1314 1227 1504 1266 arcam.
1533 1210 1692 1278 Ergo,
1723 1206 1931 1268 fratres,
1959 1212 2013 1258 et

431 1311 594 1366 modo
621 1309 912 1363 :cdiiicatur
935 1323 1076 1370 area,
1101 1313 1152 1358 et
1178 1305 1250 1358 illi
1278 1312 1488 1358 centum
1502 1301 1628 1355 anni
1651 1309 1887 1369 tempora
1914 1297 2012 1351 ista

432 1411 552 1458 sunt
582 1419 596 1456 :
629 1410 773 1454 totus
803 1400 903 1453 iste
945 1407 1144 1452 tractus
1185 1395 1436 1464 temporis
1481 1395 1570 1447 illo
1614 1406 1872 1446 annorum
1919 1405 2015 1443 nu-

436 1507 586 1546 mero
613 1491 938 1561 significatus
967 1496 1066 1542 cst.
1111 1485 1165 1540 Si
1204 1500 1332 1556 ergo
1368 1482 1524 1554 digne
1569 1481 1880 1553 perierunt,
1925 1479 2014 1549 qui

433 1583 546 1639 Noe
589 1581 885 1636 mdiﬁcaute
924 1593 1106 1632 arcam
1155 1576 1654 1638 dissimulaverunt;
1704 1570 1828 1642 quid
1874 1569 2016 1639 digni

429 1685 578 1736 sunt,
607 1673 696 1742 qui
721 1672 936 1726 Christo
963 1668 1256 1724 aedificante
1290 1665 1583 1721 Ecclesium
1611 1679 1640 1718 a
1667 1663 1836 1716 salute
1859 1661 2016 1715 dissi-

439 1763 674 1818 mulant?
715 1763 945 1816 Tantum
1001 1761 1222 1814 interest
1270 1759 1407 1812 inter
1448 1755 1560 1811 Noe
1609 1763 1663 1810 et
1706 1753 1974 1808 Christum
2001 1792 2016 1816 ,

436 1869 697 1928 Quantum
727 1857 865 1910 inter
887 1871 1096 1908 servum
1125 1860 1179 1908 et
1208 1851 1520 1914 Dominum;
1553 1850 1658 1902 imo
1685 1861 1831 1910 vero,
1855 1860 2022 1914 quau-

435 1959 546 2004 tum
593 1949 730 2003 inter
769 1948 934 2001 Deum
976 1954 1031 2000 et
1071 1945 1360 1999 hominem.
1406 1941 1536 1996 Nam
1600 1954 1785 1994 servus
1827 1946 1881 1992 et
1921 1936 2021 1991 do-

439 2040 614 2094 min‘us
643 2046 866 2109 possunt
904 2047 958 2092 et
995 2036 1102 2091 duo
1141 2037 1384 2090 homines
1409 2033 1531 2088 dici.
1572 2033 1636 2087 Et
1678 2042 1855 2086 tamen
1899 2029 2020 2099 quia

440 2132 659 2186 homine
710 2130 1003 2185 aediﬁcante
1057 2143 1233 2183 arcam
1285 2142 1392 2180 non
1450 2123 1787 2180 crediderunt
1851 2120 2020 2176 benti-

441 2239 560 2290 nes,
587 2223 766 2276 datum
809 2221 988 2275 estde
1023 2220 1126 2273 illis
1170 2217 1464 2272 cavendum
1505 2213 1804 2282 exemplum
1848 2219 2026 2281 poste-

439 2315 532 2369 ris.
569 2312 814 2368 Christus
850 2313 987 2366 Deus
1017 2319 1233 2379 propter
1261 2324 1357 2363 nos
1389 2307 1547 2360 homo
1575 2304 1806 2359 aediﬁcat
1844 2303 2028 2358 Eccle-

441 2406 607 2468 siatn;
642 2404 716 2457 illi
746 2401 1312 2476 arerctnndameutum
1343 2413 1400 2452 se
1445 2398 1614 2467 ipsum
1644 2395 1819 2466 posuit
1849 2414 1862 2450 :
1899 2409 2029 2464 quo-

443 2496 572 2550 tidie
607 2492 1140 2565 ligna'impntribilia,
1175 2490 1356 2544 fideles
1388 2489 1635 2543 homines
1665 2485 2030 2540 renuntiantes

443 2587 567 2639 huic
605 2583 836 2647 smeulo,
891 2582 1092 2636 intrant
1127 2581 1177 2634 iu
1215 2595 1353 2634 arcae
1391 2579 1788 2647 compagincm;
1838 2585 1894 2630 et
1937 2573 2032 2628 ad-

445 2674 552 2730 ltuc
608 2674 837 2739 dicitur,
904 2670 1271 2727 Manducemus
1324 2675 1370 2723 et
1421 2668 1684 2732 bibamus;
1741 2683 1854 2720 cras
1901 2665 2032 2719 enim

447 2761 739 2820 morimur?
779 2763 890 2819 Vos
929 2777 1077 2833 ergo,
1118 2772 1176 2815 ut
1223 2761 1372 2824 dixi,
1420 2759 1634 2825 fratres,
1685 2767 1868 2814 contra
1916 2758 2035 2812 illos

445 2856 643 2922 dicite,
683 2853 995 2925 Jejun‘emos
1033 2862 1088 2906 et
1126 2865 1378 2914 oremus;
1421 2865 1539 2904 cras
1569 2849 1711 2905 enim
1748 2849 2030 2902 morimur.

451 2949 532 3004 Illi
561 2947 702 3002 enim
727 2945 944 3012 dicunt,
981 2941 1347 2996 Manducemus
1385 2951 1429 2994 et
1471 2940 1730 3005 bibamus;
1760 2955 1874 2993 cras
1904 2939 2034 2991 enim

451 3040 714 3103 morimur,
740 3037 831 3107 qui
855 3035 1299 3090 resurrectionem
1327 3049 1431 3086 neu
1455 3040 1671 3101 sperant
1699 3049 1714 3086 :
1740 3047 1837 3085 nos
1858 3039 2038 3084 autem

452 3131 539 3202 qui
571 3129 681 3200 jam
712 3125 1158 3182 resurrectionem
1185 3131 1242 3180 et
1264 3123 1604 3194 loquentibus
1637 3122 1918 3192 Prophctis
1939 3163 1953 3190 ,
1987 3130 2042 3176 et

455 3223 777 3292 praedicante
809 3217 1024 3274 Christo
1059 3227 1117 3272 et
1157 3217 1424 3287 Apostolis
1454 3215 1724 3271 credimus
1750 3223 1803 3269 ct
1829 3231 2042 3269 annun-

455 3315 668 3392 tiamus,
686 3313 772 3382 qui
795 3325 1074 3380 Speramus
1093 3323 1190 3363 nos
1211 3319 1330 3378 post
1352 3308 1508 3362 istam
1531 3317 1759 3363 mortem
1780 3308 2040 3372 victuros,

458 3420 564 3462 non
601 3404 942 3468 deﬁciamus,
972 3417 1073 3457 nec
1096 3400 1259 3456 corda
1292 3409 1475 3454 nostra
1512 3415 1800 3455 oneremus
1829 3399 2044 3468 crapula

459 3507 515 3551 ct
551 3494 927 3560 ebrietatibus;
978 3492 1073 3548 sed
1119 3492 1328 3548 solliciti
1374 3500 1777 3560 exspectantes,
1823 3490 2044 3546 accincti

461 3588 660 3646 lumbis
689 3597 741 3642 et
768 3585 1002 3641 lucernis
1029 3583 1360 3649 ardentibus,
1396 3583 1682 3637 adventum
1715 3583 1916 3636 Domini
1947 3597 2043 3636 uo-

463 3682 583 3748 stri,
607 3679 908 3750 jrjunemus
929 3685 981 3731 et
1008 3689 1221 3730 oremus
1245 3716 1257 3737 ,
1285 3688 1388 3728 non
1419 3673 1538 3727 ideo
1563 3674 1685 3742 quia
1706 3687 1825 3727 cras
1851 3673 2046 3726 morie-

465 3788 607 3839 mur,
639 3771 732 3826 sed
759 3781 814 3824 ut
840 3767 1015 3824 securi
1052 3766 1362 3820 moriamur.
1387 3763 1539 3830 Quod
1565 3773 1732 3819 restat
1757 3779 1882 3834 ergo
1903 3807 1916 3832 ,
1947 3764 2050 3817 t‘ra-

465 3874 597 3931 tres,
622 3863 676 3918 in
707 3861 921 3916 nomine
952 3857 1160 3913 Domini
1187 3857 1290 3924 alio
1319 3865 1559 3926 tempore
1586 3871 1614 3909 a
1647 3855 1802 3910 nobis
1833 3855 2048 3925 exigite.

463 3954 722 4011 Conversi
754 3951 818 4006 ad
843 3950 1127 4006 Dominum
1149 3989 1164 4016 ,
1196 3956 1302 4002 etc.

893 4106 1122 4162 SEBMO
1160 4103 1425 4160 cccsxn
1466 4106 1485 4126 ο
1527 4101 1625 4174 (α).

779 4243 852 4296 De
881 4239 1266 4295 Resnrrectione
1298 4248 1608 4292 mortuorum
1631 4280 1645 4302 ,
1686 4253 1741 4292 ιι.

538 4376 767 4437 CAPUT
796 4371 1078 4429 PRIMUM.
1103 4400 1174 4412 -—
1197 4371 1249 4424 l.
1282 4368 1569 4422 Dicendum
1597 4368 1764 4441 qualis
1791 4369 1964 4438 futura
1991 4372 2057 4423 sit

463 4478 721 4539 iustorum
739 4465 1054 4523 resurrectio.
1085 4463 1140 4518 ln
1167 4462 1424 4516 memoria
1471 4461 1764 4516 retinentes
1791 4461 2057 4530 pollicita-

473 4567 672 4621 tionem
725 4566 992 4622 nostram,
1040 4567 1303 4623 congruas
1345 4550 1506 4605 etiam
1551 4565 1616 4604 ex
1673 4551 1959 4620 EVungelio
2008 4561 2063 4607 et

472 4651 733 4726 Apostolo
754 4647 978 4704 fecimus
1011 4644 1225 4700 recitari
1251 4641 1530 4698 lectiones.
1556 4641 1890 4712 Quicumque
1918 4645 2060 4698 enim

474 4754 709 4801 vestrum
751 4739 1020 4812 praeterito
1064 4735 1299 4792 sermoni
1342 4733 1669 4798 adfuerunt,
1712 4735 2064 4790 recordantur

474 4838 752 4896 nobiscum
777 4832 1102 4904 propositam
1127 4829 1196 4885 de
1219 4827 1612 4884 resurrectione
1637 4826 1984 4896 quzestimem
2013 4829 2064 4883 in

473 4929 744 5001 geminam
769 4924 1181 4995 disputationem
1207 4935 1237 4974 a
1266 4921 1422 4976 nobis
1451 4920 1786 4974 distributum
1812 4935 1827 4974 :
1860 4929 1917 4972 ut
1953 4921 2064 4990 pri-

477 5036 566 5078 mo
595 5019 1005 5077 dissereremus,
1029 5020 1250 5083 propter
1276 5025 1370 5066 eos
1389 5011 1480 5080 qui
1509 5010 1774 5080 dubitant,
1793 5011 1881 5066 vel
1905 5013 2065 5065 etiam

477 5112 568 5184 qui
595 5117 813 5181 negant,
847 5115 1023 5162 utrum
1051 5105 1228 5158 futura
1255 5103 1323 5156 sit
1352 5102 1676 5157 resurrectio
1704 5112 2068 5167 mortuorum;

481 5213 670 5276 postea
689 5215 838 5264 vero,
859 5205 1113 5270 quantum
1143 5209 1440 5266 possumus,
1461 5193 1752 5248 secundum
1769 5193 2070 5263 Scripturas

479 5305 883 5366 quaereremus,
912 5289 1088 5360 qualis
1114 5289 1168 5343 in
1207 5287 1599 5342 resurrectione
1645 5287 1818 5340 futura
1858 5286 1927 5340 sit
1963 5287 2070 5340 vita

479 5389 770 5456 iustorum.
802 5380 858 5436 ln
889 5382 1057 5450 prium
1089 5394 1220 5450 ergo
1246 5388 1398 5449 parte
1434 5378 1524 5434 ubi
1561 5378 1903 5432 tractavimus
1930 5377 2072 5448 quod

485 5483 767 5545 resurgant
786 5471 1000 5535 mortui,
1031 5479 1138 5523 tam
1167 5469 1257 5524 diu
1285 5482 1468 5523 sumus
1498 5467 1784 5535 immorati,
1815 5469 1951 5524 sicut
1970 5484 2075 5524 me-

488 5567 708 5620 minisse
751 5561 1042 5634 dignamiui
1064 5600 1076 5622 ,
1101 5567 1160 5614 ut
1185 5556 1433 5613 secundae
1474 5558 1757 5628 questioni
1785 5560 2074 5616 tractanda:

552 5723 568 5740 ⁶
606 5717 972 5768 Eruendatussd
991 5716 1042 5767 d.
1063 5728 1106 5765 π.
1131 5723 1166 5764 t.
1184 5727 1234 5763 τ.
1257 5715 1383 5766 etad
1405 5719 1514 5765 ως.

554 5782 630 5843 (α)
664 5778 784 5830 altas
821 5777 884 5828 de
904 5779 1112 5829 Diversis
1130 5776 1234 5826 tit.

1639 353 1694 407 S.
1738 342 2100 405 AUGUSTINI
2143 342 2448 398 EPISCOPl

3567 339 3704 394 ltili

2114 469 2322 528 tempus
2351 456 2624 524 deﬁceret,
2644 465 2802 526 atque
2835 457 2905 511 ita
2927 470 3042 510 eam
3070 455 3122 510 in
3149 453 3292 510 hunc
3321 452 3460 508 diem
3488 451 3705 508 ditlcrre

2112 564 2446 620 cogeremur.
2493 547 2606 602 lloc
2629 561 2756 616 ergo
2781 561 2810 598 a
2839 546 2991 600 nobis
3028 545 3263 600 debitum
3311 551 3490 598 vestra
3537 547 3707 622 poscit

2115 639 2358 704 intentio,
2383 646 2439 693 et
2469 652 2566 691 nos
2593 637 2851 692 reddendi
2876 644 3086 706 tempus
3114 634 3472 706 agnoscimus.

2187 731 2414 786 CAPUT
2465 728 2851 784 lL—Pariter
2889 742 3016 798 ergo
3059 727 3144 796 pia
3185 725 3368 781 cordis
3411 725 3707 781 intentione

2117 823 2398 878 hominum
2427 821 2795 890 deprecemur,
2829 830 2886 873 ut
2917 827 2970 873 et
2995 833 3092 872 nos
3115 825 3412 886 opportune
3437 815 3706 871 solvamus

2119 918 2383 981 debitum,
2415 927 2469 972 et
2492 931 2586 970 vos
2613 915 2898 970 salubriter
2923 915 3207 983 recipiatis.
3235 914 3330 968 Est
3371 915 3512 967 enim
3552 911 3666 968 hmo
3688 954 3704 976 ,

2119 1010 2259 1082 quod
2286 1009 2554 1065 latendum
2579 1018 2681 1075 est,
2697 1007 2870 1077 major
2889 1005 3112 1077 quaestio
3136 1023 3148 1059 :
3173 1005 3266 1059 sed
3291 1004 3539 1060 omnibus
3560 1019 3708 1074 qua»

2119 1101 2382 1156 stionibus
2414 1098 2718 1154 difﬁcilibus
2755 1099 2942 1152 fortior
2981 1106 3066 1152 est
3106 1097 3367 1159 Charitas,
3394 1097 3476 1150 cui
3517 1110 3708 1150 omnes

2119 1192 2319 1247 servire
2345 1190 2630 1256 debemus,
2676 1198 2734 1243 ut
2765 1189 2902 1244 Deus
2929 1189 3015 1257 qui
3049 1189 3152 1242 hoc
3196 1187 3452 1258 prmcepit
3473 1228 3487 1253 ,
3517 1200 3709 1241 omnes

2120 1293 2330 1338 nostras
2364 1281 2708 1338 difﬁcultates
2748 1281 2802 1336 in
2843 1279 3148 1336 facilitatem
3184 1280 3541 1350 gaudiumque
3578 1294 3706 1335 con-

2122 1385 2308 1432 vertat.

2191 1468 2246 1522 2.
2281 1466 2426 1521 Idem
2468 1475 2712 1520 tractatur
2755 1475 3118 1535 argumentum.
3168 1465 3479 1519 Meministis
3521 1481 3640 1520 esse
3677 1480 3709 1518 ιι

2125 1561 2280 1616 nobis
2312 1560 2404 1613 illo
2430 1559 2514 1613 die
2539 1574 2856 1629 restionsum
2889 1557 3202 1627 quibusdam
3224 1557 3541 1622 dicentibus,
3571 1558 3708 1611 sicut

2125 1649 2412 1719 Apostolus
2441 1663 2536 1703 eos
2579 1649 2781 1715 arguit,
2825 1647 3190 1701 Matttlttcemm
3227 1657 3270 1701 et
3301 1647 3564 1711 biban'ms;
3595 1663 3710 1700 cras

2125 1745 2256 1798 enim
2292 1743 2570 1796 morimur:
2599 1741 2929 1810 subjungeus
2952 1749 3006 1794 et
3033 1739 3237 1804 dicens,
3261 1738 3601 1809 Corrumpunt
3624 1739 3713 1791 bo-

2126 1854 2218 1892 nos
2241 1853 2401 1890 mores
2419 1835 2670 1904 colloquia
2693 1833 2869 1899 mala;
2894 1842 3052 1903 atque
3082 1833 3153 1887 ita
3175 1833 3516 1899 concludens,
3543 1833 3714 1888 Sobrii

2128 1936 2311 1993 estote,
2332 1928 2460 1999 justi
2479 1969 2494 1994 ,
2543 1936 2586 1981 et
2615 1925 2768 1979 nolite
2799 1941 3004 1994 peccare
3023 1940 3042 1978 :
3068 1924 3403 1995 ignorantiam
3443 1925 3575 1977 enim
3615 1921 3714 1975 Dei

2129 2021 2335 2092 quidam
2352 2021 2568 2083 habent;
2597 2020 2664 2072 ad
2691 2019 3016 2074 reverentiam
3042 2019 3177 2072 vobis
3202 2018 3380 2087 loquor
3405 2017 3446 2085 (l
3469 2016 3586 2070 Cor.
3616 2032 3709 2077 xv,

2128 2113 2330 2185 δι’-54).
2363 2113 2487 2168 Haec
2515 2113 2676 2167 verba
2718 2112 3008 2182 apostolica
3047 2125 3236 2166 omnes
3272 2109 3632 2174 audierimus,
3664 2118 3720 2163 ct

2130 2207 2273 2262 cordi
2317 2205 2782 2260 mandaverimus:
2815 2212 2870 2259 et
2905 2203 3146 2274 quisquis
3184 2201 3443 2266 audierit,
3486 2209 3540 2255 et
3567 2198 3719 2255 cordi

2133 2298 2482 2364 mandaverit,
2512 2308 2674 2367 opera
2699 2295 2956 2349 indicent.
2978 2293 3078 2361 Qui
3103 2291 3248 2346 audit
3269 2291 3432 2356 enim,
3465 2300 3722 2358 tanquam

2133 2406 2260 2460 ager
2284 2399 2364 2444 est
2384 2404 2565 2444 semen
2589 2387 2861 2457 excipiens
2883 2385 3230 2441 seminantis:
3259 2384 3347 2455 qui
3371 2393 3545 2438 autem
3572 2383 3722 2437 cordi

2136 2479 2349 2534 mandat
2374 2519 2389 2544 ,
2418 2478 2609 2534 similis
2633 2487 2714 2532 est
2746 2476 2956 2548 glebam
2982 2475 3242 2546 frangen‘t-i
3265 2515 3280 2540 ,
3309 2482 3364 2528 et
3391 2473 3530 2543 quod
3557 2473 3720 2527 semi-

2135 2579 2316 2626 natum
2356 2578 2442 2625 est
2480 2568 2742 2639 aperienti
2769 2585 2785 2621 :
2814 2567 2905 2636 qui
2951 2573 3127 2620 autem
3171 2563 3554 2620 secundumid
3580 2563 3724 2633 quod

2135 2663 2334 2730 audivit
2361 2671 2415 2716 et
2440 2661 2591 2718 cordi
2616 2659 2886 2714 mandavit
2908 2667 3183 2730 Operatur,
3202 2657 3320 2728 ipse
3341 2657 3530 2726 estqui
3558 2657 3725 2725 surgit

2138 2757 2191 2812 in
2221 2770 2484 2820 messem,
2528 2762 2581 2807 ct
2612 2753 2837 2807 fructum
2868 2751 3020 2804 allert
3065 2765 3184 2804 cum
3224 2749 3502 2805 tolerantia
3523 2788 3538 2813 ,
3581 2747 3724 2802 aliud

2140 2848 2429 2912 tricenum,
2461 2843 2604 2900 aliud
2639 2858 2964 2913 sexagenum
2983 2883 2998 2907 ,
3025 2841 3171 2896 aliud
3197 2849 3484 2896 centenum
3513 2837 3727 2914 (Matth.

2142 2955 2262 3007 xm,
2285 2938 2376 3004 25,
2407 2946 2453 2992 et
2481 2935 2613 2990 Luc.
2641 2952 2758 2999 vnt.
2787 2935 2897 3005 15).
2926 2935 3058 2989 Huic
3085 2949 3190 2988 non
3218 2935 3355 3004 ignis
3376 2933 3519 2988 velut
3539 2933 3725 3003 paleae,

2141 3032 2236 3089 sed
2277 3033 2465 3086 horrea
2495 3032 2636 3085 sicut
2662 3028 2929 3084 frumento
2953 3037 3337 3098 prmpttratttttr.

2213 3123 2438 3181 CAPUT
2472 3122 2560 3179 lll.
2586 3153 2657 3163 —
2683 3120 2740 3176 in
2769 3121 2898 3191 ipsis
2927 3135 3055 3190 ergo
3081 3119 3274 3172 abditis
3295 3118 3522 3180 horreis,
3557 3117 3608 3172 in
3638 3129 3728 3172 re-

2145 3215 2477 3273 surrectione
2519 3221 2850 3268 mortuorum
2891 3209 3166 3266 beatitudo
3211 3218 3292 3264 est
3336 3209 3421 3262 illa
3470 3216 3730 3277 perpetua

2147 3310 2306 3364 etiam
2357 3308 2471 3379 ipsa
2514 3313 2719 3361 secreta
2763 3305 3064 3374 iustorum,
3113 3315 3220 3372 quo
3259 3315 3351 3356 eos
3399 3297 3731 3369 recipiendos

2148 3401 2420 3471 Scriptura
2444 3396 2805 3454 commendat.
3205 3411 3212 3418 ’

2219 3496 2274 3550 5.
2315 3492 2654 3547 Vasculorum
2680 3489 2882 3544 nomine
2909 3489 3162 3542 beatorum
3190 3493 3391 3538 secretae
3413 3482 3554 3538 sedes
3577 3481 3739 3553 signi-

2153 3587 2340 3656 ﬁcatur.
2367 3583 2730 3639 Absconditum
2769 3580 2937 3634 mutus
2979 3577 3096 3632 Dei.
3142 3577 3401 3631 Vasorum
3449 3573 3608 3628 etiam
3639 3585 3736 3626 no-

2152 3679 2298 3734 mine
2340 3677 2446 3731 alio
2489 3677 2608 3731 loco
2657 3669 3124 3735 commemoravit,
3179 3665 3390 3738 quando
3441 3665 3515 3718 ait
3559 3663 3738 3718 Domi-

2153 3782 2255 3824 nus
2296 3767 2454 3822 Jesus
2497 3765 2767 3828 Christus,
2825 3762 3000 3816 simile
3041 3774 3162 3815 esse
3207 3771 3427 3827 regnum
3479 3754 3738 3810 emtorem

2155 3873 2397 3930 sugente,
2444 3854 2494 3910 id
2543 3861 2658 3920 est,
2706 3851 2943 3912 retibus;
2992 3850 3124 3904 retia
3173 3849 3316 3902 enim
3362 3845 3604 3916 qumdam
3647 3858 3740 3898 sa-

2155 3966 2288 4022 gcna
2335 3946 2686 4020 appellantur.
2741 3943 2920 3998 Simile
2953 3956 3081 4010 ergo
3121 3947 3224 4006 est,
3279 3939 3480 4007 inquit,
3529 3951 3745 4006 regnum

2157 4043 2397 4097 (telorum
2452 4051 2654 4107 sugente
2705 4035 2870 4088 missa:
2923 4033 2976 4086 in
3028 4045 3196 4094 mare,
3257 4038 3304 4082 et
3355 4045 3417 4082 ex
3468 4028 3604 4081 omni
3653 4043 3743 4098 ge-

2161 4149 2277 4188 nere
2302 4128 2627 4201 congreganti
2651 4142 2668 4180 :
2695 4141 2805 4197 qua:
2829 4139 2944 4176 cum
2971 4122 3174 4190 impleta
3197 4127 3343 4184 esset,
3374 4117 3638 4171 educent‘es
3655 4159 3670 4182 ,
3700 4126 3750 4171 et

2161 4241 2301 4280 secus
2330 4224 2470 4278 littus
2497 4220 2742 4284 sedentes,
2774 4216 3024 4287 elegerunt
3049 4213 3203 4267 bonos
3229 4213 3280 4264 in
3309 4227 3452 4276 uasa,
3475 4209 3637 4262 malos
3665 4225 3750 4261 an.

2163 4327 2260 4372 tem
2286 4320 2426 4388 foras
2455 4315 2695 4366 miserunt
2725 4306 2949 4380 (Matth.
2977 4321 3067 4359 xm
3087 4345 3106 4370 ,
3133 4304 3198 4358 47
3220 4311 3264 4357 ct
3297 4302 3408 4371 48).
3436 4299 3752 4369 Signitieare

2165 4409 2330 4464 voluit
2359 4406 2615 4462 Dominus
2647 4411 2826 4456 noster
2851 4398 3010 4453 modo
3039 4399 3116 4450 sic
3143 4395 3277 4450 mitti
3305 4394 3524 4448 verbum
3549 4391 3641 4447 Dei
3668 4406 3752 4445 su-

2169 4517 2261 4570 per
2292 4498 2515 4568 populos
2536 4503 2590 4548 et
2607 4508 2766 4561 super
2790 4499 3000 4560 gentes,
3023 4485 3290 4556 quomodo
3309 4499 3501 4554 sagena
3530 4483 3580 4536 in
3607 4497 3755 4535 mare

2163 4593 2377 4664 jaeitur.
2416 4584 2626 4654 Colligit
2659 4591 2836 4636 autem
2866 4577 3027 4633 modo
3056 4575 3402 4632 sacramentis
3444 4571 3754 4628 cbristianis

2169 4694 2224 4740 et
2251 4686 2422 4739 bonos
2447 4688 2502 4735 et
2527 4677 2693 4733 malos
2717 4693 2729 4727 :
2763 4672 2857 4728 sed
2879 4688 2981 4727 non
3005 4685 3193 4724 omnes
3215 4685 3346 4739 quos
3369 4682 3561 4738 sagena
3592 4665 3753 4730 tollit,

2171 4779 2331 4832 etiam
2373 4773 2603 4828 vasculis
2631 4767 3014 4824 reconduntur.
3044 4763 3268 4819 Vascula
3308 4762 3450 4817 enim
3480 4768 3604 4814 sunt
3633 4773 3759 4813 san-

2171 4877 2376 4922 ctorum
2404 4863 2586 4926 sedes,
2615 4870 2669 4915 et
2695 4859 2864 4913 beata:
2893 4857 3014 4910 vitm
3037 4869 3225 4922 magna
3247 4860 3448 4907 secreta
3471 4892 3484 4915 ,
3515 4864 3619 4930 quo
3650 4863 3756 4902 non

2174 4963 2422 5030 poterunt
2451 4967 2640 5008 omnes
2683 4947 2963 5019 pervenire
2993 4946 3310 5015 quicumque
3351 4939 3623 4995 christiani
3665 4953 3759 5008 ap-

2174 5049 2458 5119 pellantur,
2486 5041 2580 5096 sed
2603 5041 2690 5110 qui
2717 5039 2793 5092 sic
2819 5037 3173 5108 appellantur,
3195 5043 3249 5087 ut
3270 5033 3396 5087 sint.
3421 5030 3559 5085 Sane
3580 5039 3758 5083 autem

2174 5139 2297 5194 boni
2325 5146 2377 5193 ct
2405 5135 2528 5189 mali
2557 5133 2728 5203 pisces
2751 5132 2886 5185 intra
2928 5141 3177 5197 sagenam
3212 5133 3412 5188 natant,
3445 5133 3500 5178 et
3525 5123 3648 5176 boni
3677 5131 3758 5175 to-

2177 5229 2349 5284 lerant
2388 5226 2590 5288 malos,
2639 5221 2809 5275 donec
2839 5220 2890 5273 in
2933 5218 3037 5271 line
3064 5223 3396 5285 separentur.
3443 5213 3646 5268 Dictum
3680 5222 3763 5264 est

2178 5320 2337 5375 etiam
2364 5314 2591 5386 quodam
2620 5313 2761 5375 loco,
2788 5307 3073 5363 Abscondcs
3100 5323 3182 5360 eos
3203 5305 3254 5358 in
3283 5302 3574 5357 abscondito
3597 5300 3762 5355 ruitis:

2181 5411 2254 5466 tui
2298 5406 2482 5479 (Psat.
2529 5420 2673 5470 xxx,
2702 5399 2850 5472 2|):
2883 5397 3198 5468 loquebatur
3236 5395 3378 5450 enim
3428 5394 3497 5449 de
3542 5392 3757 5446 sanctis.

2182 5497 2470 5555 Abscondcs
2496 5511 2601 5558 eos,
2636 5493 2826 5563 inquit,
2854 5491 2906 5544 in
2933 5488 3221 5544 abscondito
3249 5487 3416 5541 uultus
3443 5485 3516 5538 tui
3538 5499 3563 5538 ε
3583 5482 3636 5538 id
3661 5491 3766 5545 est.

2182 5607 2289 5663 quo
2316 5605 2422 5644 non
2453 5593 2678 5658 possunt
2706 5583 2855 5653 sequi
2878 5581 3015 5636 oculi
3047 5579 3344 5640 hominum,
3374 5591 3544 5646 neque
3569 5574 3772 5644 cogita—

2185 5683 2360 5737 tiones
2396 5675 2728 5742 mortalium;
2757 5682 2962 5729 secreta
2999 5668 3238 5742 quaedam
3279 5666 3583 5738 signiﬁcans
3610 5663 3771 5719 nimis

2187 5767 2498 5829 abscondita
2565 5765 2722 5823 siluis
2766 5763 2971 5820 occulta
2993 5801 3011 5832 ,
3037 5761 3090 5817 in
3129 5759 3439 5818 abscondito
3469 5758 3643 5813 vultus
3675 5755 3773 5812 Dei
