  <div class='ocr_page' id='page_1' title='image "/cluster/home/n/w/nwhite01/storage/ocr_20150623/39/hvd.32044096580618/070.png"; bbox 0 0 4026 6186; ppageno 0'>
   <div class='ocr_carea' id='block_1_1' title="bbox 301 341 437 398">
    <p class='ocr_par' dir='ltr' id='par_1_1' title="bbox 301 341 437 398">
     <span class='ocr_line' id='line_1_1' title="bbox 301 341 437 398; baseline -0.015 -1"><span class='ocrx_word' id='word_1_1' title='bbox 301 341 437 398; x_wconf 70' lang='grc' dir='ltr'>ιδιδ</span> 
     </span>
    </p>
   </div>
   <div class='ocr_carea' id='block_1_2' title="bbox 295 447 1897 522">
    <p class='ocr_par' dir='ltr' id='par_1_2' title="bbox 295 447 1897 522">
     <span class='ocr_line' id='line_1_2' title="bbox 295 447 1897 522; baseline -0.004 -13"><span class='ocrx_word' id='word_1_2' title='bbox 295 455 452 510; x_wconf 76' lang='lat' dir='ltr'><strong>dixit.</strong></span> <span class='ocrx_word' id='word_1_3' title='bbox 505 451 778 522; x_wconf 78' lang='lat' dir='ltr'><strong>Numquid</strong></span> <span class='ocrx_word' id='word_1_4' title='bbox 829 450 1109 507; x_wconf 68' lang='lat' dir='ltr'><strong>carnaliter</strong></span> <span class='ocrx_word' id='word_1_5' title='bbox 1165 447 1508 522; x_wconf 82' lang='lat' dir='ltr'><strong>cogitandum</strong></span> <span class='ocrx_word' id='word_1_6' title='bbox 1561 459 1644 506; x_wconf 86' lang='lat' dir='ltr'><strong>est</strong></span> <span class='ocrx_word' id='word_1_7' title='bbox 1699 449 1897 504; x_wconf 86' lang='lat' dir='ltr'><strong>habere</strong></span> 
     </span>
    </p>
   </div>
   <div class='ocr_carea' id='block_1_3' title="bbox 301 539 1900 615">
    <p class='ocr_par' dir='ltr' id='par_1_3' title="bbox 301 539 1900 615">
     <span class='ocr_line' id='line_1_3' title="bbox 301 539 1900 615; baseline -0.003 -15"><span class='ocrx_word' id='word_1_8' title='bbox 301 550 471 600; x_wconf 79' lang='lat' dir='ltr'><strong>Deum</strong></span> <span class='ocrx_word' id='word_1_9' title='bbox 496 543 786 615; x_wconf 81' lang='lat' dir='ltr'><strong>quamdam</strong></span> <span class='ocrx_word' id='word_1_10' title='bbox 809 542 998 598; x_wconf 76' lang='lat' dir='ltr'><strong>faciem</strong></span> <span class='ocrx_word' id='word_1_11' title='bbox 1018 542 1297 613; x_wconf 80' lang='lat' dir='ltr'><strong>grandem,</strong></span> <span class='ocrx_word' id='word_1_12' title='bbox 1327 550 1382 596; x_wconf 92' lang='lat' dir='ltr'><strong>et</strong></span> <span class='ocrx_word' id='word_1_13' title='bbox 1405 541 1458 596; x_wconf 92' lang='lat' dir='ltr'><strong>in</strong></span> <span class='ocrx_word' id='word_1_14' title='bbox 1480 539 1612 596; x_wconf 74' lang='lat' dir='ltr'><strong>facie</strong></span> <span class='ocrx_word' id='word_1_15' title='bbox 1640 540 1754 610; x_wconf 86' lang='lat' dir='ltr'><strong>ejus</strong></span> <span class='ocrx_word' id='word_1_16' title='bbox 1779 555 1900 595; x_wconf 88' lang='lat' dir='ltr'><strong>esse</strong></span> 
     </span>
    </p>
   </div>
   <div class='ocr_carea' id='block_1_4' title="bbox 299 632 1898 710">
    <p class='ocr_par' dir='ltr' id='par_1_4' title="bbox 299 632 1898 710">
     <span class='ocr_line' id='line_1_4' title="bbox 299 632 1898 710; baseline -0.003 -19"><span class='ocrx_word' id='word_1_17' title='bbox 299 636 516 710; x_wconf 77' lang='lat' dir='ltr'><strong>aliquod</strong></span> <span class='ocrx_word' id='word_1_18' title='bbox 561 636 960 706; x_wconf 73' lang='lat' dir='ltr'><strong>receptaculum</strong></span> <span class='ocrx_word' id='word_1_19' title='bbox 999 634 1310 705; x_wconf 78' lang='lat' dir='ltr'><strong>corporale,</strong></span> <span class='ocrx_word' id='word_1_20' title='bbox 1338 634 1428 689; x_wconf 90' lang='lat' dir='ltr'><strong>ubi</strong></span> <span class='ocrx_word' id='word_1_21' title='bbox 1468 633 1640 688; x_wconf 90' lang='lat' dir='ltr'><strong>sancti</strong></span> <span class='ocrx_word' id='word_1_22' title='bbox 1670 632 1898 688; x_wconf 85' lang='lat' dir='ltr'><strong>abscon-</strong></span> 
     </span>
    </p>
   </div>
   <div class='ocr_carea' id='block_1_5' title="bbox 301 725 1898 796">
    <p class='ocr_par' dir='ltr' id='par_1_5' title="bbox 301 725 1898 796">
     <span class='ocr_line' id='line_1_5' title="bbox 301 725 1898 796; baseline -0.004 -12"><span class='ocrx_word' id='word_1_23' title='bbox 301 730 463 785; x_wconf 87' lang='lat' dir='ltr'><strong>dendi</strong></span> <span class='ocrx_word' id='word_1_24' title='bbox 483 728 648 782; x_wconf 86' lang='lat' dir='ltr'><strong>sunt?</strong></span> <span class='ocrx_word' id='word_1_25' title='bbox 677 727 804 782; x_wconf 70' lang='lat' dir='ltr'><strong>Haec</strong></span> <span class='ocrx_word' id='word_1_26' title='bbox 834 727 1048 792; x_wconf 84' lang='lat' dir='ltr'><strong>videtis,</strong></span> <span class='ocrx_word' id='word_1_27' title='bbox 1073 727 1279 792; x_wconf 76' lang='lat' dir='ltr'><strong>fratres,</strong></span> <span class='ocrx_word' id='word_1_28' title='bbox 1309 725 1756 796; x_wconf 80' lang='lat' dir='ltr'><strong>quemadmodum</strong></span> <span class='ocrx_word' id='word_1_29' title='bbox 1781 739 1898 779; x_wconf 84' lang='lat' dir='ltr'><strong>car-</strong></span> 
     </span>
    </p>
   </div>
   <div class='ocr_carea' id='block_1_6' title="bbox 301 815 1894 886">
    <p class='ocr_par' dir='ltr' id='par_1_6' title="bbox 301 815 1894 886">
     <span class='ocr_line' id='line_1_6' title="bbox 301 815 1894 886; baseline -0.001 -13"><span class='ocrx_word' id='word_1_30' title='bbox 301 822 441 875; x_wconf 84' lang='lat' dir='ltr'><strong>nalia</strong></span> <span class='ocrx_word' id='word_1_31' title='bbox 472 821 602 885; x_wconf 90' lang='lat' dir='ltr'><strong>sint,</strong></span> <span class='ocrx_word' id='word_1_32' title='bbox 634 827 691 875; x_wconf 89' lang='lat' dir='ltr'><strong>et</strong></span> <span class='ocrx_word' id='word_1_33' title='bbox 711 819 779 873; x_wconf 88' lang='lat' dir='ltr'><strong>ab</strong></span> <span class='ocrx_word' id='word_1_34' title='bbox 818 819 1056 874; x_wconf 87' lang='lat' dir='ltr'><strong>omnium</strong></span> <span class='ocrx_word' id='word_1_35' title='bbox 1091 818 1326 872; x_wconf 78' lang='lat' dir='ltr'><strong>ﬁdeliam</strong></span> <span class='ocrx_word' id='word_1_36' title='bbox 1371 817 1532 873; x_wconf 87' lang='lat' dir='ltr'><strong>corde</strong></span> <span class='ocrx_word' id='word_1_37' title='bbox 1571 815 1894 886; x_wconf 86' lang='lat' dir='ltr'><strong>respuenda.</strong></span> 
     </span>
    </p>
   </div>
   <div class='ocr_carea' id='block_1_7' title="bbox 301 909 1892 983">
    <p class='ocr_par' dir='ltr' id='par_1_7' title="bbox 301 909 1892 983">
     <span class='ocr_line' id='line_1_7' title="bbox 301 909 1892 983; baseline -0.005 -13"><span class='ocrx_word' id='word_1_38' title='bbox 301 913 690 970; x_wconf 76' lang='lat' dir='ltr'><strong>Absconditum</strong></span> <span class='ocrx_word' id='word_1_39' title='bbox 721 927 852 983; x_wconf 81' lang='lat' dir='ltr'><strong>ergo</strong></span> <span class='ocrx_word' id='word_1_40' title='bbox 893 912 1069 966; x_wconf 89' lang='lat' dir='ltr'><strong>vultus</strong></span> <span class='ocrx_word' id='word_1_41' title='bbox 1114 911 1205 965; x_wconf 88' lang='lat' dir='ltr'><strong>Dei</strong></span> <span class='ocrx_word' id='word_1_42' title='bbox 1232 911 1359 981; x_wconf 88' lang='lat' dir='ltr'><strong>quid</strong></span> <span class='ocrx_word' id='word_1_43' title='bbox 1388 918 1600 980; x_wconf 77' lang='lat' dir='ltr'><strong>oportet</strong></span> <span class='ocrx_word' id='word_1_44' title='bbox 1638 909 1892 978; x_wconf 81' lang='lat' dir='ltr'><strong>intelligi,</strong></span> 
     </span>
    </p>
   </div>
   <div class='ocr_carea' id='block_1_8' title="bbox 301 1001 1894 1079">
    <p class='ocr_par' dir='ltr' id='par_1_8' title="bbox 301 1001 1894 1079">
     <span class='ocr_line' id='line_1_8' title="bbox 301 1001 1894 1079; baseline -0.005 -15"><span class='ocrx_word' id='word_1_45' title='bbox 301 1010 402 1064; x_wconf 90' lang='lat' dir='ltr'><strong>nisi</strong></span> <span class='ocrx_word' id='word_1_46' title='bbox 435 1007 579 1079; x_wconf 89' lang='lat' dir='ltr'><strong>quod</strong></span> <span class='ocrx_word' id='word_1_47' title='bbox 607 1005 977 1061; x_wconf 82' lang='lat' dir='ltr'><strong>tantummodo</strong></span> <span class='ocrx_word' id='word_1_48' title='bbox 1005 1005 1166 1076; x_wconf 85' lang='lat' dir='ltr'><strong>vultui</strong></span> <span class='ocrx_word' id='word_1_49' title='bbox 1198 1005 1291 1060; x_wconf 89' lang='lat' dir='ltr'><strong>Dei</strong></span> <span class='ocrx_word' id='word_1_50' title='bbox 1321 1003 1590 1074; x_wconf 80' lang='lat' dir='ltr'><strong>cognitum</strong></span> <span class='ocrx_word' id='word_1_51' title='bbox 1612 1003 1734 1058; x_wconf 86' lang='lat' dir='ltr'><strong>est?</strong></span> <span class='ocrx_word' id='word_1_52' title='bbox 1759 1001 1894 1057; x_wconf 87' lang='lat' dir='ltr'><strong>Cum</strong></span> 
     </span>
    </p>
   </div>
   <div class='ocr_carea' id='block_1_9' title="bbox 300 1095 1896 1172">
    <p class='ocr_par' dir='ltr' id='par_1_9' title="bbox 300 1095 1896 1172">
     <span class='ocr_line' id='line_1_9' title="bbox 300 1095 1896 1172; baseline -0.004 -16"><span class='ocrx_word' id='word_1_53' title='bbox 300 1117 431 1172; x_wconf 86' lang='lat' dir='ltr'><strong>ergo</strong></span> <span class='ocrx_word' id='word_1_54' title='bbox 459 1100 712 1154; x_wconf 88' lang='lat' dir='ltr'><strong>dicuntur</strong></span> <span class='ocrx_word' id='word_1_55' title='bbox 737 1099 924 1152; x_wconf 90' lang='lat' dir='ltr'><strong>horrea</strong></span> <span class='ocrx_word' id='word_1_56' title='bbox 947 1138 962 1162; x_wconf 92' lang='lat'><strong>,</strong></span> <span class='ocrx_word' id='word_1_57' title='bbox 991 1105 1048 1151; x_wconf 86' lang='lat' dir='ltr'><strong>ut</strong></span> <span class='ocrx_word' id='word_1_58' title='bbox 1071 1096 1435 1167; x_wconf 82' lang='lat' dir='ltr'><strong>signiﬁcentur</strong></span> <span class='ocrx_word' id='word_1_59' title='bbox 1454 1104 1678 1163; x_wconf 86' lang='lat' dir='ltr'><strong>secreta,</strong></span> <span class='ocrx_word' id='word_1_60' title='bbox 1708 1104 1762 1150; x_wconf 90' lang='lat' dir='ltr'><strong>et</strong></span> <span class='ocrx_word' id='word_1_61' title='bbox 1789 1095 1896 1150; x_wconf 88' lang='lat' dir='ltr'><strong>alio</strong></span> 
     </span>
    </p>
   </div>
   <div class='ocr_carea' id='block_1_10' title="bbox 302 1186 1894 1257">
    <p class='ocr_par' dir='ltr' id='par_1_10' title="bbox 302 1186 1894 1257">
     <span class='ocr_line' id='line_1_10' title="bbox 302 1186 1894 1257; baseline -0.004 -11"><span class='ocrx_word' id='word_1_62' title='bbox 302 1193 423 1246; x_wconf 86' lang='lat' dir='ltr'><strong>loco</strong></span> <span class='ocrx_word' id='word_1_63' title='bbox 450 1189 703 1245; x_wconf 85' lang='lat' dir='ltr'><strong>dicuntur</strong></span> <span class='ocrx_word' id='word_1_64' title='bbox 727 1189 972 1252; x_wconf 85' lang='lat' dir='ltr'><strong>vascula;</strong></span> <span class='ocrx_word' id='word_1_65' title='bbox 1004 1203 1179 1257; x_wconf 88' lang='lat' dir='ltr'><strong>neque</strong></span> <span class='ocrx_word' id='word_1_66' title='bbox 1216 1187 1407 1242; x_wconf 88' lang='lat' dir='ltr'><strong>horrea</strong></span> <span class='ocrx_word' id='word_1_67' title='bbox 1447 1193 1570 1241; x_wconf 83' lang='lat' dir='ltr'><strong>sunt</strong></span> <span class='ocrx_word' id='word_1_68' title='bbox 1595 1201 1714 1256; x_wconf 67' lang='lat' dir='ltr'><strong>quae</strong></span> <span class='ocrx_word' id='word_1_69' title='bbox 1743 1186 1894 1240; x_wconf 87' lang='lat' dir='ltr'><strong>novi-</strong></span> 
     </span>
    </p>
   </div>
   <div class='ocr_carea' id='block_1_11' title="bbox 305 1278 1889 1351">
    <p class='ocr_par' dir='ltr' id='par_1_11' title="bbox 305 1278 1889 1351">
     <span class='ocr_line' id='line_1_11' title="bbox 305 1278 1889 1351; baseline -0.004 -13"><span class='ocrx_word' id='word_1_70' title='bbox 305 1298 448 1347; x_wconf 85' lang='lat' dir='ltr'><strong>mus,</strong></span> <span class='ocrx_word' id='word_1_71' title='bbox 482 1295 655 1351; x_wconf 88' lang='lat' dir='ltr'><strong>neque</strong></span> <span class='ocrx_word' id='word_1_72' title='bbox 683 1280 922 1335; x_wconf 86' lang='lat' dir='ltr'><strong>vaseula.</strong></span> <span class='ocrx_word' id='word_1_73' title='bbox 950 1279 1083 1334; x_wconf 86' lang='lat' dir='ltr'><strong>Nam</strong></span> <span class='ocrx_word' id='word_1_74' title='bbox 1108 1280 1151 1334; x_wconf 94' lang='lat' dir='ltr'><strong>si</strong></span> <span class='ocrx_word' id='word_1_75' title='bbox 1183 1278 1380 1349; x_wconf 87' lang='lat' dir='ltr'><strong>aliquid</strong></span> <span class='ocrx_word' id='word_1_76' title='bbox 1406 1295 1569 1332; x_wconf 90' lang='lat' dir='ltr'><strong>unum</strong></span> <span class='ocrx_word' id='word_1_77' title='bbox 1601 1278 1702 1332; x_wconf 82' lang='lat' dir='ltr'><strong>tale</strong></span> <span class='ocrx_word' id='word_1_78' title='bbox 1731 1286 1889 1342; x_wconf 85' lang='lat' dir='ltr'><strong>esset,</strong></span> 
     </span>
    </p>
   </div>
   <div class='ocr_carea' id='block_1_12' title="bbox 305 1367 1894 1442">
    <p class='ocr_par' dir='ltr' id='par_1_12' title="bbox 305 1367 1894 1442">
     <span class='ocr_line' id='line_1_12' title="bbox 305 1367 1894 1442; baseline -0.003 -16"><span class='ocrx_word' id='word_1_79' title='bbox 305 1375 535 1428; x_wconf 87' lang='lat' dir='ltr'><strong>alterum</strong></span> <span class='ocrx_word' id='word_1_80' title='bbox 565 1371 766 1442; x_wconf 87' lang='lat' dir='ltr'><strong>aliquid</strong></span> <span class='ocrx_word' id='word_1_81' title='bbox 798 1386 903 1426; x_wconf 87' lang='lat' dir='ltr'><strong>non</strong></span> <span class='ocrx_word' id='word_1_82' title='bbox 929 1370 1216 1425; x_wconf 76' lang='lat' dir='ltr'><strong>diceretur.</strong></span> <span class='ocrx_word' id='word_1_83' title='bbox 1247 1369 1352 1424; x_wconf 88' lang='lat' dir='ltr'><strong>Sed</strong></span> <span class='ocrx_word' id='word_1_84' title='bbox 1380 1370 1501 1439; x_wconf 86' lang='lat' dir='ltr'><strong>quia</strong></span> <span class='ocrx_word' id='word_1_85' title='bbox 1525 1383 1618 1438; x_wconf 88' lang='lat' dir='ltr'><strong>per</strong></span> <span class='ocrx_word' id='word_1_86' title='bbox 1644 1367 1894 1422; x_wconf 87' lang='lat' dir='ltr'><strong>similitu-</strong></span> 
     </span>
    </p>
   </div>
   <div class='ocr_carea' id='block_1_13' title="bbox 303 1461 1896 1532">
    <p class='ocr_par' dir='ltr' id='par_1_13' title="bbox 303 1461 1896 1532">
     <span class='ocr_line' id='line_1_13' title="bbox 303 1461 1896 1532; baseline -0.004 -12"><span class='ocrx_word' id='word_1_87' title='bbox 303 1467 460 1522; x_wconf 89' lang='lat' dir='ltr'><strong>dines</strong></span> <span class='ocrx_word' id='word_1_88' title='bbox 489 1466 793 1520; x_wconf 89' lang='lat' dir='ltr'><strong>hominibus</strong></span> <span class='ocrx_word' id='word_1_89' title='bbox 821 1475 972 1518; x_wconf 86' lang='lat' dir='ltr'><strong>notas</strong></span> <span class='ocrx_word' id='word_1_90' title='bbox 991 1504 1006 1531; x_wconf 96' lang='lat'><strong>,</strong></span> <span class='ocrx_word' id='word_1_91' title='bbox 1041 1471 1097 1518; x_wconf 85' lang='lat' dir='ltr'><strong>ut</strong></span> <span class='ocrx_word' id='word_1_92' title='bbox 1120 1472 1361 1532; x_wconf 85' lang='lat' dir='ltr'><strong>possunt,</strong></span> <span class='ocrx_word' id='word_1_93' title='bbox 1391 1462 1725 1516; x_wconf 87' lang='lat' dir='ltr'><strong>insinuantur</strong></span> <span class='ocrx_word' id='word_1_94' title='bbox 1750 1461 1896 1515; x_wconf 90' lang='lat' dir='ltr'><strong>inco-</strong></span> 
     </span>
    </p>
   </div>
   <div class='ocr_carea' id='block_1_14' title="bbox 303 1555 1897 1629">
    <p class='ocr_par' dir='ltr' id='par_1_14' title="bbox 303 1555 1897 1629">
     <span class='ocr_line' id='line_1_14' title="bbox 303 1555 1897 1629; baseline -0.002 -17"><span class='ocrx_word' id='word_1_95' title='bbox 303 1561 486 1629; x_wconf 86' lang='lat' dir='ltr'><strong>gnita,</strong></span> <span class='ocrx_word' id='word_1_96' title='bbox 529 1559 594 1612; x_wconf 89' lang='lat' dir='ltr'><strong>ad</strong></span> <span class='ocrx_word' id='word_1_97' title='bbox 635 1558 737 1614; x_wconf 90' lang='lat' dir='ltr'><strong>hoc</strong></span> <span class='ocrx_word' id='word_1_98' title='bbox 765 1567 1050 1627; x_wconf 85' lang='lat' dir='ltr'><strong>utrumque</strong></span> <span class='ocrx_word' id='word_1_99' title='bbox 1077 1556 1406 1610; x_wconf 87' lang='lat' dir='ltr'><strong>nominatum</strong></span> <span class='ocrx_word' id='word_1_100' title='bbox 1438 1555 1693 1624; x_wconf 85' lang='lat' dir='ltr'><strong>accipi-te,</strong></span> <span class='ocrx_word' id='word_1_101' title='bbox 1725 1563 1783 1608; x_wconf 90' lang='lat' dir='ltr'><strong>ut</strong></span> <span class='ocrx_word' id='word_1_102' title='bbox 1809 1567 1897 1609; x_wconf 88' lang='lat' dir='ltr'><strong>se-</strong></span> 
     </span>
    </p>
   </div>
   <div class='ocr_carea' id='block_1_15' title="bbox 305 1647 1891 1720">
    <p class='ocr_par' dir='ltr' id='par_1_15' title="bbox 305 1647 1891 1720">
     <span class='ocr_line' id='line_1_15' title="bbox 305 1647 1891 1720; baseline -0.004 -14"><span class='ocrx_word' id='word_1_103' title='bbox 305 1663 517 1707; x_wconf 88' lang='lat' dir='ltr'><strong>cretum</strong></span> <span class='ocrx_word' id='word_1_104' title='bbox 543 1651 854 1720; x_wconf 80' lang='lat' dir='ltr'><strong>intelligatis</strong></span> <span class='ocrx_word' id='word_1_105' title='bbox 873 1692 888 1713; x_wconf 91' lang='lat'><strong>,</strong></span> <span class='ocrx_word' id='word_1_106' title='bbox 917 1659 971 1706; x_wconf 89' lang='lat' dir='ltr'><strong>et</strong></span> <span class='ocrx_word' id='word_1_107' title='bbox 998 1648 1175 1704; x_wconf 84' lang='lat' dir='ltr'><strong>horrei</strong></span> <span class='ocrx_word' id='word_1_108' title='bbox 1205 1648 1421 1702; x_wconf 84' lang='lat' dir='ltr'><strong>nomine</strong></span> <span class='ocrx_word' id='word_1_109' title='bbox 1444 1657 1500 1702; x_wconf 86' lang='lat' dir='ltr'><strong>et</strong></span> <span class='ocrx_word' id='word_1_110' title='bbox 1534 1647 1891 1701; x_wconf 81' lang='lat' dir='ltr'><strong>vasculorum.</strong></span> 
     </span>
    </p>
   </div>
   <div class='ocr_carea' id='block_1_16' title="bbox 305 1737 1894 1810">
    <p class='ocr_par' dir='ltr' id='par_1_16' title="bbox 305 1737 1894 1810">
     <span class='ocr_line' id='line_1_16' title="bbox 305 1737 1894 1810; baseline -0.004 -13"><span class='ocrx_word' id='word_1_111' title='bbox 305 1741 415 1797; x_wconf 80' lang='lat' dir='ltr'><strong>Sed</strong></span> <span class='ocrx_word' id='word_1_112' title='bbox 469 1743 515 1795; x_wconf 87' lang='lat' dir='ltr'><strong>si</strong></span> <span class='ocrx_word' id='word_1_113' title='bbox 564 1740 806 1810; x_wconf 67' lang='lat' dir='ltr'><strong>quaeritis</strong></span> <span class='ocrx_word' id='word_1_114' title='bbox 849 1740 1008 1809; x_wconf 82' lang='lat' dir='ltr'><strong>quale</strong></span> <span class='ocrx_word' id='word_1_115' title='bbox 1065 1747 1362 1801; x_wconf 86' lang='lat' dir='ltr'><strong>secretum,</strong></span> <span class='ocrx_word' id='word_1_116' title='bbox 1417 1737 1599 1792; x_wconf 86' lang='lat' dir='ltr'><strong>audite</strong></span> <span class='ocrx_word' id='word_1_117' title='bbox 1652 1737 1894 1805; x_wconf 84' lang='lat' dir='ltr'><strong>PrOphe-</strong></span> 
     </span>
    </p>
   </div>
   <div class='ocr_carea' id='block_1_17' title="bbox 309 1829 1894 1899">
    <p class='ocr_par' dir='ltr' id='par_1_17' title="bbox 309 1829 1894 1899">
     <span class='ocr_line' id='line_1_17' title="bbox 309 1829 1894 1899; baseline -0.004 -11"><span class='ocrx_word' id='word_1_118' title='bbox 309 1844 420 1888; x_wconf 81' lang='lat' dir='ltr'><strong>tam</strong></span> <span class='ocrx_word' id='word_1_119' title='bbox 472 1833 776 1899; x_wconf 77' lang='lat' dir='ltr'><strong>dicentem,</strong></span> <span class='ocrx_word' id='word_1_120' title='bbox 845 1831 1133 1886; x_wconf 78' lang='lat' dir='ltr'><strong>Abscondes</strong></span> <span class='ocrx_word' id='word_1_121' title='bbox 1184 1847 1268 1885; x_wconf 83' lang='lat' dir='ltr'><strong>eos</strong></span> <span class='ocrx_word' id='word_1_122' title='bbox 1321 1830 1375 1883; x_wconf 84' lang='lat' dir='ltr'><strong>in</strong></span> <span class='ocrx_word' id='word_1_123' title='bbox 1433 1829 1724 1884; x_wconf 80' lang='lat' dir='ltr'><strong>abscondito</strong></span> <span class='ocrx_word' id='word_1_124' title='bbox 1778 1829 1894 1882; x_wconf 80' lang='lat' dir='ltr'><strong>vul-</strong></span> 
     </span>
    </p>
   </div>
   <div class='ocr_carea' id='block_1_18' title="bbox 304 1926 509 1978">
    <p class='ocr_par' dir='ltr' id='par_1_18' title="bbox 304 1926 509 1978">
     <span class='ocr_line' id='line_1_18' title="bbox 304 1926 509 1978; baseline 0 0"><span class='ocrx_word' id='word_1_125' title='bbox 304 1938 385 1978; x_wconf 84' lang='lat' dir='ltr'><strong>tus</strong></span> <span class='ocrx_word' id='word_1_126' title='bbox 413 1926 509 1978; x_wconf 87' lang='lat' dir='ltr'><strong>tui.</strong></span> 
     </span>
    </p>
   </div>
   <div class='ocr_carea' id='block_1_19' title="bbox 375 2012 1897 2086">
    <p class='ocr_par' dir='ltr' id='par_1_19' title="bbox 375 2012 1897 2086">
     <span class='ocr_line' id='line_1_19' title="bbox 375 2012 1897 2086; baseline -0.003 -13"><span class='ocrx_word' id='word_1_127' title='bbox 375 2017 606 2075; x_wconf 73' lang='lat' dir='ltr'><strong>CAPUT</strong></span> <span class='ocrx_word' id='word_1_128' title='bbox 645 2016 734 2072; x_wconf 72' lang='lat' dir='ltr'><strong>IV.</strong></span> <span class='ocrx_word' id='word_1_129' title='bbox 757 2017 900 2071; x_wconf 75' lang='grc'><strong>-4.</strong></span> <span class='ocrx_word' id='word_1_130' title='bbox 933 2015 1014 2070; x_wconf 84' lang='lat' dir='ltr'><strong>Ad</strong></span> <span class='ocrx_word' id='word_1_131' title='bbox 1042 2015 1259 2086; x_wconf 78' lang='lat' dir='ltr'><strong>patriam</strong></span> <span class='ocrx_word' id='word_1_132' title='bbox 1281 2015 1383 2084; x_wconf 82' lang='lat' dir='ltr'><strong>ﬁde</strong></span> <span class='ocrx_word' id='word_1_133' title='bbox 1399 2015 1734 2085; x_wconf 75' lang='lat' dir='ltr'><strong>suspiramus.</strong></span> <span class='ocrx_word' id='word_1_134' title='bbox 1765 2012 1897 2082; x_wconf 64' lang='lat' dir='ltr'><strong>Quae</strong></span> 
     </span>
    </p>
   </div>
   <div class='ocr_carea' id='block_1_20' title="bbox 304 2105 1892 2176">
    <p class='ocr_par' dir='ltr' id='par_1_20' title="bbox 304 2105 1892 2176">
     <span class='ocr_line' id='line_1_20' title="bbox 304 2105 1892 2176; baseline -0.004 -9"><span class='ocrx_word' id='word_1_135' title='bbox 304 2126 428 2167; x_wconf 87' lang='lat' dir='ltr'><strong>cum</strong></span> <span class='ocrx_word' id='word_1_136' title='bbox 461 2111 534 2165; x_wconf 91' lang='lat' dir='ltr'><strong>ita</strong></span> <span class='ocrx_word' id='word_1_137' title='bbox 560 2109 685 2174; x_wconf 90' lang='lat' dir='ltr'><strong>sint,</strong></span> <span class='ocrx_word' id='word_1_138' title='bbox 711 2108 920 2172; x_wconf 79' lang='lat' dir='ltr'><strong>fratres,</strong></span> <span class='ocrx_word' id='word_1_139' title='bbox 945 2109 997 2162; x_wconf 91' lang='lat' dir='ltr'><strong>in</strong></span> <span class='ocrx_word' id='word_1_140' title='bbox 1019 2107 1124 2162; x_wconf 8' lang='lat' dir='ltr'><strong>aliae</strong></span> <span class='ocrx_word' id='word_1_141' title='bbox 1143 2105 1318 2161; x_wconf 82' lang='lat' dir='ltr'><strong>adhuc</strong></span> <span class='ocrx_word' id='word_1_142' title='bbox 1338 2107 1440 2160; x_wconf 87' lang='lat' dir='ltr'><strong>vita</strong></span> <span class='ocrx_word' id='word_1_143' title='bbox 1467 2106 1892 2176; x_wconf 87' lang='lat' dir='ltr'><strong>peregrinamur,</strong></span> 
     </span>
    </p>
   </div>
   <div class='ocr_carea' id='block_1_21' title="bbox 305 2197 1890 2270">
    <p class='ocr_par' dir='ltr' id='par_1_21' title="bbox 305 2197 1890 2270">
     <span class='ocr_line' id='line_1_21' title="bbox 305 2197 1890 2270; baseline -0.003 -14"><span class='ocrx_word' id='word_1_144' title='bbox 305 2202 484 2258; x_wconf 89' lang='lat' dir='ltr'><strong>adhuc</strong></span> <span class='ocrx_word' id='word_1_145' title='bbox 505 2202 558 2256; x_wconf 91' lang='lat' dir='ltr'><strong>in</strong></span> <span class='ocrx_word' id='word_1_146' title='bbox 586 2201 728 2255; x_wconf 92' lang='lat' dir='ltr'><strong>illam</strong></span> <span class='ocrx_word' id='word_1_147' title='bbox 759 2201 940 2256; x_wconf 89' lang='lat' dir='ltr'><strong>nescio</strong></span> <span class='ocrx_word' id='word_1_148' title='bbox 971 2214 1128 2270; x_wconf 81' lang='lat' dir='ltr'><strong>quam</strong></span> <span class='ocrx_word' id='word_1_149' title='bbox 1161 2199 1385 2268; x_wconf 84' lang='lat' dir='ltr'><strong>patriam</strong></span> <span class='ocrx_word' id='word_1_150' title='bbox 1412 2197 1516 2252; x_wconf 78' lang='lat' dir='ltr'><strong>[ide</strong></span> <span class='ocrx_word' id='word_1_151' title='bbox 1535 2197 1890 2267; x_wconf 88' lang='lat' dir='ltr'><strong>suspiramus.</strong></span> 
     </span>
    </p>
   </div>
   <div class='ocr_carea' id='block_1_22' title="bbox 307 2291 1893 2366">
    <p class='ocr_par' dir='ltr' id='par_1_22' title="bbox 307 2291 1893 2366">
     <span class='ocr_line' id='line_1_22' title="bbox 307 2291 1893 2366; baseline -0.004 -15"><span class='ocrx_word' id='word_1_152' title='bbox 307 2295 376 2351; x_wconf 81' lang='lat' dir='ltr'><strong>Et</strong></span> <span class='ocrx_word' id='word_1_153' title='bbox 400 2311 569 2366; x_wconf 86' lang='lat' dir='ltr'><strong>quare</strong></span> <span class='ocrx_word' id='word_1_154' title='bbox 617 2294 798 2350; x_wconf 88' lang='lat' dir='ltr'><strong>nescio</strong></span> <span class='ocrx_word' id='word_1_155' title='bbox 827 2308 984 2364; x_wconf 89' lang='lat' dir='ltr'><strong>quam</strong></span> <span class='ocrx_word' id='word_1_156' title='bbox 1004 2333 1020 2359; x_wconf 90' lang='lat'><strong>,</strong></span> <span class='ocrx_word' id='word_1_157' title='bbox 1049 2291 1190 2347; x_wconf 83' lang='lat' dir='ltr'><strong>unde</strong></span> <span class='ocrx_word' id='word_1_158' title='bbox 1213 2292 1358 2349; x_wconf 83' lang='lat' dir='ltr'><strong>cives</strong></span> <span class='ocrx_word' id='word_1_159' title='bbox 1386 2305 1574 2346; x_wconf 86' lang='lat' dir='ltr'><strong>sumus</strong></span> <span class='ocrx_word' id='word_1_160' title='bbox 1597 2332 1612 2357; x_wconf 91' lang='lat'><strong>,</strong></span> <span class='ocrx_word' id='word_1_161' title='bbox 1641 2291 1743 2345; x_wconf 90' lang='lat' dir='ltr'><strong>nisi</strong></span> <span class='ocrx_word' id='word_1_162' title='bbox 1769 2292 1893 2361; x_wconf 85' lang='lat' dir='ltr'><strong>quia</strong></span> 
     </span>
    </p>
   </div>
   <div class='ocr_carea' id='block_1_23' title="bbox 303 2381 1894 2456">
    <p class='ocr_par' dir='ltr' id='par_1_23' title="bbox 303 2381 1894 2456">
     <span class='ocr_line' id='line_1_23' title="bbox 303 2381 1894 2456; baseline -0.007 -13"><span class='ocrx_word' id='word_1_163' title='bbox 303 2387 358 2444; x_wconf 86' lang='lat' dir='ltr'><strong>in</strong></span> <span class='ocrx_word' id='word_1_164' title='bbox 393 2386 680 2456; x_wconf 78' lang='lat' dir='ltr'><strong>longinqua</strong></span> <span class='ocrx_word' id='word_1_165' title='bbox 709 2383 1094 2456; x_wconf 79' lang='lat' dir='ltr'><strong>peregrinando</strong></span> <span class='ocrx_word' id='word_1_166' title='bbox 1121 2381 1272 2437; x_wconf 82' lang='lat' dir='ltr'><strong>obliti</strong></span> <span class='ocrx_word' id='word_1_167' title='bbox 1295 2383 1633 2436; x_wconf 75' lang='lat' dir='ltr'><strong>eam‘smnus</strong></span> <span class='ocrx_word' id='word_1_168' title='bbox 1651 2422 1668 2447; x_wconf 93' lang='lat'><strong>,</strong></span> <span class='ocrx_word' id='word_1_169' title='bbox 1710 2389 1770 2434; x_wconf 89' lang='lat' dir='ltr'><strong>ut</strong></span> <span class='ocrx_word' id='word_1_170' title='bbox 1799 2395 1894 2449; x_wconf 90' lang='lat' dir='ltr'><strong>pa-</strong></span> 
     </span>
    </p>
   </div>
   <div class='ocr_carea' id='block_1_24' title="bbox 306 2474 1895 2548">
    <p class='ocr_par' dir='ltr' id='par_1_24' title="bbox 306 2474 1895 2548">
     <span class='ocr_line' id='line_1_24' title="bbox 306 2474 1895 2548; baseline -0.003 -15"><span class='ocrx_word' id='word_1_171' title='bbox 306 2480 462 2534; x_wconf 88' lang='lat' dir='ltr'><strong>triam</strong></span> <span class='ocrx_word' id='word_1_172' title='bbox 512 2487 747 2533; x_wconf 87' lang='lat' dir='ltr'><strong>nostram</strong></span> <span class='ocrx_word' id='word_1_173' title='bbox 779 2478 1046 2548; x_wconf 87' lang='lat' dir='ltr'><strong>possimus</strong></span> <span class='ocrx_word' id='word_1_174' title='bbox 1088 2475 1268 2532; x_wconf 87' lang='lat' dir='ltr'><strong>dicere</strong></span> <span class='ocrx_word' id='word_1_175' title='bbox 1299 2475 1479 2531; x_wconf 89' lang='lat' dir='ltr'><strong>nescio</strong></span> <span class='ocrx_word' id='word_1_176' title='bbox 1519 2475 1720 2545; x_wconf 80' lang='lat' dir='ltr'><strong>quam?</strong></span> <span class='ocrx_word' id='word_1_177' title='bbox 1747 2474 1895 2529; x_wconf 85' lang='lat' dir='ltr'><strong>lianc</strong></span> 
     </span>
    </p>
   </div>
   <div class='ocr_carea' id='block_1_25' title="bbox 307 2567 1895 2642">
    <p class='ocr_par' dir='ltr' id='par_1_25' title="bbox 307 2567 1895 2642">
     <span class='ocr_line' id='line_1_25' title="bbox 307 2567 1895 2642; baseline -0.002 -20"><span class='ocrx_word' id='word_1_178' title='bbox 307 2572 633 2626; x_wconf 79' lang='lat' dir='ltr'><strong>oblivionem</strong></span> <span class='ocrx_word' id='word_1_179' title='bbox 671 2570 898 2642; x_wconf 79' lang='lat' dir='ltr'><strong>expellit</strong></span> <span class='ocrx_word' id='word_1_180' title='bbox 925 2569 991 2624; x_wconf 90' lang='lat' dir='ltr'><strong>de</strong></span> <span class='ocrx_word' id='word_1_181' title='bbox 1015 2568 1177 2624; x_wconf 81' lang='lat' dir='ltr'><strong>corde</strong></span> <span class='ocrx_word' id='word_1_182' title='bbox 1203 2568 1464 2623; x_wconf 79' lang='lat' dir='ltr'><strong>Dominus</strong></span> <span class='ocrx_word' id='word_1_183' title='bbox 1489 2567 1732 2622; x_wconf 78' lang='lat' dir='ltr'><strong>Christus</strong></span> <span class='ocrx_word' id='word_1_184' title='bbox 1751 2607 1766 2632; x_wconf 91' lang='lat'><strong>,</strong></span> <span class='ocrx_word' id='word_1_185' title='bbox 1800 2581 1895 2620; x_wconf 82' lang='lat' dir='ltr'><strong>rex</strong></span> 
     </span>
    </p>
   </div>
   <div class='ocr_carea' id='block_1_26' title="bbox 306 2657 1894 2731">
    <p class='ocr_par' dir='ltr' id='par_1_26' title="bbox 306 2657 1894 2731">
     <span class='ocr_line' id='line_1_26' title="bbox 306 2657 1894 2731; baseline -0.003 -16"><span class='ocrx_word' id='word_1_186' title='bbox 306 2661 474 2731; x_wconf 80' lang='lat' dir='ltr'><strong>ipsius</strong></span> <span class='ocrx_word' id='word_1_187' title='bbox 503 2661 688 2730; x_wconf 75' lang='lat' dir='ltr'><strong>patria:</strong></span> <span class='ocrx_word' id='word_1_188' title='bbox 706 2702 721 2727; x_wconf 94' lang='lat'><strong>,</strong></span> <span class='ocrx_word' id='word_1_189' title='bbox 751 2660 974 2715; x_wconf 85' lang='lat' dir='ltr'><strong>veniens</strong></span> <span class='ocrx_word' id='word_1_190' title='bbox 1005 2660 1073 2715; x_wconf 86' lang='lat' dir='ltr'><strong>ad</strong></span> <span class='ocrx_word' id='word_1_191' title='bbox 1099 2659 1443 2730; x_wconf 74' lang='lat' dir='ltr'><strong>peregrinos;</strong></span> <span class='ocrx_word' id='word_1_192' title='bbox 1474 2668 1529 2713; x_wconf 84' lang='lat' dir='ltr'><strong>et</strong></span> <span class='ocrx_word' id='word_1_193' title='bbox 1554 2657 1894 2727; x_wconf 86' lang='lat' dir='ltr'><strong>susceptione</strong></span> 
     </span>
    </p>
   </div>
   <div class='ocr_carea' id='block_1_27' title="bbox 302 2749 1894 2821">
    <p class='ocr_par' dir='ltr' id='par_1_27' title="bbox 302 2749 1894 2821">
     <span class='ocr_line' id='line_1_27' title="bbox 302 2749 1894 2821; baseline -0.003 -13"><span class='ocrx_word' id='word_1_194' title='bbox 302 2753 482 2808; x_wconf 85' lang='lat' dir='ltr'><strong>carnis</strong></span> <span class='ocrx_word' id='word_1_195' title='bbox 508 2753 758 2806; x_wconf 78' lang='lat' dir='ltr'><strong>divinitas</strong></span> <span class='ocrx_word' id='word_1_196' title='bbox 783 2752 902 2821; x_wconf 88' lang='lat' dir='ltr'><strong>ejus</strong></span> <span class='ocrx_word' id='word_1_197' title='bbox 940 2751 1000 2806; x_wconf 84' lang='lat' dir='ltr'><strong>ﬁt</strong></span> <span class='ocrx_word' id='word_1_198' title='bbox 1036 2752 1190 2806; x_wconf 88' lang='lat' dir='ltr'><strong>nobis</strong></span> <span class='ocrx_word' id='word_1_199' title='bbox 1215 2752 1298 2805; x_wconf 90' lang='lat' dir='ltr'><strong>via</strong></span> <span class='ocrx_word' id='word_1_200' title='bbox 1320 2791 1334 2816; x_wconf 92' lang='lat'><strong>,</strong></span> <span class='ocrx_word' id='word_1_201' title='bbox 1384 2758 1443 2805; x_wconf 85' lang='lat' dir='ltr'><strong>ut</strong></span> <span class='ocrx_word' id='word_1_202' title='bbox 1482 2765 1583 2821; x_wconf 89' lang='lat' dir='ltr'><strong>per</strong></span> <span class='ocrx_word' id='word_1_203' title='bbox 1621 2749 1894 2804; x_wconf 87' lang='lat' dir='ltr'><strong>hominem</strong></span> 
     </span>
    </p>
   </div>
   <div class='ocr_carea' id='block_1_28' title="bbox 295 2839 1891 2913">
    <p class='ocr_par' dir='ltr' id='par_1_28' title="bbox 295 2839 1891 2913">
     <span class='ocr_line' id='line_1_28' title="bbox 295 2839 1891 2913; baseline -0.003 -15"><span class='ocrx_word' id='word_1_204' title='bbox 295 2841 574 2898; x_wconf 81' lang='lat' dir='ltr'><strong>Christum</strong></span> <span class='ocrx_word' id='word_1_205' title='bbox 623 2857 935 2913; x_wconf 85' lang='lat' dir='ltr'><strong>pergamus,</strong></span> <span class='ocrx_word' id='word_1_206' title='bbox 985 2850 1040 2897; x_wconf 92' lang='lat' dir='ltr'><strong>et</strong></span> <span class='ocrx_word' id='word_1_207' title='bbox 1082 2842 1134 2895; x_wconf 90' lang='lat' dir='ltr'><strong>in</strong></span> <span class='ocrx_word' id='word_1_208' title='bbox 1166 2841 1278 2897; x_wconf 90' lang='lat' dir='ltr'><strong>Deo</strong></span> <span class='ocrx_word' id='word_1_209' title='bbox 1314 2839 1528 2896; x_wconf 86' lang='lat' dir='ltr'><strong>Christo</strong></span> <span class='ocrx_word' id='word_1_210' title='bbox 1558 2854 1891 2895; x_wconf 84' lang='lat' dir='ltr'><strong>maneamus.</strong></span> 
     </span>
    </p>
   </div>
   <div class='ocr_carea' id='block_1_29' title="bbox 301 2931 1893 3003">
    <p class='ocr_par' dir='ltr' id='par_1_29' title="bbox 301 2931 1893 3003">
     <span class='ocr_line' id='line_1_29' title="bbox 301 2931 1893 3003; baseline 0.001 -17"><span class='ocrx_word' id='word_1_211' title='bbox 301 2933 437 2999; x_wconf 84' lang='lat' dir='ltr'><strong>Quid</strong></span> <span class='ocrx_word' id='word_1_212' title='bbox 467 2948 621 3003; x_wconf 87' lang='lat' dir='ltr'><strong>ergo,</strong></span> <span class='ocrx_word' id='word_1_213' title='bbox 649 2934 874 2988; x_wconf 77' lang='lat' dir='ltr'><strong>Fratres?</strong></span> <span class='ocrx_word' id='word_1_214' title='bbox 913 2942 1178 2989; x_wconf 87' lang='lat' dir='ltr'><strong>secretum</strong></span> <span class='ocrx_word' id='word_1_215' title='bbox 1210 2933 1377 3000; x_wconf 81' lang='lat' dir='ltr'><strong>illud,</strong></span> <span class='ocrx_word' id='word_1_216' title='bbox 1408 2931 1552 3003; x_wconf 75' lang='lat' dir='ltr'><strong>quod</strong></span> <span class='ocrx_word' id='word_1_217' title='bbox 1579 2947 1680 2988; x_wconf 90' lang='lat' dir='ltr'><strong>nec</strong></span> <span class='ocrx_word' id='word_1_218' title='bbox 1705 2932 1893 2987; x_wconf 86' lang='lat' dir='ltr'><strong>oculus</strong></span> 
     </span>
    </p>
   </div>
   <div class='ocr_carea' id='block_1_30' title="bbox 303 3024 1896 3093">
    <p class='ocr_par' dir='ltr' id='par_1_30' title="bbox 303 3024 1896 3093">
     <span class='ocr_line' id='line_1_30' title="bbox 303 3024 1896 3093; baseline -0.001 -14"><span class='ocrx_word' id='word_1_219' title='bbox 303 3027 458 3090; x_wconf 82' lang='lat' dir='ltr'><strong>vidit,</strong></span> <span class='ocrx_word' id='word_1_220' title='bbox 491 3041 594 3081; x_wconf 89' lang='lat' dir='ltr'><strong>nec</strong></span> <span class='ocrx_word' id='word_1_221' title='bbox 615 3026 762 3080; x_wconf 84' lang='lat' dir='ltr'><strong>auris</strong></span> <span class='ocrx_word' id='word_1_222' title='bbox 803 3025 1024 3093; x_wconf 82' lang='lat' dir='ltr'><strong>audivit,</strong></span> <span class='ocrx_word' id='word_1_223' title='bbox 1055 3040 1156 3081; x_wconf 91' lang='lat' dir='ltr'><strong>nec</strong></span> <span class='ocrx_word' id='word_1_224' title='bbox 1181 3025 1232 3079; x_wconf 87' lang='lat' dir='ltr'><strong>in</strong></span> <span class='ocrx_word' id='word_1_225' title='bbox 1278 3039 1371 3080; x_wconf 91' lang='lat' dir='ltr'><strong>cor</strong></span> <span class='ocrx_word' id='word_1_226' title='bbox 1397 3024 1630 3079; x_wconf 82' lang='lat' dir='ltr'><strong>hominis</strong></span> <span class='ocrx_word' id='word_1_227' title='bbox 1654 3024 1896 3080; x_wconf 87' lang='lat' dir='ltr'><strong>ascendit</strong></span> 
     </span>
    </p>
   </div>
   <div class='ocr_carea' id='block_1_31' title="bbox 304 3117 1890 3190">
    <p class='ocr_par' dir='ltr' id='par_1_31' title="bbox 304 3117 1890 3190">
     <span class='ocr_line' id='line_1_31' title="bbox 304 3117 1890 3190; baseline -0.001 -17"><span class='ocrx_word' id='word_1_228' title='bbox 304 3117 348 3190; x_wconf 86' lang='lat' dir='ltr'><strong>(l</strong></span> <span class='ocrx_word' id='word_1_229' title='bbox 375 3119 496 3173; x_wconf 80' lang='lat' dir='ltr'><strong>Cor.</strong></span> <span class='ocrx_word' id='word_1_230' title='bbox 529 3135 563 3172; x_wconf 84' lang='grc' dir='ltr'><strong>ιι</strong></span> <span class='ocrx_word' id='word_1_231' title='bbox 588 3159 604 3182; x_wconf 90' lang='grc'>,</span> <span class='ocrx_word' id='word_1_232' title='bbox 634 3118 713 3189; x_wconf 80' lang='lat'><strong>9),</strong></span> <span class='ocrx_word' id='word_1_233' title='bbox 743 3134 850 3188; x_wconf 92' lang='lat' dir='ltr'><strong>quo</strong></span> <span class='ocrx_word' id='word_1_234' title='bbox 890 3117 1102 3188; x_wconf 88' lang='lat' dir='ltr'><strong>eloquio</strong></span> <span class='ocrx_word' id='word_1_235' title='bbox 1140 3117 1293 3172; x_wconf 81' lang='lat' dir='ltr'><strong>vobis</strong></span> <span class='ocrx_word' id='word_1_236' title='bbox 1320 3117 1631 3186; x_wconf 82' lang='lat' dir='ltr'><strong>explicaturi</strong></span> <span class='ocrx_word' id='word_1_237' title='bbox 1675 3132 1890 3184; x_wconf 88' lang='lat' dir='ltr'><strong>sumus,</strong></span> 
     </span>
    </p>
   </div>
   <div class='ocr_carea' id='block_1_32' title="bbox 301 3208 1950 3282">
    <p class='ocr_par' dir='ltr' id='par_1_32' title="bbox 301 3208 1950 3282">
     <span class='ocr_line' id='line_1_32' title="bbox 301 3208 1950 3282; baseline -0.002 -16"><span class='ocrx_word' id='word_1_238' title='bbox 301 3221 394 3266; x_wconf 82' lang='lat' dir='ltr'><strong>aut</strong></span> <span class='ocrx_word' id='word_1_239' title='bbox 415 3228 524 3282; x_wconf 87' lang='lat' dir='ltr'><strong>quo</strong></span> <span class='ocrx_word' id='word_1_240' title='bbox 550 3211 708 3265; x_wconf 89' lang='lat' dir='ltr'><strong>oculo</strong></span> <span class='ocrx_word' id='word_1_241' title='bbox 729 3225 828 3264; x_wconf 92' lang='lat' dir='ltr'><strong>nos</strong></span> <span class='ocrx_word' id='word_1_242' title='bbox 847 3210 1047 3264; x_wconf 72' lang='lat' dir='ltr'><strong>visuri?</strong></span> <span class='ocrx_word' id='word_1_243' title='bbox 1073 3209 1366 3264; x_wconf 82' lang='lat' dir='ltr'><strong>Possumus</strong></span> <span class='ocrx_word' id='word_1_244' title='bbox 1389 3208 1587 3280; x_wconf 88' lang='lat' dir='ltr'><strong>aliquid</strong></span> <span class='ocrx_word' id='word_1_245' title='bbox 1610 3208 1894 3279; x_wconf 83' lang='lat' dir='ltr'><strong>aliquando</strong></span> <span class='ocrx_word' id='word_1_246' title='bbox 1948 3214 1950 3217; x_wconf 84' lang='lat'>&#39;</span> 
     </span>
    </p>
   </div>
   <div class='ocr_carea' id='block_1_33' title="bbox 302 3301 1896 3373">
    <p class='ocr_par' dir='ltr' id='par_1_33' title="bbox 302 3301 1896 3373">
     <span class='ocr_line' id='line_1_33' title="bbox 302 3301 1896 3373; baseline -0.001 -17"><span class='ocrx_word' id='word_1_247' title='bbox 302 3319 465 3359; x_wconf 86' lang='lat' dir='ltr'><strong>nosse</strong></span> <span class='ocrx_word' id='word_1_248' title='bbox 486 3346 501 3366; x_wconf 86' lang='lat'><strong>,</strong></span> <span class='ocrx_word' id='word_1_249' title='bbox 543 3303 685 3372; x_wconf 90' lang='lat' dir='ltr'><strong>quod</strong></span> <span class='ocrx_word' id='word_1_250' title='bbox 715 3303 890 3373; x_wconf 87' lang='lat' dir='ltr'><strong>eloqui</strong></span> <span class='ocrx_word' id='word_1_251' title='bbox 929 3311 1104 3358; x_wconf 90' lang='lat' dir='ltr'><strong>tamen</strong></span> <span class='ocrx_word' id='word_1_252' title='bbox 1135 3317 1238 3356; x_wconf 92' lang='lat' dir='ltr'><strong>non</strong></span> <span class='ocrx_word' id='word_1_253' title='bbox 1266 3316 1590 3372; x_wconf 82' lang='lat' dir='ltr'><strong>possumus:</strong></span> <span class='ocrx_word' id='word_1_254' title='bbox 1629 3301 1771 3373; x_wconf 87' lang='lat' dir='ltr'><strong>quod</strong></span> <span class='ocrx_word' id='word_1_255' title='bbox 1801 3317 1896 3355; x_wconf 90' lang='lat' dir='ltr'><strong>au-</strong></span> 
     </span>
    </p>
   </div>
   <div class='ocr_carea' id='block_1_34' title="bbox 305 3394 1890 3466">
    <p class='ocr_par' dir='ltr' id='par_1_34' title="bbox 305 3394 1890 3466">
     <span class='ocr_line' id='line_1_34' title="bbox 305 3394 1890 3466; baseline -0.002 -15"><span class='ocrx_word' id='word_1_256' title='bbox 305 3409 410 3451; x_wconf 89' lang='lat' dir='ltr'><strong>tem</strong></span> <span class='ocrx_word' id='word_1_257' title='bbox 444 3413 556 3451; x_wconf 91' lang='lat' dir='ltr'><strong>non</strong></span> <span class='ocrx_word' id='word_1_258' title='bbox 603 3397 846 3450; x_wconf 89' lang='lat' dir='ltr'><strong>novimus</strong></span> <span class='ocrx_word' id='word_1_259' title='bbox 872 3439 885 3462; x_wconf 92' lang='lat'><strong>,</strong></span> <span class='ocrx_word' id='word_1_260' title='bbox 931 3395 1219 3466; x_wconf 86' lang='lat' dir='ltr'><strong>aliquando</strong></span> <span class='ocrx_word' id='word_1_261' title='bbox 1259 3394 1442 3466; x_wconf 86' lang='lat' dir='ltr'><strong>eloqui</strong></span> <span class='ocrx_word' id='word_1_262' title='bbox 1483 3410 1590 3450; x_wconf 92' lang='lat' dir='ltr'><strong>non</strong></span> <span class='ocrx_word' id='word_1_263' title='bbox 1631 3394 1890 3450; x_wconf 87' lang='lat' dir='ltr'><strong>valemus.</strong></span> 
     </span>
    </p>
   </div>
   <div class='ocr_carea' id='block_1_35' title="bbox 301 3485 1893 3557">
    <p class='ocr_par' dir='ltr' id='par_1_35' title="bbox 301 3485 1893 3557">
     <span class='ocr_line' id='line_1_35' title="bbox 301 3485 1893 3557; baseline -0.001 -16"><span class='ocrx_word' id='word_1_264' title='bbox 301 3488 436 3541; x_wconf 88' lang='lat' dir='ltr'><strong>Cum</strong></span> <span class='ocrx_word' id='word_1_265' title='bbox 469 3502 603 3557; x_wconf 84' lang='lat' dir='ltr'><strong>ergo</strong></span> <span class='ocrx_word' id='word_1_266' title='bbox 648 3485 762 3541; x_wconf 82' lang='lat' dir='ltr'><strong>ﬁeri</strong></span> <span class='ocrx_word' id='word_1_267' title='bbox 794 3487 961 3555; x_wconf 85' lang='lat' dir='ltr'><strong>possit</strong></span> <span class='ocrx_word' id='word_1_268' title='bbox 1003 3495 1064 3542; x_wconf 87' lang='lat' dir='ltr'><strong>ut</strong></span> <span class='ocrx_word' id='word_1_269' title='bbox 1091 3487 1133 3541; x_wconf 91' lang='lat' dir='ltr'><strong>si</strong></span> <span class='ocrx_word' id='word_1_270' title='bbox 1164 3501 1264 3557; x_wconf 85' lang='lat' dir='ltr'><strong>ego</strong></span> <span class='ocrx_word' id='word_1_271' title='bbox 1292 3486 1379 3540; x_wconf 90' lang='lat' dir='ltr'><strong>illa</strong></span> <span class='ocrx_word' id='word_1_272' title='bbox 1423 3500 1673 3552; x_wconf 89' lang='lat' dir='ltr'><strong>nossem,</strong></span> <span class='ocrx_word' id='word_1_273' title='bbox 1719 3485 1893 3554; x_wconf 85' lang='lat' dir='ltr'><strong>eloqui</strong></span> 
     </span>
    </p>
   </div>
   <div class='ocr_carea' id='block_1_36' title="bbox 305 3577 1890 3650">
    <p class='ocr_par' dir='ltr' id='par_1_36' title="bbox 305 3577 1890 3650">
     <span class='ocr_line' id='line_1_36' title="bbox 305 3577 1890 3650; baseline -0.003 -16"><span class='ocrx_word' id='word_1_274' title='bbox 305 3595 366 3634; x_wconf 84' lang='lat' dir='ltr'><strong>ea</strong></span> <span class='ocrx_word' id='word_1_275' title='bbox 414 3580 571 3637; x_wconf 80' lang='lat' dir='ltr'><strong>vobis</strong></span> <span class='ocrx_word' id='word_1_276' title='bbox 611 3594 716 3635; x_wconf 92' lang='lat' dir='ltr'><strong>non</strong></span> <span class='ocrx_word' id='word_1_277' title='bbox 761 3595 1013 3650; x_wconf 88' lang='lat' dir='ltr'><strong>possem;</strong></span> <span class='ocrx_word' id='word_1_278' title='bbox 1063 3589 1264 3650; x_wconf 88' lang='lat' dir='ltr'><strong>quanto</strong></span> <span class='ocrx_word' id='word_1_279' title='bbox 1311 3577 1580 3634; x_wconf 72' lang='lat' dir='ltr'><strong>difﬁcilius</strong></span> <span class='ocrx_word' id='word_1_280' title='bbox 1623 3577 1890 3648; x_wconf 88' lang='lat' dir='ltr'><strong>eloquium</strong></span> 
     </span>
    </p>
   </div>
   <div class='ocr_carea' id='block_1_37' title="bbox 302 3669 1896 3743">
    <p class='ocr_par' dir='ltr' id='par_1_37' title="bbox 302 3669 1896 3743">
     <span class='ocr_line' id='line_1_37' title="bbox 302 3669 1896 3743; baseline -0.001 -17"><span class='ocrx_word' id='word_1_281' title='bbox 302 3687 481 3726; x_wconf 88' lang='lat' dir='ltr'><strong>meum</strong></span> <span class='ocrx_word' id='word_1_282' title='bbox 513 3671 648 3735; x_wconf 90' lang='lat' dir='ltr'><strong>erit,</strong></span> <span class='ocrx_word' id='word_1_283' title='bbox 691 3670 905 3742; x_wconf 89' lang='lat' dir='ltr'><strong>quando</strong></span> <span class='ocrx_word' id='word_1_284' title='bbox 932 3681 986 3726; x_wconf 86' lang='lat' dir='ltr'><strong>et</strong></span> <span class='ocrx_word' id='word_1_285' title='bbox 1033 3687 1152 3743; x_wconf 82' lang='lat' dir='ltr'><strong>ego,</strong></span> <span class='ocrx_word' id='word_1_286' title='bbox 1203 3670 1435 3735; x_wconf 77' lang='lat' dir='ltr'><strong>fratres,</strong></span> <span class='ocrx_word' id='word_1_287' title='bbox 1479 3669 1757 3725; x_wconf 81' lang='lat' dir='ltr'><strong>vobiscum</strong></span> <span class='ocrx_word' id='word_1_288' title='bbox 1801 3685 1896 3739; x_wconf 86' lang='lat' dir='ltr'><strong>per</strong></span> 
     </span>
    </p>
   </div>
   <div class='ocr_carea' id='block_1_38' title="bbox 305 3763 1892 3833">
    <p class='ocr_par' dir='ltr' id='par_1_38' title="bbox 305 3763 1892 3833">
     <span class='ocr_line' id='line_1_38' title="bbox 305 3763 1892 3833; baseline 0 -17"><span class='ocrx_word' id='word_1_289' title='bbox 305 3763 461 3819; x_wconf 79' lang='lat' dir='ltr'><strong>ﬁdem</strong></span> <span class='ocrx_word' id='word_1_290' title='bbox 489 3763 709 3818; x_wconf 90' lang='lat' dir='ltr'><strong>ambulo</strong></span> <span class='ocrx_word' id='word_1_291' title='bbox 728 3806 741 3826; x_wconf 90' lang='lat'><strong>,</strong></span> <span class='ocrx_word' id='word_1_292' title='bbox 771 3763 1004 3818; x_wconf 92' lang='lat' dir='ltr'><strong>nondum</strong></span> <span class='ocrx_word' id='word_1_293' title='bbox 1036 3779 1128 3833; x_wconf 87' lang='lat' dir='ltr'><strong>per</strong></span> <span class='ocrx_word' id='word_1_294' title='bbox 1172 3763 1405 3833; x_wconf 90' lang='lat' dir='ltr'><strong>speciem</strong></span> <span class='ocrx_word' id='word_1_295' title='bbox 1425 3763 1451 3817; x_wconf 87' lang='lat'><strong>?</strong></span> <span class='ocrx_word' id='word_1_296' title='bbox 1480 3763 1587 3820; x_wconf 87' lang='lat' dir='ltr'><strong>Sed</strong></span> <span class='ocrx_word' id='word_1_297' title='bbox 1620 3763 1720 3817; x_wconf 90' lang='lat' dir='ltr'><strong>hoc</strong></span> <span class='ocrx_word' id='word_1_298' title='bbox 1759 3777 1892 3832; x_wconf 84' lang='lat' dir='ltr'><strong>ego,</strong></span> 
     </span>
    </p>
   </div>
   <div class='ocr_carea' id='block_1_39' title="bbox 302 3855 1892 3927">
    <p class='ocr_par' dir='ltr' id='par_1_39' title="bbox 302 3855 1892 3927">
     <span class='ocr_line' id='line_1_39' title="bbox 302 3855 1892 3927; baseline -0.003 -17"><span class='ocrx_word' id='word_1_299' title='bbox 302 3871 367 3910; x_wconf 90' lang='lat' dir='ltr'><strong>an</strong></span> <span class='ocrx_word' id='word_1_300' title='bbox 398 3863 455 3910; x_wconf 92' lang='lat' dir='ltr'><strong>et</strong></span> <span class='ocrx_word' id='word_1_301' title='bbox 495 3857 614 3927; x_wconf 86' lang='lat' dir='ltr'><strong>ipse</strong></span> <span class='ocrx_word' id='word_1_302' title='bbox 655 3855 982 3925; x_wconf 82' lang='lat' dir='ltr'><strong>Apostolus?</strong></span> <span class='ocrx_word' id='word_1_303' title='bbox 1012 3855 1143 3910; x_wconf 87' lang='lat' dir='ltr'><strong>Nam</strong></span> <span class='ocrx_word' id='word_1_304' title='bbox 1188 3855 1497 3910; x_wconf 81' lang='lat' dir='ltr'><strong>consolatur</strong></span> <span class='ocrx_word' id='word_1_305' title='bbox 1538 3855 1892 3924; x_wconf 80' lang='lat' dir='ltr'><strong>ignorantiam</strong></span> 
     </span>
    </p>
   </div>
   <div class='ocr_carea' id='block_1_40' title="bbox 303 3947 1897 4018">
    <p class='ocr_par' dir='ltr' id='par_1_40' title="bbox 303 3947 1897 4018">
     <span class='ocr_line' id='line_1_40' title="bbox 303 3947 1897 4018; baseline -0.001 -16"><span class='ocrx_word' id='word_1_306' title='bbox 303 3959 579 4016; x_wconf 87' lang='lat' dir='ltr'><strong>nostram,</strong></span> <span class='ocrx_word' id='word_1_307' title='bbox 610 3959 664 4004; x_wconf 91' lang='lat' dir='ltr'><strong>et</strong></span> <span class='ocrx_word' id='word_1_308' title='bbox 689 3949 915 4004; x_wconf 77' lang='lat' dir='ltr'><strong>aedificat</strong></span> <span class='ocrx_word' id='word_1_309' title='bbox 947 3948 1104 4004; x_wconf 79' lang='lat' dir='ltr'><strong>ﬁdem</strong></span> <span class='ocrx_word' id='word_1_310' title='bbox 1124 3991 1138 4014; x_wconf 96' lang='lat'><strong>,</strong></span> <span class='ocrx_word' id='word_1_311' title='bbox 1164 3949 1348 4004; x_wconf 88' lang='lat' dir='ltr'><strong>dicens</strong></span> <span class='ocrx_word' id='word_1_312' title='bbox 1377 3966 1392 4003; x_wconf 88' lang='lat'><strong>:</strong></span> <span class='ocrx_word' id='word_1_313' title='bbox 1426 3947 1666 4014; x_wconf 78' lang='lat' dir='ltr'><strong>Fratres,</strong></span> <span class='ocrx_word' id='word_1_314' title='bbox 1699 3964 1788 4018; x_wconf 82' lang='lat' dir='ltr'><strong>ego</strong></span> <span class='ocrx_word' id='word_1_315' title='bbox 1819 3963 1897 4000; x_wconf 87' lang='lat' dir='ltr'><strong>me</strong></span> 
     </span>
    </p>
   </div>
   <div class='ocr_carea' id='block_1_41' title="bbox 305 4040 1894 4113">
    <p class='ocr_par' dir='ltr' id='par_1_41' title="bbox 305 4040 1894 4113">
     <span class='ocr_line' id='line_1_41' title="bbox 305 4040 1894 4113; baseline -0.003 -17"><span class='ocrx_word' id='word_1_316' title='bbox 305 4059 404 4096; x_wconf 85' lang='lat' dir='ltr'><strong>non</strong></span> <span class='ocrx_word' id='word_1_317' title='bbox 435 4043 654 4096; x_wconf 78' lang='lat' dir='ltr'><strong>arbitror</strong></span> <span class='ocrx_word' id='word_1_318' title='bbox 697 4043 1108 4113; x_wconf 79' lang='lat' dir='ltr'><strong>apprelieudisse.</strong></span> <span class='ocrx_word' id='word_1_319' title='bbox 1145 4040 1314 4096; x_wconf 86' lang='lat' dir='ltr'><strong>Unum</strong></span> <span class='ocrx_word' id='word_1_320' title='bbox 1361 4050 1562 4106; x_wconf 83' lang='lat' dir='ltr'><strong>autent,</strong></span> <span class='ocrx_word' id='word_1_321' title='bbox 1609 4056 1720 4110; x_wconf 69' lang='lat' dir='ltr'><strong>qua:</strong></span> <span class='ocrx_word' id='word_1_322' title='bbox 1761 4052 1894 4093; x_wconf 86' lang='lat' dir='ltr'><strong>retro</strong></span> 
     </span>
    </p>
   </div>
   <div class='ocr_carea' id='block_1_42' title="bbox 305 4133 1894 4203">
    <p class='ocr_par' dir='ltr' id='par_1_42' title="bbox 305 4133 1894 4203">
     <span class='ocr_line' id='line_1_42' title="bbox 305 4133 1894 4203; baseline 0.001 -18"><span class='ocrx_word' id='word_1_323' title='bbox 305 4134 509 4198; x_wconf 77' lang='lat' dir='ltr'><strong>oblitus,</strong></span> <span class='ocrx_word' id='word_1_324' title='bbox 543 4133 597 4186; x_wconf 85' lang='lat' dir='ltr'><strong>in</strong></span> <span class='ocrx_word' id='word_1_325' title='bbox 625 4149 685 4187; x_wconf 88' lang='lat' dir='ltr'><strong>ea</strong></span> <span class='ocrx_word' id='word_1_326' title='bbox 710 4149 820 4203; x_wconf 77' lang='lat' dir='ltr'><strong>qua:</strong></span> <span class='ocrx_word' id='word_1_327' title='bbox 855 4143 973 4189; x_wconf 84' lang='lat' dir='ltr'><strong>ante</strong></span> <span class='ocrx_word' id='word_1_328' title='bbox 996 4143 1114 4187; x_wconf 85' lang='lat' dir='ltr'><strong>sunt</strong></span> <span class='ocrx_word' id='word_1_329' title='bbox 1140 4141 1369 4187; x_wconf 80' lang='lat' dir='ltr'><strong>extentus</strong></span> <span class='ocrx_word' id='word_1_330' title='bbox 1386 4175 1400 4200; x_wconf 94' lang='lat'><strong>,</strong></span> <span class='ocrx_word' id='word_1_331' title='bbox 1427 4133 1700 4188; x_wconf 84' lang='lat' dir='ltr'><strong>secundum</strong></span> <span class='ocrx_word' id='word_1_332' title='bbox 1726 4133 1894 4186; x_wconf 85' lang='lat' dir='ltr'><strong>inten-</strong></span> 
     </span>
    </p>
   </div>
   <div class='ocr_carea' id='block_1_43' title="bbox 307 4223 1892 4296">
    <p class='ocr_par' dir='ltr' id='par_1_43' title="bbox 307 4223 1892 4296">
     <span class='ocr_line' id='line_1_43' title="bbox 307 4223 1892 4296; baseline 0.002 -20"><span class='ocrx_word' id='word_1_333' title='bbox 307 4225 491 4279; x_wconf 83' lang='lat' dir='ltr'><strong>tionem</strong></span> <span class='ocrx_word' id='word_1_334' title='bbox 516 4241 697 4294; x_wconf 84' lang='lat' dir='ltr'><strong>sequor</strong></span> <span class='ocrx_word' id='word_1_335' title='bbox 725 4228 792 4277; x_wconf 85' lang='lat' dir='ltr'><strong>ad</strong></span> <span class='ocrx_word' id='word_1_336' title='bbox 816 4226 1041 4295; x_wconf 88' lang='lat' dir='ltr'><strong>palmam</strong></span> <span class='ocrx_word' id='word_1_337' title='bbox 1079 4241 1312 4296; x_wconf 75' lang='lat' dir='ltr'><strong>superna:</strong></span> <span class='ocrx_word' id='word_1_338' title='bbox 1337 4225 1606 4279; x_wconf 84' lang='lat' dir='ltr'><strong>vocationis</strong></span> <span class='ocrx_word' id='word_1_339' title='bbox 1633 4223 1892 4296; x_wconf 76' lang='lat' dir='ltr'><strong>(Philipp.</strong></span> 
     </span>
    </p>
   </div>
   <div class='ocr_carea' id='block_1_44' title="bbox 307 4315 1895 4386">
    <p class='ocr_par' dir='ltr' id='par_1_44' title="bbox 307 4315 1895 4386">
     <span class='ocr_line' id='line_1_44' title="bbox 307 4315 1895 4386; baseline 0.002 -18"><span class='ocrx_word' id='word_1_340' title='bbox 307 4330 388 4382; x_wconf 84' lang='lat' dir='ltr'><strong>Ill,</strong></span> <span class='ocrx_word' id='word_1_341' title='bbox 419 4317 488 4370; x_wconf 80' lang='lat' dir='ltr'><strong>l3</strong></span> <span class='ocrx_word' id='word_1_342' title='bbox 504 4326 550 4368; x_wconf 88' lang='lat' dir='ltr'><strong>et</strong></span> <span class='ocrx_word' id='word_1_343' title='bbox 578 4316 665 4386; x_wconf 63' lang='lat' dir='ltr'><strong>ll)</strong></span> <span class='ocrx_word' id='word_1_344' title='bbox 692 4335 705 4370; x_wconf 92' lang='lat'><em>:</em></span> <span class='ocrx_word' id='word_1_345' title='bbox 729 4315 869 4371; x_wconf 90' lang='lat' dir='ltr'><strong>unde</strong></span> <span class='ocrx_word' id='word_1_346' title='bbox 887 4331 945 4371; x_wconf 90' lang='lat' dir='ltr'><strong>se</strong></span> <span class='ocrx_word' id='word_1_347' title='bbox 974 4317 1308 4372; x_wconf 89' lang='lat' dir='ltr'><strong>demonstrat</strong></span> <span class='ocrx_word' id='word_1_348' title='bbox 1337 4317 1386 4372; x_wconf 87' lang='lat' dir='ltr'><strong>in</strong></span> <span class='ocrx_word' id='word_1_349' title='bbox 1416 4318 1500 4372; x_wconf 85' lang='lat' dir='ltr'><strong>via</strong></span> <span class='ocrx_word' id='word_1_350' title='bbox 1527 4332 1667 4372; x_wconf 87' lang='lat' dir='ltr'><strong>esse.</strong></span> <span class='ocrx_word' id='word_1_351' title='bbox 1701 4317 1765 4371; x_wconf 87' lang='lat' dir='ltr'><strong>Et</strong></span> <span class='ocrx_word' id='word_1_352' title='bbox 1793 4318 1895 4371; x_wconf 90' lang='lat' dir='ltr'><strong>alio</strong></span> 
     </span>
    </p>
   </div>
   <div class='ocr_carea' id='block_1_45' title="bbox 305 4406 1890 4480">
    <p class='ocr_par' dir='ltr' id='par_1_45' title="bbox 305 4406 1890 4480">
     <span class='ocr_line' id='line_1_45' title="bbox 305 4406 1890 4480; baseline 0.001 -20"><span class='ocrx_word' id='word_1_353' title='bbox 305 4406 466 4462; x_wconf 85' lang='lat' dir='ltr'><strong>loco:</strong></span> <span class='ocrx_word' id='word_1_354' title='bbox 505 4406 763 4473; x_wconf 80' lang='lat' dir='ltr'><strong>Quamdiu</strong></span> <span class='ocrx_word' id='word_1_355' title='bbox 788 4424 993 4474; x_wconf 86' lang='lat' dir='ltr'><strong>sumus,</strong></span> <span class='ocrx_word' id='word_1_356' title='bbox 1026 4409 1229 4479; x_wconf 88' lang='lat' dir='ltr'><strong>inquit,</strong></span> <span class='ocrx_word' id='word_1_357' title='bbox 1261 4409 1314 4463; x_wconf 87' lang='lat' dir='ltr'><strong>in</strong></span> <span class='ocrx_word' id='word_1_358' title='bbox 1345 4425 1574 4480; x_wconf 88' lang='lat' dir='ltr'><strong>corpore,</strong></span> <span class='ocrx_word' id='word_1_359' title='bbox 1607 4409 1890 4480; x_wconf 84' lang='lat' dir='ltr'><strong>peregrina-</strong></span> 
     </span>
    </p>
   </div>
   <div class='ocr_carea' id='block_1_46' title="bbox 303 4497 1898 4572">
    <p class='ocr_par' dir='ltr' id='par_1_46' title="bbox 303 4497 1898 4572">
     <span class='ocr_line' id='line_1_46' title="bbox 303 4497 1898 4572; baseline 0.006 -24"><span class='ocrx_word' id='word_1_360' title='bbox 303 4515 420 4551; x_wconf 82' lang='lat' dir='ltr'><strong>mur</strong></span> <span class='ocrx_word' id='word_1_361' title='bbox 455 4517 487 4550; x_wconf 81' lang='grc' dir='ltr'><em>α</em></span> <span class='ocrx_word' id='word_1_362' title='bbox 516 4497 736 4553; x_wconf 87' lang='lat' dir='ltr'><strong>Domino</strong></span> <span class='ocrx_word' id='word_1_363' title='bbox 762 4516 778 4554; x_wconf 93' lang='lat'><strong><em>:</em></strong></span> <span class='ocrx_word' id='word_1_364' title='bbox 814 4517 902 4570; x_wconf 89' lang='lat' dir='ltr'><strong>per</strong></span> <span class='ocrx_word' id='word_1_365' title='bbox 941 4500 1091 4569; x_wconf 83' lang='lat' dir='ltr'><strong>[idem</strong></span> <span class='ocrx_word' id='word_1_366' title='bbox 1119 4502 1250 4555; x_wconf 88' lang='lat' dir='ltr'><strong>enim</strong></span> <span class='ocrx_word' id='word_1_367' title='bbox 1278 4501 1598 4556; x_wconf 82' lang='lat' dir='ltr'><strong>ambulamus</strong></span> <span class='ocrx_word' id='word_1_368' title='bbox 1618 4545 1630 4568; x_wconf 94' lang='lat'><strong>,</strong></span> <span class='ocrx_word' id='word_1_369' title='bbox 1664 4520 1762 4556; x_wconf 87' lang='lat' dir='ltr'><strong>non</strong></span> <span class='ocrx_word' id='word_1_370' title='bbox 1808 4521 1898 4572; x_wconf 83' lang='lat' dir='ltr'><strong>per</strong></span> 
     </span>
    </p>
   </div>
   <div class='ocr_carea' id='block_1_47' title="bbox 302 4590 1894 4664">
    <p class='ocr_par' dir='ltr' id='par_1_47' title="bbox 302 4590 1894 4664">
     <span class='ocr_line' id='line_1_47' title="bbox 302 4590 1894 4664; baseline 0.002 -20"><span class='ocrx_word' id='word_1_371' title='bbox 302 4591 520 4659; x_wconf 75' lang='lat' dir='ltr'><strong>speciem</strong></span> <span class='ocrx_word' id='word_1_372' title='bbox 553 4591 620 4663; x_wconf 90' lang='lat' dir='ltr'><strong>(ll</strong></span> <span class='ocrx_word' id='word_1_373' title='bbox 653 4590 769 4646; x_wconf 88' lang='lat' dir='ltr'><strong>Cor.</strong></span> <span class='ocrx_word' id='word_1_374' title='bbox 799 4607 855 4656; x_wconf 90' lang='lat' dir='ltr'><strong>v,</strong></span> <span class='ocrx_word' id='word_1_375' title='bbox 886 4591 918 4646; x_wconf 92' lang='lat'><strong>6</strong></span> <span class='ocrx_word' id='word_1_376' title='bbox 941 4602 988 4646; x_wconf 85' lang='lat' dir='ltr'><strong>et</strong></span> <span class='ocrx_word' id='word_1_377' title='bbox 1011 4591 1088 4662; x_wconf 87' lang='lat'><strong>&#39;7).</strong></span> <span class='ocrx_word' id='word_1_378' title='bbox 1120 4593 1185 4647; x_wconf 87' lang='lat' dir='ltr'><strong>Et</strong></span> <span class='ocrx_word' id='word_1_379' title='bbox 1229 4594 1421 4647; x_wconf 88' lang='lat' dir='ltr'><strong>iterum</strong></span> <span class='ocrx_word' id='word_1_380' title='bbox 1449 4611 1461 4648; x_wconf 94' lang='lat'><strong>:</strong></span> <span class='ocrx_word' id='word_1_381' title='bbox 1497 4593 1602 4664; x_wconf 86' lang='lat' dir='ltr'><strong>Spe</strong></span> <span class='ocrx_word' id='word_1_382' title='bbox 1626 4595 1778 4660; x_wconf 86' lang='lat' dir='ltr'><strong>enim,</strong></span> <span class='ocrx_word' id='word_1_383' title='bbox 1809 4595 1894 4648; x_wconf 87' lang='lat' dir='ltr'><strong>in-</strong></span> 
     </span>
    </p>
   </div>
   <div class='ocr_carea' id='block_1_48' title="bbox 303 4684 1896 4756">
    <p class='ocr_par' dir='ltr' id='par_1_48' title="bbox 303 4684 1896 4756">
     <span class='ocr_line' id='line_1_48' title="bbox 303 4684 1896 4756; baseline 0.003 -19"><span class='ocrx_word' id='word_1_384' title='bbox 303 4685 448 4752; x_wconf 89' lang='lat' dir='ltr'><strong>quit,</strong></span> <span class='ocrx_word' id='word_1_385' title='bbox 491 4685 620 4738; x_wconf 76' lang='lat' dir='ltr'><strong>salui</strong></span> <span class='ocrx_word' id='word_1_386' title='bbox 659 4687 780 4755; x_wconf 78' lang='lat' dir='ltr'><strong>facti</strong></span> <span class='ocrx_word' id='word_1_387' title='bbox 807 4702 1002 4739; x_wconf 85' lang='lat' dir='ltr'><strong>sumus.</strong></span> <span class='ocrx_word' id='word_1_388' title='bbox 1039 4684 1168 4755; x_wconf 82' lang='lat' dir='ltr'><strong>Spes</strong></span> <span class='ocrx_word' id='word_1_389' title='bbox 1195 4695 1362 4740; x_wconf 84' lang='lat' dir='ltr'><strong>autem</strong></span> <span class='ocrx_word' id='word_1_390' title='bbox 1388 4702 1500 4756; x_wconf 72' lang='lat' dir='ltr'><strong>qua:</strong></span> <span class='ocrx_word' id='word_1_391' title='bbox 1534 4686 1744 4752; x_wconf 81' lang='lat' dir='ltr'><strong>videtur,</strong></span> <span class='ocrx_word' id='word_1_392' title='bbox 1794 4703 1896 4741; x_wconf 81' lang='lat' dir='ltr'><strong>non</strong></span> 
     </span>
    </p>
   </div>
   <div class='ocr_carea' id='block_1_49' title="bbox 303 4776 1894 4848">
    <p class='ocr_par' dir='ltr' id='par_1_49' title="bbox 303 4776 1894 4848">
     <span class='ocr_line' id='line_1_49' title="bbox 303 4776 1894 4848; baseline 0.003 -21"><span class='ocrx_word' id='word_1_393' title='bbox 303 4786 374 4828; x_wconf 80' lang='lat' dir='ltr'><strong>est</strong></span> <span class='ocrx_word' id='word_1_394' title='bbox 400 4793 517 4845; x_wconf 84' lang='lat' dir='ltr'><strong>spes</strong></span> <span class='ocrx_word' id='word_1_395' title='bbox 543 4792 562 4828; x_wconf 90' lang='lat'><strong><em>:</em></strong></span> <span class='ocrx_word' id='word_1_396' title='bbox 586 4776 721 4844; x_wconf 88' lang='lat' dir='ltr'><strong>quod</strong></span> <span class='ocrx_word' id='word_1_397' title='bbox 749 4777 881 4829; x_wconf 85' lang='lat' dir='ltr'><strong>enim</strong></span> <span class='ocrx_word' id='word_1_398' title='bbox 920 4777 1052 4830; x_wconf 82' lang='lat' dir='ltr'><strong>videt</strong></span> <span class='ocrx_word' id='word_1_399' title='bbox 1077 4778 1186 4847; x_wconf 83' lang='lat' dir='ltr'><strong>quis</strong></span> <span class='ocrx_word' id='word_1_400' title='bbox 1210 4820 1224 4844; x_wconf 94' lang='lat'><strong>,</strong></span> <span class='ocrx_word' id='word_1_401' title='bbox 1261 4778 1382 4848; x_wconf 85' lang='lat' dir='ltr'><strong>quid</strong></span> <span class='ocrx_word' id='word_1_402' title='bbox 1405 4779 1618 4848; x_wconf 81' lang='lat' dir='ltr'><strong>sperat?</strong></span> <span class='ocrx_word' id='word_1_403' title='bbox 1645 4778 1705 4833; x_wconf 87' lang='lat' dir='ltr'><strong>Si</strong></span> <span class='ocrx_word' id='word_1_404' title='bbox 1729 4790 1894 4832; x_wconf 84' lang='lat' dir='ltr'><strong>autent</strong></span> 
     </span>
    </p>
   </div>
   <div class='ocr_carea' id='block_1_50' title="bbox 303 4867 1896 4942">
    <p class='ocr_par' dir='ltr' id='par_1_50' title="bbox 303 4867 1896 4942">
     <span class='ocr_line' id='line_1_50' title="bbox 303 4867 1896 4942; baseline 0.006 -26"><span class='ocrx_word' id='word_1_405' title='bbox 303 4867 438 4934; x_wconf 82' lang='lat' dir='ltr'><strong>quod</strong></span> <span class='ocrx_word' id='word_1_406' title='bbox 460 4883 561 4918; x_wconf 85' lang='lat' dir='ltr'><strong>non</strong></span> <span class='ocrx_word' id='word_1_407' title='bbox 579 4867 803 4921; x_wconf 79' lang='lat' dir='ltr'><strong>ridemus</strong></span> <span class='ocrx_word' id='word_1_408' title='bbox 823 4884 1104 4936; x_wconf 83' lang='lat' dir='ltr'><strong>speramus,</strong></span> <span class='ocrx_word' id='word_1_409' title='bbox 1133 4885 1223 4939; x_wconf 86' lang='lat' dir='ltr'><strong>per</strong></span> <span class='ocrx_word' id='word_1_410' title='bbox 1241 4869 1532 4938; x_wconf 78' lang='lat' dir='ltr'><strong>patientiam</strong></span> <span class='ocrx_word' id='word_1_411' title='bbox 1554 4880 1896 4942; x_wconf 78' lang='lat' dir='ltr'><strong>exspectamus</strong></span> 
     </span>
    </p>
   </div>
   <div class='ocr_carea' id='block_1_51' title="bbox 301 4956 934 5028">
    <p class='ocr_par' dir='ltr' id='par_1_51' title="bbox 301 4956 934 5028">
     <span class='ocr_line' id='line_1_51' title="bbox 301 4956 934 5028; baseline 0.006 -20"><span class='ocrx_word' id='word_1_412' title='bbox 301 4956 480 5024; x_wconf 63' lang='lat' dir='ltr'><strong>\Rom.</strong></span> <span class='ocrx_word' id='word_1_413' title='bbox 506 4973 619 5019; x_wconf 86' lang='lat' dir='ltr'><strong>vm,</strong></span> <span class='ocrx_word' id='word_1_414' title='bbox 649 4957 716 5011; x_wconf 67' lang='lat'><strong>24</strong></span> <span class='ocrx_word' id='word_1_415' title='bbox 745 4968 792 5010; x_wconf 88' lang='lat' dir='ltr'><strong>et</strong></span> <span class='ocrx_word' id='word_1_416' title='bbox 819 4958 934 5028; x_wconf 75' lang='lat'><strong>25).</strong></span> 
     </span>
    </p>
   </div>
   <div class='ocr_carea' id='block_1_52' title="bbox 372 5046 1893 5120">
    <p class='ocr_par' dir='ltr' id='par_1_52' title="bbox 372 5046 1893 5120">
     <span class='ocr_line' id='line_1_52' title="bbox 372 5046 1893 5120; baseline 0.005 -19"><span class='ocrx_word' id='word_1_417' title='bbox 372 5046 604 5102; x_wconf 79' lang='lat' dir='ltr'><strong>CAPUT</strong></span> <span class='ocrx_word' id='word_1_418' title='bbox 648 5047 712 5101; x_wconf 74' lang='grc' dir='ltr'><strong>ν.</strong></span> <span class='ocrx_word' id='word_1_419' title='bbox 739 5078 810 5088; x_wconf 90' lang='grc'><strong>-</strong></span> <span class='ocrx_word' id='word_1_420' title='bbox 838 5049 891 5104; x_wconf 82' lang='lat'><strong>5.</strong></span> <span class='ocrx_word' id='word_1_421' title='bbox 929 5049 1153 5105; x_wconf 78' lang='lat' dir='ltr'><strong>Ecclesia</strong></span> <span class='ocrx_word' id='word_1_422' title='bbox 1182 5051 1324 5106; x_wconf 81' lang='lat' dir='ltr'><strong>docet</strong></span> <span class='ocrx_word' id='word_1_423' title='bbox 1356 5053 1492 5120; x_wconf 84' lang='lat' dir='ltr'><strong>quod</strong></span> <span class='ocrx_word' id='word_1_424' title='bbox 1519 5053 1758 5120; x_wconf 73' lang='lat' dir='ltr'><strong>credidit,</strong></span> <span class='ocrx_word' id='word_1_425' title='bbox 1793 5072 1893 5108; x_wconf 82' lang='lat' dir='ltr'><strong>non</strong></span> 
     </span>
    </p>
   </div>
   <div class='ocr_carea' id='block_1_53' title="bbox 299 5138 1894 5210">
    <p class='ocr_par' dir='ltr' id='par_1_53' title="bbox 299 5138 1894 5210">
     <span class='ocr_line' id='line_1_53' title="bbox 299 5138 1894 5210; baseline 0.008 -21"><span class='ocrx_word' id='word_1_426' title='bbox 299 5139 439 5207; x_wconf 80' lang='lat' dir='ltr'><strong>quod</strong></span> <span class='ocrx_word' id='word_1_427' title='bbox 496 5139 652 5192; x_wconf 78' lang='lat' dir='ltr'><strong>novit.</strong></span> <span class='ocrx_word' id='word_1_428' title='bbox 685 5138 774 5195; x_wconf 90' lang='lat' dir='ltr'><strong>Sic</strong></span> <span class='ocrx_word' id='word_1_429' title='bbox 805 5155 967 5210; x_wconf 88' lang='lat' dir='ltr'><strong>ergo,</strong></span> <span class='ocrx_word' id='word_1_430' title='bbox 1014 5140 1244 5208; x_wconf 83' lang='lat' dir='ltr'><strong>fratres,</strong></span> <span class='ocrx_word' id='word_1_431' title='bbox 1294 5143 1474 5198; x_wconf 88' lang='lat' dir='ltr'><strong>audite</strong></span> <span class='ocrx_word' id='word_1_432' title='bbox 1515 5159 1546 5198; x_wconf 89' lang='lat' dir='ltr'><strong>a</strong></span> <span class='ocrx_word' id='word_1_433' title='bbox 1587 5161 1674 5200; x_wconf 89' lang='lat' dir='ltr'><strong>me</strong></span> <span class='ocrx_word' id='word_1_434' title='bbox 1704 5160 1894 5201; x_wconf 88' lang='lat' dir='ltr'><strong>vocem</strong></span> 
     </span>
    </p>
   </div>
   <div class='ocr_carea' id='block_1_54' title="bbox 296 5231 1892 5304">
    <p class='ocr_par' dir='ltr' id='par_1_54' title="bbox 296 5231 1892 5304">
     <span class='ocr_line' id='line_1_54' title="bbox 296 5231 1892 5304; baseline 0.006 -21"><span class='ocrx_word' id='word_1_435' title='bbox 296 5247 422 5301; x_wconf 74' lang='lat' dir='ltr'><strong>qua:</strong></span> <span class='ocrx_word' id='word_1_436' title='bbox 450 5243 530 5286; x_wconf 89' lang='lat' dir='ltr'><strong>est</strong></span> <span class='ocrx_word' id='word_1_437' title='bbox 553 5231 604 5286; x_wconf 89' lang='lat' dir='ltr'><strong>in</strong></span> <span class='ocrx_word' id='word_1_438' title='bbox 633 5232 879 5302; x_wconf 84' lang='lat' dir='ltr'><strong>Psalmis,</strong></span> <span class='ocrx_word' id='word_1_439' title='bbox 912 5235 1074 5304; x_wconf 86' lang='lat' dir='ltr'><strong>piam,</strong></span> <span class='ocrx_word' id='word_1_440' title='bbox 1104 5235 1380 5301; x_wconf 85' lang='lat' dir='ltr'><strong>humilem,</strong></span> <span class='ocrx_word' id='word_1_441' title='bbox 1407 5248 1759 5304; x_wconf 89' lang='lat' dir='ltr'><strong>mansuetam,</strong></span> <span class='ocrx_word' id='word_1_442' title='bbox 1785 5254 1892 5294; x_wconf 90' lang='lat' dir='ltr'><strong>non</strong></span> 
     </span>
    </p>
   </div>
   <div class='ocr_carea' id='block_1_55' title="bbox 294 5324 1895 5398">
    <p class='ocr_par' dir='ltr' id='par_1_55' title="bbox 294 5324 1895 5398">
     <span class='ocr_line' id='line_1_55' title="bbox 294 5324 1895 5398; baseline 0.007 -23"><span class='ocrx_word' id='word_1_443' title='bbox 294 5324 518 5390; x_wconf 58' lang='lat' dir='ltr'><strong>elatam,</strong></span> <span class='ocrx_word' id='word_1_444' title='bbox 553 5339 659 5378; x_wconf 90' lang='lat' dir='ltr'><strong>non</strong></span> <span class='ocrx_word' id='word_1_445' title='bbox 685 5325 1064 5390; x_wconf 86' lang='lat' dir='ltr'><strong>turbulentam,</strong></span> <span class='ocrx_word' id='word_1_446' title='bbox 1093 5341 1198 5381; x_wconf 93' lang='lat' dir='ltr'><strong>non</strong></span> <span class='ocrx_word' id='word_1_447' title='bbox 1227 5329 1575 5398; x_wconf 66' lang='lat' dir='ltr'><strong>praecipitem,</strong></span> <span class='ocrx_word' id='word_1_448' title='bbox 1605 5345 1709 5383; x_wconf 91' lang='lat' dir='ltr'><strong>non</strong></span> <span class='ocrx_word' id='word_1_449' title='bbox 1737 5340 1895 5386; x_wconf 79' lang='lat' dir='ltr'><strong>teme-</strong></span> 
     </span>
    </p>
   </div>
   <div class='ocr_carea' id='block_1_56' title="bbox 294 5415 1890 5488">
    <p class='ocr_par' dir='ltr' id='par_1_56' title="bbox 294 5415 1890 5488">
     <span class='ocr_line' id='line_1_56' title="bbox 294 5415 1890 5488; baseline 0.004 -20"><span class='ocrx_word' id='word_1_450' title='bbox 294 5415 518 5469; x_wconf 85' lang='lat' dir='ltr'><strong>rariam.</strong></span> <span class='ocrx_word' id='word_1_451' title='bbox 551 5415 642 5469; x_wconf 83' lang='lat' dir='ltr'><strong>Ait</strong></span> <span class='ocrx_word' id='word_1_452' title='bbox 663 5416 806 5470; x_wconf 91' lang='lat' dir='ltr'><strong>enim</strong></span> <span class='ocrx_word' id='word_1_453' title='bbox 835 5415 1066 5487; x_wconf 87' lang='lat' dir='ltr'><strong>quodam</strong></span> <span class='ocrx_word' id='word_1_454' title='bbox 1102 5417 1163 5471; x_wconf 88' lang='lat' dir='ltr'><strong>in</strong></span> <span class='ocrx_word' id='word_1_455' title='bbox 1191 5418 1311 5473; x_wconf 88' lang='lat' dir='ltr'><strong>loco</strong></span> <span class='ocrx_word' id='word_1_456' title='bbox 1341 5419 1583 5474; x_wconf 86' lang='lat' dir='ltr'><strong>Psalmus</strong></span> <span class='ocrx_word' id='word_1_457' title='bbox 1608 5439 1620 5474; x_wconf 94' lang='lat'>:</span> <span class='ocrx_word' id='word_1_458' title='bbox 1666 5421 1890 5488; x_wconf 81' lang='lat' dir='ltr'><strong>Credidi,</strong></span> 
     </span>
    </p>
   </div>
   <div class='ocr_carea' id='block_1_57' title="bbox 294 5508 1889 5581">
    <p class='ocr_par' dir='ltr' id='par_1_57' title="bbox 294 5508 1889 5581">
     <span class='ocr_line' id='line_1_57' title="bbox 294 5508 1889 5581; baseline 0.005 -22"><span class='ocrx_word' id='word_1_459' title='bbox 294 5519 510 5577; x_wconf 79' lang='lat' dir='ltr'><strong>prapter</strong></span> <span class='ocrx_word' id='word_1_460' title='bbox 537 5509 672 5579; x_wconf 84' lang='lat' dir='ltr'><strong>quod</strong></span> <span class='ocrx_word' id='word_1_461' title='bbox 691 5509 891 5564; x_wconf 86' lang='lat' dir='ltr'><strong>locutus</strong></span> <span class='ocrx_word' id='word_1_462' title='bbox 915 5523 1046 5564; x_wconf 85' lang='lat' dir='ltr'><strong>sum.</strong></span> <span class='ocrx_word' id='word_1_463' title='bbox 1076 5508 1146 5564; x_wconf 83' lang='lat' dir='ltr'><strong>Et</strong></span> <span class='ocrx_word' id='word_1_464' title='bbox 1173 5510 1492 5581; x_wconf 80' lang='lat' dir='ltr'><strong>interposuit</strong></span> <span class='ocrx_word' id='word_1_465' title='bbox 1517 5512 1620 5567; x_wconf 86' lang='lat' dir='ltr'><strong>hoc</strong></span> <span class='ocrx_word' id='word_1_466' title='bbox 1647 5513 1889 5568; x_wconf 84' lang='lat' dir='ltr'><strong>testium-</strong></span> 
     </span>
    </p>
   </div>
   <div class='ocr_carea' id='block_1_58' title="bbox 291 5601 1888 5673">
    <p class='ocr_par' dir='ltr' id='par_1_58' title="bbox 291 5601 1888 5673">
     <span class='ocr_line' id='line_1_58' title="bbox 291 5601 1888 5673; baseline 0.003 -16"><span class='ocrx_word' id='word_1_467' title='bbox 291 5602 446 5657; x_wconf 84' lang='lat' dir='ltr'><strong>nium</strong></span> <span class='ocrx_word' id='word_1_468' title='bbox 478 5601 768 5670; x_wconf 81' lang='lat' dir='ltr'><strong>Apostolus</strong></span> <span class='ocrx_word' id='word_1_469' title='bbox 792 5642 808 5669; x_wconf 93' lang='lat'><strong>,</strong></span> <span class='ocrx_word' id='word_1_470' title='bbox 856 5611 1016 5673; x_wconf 81' lang='lat' dir='ltr'><strong>atque</strong></span> <span class='ocrx_word' id='word_1_471' title='bbox 1061 5601 1324 5670; x_wconf 85' lang='lat' dir='ltr'><strong>subjecit:</strong></span> <span class='ocrx_word' id='word_1_472' title='bbox 1359 5601 1427 5657; x_wconf 83' lang='lat' dir='ltr'><strong>Et</strong></span> <span class='ocrx_word' id='word_1_473' title='bbox 1467 5619 1560 5658; x_wconf 83' lang='lat' dir='ltr'><strong>nos</strong></span> <span class='ocrx_word' id='word_1_474' title='bbox 1602 5604 1850 5661; x_wconf 82' lang='lat' dir='ltr'><strong>credimus</strong></span> <span class='ocrx_word' id='word_1_475' title='bbox 1875 5649 1888 5670; x_wconf 90' lang='lat'><strong>,</strong></span> 
     </span>
    </p>
   </div>
   <div class='ocr_carea' id='block_1_59' title="bbox 292 5691 1889 5767">
    <p class='ocr_par' dir='ltr' id='par_1_59' title="bbox 292 5691 1889 5767">
     <span class='ocr_line' id='line_1_59' title="bbox 292 5691 1889 5767; baseline 0.003 -22"><span class='ocrx_word' id='word_1_476' title='bbox 292 5702 505 5763; x_wconf 79' lang='lat' dir='ltr'><strong>propter</strong></span> <span class='ocrx_word' id='word_1_477' title='bbox 519 5693 656 5762; x_wconf 80' lang='lat' dir='ltr'><strong>quod</strong></span> <span class='ocrx_word' id='word_1_478' title='bbox 673 5702 719 5746; x_wconf 88' lang='lat' dir='ltr'><strong>et</strong></span> <span class='ocrx_word' id='word_1_479' title='bbox 738 5692 1018 5764; x_wconf 87' lang='lat' dir='ltr'><strong>loquimur(</strong></span> <span class='ocrx_word' id='word_1_480' title='bbox 1031 5691 1174 5748; x_wconf 86' lang='lat' dir='ltr'><strong>Psal.</strong></span> <span class='ocrx_word' id='word_1_481' title='bbox 1192 5707 1320 5760; x_wconf 69' lang='grc' dir='ltr'><strong>σιν,</strong></span> <span class='ocrx_word' id='word_1_482' title='bbox 1335 5695 1424 5759; x_wconf 83' lang='grc'><strong>10,</strong></span> <span class='ocrx_word' id='word_1_483' title='bbox 1439 5705 1484 5750; x_wconf 85' lang='lat' dir='ltr'><strong>et</strong></span> <span class='ocrx_word' id='word_1_484' title='bbox 1497 5695 1538 5750; x_wconf 85' lang='lat' dir='ltr'><strong>ll</strong></span> <span class='ocrx_word' id='word_1_485' title='bbox 1552 5696 1668 5750; x_wconf 85' lang='lat' dir='ltr'><strong>Cor.</strong></span> <span class='ocrx_word' id='word_1_486' title='bbox 1685 5713 1756 5759; x_wconf 84' lang='lat' dir='ltr'><strong>tv,</strong></span> <span class='ocrx_word' id='word_1_487' title='bbox 1776 5698 1864 5767; x_wconf 79' lang='grc'><strong>15)</strong></span> <span class='ocrx_word' id='word_1_488' title='bbox 1877 5736 1889 5750; x_wconf 94' lang='grc'><strong>.</strong></span> 
     </span>
    </p>
   </div>
   <div class='ocr_carea' id='block_1_60' title="bbox 293 5781 1891 5858">
    <p class='ocr_par' dir='ltr' id='par_1_60' title="bbox 293 5781 1891 5858">
     <span class='ocr_line' id='line_1_60' title="bbox 293 5781 1891 5858; baseline 0.006 -21"><span class='ocrx_word' id='word_1_489' title='bbox 293 5781 474 5841; x_wconf 73' lang='lat' dir='ltr'><strong>Vultis</strong></span> <span class='ocrx_word' id='word_1_490' title='bbox 496 5799 628 5856; x_wconf 76' lang='lat' dir='ltr'><strong>ergo</strong></span> <span class='ocrx_word' id='word_1_491' title='bbox 655 5800 717 5842; x_wconf 85' lang='lat' dir='ltr'><strong>ea</strong></span> <span class='ocrx_word' id='word_1_492' title='bbox 741 5800 827 5841; x_wconf 90' lang='lat' dir='ltr'><strong>me</strong></span> <span class='ocrx_word' id='word_1_493' title='bbox 848 5783 1026 5841; x_wconf 85' lang='lat' dir='ltr'><strong>dicere</strong></span> <span class='ocrx_word' id='word_1_494' title='bbox 1047 5799 1166 5856; x_wconf 76' lang='lat' dir='ltr'><strong>quae</strong></span> <span class='ocrx_word' id='word_1_495' title='bbox 1191 5786 1346 5842; x_wconf 83' lang='lat' dir='ltr'><strong>novi?</strong></span> <span class='ocrx_word' id='word_1_496' title='bbox 1371 5786 1486 5843; x_wconf 82' lang='lat' dir='ltr'><strong>Non</strong></span> <span class='ocrx_word' id='word_1_497' title='bbox 1508 5803 1604 5844; x_wconf 82' lang='lat' dir='ltr'><strong>vos</strong></span> <span class='ocrx_word' id='word_1_498' title='bbox 1627 5787 1772 5858; x_wconf 79' lang='lat' dir='ltr'><strong>fallo,</strong></span> <span class='ocrx_word' id='word_1_499' title='bbox 1801 5807 1891 5847; x_wconf 86' lang='lat' dir='ltr'><strong>au-</strong></span> 
     </span>
    </p>
   </div>
   <div class='ocr_carea' id='block_1_61' title="bbox 1689 336 2244 397">
    <p class='ocr_par' dir='ltr' id='par_1_61' title="bbox 1689 336 2244 397">
     <span class='ocr_line' id='line_1_61' title="bbox 1689 336 2244 397; baseline 0.004 -3"><span class='ocrx_word' id='word_1_500' title='bbox 1689 337 1917 394; x_wconf 73' lang='lat' dir='ltr'><strong>SERMO</strong></span> <span class='ocrx_word' id='word_1_501' title='bbox 1954 336 2244 397; x_wconf 77' lang='lat' dir='ltr'><strong>CCCLX&quot;.</strong></span> 
     </span>
    </p>
   </div>
   <div class='ocr_carea' id='block_1_62' title="bbox 3464 366 3594 424">
    <p class='ocr_par' dir='ltr' id='par_1_62' title="bbox 3464 366 3594 424">
     <span class='ocr_line' id='line_1_62' title="bbox 3464 366 3594 424; baseline 0.031 -4"><span class='ocrx_word' id='word_1_502' title='bbox 3464 366 3594 424; x_wconf 67' lang='lat' dir='ltr'><strong>16M</strong></span> 
     </span>
    </p>
   </div>
   <div class='ocr_carea' id='block_1_63' title="bbox 2011 449 3590 541">
    <p class='ocr_par' dir='ltr' id='par_1_63' title="bbox 2011 449 3590 541">
     <span class='ocr_line' id='line_1_63' title="bbox 2011 449 3590 541; baseline 0.018 -37"><span class='ocrx_word' id='word_1_503' title='bbox 2011 449 2120 506; x_wconf 88' lang='lat' dir='ltr'><strong>dite</strong></span> <span class='ocrx_word' id='word_1_504' title='bbox 2140 454 2282 522; x_wconf 91' lang='lat' dir='ltr'><strong>quod</strong></span> <span class='ocrx_word' id='word_1_505' title='bbox 2309 455 2530 511; x_wconf 91' lang='lat' dir='ltr'><strong>credidi.</strong></span> <span class='ocrx_word' id='word_1_506' title='bbox 2561 457 2674 514; x_wconf 88' lang='lat' dir='ltr'><strong>Non</strong></span> <span class='ocrx_word' id='word_1_507' title='bbox 2702 459 2852 516; x_wconf 89' lang='lat' dir='ltr'><strong>vobis</strong></span> <span class='ocrx_word' id='word_1_508' title='bbox 2883 462 3120 533; x_wconf 84' lang='lat' dir='ltr'><strong>vilescat,</strong></span> <span class='ocrx_word' id='word_1_509' title='bbox 3151 467 3272 538; x_wconf 87' lang='lat' dir='ltr'><strong>quia</strong></span> <span class='ocrx_word' id='word_1_510' title='bbox 3301 472 3443 541; x_wconf 90' lang='lat' dir='ltr'><strong>quod</strong></span> <span class='ocrx_word' id='word_1_511' title='bbox 3468 489 3590 532; x_wconf 85' lang='lat' dir='ltr'><strong>cre-</strong></span> 
     </span>
    </p>
   </div>
   <div class='ocr_carea' id='block_1_64' title="bbox 2007 542 3591 624">
    <p class='ocr_par' dir='ltr' id='par_1_64' title="bbox 2007 542 3591 624">
     <span class='ocr_line' id='line_1_64' title="bbox 2007 542 3591 624; baseline 0.017 -27"><span class='ocrx_word' id='word_1_512' title='bbox 2007 542 2115 598; x_wconf 90' lang='lat' dir='ltr'><strong>didi</strong></span> <span class='ocrx_word' id='word_1_513' title='bbox 2141 545 2372 601; x_wconf 87' lang='lat' dir='ltr'><strong>auditis:</strong></span> <span class='ocrx_word' id='word_1_514' title='bbox 2399 548 2594 604; x_wconf 88' lang='lat' dir='ltr'><strong>auditis</strong></span> <span class='ocrx_word' id='word_1_515' title='bbox 2635 552 2777 608; x_wconf 89' lang='lat' dir='ltr'><strong>enim</strong></span> <span class='ocrx_word' id='word_1_516' title='bbox 2809 569 3052 612; x_wconf 86' lang='lat' dir='ltr'><strong>veraccm</strong></span> <span class='ocrx_word' id='word_1_517' title='bbox 3091 559 3504 620; x_wconf 79' lang='lat' dir='ltr'><strong>confessionem.</strong></span> <span class='ocrx_word' id='word_1_518' title='bbox 3537 567 3591 624; x_wconf 85' lang='lat' dir='ltr'><strong>Si</strong></span> 
     </span>
    </p>
   </div>
   <div class='ocr_carea' id='block_1_65' title="bbox 2005 634 3594 712">
    <p class='ocr_par' dir='ltr' id='par_1_65' title="bbox 2005 634 3594 712">
     <span class='ocr_line' id='line_1_65' title="bbox 2005 634 3594 712; baseline 0.016 -26"><span class='ocrx_word' id='word_1_519' title='bbox 2005 641 2183 689; x_wconf 85' lang='lat' dir='ltr'><strong>autem</strong></span> <span class='ocrx_word' id='word_1_520' title='bbox 2208 634 2440 692; x_wconf 86' lang='lat' dir='ltr'><strong>dicerem</strong></span> <span class='ocrx_word' id='word_1_521' title='bbox 2464 678 2478 700; x_wconf 87' lang='lat'><strong>,</strong></span> <span class='ocrx_word' id='word_1_522' title='bbox 2514 639 2704 696; x_wconf 84' lang='lat' dir='ltr'><strong>Audite</strong></span> <span class='ocrx_word' id='word_1_523' title='bbox 2729 643 2870 712; x_wconf 89' lang='lat' dir='ltr'><strong>quod</strong></span> <span class='ocrx_word' id='word_1_524' title='bbox 2898 647 3050 712; x_wconf 89' lang='lat' dir='ltr'><strong>novi;</strong></span> <span class='ocrx_word' id='word_1_525' title='bbox 3080 648 3336 708; x_wconf 88' lang='lat' dir='ltr'><strong>audiretis</strong></span> <span class='ocrx_word' id='word_1_526' title='bbox 3363 664 3594 712; x_wconf 86' lang='lat' dir='ltr'><strong>temera-</strong></span> 
     </span>
    </p>
   </div>
   <div class='ocr_carea' id='block_1_66' title="bbox 2005 724 3593 809">
    <p class='ocr_par' dir='ltr' id='par_1_66' title="bbox 2005 724 3593 809">
     <span class='ocr_line' id='line_1_66' title="bbox 2005 724 3593 809; baseline 0.016 -32"><span class='ocrx_word' id='word_1_527' title='bbox 2005 724 2139 778; x_wconf 88' lang='lat' dir='ltr'><strong>riam</strong></span> <span class='ocrx_word' id='word_1_528' title='bbox 2168 729 2660 797; x_wconf 64' lang='lat' dir='ltr'><strong>przesumptionem.</strong></span> <span class='ocrx_word' id='word_1_529' title='bbox 2692 732 2746 788; x_wconf 93' lang='lat' dir='ltr'><strong>Si</strong></span> <span class='ocrx_word' id='word_1_530' title='bbox 2777 749 2922 804; x_wconf 86' lang='lat' dir='ltr'><strong>ergo,</strong></span> <span class='ocrx_word' id='word_1_531' title='bbox 2953 736 3179 805; x_wconf 83' lang='lat' dir='ltr'><strong>fratres,</strong></span> <span class='ocrx_word' id='word_1_532' title='bbox 3230 757 3419 800; x_wconf 87' lang='lat' dir='ltr'><strong>omnes</strong></span> <span class='ocrx_word' id='word_1_533' title='bbox 3461 761 3593 809; x_wconf 85' lang='lat' dir='ltr'><strong>nos.</strong></span> 
     </span>
    </p>
   </div>
   <div class='ocr_carea' id='block_1_67' title="bbox 2007 818 3589 906">
    <p class='ocr_par' dir='ltr' id='par_1_67' title="bbox 2007 818 3589 906">
     <span class='ocr_line' id='line_1_67' title="bbox 2007 818 3589 906; baseline 0.015 -37"><span class='ocrx_word' id='word_1_534' title='bbox 2007 824 2080 880; x_wconf 90' lang='lat' dir='ltr'><strong>et,</strong></span> <span class='ocrx_word' id='word_1_535' title='bbox 2116 826 2172 870; x_wconf 91' lang='lat' dir='ltr'><strong>nt</strong></span> <span class='ocrx_word' id='word_1_536' title='bbox 2197 818 2464 874; x_wconf 89' lang='lat' dir='ltr'><strong>credimus</strong></span> <span class='ocrx_word' id='word_1_537' title='bbox 2490 833 2794 878; x_wconf 87' lang='lat' dir='ltr'><strong>sanctorum</strong></span> <span class='ocrx_word' id='word_1_538' title='bbox 2823 825 3045 895; x_wconf 89' lang='lat' dir='ltr'><strong>litteris,</strong></span> <span class='ocrx_word' id='word_1_539' title='bbox 3093 846 3284 887; x_wconf 90' lang='lat' dir='ltr'><strong>omnes</strong></span> <span class='ocrx_word' id='word_1_540' title='bbox 3307 836 3466 889; x_wconf 89' lang='lat' dir='ltr'><strong>etiam</strong></span> <span class='ocrx_word' id='word_1_541' title='bbox 3497 839 3589 906; x_wconf 86' lang='lat' dir='ltr'><strong>qui</strong></span> 
     </span>
    </p>
   </div>
   <div class='ocr_carea' id='block_1_68' title="bbox 2002 909 3590 999">
    <p class='ocr_par' dir='ltr' id='par_1_68' title="bbox 2002 909 3590 999">
     <span class='ocr_line' id='line_1_68' title="bbox 2002 909 3590 999; baseline 0.017 -41"><span class='ocrx_word' id='word_1_542' title='bbox 2002 915 2124 961; x_wconf 89' lang='lat' dir='ltr'><strong>ante</strong></span> <span class='ocrx_word' id='word_1_543' title='bbox 2153 923 2250 963; x_wconf 90' lang='lat' dir='ltr'><strong>nos</strong></span> <span class='ocrx_word' id='word_1_544' title='bbox 2272 909 2322 963; x_wconf 91' lang='lat' dir='ltr'><strong>in</strong></span> <span class='ocrx_word' id='word_1_545' title='bbox 2355 925 2516 966; x_wconf 90' lang='lat' dir='ltr'><strong>carne</strong></span> <span class='ocrx_word' id='word_1_546' title='bbox 2545 914 2808 984; x_wconf 80' lang='lat' dir='ltr'><strong>vixerunt,</strong></span> <span class='ocrx_word' id='word_1_547' title='bbox 2837 927 2890 971; x_wconf 90' lang='lat' dir='ltr'><strong>et</strong></span> <span class='ocrx_word' id='word_1_548' title='bbox 2918 935 3015 988; x_wconf 84' lang='lat' dir='ltr'><strong>per</strong></span> <span class='ocrx_word' id='word_1_549' title='bbox 3039 936 3176 990; x_wconf 90' lang='lat' dir='ltr'><strong>quos</strong></span> <span class='ocrx_word' id='word_1_550' title='bbox 3204 924 3426 995; x_wconf 90' lang='lat' dir='ltr'><strong>loquens</strong></span> <span class='ocrx_word' id='word_1_551' title='bbox 3465 929 3590 999; x_wconf 81' lang='lat' dir='ltr'><strong>Spi-</strong></span> 
     </span>
    </p>
   </div>
   <div class='ocr_carea' id='block_1_69' title="bbox 2002 1000 3592 1086">
    <p class='ocr_par' dir='ltr' id='par_1_69' title="bbox 2002 1000 3592 1086">
     <span class='ocr_line' id='line_1_69' title="bbox 2002 1000 3592 1086; baseline 0.015 -33"><span class='ocrx_word' id='word_1_552' title='bbox 2002 1000 2136 1055; x_wconf 88' lang='lat' dir='ltr'><strong>ritus</strong></span> <span class='ocrx_word' id='word_1_553' title='bbox 2162 1001 2258 1056; x_wconf 89' lang='lat' dir='ltr'><strong>Dei</strong></span> <span class='ocrx_word' id='word_1_554' title='bbox 2300 1003 2572 1060; x_wconf 84' lang='lat' dir='ltr'><strong>distribuit</strong></span> <span class='ocrx_word' id='word_1_555' title='bbox 2611 1008 2916 1065; x_wconf 89' lang='lat' dir='ltr'><strong>hominibus</strong></span> <span class='ocrx_word' id='word_1_556' title='bbox 2947 1022 3147 1069; x_wconf 87' lang='lat' dir='ltr'><strong>tantum</strong></span> <span class='ocrx_word' id='word_1_557' title='bbox 3176 1027 3430 1086; x_wconf 87' lang='lat' dir='ltr'><strong>quantum</strong></span> <span class='ocrx_word' id='word_1_558' title='bbox 3459 1024 3592 1078; x_wconf 83' lang='lat' dir='ltr'><strong>satis</strong></span> 
     </span>
    </p>
   </div>
   <div class='ocr_carea' id='block_1_70' title="bbox 2002 1093 3592 1178">
    <p class='ocr_par' dir='ltr' id='par_1_70' title="bbox 2002 1093 3592 1178">
     <span class='ocr_line' id='line_1_70' title="bbox 2002 1093 3592 1178; baseline 0.016 -33"><span class='ocrx_word' id='word_1_559' title='bbox 2002 1101 2146 1148; x_wconf 83' lang='lat' dir='ltr'><strong>esset</strong></span> <span class='ocrx_word' id='word_1_560' title='bbox 2175 1093 2461 1163; x_wconf 80' lang='lat' dir='ltr'><strong>signiﬁcari</strong></span> <span class='ocrx_word' id='word_1_561' title='bbox 2491 1100 2983 1170; x_wconf 86' lang='lat' dir='ltr'><strong>peregrinantibus,</strong></span> <span class='ocrx_word' id='word_1_562' title='bbox 3025 1120 3212 1162; x_wconf 90' lang='lat' dir='ltr'><strong>omnes</strong></span> <span class='ocrx_word' id='word_1_563' title='bbox 3252 1110 3392 1178; x_wconf 88' lang='lat' dir='ltr'><strong>quod</strong></span> <span class='ocrx_word' id='word_1_564' title='bbox 3419 1114 3592 1169; x_wconf 88' lang='lat' dir='ltr'><strong>credi-</strong></span> 
     </span>
    </p>
   </div>
   <div class='ocr_carea' id='block_1_71' title="bbox 2001 1183 3588 1269">
    <p class='ocr_par' dir='ltr' id='par_1_71' title="bbox 2001 1183 3588 1269">
     <span class='ocr_line' id='line_1_71' title="bbox 2001 1183 3588 1269; baseline 0.016 -33"><span class='ocrx_word' id='word_1_565' title='bbox 2001 1197 2120 1236; x_wconf 88' lang='lat' dir='ltr'><strong>mus</strong></span> <span class='ocrx_word' id='word_1_566' title='bbox 2148 1183 2453 1253; x_wconf 89' lang='lat' dir='ltr'><strong>loquimur:</strong></span> <span class='ocrx_word' id='word_1_567' title='bbox 2490 1189 2744 1246; x_wconf 90' lang='lat' dir='ltr'><strong>Dominus</strong></span> <span class='ocrx_word' id='word_1_568' title='bbox 2786 1202 2962 1247; x_wconf 91' lang='lat' dir='ltr'><strong>autem</strong></span> <span class='ocrx_word' id='word_1_569' title='bbox 3005 1195 3152 1264; x_wconf 86' lang='lat' dir='ltr'><strong>ipse,</strong></span> <span class='ocrx_word' id='word_1_570' title='bbox 3198 1214 3314 1269; x_wconf 84' lang='lat' dir='ltr'><strong>qu:e</strong></span> <span class='ocrx_word' id='word_1_571' title='bbox 3346 1217 3588 1264; x_wconf 81' lang='lat' dir='ltr'><strong>noverat.</strong></span> 
     </span>
    </p>
   </div>
   <div class='ocr_carea' id='block_1_72' title="bbox 1999 1274 3582 1352">
    <p class='ocr_par' dir='ltr' id='par_1_72' title="bbox 1999 1274 3582 1352">
     <span class='ocr_line' id='line_1_72' title="bbox 1999 1274 3582 1352; baseline 0.016 -25"><span class='ocrx_word' id='word_1_572' title='bbox 1999 1274 2137 1342; x_wconf 84' lang='lat' dir='ltr'><strong>Quid</strong></span> <span class='ocrx_word' id='word_1_573' title='bbox 2170 1277 2348 1347; x_wconf 83' lang='lat' dir='ltr'><strong>igitur,</strong></span> <span class='ocrx_word' id='word_1_574' title='bbox 2377 1279 2421 1334; x_wconf 90' lang='lat' dir='ltr'><strong>si</strong></span> <span class='ocrx_word' id='word_1_575' title='bbox 2453 1281 2597 1336; x_wconf 86' lang='lat' dir='ltr'><strong>solus</strong></span> <span class='ocrx_word' id='word_1_576' title='bbox 2628 1283 2883 1339; x_wconf 87' lang='lat' dir='ltr'><strong>Dominus</strong></span> <span class='ocrx_word' id='word_1_577' title='bbox 2907 1285 2975 1342; x_wconf 91' lang='lat' dir='ltr'><strong>de</strong></span> <span class='ocrx_word' id='word_1_578' title='bbox 3003 1288 3108 1342; x_wconf 87' lang='lat' dir='ltr'><strong>vita</strong></span> <span class='ocrx_word' id='word_1_579' title='bbox 3137 1290 3186 1344; x_wconf 93' lang='lat' dir='ltr'><strong>in</strong></span> <span class='ocrx_word' id='word_1_580' title='bbox 3214 1302 3470 1350; x_wconf 80' lang='lat' dir='ltr'><strong>a-ternum</strong></span> <span class='ocrx_word' id='word_1_581' title='bbox 3499 1297 3582 1352; x_wconf 79' lang='lat' dir='ltr'><strong>fu-</strong></span> 
     </span>
    </p>
   </div>
   <div class='ocr_carea' id='block_1_73' title="bbox 2002 1375 3586 1455">
    <p class='ocr_par' dir='ltr' id='par_1_73' title="bbox 2002 1375 3586 1455">
     <span class='ocr_line' id='line_1_73' title="bbox 2002 1375 3586 1455; baseline 0.015 -35"><span class='ocrx_word' id='word_1_582' title='bbox 2002 1376 2118 1422; x_wconf 90' lang='lat' dir='ltr'><strong>tura</strong></span> <span class='ocrx_word' id='word_1_583' title='bbox 2147 1384 2306 1425; x_wconf 90' lang='lat' dir='ltr'><strong>nosse</strong></span> <span class='ocrx_word' id='word_1_584' title='bbox 2337 1381 2541 1440; x_wconf 83' lang='lat' dir='ltr'><strong>poterat</strong></span> <span class='ocrx_word' id='word_1_585' title='bbox 2583 1375 2723 1443; x_wconf 90' lang='lat' dir='ltr'><strong>quod</strong></span> <span class='ocrx_word' id='word_1_586' title='bbox 2749 1375 2995 1445; x_wconf 84' lang='lat' dir='ltr'><strong>dicebat;</strong></span> <span class='ocrx_word' id='word_1_587' title='bbox 3027 1380 3114 1434; x_wconf 90' lang='lat' dir='ltr'><strong>alii</strong></span> <span class='ocrx_word' id='word_1_588' title='bbox 3145 1398 3272 1440; x_wconf 88' lang='lat' dir='ltr'><strong>vero</strong></span> <span class='ocrx_word' id='word_1_589' title='bbox 3300 1398 3586 1455; x_wconf 83' lang='lat' dir='ltr'><strong>sequentes</strong></span> 
     </span>
    </p>
   </div>
   <div class='ocr_carea' id='block_1_74' title="bbox 2001 1458 3586 1549">
    <p class='ocr_par' dir='ltr' id='par_1_74' title="bbox 2001 1458 3586 1549">
     <span class='ocr_line' id='line_1_74' title="bbox 2001 1458 3586 1549; baseline 0.015 -36"><span class='ocrx_word' id='word_1_590' title='bbox 2001 1458 2307 1530; x_wconf 85' lang='lat' dir='ltr'><strong>Dominum,</strong></span> <span class='ocrx_word' id='word_1_591' title='bbox 2336 1463 2458 1519; x_wconf 90' lang='lat' dir='ltr'><strong>ideo</strong></span> <span class='ocrx_word' id='word_1_592' title='bbox 2500 1466 2623 1535; x_wconf 90' lang='lat' dir='ltr'><strong>quia</strong></span> <span class='ocrx_word' id='word_1_593' title='bbox 2654 1467 3028 1526; x_wconf 84' lang='lat' dir='ltr'><strong>crediderunt?</strong></span> <span class='ocrx_word' id='word_1_594' title='bbox 3078 1474 3380 1533; x_wconf 85' lang='lat' dir='ltr'><strong>Invenimus</strong></span> <span class='ocrx_word' id='word_1_595' title='bbox 3413 1479 3586 1549; x_wconf 84' lang='lat' dir='ltr'><strong>ipsum</strong></span> 
     </span>
    </p>
   </div>
   <div class='ocr_carea' id='block_1_75' title="bbox 2002 1549 3588 1640">
    <p class='ocr_par' dir='ltr' id='par_1_75' title="bbox 2002 1549 3588 1640">
     <span class='ocr_line' id='line_1_75' title="bbox 2002 1549 3588 1640; baseline 0.015 -36"><span class='ocrx_word' id='word_1_596' title='bbox 2002 1549 2284 1608; x_wconf 86' lang='lat' dir='ltr'><strong>Dominum</strong></span> <span class='ocrx_word' id='word_1_597' title='bbox 2329 1564 2569 1610; x_wconf 89' lang='lat' dir='ltr'><strong>nostrum</strong></span> <span class='ocrx_word' id='word_1_598' title='bbox 2611 1557 2793 1614; x_wconf 79' lang='lat' dir='ltr'><strong>Jesum</strong></span> <span class='ocrx_word' id='word_1_599' title='bbox 2821 1559 3121 1630; x_wconf 87' lang='lat' dir='ltr'><strong>Christum,</strong></span> <span class='ocrx_word' id='word_1_600' title='bbox 3168 1567 3426 1623; x_wconf 83' lang='lat' dir='ltr'><strong>scientem</strong></span> <span class='ocrx_word' id='word_1_601' title='bbox 3464 1573 3588 1640; x_wconf 83' lang='lat' dir='ltr'><strong>quid</strong></span> 
     </span>
    </p>
   </div>
   <div class='ocr_carea' id='block_1_76' title="bbox 2001 1641 3584 1730">
    <p class='ocr_par' dir='ltr' id='par_1_76' title="bbox 2001 1641 3584 1730">
     <span class='ocr_line' id='line_1_76' title="bbox 2001 1641 3584 1730; baseline 0.012 -34"><span class='ocrx_word' id='word_1_602' title='bbox 2001 1641 2326 1712; x_wconf 88' lang='lat' dir='ltr'><strong>loqueretur,</strong></span> <span class='ocrx_word' id='word_1_603' title='bbox 2361 1663 2464 1701; x_wconf 87' lang='lat' dir='ltr'><strong>non</strong></span> <span class='ocrx_word' id='word_1_604' title='bbox 2493 1648 2762 1704; x_wconf 87' lang='lat' dir='ltr'><strong>dicentem</strong></span> <span class='ocrx_word' id='word_1_605' title='bbox 2811 1662 3008 1708; x_wconf 89' lang='lat' dir='ltr'><strong>tamen.</strong></span> <span class='ocrx_word' id='word_1_606' title='bbox 3052 1655 3139 1710; x_wconf 84' lang='lat' dir='ltr'><strong>Ait</strong></span> <span class='ocrx_word' id='word_1_607' title='bbox 3178 1657 3321 1713; x_wconf 90' lang='lat' dir='ltr'><strong>enim</strong></span> <span class='ocrx_word' id='word_1_608' title='bbox 3353 1662 3584 1730; x_wconf 89' lang='lat' dir='ltr'><strong>quodam</strong></span> 
     </span>
    </p>
   </div>
   <div class='ocr_carea' id='block_1_77' title="bbox 2001 1735 3591 1808">
    <p class='ocr_par' dir='ltr' id='par_1_77' title="bbox 2001 1735 3591 1808">
     <span class='ocr_line' id='line_1_77' title="bbox 2001 1735 3591 1808; baseline 0.013 -20"><span class='ocrx_word' id='word_1_609' title='bbox 2001 1735 2054 1789; x_wconf 91' lang='lat' dir='ltr'><strong>in</strong></span> <span class='ocrx_word' id='word_1_610' title='bbox 2084 1736 2199 1792; x_wconf 85' lang='lat' dir='ltr'><strong>loco</strong></span> <span class='ocrx_word' id='word_1_611' title='bbox 2227 1739 2502 1808; x_wconf 84' lang='lat' dir='ltr'><strong>discipulis</strong></span> <span class='ocrx_word' id='word_1_612' title='bbox 2531 1743 2642 1796; x_wconf 89' lang='lat' dir='ltr'><strong>suis</strong></span> <span class='ocrx_word' id='word_1_613' title='bbox 2668 1760 2680 1795; x_wconf 88' lang='lat'>:</span> <span class='ocrx_word' id='word_1_614' title='bbox 2715 1745 2894 1798; x_wconf 58' lang='lat' dir='ltr'><strong>Adita:</strong></span> <span class='ocrx_word' id='word_1_615' title='bbox 2941 1749 3100 1802; x_wconf 84' lang='lat' dir='ltr'><strong>nmlta</strong></span> <span class='ocrx_word' id='word_1_616' title='bbox 3145 1749 3302 1804; x_wconf 82' lang='lat' dir='ltr'><strong>habeo</strong></span> <span class='ocrx_word' id='word_1_617' title='bbox 3348 1753 3482 1808; x_wconf 80' lang='lat' dir='ltr'><strong>vobis</strong></span> <span class='ocrx_word' id='word_1_618' title='bbox 3509 1755 3591 1808; x_wconf 83' lang='lat' dir='ltr'><strong>di-</strong></span> 
     </span>
    </p>
   </div>
   <div class='ocr_carea' id='block_1_78' title="bbox 2000 1830 3586 1916">
    <p class='ocr_par' dir='ltr' id='par_1_78' title="bbox 2000 1830 3586 1916">
     <span class='ocr_line' id='line_1_78' title="bbox 2000 1830 3586 1916; baseline 0.012 -36"><span class='ocrx_word' id='word_1_619' title='bbox 2000 1844 2145 1892; x_wconf 87' lang='lat' dir='ltr'><strong>cere;</strong></span> <span class='ocrx_word' id='word_1_620' title='bbox 2169 1830 2258 1883; x_wconf 81' lang='lat' dir='ltr'><strong>sed</strong></span> <span class='ocrx_word' id='word_1_621' title='bbox 2279 1847 2378 1884; x_wconf 83' lang='lat' dir='ltr'><strong>non</strong></span> <span class='ocrx_word' id='word_1_622' title='bbox 2401 1834 2606 1901; x_wconf 78' lang='lat' dir='ltr'><strong>potestis</strong></span> <span class='ocrx_word' id='word_1_623' title='bbox 2624 1835 2715 1888; x_wconf 86' lang='lat' dir='ltr'><strong>illa</strong></span> <span class='ocrx_word' id='word_1_624' title='bbox 2733 1846 2935 1905; x_wconf 82' lang='lat' dir='ltr'><strong>portare</strong></span> <span class='ocrx_word' id='word_1_625' title='bbox 2959 1839 3108 1893; x_wconf 87' lang='lat' dir='ltr'><strong>modo</strong></span> <span class='ocrx_word' id='word_1_626' title='bbox 3129 1839 3308 1908; x_wconf 80' lang='lat' dir='ltr'><strong>(Joau.</strong></span> <span class='ocrx_word' id='word_1_627' title='bbox 3335 1859 3444 1911; x_wconf 75' lang='lat' dir='ltr'><strong>xvi,</strong></span> <span class='ocrx_word' id='word_1_628' title='bbox 3475 1845 3586 1916; x_wconf 67' lang='grc' dir='ltr'><strong>η).</strong></span> 
     </span>
    </p>
   </div>
   <div class='ocr_carea' id='block_1_79' title="bbox 2000 1919 3589 2002">
    <p class='ocr_par' dir='ltr' id='par_1_79' title="bbox 2000 1919 3589 2002">
     <span class='ocr_line' id='line_1_79' title="bbox 2000 1919 3589 2002; baseline 0.011 -29"><span class='ocrx_word' id='word_1_629' title='bbox 2000 1919 2092 1976; x_wconf 87' lang='lat' dir='ltr'><strong>llle</strong></span> <span class='ocrx_word' id='word_1_630' title='bbox 2107 1930 2326 1991; x_wconf 86' lang='lat' dir='ltr'><strong>propter</strong></span> <span class='ocrx_word' id='word_1_631' title='bbox 2341 1923 2550 1978; x_wconf 88' lang='lat' dir='ltr'><strong>illorum</strong></span> <span class='ocrx_word' id='word_1_632' title='bbox 2570 1925 2950 1994; x_wconf 81' lang='lat' dir='ltr'><strong>inﬁrmitatem,</strong></span> <span class='ocrx_word' id='word_1_633' title='bbox 2970 1946 3073 1990; x_wconf 83' lang='lat' dir='ltr'><strong>non</strong></span> <span class='ocrx_word' id='word_1_634' title='bbox 3094 1943 3310 2002; x_wconf 88' lang='lat' dir='ltr'><strong>propter</strong></span> <span class='ocrx_word' id='word_1_635' title='bbox 3326 1949 3476 1990; x_wconf 90' lang='lat' dir='ltr'><strong>suam</strong></span> <span class='ocrx_word' id='word_1_636' title='bbox 3494 1935 3589 1991; x_wconf 76' lang='lat' dir='ltr'><strong>dif-</strong></span> 
     </span>
    </p>
   </div>
   <div class='ocr_carea' id='block_1_80' title="bbox 2002 2011 3584 2085">
    <p class='ocr_par' dir='ltr' id='par_1_80' title="bbox 2002 2011 3584 2085">
     <span class='ocr_line' id='line_1_80' title="bbox 2002 2011 3584 2085; baseline 0.01 -21"><span class='ocrx_word' id='word_1_637' title='bbox 2002 2011 2309 2080; x_wconf 83' lang='lat' dir='ltr'><strong>ﬁcultatem,</strong></span> <span class='ocrx_word' id='word_1_638' title='bbox 2337 2016 2478 2085; x_wconf 87' lang='lat' dir='ltr'><strong>quod</strong></span> <span class='ocrx_word' id='word_1_639' title='bbox 2501 2028 2723 2074; x_wconf 88' lang='lat' dir='ltr'><strong>noverat</strong></span> <span class='ocrx_word' id='word_1_640' title='bbox 2745 2020 2924 2076; x_wconf 83' lang='lat' dir='ltr'><strong>dicere</strong></span> <span class='ocrx_word' id='word_1_641' title='bbox 2953 2022 3252 2079; x_wconf 81' lang='lat' dir='ltr'><strong>dill‘crebat.</strong></span> <span class='ocrx_word' id='word_1_642' title='bbox 3278 2025 3386 2083; x_wconf 84' lang='lat' dir='ltr'><strong>Nos</strong></span> <span class='ocrx_word' id='word_1_643' title='bbox 3408 2037 3584 2084; x_wconf 87' lang='lat' dir='ltr'><strong>autem</strong></span> 
     </span>
    </p>
   </div>
   <div class='ocr_carea' id='block_1_81' title="bbox 2001 2111 3582 2182">
    <p class='ocr_par' dir='ltr' id='par_1_81' title="bbox 2001 2111 3582 2182">
     <span class='ocr_line' id='line_1_81' title="bbox 2001 2111 3582 2182; baseline 0.012 -25"><span class='ocrx_word' id='word_1_644' title='bbox 2001 2113 2218 2174; x_wconf 77' lang='lat' dir='ltr'><strong>prapter</strong></span> <span class='ocrx_word' id='word_1_645' title='bbox 2240 2120 2578 2164; x_wconf 87' lang='lat' dir='ltr'><strong>communem</strong></span> <span class='ocrx_word' id='word_1_646' title='bbox 2617 2111 2855 2166; x_wconf 86' lang='lat' dir='ltr'><strong>omnium</strong></span> <span class='ocrx_word' id='word_1_647' title='bbox 2901 2123 3145 2170; x_wconf 82' lang='lat' dir='ltr'><strong>nostrum</strong></span> <span class='ocrx_word' id='word_1_648' title='bbox 3189 2116 3582 2182; x_wconf 79' lang='lat' dir='ltr'><strong>infirmitatem.</strong></span> 
     </span>
    </p>
   </div>
   <div class='ocr_carea' id='block_1_82' title="bbox 2001 2199 3584 2278">
    <p class='ocr_par' dir='ltr' id='par_1_82' title="bbox 2001 2199 3584 2278">
     <span class='ocr_line' id='line_1_82' title="bbox 2001 2199 3584 2278; baseline 0.011 -27"><span class='ocrx_word' id='word_1_649' title='bbox 2001 2211 2106 2252; x_wconf 89' lang='lat' dir='ltr'><strong>non</strong></span> <span class='ocrx_word' id='word_1_650' title='bbox 2143 2199 2284 2268; x_wconf 87' lang='lat' dir='ltr'><strong>quod</strong></span> <span class='ocrx_word' id='word_1_651' title='bbox 2327 2203 2572 2258; x_wconf 89' lang='lat' dir='ltr'><strong>novimus</strong></span> <span class='ocrx_word' id='word_1_652' title='bbox 2601 2204 2732 2258; x_wconf 87' lang='lat' dir='ltr'><strong>satis</strong></span> <span class='ocrx_word' id='word_1_653' title='bbox 2758 2205 2916 2275; x_wconf 85' lang='lat' dir='ltr'><strong>digne</strong></span> <span class='ocrx_word' id='word_1_654' title='bbox 2957 2207 3135 2278; x_wconf 90' lang='lat' dir='ltr'><strong>eloqui</strong></span> <span class='ocrx_word' id='word_1_655' title='bbox 3179 2224 3458 2278; x_wconf 88' lang='lat' dir='ltr'><strong>conamur,</strong></span> <span class='ocrx_word' id='word_1_656' title='bbox 3492 2214 3584 2268; x_wconf 85' lang='lat' dir='ltr'><strong>sed</strong></span> 
     </span>
    </p>
   </div>
   <div class='ocr_carea' id='block_1_83' title="bbox 1999 2278 3589 2370">
    <p class='ocr_par' dir='ltr' id='par_1_83' title="bbox 1999 2278 3589 2370">
     <span class='ocr_line' id='line_1_83' title="bbox 1999 2278 3589 2370; baseline 0.012 -30"><span class='ocrx_word' id='word_1_657' title='bbox 1999 2278 2118 2356; x_wconf 70' lang='lat' dir='ltr'><strong>qtite</strong></span> <span class='ocrx_word' id='word_1_658' title='bbox 2143 2288 2302 2360; x_wconf 87' lang='lat' dir='ltr'><strong>digne</strong></span> <span class='ocrx_word' id='word_1_659' title='bbox 2329 2293 2599 2347; x_wconf 89' lang='lat' dir='ltr'><strong>credimus</strong></span> <span class='ocrx_word' id='word_1_660' title='bbox 2619 2336 2633 2360; x_wconf 94' lang='lat'><strong>,</strong></span> <span class='ocrx_word' id='word_1_661' title='bbox 2681 2303 2736 2349; x_wconf 92' lang='lat' dir='ltr'><strong>ut</strong></span> <span class='ocrx_word' id='word_1_662' title='bbox 2781 2310 3097 2364; x_wconf 83' lang='lat' dir='ltr'><strong>possumus,</strong></span> <span class='ocrx_word' id='word_1_663' title='bbox 3142 2299 3501 2370; x_wconf 74' lang='lat' dir='ltr'><strong>explicemus;</strong></span> <span class='ocrx_word' id='word_1_664' title='bbox 3532 2314 3589 2359; x_wconf 88' lang='lat' dir='ltr'><strong>et</strong></span> 
     </span>
    </p>
   </div>
   <div class='ocr_carea' id='block_1_84' title="bbox 1999 2381 3587 2461">
    <p class='ocr_par' dir='ltr' id='par_1_84' title="bbox 1999 2381 3587 2461">
     <span class='ocr_line' id='line_1_84' title="bbox 1999 2381 3587 2461; baseline 0.011 -30"><span class='ocrx_word' id='word_1_665' title='bbox 1999 2393 2102 2432; x_wconf 87' lang='lat' dir='ltr'><strong>vos</strong></span> <span class='ocrx_word' id='word_1_666' title='bbox 2119 2381 2291 2448; x_wconf 89' lang='lat' dir='ltr'><strong>capite</strong></span> <span class='ocrx_word' id='word_1_667' title='bbox 2319 2389 2376 2436; x_wconf 90' lang='lat' dir='ltr'><strong>ut</strong></span> <span class='ocrx_word' id='word_1_668' title='bbox 2405 2383 2647 2452; x_wconf 89' lang='lat' dir='ltr'><strong>potestis.</strong></span> <span class='ocrx_word' id='word_1_669' title='bbox 2690 2384 2760 2438; x_wconf 84' lang='lat' dir='ltr'><strong>Et</strong></span> <span class='ocrx_word' id='word_1_670' title='bbox 2783 2385 2828 2439; x_wconf 93' lang='lat' dir='ltr'><strong>si</strong></span> <span class='ocrx_word' id='word_1_671' title='bbox 2856 2387 3085 2456; x_wconf 87' lang='lat' dir='ltr'><strong>amplius</strong></span> <span class='ocrx_word' id='word_1_672' title='bbox 3109 2388 3245 2445; x_wconf 80' lang='lat' dir='ltr'><strong>forte</strong></span> <span class='ocrx_word' id='word_1_673' title='bbox 3267 2404 3463 2461; x_wconf 89' lang='lat' dir='ltr'><strong>capere</strong></span> <span class='ocrx_word' id='word_1_674' title='bbox 3484 2393 3587 2447; x_wconf 62' lang='lat' dir='ltr'><strong>alio</strong></span> 
     </span>
    </p>
   </div>
   <div class='ocr_carea' id='block_1_85' title="bbox 1999 2471 3589 2549">
    <p class='ocr_par' dir='ltr' id='par_1_85' title="bbox 1999 2471 3589 2549">
     <span class='ocr_line' id='line_1_85' title="bbox 1999 2471 3589 2549; baseline 0.011 -26"><span class='ocrx_word' id='word_1_675' title='bbox 1999 2471 2120 2540; x_wconf 88' lang='lat' dir='ltr'><strong>quis</strong></span> <span class='ocrx_word' id='word_1_676' title='bbox 2144 2483 2379 2527; x_wconf 91' lang='lat' dir='ltr'><strong>vestrum</strong></span> <span class='ocrx_word' id='word_1_677' title='bbox 2406 2483 2612 2543; x_wconf 89' lang='lat' dir='ltr'><strong>potest,</strong></span> <span class='ocrx_word' id='word_1_678' title='bbox 2643 2491 2802 2547; x_wconf 90' lang='lat' dir='ltr'><strong>quam</strong></span> <span class='ocrx_word' id='word_1_679' title='bbox 2830 2493 2930 2549; x_wconf 83' lang='lat' dir='ltr'><strong>ego</strong></span> <span class='ocrx_word' id='word_1_680' title='bbox 2968 2479 3182 2546; x_wconf 89' lang='lat' dir='ltr'><strong>dicere;</strong></span> <span class='ocrx_word' id='word_1_681' title='bbox 3213 2497 3322 2538; x_wconf 91' lang='lat' dir='ltr'><strong>non</strong></span> <span class='ocrx_word' id='word_1_682' title='bbox 3351 2485 3589 2541; x_wconf 81' lang='lat' dir='ltr'><strong>attendat</strong></span> 
     </span>
    </p>
   </div>
   <div class='ocr_carea' id='block_1_86' title="bbox 1998 2560 3583 2634">
    <p class='ocr_par' dir='ltr' id='par_1_86' title="bbox 1998 2560 3583 2634">
     <span class='ocr_line' id='line_1_86' title="bbox 1998 2560 3583 2634; baseline 0.011 -19"><span class='ocrx_word' id='word_1_683' title='bbox 1998 2560 2065 2616; x_wconf 87' lang='lat' dir='ltr'><strong>ad</strong></span> <span class='ocrx_word' id='word_1_684' title='bbox 2090 2563 2336 2634; x_wconf 82' lang='lat' dir='ltr'><strong>exiguum</strong></span> <span class='ocrx_word' id='word_1_685' title='bbox 2364 2567 2557 2632; x_wconf 86' lang='lat' dir='ltr'><strong>rivum,</strong></span> <span class='ocrx_word' id='word_1_686' title='bbox 2581 2568 2675 2624; x_wconf 88' lang='lat' dir='ltr'><strong>sed</strong></span> <span class='ocrx_word' id='word_1_687' title='bbox 2699 2581 2880 2626; x_wconf 88' lang='lat' dir='ltr'><strong>currat</strong></span> <span class='ocrx_word' id='word_1_688' title='bbox 2903 2570 2971 2626; x_wconf 83' lang='lat' dir='ltr'><strong>ad</strong></span> <span class='ocrx_word' id='word_1_689' title='bbox 3000 2571 3324 2630; x_wconf 88' lang='lat' dir='ltr'><strong>uberrimum</strong></span> <span class='ocrx_word' id='word_1_690' title='bbox 3346 2577 3545 2632; x_wconf 81' lang='lat' dir='ltr'><strong>fontem</strong></span> <span class='ocrx_word' id='word_1_691' title='bbox 3570 2597 3583 2632; x_wconf 90' lang='lat'><strong>:</strong></span> 
     </span>
    </p>
   </div>
   <div class='ocr_carea' id='block_1_87' title="bbox 1999 2655 3587 2736">
    <p class='ocr_par' dir='ltr' id='par_1_87' title="bbox 1999 2655 3587 2736">
     <span class='ocr_line' id='line_1_87' title="bbox 1999 2655 3587 2736; baseline 0.013 -32"><span class='ocrx_word' id='word_1_692' title='bbox 1999 2655 2248 2722; x_wconf 78' lang='lat' dir='ltr'><strong>quoniam</strong></span> <span class='ocrx_word' id='word_1_693' title='bbox 2274 2656 2414 2726; x_wconf 88' lang='lat' dir='ltr'><strong>apud</strong></span> <span class='ocrx_word' id='word_1_694' title='bbox 2442 2673 2562 2712; x_wconf 87' lang='lat' dir='ltr'><strong>cum</strong></span> <span class='ocrx_word' id='word_1_695' title='bbox 2591 2668 2671 2713; x_wconf 88' lang='lat' dir='ltr'><strong>est</strong></span> <span class='ocrx_word' id='word_1_696' title='bbox 2699 2660 2816 2716; x_wconf 78' lang='lat' dir='ltr'><strong>fons</strong></span> <span class='ocrx_word' id='word_1_697' title='bbox 2837 2662 2991 2728; x_wconf 66' lang='lat' dir='ltr'><strong>vita},</strong></span> <span class='ocrx_word' id='word_1_698' title='bbox 3023 2664 3074 2718; x_wconf 87' lang='lat' dir='ltr'><strong>in</strong></span> <span class='ocrx_word' id='word_1_699' title='bbox 3104 2664 3257 2736; x_wconf 85' lang='lat' dir='ltr'><strong>cujus</strong></span> <span class='ocrx_word' id='word_1_700' title='bbox 3284 2667 3486 2726; x_wconf 86' lang='lat' dir='ltr'><strong>lumine</strong></span> <span class='ocrx_word' id='word_1_701' title='bbox 3511 2671 3587 2725; x_wconf 74' lang='lat' dir='ltr'><strong>vi~</strong></span> 
     </span>
    </p>
   </div>
   <div class='ocr_carea' id='block_1_88' title="bbox 1999 2744 2985 2826">
    <p class='ocr_par' dir='ltr' id='par_1_88' title="bbox 1999 2744 2985 2826">
     <span class='ocr_line' id='line_1_88' title="bbox 1999 2744 2985 2826; baseline 0.007 -26"><span class='ocrx_word' id='word_1_702' title='bbox 1999 2744 2243 2803; x_wconf 77' lang='lat' dir='ltr'><strong>dabimus</strong></span> <span class='ocrx_word' id='word_1_703' title='bbox 2265 2747 2444 2804; x_wconf 89' lang='lat' dir='ltr'><strong>lumen</strong></span> <span class='ocrx_word' id='word_1_704' title='bbox 2474 2749 2645 2823; x_wconf 82' lang='lat' dir='ltr'><strong>(Psal.</strong></span> <span class='ocrx_word' id='word_1_705' title='bbox 2677 2769 2841 2820; x_wconf 76' lang='lat' dir='ltr'><strong>xxxv,</strong></span> <span class='ocrx_word' id='word_1_706' title='bbox 2873 2754 2985 2826; x_wconf 73' lang='lat'><strong>10).</strong></span> 
     </span>
    </p>
   </div>
   <div class='ocr_carea' id='block_1_89' title="bbox 2070 2838 3588 2913">
    <p class='ocr_par' dir='ltr' id='par_1_89' title="bbox 2070 2838 3588 2913">
     <span class='ocr_line' id='line_1_89' title="bbox 2070 2838 3588 2913; baseline 0.012 -18"><span class='ocrx_word' id='word_1_707' title='bbox 2070 2838 2297 2897; x_wconf 85' lang='lat' dir='ltr'><strong>CAPUT</strong></span> <span class='ocrx_word' id='word_1_708' title='bbox 2334 2843 2419 2897; x_wconf 87' lang='lat' dir='ltr'><strong>Vl.</strong></span> <span class='ocrx_word' id='word_1_709' title='bbox 2450 2875 2524 2885; x_wconf 88' lang='lat'><strong><em>—</em></strong></span> <span class='ocrx_word' id='word_1_710' title='bbox 2549 2846 2603 2900; x_wconf 82' lang='grc' dir='ltr'><strong>ϐ.</strong></span> <span class='ocrx_word' id='word_1_711' title='bbox 2635 2845 2922 2903; x_wconf 81' lang='lat' dir='ltr'><strong>Christiano</strong></span> <span class='ocrx_word' id='word_1_712' title='bbox 2961 2850 3025 2905; x_wconf 86' lang='lat' dir='ltr'><strong>de</strong></span> <span class='ocrx_word' id='word_1_713' title='bbox 3049 2853 3412 2909; x_wconf 81' lang='lat' dir='ltr'><strong>resurrectione</strong></span> <span class='ocrx_word' id='word_1_714' title='bbox 3438 2857 3588 2913; x_wconf 73' lang='lat' dir='ltr'><strong>dubi-</strong></span> 
     </span>
    </p>
   </div>
   <div class='ocr_carea' id='block_1_90' title="bbox 1999 2933 3584 3018">
    <p class='ocr_par' dir='ltr' id='par_1_90' title="bbox 1999 2933 3584 3018">
     <span class='ocr_line' id='line_1_90' title="bbox 1999 2933 3584 3018; baseline 0.013 -35"><span class='ocrx_word' id='word_1_715' title='bbox 1999 2939 2107 2986; x_wconf 84' lang='lat' dir='ltr'><strong>tare</strong></span> <span class='ocrx_word' id='word_1_716' title='bbox 2129 2948 2229 2986; x_wconf 78' lang='lat' dir='ltr'><strong>non</strong></span> <span class='ocrx_word' id='word_1_717' title='bbox 2255 2933 2388 2989; x_wconf 82' lang='lat' dir='ltr'><strong>licet.</strong></span> <span class='ocrx_word' id='word_1_718' title='bbox 2419 2933 2552 3003; x_wconf 87' lang='lat' dir='ltr'><strong>Quia</strong></span> <span class='ocrx_word' id='word_1_719' title='bbox 2579 2952 2710 3008; x_wconf 84' lang='lat' dir='ltr'><strong>ergo</strong></span> <span class='ocrx_word' id='word_1_720' title='bbox 2731 2948 2812 2993; x_wconf 89' lang='lat' dir='ltr'><strong>est</strong></span> <span class='ocrx_word' id='word_1_721' title='bbox 2840 2943 3161 2997; x_wconf 88' lang='lat' dir='ltr'><strong>resurrectio</strong></span> <span class='ocrx_word' id='word_1_722' title='bbox 3180 2943 3584 3018; x_wconf 83' lang='lat' dir='ltr'><strong>disputavimus,</strong></span> 
     </span>
    </p>
   </div>
   <div class='ocr_carea' id='block_1_91' title="bbox 1998 3023 3586 3109">
    <p class='ocr_par' dir='ltr' id='par_1_91' title="bbox 1998 3023 3586 3109">
     <span class='ocr_line' id='line_1_91' title="bbox 1998 3023 3586 3109; baseline 0.011 -31"><span class='ocrx_word' id='word_1_723' title='bbox 1998 3023 2077 3080; x_wconf 90' lang='lat' dir='ltr'><strong>sic</strong></span> <span class='ocrx_word' id='word_1_724' title='bbox 2115 3025 2386 3082; x_wconf 87' lang='lat' dir='ltr'><strong>credimus</strong></span> <span class='ocrx_word' id='word_1_725' title='bbox 2409 3069 2424 3094; x_wconf 94' lang='lat'><strong>,</strong></span> <span class='ocrx_word' id='word_1_726' title='bbox 2453 3029 2534 3083; x_wconf 92' lang='lat' dir='ltr'><strong>sic</strong></span> <span class='ocrx_word' id='word_1_727' title='bbox 2578 3029 2798 3086; x_wconf 86' lang='lat' dir='ltr'><strong>credere</strong></span> <span class='ocrx_word' id='word_1_728' title='bbox 2838 3031 3133 3100; x_wconf 80' lang='lat' dir='ltr'><strong>debemus,</strong></span> <span class='ocrx_word' id='word_1_729' title='bbox 3175 3036 3255 3091; x_wconf 85' lang='lat' dir='ltr'><strong>sic</strong></span> <span class='ocrx_word' id='word_1_730' title='bbox 3296 3037 3586 3109; x_wconf 86' lang='lat' dir='ltr'><strong>loquimur,</strong></span> 
     </span>
    </p>
   </div>
   <div class='ocr_carea' id='block_1_92' title="bbox 1991 3115 3588 3200">
    <p class='ocr_par' dir='ltr' id='par_1_92' title="bbox 1991 3115 3588 3200">
     <span class='ocr_line' id='line_1_92' title="bbox 1991 3115 3588 3200; baseline 0.012 -32"><span class='ocrx_word' id='word_1_731' title='bbox 1991 3115 2119 3184; x_wconf 86' lang='lat' dir='ltr'><strong>quia</strong></span> <span class='ocrx_word' id='word_1_732' title='bbox 2143 3116 2221 3172; x_wconf 91' lang='lat' dir='ltr'><strong>sic</strong></span> <span class='ocrx_word' id='word_1_733' title='bbox 2243 3117 2586 3185; x_wconf 91' lang='lat' dir='ltr'><strong>credidimus,</strong></span> <span class='ocrx_word' id='word_1_734' title='bbox 2610 3121 2655 3177; x_wconf 90' lang='lat' dir='ltr'><strong>si</strong></span> <span class='ocrx_word' id='word_1_735' title='bbox 2678 3121 2951 3178; x_wconf 84' lang='lat' dir='ltr'><strong>christiani</strong></span> <span class='ocrx_word' id='word_1_736' title='bbox 2971 3139 3176 3192; x_wconf 87' lang='lat' dir='ltr'><strong>sumus,</strong></span> <span class='ocrx_word' id='word_1_737' title='bbox 3201 3127 3469 3186; x_wconf 87' lang='lat' dir='ltr'><strong>intuentes</strong></span> <span class='ocrx_word' id='word_1_738' title='bbox 3488 3146 3588 3200; x_wconf 87' lang='lat' dir='ltr'><strong>po-</strong></span> 
     </span>
    </p>
   </div>
   <div class='ocr_carea' id='block_1_93' title="bbox 1999 3209 3587 3290">
    <p class='ocr_par' dir='ltr' id='par_1_93' title="bbox 1999 3209 3587 3290">
     <span class='ocr_line' id='line_1_93' title="bbox 1999 3209 3587 3290; baseline 0.01 -29"><span class='ocrx_word' id='word_1_739' title='bbox 1999 3209 2220 3264; x_wconf 89' lang='lat' dir='ltr'><strong>tentiam</strong></span> <span class='ocrx_word' id='word_1_740' title='bbox 2259 3210 2461 3268; x_wconf 80' lang='lat' dir='ltr'><strong>brachii</strong></span> <span class='ocrx_word' id='word_1_741' title='bbox 2493 3213 2701 3269; x_wconf 90' lang='lat' dir='ltr'><strong>Domini</strong></span> <span class='ocrx_word' id='word_1_742' title='bbox 2746 3217 3038 3274; x_wconf 89' lang='lat' dir='ltr'><strong>stcrnentis</strong></span> <span class='ocrx_word' id='word_1_743' title='bbox 3082 3233 3468 3290; x_wconf 88' lang='lat' dir='ltr'><strong>usquequaque</strong></span> <span class='ocrx_word' id='word_1_744' title='bbox 3495 3237 3587 3276; x_wconf 83' lang='lat' dir='ltr'><strong>su-</strong></span> 
     </span>
    </p>
   </div>
   <div class='ocr_carea' id='block_1_94' title="bbox 1997 3293 3587 3373">
    <p class='ocr_par' dir='ltr' id='par_1_94' title="bbox 1997 3293 3587 3373">
     <span class='ocr_line' id='line_1_94' title="bbox 1997 3293 3587 3373; baseline 0.008 -18"><span class='ocrx_word' id='word_1_745' title='bbox 1997 3302 2237 3371; x_wconf 88' lang='lat' dir='ltr'><strong>perbiam</strong></span> <span class='ocrx_word' id='word_1_746' title='bbox 2267 3293 2526 3373; x_wconf 82' lang='lat' dir='ltr'><strong>gentium,</strong></span> <span class='ocrx_word' id='word_1_747' title='bbox 2556 3315 2610 3361; x_wconf 90' lang='lat' dir='ltr'><strong>et</strong></span> <span class='ocrx_word' id='word_1_748' title='bbox 2637 3306 2952 3362; x_wconf 67' lang='lat' dir='ltr'><strong>tedilican&#39;tis</strong></span> <span class='ocrx_word' id='word_1_749' title='bbox 2989 3308 3130 3362; x_wconf 83' lang='lat' dir='ltr'><strong>hanc</strong></span> <span class='ocrx_word' id='word_1_750' title='bbox 3158 3309 3314 3363; x_wconf 81' lang='lat' dir='ltr'><strong>(idem</strong></span> <span class='ocrx_word' id='word_1_751' title='bbox 3345 3319 3452 3364; x_wconf 89' lang='lat' dir='ltr'><strong>tam</strong></span> <span class='ocrx_word' id='word_1_752' title='bbox 3481 3311 3587 3367; x_wconf 86' lang='lat' dir='ltr'><strong>lato</strong></span> 
     </span>
    </p>
   </div>
   <div class='ocr_carea' id='block_1_95' title="bbox 1998 3395 3586 3468">
    <p class='ocr_par' dir='ltr' id='par_1_95' title="bbox 1998 3395 3586 3468">
     <span class='ocr_line' id='line_1_95' title="bbox 1998 3395 3586 3468; baseline 0.008 -21"><span class='ocrx_word' id='word_1_753' title='bbox 1998 3409 2096 3464; x_wconf 83' lang='lat' dir='ltr'><strong>per</strong></span> <span class='ocrx_word' id='word_1_754' title='bbox 2119 3395 2302 3449; x_wconf 91' lang='lat' dir='ltr'><strong>orbem</strong></span> <span class='ocrx_word' id='word_1_755' title='bbox 2331 3405 2591 3450; x_wconf 89' lang='lat' dir='ltr'><strong>terrarum</strong></span> <span class='ocrx_word' id='word_1_756' title='bbox 2610 3439 2624 3464; x_wconf 90' lang='lat'><strong>,</strong></span> <span class='ocrx_word' id='word_1_757' title='bbox 2653 3412 2812 3466; x_wconf 90' lang='lat' dir='ltr'><strong>quam</strong></span> <span class='ocrx_word' id='word_1_758' title='bbox 2840 3402 3161 3468; x_wconf 87' lang='lat' dir='ltr'><strong>promissum</strong></span> <span class='ocrx_word' id='word_1_759' title='bbox 3191 3411 3274 3456; x_wconf 89' lang='lat' dir='ltr'><strong>est</strong></span> <span class='ocrx_word' id='word_1_760' title='bbox 3300 3404 3467 3458; x_wconf 91' lang='lat' dir='ltr'><strong>multo</strong></span> <span class='ocrx_word' id='word_1_761' title='bbox 3492 3419 3586 3458; x_wconf 86' lang='lat' dir='ltr'><strong>an-</strong></span> 
     </span>
    </p>
   </div>
   <div class='ocr_carea' id='block_1_96' title="bbox 2002 3485 3586 3555">
    <p class='ocr_par' dir='ltr' id='par_1_96' title="bbox 2002 3485 3586 3555">
     <span class='ocr_line' id='line_1_96' title="bbox 2002 3485 3586 3555; baseline 0.008 -17"><span class='ocrx_word' id='word_1_762' title='bbox 2002 3493 2211 3555; x_wconf 84' lang='lat' dir='ltr'><strong>tequam</strong></span> <span class='ocrx_word' id='word_1_763' title='bbox 2236 3485 2429 3540; x_wconf 83' lang='lat' dir='ltr'><strong>ﬁeret:</strong></span> <span class='ocrx_word' id='word_1_764' title='bbox 2464 3486 2578 3540; x_wconf 69' lang='lat' dir='ltr'><strong>hinc</strong></span> <span class='ocrx_word' id='word_1_765' title='bbox 2607 3487 2894 3554; x_wconf 85' lang='lat' dir='ltr'><strong>intuentes,</strong></span> <span class='ocrx_word' id='word_1_766' title='bbox 2929 3489 3258 3546; x_wconf 63' lang='lat' dir='ltr'><strong>ardilicamur</strong></span> <span class='ocrx_word' id='word_1_767' title='bbox 3277 3493 3344 3550; x_wconf 89' lang='lat' dir='ltr'><strong>ad</strong></span> <span class='ocrx_word' id='word_1_768' title='bbox 3364 3493 3586 3550; x_wconf 82' lang='lat' dir='ltr'><strong>creden-</strong></span> 
     </span>
    </p>
   </div>
   <div class='ocr_carea' id='block_1_97' title="bbox 1998 3577 3584 3654">
    <p class='ocr_par' dir='ltr' id='par_1_97' title="bbox 1998 3577 3584 3654">
     <span class='ocr_line' id='line_1_97' title="bbox 1998 3577 3584 3654; baseline 0.006 -24"><span class='ocrx_word' id='word_1_769' title='bbox 1998 3577 2124 3632; x_wconf 92' lang='lat' dir='ltr'><strong>dum</strong></span> <span class='ocrx_word' id='word_1_770' title='bbox 2170 3592 2232 3631; x_wconf 88' lang='lat' dir='ltr'><strong>ca</strong></span> <span class='ocrx_word' id='word_1_771' title='bbox 2271 3592 2390 3648; x_wconf 54' lang='lat' dir='ltr'><strong>quae</strong></span> <span class='ocrx_word' id='word_1_772' title='bbox 2432 3578 2664 3632; x_wconf 88' lang='lat' dir='ltr'><strong>nondum</strong></span> <span class='ocrx_word' id='word_1_773' title='bbox 2693 3578 2973 3647; x_wconf 89' lang='lat' dir='ltr'><strong>videmus,</strong></span> <span class='ocrx_word' id='word_1_774' title='bbox 3019 3592 3079 3638; x_wconf 91' lang='lat' dir='ltr'><strong>ut</strong></span> <span class='ocrx_word' id='word_1_775' title='bbox 3128 3583 3298 3654; x_wconf 85' lang='lat' dir='ltr'><strong>ipsam</strong></span> <span class='ocrx_word' id='word_1_776' title='bbox 3325 3585 3584 3642; x_wconf 86' lang='lat' dir='ltr'><strong>visionem</strong></span> 
     </span>
    </p>
   </div>
   <div class='ocr_carea' id='block_1_98' title="bbox 2001 3668 3584 3745">
    <p class='ocr_par' dir='ltr' id='par_1_98' title="bbox 2001 3668 3584 3745">
     <span class='ocr_line' id='line_1_98' title="bbox 2001 3668 3584 3745; baseline 0.006 -23"><span class='ocrx_word' id='word_1_777' title='bbox 2001 3668 2304 3725; x_wconf 89' lang='lat' dir='ltr'><strong>mercedem</strong></span> <span class='ocrx_word' id='word_1_778' title='bbox 2353 3669 2476 3724; x_wconf 85' lang='lat' dir='ltr'><strong>ﬁdei</strong></span> <span class='ocrx_word' id='word_1_779' title='bbox 2511 3670 2852 3739; x_wconf 89' lang='lat' dir='ltr'><strong>recipiamus.</strong></span> <span class='ocrx_word' id='word_1_780' title='bbox 2898 3672 3030 3728; x_wconf 90' lang='lat' dir='ltr'><strong>Cum</strong></span> <span class='ocrx_word' id='word_1_781' title='bbox 3073 3690 3204 3745; x_wconf 87' lang='lat' dir='ltr'><strong>ergo</strong></span> <span class='ocrx_word' id='word_1_782' title='bbox 3248 3677 3584 3733; x_wconf 76' lang='lat' dir='ltr'><strong>manifestum</strong></span> 
     </span>
    </p>
   </div>
   <div class='ocr_carea' id='block_1_99' title="bbox 2001 3761 3583 3836">
    <p class='ocr_par' dir='ltr' id='par_1_99' title="bbox 2001 3761 3583 3836">
     <span class='ocr_line' id='line_1_99' title="bbox 2001 3761 3583 3836; baseline 0.007 -20"><span class='ocrx_word' id='word_1_783' title='bbox 2001 3763 2068 3816; x_wconf 90' lang='lat' dir='ltr'><strong>sit</strong></span> <span class='ocrx_word' id='word_1_784' title='bbox 2094 3762 2214 3817; x_wconf 85' lang='lat' dir='ltr'><strong>lidel</strong></span> <span class='ocrx_word' id='word_1_785' title='bbox 2243 3772 2440 3818; x_wconf 71' lang='lat' dir='ltr'><strong>nostrae</strong></span> <span class='ocrx_word' id='word_1_786' title='bbox 2469 3761 2698 3818; x_wconf 79' lang='lat' dir='ltr'><strong>futuram</strong></span> <span class='ocrx_word' id='word_1_787' title='bbox 2735 3766 3184 3822; x_wconf 87' lang='lat' dir='ltr'><strong>resurrectionem</strong></span> <span class='ocrx_word' id='word_1_788' title='bbox 3212 3777 3545 3826; x_wconf 86' lang='lat' dir='ltr'><strong>mortuorum</strong></span> <span class='ocrx_word' id='word_1_789' title='bbox 3567 3813 3583 3836; x_wconf 88' lang='lat'><strong>,</strong></span> 
     </span>
    </p>
   </div>
   <div class='ocr_carea' id='block_1_100' title="bbox 1997 3853 3586 3926">
    <p class='ocr_par' dir='ltr' id='par_1_100' title="bbox 1997 3853 3586 3926">
     <span class='ocr_line' id='line_1_100' title="bbox 1997 3853 3586 3926; baseline 0.003 -18"><span class='ocrx_word' id='word_1_790' title='bbox 1997 3864 2054 3908; x_wconf 86' lang='lat' dir='ltr'><strong>ct</strong></span> <span class='ocrx_word' id='word_1_791' title='bbox 2081 3855 2151 3907; x_wconf 87' lang='lat' dir='ltr'><strong>ita</strong></span> <span class='ocrx_word' id='word_1_792' title='bbox 2195 3853 2530 3909; x_wconf 74' lang='lat' dir='ltr'><strong>manifestum</strong></span> <span class='ocrx_word' id='word_1_793' title='bbox 2551 3895 2565 3918; x_wconf 93' lang='lat'><strong>,</strong></span> <span class='ocrx_word' id='word_1_794' title='bbox 2599 3862 2655 3908; x_wconf 90' lang='lat' dir='ltr'><strong>ut</strong></span> <span class='ocrx_word' id='word_1_795' title='bbox 2686 3854 2809 3910; x_wconf 91' lang='lat' dir='ltr'><strong>hinc</strong></span> <span class='ocrx_word' id='word_1_796' title='bbox 2836 3856 3076 3926; x_wconf 87' lang='lat' dir='ltr'><strong>quisquis</strong></span> <span class='ocrx_word' id='word_1_797' title='bbox 3100 3857 3424 3914; x_wconf 84' lang='lat' dir='ltr'><strong>dubitaverit</strong></span> <span class='ocrx_word' id='word_1_798' title='bbox 3444 3901 3458 3923; x_wconf 88' lang='lat'><strong>,</strong></span> <span class='ocrx_word' id='word_1_799' title='bbox 3489 3861 3586 3914; x_wconf 85' lang='lat' dir='ltr'><strong>itu-</strong></span> 
     </span>
    </p>
   </div>
   <div class='ocr_carea' id='block_1_101' title="bbox 2001 3944 3582 4018">
    <p class='ocr_par' dir='ltr' id='par_1_101' title="bbox 2001 3944 3582 4018">
     <span class='ocr_line' id='line_1_101' title="bbox 2001 3944 3582 4018; baseline 0.004 -21"><span class='ocrx_word' id='word_1_800' title='bbox 2001 3944 2384 4014; x_wconf 88' lang='lat' dir='ltr'><strong>pudentissime</strong></span> <span class='ocrx_word' id='word_1_801' title='bbox 2419 3959 2483 4000; x_wconf 88' lang='lat' dir='ltr'><strong>se</strong></span> <span class='ocrx_word' id='word_1_802' title='bbox 2523 3945 2665 4000; x_wconf 81' lang='lat' dir='ltr'><strong>dicat</strong></span> <span class='ocrx_word' id='word_1_803' title='bbox 2701 3945 3086 4012; x_wconf 86' lang='lat' dir='ltr'><strong>christianum;</strong></span> <span class='ocrx_word' id='word_1_804' title='bbox 3125 3949 3383 4017; x_wconf 63' lang='lat' dir='ltr'><strong>quaeritur</strong></span> <span class='ocrx_word' id='word_1_805' title='bbox 3408 3950 3582 4018; x_wconf 87' lang='lat' dir='ltr'><strong>qualia</strong></span> 
     </span>
    </p>
   </div>
   <div class='ocr_carea' id='block_1_102' title="bbox 1999 4037 3584 4107">
    <p class='ocr_par' dir='ltr' id='par_1_102' title="bbox 1999 4037 3584 4107">
     <span class='ocr_line' id='line_1_102' title="bbox 1999 4037 3584 4107; baseline 0.004 -17"><span class='ocrx_word' id='word_1_806' title='bbox 1999 4050 2225 4105; x_wconf 83' lang='lat' dir='ltr'><strong>corpora</strong></span> <span class='ocrx_word' id='word_1_807' title='bbox 2252 4037 2525 4092; x_wconf 86' lang='lat' dir='ltr'><strong>habebunt</strong></span> <span class='ocrx_word' id='word_1_808' title='bbox 2549 4037 2717 4092; x_wconf 88' lang='lat' dir='ltr'><strong>sancti</strong></span> <span class='ocrx_word' id='word_1_809' title='bbox 2741 4077 2756 4101; x_wconf 92' lang='lat'><strong>,</strong></span> <span class='ocrx_word' id='word_1_810' title='bbox 2799 4047 2856 4091; x_wconf 92' lang='lat' dir='ltr'><strong>et</strong></span> <span class='ocrx_word' id='word_1_811' title='bbox 2892 4053 3011 4107; x_wconf 80' lang='lat' dir='ltr'><strong>qua:</strong></span> <span class='ocrx_word' id='word_1_812' title='bbox 3039 4039 3141 4092; x_wconf 83' lang='lat' dir='ltr'><strong>vita</strong></span> <span class='ocrx_word' id='word_1_813' title='bbox 3183 4055 3369 4094; x_wconf 84' lang='lat' dir='ltr'><strong>eorum</strong></span> <span class='ocrx_word' id='word_1_814' title='bbox 3410 4043 3584 4096; x_wconf 82' lang='lat' dir='ltr'><strong>futura</strong></span> 
     </span>
    </p>
   </div>
   <div class='ocr_carea' id='block_1_103' title="bbox 1999 4127 3582 4200">
    <p class='ocr_par' dir='ltr' id='par_1_103' title="bbox 1999 4127 3582 4200">
     <span class='ocr_line' id='line_1_103' title="bbox 1999 4127 3582 4200; baseline 0.003 -17"><span class='ocrx_word' id='word_1_815' title='bbox 1999 4129 2270 4183; x_wconf 78' lang='lat' dir='ltr'><strong>sit.Multis</strong></span> <span class='ocrx_word' id='word_1_816' title='bbox 2291 4128 2433 4183; x_wconf 88' lang='lat' dir='ltr'><strong>enim</strong></span> <span class='ocrx_word' id='word_1_817' title='bbox 2453 4127 2727 4183; x_wconf 88' lang='lat' dir='ltr'><strong>visumest</strong></span> <span class='ocrx_word' id='word_1_818' title='bbox 2742 4130 3182 4184; x_wconf 87' lang='lat' dir='ltr'><strong>resurrectionem</strong></span> <span class='ocrx_word' id='word_1_819' title='bbox 3206 4130 3420 4200; x_wconf 83' lang='lat' dir='ltr'><strong>quidem</strong></span> <span class='ocrx_word' id='word_1_820' title='bbox 3441 4131 3582 4199; x_wconf 81' lang='lat' dir='ltr'><strong>ﬁeri,</strong></span> 
     </span>
    </p>
   </div>
   <div class='ocr_carea' id='block_1_104' title="bbox 2000 4218 2641 4291">
    <p class='ocr_par' dir='ltr' id='par_1_104' title="bbox 2000 4218 2641 4291">
     <span class='ocr_line' id='line_1_104' title="bbox 2000 4218 2641 4291; baseline -0.003 -15"><span class='ocrx_word' id='word_1_821' title='bbox 2000 4221 2094 4276; x_wconf 85' lang='lat' dir='ltr'><strong>sed</strong></span> <span class='ocrx_word' id='word_1_822' title='bbox 2125 4235 2220 4291; x_wconf 89' lang='lat' dir='ltr'><strong>per</strong></span> <span class='ocrx_word' id='word_1_823' title='bbox 2247 4221 2390 4274; x_wconf 86' lang='lat' dir='ltr'><strong>solas</strong></span> <span class='ocrx_word' id='word_1_824' title='bbox 2417 4218 2641 4274; x_wconf 89' lang='lat' dir='ltr'><strong>animas.</strong></span> 
     </span>
    </p>
   </div>
   <div class='ocr_carea' id='block_1_105' title="bbox 2069 4310 3583 4379">
    <p class='ocr_par' dir='ltr' id='par_1_105' title="bbox 2069 4310 3583 4379">
     <span class='ocr_line' id='line_1_105' title="bbox 2069 4310 3583 4379; baseline 0.001 -11"><span class='ocrx_word' id='word_1_825' title='bbox 2069 4312 2298 4369; x_wconf 82' lang='lat' dir='ltr'><strong>CAPUT</strong></span> <span class='ocrx_word' id='word_1_826' title='bbox 2338 4310 2446 4365; x_wconf 71' lang='grc' dir='ltr'><strong>γη.</strong></span> <span class='ocrx_word' id='word_1_827' title='bbox 2477 4342 2545 4351; x_wconf 95' lang='grc'><strong><em>-</em></strong></span> <span class='ocrx_word' id='word_1_828' title='bbox 2565 4311 2618 4375; x_wconf 89' lang='grc'><strong>7.</strong></span> <span class='ocrx_word' id='word_1_829' title='bbox 2647 4311 2892 4379; x_wconf 80' lang='lat' dir='ltr'><strong>Qutestio,</strong></span> <span class='ocrx_word' id='word_1_830' title='bbox 2924 4312 3094 4379; x_wconf 82' lang='lat' dir='ltr'><strong>qualia</strong></span> <span class='ocrx_word' id='word_1_831' title='bbox 3124 4316 3297 4375; x_wconf 80' lang='lat' dir='ltr'><strong>futura</strong></span> <span class='ocrx_word' id='word_1_832' title='bbox 3333 4315 3434 4370; x_wconf 83' lang='lat' dir='ltr'><strong>sint</strong></span> <span class='ocrx_word' id='word_1_833' title='bbox 3473 4333 3583 4370; x_wconf 80' lang='lat' dir='ltr'><strong>cor-</strong></span> 
     </span>
    </p>
   </div>
   <div class='ocr_carea' id='block_1_106' title="bbox 2003 4403 3583 4476">
    <p class='ocr_par' dir='ltr' id='par_1_106' title="bbox 2003 4403 3583 4476">
     <span class='ocr_line' id='line_1_106' title="bbox 2003 4403 3583 4476; baseline 0.002 -17"><span class='ocrx_word' id='word_1_834' title='bbox 2003 4422 2149 4476; x_wconf 80' lang='lat' dir='ltr'><strong>pora.</strong></span> <span class='ocrx_word' id='word_1_835' title='bbox 2179 4403 2376 4474; x_wconf 83' lang='lat' dir='ltr'><strong>Regula</strong></span> <span class='ocrx_word' id='word_1_836' title='bbox 2404 4403 2544 4472; x_wconf 78' lang='lat' dir='ltr'><strong>ﬁdei,</strong></span> <span class='ocrx_word' id='word_1_837' title='bbox 2577 4403 2882 4473; x_wconf 83' lang='lat' dir='ltr'><strong>symbolum.</strong></span> <span class='ocrx_word' id='word_1_838' title='bbox 2939 4403 3073 4473; x_wconf 82' lang='lat' dir='ltr'><strong>Apta</strong></span> <span class='ocrx_word' id='word_1_839' title='bbox 3101 4405 3406 4461; x_wconf 76' lang='lat' dir='ltr'><strong>similitudo.</strong></span> <span class='ocrx_word' id='word_1_840' title='bbox 3451 4408 3583 4476; x_wconf 85' lang='lat' dir='ltr'><strong>Quia</strong></span> 
     </span>
    </p>
   </div>
   <div class='ocr_carea' id='block_1_107' title="bbox 2001 4497 3588 4565">
    <p class='ocr_par' dir='ltr' id='par_1_107' title="bbox 2001 4497 3588 4565">
     <span class='ocr_line' id='line_1_107' title="bbox 2001 4497 3588 4565; baseline 0.003 -14"><span class='ocrx_word' id='word_1_841' title='bbox 2001 4512 2129 4551; x_wconf 92' lang='lat' dir='ltr'><strong>vero</strong></span> <span class='ocrx_word' id='word_1_842' title='bbox 2156 4504 2434 4565; x_wconf 86' lang='lat' dir='ltr'><strong>resurgunt</strong></span> <span class='ocrx_word' id='word_1_843' title='bbox 2460 4503 2515 4549; x_wconf 89' lang='lat' dir='ltr'><strong>et</strong></span> <span class='ocrx_word' id='word_1_844' title='bbox 2535 4509 2776 4564; x_wconf 86' lang='lat' dir='ltr'><strong>corpora,</strong></span> <span class='ocrx_word' id='word_1_845' title='bbox 2809 4510 2912 4548; x_wconf 90' lang='lat' dir='ltr'><strong>non</strong></span> <span class='ocrx_word' id='word_1_846' title='bbox 2940 4511 3072 4564; x_wconf 91' lang='lat' dir='ltr'><strong>opus</strong></span> <span class='ocrx_word' id='word_1_847' title='bbox 3093 4505 3176 4551; x_wconf 89' lang='lat' dir='ltr'><strong>est</strong></span> <span class='ocrx_word' id='word_1_848' title='bbox 3203 4497 3292 4552; x_wconf 92' lang='lat' dir='ltr'><strong>diu</strong></span> <span class='ocrx_word' id='word_1_849' title='bbox 3319 4499 3588 4556; x_wconf 85' lang='lat' dir='ltr'><strong>disserere</strong></span> 
     </span>
    </p>
   </div>
   <div class='ocr_carea' id='block_1_108' title="bbox 2002 4587 3584 4662">
    <p class='ocr_par' dir='ltr' id='par_1_108' title="bbox 2002 4587 3584 4662">
     <span class='ocr_line' id='line_1_108' title="bbox 2002 4587 3584 4662; baseline 0.003 -17"><span class='ocrx_word' id='word_1_850' title='bbox 2002 4601 2120 4662; x_wconf 87' lang='lat' dir='ltr'><strong>post</strong></span> <span class='ocrx_word' id='word_1_851' title='bbox 2149 4603 2448 4645; x_wconf 84' lang='lat' dir='ltr'><strong>sermonem</strong></span> <span class='ocrx_word' id='word_1_852' title='bbox 2476 4589 2824 4658; x_wconf 60' lang='lat' dir='ltr'><strong>praeteritum.</strong></span> <span class='ocrx_word' id='word_1_853' title='bbox 2859 4587 2966 4644; x_wconf 89' lang='lat' dir='ltr'><strong>Sed</strong></span> <span class='ocrx_word' id='word_1_854' title='bbox 3004 4589 3252 4657; x_wconf 87' lang='lat' dir='ltr'><strong>objicitur</strong></span> <span class='ocrx_word' id='word_1_855' title='bbox 3278 4591 3584 4661; x_wconf 83' lang='lat' dir='ltr'><strong>hujusmodi</strong></span> 
     </span>
    </p>
   </div>
   <div class='ocr_carea' id='block_1_109' title="bbox 2000 4678 3586 4752">
    <p class='ocr_par' dir='ltr' id='par_1_109' title="bbox 2000 4678 3586 4752">
     <span class='ocr_line' id='line_1_109' title="bbox 2000 4678 3586 4752; baseline 0.003 -17"><span class='ocrx_word' id='word_1_856' title='bbox 2000 4682 2259 4752; x_wconf 77' lang='lat' dir='ltr'><strong>quaestio:</strong></span> <span class='ocrx_word' id='word_1_857' title='bbox 2291 4679 2347 4735; x_wconf 92' lang='lat' dir='ltr'><strong>Si</strong></span> <span class='ocrx_word' id='word_1_858' title='bbox 2373 4694 2597 4750; x_wconf 88' lang='lat' dir='ltr'><strong>corpora</strong></span> <span class='ocrx_word' id='word_1_859' title='bbox 2628 4678 2801 4732; x_wconf 80' lang='lat' dir='ltr'><strong>futura</strong></span> <span class='ocrx_word' id='word_1_860' title='bbox 2830 4690 2983 4746; x_wconf 85' lang='lat' dir='ltr'><strong>sunt,</strong></span> <span class='ocrx_word' id='word_1_861' title='bbox 3012 4680 3186 4750; x_wconf 91' lang='lat' dir='ltr'><strong>qualia</strong></span> <span class='ocrx_word' id='word_1_862' title='bbox 3211 4682 3384 4737; x_wconf 79' lang='lat' dir='ltr'><strong>futura</strong></span> <span class='ocrx_word' id='word_1_863' title='bbox 3421 4689 3586 4740; x_wconf 85' lang='lat' dir='ltr'><strong>sunt?</strong></span> 
     </span>
    </p>
   </div>
   <div class='ocr_carea' id='block_1_110' title="bbox 2001 4770 3585 4842">
    <p class='ocr_par' dir='ltr' id='par_1_110' title="bbox 2001 4770 3585 4842">
     <span class='ocr_line' id='line_1_110' title="bbox 2001 4770 3585 4842; baseline 0.001 -12"><span class='ocrx_word' id='word_1_864' title='bbox 2001 4774 2148 4830; x_wconf 85' lang='lat' dir='ltr'><strong>Talia</strong></span> <span class='ocrx_word' id='word_1_865' title='bbox 2191 4772 2369 4842; x_wconf 82' lang='lat' dir='ltr'><strong>qualia</strong></span> <span class='ocrx_word' id='word_1_866' title='bbox 2397 4787 2541 4825; x_wconf 89' lang='lat' dir='ltr'><strong>nunc</strong></span> <span class='ocrx_word' id='word_1_867' title='bbox 2567 4779 2720 4836; x_wconf 90' lang='lat' dir='ltr'><strong>sunt,</strong></span> <span class='ocrx_word' id='word_1_868' title='bbox 2763 4785 2830 4823; x_wconf 88' lang='lat' dir='ltr'><strong>an</strong></span> <span class='ocrx_word' id='word_1_869' title='bbox 2872 4770 3092 4826; x_wconf 89' lang='lat' dir='ltr'><strong>alterius</strong></span> <span class='ocrx_word' id='word_1_870' title='bbox 3131 4772 3316 4829; x_wconf 86' lang='lat' dir='ltr'><strong>modi?</strong></span> <span class='ocrx_word' id='word_1_871' title='bbox 3357 4774 3413 4830; x_wconf 90' lang='lat' dir='ltr'><strong>Si</strong></span> <span class='ocrx_word' id='word_1_872' title='bbox 3452 4777 3585 4833; x_wconf 80' lang='lat' dir='ltr'><strong>alte-</strong></span> 
     </span>
    </p>
   </div>
   <div class='ocr_carea' id='block_1_111' title="bbox 1999 4861 3582 4935">
    <p class='ocr_par' dir='ltr' id='par_1_111' title="bbox 1999 4861 3582 4935">
     <span class='ocr_line' id='line_1_111' title="bbox 1999 4861 3582 4935; baseline 0.001 -14"><span class='ocrx_word' id='word_1_873' title='bbox 1999 4866 2112 4922; x_wconf 90' lang='lat' dir='ltr'><strong>rius</strong></span> <span class='ocrx_word' id='word_1_874' title='bbox 2139 4864 2282 4920; x_wconf 89' lang='lat' dir='ltr'><strong>modi</strong></span> <span class='ocrx_word' id='word_1_875' title='bbox 2309 4907 2323 4930; x_wconf 90' lang='lat'><strong>,</strong></span> <span class='ocrx_word' id='word_1_876' title='bbox 2349 4863 2468 4933; x_wconf 89' lang='lat' dir='ltr'><strong>quis</strong></span> <span class='ocrx_word' id='word_1_877' title='bbox 2498 4863 2585 4917; x_wconf 90' lang='lat' dir='ltr'><strong>ille</strong></span> <span class='ocrx_word' id='word_1_878' title='bbox 2611 4861 2837 4917; x_wconf 88' lang='lat' dir='ltr'><strong>modus?</strong></span> <span class='ocrx_word' id='word_1_879' title='bbox 2859 4861 2916 4916; x_wconf 89' lang='lat' dir='ltr'><strong>Si</strong></span> <span class='ocrx_word' id='word_1_880' title='bbox 2949 4862 3070 4916; x_wconf 85' lang='lat' dir='ltr'><strong>talia</strong></span> <span class='ocrx_word' id='word_1_881' title='bbox 3092 4905 3106 4929; x_wconf 93' lang='lat'><strong>,</strong></span> <span class='ocrx_word' id='word_1_882' title='bbox 3137 4879 3263 4935; x_wconf 83' lang='lat' dir='ltr'><strong>ergo</strong></span> <span class='ocrx_word' id='word_1_883' title='bbox 3305 4866 3371 4920; x_wconf 89' lang='lat' dir='ltr'><strong>ad</strong></span> <span class='ocrx_word' id='word_1_884' title='bbox 3397 4868 3582 4923; x_wconf 89' lang='lat' dir='ltr'><strong>eadem</strong></span> 
     </span>
    </p>
   </div>
   <div class='ocr_carea' id='block_1_112' title="bbox 1999 4954 3577 5028">
    <p class='ocr_par' dir='ltr' id='par_1_112' title="bbox 1999 4954 3577 5028">
     <span class='ocr_line' id='line_1_112' title="bbox 1999 4954 3577 5028; baseline -0.001 -14"><span class='ocrx_word' id='word_1_885' title='bbox 1999 4957 2199 5028; x_wconf 86' lang='lat' dir='ltr'><strong>opera?</strong></span> <span class='ocrx_word' id='word_1_886' title='bbox 2227 4955 2359 5024; x_wconf 87' lang='lat' dir='ltr'><strong>Quia</strong></span> <span class='ocrx_word' id='word_1_887' title='bbox 2389 4970 2518 5026; x_wconf 88' lang='lat' dir='ltr'><strong>ergo</strong></span> <span class='ocrx_word' id='word_1_888' title='bbox 2541 4970 2646 5009; x_wconf 92' lang='lat' dir='ltr'><strong>non</strong></span> <span class='ocrx_word' id='word_1_889' title='bbox 2677 4954 2742 5009; x_wconf 89' lang='lat' dir='ltr'><strong>ad</strong></span> <span class='ocrx_word' id='word_1_890' title='bbox 2765 4954 2950 5010; x_wconf 87' lang='lat' dir='ltr'><strong>eadem</strong></span> <span class='ocrx_word' id='word_1_891' title='bbox 2979 4955 3273 5024; x_wconf 87' lang='lat' dir='ltr'><strong>pra-scribit</strong></span> <span class='ocrx_word' id='word_1_892' title='bbox 3304 4957 3577 5021; x_wconf 87' lang='lat' dir='ltr'><strong>Dominus,</strong></span> 
     </span>
    </p>
   </div>
   <div class='ocr_carea' id='block_1_113' title="bbox 1999 5045 3584 5120">
    <p class='ocr_par' dir='ltr' id='par_1_113' title="bbox 1999 5045 3584 5120">
     <span class='ocr_line' id='line_1_113' title="bbox 1999 5045 3584 5120; baseline -0.003 -14"><span class='ocrx_word' id='word_1_893' title='bbox 1999 5051 2120 5120; x_wconf 85' lang='lat' dir='ltr'><strong>quia</strong></span> <span class='ocrx_word' id='word_1_894' title='bbox 2149 5064 2254 5104; x_wconf 90' lang='lat' dir='ltr'><strong>non</strong></span> <span class='ocrx_word' id='word_1_895' title='bbox 2285 5047 2350 5102; x_wconf 88' lang='lat' dir='ltr'><strong>ad</strong></span> <span class='ocrx_word' id='word_1_896' title='bbox 2381 5049 2502 5101; x_wconf 89' lang='lat' dir='ltr'><strong>talia</strong></span> <span class='ocrx_word' id='word_1_897' title='bbox 2529 5045 2686 5101; x_wconf 90' lang='lat' dir='ltr'><strong>docet</strong></span> <span class='ocrx_word' id='word_1_898' title='bbox 2710 5046 3018 5114; x_wconf 82' lang='lat' dir='ltr'><strong>Apostolus.</strong></span> <span class='ocrx_word' id='word_1_899' title='bbox 3051 5045 3182 5100; x_wconf 86' lang='lat' dir='ltr'><strong>Nam</strong></span> <span class='ocrx_word' id='word_1_900' title='bbox 3209 5062 3312 5101; x_wconf 90' lang='lat' dir='ltr'><strong>non</strong></span> <span class='ocrx_word' id='word_1_901' title='bbox 3340 5047 3408 5102; x_wconf 77' lang='lat' dir='ltr'><strong>ad</strong></span> <span class='ocrx_word' id='word_1_902' title='bbox 3431 5062 3584 5102; x_wconf 78' lang='lat' dir='ltr'><strong>eam-</strong></span> 
     </span>
    </p>
   </div>
   <div class='ocr_carea' id='block_1_114' title="bbox 1998 5135 3584 5207">
    <p class='ocr_par' dir='ltr' id='par_1_114' title="bbox 1998 5135 3584 5207">
     <span class='ocr_line' id='line_1_114' title="bbox 1998 5135 3584 5207; baseline -0.004 -10"><span class='ocrx_word' id='word_1_903' title='bbox 1998 5142 2120 5198; x_wconf 91' lang='lat' dir='ltr'><strong>dem</strong></span> <span class='ocrx_word' id='word_1_904' title='bbox 2148 5142 2330 5207; x_wconf 87' lang='lat' dir='ltr'><strong>vitam,</strong></span> <span class='ocrx_word' id='word_1_905' title='bbox 2361 5153 2465 5193; x_wconf 92' lang='lat' dir='ltr'><strong>non</strong></span> <span class='ocrx_word' id='word_1_906' title='bbox 2493 5136 2559 5191; x_wconf 88' lang='lat' dir='ltr'><strong>ad</strong></span> <span class='ocrx_word' id='word_1_907' title='bbox 2601 5135 2787 5190; x_wconf 86' lang='lat' dir='ltr'><strong>eadem</strong></span> <span class='ocrx_word' id='word_1_908' title='bbox 2814 5135 2946 5191; x_wconf 81' lang='lat' dir='ltr'><strong>facta</strong></span> <span class='ocrx_word' id='word_1_909' title='bbox 2971 5135 3212 5190; x_wconf 87' lang='lat' dir='ltr'><strong>mortalia</strong></span> <span class='ocrx_word' id='word_1_910' title='bbox 3238 5144 3293 5189; x_wconf 90' lang='lat' dir='ltr'><strong>et</strong></span> <span class='ocrx_word' id='word_1_911' title='bbox 3315 5137 3584 5206; x_wconf 81' lang='lat' dir='ltr'><strong>corrupti-</strong></span> 
     </span>
    </p>
   </div>
   <div class='ocr_carea' id='block_1_115' title="bbox 1999 5217 3579 5302">
    <p class='ocr_par' dir='ltr' id='par_1_115' title="bbox 1999 5217 3579 5302">
     <span class='ocr_line' id='line_1_115' title="bbox 1999 5217 3579 5302; baseline -0.004 -12"><span class='ocrx_word' id='word_1_912' title='bbox 1999 5234 2125 5290; x_wconf 88' lang='lat' dir='ltr'><strong>bilia</strong></span> <span class='ocrx_word' id='word_1_913' title='bbox 2151 5242 2206 5289; x_wconf 91' lang='lat' dir='ltr'><strong>et</strong></span> <span class='ocrx_word' id='word_1_914' title='bbox 2244 5217 2474 5302; x_wconf 82' lang='lat' dir='ltr'><strong>peritura</strong></span> <span class='ocrx_word' id='word_1_915' title='bbox 2511 5238 2668 5300; x_wconf 85' lang='lat' dir='ltr'><strong>atque</strong></span> <span class='ocrx_word' id='word_1_916' title='bbox 2709 5227 3035 5282; x_wconf 79' lang='lat' dir='ltr'><strong>transeuntia</strong></span> <span class='ocrx_word' id='word_1_917' title='bbox 3061 5267 3075 5290; x_wconf 93' lang='lat'><strong>,</strong></span> <span class='ocrx_word' id='word_1_918' title='bbox 3109 5242 3215 5280; x_wconf 92' lang='lat' dir='ltr'><strong>non</strong></span> <span class='ocrx_word' id='word_1_919' title='bbox 3256 5225 3579 5284; x_wconf 66' lang='lat' dir='ltr'><strong>ad‘cartmlia</strong></span> 
     </span>
    </p>
   </div>
   <div class='ocr_carea' id='block_1_116' title="bbox 1998 5317 3578 5400">
    <p class='ocr_par' dir='ltr' id='par_1_116' title="bbox 1998 5317 3578 5400">
     <span class='ocr_line' id='line_1_116' title="bbox 1998 5317 3578 5400; baseline -0.003 -21"><span class='ocrx_word' id='word_1_920' title='bbox 1998 5326 2210 5400; x_wconf 79' lang='lat' dir='ltr'><strong>gaudia,</strong></span> <span class='ocrx_word' id='word_1_921' title='bbox 2235 5341 2340 5380; x_wconf 90' lang='lat' dir='ltr'><strong>non</strong></span> <span class='ocrx_word' id='word_1_922' title='bbox 2368 5323 2431 5378; x_wconf 87' lang='lat' dir='ltr'><strong>ad</strong></span> <span class='ocrx_word' id='word_1_923' title='bbox 2455 5323 2695 5377; x_wconf 88' lang='lat' dir='ltr'><strong>carnales</strong></span> <span class='ocrx_word' id='word_1_924' title='bbox 2716 5319 3126 5374; x_wconf 75' lang='lat' dir='ltr'><strong>consolationes.</strong></span> <span class='ocrx_word' id='word_1_925' title='bbox 3154 5317 3211 5374; x_wconf 89' lang='lat' dir='ltr'><strong>Si</strong></span> <span class='ocrx_word' id='word_1_926' title='bbox 3235 5333 3363 5388; x_wconf 86' lang='lat' dir='ltr'><strong>ergo</strong></span> <span class='ocrx_word' id='word_1_927' title='bbox 3384 5334 3490 5374; x_wconf 77' lang='lat' dir='ltr'><strong>nm</strong></span> <span class='ocrx_word' id='word_1_928' title='bbox 3511 5320 3578 5375; x_wconf 88' lang='lat' dir='ltr'><strong>ad</strong></span> 
     </span>
    </p>
   </div>
   <div class='ocr_carea' id='block_1_117' title="bbox 1998 5407 3589 5482">
    <p class='ocr_par' dir='ltr' id='par_1_117' title="bbox 1998 5407 3589 5482">
     <span class='ocr_line' id='line_1_117' title="bbox 1998 5407 3589 5482; baseline -0.009 -8"><span class='ocrx_word' id='word_1_929' title='bbox 1998 5418 2208 5482; x_wconf 88' lang='lat' dir='ltr'><strong>eadem,</strong></span> <span class='ocrx_word' id='word_1_930' title='bbox 2239 5430 2340 5471; x_wconf 91' lang='lat' dir='ltr'><strong>nec</strong></span> <span class='ocrx_word' id='word_1_931' title='bbox 2364 5414 2506 5469; x_wconf 88' lang='lat' dir='ltr'><strong>talia.</strong></span> <span class='ocrx_word' id='word_1_932' title='bbox 2535 5411 2590 5468; x_wconf 91' lang='lat' dir='ltr'><strong>Si</strong></span> <span class='ocrx_word' id='word_1_933' title='bbox 2620 5421 2723 5465; x_wconf 75' lang='lat' dir='ltr'><strong>uo‘n</strong></span> <span class='ocrx_word' id='word_1_934' title='bbox 2751 5409 2893 5474; x_wconf 79' lang='lat' dir='ltr'><strong>talia,</strong></span> <span class='ocrx_word' id='word_1_935' title='bbox 2918 5407 3184 5479; x_wconf 85' lang='lat' dir='ltr'><strong>quomodo</strong></span> <span class='ocrx_word' id='word_1_936' title='bbox 3205 5425 3333 5479; x_wconf 84' lang='lat' dir='ltr'><strong>ergo</strong></span> <span class='ocrx_word' id='word_1_937' title='bbox 3345 5424 3482 5465; x_wconf 79' lang='lat' dir='ltr'><strong>caro</strong></span> <span class='ocrx_word' id='word_1_938' title='bbox 3505 5425 3589 5467; x_wconf 76' lang='lat' dir='ltr'><strong>re.</strong></span> 
     </span>
    </p>
   </div>
   <div class='ocr_carea' id='block_1_118' title="bbox 1997 5498 3586 5580">
    <p class='ocr_par' dir='ltr' id='par_1_118' title="bbox 1997 5498 3586 5580">
     <span class='ocr_line' id='line_1_118' title="bbox 1997 5498 3586 5580; baseline -0.006 -15"><span class='ocrx_word' id='word_1_939' title='bbox 1997 5509 2216 5580; x_wconf 84' lang='lat' dir='ltr'><strong>surget?</strong></span> <span class='ocrx_word' id='word_1_940' title='bbox 2237 5505 2426 5562; x_wconf 89' lang='lat' dir='ltr'><strong>Carnis</strong></span> <span class='ocrx_word' id='word_1_941' title='bbox 2454 5511 2631 5559; x_wconf 87' lang='lat' dir='ltr'><strong>autem</strong></span> <span class='ocrx_word' id='word_1_942' title='bbox 2659 5499 3108 5556; x_wconf 85' lang='lat' dir='ltr'><strong>resurrectionem</strong></span> <span class='ocrx_word' id='word_1_943' title='bbox 3132 5498 3390 5554; x_wconf 83' lang='lat' dir='ltr'><strong>habemus</strong></span> <span class='ocrx_word' id='word_1_944' title='bbox 3416 5500 3467 5556; x_wconf 92' lang='lat' dir='ltr'><strong>in</strong></span> <span class='ocrx_word' id='word_1_945' title='bbox 3496 5516 3586 5557; x_wconf 83' lang='lat' dir='ltr'><strong>re-</strong></span> 
     </span>
    </p>
   </div>
   <div class='ocr_carea' id='block_1_119' title="bbox 1997 5590 3584 5673">
    <p class='ocr_par' dir='ltr' id='par_1_119' title="bbox 1997 5590 3584 5673">
     <span class='ocr_line' id='line_1_119' title="bbox 1997 5590 3584 5673; baseline -0.006 -16"><span class='ocrx_word' id='word_1_946' title='bbox 1997 5601 2118 5673; x_wconf 80' lang='lat' dir='ltr'><strong>gula</strong></span> <span class='ocrx_word' id='word_1_947' title='bbox 2149 5599 2292 5664; x_wconf 82' lang='lat' dir='ltr'><strong>fidei,</strong></span> <span class='ocrx_word' id='word_1_948' title='bbox 2322 5607 2378 5653; x_wconf 92' lang='lat' dir='ltr'><strong>et</strong></span> <span class='ocrx_word' id='word_1_949' title='bbox 2395 5611 2516 5652; x_wconf 89' lang='lat' dir='ltr'><strong>eam</strong></span> <span class='ocrx_word' id='word_1_950' title='bbox 2535 5594 2851 5649; x_wconf 79' lang='lat' dir='ltr'><strong>conﬁtentes</strong></span> <span class='ocrx_word' id='word_1_951' title='bbox 2870 5590 3219 5663; x_wconf 81' lang='lat' dir='ltr'><strong>baptizamur.</strong></span> <span class='ocrx_word' id='word_1_952' title='bbox 3241 5590 3311 5660; x_wconf 82' lang='lat' dir='ltr'><strong>Et</strong></span> <span class='ocrx_word' id='word_1_953' title='bbox 3329 5591 3584 5664; x_wconf 79' lang='lat' dir='ltr'><strong>quidquid</strong></span> 
     </span>
    </p>
   </div>
   <div class='ocr_carea' id='block_1_120' title="bbox 1999 5683 3585 5757">
    <p class='ocr_par' dir='ltr' id='par_1_120' title="bbox 1999 5683 3585 5757">
     <span class='ocr_line' id='line_1_120' title="bbox 1999 5683 3585 5757; baseline -0.006 -4"><span class='ocrx_word' id='word_1_954' title='bbox 1999 5697 2068 5753; x_wconf 89' lang='lat' dir='ltr'><strong>ibi</strong></span> <span class='ocrx_word' id='word_1_955' title='bbox 2087 5694 2424 5757; x_wconf 81' lang='lat' dir='ltr'><strong>conﬁtemur,</strong></span> <span class='ocrx_word' id='word_1_956' title='bbox 2445 5705 2509 5744; x_wconf 85' lang='lat' dir='ltr'><strong>ex</strong></span> <span class='ocrx_word' id='word_1_957' title='bbox 2533 5687 2756 5743; x_wconf 88' lang='lat' dir='ltr'><strong>veritate</strong></span> <span class='ocrx_word' id='word_1_958' title='bbox 2775 5685 2900 5742; x_wconf 86' lang='lat' dir='ltr'><strong>etin</strong></span> <span class='ocrx_word' id='word_1_959' title='bbox 2920 5683 3144 5740; x_wconf 86' lang='lat' dir='ltr'><strong>veritate</strong></span> <span class='ocrx_word' id='word_1_960' title='bbox 3163 5683 3503 5746; x_wconf 82' lang='lat' dir='ltr'><strong>conﬁtemur.</strong></span> <span class='ocrx_word' id='word_1_961' title='bbox 3532 5687 3585 5744; x_wconf 85' lang='lat' dir='ltr'><strong>in</strong></span> 
     </span>
    </p>
   </div>
   <div class='ocr_carea' id='block_1_121' title="bbox 2001 5778 3584 5860">
    <p class='ocr_par' dir='ltr' id='par_1_121' title="bbox 2001 5778 3584 5860">
     <span class='ocr_line' id='line_1_121' title="bbox 2001 5778 3584 5860; baseline -0.003 -19"><span class='ocrx_word' id='word_1_962' title='bbox 2001 5805 2102 5860; x_wconf 84' lang='lat' dir='ltr'><strong>qua</strong></span> <span class='ocrx_word' id='word_1_963' title='bbox 2119 5788 2345 5844; x_wconf 80' lang='lat' dir='ltr'><strong>vivimus</strong></span> <span class='ocrx_word' id='word_1_964' title='bbox 2365 5793 2418 5842; x_wconf 90' lang='lat' dir='ltr'><strong>et</strong></span> <span class='ocrx_word' id='word_1_965' title='bbox 2437 5796 2714 5840; x_wconf 86' lang='lat' dir='ltr'><strong>movemur</strong></span> <span class='ocrx_word' id='word_1_966' title='bbox 2726 5788 2781 5836; x_wconf 89' lang='lat' dir='ltr'><strong>et</strong></span> <span class='ocrx_word' id='word_1_967' title='bbox 2795 5793 2998 5835; x_wconf 65' lang='lat' dir='ltr'><strong>simus.</strong></span> <span class='ocrx_word' id='word_1_968' title='bbox 3016 5778 3421 5851; x_wconf 80' lang='lat' dir='ltr'><strong>Tetnporalibus</strong></span> <span class='ocrx_word' id='word_1_969' title='bbox 3442 5782 3584 5837; x_wconf 82' lang='lat' dir='ltr'><strong>enim</strong></span> 
     </span>
    </p>
   </div>
  </div>
