4026 6186
491 266 627 320 1615

488 376 649 445 gestis
678 384 730 429 rt
769 375 1160 455 t‘l‘tttr§¢3lltttilrtts
1189 373 1505 443 quibusdam
1538 387 1597 427 ac
1625 373 2067 442 prartcreuntibus

491 471 641 523 factis
669 469 979 523 instruimur
1003 468 1066 520 ad
1093 469 1247 521 vitam
1268 477 1540 521 artvrnam.
1566 467 1754 520 Omnia
1779 482 1895 536 qua:
1922 475 2069 534 gesta

489 573 632 626 sunt,
665 570 720 614 ut
748 560 959 615 salubre
984 557 1181 628 aliquid
1222 557 1526 611 audiremus
1548 600 1562 623 ,
1593 566 1650 611 ut
1692 558 1941 612 miracula
1973 561 2071 612 lic-

489 661 638 716 rent,
682 660 738 705 ut
764 652 1020 706 Dominus
1058 657 1238 704 noster
1275 660 1604 715 nasceretur,
1649 651 1876 705 esui-iret
1914 658 1968 705 ct
2007 651 2071 704 si-

489 744 641 806 tiret,
672 740 1230 810 comprehenderetur,
1258 741 1592 794 contumeliis
1618 740 1940 802 afficeretur,
1977 755 2066 794 va-

488 834 722 902 pularet,
757 832 1185 901 crucifigeretur,
1220 840 1546 896 moreretur,
1595 829 1934 899 sepeliretur,
1984 845 2068 884 re-

483 930 745 992 surgeret,
776 922 826 976 in
852 922 1045 977 caelum
1067 921 1398 987 ascenderet,
1425 921 1601 974 omnia
1627 921 1950 974 transierunt
1973 938 1986 984 ;
2015 931 2068 975 et

482 1030 601 1069 cum
628 1013 999 1085 pra‘dicantur,
1033 1011 1153 1067 fidei
1180 1021 1376 1067 nostrae
1401 1013 1635 1067 actiones
1665 1009 1906 1081 quaedam
1939 1023 2070 1066 tem-

486 1107 697 1176 poraics
741 1115 795 1161 et
844 1105 1160 1159 transitoria:
1213 1103 1584 1173 praedicantur.
1629 1102 1893 1172 Numquid
1942 1102 2064 1172 quia

485 1199 613 1268 ipsa:
632 1207 925 1263 transeunt,
940 1195 1086 1266 quod
1105 1211 1312 1264 pereas
1325 1195 1616 1249 aedificatur
1631 1194 1875 1249 similiter
1896 1205 2066 1249 trans-

483 1289 559 1343 it?
590 1288 833 1344 lntendat
887 1287 1029 1342 enim
1072 1287 1335 1342 Sanctitas
1363 1295 1566 1349 vestra,
1621 1296 1676 1339 ut
1706 1285 1924 1339 videatis
1964 1283 2066 1338 hoc

479 1397 574 1451 per
597 1379 1016 1434 similitudinem.
1047 1379 1380 1433 Architectus
1407 1378 1634 1432 :edificat
1660 1393 1751 1446 per
1791 1376 2064 1432 machinas

479 1474 789 1526 transituras
806 1471 1022 1525 domum
1047 1469 1369 1523 mansmhm.
1391 1469 1521 1522 Nam
1548 1470 1597 1522 in
1622 1470 1722 1523 isto
1745 1477 1849 1521 tam
1874 1482 2064 1538 magno

387 1545 403 1556 θ
477 1578 526 1622 et
557 1567 755 1636 amplo,
795 1565 933 1636 quod
960 1564 1200 1620 videmus
1220 1605 1234 1630 ,
1263 1563 1507 1628 aedilicio,
1535 1578 1656 1617 cum
1683 1563 2058 1627 instrueretur,

481 1657 742 1712 machime
771 1656 1003 1721 fuerunt,
1027 1672 1144 1726 qum.
1173 1655 1256 1710 hic
1277 1653 1437 1709 modo
1459 1669 1562 1708 non
1593 1662 1746 1716 sunt;
1779 1653 1898 1723 quia
1921 1651 2060 1722 quod

477 1766 576 1818 per
597 1764 688 1802 eas
706 1747 1082 1811 aulilicabatur,
1100 1747 1208 1816 jam
1232 1746 1521 1816 perfectum
1545 1753 1667 1799 stat.
1686 1746 1771 1800 Sic
1786 1760 1932 1814 ergo,
1959 1745 2062 1797 fra-

480 1853 608 1906 tres,
632 1841 991 1895 tedilieabatur
1014 1838 1208 1909 aliquid
1240 1839 1291 1892 in
1328 1838 1429 1892 fide
1457 1837 1765 1903 christiana,
1797 1845 1850 1890 et
1878 1835 2052 1905 perfe-

477 1948 560 1987 cta
583 1944 706 1988 sunt
727 1932 966 2002 qnzrdam
996 1930 1421 1986 machinamenta
1451 1929 1780 1999 temporalia.
1805 1928 2058 1982 Dominus

478 2026 618 2079 enim
653 2035 833 2080 uoster
870 2023 1024 2080 Jcsus
1072 2022 1314 2077 Christus
1345 2021 1486 2091 quod
1525 2020 1854 2085 resurrexit,
1885 2031 2057 2074 trans-

473 2127 650 2170 actum
668 2125 782 2180 est;
809 2131 979 2186 neque
1001 2115 1141 2170 enim
1166 2114 1339 2168 adhuc
1360 2114 1618 2184 resurgit:
1642 2113 1855 2183 etquod
1875 2127 2057 2166 ascen-

469 2208 546 2260 dit
594 2207 645 2260 in
693 2207 887 2260 caelum
915 2246 929 2270 ,
977 2213 1300 2259 transactum
1345 2213 1459 2267 est;
1495 2204 1833 2274 nequeenim
1882 2203 2057 2258 adhuc

469 2295 726 2350 ascendit.
761 2294 910 2360 Quod
953 2303 1129 2348 autem
1175 2295 1225 2348 in
1279 2294 1366 2348 illa
1411 2295 1516 2348 vita
1546 2303 1660 2360 est,
1690 2293 1778 2348 ubi
1803 2294 1912 2363 jam
1946 2309 2052 2348 non

471 2387 718 2452 moritur,
752 2396 806 2440 et
835 2400 978 2439 mors
1005 2385 1054 2438 ei
1084 2384 1220 2438 ultra
1251 2399 1356 2437 non
1387 2383 1747 2438 dominabitur
1770 2385 1948 2453 (Rom.
1981 2399 2051 2448 γι,

468 2477 560 2549 9);
589 2476 730 2548 quod
763 2477 891 2531 \‘ivit
937 2477 989 2530 in
1031 2485 1292 2530 mternum
1323 2475 1483 2529 etiam
1525 2475 1638 2544 ipsa
1668 2475 1718 2528 in
1747 2475 1838 2529 illo
1867 2484 2054 2529 natura

468 2569 696 2623 humana
716 2611 729 2632 ,
760 2582 918 2637 quam
949 2567 1220 2636 suscipere
1241 2607 1257 2632 ,
1289 2576 1341 2619 et
1372 2564 1422 2618 in
1453 2580 1556 2634 qua
1581 2564 1759 2630 nasci,
1786 2575 1840 2619 et
1866 2565 1919 2620 in
1949 2580 2052 2635 qua

469 2660 604 2714 mori
634 2669 689 2712 et
718 2657 935 2728 sepeliri
984 2656 1230 2726 dignatus
1273 2665 1375 2721 est,
1409 2655 1511 2709 hac
1554 2656 1876 2710 aedificatum
1927 2664 2049 2723 est,

386 2725 398 2742 ’
469 2751 570 2804 hoc
599 2763 812 2818 semper
839 2755 1038 2802 manet.
1072 2747 1329 2802 Machina:
1359 2756 1535 2802 autem
1581 2763 1675 2817 per
1719 2763 1850 2818 quas
1881 2749 2053 2804 ξεάίιῖ-

469 2851 647 2895 catum
677 2849 792 2905 est,
838 2839 1179 2895 transierunt.
1210 2838 1326 2894 Non
1371 2841 1511 2894 enim
1556 2855 1768 2910 semper
1800 2843 1850 2896 in
1901 2850 2055 2896 utero

471 2933 721 3003 virginali
753 2932 1070 3002 concipitur,
1098 2941 1190 2986 aut
1215 2947 1428 3001 semper
1456 2931 1531 2987 de
1553 2933 1713 2986 Maria
1735 2933 1935 3003 virgine
1961 2950 2055 2988 na-

469 3026 638 3080 scitur
687 3022 964 3088 Christus,
1019 3031 1110 3075 aut
1160 3035 1375 3092 semper
1422 3022 1916 3092 comprehenditur,
1962 3032 2054 3078 aut

468 3129 682 3183 semper
712 3111 997 3182 iudicatur,
1043 3111 1360 3180 ﬂagellatur,
1393 3113 1737 3184 crucifigitur,
1770 3115 2048 3183 sepelitur.

467 3205 655 3258 Omnia
683 3203 796 3258 hmc
819 3203 1077 3256 machina:
1105 3201 1446 3271 deputantur,
1485 3213 1542 3258 ut
1570 3203 1926 3259 aedificaretur
1957 3221 2051 3275 per

471 3300 566 3352 has
593 3295 863 3351 machinas
890 3294 1018 3348 illud
1049 3294 1188 3364 quod
1215 3303 1391 3348 manet
1421 3296 1472 3349 in
1501 3304 1780 3350 :eternnm.
1815 3297 1939 3351 llaec
1966 3312 2054 3351 au-

467 3403 570 3444 tem
600 3387 920 3443 resurrectio
963 3386 1172 3441 Domini
1204 3386 1372 3441 nostri
1418 3387 1543 3442 .lcsu
1581 3386 1776 3443 Christi
1823 3389 1874 3443 in
1907 3390 2048 3445 cmlo

468 3482 641 3550 posita
669 3489 774 3533 est.

541 3571 765 3626 CAPUT
805 3570 941 3626 Vill.
977 3600 1047 3610 —
1075 3570 1128 3625 8.
1173 3569 1476 3640 didi/icium
1505 3572 1716 3627 caelestis
1766 3571 2051 3628 Jerusalem

465 3661 610 3716 habet
640 3661 1026 3734 fundamentum
1054 3678 1274 3715 sursum.
1309 3661 1538 3717 Christus
1582 3674 1627 3717 et
1666 3666 2050 3735 fundamentum

468 3765 717 3820 nostrum,
750 3762 794 3806 et
821 3763 990 3822 caput.
1015 3753 1266 3808 Attendat
1300 3753 1542 3810 Charitas
1562 3765 1736 3810 vestra
1767 3757 2048 3810 aedilicium

469 3847 730 3903 mirabile.
780 3845 1024 3901 zEdilicia
1053 3846 1250 3919 quippe
1293 3846 1392 3902 ista
1433 3857 1642 3902 terrena
1677 3848 1910 3918 pondere
1951 3863 2050 3903 suo

468 3951 665 3996 terram
714 3950 994 4011 premunt,
1032 3948 1279 4010 totusque
1322 3949 1481 3995 nutus
1522 3940 1816 4010 ponderant
1858 3942 1911 3996 in
1952 3942 2048 3996 ista

467 4041 736 4087 structura
762 4030 1124 4101 magnitudine
1150 4030 1215 4085 ad
1245 4039 1441 4086 terram
1482 4031 1686 4099 nititur,
1715 4041 1770 4086 et
1803 4031 1902 4086 nisi
1924 4046 2050 4087 con-

467 4127 715 4188 tineatur,
747 4123 812 4176 ad
842 4122 1090 4177 inferiora
1122 4124 1416 4188 contendit,
1447 4139 1553 4194 quo
1581 4123 1787 4193 pondus
1812 4123 2046 4178 adducit.

467 4217 598 4285 Quia
625 4232 753 4285 ergo
783 4217 834 4270 in
863 4227 1000 4270 terra
1045 4215 1356 4282 aedificatur,
1391 4217 1441 4270 in
1471 4224 1609 4271 terra
1650 4216 2048 4271 fundamentum

469 4306 840 4377 praemittitur;
871 4314 928 4360 ut
951 4319 1109 4375 supra
1140 4304 1539 4360 fundamentum
1568 4321 1789 4361 securus
1825 4307 2049 4362 instruat

467 4400 557 4469 qui
585 4397 833 4454 :edificat.
880 4395 1022 4466 Ergo
1068 4397 1215 4466 ponit
1245 4397 1295 4450 in
1340 4397 1447 4450 imo
1485 4397 1814 4453 firmissimas
1843 4399 2044 4464 moles,

469 4500 525 4546 ut
556 4489 744 4544 idonee
781 4489 985 4559 possint
1017 4497 1227 4557 portare
1265 4488 1494 4557 desuper
1539 4488 1679 4558 quod
1715 4489 2004 4558 imponitur
2029 4529 2044 4553 ,

465 4593 522 4638 et
566 4597 662 4652 pro
709 4581 1071 4651 magnitudine
1117 4579 1324 4635 :edilicii
1374 4581 1680 4651 magnitudo
1719 4581 2046 4637 fundamenti

467 4682 832 4742 pricparatur:
866 4673 917 4726 in
949 4681 1088 4726 terra
1129 4680 1341 4736 tamen,
1391 4682 1446 4726 ut
1489 4672 1638 4739 dixi,
1686 4674 1807 4742 quia
1834 4684 1889 4730 et
1920 4675 2047 4730 illud

463 4765 606 4834 quod
636 4763 930 4818 aedificatur
959 4779 1141 4831 supra,
1171 4765 1353 4832 utique
1381 4763 1433 4817 in
1459 4774 1600 4818 terra
1617 4765 1928 4818 colloCatur.
1961 4765 2048 4820 Je-

461 4856 694 4911 rusalem
744 4855 831 4909 illa
877 4863 1056 4909 nostra
1111 4857 1389 4924 peregrina
1445 4855 1496 4908 in
1551 4856 1688 4910 coelo
1735 4855 2045 4912 aedificatur.

463 4948 587 5003 Ideo
612 4946 883 5017 praecessit
911 4943 1308 4999 fundamentum
1351 4943 1594 4999 Christus
1640 4945 1692 4999 in
1728 4945 1943 5000 cadum.
1976 4946 2049 5001 lbi

459 5040 603 5096 enim
641 5037 1044 5092 fundamentum
1086 5044 1325 5090 nostrum
1351 5043 1433 5089 est
1460 5044 1513 5090 et
1546 5044 1705 5104 caput
1745 5035 1995 5090 Ecclesia:
2029 5054 2042 5091 :

465 5146 587 5192 nam
613 5139 669 5184 et
698 5129 1101 5184 fundamentum
1138 5126 1332 5182 dicitur
1359 5136 1412 5180 et
1438 5135 1624 5196 caput,
1670 5137 1724 5182 et
1763 5143 1946 5182 revera
1977 5127 2046 5181 ita

461 5232 563 5277 est.
609 5221 740 5290 Quia
780 5230 833 5276 et
865 5231 1025 5291 caput
1063 5218 1271 5274 :edilicii
1319 5218 1718 5273 fundamentum
1757 5229 1839 5273 est
1883 5237 1896 5272 :
1942 5235 2045 5274 non

461 5314 604 5367 enim
632 5321 788 5382 caput
819 5313 1065 5380 estquod
1099 5311 1299 5374 linitur,
1327 5309 1423 5364 sed
1455 5308 1593 5364 unde
1619 5309 1802 5379 incipit
1833 5326 2042 5364 sursum

461 5419 670 5457 versus.
721 5402 1078 5456 Terrenorum
1118 5401 1463 5455 aedificiorum
1500 5401 1728 5455 culmina
1760 5402 2047 5473 subrigun-

464 5506 570 5556 tur,
592 5501 753 5562 caput
783 5505 958 5548 tamen
1001 5493 1055 5548 in
1089 5503 1244 5546 terra:
1283 5492 1548 5547 soliditate
1585 5493 1930 5548 constituunt.
1961 5495 2050 5550 Sic

460 5598 513 5640 et
553 5593 709 5653 caput
750 5584 1005 5641 Ecclesim
1047 5586 1321 5656 pra‘cessit
1351 5586 1404 5640 in
1425 5586 1641 5650 omium,
1686 5597 1740 5641 et
1784 5587 1939 5642 sedet
1979 5587 2046 5642 ad

463 5677 740 5732 dexteram
772 5675 958 5732 l'atris.
993 5675 1272 5743 Quomodo
1287 5686 1575 5747 operantur
1604 5676 1865 5745 homines,
1894 5688 1947 5733 ut
1977 5679 2044 5736 ad

1733 260 1788 314 S.
1831 258 2192 315 AUCUSTIN!
2235 259 2530 317 El‘lSCOPI

3631 269 3756 324 ifilli

2183 375 2610 429 constituendum
2655 374 3055 433 fundamentum
3085 381 3279 452 aliquid
3310 382 3679 456 trahantquod
3715 391 3764 445 in

2181 467 2287 520 imo
2334 466 2604 520 stabiliant
2631 509 2644 529 ,
2712 479 2929 538 propter
2975 476 3319 529 securitatem
3366 488 3764 546 superventurzs

2179 557 2334 611 mulis
2380 559 2431 612 in
2479 561 2965 616 constructionibus
2998 562 3208 620 fabricae
3247 566 3441 623 futura'
3491 586 3503 623 :
3551 571 3629 625 sic
3671 587 3761 641 per

2178 649 2352 702 omnia
2383 649 2468 702 illa
2494 665 2609 717 qua:
2637 652 2975 722 contigerunt
3000 659 3049 708 tn
3073 653 3289 711 Christo
3309 699 3322 720 ,
3354 661 3519 725 nasci,
3550 677 3765 717 cresce-

2177 755 2256 805 re,
2283 741 2699 811 comprehendi,
2735 747 3110 802 contumeliam
3134 751 3262 817 pati,
3289 750 3563 820 ﬂagellari,
3589 756 3761 808 cruci-

2178 831 2286 900 figi,
2316 833 2506 896 occidi,
2539 834 2696 901 mori,
2722 836 2956 905 sepeliri,
2984 838 3128 893 velut
3153 848 3375 897 attracta
3398 853 3477 897 est
3502 846 3667 900 moles
3694 847 3759 900 ad

2175 921 2576 978 fundamentum
2600 925 2836 980 cwleste.

2246 1013 2297 1068 9.
2335 1014 2596 1085 Agendum
2635 1028 2689 1070 ut
2717 1017 2768 1071 in
2795 1016 2993 1072 Christo
3013 1022 3342 1090 tediﬁcemur.
3373 1025 3603 1082 Christus
3643 1033 3760 1100 fant-

2175 1103 2463 1158 damentum
2489 1115 2580 1169 est,
2609 1108 2652 1160 si
2680 1109 2898 1178 primum
2921 1111 2972 1164 in
2999 1113 3149 1166 corde
3170 1114 3337 1168 locum
3358 1116 3591 1172 obtineat.
3616 1119 3760 1192 Ignis

2172 1194 2412 1263 gehennw
2433 1213 2584 1266 quam
2609 1198 2876 1254 timendus.
2905 1201 3082 1256 Posito
3109 1218 3235 1274 ergo
3257 1205 3308 1259 in
3326 1209 3547 1263 summis
3566 1209 3756 1268 funda-

2173 1295 2353 1339 mento
2391 1297 2595 1352 nostro,
2633 1289 2961 1346 :cdilicemur
2996 1292 3047 1347 in
3088 1309 3173 1348 eo.
3219 1297 3356 1350 Audi
3399 1301 3708 1368 Apostolnm
3743 1323 3754 1356 :

2173 1373 2604 1445 Fundamentum,
2631 1379 2818 1449 inquit,
2845 1381 2989 1436 aliud
3009 1400 3155 1439 nemo
3177 1396 3335 1456 potest
3357 1406 3560 1458 ponere,
3577 1407 3759 1461 pra’ter

2170 1464 2224 1517 id
2249 1467 2384 1534 quod
2420 1469 2635 1535 positum
2662 1480 2753 1535 est,
2785 1473 2920 1539 quod
2945 1483 3015 1526 est
3047 1474 3278 1530 Christus
3301 1477 3472 1534 Jesus.

2239 1556 2466 1612 CAPUT
2507 1557 2595 1612 ΙΧ.
2635 1589 2708 1600 --
2749 1561 2854 1617 Sed
2901 1564 3026 1633 quid
3075 1569 3357 1636 sequitur?
3400 1570 3760 1645 Unusquisque

2168 1658 2337 1699 autent
2380 1649 2542 1703 videat
2585 1652 2706 1721 quid
2738 1656 3106 1725 superanti/iret
3147 1675 3301 1728 super
3328 1663 3712 1731 fundamentum
3740 1708 3755 1731 ,

2167 1753 2370 1804 aurum,
2410 1747 2692 1810 argentum,
2725 1742 2922 1812 lapides
2950 1747 3222 1815 pretiosos,
3253 1750 3409 1820 ligna,
3443 1757 3634 1822 fenum,
3664 1758 3759 1810 sti-

2166 1829 2360 1898 pulam.
2390 1829 2444 1884 In
2468 1832 2606 1886 cado
2623 1834 2835 1904 quidem
2851 1835 3090 1892 Christus
3108 1849 3208 1905 est,
3225 1843 3315 1896 sed
3338 1843 3497 1898 etiam
3519 1844 3570 1900 in
3591 1851 3759 1903 corde

2165 1922 2518 1978 credentium.
2547 1923 2602 1980 Si
2633 1927 2861 1996 primum
2901 1929 3076 1985 locum
3123 1932 3284 1989 habet
3307 1934 3567 2004 Christus,
3606 1952 3759 1996 recte

2165 2013 2398 2080 positum
2429 2024 2511 2068 est
2533 2015 2960 2074 fundamentum.
2997 2021 3136 2092 Ergo
3173 2026 3262 2094 qui
3303 2026 3559 2094 a'ditiCat,
3594 2045 3756 2086 secu-

2163 2117 2256 2158 rus
2283 2104 2531 2174 aedificet,
2565 2109 2608 2164 si
2635 2125 2731 2179 pro
2755 2111 3010 2182 dignitate
3038 2114 3365 2172 fundamenti
3397 2120 3628 2178 aedificat
3654 2139 3760 2178 an-

2164 2211 2303 2260 rum,
2344 2211 2641 2270 argentum,
2676 2204 2877 2272 lapides
2903 2207 3190 2275 pretiosos.
3223 2208 3277 2264 Si
3308 2221 3486 2265 autem
3518 2228 3624 2267 non
3654 2230 3759 2284 pro

2163 2288 2418 2360 dignitate
2447 2293 2774 2350 fundamenti
2800 2295 3027 2351 aediﬁcat
3048 2340 3062 2362 ,
3098 2299 3319 2369 lignum.
3346 2302 3543 2367 fenum,
3575 2307 3754 2373 stipu-

2164 2379 2269 2435 lam
2292 2399 2305 2447 ;
2329 2383 2516 2439 saltem
2538 2394 2714 2439 teneat
2739 2386 3161 2455 fundamentum,
3185 2401 3244 2445 et
3271 2403 3486 2460 preptcr
3517 2395 3601 2448 illa
3625 2415 3759 2466 qsue

2161 2474 2423 2528 exstruxit
2465 2474 2612 2529 arida
2661 2484 2715 2531 et
2759 2475 2995 2547 fragilia,
3026 2479 3093 2533 ad
3137 2481 3311 2550 ignem
3357 2497 3416 2537 se
3465 2497 3753 2554 prirparet.

2163 2561 2268 2618 Sed
2299 2564 2342 2617 si
2371 2562 2772 2621 fundamentum
2803 2577 2904 2634 est,
2930 2568 2979 2624 id
3002 2581 3104 2636 est,
3135 2573 3178 2625 si
3222 2574 3446 2641 primum
3482 2576 3657 2630 locum
3695 2579 3753 2631 in

2161 2654 2322 2710 corde
2351 2654 2595 2712 Christus
2621 2658 2870 2722 obtinuit,
2901 2662 3172 2715 sa-cnlaria
3201 2678 3328 2718 vero
3352 2665 3430 2719 sic
3457 2677 3712 2722 amantur
3736 2709 3751 2734 ,

2162 2755 2218 2798 ut
2249 2759 2352 2800 non
2383 2745 2596 2802 Christo
2627 2759 3030 2818 pracponantur,
3061 2752 3155 2807 sed
3194 2754 3271 2807 eis
3304 2753 3558 2811 Dominus
3586 2755 3753 2813 Citri-

2160 2849 2309 2904 stus,
2344 2850 2398 2895 ut
2425 2841 2497 2896 sit
2524 2843 2577 2896 in
2607 2839 2832 2897 aedificio
2869 2844 3046 2899 cordis
3079 2855 3264 2901 tenens
3301 2846 3706 2906 fundamentum
3732 2893 3750 2918 ,

2161 2931 2214 2988 id
2242 2942 2344 2998 est,
2375 2935 2602 3003 primum
2633 2936 2806 2990 locum
2839 2954 2852 2990 :
2881 2937 3253 3004 detrimentum,
3283 2940 3470 3010 inquit,
3505 2943 3749 3011 patietur;

2159 3023 2266 3095 ipse
2289 3034 2454 3079 autem
2479 3026 2648 3081 salvus
2673 3028 2787 3091 erit,
2815 3027 2887 3081 sic
2913 3038 3080 3082 tamen
3099 3031 3246 3100 quasi
3259 3048 3350 3101 per
3368 3032 3532 3102 ignem
3551 3035 3573 3101 (
3590 3034 3607 3087 l
3626 3034 3748 3088 Cor.

2161 3130 2238 3179 ιιι,
2293 3116 2498 3186 10-15).
2545 3115 2660 3170 Non
2705 3127 2802 3172 est.
2835 3133 2977 3172 nunc
3027 3129 3236 3189 tempus
3281 3120 3484 3176 hortari
3527 3137 3640 3188 vos,
3691 3136 3748 3178 ut

2160 3208 2336 3276 potius
2363 3222 2573 3271 aurum,
2597 3219 2896 3278 argentum,
2922 3209 3125 3279 lapides
3156 3213 3419 3280 pretiosos
3449 3213 3748 3281 aedificetis,

2158 3312 2315 3366 quam
2345 3298 2568 3368 lignum,
2602 3297 2801 3364 fenum,
2833 3299 3117 3370 stipulam,
3150 3316 3314 3371 super
3341 3312 3444 3357 tam
3494 3319 3748 3376 magnum

2157 3397 2213 3443 et
2241 3388 2472 3443 validum
2499 3387 2900 3445 fundamentum
2925 3408 2937 3444 :
2963 3390 3058 3445 sed
3090 3399 3264 3446 tamen
3295 3393 3527 3448 breviter
3546 3395 3750 3451 dictum

2158 3479 2236 3533 sic
2265 3480 2510 3548 accipite,
2543 3481 2692 3550 quasi
2720 3480 2810 3536 diu
2837 3490 2893 3537 et
2917 3481 3098 3536 multis
3128 3483 3304 3538 verbis
3331 3483 3556 3540 dictum.
3588 3485 3751 3542 Novio

2159 3583 2279 3622 mus
2318 3569 2482 3634 enim,
2533 3569 2748 3636 fratres,
2793 3570 2916 3641 quia
2965 3572 3205 3642 quisquis
3249 3583 3486 3627 vestrum
3531 3584 3753 3645 propter

2159 3659 2246 3712 illa
2287 3674 2406 3728 qua:
2445 3659 2606 3713 modo
2646 3660 2846 3730 diligit,
2899 3677 2994 3730 per
3045 3662 3485 3718 comminationes
3521 3664 3752 3735 alicujus

2152 3748 2348 3818 judicis
2377 3749 2428 3803 in
2455 3764 2724 3804 carcerem
2755 3751 3075 3818 mitteretur,
3110 3764 3167 3806 ut
3207 3754 3379 3808 solum
3421 3754 3626 3810 fumum
3655 3773 3749 3826 pa-

2159 3851 2376 3905 teretur,
2405 3842 2486 3895 illa
2511 3843 2687 3896 omnia
2722 3844 2900 3898 mallet
2921 3845 3188 3910 amittere,
3216 3862 3374 3915 quam
3399 3847 3570 3902 locum
3597 3849 3750 3904 illum

2162 3934 2288 4002 pati.
2319 3933 2509 3988 Nescio
2549 3949 2657 4003 quo
2705 3943 2883 3989 autem
2926 3934 3086 3989 modo
3123 3950 3243 3990 cum
3275 3938 3411 4006 ignis
3439 3940 3749 3994 nominatur

2159 4027 2211 4080 in
2241 4026 2324 4079 die
2349 4025 2529 4094 judicii
2557 4024 2786 4092 futurus,
2815 4041 2999 4080 ontues
3029 4037 3394 4088 contemnunt,
3424 4041 3477 4082 et
3503 4028 3753 4086 finitimas

2161 4118 2259 4173 fuci
2288 4119 2558 4186 timentes,
2591 4117 2858 4173 flammant
2893 4117 3151 4189 gehennae
3192 4133 3286 4189 pro
3329 4119 3494 4172 nihilo
3521 4120 3751 4177 ducunt.

2158 4212 2286 4280 Qua:
2330 4221 2413 4267 est
2442 4212 2540 4266 ista
2571 4212 2800 4267 duritia?
2825 4228 2942 4282 qua:
2980 4221 3122 4267 tanta
3166 4214 3487 4284 perversitas
3526 4216 3751 4272 cordis!

2159 4306 2214 4360 Si
2248 4305 2326 4359 vel
2373 4306 2449 4358 sic
2485 4307 2733 4358 timerent
2773 4304 3012 4358 homines
3041 4305 3179 4374 quod
3224 4305 3297 4359 ait
3327 4307 3634 4376 Apostolus,
3659 4325 3747 4376 per

2159 4395 2345 4465 ignem,
2375 4395 2644 4464 tummodo
2672 4396 2821 4450 timet
2851 4396 3076 4466 quisque
3105 4411 3172 4450 ne
3197 4397 3349 4451 vivus
3375 4395 3579 4462 ardeat,
3603 4399 3752 4466 quod

2159 4487 2231 4540 illi
2280 4502 2386 4540 uno
2433 4496 2704 4540 momento
2753 4486 3031 4556 contingit,
3063 4486 3238 4540 donec
3281 4501 3472 4541 sensus
3505 4487 3754 4542 membra

2157 4579 2411 4634 deserens
2437 4593 2626 4632 onmes
2657 4579 2772 4633 illas
2801 4577 3043 4632 flammas
3073 4578 3368 4649 superfluas
3403 4579 3554 4646 facit;
3586 4581 3754 4636 time-

2159 4679 2238 4723 ret
2267 4679 2440 4722 tamen
2463 4711 2477 4733 ,
2519 4677 2571 4723 ct
2611 4684 2716 4722 non
2763 4669 2963 4724 faceret
3004 4670 3203 4740 aliquid
3241 4670 3382 4741 quod
3414 4672 3533 4739 jure
3567 4673 3759 4741 prohi-

2159 4759 2344 4824 betur,
2377 4775 2442 4815 ne
2471 4759 2537 4814 ad
2569 4761 2713 4814 illum
2742 4761 3034 4816 cruciatum
3076 4764 3327 4816 momenti
3358 4763 3514 4817 unius
3553 4781 3753 4834 perre-

2157 4851 2315 4904 nirct.

2229 4938 2450 4996 CAPUT
2492 4940 2559 4994 Χ.
2589 4971 2659 4980 --
2687 4943 2772 4998 10.
2802 4943 3122 4998 llesurrectio
3151 4945 3266 4999 talis
3300 4946 3550 5015 speranda
3580 4947 3757 5016 qualis

2155 5033 2207 5086 in
2239 5032 2436 5088 Christo
2482 5036 2752 5103 prtccessit.
2801 5036 2980 5106 Angeli
3006 5037 3145 5107 apud
3175 5037 3428 5091 Abraham
3460 5053 3569 5092 vere
3595 5055 3754 5092 utan-

2158 5125 2426 5179 ducarunt.
2459 5126 2562 5180 Sed
2583 5168 2596 5191 ,
2645 5137 2702 5181 ut
2725 5127 2862 5193 dixi,
2893 5129 3084 5183 fratres
3107 5169 3123 5194 ,
3155 5145 3293 5184 nunc
3319 5131 3384 5185 de
3414 5129 3509 5184 hac
3536 5145 3591 5184 re
3621 5145 3757 5198 spa-

2159 5217 2287 5270 tium
2321 5232 2424 5270 non
2455 5227 2536 5272 est
2561 5217 2859 5273 disserendi
2891 5238 2903 5273 :
2939 5219 3064 5274 illud
3096 5219 3216 5276 dico
3239 5263 3254 5285 ,
3285 5219 3385 5276 hoc
3408 5236 3505 5276 nos
3527 5235 3755 5288 sperare

2158 5309 2353 5364 debere
2379 5310 2428 5361 in
2457 5310 2850 5365 resurrectione
2875 5321 3228 5378 mortuorum,
3260 5311 3400 5382 quod
3431 5326 3753 5382 expressum

2156 5412 2239 5455 cst
2264 5403 2313 5454 in
2342 5402 2515 5472 capite
2552 5411 2765 5469 nostro,
2805 5403 2945 5472 quod
2979 5420 3289 5474 expressum
3317 5413 3401 5459 est
3438 5404 3754 5473 incorpore

2159 5493 2370 5550 Domini
2416 5495 2584 5549 nostri
2627 5494 2752 5550 .lesu
2796 5494 3014 5551 Christi.
3050 5497 3300 5566 Quisquis
3347 5496 3489 5550 aliud
3526 5506 3749 5566 Sperat,

2151 5585 2262 5653 jam
2313 5601 2416 5642 non
2456 5585 2683 5641 mdificat
2725 5602 2885 5658 super
2932 5572 3332 5644 fundamentum
3359 5631 3374 5654 ,
3419 5604 3525 5644 non
3569 5589 3753 5644 solum

2158 5693 2362 5745 aurum,
2394 5691 2669 5749 argentum
2699 5690 2752 5735 et
2795 5680 2992 5751 lapides
3029 5681 3308 5750 pretiosos,
3340 5682 3432 5735 sed
3457 5695 3550 5736 nec
3575 5680 3748 5750 ipsum
