4026 6186
279 329 418 386 1617

273 447 554 518 stipulam.
577 444 740 497 Extra
763 441 903 497 enim
926 439 1072 511 ponit
1093 445 1280 503 totum,
1305 436 1425 508 quia
1455 451 1559 492 non
1583 436 1634 490 in
1660 433 1874 489 Christo

277 538 450 606 ponit.
480 534 792 590 Resnrrexit
818 548 944 602 ergo
976 531 1230 585 Dominus
1256 539 1437 584 noster
1459 529 1600 584 ineo
1626 542 1869 597 corpore,

277 634 332 684 in
361 643 468 698 quo
498 626 740 696 sepultus
771 633 873 680 est.
904 623 1244 679 Resurrectio
1273 616 1597 690 promittitur
1622 619 1877 674 Christia-

279 725 382 778 nis.
416 720 606 776 Talem
637 720 1084 774 resurrectionem
1114 731 1427 786 speremus,
1468 715 1642 785 qualis
1679 714 1732 768 in
1777 713 1878 768 Do-

278 815 430 868 initio
471 820 659 865 nostro
699 809 973 880 praecessit
1013 810 1249 862 omnium
1297 815 1536 861 nostrum
1579 804 1760 860 ﬁdem.
1794 803 1876 859 Ad

283 904 386 958 hoc
413 901 555 957 enim
588 897 868 970 prrcvenit.
912 906 971 952 ut
1015 896 1148 952 ﬁdes
1190 905 1370 950 nostra
1402 895 1874 966 supersediﬁeetur.

280 995 422 1061 Quid
453 994 646 1063 igitur?
673 988 953 1058 Quomodo
981 1005 1085 1042 non
1117 988 1269 1053 tales,
1297 987 1481 1058 quales
1503 1000 1643 1042 nunc
1669 984 1878 1040 sumus?

281 1086 420 1138 (λιιι-ο
445 1083 588 1136 enim
624 1079 832 1134 Domini
862 1079 1027 1132 nostri
1051 1077 1180 1134 Jesu
1207 1077 1406 1133 Christi
1431 1077 1738 1140 resurrexit,
1783 1075 1877 1130 sed

280 1173 528 1228 ascendit
555 1173 609 1226 in
639 1171 857 1226 ccelum.
889 1170 953 1224 In.
975 1180 1112 1224 terra
1143 1167 1318 1223 ofﬁcia
1342 1168 1570 1222 humana
1600 1168 1832 1223 servavit
1861 1209 1876 1232 ,

285 1274 342 1317 ut
386 1249 738 1334 persuaderet
766 1262 866 1315 hoc
893 1260 1250 1314 rcsurrexisse
1279 1258 1420 1330 quod
1450 1259 1713 1329 sepultum
1742 1268 1876 1314 erat.

282 1355 553 1424 Numquid
581 1363 758 1408 autem
789 1353 920 1407 etin
961 1352 1100 1406 cmlo
1142 1351 1262 1405 talis
1304 1351 1454 1406 cibus
1496 1351 1616 1405 est?
1656 1349 1788 1404 Nam
1827 1357 1882 1405 et

285 1447 526 1517 Angelos
550 1444 725 1500 officia
767 1443 995 1497 humana
1040 1443 1091 1496 in
1135 1452 1274 1497 terra
1323 1441 1548 1511 legimus
1575 1449 1876 1495 exsecutos.

289 1537 570 1592 Venerunt
598 1536 663 1588 ad
703 1535 990 1599 Abraham,
1033 1541 1088 1588 et
1137 1531 1622 1596 manducaverunt;
1662 1541 1715 1586 ct
1758 1548 1879 1587 cum

284 1632 452 1686 Tobia
485 1631 710 1701 angelus
755 1628 888 1692 fuit,
934 1637 987 1682 ct
1035 1626 1392 1681 manducavit.
1433 1625 1570 1694 Quid
1615 1626 1877 1692 dicimus,

285 1725 411 1794 quia
463 1721 777 1792 phantasma
831 1728 946 1773 erat
989 1719 1074 1773 illa
1121 1717 1500 1784 manducatio,
1547 1726 1737 1774 etnon
1766 1727 1883 1773 erat

286 1817 452 1872 vera?
482 1814 670 1870 Nonne
720 1812 1059 1868 manifestum
1103 1821 1204 1876 est,
1252 1811 1391 1882 quod
1435 1811 1654 1866 vitulum
1686 1811 1883 1866 occidit

285 1908 558 1963 Abraham
581 1949 596 1972 ,
648 1921 811 1976 panes
849 1905 1001 1971 fecit,
1029 1913 1081 1960 et
1111 1904 1177 1958 ad
1208 1921 1448 1960 mensam
1480 1907 1687 1975 posuit;
1721 1906 1880 1961 mini-

285 2002 476 2054 stravit
503 1999 742 2070 angelis,
783 2007 838 2054 et
867 1996 1322 2052 manducaverunt
1348 1997 1496 2071 (Gen.
1531 2015 1676 2059 xvtu.
1714 1998 1881 2070 1-9)?

288 2094 479 2148 Omnia
533 2094 631 2146 ἰδίει
681 2089 1112 2145 manifestissime
1160 2088 1293 2144 facta
1343 2098 1396 2144 ct
1450 2090 1882 2146 manifestissime

290 2197 546 2254 expressa
579 2192 722 2236 sunt.

361 2273 592 2329 CAPUT
631 2273 722 2328 XI.
754 2273 931 2328 —il.
967 2270 1130 2326 llonto
1161 2288 1224 2326 ca:
1251 2273 1546 2326 necessitate
1571 2275 1842 2327 manduca:
1865 2316 1880 2340 ,

299 2367 510 2438 uirgelus
540 2382 601 2418 ex
631 2372 894 2432 potestate.
925 2363 1060 2430 Quid
1103 2377 1232 2432 ergo
1272 2362 1399 2416 dicit
1438 2363 1488 2416 iu
1530 2362 1668 2417 libro
1697 2362 1882 2418 Tobite

296 2455 559 2526 angelus?
600 2453 805 2507 Vidistis
836 2469 914 2507 me
945 2453 1276 2532 manducare,
1304 2453 1392 2507 sed
1423 2455 1529 2507 visu
1559 2462 1718 2506 vestro
1741 2453 1881 2507 vide-

299 2549 421 2600 batis
447 2544 602 2616 (Tab.
639 2561 730 2612 stt,
760 2544 873 2616 i9).
908 2543 1172 2614 Numquid
1201 2546 1322 2614 quia
1355 2559 1460 2598 non
1487 2544 1841 2600 manducabat
1866 2585 1880 2609 ,

299 2636 388 2691 sed
430 2634 753 2690 manducare
813 2634 1126 2689 videbatur?
1176 2633 1286 2688 lmo
1338 2649 1465 2690 vero
1510 2634 1880 2688 manducahat.

298 2727 432 2795 Quid
462 2738 544 2782 est
563 2742 712 2796 ergo,
745 2727 851 2780 visu
874 2736 1030 2780 vestro
1057 2725 1335 2779 videbatis?
1363 2725 1603 2779 lntendat
1623 2725 1886 2782 Sanctitas

300 2828 472 2872 vestra
521 2817 664 2886 quod
705 2817 827 2871 dico
862 2836 876 2872 :
905 2815 1146 2870 intendat
1173 2817 1224 2870 in
1255 2817 1548 2871 orationem
1583 2817 1700 2885 plus
1729 2832 1885 2886 quam

302 2911 352 2966 in
381 2925 504 2975 me;
537 2919 594 2963 ut
619 2909 925 2978 intelligatis
951 2907 1092 2977 quod
1123 2907 1369 2974 dicimus,
1403 2917 1456 2961 nt
1498 2919 1550 2962 et
1579 2923 1675 2962 nos
1707 2909 1777 2962 ita
1807 2909 1888 2963 di-

299 3015 484 3056 camus
511 2999 962 3071 quemadmodum
995 3014 1093 3054 vos
1139 3007 1354 3069 oportet
1393 2998 1578 3054 audire
1606 3009 1660 3055 et
1686 2999 1886 3055 intelli-

299 3111 424 3162 gere
448 3093 593 3163 quod
619 3093 834 3148 auditis.
865 3093 1069 3162 Corpus
1098 3101 1336 3146 nostrum
1358 3092 1609 3162 quamdiu
1630 3093 1891 3161 corrupti-

306 3187 408 3240 hile
436 3195 523 3240 est
545 3195 601 3240 et
624 3186 966 3252 moriturum,
987 3185 1328 3256 indigentiam
1353 3185 1548 3255 patitur
1563 3185 1886 3251 refectionis,

302 3276 424 3331 inde
451 3287 506 3329 et
532 3275 699 3331 fames
725 3275 908 3330 existit
934 3293 948 3330 :
982 3284 1260 3344 propterea
1288 3277 1553 3332 esurimus
1579 3285 1631 3330 et
1659 3277 1887 3339 sitimus;

302 3379 353 3421 et
383 3371 428 3422 si
463 3369 702 3424 esuriem
743 3368 993 3438 sitimque
1032 3378 1267 3423 nostram
1306 3369 1669 3425 distulerimus
1693 3370 1892 3425 diutius

303 3474 457 3528 quam
487 3467 667 3529 potest
690 3473 887 3528 corpus
901 3458 1184 3523 sustinere,
1203 3459 1509 3528 perdueitur
1533 3462 1598 3514 ad
1629 3460 1890 3515 tabiﬁcam

303 3552 549 3616 maciem,
578 3559 632 3604 et
654 3549 720 3604 ad
743 3549 1028 3620 quamdam
1051 3550 1343 3605 morbidum
1372 3551 1684 3616 exilitatem,
1715 3550 1892 3606 disce-

303 3641 554 3696 dentibus
582 3642 786 3696 viribus
815 3651 869 3696 et
897 3657 1002 3696 non
1033 3641 1440 3698 succedentibus
1471 3661 1484 3697 :
1513 3651 1568 3698 et.
1595 3644 1639 3697 si
1665 3643 1894 3712 amplius

304 3736 412 3796 fiat,
441 3747 592 3787 mors
616 3734 777 3787 etiam
805 3744 1184 3804 consequetur.
1235 3734 1365 3788 Nam
1405 3750 1618 3804 semper
1655 3734 1722 3790 de
1769 3750 1892 3790 cor-

305 3841 432 3894 pore
483 3834 674 3879 nostro
724 3824 949 3878 discedit
994 3825 1191 3895 aliquid
1245 3826 1396 3895 quasi
1447 3826 1678 3896 quodam
1735 3826 1895 3882 fluvio

300 3916 650 3971 discessionis
670 3958 688 3982 ,
727 3916 820 3970 sed
853 3917 977 3972 inde
1006 3933 1109 3972 non
1139 3918 1396 3973 sentimus
1421 3919 1566 3973 vires
1611 3919 1894 3976 disceden-

305 4019 404 4074 tes,
453 4009 580 4077 quia
631 4023 727 4078 per
772 4007 1115 4064 refectionem
1169 4009 1493 4064 assumimus
1526 4011 1890 4067 succedentes.

301 4100 454 4168 Quod
491 4100 635 4155 enim
679 4102 894 4171 copiose
922 4102 1158 4164 accedit,
1189 4104 1435 4172 paulatim
1475 4105 1702 4161 discedit
1729 4125 1741 4159 :
1769 4124 1894 4178 pro-

304 4201 480 4260 pterea
524 4207 692 4262 parvo
735 4201 974 4262 tempore
1021 4194 1308 4262 reﬁcimus,
1355 4196 1691 4264 productiore
1717 4210 1892 4255 autem

305 4291 545 4352 tempore
574 4283 829 4338 deserunt
853 4299 951 4338 nos
979 4286 1139 4352 vires,
1184 4302 1303 4356 qua:
1329 4298 1562 4359 accepta:
1608 4300 1732 4345 sunt
1773 4307 1894 4348 cum

307 4372 686 4428 reficeremus.
737 4375 886 4430 Sicut
925 4376 1102 4431 oleum
1154 4378 1204 4432 in
1249 4379 1485 4445 lucerna,
1529 4381 1668 4451 quod
1721 4397 1888 4452 parvo

306 4474 550 4534 tempore
591 4467 838 4534 mittitur,
887 4467 1086 4524 diutius
1135 4470 1494 4540 paulatimque
1536 4475 1891 4530 consumitur.

302 4555 433 4612 Cum
476 4568 658 4613 autem
700 4575 865 4630 prope
905 4571 1277 4632 consumptum
1323 4562 1500 4631 fuerit,
1530 4564 1640 4634 jam
1671 4564 1894 4638 languor

309 4651 592 4707 flammulze
623 4652 764 4706 illius
804 4654 953 4722 quasi
995 4653 1161 4710 fames
1204 4655 1452 4722 lucernte,
1482 4657 1734 4714 admonet
1755 4674 1853 4715 nos
1876 4699 1892 4727 ,

304 4751 356 4798 et
379 4745 640 4798 continuo
671 4746 1046 4810 subvenimns,
1079 4758 1136 4802 ut
1175 4748 1501 4804 instauretur
1527 4750 1615 4804 illa
1642 4752 1848 4821 species
1873 4793 1889 4818 ,

301 4845 359 4890 et
384 4845 601 4891 maneat
629 4838 718 4890 lux
755 4838 804 4891 in
835 4839 1046 4893 lucerna
1071 4881 1084 4904 ,
1114 4840 1235 4894 cibo
1261 4855 1358 4894 suo
1385 4840 1582 4898 refecta
1611 4859 1730 4898 eum
1759 4845 1893 4914 adji-

307 4925 473 4980 cimus
499 4927 702 4982 oleum.
733 4927 820 4983 Sic
849 4931 987 4985 vires
1015 4939 1231 4997 nostrm,
1266 4948 1399 5002 quas
1424 4935 1712 5006 accipimus
1743 4954 1894 4991 man-

303 5015 548 5072 ducando
567 5060 584 5084 ,
611 5029 744 5073 eunt
765 5029 818 5074 et
842 5021 1088 5097 deserunt
1119 5037 1216 5076 nos
1245 5033 1497 5093 perpetua
1527 5026 1850 5082 discessione
1875 5071 1889 5093 ,

300 5107 396 5162 sed
446 5109 723 5178 paulatim.
756 5110 886 5164 Nam
917 5121 969 5166 et
1000 5112 1224 5183 idipsum
1254 5131 1393 5169 nunc
1418 5118 1590 5185 agitur
1623 5119 1674 5172 iit
1717 5119 1888 5184 nobi~,

301 5207 357 5252 ct
374 5199 426 5252 in
445 5200 698 5254 omnibus
717 5203 1014 5258 actionibus
1041 5204 1257 5270 nostris,
1282 5206 1334 5259 in
1365 5207 1510 5260 omni
1527 5208 1686 5263 etiam
1715 5210 1891 5278 quiete

299 5299 482 5342 nostra
512 5307 618 5344 non
645 5302 816 5346 cessat
855 5293 931 5348 ire
960 5295 1101 5363 quod
1130 5304 1407 5364 acceptum
1435 5306 1518 5352 est
1544 5316 1556 5351 :
1587 5309 1634 5353 et
1663 5299 1706 5353 si
1737 5300 1893 5354 fuerit

295 5381 520 5436 omnino
549 5394 922 5454 consumptmn
943 5429 956 5451 ,
991 5386 1060 5440 ita
1093 5389 1252 5442 homo
1277 5398 1329 5444 et
1360 5391 1586 5444 moritur
1623 5391 1889 5461 quomodo

297 5473 517 5529 lucerna
545 5479 917 5547 exstinguitur.
954 5478 1021 5533 Ut
1053 5489 1228 5533 autem
1268 5495 1371 5534 non
1404 5483 1679 5548 tnoriatur,
1713 5483 1761 5536 id
1787 5493 1886 5543 est.

295 5576 357 5620 ut
384 5583 491 5622 non
521 5573 915 5639 exstinguatur,
945 5589 1050 5627 non
1080 5574 1202 5644 quia
1233 5574 1458 5628 moritur
1485 5576 1682 5639 animo,
1713 5576 1803 5630 sed
1833 5586 1889 5630 ut

292 5663 593 5728 corporalis
636 5660 748 5715 ha-c
776 5662 879 5715 vita
911 5673 1088 5717 nostra
1125 5680 1230 5718 non
1265 5665 1647 5734 exstinguatur,
1675 5676 1726 5719 et
1747 5681 1889 5735 qna:-

291 5746 420 5805 dam
447 5751 599 5819 quasi
631 5752 858 5823 vigilatio
876 5753 926 5808 in
947 5753 1047 5809 isto
1073 5769 1295 5825 corpore
1322 5754 1590 5825 succedat,
1622 5757 1883 5811 currimus

1667 317 1894 378 $153310
1931 317 2192 374 CCCLX"
2204 360 2216 374 .

3441 324 3576 382 i6l8

1981 441 2036 488 et
2063 433 2373 504 subiicimus
2403 437 2543 506 quod
2588 439 2803 494 recessit
2826 484 2844 506 ,
2870 452 2922 500 et
2951 441 3167 498 reficere
3195 443 3438 499 dicimur.
3465 447 3563 510 Qui

1981 524 2109 580 dicit
2135 526 2301 594 reﬁci,
2336 527 2460 598 quid
2496 529 2687 595 reﬁcit,
2717 532 2760 587 si
2803 534 2932 590 nihil
2957 535 3174 592 deficit?
3205 537 3302 592 Per
3327 537 3558 611 indigpu-

1983 618 2108 672 tiam
2136 634 2262 690 ergo
2289 621 2424 675 hanc
2449 630 2504 676 et
2520 625 2911 693 corruptionem
2929 629 3089 684 etiam
3114 629 3356 686 morituri
3385 647 3569 686 sumus

1981 725 2169 764 omnes
2192 753 2207 778 ,
2261 712 2390 781 quia
2429 714 2532 767 tale
2562 724 2642 772 est
2679 715 2779 772 hoc
2811 734 3025 790 corpus,
3057 729 3112 776 ut
3139 722 3186 776 ei
3213 736 3358 777 mors
3387 722 3560 778 debita

1983 811 2302 856 reservetur.
2335 803 2480 860 lianc
2499 807 2638 861 enim
2658 810 3032 866 mortalitatem
3053 813 3352 883 significant
3377 815 3568 884 pelles.

1983 897 2174 964 quibus
2205 896 2372 950 induti
2405 909 2527 952 sunt
2553 899 2719 955 Adam
2750 911 2803 956 et
2836 903 2966 966 Eva,
2998 914 3049 959 et
3080 907 3284 964 dimissi
3315 907 3384 962 de
3412 923 3570 977 para-

1983 986 2100 1044 diso
2132 986 2283 1058 (Gen.
2315 1004 2390 1054 ιιι,
2422 989 2639 1058 Ql-Q-i).
2673 992 2846 1047 Pelles
2873 995 3014 1048 enini
3044 1006 3267 1051 mortem
3309 997 3565 1062 indicant,

1983 1095 2100 1148 qua:
2128 1094 2155 1132 a
2189 1081 2412 1134 mortuis
2450 1082 2738 1150 pecudibus
2785 1084 2991 1140 detrahi
3037 1087 3230 1144 solent.
3268 1089 3398 1144 Cum
3445 1104 3574 1158 ergo

1986 1177 2259 1236 portamus
2299 1170 2454 1224 istam
2502 1169 2859 1227 defeetibilem
2910 1175 3287 1241 inﬁrmitatem,
3339 1179 3425 1232 cui
3472 1179 3570 1234 etsi

1984 1258 2132 1312 cibus
2163 1275 2430 1328 nunquam
2461 1260 2621 1328 desit,
2656 1263 2748 1316 sed
2776 1263 2998 1320 subinde
3030 1276 3240 1332 reparet
3270 1269 3430 1335 vires,
3465 1286 3570 1324 non

1985 1357 2162 1405 tamen
2205 1349 2365 1406 efficit
2410 1361 2467 1406 ut
2513 1368 2656 1408 mors
2688 1371 2794 1408 non
2821 1356 2891 1410 sit
2916 1356 3086 1410 futura
3117 1356 3281 1430 (toms
3311 1362 3450 1414 enim
3484 1362 3572 1416 ille

1987 1450 2159 1496 status
2184 1444 2422 1512 corporis
2449 1459 2543 1514 per
2563 1445 2910 1502 succedentes
2926 1457 3130 1516 :ctates,
3151 1450 3358 1506 etiamsi
3377 1451 3574 1507 diutius

1988 1530 2072 1584 hic
2102 1531 2312 1585 vivatur
2334 1575 2348 1600 ,
2382 1527 2566 1588 veniet
2591 1535 2874 1606 aliquando
2913 1539 2978 1592 ad
3011 1541 3295 1595 terminum
3325 1553 3573 1598 senectu-

1987 1621 2072 1685 tis,
2107 1631 2163 1676 et
2193 1622 2327 1676 ultra
2356 1637 2462 1692 quo
2479 1625 2779 1696 porrigatur
2807 1643 2910 1680 non
2943 1628 3175 1684 inveniet
3199 1631 3298 1685 nisi
3323 1641 3571 1688 mortem.

1985 1712 2117 1767 Nam
2147 1721 2200 1768 et
2225 1713 2441 1770 lucerna
2472 1717 2604 1786 ipsa,
2633 1719 2841 1774 etiamsi
2883 1721 3107 1774 subinde
3150 1738 3364 1794 semper
3395 1725 3575 1779 mittas

1986 1805 2184 1866 oleum.
2217 1820 2321 1861 non
2350 1807 2489 1863 valet
2515 1823 2728 1880 semper
2747 1811 2963 1876 ardere;
2985 1813 3126 1882 quia,
3153 1823 3211 1868 ut
3229 1816 3344 1869 aliis
3365 1817 3578 1871 casibus

1999 1914 2103 1952 non
2134 1899 2524 1968 exstinguatur,
2553 1900 2665 1972 ipsa
2693 1910 2845 1972 stupa
2867 1902 3064 1971 deﬁcit,
3091 1912 3144 1959 et
3171 1905 3397 1975 quadam
3427 1908 3575 1976 quasi

1986 1997 2263 2045 senectute
2307 1993 2674 2064 consumitur)
2708 2011 2720 2047 :
2752 1994 3001 2064 quamdiu
3043 2011 3171 2066 ergo
3201 1996 3321 2050 talia
3351 2013 3575 2066 corpora

1986 2081 2240 2150 gerimus,
2256 2097 2319 2137 ex
2338 2081 2546 2137 defectu
2564 2082 2877 2154 indigemus.
2898 2101 2961 2139 ex
2987 2085 3576 2156 indigentia.esurinnts.

1988 2187 2053 2225 ex
2075 2171 2249 2227 esurio
2269 2172 2667 2229 manducamus.
2689 2175 2919 2246 Angelus
2939 2191 3066 2231 vero
3092 2192 3194 2232 non
3212 2194 3275 2232 ex
3293 2178 3576 2250 indigentia

1988 2263 2290 2318 manducat.
2320 2266 2474 2318 Aliud
2500 2276 2582 2321 est
2604 2266 2744 2321 enim
2772 2282 2837 2321 ex
2866 2276 3128 2336 potestate
3159 2269 3352 2340 aliquid
3382 2270 3575 2330 facere.

1987 2353 2128 2408 aliud
2160 2369 2222 2407 ex
2261 2356 2597 2412 necessitate.
2641 2357 2920 2412 Manducat
2948 2359 3130 2423 homo,
3160 2377 3227 2415 ne
3273 2363 3530 2418 moriatur
3563 2382 3575 2414 :

1989 2442 2268 2498 manducat
2285 2445 2914 2514 angelus,ntmortalibns
2926 2450 3260 2520 eongruaLSi
3279 2454 3420 2510 enim
3440 2472 3579 2513 moi:-

1991 2541 2095 2588 tem
2120 2549 2222 2588 non
2249 2535 2400 2590 timet
2418 2538 2658 2607 angelus,
2684 2554 2786 2593 non
2811 2555 2873 2594 ex
2901 2539 3104 2596 defectu
3127 2541 3448 2600 reﬁciturzsi
3475 2562 3576 2599 non

1990 2641 2052 2680 ex
2077 2626 2281 2681 defectu
2309 2627 2544 2684 reﬁcitur
2563 2672 2576 2696 ,
2609 2647 2712 2685 non
2740 2649 2804 2686 ex
2836 2631 3122 2703 indigentia
3150 2635 3449 2690 manducat.
3479 2636 3578 2702 Qui

1989 2725 2168 2772 autem
2211 2718 2458 2774 videbant
2489 2722 2734 2790 angelum
2781 2724 3123 2790 manducare,
3162 2737 3408 2798 tanquam
3455 2745 3581 2784 esu-

1991 2808 2216 2864 rientem
2255 2811 2530 2880 ptttabant.
2565 2813 2676 2869 Hoc
2701 2825 2784 2870 est
2813 2816 2951 2886 quod
2981 2819 3075 2884 ait,
3111 2817 3232 2876 i’isu
3261 2831 3420 2875 vestro
3447 2823 3582 2877 vidc-

1993 2901 2138 2955 batis.
2173 2901 2285 2955 Non
2318 2903 2458 2958 enim
2497 2905 2649 2970 dixit,
2680 2906 2952 2963 Videbatis
2981 2925 3065 2964 me
3101 2911 3422 2968 manducare
3443 2955 3455 2976 ,
3487 2915 3580 2968 sed

1997 3007 2098 3044 non
2128 2993 2441 3049 manducavi
2469 3012 2481 3048 :
2518 2994 2791 3061 i'idebatis,
2826 2998 3014 3068 inquit,
3044 3016 3122 3054 me
3150 3003 3474 3069 manducare,
3496 3008 3582 3058 sed

1995 3085 2100 3137 visu
2125 3094 2283 3140 vestro
2315 3086 2592 3154 videbatis;
2616 3088 2665 3142 id
2695 3097 2800 3156 Cal,
2823 3106 2919 3160 ego
2943 3092 3329 3148 manducabam
3355 3106 3408 3149 ut
3437 3097 3583 3151 vobis

1995 3196 2378 3251 congruerem,
2418 3199 2523 3238 non
2555 3185 2675 3254 quia
2709 3183 2900 3240 famem
2933 3185 3095 3240 ullam
3125 3197 3216 3242 aut
3243 3187 3582 3258 indigentiam

1997 3273 2250 3342 patiebar,
2277 3289 2380 3344 qua
2410 3285 2634 3345 eugente
2673 3291 2768 3329 vos
2817 3277 3140 3332 manducare
3184 3279 3532 3332 consuevistis
3567 3322 3581 3340 ,

1997 3374 2052 3419 et
2090 3365 2209 3419 ideo
2253 3381 2386 3434 quos
2427 3366 2750 3421 manducare
2794 3367 3050 3430 videritis,
3102 3385 3164 3422 ex
3211 3368 3499 3438 indigentia
3534 3373 3581 3424 itl

2000 3455 2110 3510 fieri
2155 3456 2496 3526 suspieamini
2519 3498 2533 3522 ,
2563 3458 2652 3526 qui
2681 3473 2744 3512 ex
2773 3466 2948 3512 vestra
2995 3460 3380 3516 consuetudine
3426 3465 3582 3516 meti-

1999 3547 2127 3602 mini
2147 3546 2288 3616 quod
2317 3545 2504 3602 videtis
2533 3565 2546 3600 :
2579 3549 2678 3604 hoc
2703 3557 2803 3616 est,
2834 3551 2941 3605 visu
2967 3560 3125 3605 vestro
3154 3551 3413 3608 videbatis.

2069 3637 2296 3695 CAPUT
2334 3639 2612 3694 XiL—IQ.
2636 3639 2984 3696 Manducundi
2999 3651 3216 3714 potestas
3239 3654 3583 3714 postresurrc-

1999 3735 2210 3788 ctionem
2231 3735 2344 3800 erit,
2375 3735 2502 3788 sicut
2521 3735 2571 3789 in
2595 3735 2811 3800 Christo,
2838 3739 3252 3806 non‘necessitas.
3279 3739 3414 3806 Quid
3435 3757 3586 3808 ergo,

2001 3825 2191 3878 fratres
2221 3824 2357 3879 mei?
2385 3823 2610 3890 Scimus,
2634 3827 2772 3881 sicut
2798 3826 2926 3881 dicit
2951 3829 3259 3896 Apostolus,
3292 3829 3410 3898 quia
3435 3829 3586 3884 Clu-i-

1998 3927 2106 3970 stus
2145 3933 2411 3988 resurgens
2455 3933 2518 3972 ea:
2557 3919 2772 3972 mortuis
2786 3919 2897 3988 jam
2925 3936 3027 3972 non
3055 3922 3289 3985 atteritur,
3318 3931 3364 3975 et
3390 3938 3524 3975 mors
3545 3923 3588 3975 ri

2003 4011 2136 4062 ultra
2164 4025 2264 4062 non
2301 4009 2660 4063 dominabitur.
2689 4008 2837 4075 Quod
2857 4011 3236 4063 enimmortwts
3261 4020 3332 4063 est
3358 4024 3582 4078 peccatu,

2002 4111 2226 4154 mortuus
2255 4109 2327 4154 cst
2356 4100 2510 4153 semel
2535 4115 2554 4153 :
2573 4099 2705 4168 quod
2745 4109 2912 4152 autem
2938 4099 3050 4152 eicit
3069 4141 3084 4165 ,
3113 4099 3232 4152 vivit
3271 4097 3376 4153 Deo
3409 4100 3585 4169 (fiam.

2001 4206 2074 4255 vt,
2100 4190 2133 4244 9
2158 4199 2204 4242 et
2228 4188 2340 4261 10).
2369 4187 2424 4244 Si
2456 4203 2584 4258 ergo
2615 4189 2705 4243 ille
2731 4188 2839 4258 jam
2863 4205 2967 4242 non
2998 4189 3248 4254 moritur,
3287 4198 3341 4244 et
3365 4205 3508 4243 mors
3539 4193 3589 4245 ei

2003 4282 2138 4335 ultra
2180 4296 2283 4336 non
2320 4281 2713 4346 dominabitur;
2743 4282 2818 4336 sic
2849 4297 2945 4337 nos
2973 4291 3367 4336 resnrreeturos
3403 4299 3583 4352 spere-

2001 4389 2142 4437 mus,
2167 4373 2298 4428 utin
2321 4389 2384 4429 eo
2410 4382 2548 4428 statu
2575 4389 2786 4442 semper
2804 4374 2990 4437 simus,
3014 4374 3065 4428 in
3088 4389 3244 4443 quem
3269 4375 3590 4444 resurgendo

2002 4465 2346 4521 ntntahimur.
2388 4465 2740 4520 Maudueandi
2789 4475 2964 4520 autem
3016 4475 3071 4521 et
3121 4466 3332 4522 bibendi
3383 4469 3589 4524 etiamsi

2003 4568 2238 4629 potestas
2283 4559 2420 4626 erit,
2450 4559 2740 4614 necessitas
2772 4576 2876 4614 non
2913 4560 3034 4614 erit.
3067 4560 3193 4615 Erat
3241 4572 3418 4617 autem
3465 4571 3592 4618 tunc

2000 4670 2097 4709 cur
2119 4654 2220 4710 hoc
2247 4653 2444 4710 faceret
2479 4655 2768 4718 Dominus,
2799 4655 2923 4724 quia
2957 4663 3109 4708 erant
3141 4654 3313 4710 adhuc
3341 4655 3394 4710 in
3430 4671 3591 4711 carne

2003 4745 2194 4816 quibus
2246 4745 2407 4800 vellet
2463 4760 2796 4814 congruere,
2850 4745 3044 4815 quibus
3101 4745 3261 4801 etiam
3318 4749 3590 4803 cicatrices

2001 4837 2287 4894 ostendere
2329 4837 2516 4892 voluit.
2561 4835 2674 4891 Non
2719 4837 2860 4892 enim
2907 4837 2996 4907 qui
3043 4838 3168 4892 i'ecit
3215 4840 3402 4894 oculos
3438 4842 3586 4906 emet,

2001 4945 2138 5002 quos
2162 4930 2214 4984 in
2247 4931 2431 4986 matris
2462 4938 2616 4986 utero
2645 4947 2750 4984 non
2781 4941 3080 5002 acceperat,
3113 4933 3229 4987 sine
3253 4931 3591 4987 cicatricibus

2003 5037 2283 5092 resurgere
2307 5037 2412 5076 non
2443 5021 2672 5077 valebat.
2702 5022 2802 5089 Qui
2829 5023 2874 5077 si
2904 5023 3065 5078 vellet
3092 5023 3260 5092 ipsius
3277 5023 3454 5078 carnis
3478 5039 3588 5077 sua:

2003 5116 2281 5171 mortalem
2311 5115 2658 5184 indigentiam
2693 5127 2820 5172 ante
2863 5124 3090 5172 mortem
3129 5115 3199 5170 ita
3223 5125 3552 5171 commutare
3573 5160 3589 5181 .

2003 5218 2058 5262 ut
2086 5224 2192 5263 non
2239 5207 2458 5262 haberet
2500 5207 2728 5278 aliquam
2757 5207 3088 5262 necessitatis
3126 5205 3381 5274 inopiam,
3411 5213 3591 5274 posset

2003 5301 2227 5370 utique:
2275 5300 2327 5354 in
2367 5315 2529 5355 manu
2565 5301 2706 5356 enim
2751 5298 3014 5362 habebat,
3041 5298 3164 5368 quia
3210 5297 3351 5352 Deus
3380 5307 3494 5352 erat
3541 5301 3590 5354 iu

2000 5405 2182 5456 carne,
2207 5399 2262 5445 et
2291 5391 2632 5460 omnipotens
2659 5389 2842 5450 Filius.
2878 5389 3015 5443 sicut
3033 5388 3375 5459 omnipotens
3407 5389 3584 5444 Pater.

2001 5480 2131 5536 Nam
2158 5489 2212 5536 et
2243 5481 2410 5552 ipsam
2438 5496 2654 5536 carnem
2705 5493 2854 5534 suam
2885 5489 3009 5534 ante
3031 5489 3258 5534 tnortem
3291 5481 3506 5532 nudavit
3539 5481 3589 5532 in

2001 5571 2141 5643 quod
2191 5572 2374 5626 voluit.
2420 5572 2475 5626 In
2515 5581 2696 5626 monte
2750 5573 2946 5642 quippe
2990 5587 3110 5626 cum
3160 5569 3433 5640 discipulis
3469 5585 3590 5626 cum

2000 5672 2162 5730 esset,
2197 5664 2333 5718 sicut
2361 5663 2438 5716 sol
2469 5663 2740 5734 splenduit
2769 5664 2945 5718 vultus
2967 5664 3082 5732 ejus
3103 5660 3312 5732 (Matth.
3344 5677 3474 5724 xvu.
3507 5664 3585 5732 ει).

2004 5756 2112 5812 lloc
2156 5765 2330 5812 autem
2361 5765 2619 5826 potestate
2660 5755 2816 5823 fecit,
2843 5753 3126 5814 ostendere
3159 5755 3352 5813 volens
3373 5759 3510 5828 quia,
3535 5766 3588 5813 ct
