3996 6192
427 302 564 354 ltili?

423 416 588 483 ipsam
618 426 833 468 carnem
864 423 1014 463 suam
1046 417 1223 478 posset
1252 405 1318 459 ab
1354 403 1496 458 omni
1527 398 1816 469 indigentia
1852 411 2005 451 com-

425 519 649 570 mutare,
675 516 848 559 utnon
872 511 1168 558 moreretur
1193 500 1235 555 si
1261 499 1441 554 nollet.
1465 495 1789 559 Potestatem,
1816 492 2009 562 inquit,

427 598 583 651 habeo
610 597 826 667 ponendi
853 595 1072 647 animum
1108 607 1269 645 meam
1288 633 1302 656 ,
1335 600 1381 642 et
1412 598 1701 657 potestatem
1732 586 1889 640 habeo
1915 586 2010 637 ite-

425 705 537 742 rum
554 688 780 743 intuendi
797 703 923 741 eam.
956 683 1119 739 Nemo
1140 700 1247 737 eam
1272 681 1400 736 tollit
1429 697 1459 734 a
1486 697 1564 735 me
1598 678 1774 748 (Joan.
1805 694 1853 742 κ,
1898 676 2008 745 l8).

430 782 671 836 Potestas
697 781 811 833 huic
853 793 1037 846 magna
1062 820 1076 843 ,
1106 792 1208 847 qua
1252 783 1428 846 posset
1469 781 1523 828 et
1565 788 1670 827 non
1702 771 1836 825 mori
1871 789 1883 823 :
1919 769 2009 824 sed

430 872 599 940 major
650 869 1046 932 misericordia,
1079 884 1179 937 qua
1214 866 1379 921 voluit
1414 866 1565 919 mori.
1600 864 1679 917 Ad
1725 863 1826 917 hoc
1871 862 2011 915 enim

428 966 555 1020 fecit
589 979 681 1034 per
720 961 1138 1017 misericordiam
1160 1004 1175 1027 ,
1201 960 1338 1031 quod
1387 966 1567 1028 posset
1594 966 1648 1013 et
1684 972 1786 1010 non
1827 954 2007 1009 facere

432 1071 526 1124 per
553 1062 865 1125 potestatem
888 1096 901 1118 ,
938 1064 991 1108 ut
1036 1052 1186 1107 nobis
1228 1052 1575 1106 coastitueret
1605 1048 2006 1103 fundamentum

432 1147 838 1202 resurrectionis
883 1164 895 1199 :
936 1155 993 1199 ut
1034 1144 1163 1198 illud
1204 1142 1343 1212 quod
1383 1149 1596 1210 propter
1641 1155 1739 1194 nos
1783 1136 2008 1192 mortale

435 1237 697 1303 portabat,
722 1246 774 1289 et
814 1244 1137 1299 moreretur,
1169 1235 1289 1303 quia
1332 1231 1570 1285 morituri
1617 1243 1831 1290 sumus;
1862 1238 1914 1279 et
1943 1224 2009 1279 ad

430 1327 882 1380 immortalitatem
912 1333 1242 1394 resurgeret,
1269 1334 1323 1376 ut
1349 1322 1794 1376 immortalitatem
1822 1332 2008 1387 spere-

432 1434 568 1473 mus.
617 1417 844 1486 Ideoque
877 1426 997 1470 ante
1024 1424 1249 1469 mortem
1291 1429 1395 1467 non
1426 1412 1597 1466 solum
1640 1411 1894 1479 scriptum
1930 1418 2013 1463 est

431 1508 550 1577 quia
576 1505 910 1559 manducavit
936 1514 988 1560 et
1023 1504 1183 1566 bibit,
1212 1502 1302 1557 sed
1333 1503 1491 1556 etiam
1529 1501 1649 1569 quia
1690 1499 1909 1553 esui-ivit
1958 1506 2013 1551 et

430 1602 595 1656 sitivit
620 1600 833 1671 (Matth.
865 1616 935 1661 tv,
968 1599 1037 1653 29.
1060 1641 1073 1662 ,
1104 1608 1148 1651 et
1169 1597 1323 1651 Joau.
1354 1612 1439 1649 XIX
1462 1636 1476 1660 ,
1506 1593 1596 1663 28)
1631 1612 1643 1647 :
1678 1601 1796 1661 post
1825 1606 2009 1645 resur-

431 1696 720 1749 rectionem
772 1702 972 1746 tantum
1003 1693 1124 1762 quia
1169 1699 1223 1744 et
1261 1688 1595 1744 manducavit
1625 1694 1676 1740 et
1708 1685 1871 1749 bibit,
1906 1697 2008 1735 non

428 1794 603 1839 autem
644 1784 765 1854 quia
808 1783 1026 1836 csurivit
1058 1791 1111 1837 et
1152 1781 1353 1845 sitivit;
1385 1779 1508 1849 quia
1541 1779 1590 1830 in
1636 1788 1861 1845 corpore
1906 1788 2009 1826 non

430 1875 656 1944 amplius
702 1876 959 1929 morituro
986 1888 1089 1927 non
1118 1880 1231 1926 erat
1260 1872 1343 1924 illa
1381 1868 1667 1939 imligentia
1710 1864 2010 1933 corruptio-

432 1972 533 2034 nis,
560 1978 615 2023 ut
644 1978 785 2024 esset
825 1968 1114 2023 necessitas
1142 1965 1445 2022 refectionis
1465 2007 1479 2023 .
1511 1964 1604 2019 sed
1634 1970 1745 2018 erat
1775 1971 2010 2031 potestas

431 2062 640 2115 edendi.
671 2061 887 2115 Factum
912 2069 992 2115 est
1021 2076 1177 2116 causa
1204 2057 1525 2127 congruendi
1552 2100 1566 2122 ,
1598 2072 1702 2109 non
1729 2065 1783 2108 ut
1821 2055 2013 2109 subve-

433 2156 637 2210 niretur
667 2156 858 2225 inopirc
887 2154 1062 2209 carnis
1084 2196 1097 2221 ,
1122 2152 1211 2207 sed
1238 2158 1293 2205 ut
1317 2150 1631 2205 suaderetur
1663 2148 1863 2203 veritas
1888 2162 2011 2201 cor-

434 2248 599 2315 poris.

525 2338 751 2395 CAPUT
799 2336 937 2392 χιιι.
967 2366 1041 2378 -
1084 2336 1169 2391 i5.
1227 2334 1467 2402 Quaestio,
1498 2331 1744 2405 quomodo
1796 2347 1912 2383 caro
1966 2339 2013 2383 et

433 2431 639 2500 sanguis
684 2446 784 2483 non
835 2426 1106 2497 possidebit
1147 2442 1354 2496 regnum
1397 2422 1511 2477 Dei.
1566 2423 1834 2477 Adversus
1878 2422 2011 2475 hanc

432 2531 630 2575 tantam
647 2518 989 2582 evidentiam,
1015 2516 1251 2571 nonnulli
1279 2515 1430 2570 nobis
1444 2530 1507 2568 ex
1536 2513 1788 2582 Apostolo
1819 2511 2014 2567 faciunt

432 2613 779 2681 quaestionem
810 2628 824 2665 :
855 2618 1039 2664 contra
1066 2608 1219 2663 istam
1239 2607 1433 2676 quippe
1450 2603 1879 2672 disputationem,
1896 2602 2012 2656 vide

432 2702 557 2772 quid
599 2702 874 2771 objiciunt.
932 2699 1069 2766 Non,
1126 2699 1389 2769 inquiunt,
1445 2702 1685 2766 resurget
1737 2709 1862 2749 caro
1903 2712 1915 2749 :
1966 2693 2013 2748 si

433 2795 576 2849 enim
606 2801 866 2861 resurget,
890 2789 1179 2863 possidebit
1207 2804 1423 2859 regnum
1458 2787 1580 2852 Dei;
1609 2795 1791 2855 aperte
1835 2795 2011 2839 autem

434 2885 562 2940 dicit
588 2884 895 2954 Apostolus,
921 2881 1052 2938 Caro
1081 2891 1126 2937 et
1150 2882 1357 2952 sanguis
1381 2895 1588 2949 regnum
1614 2876 1708 2931 Dei
1732 2894 1832 2931 non
1855 2877 2016 2944 possi-

435 2977 588 3031 debit.
638 2975 896 3038 Audistis,
944 2989 1066 3030 cum
1118 2972 1405 3043 Apostolus
1448 2972 1730 3040 legeretur.
1780 2968 2015 3022 Dicimus

438 3081 652 3122 carnem
681 3080 992 3135 resurgere,
1018 3073 1072 3119 et
1097 3062 1289 3119 clamat
1320 3062 1631 3132 Apostolus,
1659 3057 1788 3114 Caro
1817 3068 1863 3114 et
1898 3071 2020 3112 san-

435 3160 549 3229 guis
568 3175 771 3229 regnum
800 3155 895 3211 Dei
934 3172 1035 3210 non
1074 3154 1361 3226 possidebit.
1391 3152 1533 3222 Ergo
1566 3159 1749 3205 contra
1791 3150 2018 3219 Aposto-

436 3251 545 3304 lum
570 3248 939 3318 prmdicamus,
971 3255 1063 3301 aut
1088 3247 1200 3315 ipse
1225 3254 1407 3299 contra
1440 3240 1777 3311 Evangelium
1819 3238 2016 3309 praedi-

434 3340 613 3395 cavit?
636 3338 981 3410 Evangelium
1003 3336 1178 3390 divina
1206 3349 1337 3389 voce
1364 3342 1618 3395 testatur,
1659 3329 1871 3384 Verbum
1898 3345 2015 3382 caro

439 3434 630 3501 factum
658 3440 731 3487 est
749 3473 763 3497 ,
791 3439 834 3485 et
862 3428 1099 3483 habitavit
1136 3428 1188 3481 in
1215 3427 1355 3481 nobis
1384 3424 1561 3497 (Joan.
1594 3439 1632 3489 t,
1671 3423 1779 3492 14).
1811 3421 1864 3477 Si
1893 3435 2018 3475 caro

439 3523 633 3578 factum
676 3530 792 3587 est,
820 3534 942 3574 vera
977 3533 1102 3573 caro
1146 3516 1336 3571 factum
1372 3524 1471 3570 est.
1504 3513 1634 3568 Nam
1665 3514 1707 3567 si
1745 3528 1848 3566 non
1893 3524 2017 3564 vera

438 3626 565 3666 caro
588 3653 602 3673 ,
634 3625 755 3666 nec
782 3624 927 3663 caro.
953 3607 1102 3663 Sicut
1139 3622 1262 3661 vera
1306 3619 1429 3661 caro
1472 3604 1649 3658 Maria:
1673 3646 1686 3667 ,
1725 3618 1848 3657 vera
1890 3615 2018 3654 earo

441 3704 661 3770 Christi,
690 3719 808 3773 qua:
858 3701 978 3755 inde
1008 3706 1251 3768 suscepta
1276 3707 1372 3751 est.
1415 3697 1539 3751 Haec
1564 3711 1687 3749 vera
1714 3709 1838 3748 caro
1872 3708 2019 3746 com-

442 3796 723 3863 prehensa,
748 3791 1026 3862 ﬂagellata,
1052 3788 1401 3860 colapbizata,
1431 3800 1683 3853 suspensa
1707 3802 1721 3849 ;
1757 3782 1868 3837 tunc
1894 3797 2018 3836 vera

439 3901 565 3941 caro
606 3893 810 3939 mortua
833 3924 848 3950 ,
877 3882 992 3939 htec
1020 3896 1144 3936 vera
1179 3895 1303 3934 caro
1346 3877 1550 3948 sepulta
1588 3885 1701 3941 est;
1734 3874 1850 3929 lucc
1894 3889 2017 3929 vera

442 3991 569 4031 caro
602 3990 630 4027 a
671 3984 842 4028 morte
868 3973 1026 4027 etiam
1077 3970 1389 4027 resurrexit.
1424 3967 1674 4023 Reddunt
1716 3954 2016 4021 testimonia

440 4066 744 4122 cicatrices:
764 4064 943 4119 vident
965 4063 1101 4119 oculi
1121 4061 1522 4132 discipulorum,
1537 4068 1589 4115 et
1610 4059 1782 4113 adhuc
1802 4058 2021 4111 ﬂuctuat

443 4156 759 4221 admiratio;
800 4156 1100 4225 eompalpat
1151 4168 1374 4215 manus,
1419 4167 1487 4206 ne
1540 4151 1744 4205 dubitet
1789 4149 2017 4202 animus.

441 4245 637 4300 Contra
668 4254 865 4299 tantam
911 4243 1227 4299 evidentiam
1255 4283 1269 4305 ,
1300 4243 1519 4307 fratres,
1542 4257 1698 4311 quam
1727 4240 1830 4295 hoc
1852 4240 2021 4303 fmodo

446 4337 610 4391 voluit
640 4335 896 4390 Dominus
925 4345 1104 4389 noster
1132 4335 1288 4388 .lesus
1311 4333 1554 4387 Christus
1581 4332 1897 4402 persuadere
1936 4330 2019 4385 di-

446 4427 662 4496 scipnlis
691 4441 807 4481 eam
839 4441 935 4495 per
962 4425 1144 4480 orbem
1177 4432 1433 4477 terrarum
1472 4422 2023 4493 prtedieaturis;cou-

452 4524 530 4570 tm
582 4517 717 4570 hanc
778 4516 1094 4571 evidentiam
1158 4529 1392 4584 pugnare
1440 4513 1647 4567 videtur
1696 4512 2017 4582 Apostolus,

455 4607 638 4662 dicens
668 4623 682 4659 :
714 4606 845 4659 Caro
871 4615 915 4659 et
940 4606 1146 4676 sanguis
1171 4620 1382 4673 regnum
1410 4602 1503 4656 Dei
1529 4618 1627 4655 non
1652 4601 1958 4670 possidebit?

518 4696 603 4751 Η.
628 4694 854 4752 Solvitur
881 4697 1106 4765 qutcstio.
1136 4693 1313 4748 Prima
1345 4693 1592 4764 expositio
1618 4692 1861 4761 Apostoli.
1894 4690 2024 4745 Pos-

448 4803 631 4844 semns
659 4787 794 4842 hanc
814 4788 1157 4857 quaestionem
1198 4787 1269 4841 ita
1300 4787 1509 4842 solvere
1531 4827 1545 4850 ,
1574 4794 1627 4840 et
1653 4785 1901 4839 resistere
1927 4799 2021 4837 va-

445 4880 528 4935 nis
571 4878 1037 4933 calumniatoribus
1081 4895 1096 4933 :
1150 4889 1512 4953 verumtamen
1558 4886 1614 4931 et
1645 4879 1721 4930 sic
1764 4874 2020 4941 solvetur,

445 4969 717 5042 quomodo
744 4977 920 5040 potest
947 4969 1052 5022 cito
1080 4967 1417 5036 responderi,
1446 4976 1501 5022 et
1525 4966 1851 5036 diligentius,
1881 4966 2022 5034 quod

445 5062 518 5115 ait
548 5059 854 5130 Apostolus,
883 5056 1335 5112 considerabimus
1372 5056 1513 5110 unde
1554 5055 1623 5108 sit
1646 5055 1865 5119 dictum.
1898 5054 2025 5109 Dico

447 5167 574 5222 ergo
601 5149 869 5220 quomodo
906 5149 1170 5220 possimus
1214 5147 1461 5202 facillime
1508 5146 1847 5217 respondere.
1890 5145 2026 5212 Quid

355 5286 359 5290 .
454 5244 612 5297 habet
644 5242 1026 5312 Evangelium?
1056 5240 1207 5308 Quod
1253 5238 1543 5294 resurrexit
1581 5236 1824 5292 Christus
1866 5238 1920 5291 in
1959 5252 2025 5291 eo

451 5348 674 5404 corpore
695 5374 709 5398 ,
742 5347 847 5402 quo
875 5332 1115 5401 sepultus
1155 5341 1273 5387 est:
1306 5329 1429 5401 quia
1458 5329 1621 5389 visus,
1648 5329 1769 5399 quia
1815 5337 2028 5383 contre-

451 5434 619 5480 ctatus
643 5433 745 5490 est,
776 5423 896 5493 quia
937 5423 1208 5492 discipulis
1231 5423 1306 5477 ait
1351 5421 1654 5492 potantibus
1690 5421 1831 5491 quod
1874 5421 2030 5490 spiri-

451 5527 533 5569 tus
567 5525 746 5582 esset,
777 5512 1025 5583 Palpate,
1048 5523 1094 5567 et
1121 5513 1280 5568 videte
1303 5554 1316 5575 ,
1343 5514 1462 5582 quia
1501 5512 1706 5583 spiritus
1739 5527 1954 5586 carnem.
1983 5520 2029 5565 et

449 5624 563 5659 ossa
611 5623 712 5661 non
756 5606 922 5674 habet,
975 5607 1101 5661 sicut
1149 5622 1229 5660 me
1275 5606 1448 5659 videtis
1492 5605 1673 5659 habere
1700 5603 1849 5673 (Luc.
1880 5619 2027 5665 xxw.

448 5697 517 5753 39
536 5697 576 5762 ).
635 5696 773 5764 Quid
825 5708 1005 5755 contra
1050 5695 1368 5768 Apostolus?
1414 5697 1542 5755 (lare
1579 5705 1621 5751 et
1661 5696 1894 5765 sanguis,
1946 5694 2027 5749 in-

1648 284 1704 342 S.
1748 280 2107 338 AUGUSTlNl
2150 280 2450 337 lil'lSCOPl

3554 294 3691 349 16Ξο

2119 393 2249 462 quit,
2274 412 2479 466 regnum
2508 395 2600 450 Dui
2638 416 2735 453 non
2778 403 3112 471 possidebunt.
3147 406 3453 474 Aniplector
3479 414 3681 465 utrum-

2127 502 2261 554 que,
2314 502 2411 542 nee
2441 489 2559 544 dico
2593 490 2690 545 ista
2741 497 3019 563 pugnantia
3044 539 3058 562 ,
3091 513 3159 552 ne
3206 514 3305 569 ego
3357 501 3470 569 ipse
3510 514 3692 560 contra

2122 578 2391 633 Stimnlum
2418 594 2669 650 pugnem.
2696 582 2972 651 Quomodo
3000 602 3127 656 ergo
3167 589 3460 657 amplector
3485 601 3690 647 utrum-

2122 670 2266 738 que?
2303 672 2450 737 Cito,
2492 682 2548 726 ut
2594 673 2722 742 dixi,
2781 690 2989 743 possem
3039 679 3114 733 sic
3165 683 3692 751 respomh-rezApo-

2120 764 2287 817 stolus
2314 765 2405 831 ait,
2439 767 2568 821 Caro
2596 776 2642 821 et
2677 771 2882 840 sanguis
2908 787 3113 843 regnum
3142 771 3236 826 Dei
3261 776 3549 831 Iuvreditate
3571 795 3690 847 pos-

2118 855 2280 908 sidere
2318 873 2418 911 non
2455 870 2679 927 possunt.
2709 860 2873 916 Recte
2905 862 3064 927 dixit;
3092 880 3196 918 non
3226 875 3305 918 est
3335 866 3475 919 enim
3516 868 3689 921 carnis

2120 946 2415 1013 possidere,
2460 949 2553 1003 sed
2579 951 2854 1019 possideri.
2892 951 3003 1006 Non
3026 955 3165 1007 enim
3192 970 3383 1022 corpus
3411 965 3556 1009 tuum
3598 958 3688 1012 ali~

2117 1039 2240 1107 quid
2265 1039 2518 1108 possidet,
2546 1042 2637 1095 sed
2659 1044 2831 1097 anima
2856 1053 2939 1098 tua
2970 1060 3064 1114 per
3083 1061 3275 1117 corpus
3299 1050 3545 1117 possidet.
3570 1068 3689 1123 qua:
3758 1078 3761 1079 ν

2119 1133 2286 1202 ipsum
2315 1137 2472 1189 etiam
2495 1151 2686 1205 corpus
2713 1139 2964 1206 possidet.
2986 1139 3038 1195 Si
3056 1156 3183 1211 ergo
3211 1144 3286 1197 sic
3303 1146 3523 1213 resurgit
3542 1163 3686 1211 caro,

2119 1233 2173 1276 ut
2201 1224 2476 1291 habeatur,
2509 1243 2611 1281 non
2648 1228 2869 1293 habeat;
2902 1240 2956 1282 nt
2995 1232 3357 1300 possideatur,
3391 1251 3491 1289 nou
3522 1239 3691 1304 possi-

2117 1315 2235 1369 deat
2261 1335 2273 1369 :
2298 1317 2420 1385 quid
2452 1319 2641 1373 mirum
2670 1321 2710 1373 si
2742 1336 2863 1375 caro
2891 1332 2941 1376 et
2969 1325 3184 1392 sanguis
3204 1340 3420 1394 regnum
3456 1327 3545 1382 Dei
3582 1345 3687 1383 non

2120 1407 2427 1475 possidebit,
2457 1410 2576 1478 quia
2613 1413 2791 1481 utique
2817 1414 3202 1481 possidebitur?
3228 1416 3359 1471 Nam
3382 1433 3472 1471 eos
3517 1420 3687 1487 possi-

2117 1498 2205 1553 det
2226 1514 2370 1565 caro,
2402 1504 2490 1570 qui
2515 1517 2617 1555 non
2661 1512 2783 1557 sunt
2810 1520 3026 1573 regnum
3067 1507 3179 1569 Dei,
3208 1509 3299 1563 sed
3331 1525 3547 1579 regnum
3576 1511 3686 1565 dia-

2117 1588 2244 1649 boli,
2275 1601 2327 1645 et
2354 1591 2472 1646 ideo
2493 1592 2687 1647 subditi
2717 1602 2841 1648 sunt
2861 1596 3212 1667 voluptatibus
3238 1600 3431 1655 carnis.
3459 1600 3609 1656 Unde
3634 1610 3686 1657 et

2116 1679 2205 1733 ille
2235 1682 2554 1751 paralyticos
2574 1685 2790 1753 grabato
2819 1687 3124 1754 portabatur
3152 1705 3165 1741 :
3194 1689 3284 1744 sed
3314 1700 3496 1745 sanato
3518 1691 3687 1746 Domi-

2117 1784 2215 1825 nus
2240 1771 2332 1834 ait,
2367 1771 2508 1827 Tolle
2527 1774 2785 1843 grabatum
2811 1786 2967 1839 tuum,
3008 1787 3053 1830 et
3081 1778 3206 1831 vade
3238 1781 3288 1832 in
3318 1764 3518 1833 domum
3549 1790 3687 1834 tuam

2121 1859 2307 1930 (Marc.
2339 1878 2394 1928 ιι,
2424 1863 2530 1932 ll).
2562 1862 2648 1919 Sic
2668 1880 2796 1934 ergo
2826 1866 3054 1940 paralysi
3085 1876 3265 1922 sanata
3294 1878 3437 1923 tenet
3470 1885 3684 1925 carnem

2116 1965 2286 2016 suam,
2318 1963 2371 2008 et
2421 1954 2565 2009 ducit
2598 1972 2702 2025 quo
2740 1958 3009 2011 vuhznon
3058 1973 3163 2029 quo
3184 1976 3289 2015 non
3320 1961 3480 2015 vulta
3526 1976 3686 2018 came

2117 2045 2229 2114 ipse
2256 2046 2499 2112 trahitur,
2531 2058 2583 2103 et
2611 2059 2783 2116 portat
2803 2051 2977 2120 potius
3013 2066 3227 2120 corpus,
3267 2069 3423 2121 quam
3447 2064 3688 2122 portatur

2116 2150 2144 2188 a
2168 2151 2406 2205 corpore.
2432 2138 2761 2194 Manifestum
2788 2149 2868 2195 est
2910 2141 3050 2210 quod
3081 2142 3131 2196 in
3164 2142 3248 2196 illa
3294 2145 3688 2199 resurreCtione

2118 2242 2221 2282 non
2252 2228 2464 2283 habebit
2489 2245 2614 2285 caro
2638 2232 3007 2287 illecebrarum
3032 2242 3275 2298 tractum,
3296 2243 3358 2289 ut
3382 2235 3540 2289 ducat
3563 2236 3684 2291 ani-

2118 2333 2256 2371 mam
2314 2334 2408 2389 per
2470 2321 2724 2389 quasdam
2781 2322 3108 2377 titillationes
3157 2334 3315 2394 atque
3366 2325 3682 2393 blanditias,

2117 2422 2222 2473 quo
2243 2408 2417 2461 anima
2446 2424 2547 2461 non
2576 2410 2705 2475 vult,
2729 2420 2783 2465 et
2813 2411 3118 2481 plerumque
3138 2422 3442 2484 superatur,
3472 2413 3681 2469 dicens:

2127 2496 2285 2552 Video
2348 2498 2501 2552 aliam
2555 2500 2712 2570 legem
2763 2503 2816 2554 in
2871 2502 3104 2556 membris
3160 2504 3283 2557 meis
3327 2516 3685 2576 repugnantem

2118 2590 2216 2659 legi
2264 2590 2442 2644 mentis
2468 2606 2625 2654 mete,
2658 2600 2705 2645 et
2749 2594 2998 2662 captivum
3046 2611 3127 2648 me
3173 2595 3429 2649 ducentem
3490 2596 3543 2650 in
3582 2599 3688 2667 lege

2119 2680 2327 2747 peccati,
2356 2696 2466 2748 qua!
2492 2682 2634 2734 estin
2659 2681 2890 2735 membris
2916 2683 3056 2735 meis.
3090 2683 3274 2739 Adhuc
3303 2694 3539 2753 portatur
3566 2702 3688 2756 gra-

2119 2768 2608 2841 batdparalyticus,
2639 2771 2870 2826 nondum
2900 2782 3072 2842 portat
3102 2791 3113 2826 :
3146 2775 3402 2829 exclamet
3424 2790 3572 2845 ergo,
3594 2775 3688 2830 In-

2119 2860 2245 2929 felix
2268 2876 2356 2929 ego
2386 2860 2554 2926 homo,
2585 2862 2695 2930 quis
2720 2878 2798 2915 me
2824 2862 3045 2915 liberabit
3073 2863 3134 2916 de
3159 2880 3370 2933 corpore
3404 2866 3575 2919 mortis
3602 2868 3688 2919 Itu-

2108 2951 2234 3018 jus?
2262 2950 2698 3020 ReSpondeatut‘,
2729 2952 2904 3007 Gratia
2950 2952 3045 3007 Dei
3090 2971 3179 3023 per
3220 2955 3395 3009 Iesum
3435 2954 3687 3011 Christum

2118 3038 2393 3095 Dominum
2412 3052 2637 3096 nostrum
2660 3044 2835 3111 (Rom.
2856 3060 2950 3109 vtt,
2971 3045 3188 3115 22-95).
3213 3046 3343 3101 Cum
3362 3060 3487 3116 ergo
3513 3062 3690 3103 resur-

2120 3132 2432 3193 rexerintus,
2454 3146 2555 3186 non
2576 3147 2672 3186 nos
2685 3147 2809 3187 caro
2826 3134 3074 3204 portabit,
3089 3134 3180 3189 sed
3208 3149 3305 3189 nos
3322 3150 3437 3189 eam
3456 3136 3687 3203 portabi-

2122 3236 2238 3277 mus
2252 3240 2273 3283 7:
2317 3223 2359 3276 si
2392 3238 2487 3277 nos
2513 3224 2872 3292 portabimus,
2907 3239 3005 3279 nos
3029 3240 3146 3279 eam
3173 3226 3558 3296 possidebimus
3588 3243 3604 3279 :
3643 3228 3686 3281 si

2121 3330 2220 3369 nos
2239 3329 2355 3369 eam
2380 3315 2787 3383 possidebimus,
2808 3332 2911 3370 non
2940 3317 3006 3371 ab
3035 3332 3095 3371 ea
3123 3317 3539 3386 possidebimur;
3567 3318 3688 3388 quia

2122 3405 2329 3460 liberati
2351 3421 2379 3458 a
2404 3405 2615 3461 diabolo
2640 3422 2859 3477 regnum
2888 3408 2981 3462 Dei
3011 3422 3196 3463 sumus
3226 3426 3239 3461 :
3267 3418 3422 3478 atque
3462 3410 3532 3463 ita
3567 3424 3691 3464 caro

2122 3505 2176 3551 et
2202 3498 2416 3567 sanguis
2443 3512 2662 3566 regnum
2683 3497 2775 3551 Dei
2798 3512 2900 3551 non
2925 3498 3233 3567 possidebit.
3257 3498 3390 3568 Ergo
3407 3498 3693 3552 calumnia-

2125 3596 2268 3641 tores
2294 3588 2365 3640 illi
2393 3587 2788 3651 conticescant,
2820 3588 3061 3657 quivere
3087 3596 3209 3643 sunt
3233 3600 3359 3642 caro
3382 3595 3433 3641 et
3459 3589 3688 3657 sanguis,

2124 3687 2178 3732 et
2221 3678 2349 3731 nihil
2383 3686 2604 3745 possunt
2640 3678 2739 3732 nisi
2776 3678 3060 3732 carnaliter
3085 3679 3332 3748 cogitare.
3362 3677 3491 3745 Quia
3533 3679 3692 3732 etiam

2124 3768 2191 3824 de
2218 3768 2323 3822 illis
2352 3769 2401 3821 in
2448 3767 2633 3823 eadem
2664 3767 2937 3836 prudentia
2981 3770 3154 3822 carnis
3195 3768 3653 3837 perseverantibus
3677 3809 3691 3829 .

2126 3860 2267 3913 unde
2288 3875 2413 3914 caro
2440 3868 2495 3913 et
2537 3859 2751 3929 sanguis
2790 3860 2982 3913 merito
3011 3860 3342 3928 appellantur
3363 3902 3378 3925 ,
3410 3869 3553 3915 recte
3592 3860 3693 3915 dici

2127 3952 2312 4021 potuit,
2337 3951 2467 4005 Caro
2492 3960 2537 4005 et
2562 3952 2769 4021 sanguis
2792 3968 2999 4019 regnum
3020 3950 3115 4004 Dei
3141 3968 3239 4005 non
3262 3954 3604 4020 possidebunt.

2195 4043 2420 4099 CAPUT
2447 4042 2656 4097 X|V.—
2670 4043 2839 4096 Etiam
2859 4043 2958 4097 hoc
2982 4042 3140 4096 modo
3159 4043 3391 4095 solvatur
3414 4044 3527 4097 haec
3550 4059 3693 4115 qua:-

2126 4136 2264 4190 stio:
2297 4136 2417 4204 quia
2447 4135 2581 4189 tales
2609 4134 2869 4198 homines,
2902 4133 2989 4202 qui
3021 4147 3145 4187 caro
3181 4141 3234 4186 et
3270 4134 3481 4202 sanguis
3509 4135 3693 4203 appel-

2128 4229 2301 4283 lantur
2330 4227 2429 4290 (de
2455 4228 2643 4280 talibus
2690 4226 2828 4280 enim
2882 4227 3038 4279 etiam
3084 4225 3367 4294 Apostolus
3394 4224 3539 4288 dicit,
3575 4223 3694 4279 Non

2126 4330 2200 4375 est
2241 4322 2383 4374 nobis
2423 4319 2711 4373 colluctatio
2761 4318 2995 4372 adversus
3041 4333 3241 4371 carnem
3296 4326 3343 4369 et
3403 4318 3695 4386 sanguinem

2132 4411 2343 4483 [Epltes.
2375 4427 2448 4475 vt,
2486 4408 2617 4482 12]).
2636 4411 2680 4463 si
2708 4418 2812 4463 non
2842 4425 2898 4463 se
2923 4408 2988 4463 ad
3016 4408 3343 4478 spiritualem
3379 4409 3537 4462 vitam
3565 4423 3696 4463 con-

2131 4502 2405 4560 verterint.
2441 4510 2493 4555 et
2537 4501 2723 4568 Spiritu
2765 4498 2899 4553 facta
2925 4499 3099 4554 carnis
3126 4498 3577 4561 mortiﬁcaverint,
3606 4512 3698 4553 re-

2128 4608 2287 4661 gnum
2319 4592 2407 4645 Dei
2438 4591 2710 4660 possidere
2740 4606 2843 4643 non
2874 4597 3141 4659 poterunt.

2202 4683 2286 4737 15.
2337 4679 2512 4735 Verior
2556 4681 2777 4751 Apostoli
2821 4697 3013 4734 sensus.
3044 4680 3418 4734 Verumtamen
3462 4676 3588 4749 quid
3622 4678 3690 4734 ait

2129 4773 2415 4845 Apostolus
2437 4814 2453 4839 ,
2496 4773 2689 4827 dixerit
2726 4772 2954 4842 aliquis?
2983 4771 3075 4825 llle
3112 4772 3252 4826 enim
3299 4772 3474 4825 verior
3511 4784 3695 4826 sensus

2130 4875 2231 4929 est,
2260 4866 2346 4935 qui
2374 4864 2767 4918 circumstantia
2782 4863 3024 4917 lectionis
3041 4863 3293 4931 aperitur.
3319 4861 3497 4931 itaque
3527 4862 3695 4931 ipsum

2131 4959 2304 5028 potius
2330 4957 2626 5020 audiamus,
2655 4964 2708 5008 et
2737 4970 2799 5009 ex
2829 4963 2933 5007 tota
2956 4968 3071 5023 qua‘
3096 4953 3233 5007 circa
3260 4960 3343 5007 est
3361 4953 3697 5008 contextiono

2132 5050 2419 5119 Scriptura:
2442 5087 2457 5113 ,
2489 5046 2611 5116 quid
2645 5046 2695 5099 in
2724 5061 2788 5100 eo
2816 5044 2933 5098 loco
2981 5042 3199 5113 intelligi
3242 5043 3488 5108 voluerit,
3518 5042 3698 5097 videa-

2133 5156 2272 5195 mus.
2317 5139 2405 5192 Sic
2448 5137 2587 5191 enim
2627 5137 2741 5189 ait:
2775 5134 2977 5188 Primus
3024 5134 3172 5187 homo
3217 5133 3279 5187 de
3335 5143 3504 5196 terra,
3542 5142 3698 5186 terre-

2134 5244 2263 5292 nus;
2292 5228 2534 5283 secundus
2577 5227 2723 5279 homo
2767 5224 2829 5277 de
2865 5223 3007 5278 calo.
3035 5224 3211 5290 Qualis
3238 5233 3480 5289 terrenus,
3505 5221 3627 5274 tales
3655 5230 3704 5274 et

2137 5321 2365 5385 terreni;
2402 5329 2449 5372 et
2490 5318 2651 5387 qualis
2698 5316 2908 5370 cmlestis
2939 5356 2955 5380 ,
3009 5317 3134 5369 tales
3179 5326 3224 5369 et
3268 5316 3506 5369 cmlcstes.
3559 5312 3703 5367 Sicut

2137 5414 2443 5485 portavimus
2481 5409 2748 5479 imaginem
2792 5407 3012 5472 terreni,
3059 5415 3310 5477 portemus
3353 5414 3401 5458 et
3441 5403 3707 5473 imaginem

2137 5507 2246 5574 eius
2268 5505 2354 5574 qui
2375 5503 2437 5556 de
2461 5501 2583 5556 calo
2608 5511 2701 5553 est.
2736 5497 2844 5552 Hoc
2862 5507 3026 5552 autem
3065 5498 3195 5561 dico,
3225 5497 3427 5565 fratres,
3448 5496 3566 5566 quia
3589 5508 3707 5548 caro

2136 5609 2188 5655 et
2210 5596 2415 5667 sanguis
2441 5608 2660 5664 regnum
2678 5590 2773 5645 Dei
2801 5606 2901 5644 non
2936 5588 3238 5659 possidebit;
3274 5603 3430 5656 neque
3456 5585 3708 5653 corruptio

2139 5689 2557 5758 incorruptionem
2580 5683 2622 5755 (l
2646 5683 2761 5738 Cor.
2784 5697 2874 5745 xv,
2906 5678 3109 5749 47-50).
3139 5677 3353 5747 Singula
3380 5692 3505 5747 ergo
3534 5676 3710 5731 ridea-
