3996 6192
315 333 340 390 1
350 331 448 388 (iii

313 461 452 502 litus.
483 441 689 496 Primus
711 439 882 502 homo,
901 433 1088 504 inquit,
1112 433 1172 488 de
1196 441 1350 500 terra,
1373 437 1598 484 terrenus
1611 445 1629 496 ;
1651 426 1900 484 secundus

313 539 484 600 homo,
517 531 579 586 de
601 529 748 586 caelo.
777 527 956 596 Qualis
986 535 1232 590 terrenas,
1263 520 1389 578 tales
1420 531 1464 575 et
1493 521 1696 588 terreni,
1721 520 1770 573 id
1797 527 1902 586 est,

312 640 500 682 omnes
529 620 816 678 morituri:
845 627 890 672 et
912 617 1076 690 qualis
1108 615 1338 680 caelestis,
1363 615 1488 668 tales
1523 621 1566 666 et
1591 613 1831 678 cmlestes,
1855 608 1908 664 id

311 727 422 784 est,
440 729 628 770 omnes
655 709 1030 768 resurrecturi.
1061 707 1178 762 Jam
1206 707 1347 760 enim
1373 704 1610 760 cmlestis
1641 703 1802 758 homo
1826 718 1910 756 re-

311 807 566 870 surrexit,
593 814 648 859 ct
675 801 914 858 ascendit
958 801 1010 855 in
1039 798 1233 855 cmlum
1259 814 1273 851 :
1303 798 1387 852 cui
1434 813 1530 868 per
1569 795 1726 850 [idem
1771 809 1912 848 nunc

309 901 740 968 iucorporamur,
759 903 816 946 ut
835 893 900 946 sit
933 892 1044 961 ipse
1065 898 1220 958 caput
1251 897 1524 950 nostrum;
1549 885 1787 939 membra
1816 899 1911 936 au-

311 1001 422 1044 tem
459 988 652 1042 ordine
677 1001 775 1040 suo
805 992 1094 1054 sequantur
1131 989 1288 1051 caput
1313 995 1489 1044 suum,
1519 987 1571 1032 et
1608 977 1746 1047 quod
1775 991 1912 1045 pra:-

311 1091 668 1136 monstratum
695 1085 776 1132 est
804 1076 856 1130 in
898 1076 1096 1145 capite,
1121 1083 1361 1144 tempore
1393 1086 1490 1128 suo
1519 1069 1912 1125 demonstretur

311 1173 364 1226 in
409 1169 704 1226 membris:
736 1167 894 1222 tnodo
935 1175 1114 1220 autem
1147 1165 1250 1220 hoc
1295 1163 1396 1218 lide
1441 1171 1732 1232 portemus,
1763 1168 1820 1214 ut
1845 1159 1912 1212 ad

311 1265 484 1332 ipsam
530 1278 644 1317 rem
677 1270 734 1316 et
782 1259 1014 1330 speciem
1064 1273 1162 1312 suo
1205 1261 1452 1326 tempore
1485 1257 1778 1310 veniamus.
1825 1253 1912 1308 Sic

313 1357 460 1410 enim
484 1354 589 1410 alio
618 1354 736 1408 loco
761 1353 926 1408 dicit:
961 1353 1018 1408 Si
1047 1361 1216 1430 qutem
1245 1349 1592 1404 resurrexislis
1619 1365 1731 1401 cum
1767 1345 1913 1400 Chri-

313 1461 391 1503 sto
409 1489 426 1512 ,
453 1435 568 1518 qua:
593 1462 792 1500 stu°sum
816 1435 932 1499 sunt
961 1419 1169 1514 quierim
1189 1483 1204 1508 ,
1235 1440 1320 1495 ubi
1347 1439 1577 1496 Christus
1606 1449 1678 1493 est
1709 1440 1760 1492 in
1789 1437 1914 1491 dex-

313 1554 426 1596 tera
457 1541 550 1594 Dei
591 1539 811 1605 sedens;
861 1555 974 1609 quae
1017 1554 1218 1594 sursum
1257 1545 1372 1590 sunt
1420 1536 1610 1606 sapite,
1657 1553 1758 1590 non
1797 1549 1914 1604 qua:

309 1650 468 1704 super
511 1643 696 1686 terram
739 1627 974 1701 (Coloss.
1007 1645 1062 1686 tu
1083 1669 1100 1694 ,
1135 1631 1160 1684 1
1199 1639 1244 1684 et
1274 1627 1352 1701 2).
1377 1626 1525 1684 Sicut
1553 1641 1682 1698 ergo
1709 1642 1828 1682 cum
1859 1627 1911 1682 in

317 1723 722 1793 nobismetipsis
763 1721 998 1776 nondum
1030 1719 1392 1785 surreximus,
1425 1719 1562 1775 sicut
1588 1719 1831 1774 Christus
1859 1719 1912 1774 in

313 1832 549 1888 corpore
571 1858 586 1881 ,
623 1831 718 1886 per
749 1813 908 1870 tidem
940 1823 1116 1868 tamen
1155 1828 1276 1868 cum
1307 1811 1519 1868 Christo
1559 1811 1913 1868 resurrexisse

315 1925 420 1964 nos
465 1909 694 1964 dicimur
739 1924 751 1962 :
800 1907 868 1962 ita
923 1905 1210 1978 imaginem
1257 1905 1492 1964 celestis
1537 1903 1810 1968 hominis,
1859 1904 1911 1960 id

315 2011 422 2067 est,
443 2001 534 2072 qui
548 2015 658 2068 jam
683 1998 735 2051 in
765 1997 916 2052 caelis
933 2006 1033 2060 est,
1053 1995 1158 2050 ﬁde
1176 1996 1388 2052 interim
1403 2004 1615 2066 portare
1632 2011 1728 2050 nos
1738 1994 1909 2066 jubet.

391 2091 480 2146 16.
535 2089 766 2144 Christus
816 2087 1066 2159 quomodo
1109 2087 1258 2142 homo
1312 2085 1374 2140 de
1416 2088 1543 2142 casto
1587 2086 1820 2142 caelestis.
1855 2085 1910 2142 Si

315 2183 438 2254 quis
479 2193 656 2237 autem
703 2182 893 2254 qumrit
929 2196 1023 2234 cur
1051 2179 1326 2234 hominem
1369 2179 1664 2234 secundum
1711 2195 1817 2234 non
1858 2179 1910 2236 in

317 2275 461 2332 eicio
490 2275 720 2342 dixerit,
753 2273 844 2328 sed
875 2272 942 2330 dc
967 2273 1142 2340 caelo,
1181 2287 1302 2327 cum
1329 2280 1384 2327 et
1423 2273 1535 2342 ipse
1566 2272 1822 2326 Dominus
1845 2274 1912 2328 de

319 2381 466 2424 terra
497 2383 694 2436 corpus
736 2367 1034 2435 acceperit,
1061 2365 1184 2434 quia
1229 2363 1412 2432 utique
1452 2363 1616 2418 Maria
1647 2378 1709 2418 ex
1741 2361 1910 2424 Adam

319 2469 370 2514 et
403 2459 508 2512 Eva
541 2465 660 2511 erat
685 2456 995 2528 progenita;
1028 2454 1287 2524 intelligat
1327 2462 1592 2508 terrenum
1643 2450 1911 2506 hominem

321 2548 616 2606 secundum
675 2557 940 2602 terrenam
993 2545 1482 2616 concupiscentiam
1545 2542 1744 2598 dictum
1797 2560 1810 2594 :
1860 2551 1914 2596 et

319 2641 574 2712 quoniam
613 2639 834 2696 allectus
877 2639 968 2694 ille
997 2647 1241 2694 terrenus
1271 2646 1373 2704 est,
1404 2653 1508 2706 quo
1539 2651 1632 2706 per
1657 2635 1909 2691 concubi—

321 2745 436 2790 tum
465 2733 632 2788 maris
659 2742 716 2788 et
751 2731 962 2788 femina;
1001 2739 1296 2784 nascuntur
1335 2728 1607 2788 homines,
1643 2727 1914 2784 trahentes

317 2829 484 2882 etiam
513 2841 578 2880 ex
607 2825 921 2896 put-crnibus
945 2823 1202 2896 originale
1232 2831 1506 2894 peccatum
1541 2838 1556 2888 ;
1599 2835 1798 2890 corpus
1822 2834 1916 2874 au-

317 2931 428 2976 tem
455 2917 668 2974 Domini
697 2915 844 2972 nullo
869 2915 962 2970 tali
996 2915 1196 2970 aﬁ'ectu
1223 2930 1286 2970 ex
1310 2921 1466 2970 utero
1498 2909 1736 2982 virginali
1762 2926 1914 2965 crea-

321 3021 438 3066 tum
467 3019 576 3072 est.
617 3007 860 3080 quamvis
880 3006 948 3062 de
975 3015 1115 3061 terra
1140 3004 1384 3058 Christus
1410 3001 1758 3070 assumpserit
1793 3016 1914 3056 car-

321 3117 482 3172 nem,
517 3101 658 3172 quod
707 3097 1020 3168 intelligitur
1064 3096 1292 3167 Spiritus
1321 3103 1540 3150 sanctus
1581 3093 1911 3164 signiﬁcare,

321 3193 512 3250 dicens
531 3232 550 3258 ,
590 3188 782 3244 Veritus
805 3189 868 3242 de
891 3199 1026 3243 terra
1048 3197 1160 3242 orta
1197 3195 1268 3240 est
1300 3183 1478 3256 (Psal.
1524 3199 1744 3248 mlunt,
1769 3183 1874 3252 12)
1899 3200 1914 3250 ;

325 3299 434 3338 non
477 3293 660 3338 tamen
687 3288 936 3335 terrenus
953 3318 970 3344 ,
1000 3277 1092 3332 sed
1121 3276 1354 3332 cmlestis
1381 3275 1542 3330 homo
1559 3315 1574 3338 ,
1609 3283 1662 3328 et
1686 3273 1756 3328 de
1779 3273 1917 3330 caelo

323 3373 542 3430 dicitur.
579 3371 638 3427 Si
663 3369 806 3426 enim
835 3369 948 3426 suis
975 3369 1076 3422 hoc
1097 3367 1340 3422 ﬁdelibus
1391 3381 1485 3436 per
1507 3364 1734 3434 gratiam
1775 3378 1916 3434 pra:-

323 3471 462 3528 stitit
483 3511 502 3536 ,
531 3475 594 3524 ut
611 3475 760 3524 recte
785 3466 928 3522 dicat
953 3463 1258 3534 Apostolus,
1287 3461 1478 3515 Nostra
1507 3461 1637 3514 enim
1655 3473 1918 3514 conuersa-

327 3565 400 3618 tie
435 3563 492 3618 in
515 3561 658 3620 catis
679 3571 750 3616 est
783 3559 802 3631 (
834 3558 1066 3627 Philipp.
1094 3555 1299 3624 111.20)
1333 3573 1343 3607 :
1373 3562 1570 3624 quanto
1597 3551 1764 3622 magis
1805 3551 1919 3620 ipse

325 3657 566 3714 celestis
589 3653 756 3710 hoc
775 3696 788 3718 .
809 3659 864 3712 et
883 3652 950 3706 de
971 3651 1110 3706 creto
1137 3649 1392 3704 dicendus
1420 3657 1502 3702 est
1527 3687 1542 3713 ,
1591 3647 1642 3702 in
1673 3660 1780 3716 quo
1809 3644 1920 3700 nul-

329 3753 440 3808 lum
465 3761 700 3820 llth
725 3755 1000 3816 peccaturo
1029 3745 1124 3800 fuit
1157 3745 1180 3795 ?
1213 3743 1436 3810 Propter
1460 3749 1732 3810 peccatum
1775 3737 1916 3792 enim

327 3843 532 3902 dictum
557 3850 648 3898 est
673 3839 874 3896 homini
899 3877 916 3904 ,
947 3835 1108 3890 Terra
1131 3851 1202 3898 es,
1229 3843 1274 3888 et
1303 3837 1356 3886 in
1402 3843 1587 3886 terram
1627 3830 1720 3884 ibis
1747 3826 1916 3900 (Cen.

331 3953 410 4000 tu,
439 3935 506 3990 lt)
529 3937 568 4003 ).
617 3933 692 3988 De
735 3931 873 3988 ccelo
907 3943 1037 3999 ergo
1057 3927 1292 3984 caelestis
1320 3924 1482 3980 homo
1509 3923 1597 3978 ille
1625 3921 1920 3976 rectissime

331 4028 562 4091 dicitur,
593 4023 748 4093 cujus
785 4020 1126 4077 conversatio
1165 4017 1234 4072 de
1261 4015 1400 4072 etelo
1429 4029 1698 4083 nunquam
1743 4025 1922 4068 reces-

331 4119 402 4172 sit
433 4117 720 4186 :quamvis
756 4114 848 4172 Dei
890 4113 1062 4168 Filius
1101 4111 1258 4164 etiam
1293 4106 1522 4162 hominis
1567 4105 1704 4160 ﬁlius
1753 4102 1921 4158 lactus

329 4209 398 4264 de
419 4219 562 4264 terra
614 4221 812 4276 corpus
863 4201 1230 4273 assumpserit,
1280 4199 1332 4254 id
1359 4205 1474 4263 est,
1504 4195 1726 4252 formam
1757 4195 1916 4250 servi.

333 4301 450 4357 Non
479 4301 622 4356 enim
649 4297 890 4354 ascendit
909 4339 922 4361 ,
947 4296 1046 4350 nisi
1077 4295 1168 4364 qui
1195 4290 1494 4348 descendit.
1522 4289 1655 4355 Quia
1691 4287 1790 4342 etsi
1815 4301 1922 4344 cu:-

333 4395 466 4457 teri,
499 4392 923 4464 quibuscumque
964 4385 1240 4442 donaverit
1267 4382 1594 4456 ascendunt,
1621 4379 1708 4434 vel
1749 4378 1921 4448 potius

335 4487 452 4554 ejus
479 4485 646 4555 gratia
677 4483 921 4538 levantur
954 4480 1006 4534 in
1037 4477 1263 4540 cmlum,
1294 4475 1452 4530 etiam
1481 4472 1559 4528 sic
1589 4471 1699 4540 ipse
1729 4483 1920 4522 ascen-

333 4578 432 4644 dit,
473 4578 598 4646 quia
622 4589 817 4644 corpus
845 4575 962 4642 ejus
987 4571 1118 4626 ﬁuut
1148 4585 1164 4634 ;
1201 4577 1255 4622 et
1297 4563 1590 4622 secundum
1643 4563 1743 4616 hoc
1785 4575 1921 4614 iuius

333 4668 580 4724 ascendit
608 4685 620 4720 :
647 4665 895 4735 quoniam
922 4669 1310 4720 sacramentum
1342 4669 1588 4728 magnum
1625 4655 1678 4708 in
1712 4652 1923 4708 Christo

335 4773 391 4816 et
433 4759 680 4814 Ecclesia
724 4756 942 4826 exponit
985 4751 1310 4822 Apostolus,
1351 4764 1456 4818 quo
1499 4745 1755 4814 scriptum
1805 4751 1920 4808 est,

339 4850 408 4906 Et
451 4859 597 4904 erunt
641 4848 744 4900 duo
769 4848 820 4899 in
855 4861 1058 4899 carnem
1087 4859 1238 4896 unam
1269 4840 1288 4914 (
1315 4839 1500 4909 Ephes.
1532 4853 1585 4902 γ,
1619 4834 1731 4904 51).
1775 4829 1925 4888 Unde

339 4944 498 4998 etiam
519 4939 736 5000 dicitur,
764 4934 930 5008 Igitur
953 4951 1050 4988 non
1071 4933 1179 5006 jam
1200 4931 1320 4992 duo,
1343 4928 1431 4982 sed
1454 4943 1554 4980 una
1574 4940 1692 4979 caro
1711 4921 1924 4995 (Matth.

341 5047 456 5096 xu,
491 5031 566 5098 6).
597 5029 932 5098 Quapropter
957 5040 1100 5078 nemo
1134 5019 1356 5075 ascendit
1395 5019 1446 5072 in
1476 5019 1654 5070 ca’lum
1675 5057 1689 5080 ,
1718 5013 1816 5067 nisi
1841 5013 1926 5082 qui

339 5125 404 5178 de
449 5123 574 5176 cado
625 5118 910 5183 descendit,
964 5115 1130 5170 Filius
1171 5113 1418 5174 hominis,
1467 5110 1553 5177 qui
1589 5115 1662 5160 est
1709 5108 1762 5158 in
1805 5103 1927 5158 caelo

339 5215 540 5286 (lacn.
571 5230 646 5280 Ill,
683 5213 803 5280 l5).
835 5209 1063 5277 Propter
1089 5206 1189 5260 hoc
1223 5204 1366 5259 enim
1396 5199 1632 5264 addidit,
1662 5197 1747 5266 qui
1776 5205 1848 5250 est
1876 5195 1930 5247 in

339 5309 488 5372 mlo,
519 5321 588 5362 ne
631 5305 910 5376 quisquam
941 5301 1055 5372 ejus
1083 5298 1542 5354 conversationem
1571 5291 1640 5348 de
1676 5289 1812 5344 casio
1842 5303 1929 5343 re-

339 5401 570 5456 cessisse
609 5398 998 5460 arbitraretur,
1029 5408 1148 5448 cum
1189 5406 1282 5460 per
1312 5397 1580 5442 terrenum
1627 5395 1821 5452 corpus
1875 5379 1932 5434 in

341 5503 484 5548 terra
538 5490 844 5545 hominibus
900 5492 1198 5556 appareret.
1257 5482 1395 5550 Ergo
1438 5479 1564 5532 sicut
1627 5473 1932 5546 portavimus

341 5583 614 5655 isnaginem
663 5579 846 5636 terreni
865 5620 880 5640 ,
911 5587 1162 5648 portemus
1209 5585 1254 5628 et
1297 5569 1566 5640 imaginem
1611 5567 1720 5638 ejus
1761 5563 1845 5634 qui
1872 5561 1933 5615 de

343 5677 471 5732 celo
501 5687 594 5740 est,
622 5673 837 5728 interim
875 5669 996 5732 ﬁde,
1043 5683 1137 5740 per
1183 5680 1338 5736 quam
1375 5661 1532 5716 etiam
1573 5672 1692 5714 cum
1725 5655 1816 5709 illo
1845 5668 1932 5707 re-

347 5768 682 5826 surresimus.
711 5781 722 5818 :
755 5771 813 5817 ut
837 5773 891 5818 et
926 5774 1134 5816 sursum
1179 5771 1269 5814 cor
1297 5753 1584 5808 habeamus
1607 5789 1622 5816 ,
1656 5745 1741 5800 ubi
1773 5743 1932 5798 Chri-

1687 311 1914 372 SElHlO
1953 308 2234 372 CCCLX".

3471 319 3490 374 1
3501 319 3602 374 ϐἓί

2017 439 2132 484 stus
2154 438 2234 482 est
2259 427 2314 483 in
2357 429 2575 486 dextera
2604 429 2700 486 Dei
2739 429 2970 494 sedens;
2997 439 3050 484 et
3089 429 3207 484 ideo
3247 446 3365 500 qua:
3394 448 3600 486 sursum

2017 529 2139 576 sunt
2166 535 2466 592 quaeramus
2485 563 2499 590 ,
2530 529 2688 592 atque
2714 522 3002 592 sapiamus,
3038 537 3140 576 non
3165 539 3281 593 qua:
3309 537 3470 592 super
3497 535 3606 578 tei-

2019 628 2150 667 ram.

2089 703 2311 760 CAPUT
2350 703 2658 760 XV.—-l7.
2709 703 2815 758 Hoc
2867 705 3006 758 nobis
3060 703 3420 760 resurrectione
3469 721 3600 775 prcr-

2018 797 2287 862 standum,
2331 797 2466 866 quod
2531 797 2583 851 in
2630 795 2830 852 Christo
2878 798 3150 870 pra‘cessit.
3211 797 3340 851 Caro
3394 803 3604 869 sanguis

2019 905 2110 958 pro
2137 889 2476 958 corruptione.
2518 887 2620 942 Sed
2665 889 2784 957 quia
2835 887 2902 942 de
2941 889 3336 942 resurrectione
3363 889 3610 956 corporis

2018 979 2206 1044 agebat
2253 996 2267 1044 ;
2325 994 2445 1033 nam
2493 979 2562 1032 ita
2611 987 2960 1048 proposuerat
3006 996 3020 1032 :
3067 977 3179 1033 Sed
3221 978 3342 1030 dicit
3382 977 3602 1046 aliquis.

2022 1069 2286 1136 Quomodo
2325 1079 2594 1140 resurgunt
2640 1069 2825 1124 mortui
2873 1069 2890 1136 <
2931 1068 2956 1123 Ῑ
2989 1067 3106 1124 Cor.
3148 1085 3215 1123 xv
3239 1111 3252 1134 ,
3286 1070 3353 1124 55
3381 1068 3403 1139 )
3433 1069 3462 1122 τ
3503 1081 3602 1138 quo

2018 1171 2182 1216 autem
2209 1177 2418 1232 corpore
2457 1161 2660 1214 miunt
2685 1161 2712 1214 ?
2739 1167 2792 1215 et
2832 1169 3108 1230 propterea
3138 1159 3362 1226 dixerat,
3395 1159 3603 1215 Primm

2019 1253 2168 1308 homo
2206 1254 2267 1306 de
2293 1265 2424 1307 terra
2446 1263 2686 1318 terrenus,
2707 1253 2956 1307 secundus
2979 1254 3148 1318 homo,
3170 1253 3230 1306 de
3257 1253 3400 1307 caelo.
3424 1248 3602 1319 Qualis

2021 1358 2262 1414 terrenus,
2286 1347 2410 1401 tales
2438 1357 2483 1402 et
2504 1347 2688 1404 terreni
2715 1363 2735 1412 ;
2761 1357 2806 1400 et
2835 1347 3000 1415 qualis
3020 1346 3248 1412 cwlestis,
3271 1345 3394 1399 tales
3423 1355 3474 1398 et
3497 1361 3599 1399 cm-

2020 1439 2164 1494 lesles
2192 1457 2208 1494 :
2250 1449 2306 1494 ut
2347 1439 2447 1494 hoc
2475 1454 2749 1510 Speremus
2777 1439 2828 1493 in
2859 1447 3042 1493 nostro
3068 1451 3291 1508 corpore
3325 1437 3552 1491 futurum
3578 1478 3592 1499 .

2017 1531 2158 1604 quod
2201 1533 2252 1586 in
2295 1532 2488 1586 Christi
2515 1547 2738 1602 corpore
2767 1530 3036 1602 prmcessit
3069 1547 3084 1594 ;
3115 1539 3273 1600 atque
3302 1529 3400 1583 hoc
3427 1541 3598 1598 quau-

2018 1639 2174 1693 quam
2199 1623 2432 1678 nondum
2455 1623 2629 1693 rcipsa
2654 1623 3016 1692 percepimus,
3045 1619 3254 1675 interim
3289 1619 3388 1673 ﬁde
3421 1629 3602 1672 tenea-

2019 1731 2155 1770 mus.
2205 1715 2729 1788 ldcosubjunxcrat,
2785 1713 2930 1770 Sicut
2977 1713 3283 1783 portavimus
3331 1709 3598 1779 imaginem

2017 1807 2218 1872 terreni,
2259 1816 2511 1878 portemus
2537 1815 2580 1860 et
2621 1805 2890 1876 imaginem
2916 1805 3024 1875 ejus
3051 1801 3136 1873 qui
3157 1801 3217 1855 de
3246 1801 3372 1855 mlo
3403 1809 3494 1853 est.
3523 1799 3600 1853 Ne

2015 1897 2082 1951 ad
2135 1898 2254 1952 talia
2308 1913 2407 1953 nos
2455 1905 2851 1953 resurrecturos
2891 1893 3264 1958 crederemus,
3304 1891 3477 1960 qualia
3510 1905 3599 1943 se-

2017 1991 2244 2045 cundum
2275 1991 2502 2061 primum
2531 1986 3232 2056 hominemcorruptibiliter
3267 1985 3580 2054 agebamus,

2015 2083 2242 2154 Subjecit
2284 2083 2460 2138 statim
2491 2100 2503 2136 :
2530 2080 2643 2134 Hoc
2669 2089 2835 2134 autem
2885 2079 2996 2132 dico
3019 2121 3032 2144 ,
3082 2077 3280 2145 fratres,
3336 2075 3456 2148 quia
3484 2089 3602 2126 caro

2017 2184 2062 2226 et
2084 2173 2292 2246 sanguis
2313 2187 2522 2244 regnum
2543 2170 2638 2224 Dei
2659 2169 2947 2248 hwreditate
2971 2167 3224 2240 possidere
3241 2179 3340 2219 nan
3368 2173 3598 2235 possunt.

2018 2267 2188 2336 Atque
2213 2263 2494 2320 ostendere
2515 2264 2700 2317 volens
2717 2259 2842 2331 quid
2870 2259 3064 2314 dixerit
3080 2273 3292 2313 carnem
3308 2265 3364 2312 et
3383 2255 3566 2324 sangui
3580 2283 3600 2294 -

2019 2373 2160 2424 nem,
2188 2359 2308 2427 quia
2335 2371 2440 2412 non
2477 2355 2643 2425 ipsam
2683 2353 2912 2426 speciem
2965 2351 3237 2420 corporis,
3285 2349 3379 2402 sed
3418 2363 3605 2401 corru-

2018 2445 2534 2518 ptionemsigniﬁcat
2573 2445 2787 2500 nomine
2829 2443 3006 2498 carnis
3033 2452 3086 2496 et
3134 2439 3437 2510 sanguinis,
3483 2453 3601 2507 qua:

2016 2539 2287 2608 corruptio
2328 2548 2452 2592 tunc
2498 2552 2603 2591 non
2647 2535 2768 2590 erit.
2814 2533 3021 2604 Corpus
3061 2531 3203 2588 enim
3252 2531 3366 2585 sine
3416 2545 3604 2585 eorru-

2019 2630 2200 2700 pti‘one
2220 2669 2234 2692 ,
2263 2644 2368 2682 non
2399 2627 2614 2698 proprie
2638 2625 2831 2681 dicitur
2851 2641 2976 2682 caro
3002 2631 3055 2679 et
3093 2623 3335 2694 sanguis,
3364 2619 3457 2676 sed
3485 2635 3606 2675 cor-

2020 2735 2138 2790 pus.
2169 2718 2226 2774 Si
2267 2719 2408 2774 enim
2437 2733 2563 2774 caro
2592 2726 2694 2783 est,
2749 2715 3109 2786 corruptibilis
3163 2723 3321 2784 atque
3367 2711 3604 2766 mortalis

2019 2821 2099 2866 est
2135 2829 2148 2864 :
2176 2811 2220 2865 si
2249 2817 2426 2865 autem
2452 2809 2562 2879 jam
2605 2824 2712 2864 non
2739 2806 2984 2872 moritur,
3011 2805 3119 2876 jam
3153 2819 3256 2858 non
3285 2801 3604 2874 corruptibi-

2021 2905 2083 2960 lis
2111 2919 2126 2970 ;
2154 2911 2206 2958 et
2250 2903 2368 2958 ideo
2415 2903 2530 2957 sine
2563 2900 2904 2969 corruptione
2945 2906 3198 2952 manente
3241 2895 3457 2966 specie,
3497 2907 3600 2948 non

2018 2996 2126 3066 jam
2153 3009 2299 3062 caro,
2331 2992 2425 3048 sed
2451 3007 2644 3062 corpus
2665 2989 2858 3048 dicitur
2885 3008 2896 3042 :
2930 2997 2984 3046 ct
3011 2988 3054 3066 si
3095 2987 3288 3042 dicitur
3322 3001 3469 3048 caro,
3499 2999 3602 3038 non

2016 3063 2125 3156 jam
2177 3085 2390 3154 proprie
2434 3083 2660 3148 dicitur,
2705 3079 2798 3135 sed
2829 3063 3052 3150 propter
3090 3076 3372 3148 quamdam
3409 3071 3602 3146 speciei

2021 3173 2439 3230 similitudinem.
2482 3171 2630 3227 Sicut
2651 3186 2931 3242 possumus
2955 3167 3090 3222 forte
3121 3175 3336 3237 propter
3361 3163 3601 3219 eatndem

2021 3263 2444 3330 similitudinem,
2477 3265 2634 3317 etiam
2663 3261 2986 3330 Angelorum
3019 3273 3232 3312 carnem
3262 3256 3458 3318 dicere,
3483 3267 3602 3308 eum

2022 3359 2159 3412 sicut
2210 3356 2452 3410 homines
2495 3361 2856 3423 apparuerunt
2899 3351 3245 3412 hominibus;
3277 3362 3394 3401 cum
3425 3355 3604 3400 essent

2022 3466 2244 3519 corpus,
2297 3463 2399 3501 non
2428 3463 2551 3501 caro
2592 3465 2604 3500 :
2636 3447 2754 3516 quia
2795 3441 3151 3514 corruptionis
3177 3439 3463 3514 indigentia
3498 3453 3602 3490 nun

2025 3541 2211 3594 inerat.
2243 3537 2533 3607 Quia_ergo
2573 3550 2854 3606 possumus
2881 3531 3171 3588 secundum
3199 3527 3600 3584 similitmlinem

2022 3645 2234 3686 air-nem
2282 3627 2549 3700 appellare
2583 3627 2740 3681 etiam
2789 3641 2982 3698 corpus
3008 3621 3146 3694 quod
3183 3621 3291 3692 jam
3339 3633 3443 3674 non
3487 3631 3606 3674 cor-

2025 3721 2284 3790 rumpitur
2303 3760 2318 3786 ,
2360 3725 2574 3774 secutus
2604 3715 2859 3772 sollicitus
2904 3713 3191 3785 Apostolus
3219 3725 3486 3783 exponere
3515 3723 3608 3764 voc

2025 3814 2118 3868 luit
2143 3813 2268 3882 quid
2308 3811 2500 3866 dixerit
2547 3825 2764 3865 carnem
2793 3819 2848 3864 et
2876 3807 3187 3878 sanguinem
3215 3824 3229 3872 ;
3262 3805 3381 3878 quia
3413 3819 3606 3860 secun—

2025 3905 2150 3958 dum
2197 3905 2590 3973 corruptionem
2633 3903 2733 3956 hoc
2771 3901 2922 3966 dixit,
2979 3915 3086 3953 non
3138 3897 3427 3952 secundum
3483 3909 3607 3964 spe-

2024 3994 2159 4046 ciem
2194 4010 2208 4048 :
2240 4001 2292 4046 et
2337 3992 2564 4061 subjecit
2606 3990 2782 4044 statim
2805 4031 2819 4054 ,
2855 3989 3028 4058 Neque
3069 3987 3329 4056 corruptio
3375 3987 3608 4038 incorru-

2025 4086 2245 4152 ptionem
2276 4083 2566 4137 haereditate
2589 4081 2857 4152 possidebit
2888 4095 2906 4132 :
2935 4087 3180 4146 tanquam
3204 4079 3422 4137 diceret,
3451 4075 3604 4143 Quod

2025 4174 2129 4228 dixi
2155 4215 2168 4238 ,
2201 4173 2330 4227 Caro
2354 4181 2399 4225 et
2420 4173 2624 4242 sanguis
2658 4187 2863 4241 regnum
2894 4168 2986 4222 Dei
3010 4184 3108 4221 non
3147 4165 3420 4237 possidebit
3449 4182 3466 4229 ;
3507 4165 3606 4219 hoc

2026 4265 2154 4329 dixi,
2182 4263 2428 4334 quoniam
2461 4263 2714 4332 corruptio
2738 4260 3162 4328 incorruptionem
3189 4273 3290 4310 non
3316 4257 3599 4328 possidebit.

2099 4355 2182 4410 18.
2221 4353 2484 4419 Quomodo
2528 4353 2579 4406 in
2619 4349 2740 4405 coelo
2768 4351 2860 4404 erit
2903 4367 3085 4420 corpus
3132 4357 3392 4408 nostrum,
3438 4351 3480 4400 si
3510 4363 3609 4399 non
3641 4357 3648 4363 '

2027 4449 2118 4503 erit
2144 4447 2210 4500 ibi
2253 4446 2528 4515 corruptio.
2574 4442 2753 4499 Carnis
2793 4459 2894 4496 non
2921 4451 3062 4495 erunt
3091 4439 3265 4493 eadem
3305 4455 3458 4508 opera
3500 4448 3610 4507 post

2027 4537 2461 4592 resurrectionem.
2512 4533 2810 4589 Iudaeorum
2854 4543 2900 4587 et
2930 4531 3332 4587 Sadducwornnt
3367 4545 3510 4582 error
3551 4529 3612 4581 de

2027 4629 2404 4685 resurrectione.
2441 4625 2756 4681 Resurrectio
2794 4624 2861 4677 ad
2887 4624 3036 4678 vitam
3079 4622 3402 4692 Angelorum.
3455 4617 3521 4672 Et
3547 4635 3613 4673 ne

2029 4725 2306 4796 quisquam
2333 4722 2550 4786 diceret,
2583 4720 2638 4774 Si
2678 4733 2806 4788 ergo
2837 4715 3161 4784 incorruptio
3200 4731 3229 4767 a
3265 4711 3612 4780 corruptione

2031 4830 2136 4870 non
2167 4820 2342 4884 potest
2382 4810 2667 4880 possideri,
2700 4808 2968 4878 quomodo
3024 4805 3092 4860 ibi
3125 4805 3225 4858 erit
3267 4819 3460 4871 corpus
3509 4817 3607 4856 no-

2031 4915 2199 4962 strum
2225 4905 2248 4958 ?
2271 4904 2450 4958 audite
2485 4901 2624 4972 quod
2671 4900 2927 4971 sequitur.
2975 4897 3132 4967 Quasi
3165 4898 3306 4951 enim
3349 4895 3617 4948 diceretur-

2034 4997 2314 5068 Apostolo,
2342 4994 2476 5062 Quid
2514 5004 2596 5048 est
2625 5008 2750 5064 ergo
2788 4991 2930 5062 quod
2974 4990 3108 5045 dicis
3137 4993 3160 5044 't
3191 4987 3454 5042 frustrane
3493 4999 3616 5038 creo

2034 5089 2265 5144 didimus
2306 5087 2482 5140 carnis
2529 5083 3023 5139 resurrectionem?
3065 5081 3126 5136 Si
3163 5093 3288 5134 caro
3317 5089 3370 5133 et
3397 5077 3618 5145 sanguis

2036 5197 2256 5250 regnum
2285 5180 2376 5234 Dei
2402 5195 2503 5231 non
2529 5177 2836 5247 possidebit,
2873 5177 3060 5229 frustra
3089 5171 3410 5228 credidimus
3445 5183 3618 5221 resnro

2037 5273 2240 5329 rexisse
2277 5271 2557 5326 Dominum
2609 5277 2846 5323 nostrum
2874 5281 2903 5319 a
2938 5264 3162 5319 mortuis
3195 5263 3246 5316 in
3285 5275 3510 5330 corpore
3566 5259 3615 5312 in

2037 5381 2142 5435 quo
2171 5375 2324 5419 natus
2366 5372 2420 5417 et
2447 5360 2729 5415 cruciﬁxus
2750 5367 2850 5423 est,
2889 5357 2939 5410 in
2966 5371 3030 5410 eo
3073 5353 3378 5408 ascendisse
3425 5351 3474 5404 in
3505 5365 3616 5406 crc-

2038 5459 2146 5513 lum
2178 5471 2360 5510 coram
2388 5450 2959 5521 oculisdiscipulorum
2993 5463 3230 5510 suorum,
3259 5445 3324 5499 de
3345 5461 3447 5513 quo
3471 5445 3614 5497 creto

2039 5549 2103 5603 ad
2151 5557 2202 5603 te
2244 5547 2510 5611 clamavit,
2560 5543 2749 5608 Saule,
2783 5541 2962 5607 Saule,
3015 5539 3136 5610 quid
3182 5553 3259 5590 me
3308 5535 3618 5606 persequeris

2041 5641 2178 5708 (Act.
2205 5638 2352 5709 ιω)
2377 5638 2400 5692 ?
2428 5635 2669 5693 Occurrit
2696 5635 2796 5690 hoc
2823 5632 2986 5690 Paulo
3015 5639 3198 5685 sancto
3219 5636 3274 5684 et
3299 5627 3456 5683 beato
3487 5641 3616 5696 apo-

2043 5734 2180 5790 stole
2202 5773 2218 5804 ,
2249 5739 2302 5789 et
2327 5733 2410 5804 pia
2432 5732 2686 5790 cbaritate
2724 5725 3032 5794 parturienti
3065 5725 3200 5794 tilias
3225 5739 3349 5780 suos
3378 5721 3438 5779 in-
3459 5719 3616 5776 Chri-
