3996 6192
375 389 512 442 1625

372 518 457 561 sto
481 520 574 575 per
597 498 938 570 Evangelium
965 495 1169 567 genitos
1187 489 1240 565 (ι
1259 492 1375 546 Cor.
1395 505 1466 556 ιν,
1500 489 1609 556 15),
1629 500 1762 556 quos
1783 483 1957 575 adhuc

371 573 702 664 parturiebat
722 591 892 647 donec
913 588 1152 644 Christus
1183 585 1236 638 in
1257 582 1335 638 eis
1354 580 1731 636 reformaretur
1759 573 1952 649 (Galat.

374 703 447 754 tv,
481 684 601 755 lli),
635 682 687 739 id
717 689 816 745 est,
839 681 1012 734 donec
1038 682 1311 748 portarent
1358 687 1451 742 per
1484 670 1639 724 fidem
1672 668 1952 738 imaginem

371 779 488 847 ejus
526 777 615 847 qui
647 775 711 830 de
757 774 894 828 coelo
920 779 1020 826 est.
1061 767 1286 822 Nolebat
1313 765 1454 820 enim
1496 778 1590 818 eos
1621 761 1672 814 in
1704 775 1766 814 ea
1805 758 1955 813 ruina

373 883 674 932 remanere,
699 876 756 920 ut
780 864 1166 918 arbitrarentur
1189 874 1248 913 se
1279 858 1401 911 talia
1443 857 1675 909 facturos
1707 853 1757 905 in
1792 864 1955 917 regno

375 962 490 1025 Dei,
524 962 575 1014 in
605 959 689 1014 illa
720 965 919 1011 :clcrna
951 955 1076 1018 vita,
1106 951 1278 1023 qualia
1312 948 1573 1002 faciebant
1601 946 1652 998 in
1693 944 1792 997 hac
1819 942 1952 1005 vita,

375 1051 426 1106 in
449 1048 804 1120 voluptatibus
831 1041 1180 1100 manducaudi
1204 1052 1258 1096 et
1285 1039 1516 1103 bibendi,
1547 1035 1796 1101 nubendi,
1824 1049 1957 1088 uxo-

375 1158 461 1198 res
510 1140 775 1205 duecndi,
807 1148 862 1193 ct
912 1152 1006 1192 eos
1049 1135 1333 1190 carnaliter
1373 1129 1659 1202 generandi
1691 1127 1768 1199 (a)
1804 1147 1815 1181 :
1845 1127 1960 1180 bare

373 1234 514 1289 enim
536 1247 698 1302 opera
727 1229 995 1298 corruptio
1029 1227 1202 1280 carnis
1233 1225 1410 1289 habet,
1458 1237 1560 1276 non
1613 1221 1721 1290 ipsa
1753 1219 1961 1288 species

373 1326 572 1382 carnis.
621 1323 737 1379 Jam
781 1337 909 1391 ergo
937 1321 1056 1390 quia
1089 1333 1193 1370 non
1233 1315 1300 1370 ad
1341 1315 1464 1368 talia
1498 1312 1842 1367 resurrecturi
1872 1324 1962 1363 su-

373 1434 513 1481 vnus,
555 1413 909 1486 praescripsit,
939 1420 996 1465 ut
1032 1411 1140 1480 jam
1172 1407 1370 1462 dudum
1413 1406 1672 1467 dixeram,
1707 1402 1960 1456 Dominus

376 1510 429 1563 in
459 1507 763 1576 evangelica
795 1504 1025 1558 lectione
1055 1516 1172 1570 qua:
1218 1497 1378 1552 modo
1405 1497 1622 1550 recitata
1660 1503 1759 1548 est.
1789 1491 1958 1548 Jutl:ei

375 1601 517 1654 enim
570 1594 1017 1653 resurrccdonem
1066 1589 1278 1661 quidem
1309 1586 1600 1643 credebant
1639 1585 1836 1649 carnis,
1866 1584 1960 1639 sed

377 1691 535 1745 talem
566 1688 797 1742 futuram
823 1683 1097 1754 putabant,
1128 1692 1184 1735 ut
1212 1695 1275 1736 ea
1313 1679 1420 1733 vita
1467 1685 1611 1732 esset
1638 1677 1688 1730 in
1718 1691 1960 1730 resurre-

373 1781 570 1843 ctione,
592 1779 802 1850 qualem
826 1777 876 1830 in
891 1775 991 1830 hoc
1017 1773 1214 1828 szcculo
1241 1771 1530 1842 gerebant;
1555 1779 1711 1839 atque
1746 1768 1814 1822 ita
1841 1783 1961 1821 ear-

377 1871 568 1926 naliter
605 1868 932 1940 cogitantes,
964 1863 1271 1920 Sadduca-is
1312 1860 1640 1931 respondere
1667 1874 1772 1913 non
1812 1867 1963 1928 pote-

373 1971 494 2019 rant
547 1959 963 2032 proponentibus
1017 1957 1082 2013 de
1135 1954 1525 2011 resurrectione
1573 1951 1958 2023 qurcstionem,

376 2052 529 2122 cujus
557 2053 660 2107 erit
684 2066 818 2106 uxor
845 2049 1056 2112 mulier,
1080 2062 1237 2117 quam
1269 2055 1474 2115 septem
1501 2043 1690 2097 fratres
1715 2042 1814 2097 sibi
1843 2056 1963 2095 suc-

375 2145 626 2201 cedentes
663 2143 996 2206 habuerunt,
1027 2154 1148 2193 cum
1203 2138 1360 2192 vellet
1402 2134 1764 2205 unusquisque
1811 2132 1962 2186 fratri

377 2251 477 2292 suo
507 2243 717 2290 mortuo
745 2249 809 2288 ex
840 2233 956 2302 ejus
985 2244 1150 2284 uxore
1190 2243 1370 2282 semen
1402 2225 1653 2282 excitare.
1685 2221 1964 2279 Sadtluczei

377 2327 522 2381 enim
561 2333 705 2380 secta
732 2333 847 2378 erat
873 2321 1114 2392 quaedam
1158 2318 1497 2384 Iudaeorum,
1549 2332 1668 2386 quze
1715 2331 1816 2369 non
1848 2329 1964 2368 cre-

379 2418 541 2473 debat
583 2415 1046 2471 resurrectionem.
1093 2410 1260 2466 Judaei
1299 2425 1426 2480 ergo
1462 2407 1771 2463 Sadducecis
1811 2407 1964 2460 istam

379 2508 730 2580 qutcstionem
757 2503 1177 2576 proponentibus
1217 2501 1534 2556 fluctuantes
1563 2510 1612 2555 et
1659 2498 1965 2552 haesitantes

383 2599 708 2670 respondere
737 2614 841 2652 non
884 2604 1128 2666 poterant
1156 2635 1169 2658 ,
1205 2593 1325 2663 quia
1374 2607 1593 2661 regnum
1624 2589 1716 2643 Dei
1746 2604 1774 2642 a
1806 2604 1966 2643 carne

383 2700 439 2745 et
480 2689 761 2759 sanguine,
806 2686 858 2741 id
899 2695 1001 2752 est,
1054 2681 1506 2751 incorruptionem
1557 2695 1585 2732 a
1625 2679 1966 2748 corruptione

382 2782 640 2854 possideri
682 2794 840 2850 posse
864 2776 1276 2832 arbitrabantur.
1318 2771 1477 2826 Venit
1510 2771 1751 2832 Veritas,
1800 2770 1964 2822 inter-

382 2880 598 2943 rogatur
625 2886 654 2924 a
677 2869 913 2940 deceptis
939 2877 993 2922 et
1015 2863 1390 2937 deccptoribus
1410 2862 1714 2918 Sadduc:eis
1731 2904 1746 2929 ,
1781 2877 1968 2932 propo-

384 2966 526 3019 nitur
571 2963 655 3018 illa
695 2961 918 3032 qumstio
967 2958 1210 3013 Domino.
1271 2957 1336 3010 Et
1376 2955 1630 3009 Dominus
1673 2954 1760 3024 qui
1806 2953 1970 3007 sciret

381 3055 508 3126 quid
538 3054 740 3110 diceret
766 3095 780 3119 ,
818 3061 872 3108 et
905 3050 1049 3122 quod
1079 3047 1446 3104 nesciebamus
1477 3045 1695 3100 credere
1734 3060 1830 3098 nos
1860 3044 1968 3097 vcl-

384 3147 477 3211 let,
523 3143 813 3215 reSpondct
849 3141 1162 3198 auctoritate
1209 3139 1498 3210 majestatis
1527 3153 1634 3190 sum
1679 3135 1821 3206 quod
1849 3149 1967 3189 cre-

384 3236 593 3291 damus.
619 3233 905 3305 Apostolus
948 3241 1124 3287 autcm
1151 3230 1393 3300 exposuit
1416 3236 1670 3298 quantum
1710 3227 1758 3282 ei
1786 3226 1966 3280 datum

383 3337 468 3384 cst
509 3346 524 3384 :
572 3326 738 3398 quod,
787 3333 1041 3396 quantum
1088 3338 1388 3393 possumus,
1424 3321 1795 3390 intelligamus.
1833 3317 1969 3385 Quid

386 3437 516 3494 ergo
543 3420 797 3474 Dominus
823 3415 1134 3473 Saddueasis
1157 3413 1180 3467 ?
1203 3413 1419 3470 Erratis.
1455 3411 1656 3480 inquit,
1681 3426 1780 3462 non
1804 3410 1968 3462 scien-

387 3527 458 3570 tes
505 3514 821 3584 Scripturas,
870 3525 1026 3580 neque
1068 3509 1298 3562 virtutem
1345 3505 1455 3558 Dei.
1509 3503 1572 3557 In
1615 3503 1972 3556 resurrectione

387 3607 521 3660 enim
547 3620 706 3674 neque
733 3602 943 3666 nubunt,
971 3615 1130 3669 neque
1165 3615 1345 3651 uxores
1375 3597 1563 3649 ducunt
1593 3612 1612 3657 ;
1660 3611 1814 3663 neque
1841 3593 1970 3645 enim

384 3697 632 3768 incipiunt
663 3694 812 3759 mori,
836 3693 924 3748 sed
950 3700 1092 3744 erunt
1134 3690 1349 3758 aequales
1402 3687 1605 3759 Angelis
1632 3685 1742 3740 Dei.
1787 3685 1969 3754 Magna

387 3791 555 3845 virtus
577 3788 690 3844 Dei.
719 3787 895 3855 Quare
921 3799 1023 3838 non
1057 3782 1280 3846 nubunt,
1314 3796 1486 3850 neque
1517 3795 1706 3836 uxores
1727 3779 1924 3833 ducunt
1949 3779 1972 3833 ?

387 3880 519 3949 Quia
568 3895 673 3934 non
725 3876 976 3946 incipient
1016 3875 1170 3929 mori.
1218 3873 1289 3927 lbi
1335 3872 1477 3926 enim
1533 3884 1832 3933 successor,
1885 3869 1971 3922 ubi

388 3973 660 4027 decessor.
692 3969 844 4024 Nulla
865 3982 993 4037 ergo
1020 3966 1088 4020 ibi
1117 3964 1236 4019 talis
1262 3963 1553 4032 corruptio.
1591 3963 1656 4016 Et
1688 3962 1776 4016 ille
1800 3960 1975 4013 Durni-

390 4079 490 4118 nus
529 4077 620 4132 per
645 4068 828 4116 aetates
852 4057 918 4114 ab
949 4056 1160 4112 infantia
1185 4070 1351 4127 usque
1391 4053 1456 4108 ad
1498 4053 1829 4123 juventutem
1879 4067 1973 4107 cu-

388 4155 575 4219 currit,
616 4154 736 4223 quia
787 4149 962 4205 carnis
1005 4148 1178 4202 adhuc
1206 4145 1443 4201 mortalis
1470 4143 1685 4214 gerebat
1722 4143 1972 4198 substan-

393 4247 560 4301 tiam:
586 4251 930 4314 posteaquam
973 4239 1263 4294 resurrexit
1293 4237 1346 4292 in
1378 4245 1532 4290 :ctatc
1573 4236 1624 4289 in
1655 4251 1757 4304 qua
1800 4233 1976 4304 sepul-

394 4357 483 4401 tus
573 4351 725 4408 est,.
775 4330 1027 4399 numquid
1080 4329 1346 4385 credimus
1374 4343 1495 4382 eum
1537 4328 1586 4380 in
1627 4327 1763 4382 (σξιο
1820 4341 1978 4380 sene-

392 4444 545 4484 scere
569 4427 593 4480 ?
623 4426 763 4495 Ergo
789 4433 963 4489 erunt,
993 4423 1161 4491 inquit
1181 4463 1195 4486 ,
1219 4420 1436 4491 wguales
1457 4418 1661 4490 Angelis
1689 4419 1801 4472 Dei.
1836 4418 1975 4472 Abs-

401 4520 522 4574 tulit
572 4518 640 4571 de
679 4514 853 4570 medio
903 4512 1257 4582 Suspicionem
1301 4510 1639 4575 Judaeorum,
1671 4509 1864 4564 refellit
1889 4525 1978 4562 ca-

401 4609 628 4665 lumnias
657 4606 1071 4661 Sadduczeorum
1114 4622 1126 4657 :
1169 4604 1290 4674 quia
1321 4602 1490 4658 Judaei
1531 4601 1820 4657 credebant
1863 4603 1980 4671 qui-

396 4703 516 4757 dem
546 4706 938 4754 resurrecturus
965 4705 1222 4761 mortuos,
1251 4694 1346 4750 sed
1377 4693 1441 4748 ad
1465 4709 1582 4762 quae
1607 4707 1768 4762 opera
1795 4708 1976 4745 resur-

395 4798 597 4860 gcrcnt,
629 4788 910 4843 carnaliter
942 4787 1260 4842 sentiebant.
1296 4784 1461 4840 Erunt
1500 4785 1741 4853 tequales,
1787 4784 1976 4854 inquit,

403 4884 604 4956 Angelis
651 4881 761 4936 Dei.
813 4880 1019 4936 Audisti
1059 4879 1127 4933 de
1156 4877 1349 4933 virtute
1393 4878 1514 4943 Dei,
1559 4877 1680 4931 audi
1725 4876 1882 4931 etiam
1913 4877 1981 4932 de

401 4975 707 5046 Scripturis.
769 4971 844 5025 De
900 4971 1296 5035 resurrectione,
1339 4968 1550 5038 inquit,
1599 4985 1698 5021 non
1757 4969 1978 5038 legistis,

403 5067 654 5140 quomodo
701 5065 898 5120 locutus
948 5062 1011 5116 sit
1062 5060 1310 5113 Dominus
1362 5059 1430 5110 ad
1476 5058 1686 5128 Moysen
1734 5059 1796 5111 de
1833 5059 1979 5127 rubo,

398 5165 569 5216 (licens
599 5177 618 5214 :
653 5157 759 5229 Ego
786 5145 897 5212 sum
930 5154 1066 5209 Dens
1091 5152 1380 5217 Abraham,
1414 5150 1547 5204 Dens
1570 5149 1741 5216 Isaac,
1771 5161 1816 5204 et
1844 5149 1983 5205 Deus

397 5252 557 5307 Jttt'ub
580 5252 605 5305 .9
629 5249 749 5304 Non
776 5258 846 5303 est
877 5246 1011 5300 Deus
1042 5255 1371 5308 mortuorum,
1399 5241 1487 5296 sed
1512 5242 1732 5296 vivorum
1755 5242 1773 5310 ζ
1793 5241 1980 5296 Matth.

403 5361 533 5408 χχιι,
574 5341 768 5404 2552,
795 5350 842 5394 et
874 5339 1000 5393 Luc.
1033 5355 1119 5397 xx.
1150 5333 1362 5406 27-58).

470 5434 695 5491 CAPUT
734 5431 1053 5487 ιαμ-19.
1089 5429 1405 5483 Resurrectio
1433 5427 1500 5479 ad
1530 5427 1680 5480 vitam
1717 5430 1830 5482 sine
1867 5444 1982 5481 cor-

401 5527 651 5595 ruptione.
699 5522 916 5576 Mutatio
966 5521 1132 5574 carnis
1160 5520 1210 5572 in
1259 5520 1434 5571 melius
1470 5519 1712 5571 bonorum
1754 5520 1980 5588 pmpria.

404 5617 554 5686 Quod
582 5633 708 5687 ergo
734 5629 1092 5686 resurgamus,
1143 5612 1340 5668 dictum
1383 5622 1465 5666 est
1495 5629 1506 5665 :
1551 5621 1606 5666 ct
1647 5613 1895 5681 quoniam
1917 5612 1981 5666 ad

467 5708 541 5770 (ιι)
560 5709 746 5758 Rectius
764 5707 910 5770 _forte
932 5707 1186 5770 legeretur
1208 5719 1219 5751 :
1248 5716 1423 5755 uxores
1447 5701 1674 5770 ducendi,
1692 5710 1850 5770 natos,
1879 5701 1980 5770 vel,

405 5763 578 5834 pueros
606 5767 868 5834 ramalitetj
900 5763 1160 5834 gemerandi
1183 5785 1213 5834 ;_
1229 5775 1313 5815 aut
1337 5779 1446 5834 cum
1469 5763 1630 5820 Morel,
1656 5763 1803 5834 metu.
1841 5767 1972 5823 Crit.,

407 5827 456 5893 ἱ),
490 5831 577 5882 190
598 5845 612 5881 :
639 5843 814 5882 uxores
834 5827 1060 5892 ducendi,
1085 5842 1148 5879 cx
1171 5827 1236 5880 eis
1253 5828 1508 5879 carnaliter
1532 5828 1808 5891 generandi.
1863 5834 1916 5876 st.

1611 371 1666 428 S.
1707 362 2068 426 AUGUS’l'lNl
2111 362 2412 420 EPiSCUl‘l

3517 363 3649 418 illiti

2065 475 2223 530 vitam
2257 475 2574 547 Augelorum
2623 473 2966 545 resurgimus,
2997 488 3024 527 a
3053 473 3277 529 Domino
3307 473 3604 530 audivimus
3633 495 3648 533 :

2064 568 2114 621 in
2157 584 2255 638 qua
2299 583 2429 623 vero
2473 566 2649 636 specie
2671 580 3052 636 .resurgamus,
3083 565 3196 636 ipse
3224 564 3460 621 ostendit
3483 567 3534 621 in
3566 584 3655 623 re-

2063 660 2392 714 surrectione
2442 674 2557 713 sua.
2589 657 2724 724 Quia
2749 671 2877 712 vero
2933 657 3046 727 ipsa
3091 657 3297 727 species
3350 660 3651 728 corruptio-

2063 765 2184 804 nem
2215 765 2317 804 non
2342 748 2577 814 habebit,
2627 747 2914 818 Apostolus
2943 747 3070 802 dicit
3104 765 3116 800 :
3172 747 3282 802 Hoc
3324 760 3488 803 autem
3514 750 3647 813 dico,

2065 845 2267 912 fratres,
2299 842 2416 911 quia
2451 858 2568 894 caro
2604 851 2649 894 et
2695 842 2903 912 sanguis
2951 857 3163 910 regnum
3217 839 3310 895 Dei
3359 841 3651 896 Itwreditate

2064 934 2318 1004 possidere
2347 949 2445 986 non
2475 941 2684 1003 possunt
2715 950 2734 998 ;
2762 949 2916 1002 neque
2941 932 3200 1001 corruptio
3224 931 3650 1000 incorruptionem

2065 1024 2356 1078 licereditate
2391 1023 2659 1094 possidebit
2689 1039 2706 1078 :
2733 1032 2790 1077 ut
2817 1023 3124 1078 ostenderet
3146 1023 3358 1077 nomine
3387 1024 3564 1078 carnis
3601 1035 3653 1080 et

2064 1118 2334 1187 sanguinis
2363 1118 2758 1186 corruptionem
2787 1115 3026 1170 mortalis
3066 1115 3418 1185 animalisque
3456 1131 3651 1186 corpo~

2065 1210 2138 1263 ris
2181 1224 2240 1264 se
2285 1209 2577 1279 intelligere
2621 1207 2872 1263 voluisse.
2932 1205 3131 1261 Deinde
3186 1207 3347 1260 solvit
3384 1206 3489 1275 jam
3540 1207 3652 1275 ipse

2064 1301 2430 1370 qumstionem,
2481 1314 2636 1368 quam
2675 1307 2891 1368 possent
2935 1297 3003 1352 ab
3029 1313 3094 1351 eo
3133 1298 3342 1352 solliciti
3384 1297 3652 1351 auditores

2065 1393 2345 1462 exquirere
2379 1411 2392 1446 :
2422 1392 2542 1460 quia
2573 1390 2848 1444 sollicitior
2874 1390 2985 1458 ipse
3011 1389 3078 1443 de
3096 1389 3367 1444 intellectu
3401 1387 3647 1453 filiorum,

2065 1499 2222 1555 quam
2254 1483 2342 1536 filii
2369 1492 2493 1536 sunt
2518 1481 2583 1536 de
2614 1482 2789 1536 verbis
2827 1491 3121 1551 parentum.
3162 1479 3448 1550 Subjungit
3496 1495 3649 1549 ergo,

2065 1584 2119 1628 et
2145 1573 2272 1628 dicit
2301 1591 2313 1625 :
2342 1572 2472 1626 Ecce
2512 1573 2799 1643 mysteritnn
2827 1571 2962 1624 vobis
2988 1571 3118 1624 dico.
3147 1570 3653 1639 Quiescatcogitatio

2066 1673 2175 1728 tua,
2211 1678 2243 1717 ο
2270 1663 2450 1729 homo,
2482 1663 2720 1732 quisquis
2765 1677 2842 1716 es.
2870 1661 3126 1729 Casperas
3155 1661 3294 1714 enim
3325 1664 3558 1730 cogitare
3584 1660 3653 1714 de

2067 1757 2243 1812 verbis
2289 1756 2552 1826 Apostoli,
2596 1754 2740 1826 quod
2789 1769 2916 1810 caro
2960 1753 3190 1808 lmmana
3239 1769 3344 1807 non
3390 1761 3649 1822 resurgat,

2066 1863 2184 1902 cum
2207 1847 2440 1913 audires,
2468 1845 2598 1902 Caro
2629 1855 2676 1900 et
2703 1846 2908 1916 sanguis
2936 1861 3144 1913 regnum
3172 1842 3267 1897 Dei
3292 1860 3390 1896 non
3426 1842 3653 1913 posside-

2067 1939 2136 1992 bit
2166 1955 2184 1991 :
2213 1937 2307 1994 sed
2334 1937 2510 2006 pra'be
2551 1951 2734 1992 aurem
2761 1935 3208 2006 consequentibus
3237 1935 3434 2000 verbis,
3461 1943 3514 1988 et
3535 1949 3654 1989 cor-

2066 2028 2179 2098 rige
2229 2027 2696 2098 prmsumptionem
2741 2026 3097 2096 cogitationis.
3125 2024 3270 2090 Ecce,
3317 2023 3654 2094 iuquit,my-

2069 2120 2274 2174 sterium
2303 2119 2416 2172 dico
2444 2119 2580 2172 vobis
2607 2135 2626 2172 :
2657 2134 2826 2172 omnes
2845 2117 3050 2185 quidem
3079 2132 3410 2186 resurgemus,
3437 2115 3527 2170 sed
3555 2132 3656 2169 non

2067 2228 2238 2266 omnes
2279 2211 2678 2265 immutabimur.
2707 2209 2843 2276 Quid
2887 2218 2970 2264 est
3017 2208 3164 2263 hoc?
3203 2208 3422 2262 Mutatio
3461 2209 3659 2278 quippe

2067 2304 2228 2358 autin
2253 2303 2401 2372 pejus
2429 2311 2530 2364 est,
2563 2310 2655 2354 aut
2680 2301 2733 2355 in
2761 2300 2970 2355 melius.
2996 2299 3055 2356 Si
3078 2315 3205 2370 ergo
3230 2301 3400 2370 posita
3427 2309 3511 2354 est
3537 2316 3658 2353 mu-

2070 2395 2218 2458 tatio,
2238 2403 2293 2447 ut
2309 2392 2542 2446 nondum
2558 2391 2832 2446 videamus
2851 2391 3023 2462 qualis
3049 2391 3172 2456 erit,
3191 2401 3364 2444 utrum
3386 2391 3434 2444 in
3457 2390 3655 2460 aliquid

2069 2485 2279 2549 melius,
2303 2499 2368 2537 an
2399 2484 2449 2537 in
2478 2482 2678 2552 aliquid
2702 2483 2936 2536 deterius
2966 2501 2979 2536 :
3008 2497 3138 2553 ergo
3165 2491 3433 2550 sequatur,
3465 2490 3517 2536 et
3546 2482 3660 2550 ipse

2070 2584 2301 2643 exponat
2332 2589 2346 2636 ;
2395 2571 2520 2642 quid
2561 2572 2714 2626 nobis
2743 2580 2823 2626 cst
2852 2571 3109 2640 suSpicari
3137 2571 3159 2624 ?
3199 2571 3263 2624 Et
3306 2571 3527 2624 fortasse
3558 2571 3658 2624 bu-

2071 2682 2226 2720 tnana
2256 2664 2559 2734 suspicione
2590 2662 2693 2717 labi
2726 2663 2777 2716 in
2813 2677 3050 2716 errorem
3081 2670 3132 2715 te
3176 2675 3280 2716 non
3323 2663 3577 2730 permittit
3606 2662 3658 2715 in

2071 2757 2402 2826 conjecturas
2451 2765 2566 2811 tuas
2601 2755 2889 2824 apostolica
2916 2753 3225 2818 auctoritas,
3256 2764 3310 2807 et
3338 2753 3437 2806 hoc
3464 2753 3661 2823 liquide

2072 2851 2325 2918 exponit,
2359 2847 2654 2918 cujusmodi
2701 2847 3047 2901 mutationem
3077 2847 3204 2900 velit
3232 2845 3473 2916 intelligi.
3522 2846 3658 2914 Quid

2071 2940 2248 3010 ergo?
2275 2938 2405 2994 Cum
2448 2938 2685 3002 dixisset,
2721 2936 2909 2991 Omnes
2973 2953 3307 3007 resurgemns,
3355 2953 3456 2990 non
3499 2946 3662 2990 tanien

2072 3047 2242 3085 omnes
2280 3029 2656 3082 imnmtabimur
2694 3044 2714 3083 :
2755 3026 2910 3081 video
2947 3041 3135 3081 omnes
3185 3036 3576 3081 resurrecturus
3610 3036 3665 3080 et

2071 3122 2241 3176 bonos
2269 3131 2321 3175 et
2341 3121 2508 3174 malos
2536 3136 2551 3185 ;
2574 3119 2668 3175 sed
2690 3119 2777 3189 qui
2804 3119 3254 3183 immutabuutur,
3273 3117 3544 3173 videamus
3571 3135 3585 3182 ;
3609 3128 3664 3172 et

2074 3213 2198 3267 hinc
2228 3213 2579 3283 intelligamus
2608 3212 2976 3276 mutationem,
3012 3219 3190 3264 utrum
3219 3211 3270 3264 in
3295 3210 3485 3264 melius
3513 3226 3578 3263 an
3608 3211 3660 3262 in

2073 3303 2306 3358 deterius
2333 3303 2401 3356 sit
2433 3302 2626 3356 futura.
2651 3301 2707 3355 Si
2734 3301 2874 3355 enim
2900 3301 3160 3355 malorum
3184 3309 3266 3354 est
3290 3301 3387 3353 ista
3417 3300 3658 3361 mutatio,

2077 3394 2128 3447 in
2160 3393 2348 3462 pejus;
2377 3393 2421 3446 si
2448 3399 2625 3446 autem
2655 3394 2938 3455 bonorum,
2978 3390 3028 3444 in
3067 3390 3254 3444 melius
3279 3391 3398 3444 erit.
3442 3388 3511 3442 In
3547 3398 3660 3441 ato-

2075 3501 2178 3550 mo,
2203 3485 2393 3554 inquit,
2421 3484 2472 3536 in
2503 3484 2604 3536 ictu
2631 3482 2784 3549 oculi,
2808 3482 2860 3535 in
2889 3481 3158 3536 novissima
3184 3480 3322 3534 tuba.
3346 3481 3500 3534 Canet
3528 3482 3662 3533 enim

2076 3579 2215 3643 tuba,
2257 3586 2303 3630 et
2343 3576 2527 3630 mortui
2551 3584 2807 3647 resurgent
2846 3573 3144 3642 incorrupti,
3182 3583 3228 3627 et
3253 3589 3343 3626 nos
3371 3571 3662 3624 immutabi-

2077 3687 2209 3724 mur.
2237 3669 2354 3724 Jam
2395 3683 2522 3739 ergo
2566 3668 2617 3722 in
2648 3667 2836 3722 melius
2865 3667 2966 3721 erit
3005 3667 3103 3721 ista
3147 3666 3387 3726 mutatio,
3421 3679 3541 3718 cum
3582 3666 3662 3718 tli-

2077 3763 2166 3827 cit,
2194 3761 2261 3814 Et
2282 3777 2373 3815 nos
2397 3759 2772 3814 immutabitnur
2801 3775 2819 3812 :
2842 3759 2937 3813 scd
2978 3757 3212 3813 nondum
3239 3771 3551 3826 expressum
3579 3764 3663 3811 est

2077 3862 2330 3926 quantum
2353 3851 2575 3920 exprimi
2604 3850 2857 3919 oportuit,
2899 3864 3175 3919 quousque
3201 3863 3394 3920 corpus
3414 3856 3656 3903 nostrmn

2077 3954 2434 4002 commutatur
2458 3945 2510 3998 in
2541 3943 2753 3998 melius.
2782 3941 2916 4011 Quid
2963 3951 3044 3996 est
3073 3942 3243 4011 ipsum
3278 3941 3489 4007 melius,
3533 3955 3665 3996 nou-

2079 4039 2204 4094 dum
2231 4039 2430 4093 dictum
2457 4044 2558 4092 est.
2586 4035 2718 4090 Nam
2742 4046 2796 4091 et
2820 4034 2888 4090 ab
2917 4032 3134 4088 infantia
3167 4035 3221 4087 in
3250 4033 3663 4090 adolescentiam

2078 4145 2199 4185 cum
2232 4137 2482 4193 mutatur,
2516 4134 2694 4196 potest
2745 4125 2852 4180 dici
2896 4125 2945 4178 in
2989 4123 3179 4178 melius
3212 4125 3548 4190 commutari,
3576 4123 3664 4178 ubi

2079 4220 2176 4274 etsi
2208 4220 2384 4274 minus
2413 4218 2699 4281 inlirmum,
2727 4215 2901 4271 adhuc
2930 4223 3105 4269 tamen
3142 4213 3408 4268 infirmum
3435 4222 3490 4268 et
3515 4228 3664 4268 mo:-

2080 4313 2184 4368 tale
2205 4321 2304 4366 est.

2149 4423 2375 4480 CAPUT
2405 4423 2564 4478 XVII.
2595 4452 2666 4462 —
2689 4421 2780 4476 20.
2811 4420 3048 4476 Celeritas
3095 4421 3492 4476 resurrectionis.
3541 4422 3664 4475 Ato-

2082 4533 2213 4581 mus,
2263 4515 2406 4585 quid.
2462 4515 2669 4568 Atomus
2711 4513 2764 4566 in
2817 4528 3042 4582 corpore.
3073 4511 3282 4565 Atomus
3332 4513 3383 4565 in
3424 4522 3661 4581 tempore.

2083 4605 2222 4660 Ictus
2250 4605 2563 4680 oculi.lErgo
2603 4602 2804 4676 singula
2849 4603 3152 4672 diligentius
3206 4611 3573 4656 retractemus.
3603 4601 3664 4654 In

2083 4710 2280 4763 atomo,
2314 4697 2502 4766 inquit.
2551 4693 2775 4748 Difficile
2796 4693 3003 4749 videtur
3039 4693 3344 4748 hominibus
3381 4709 3664 4764 resurgere

2083 4797 2365 4844 mortuos:
2397 4785 2488 4841 sed
2532 4785 2726 4840 mirum
2770 4794 2853 4840 est
2894 4783 3344 4854 quemadmodum
3384 4784 3667 4839 abstulerit

2084 4881 2372 4950 Apostolus
2400 4892 2588 4933 omnes
2633 4877 2888 4948 ancipites
2938 4876 3274 4930 difficultates
3305 4875 3373 4930 de
3417 4876 3668 4930 cordibus

2086 4971 2339 5025 fidelium.
2370 4969 2510 5024 Dicis
2555 4977 2642 5034 tu,
2681 4967 2794 5022 Non
2829 4975 3112 5037 resurgunt
3146 4966 3337 5020 mortui
3373 4984 3384 5020 :
3419 4982 3518 5036 ego
3558 4983 3663 5021 non

2086 5063 2258 5116 solum
2290 5075 2567 5130 resurgere
2589 5068 2855 5112 mortuum
2882 5057 3006 5112 dico
3026 5098 3041 5122 ,
3069 5056 3162 5111 sed
3191 5066 3330 5110 tanta
3356 5057 3628 5112 celeritate
3650 5100 3667 5124 ,

2087 5163 2279 5226 quanta
2303 5169 2404 5206 non
2435 5160 2724 5220 conceptus
2745 5160 2799 5204 et
2820 5159 2979 5203 natus
3005 5164 3084 5202 es.
3128 5147 3333 5214 Quanta
3361 5148 3502 5203 enim
3523 5164 3665 5201 mora

2088 5259 2170 5303 est
2188 5256 2244 5301 ut
2260 5245 2522 5300 formetur
2537 5243 2697 5298 homo
2715 5244 2766 5297 in
2789 5252 2961 5305 utero,
2981 5251 3037 5296 ut
3065 5242 3455 5311 perliciatur,ut
3481 5257 3634 5295 nasca
3649 5272 3668 5282 -

2091 5347 2192 5402 tur,
2225 5346 2280 5391 ut
2301 5344 2514 5391 aetatum
2540 5333 2879 5389 successione
2906 5333 3228 5388 roboretur?
3250 5332 3510 5402 Numquid
3537 5333 3669 5386 forte

2088 5431 2165 5484 sic
2182 5436 2576 5484 resurrecturus
2594 5423 2838 5480 est?Non
2866 5441 2878 5477 :
2902 5424 2995 5478 sed
3013 5424 3065 5476 in
3091 5434 3281 5488 atomo,
3307 5424 3494 5493 inquit.
3524 5422 3666 5476 Multi

2091 5523 2332 5576 nesciunt
2359 5517 2483 5590 quid
2513 5518 2584 5574 sit
2627 5527 2856 5572 atomus.
2887 5517 3112 5571 Atomus
3154 5517 3325 5571 dictus
3362 5527 3492 5570 csta
3525 5529 3666 5582 τομή,

2090 5611 2230 5682 quod
2257 5619 2339 5665 est
2362 5610 2531 5664 sectio
2557 5627 2570 5664 :
2597 5613 2781 5676 ἄτομος
2802 5623 2974 5678 grzcce
2992 5608 3130 5677 quod
3149 5607 3318 5662 secari
3347 5624 3451 5663 non
3477 5618 3669 5677 potest.

2090 5703 2194 5760 Sed
2226 5701 2417 5757 dicitur
2432 5709 2641 5755 atomus
2664 5701 2715 5755 in
2745 5715 3000 5770 corpore,
3030 5699 3291 5753 dicituriu
3318 5709 3577 5768 tempore.
3614 5699 3670 5753 In

2095 5809 2316 5865 corpore
2347 5793 2560 5861 dicitur,
2594 5792 2636 5846 si
2683 5791 2807 5863 quid
2836 5791 3059 5846 inveniri
3089 5799 3263 5860 potest
3289 5789 3428 5861 quod
3451 5789 3673 5862 quidem
