4026 6186
265 364 409 428 1625

257 483 427 542 dividi
481 497 586 537 non
639 494 796 550 posse
837 476 1164 548 psrltibetur,
1220 474 1596 545 corpusculum
1644 471 1855 544 aliquod

258 589 370 632 tam
401 575 684 634 minutum,
732 579 788 624 ut
823 569 933 639 jam
963 583 1066 623 non
1099 568 1293 623 habeat
1320 567 1408 622 ubi
1449 565 1620 620 secari
1665 565 1851 636 possit.

261 670 491 723 Atomus
512 672 687 718 autem
711 662 762 716 in
789 670 1029 730 tempore
1047 668 1370 714 momentum
1399 667 1482 712 est
1512 657 1694 724 breve,
1713 655 1853 727 quod

257 761 367 828 jam
397 771 505 812 non
544 754 705 809 habet
749 751 838 806 ubi
884 751 1168 806 dividatur.
1199 749 1354 806 Verbi
1381 749 1571 820 gratia,
1624 757 1678 802 ut
1726 760 1852 818 pos-

259 853 371 906 sint
400 850 561 906 etiam
615 846 776 903 corda
821 845 1054 900 tardiora
1107 861 1300 914 capere
1339 844 1479 914 quod
1521 844 1642 898 dico
1675 861 1688 896 :
1718 842 1851 911 lapis

259 953 381 1006 est;
410 937 588 994 divide
609 953 728 992 eum
753 938 803 992 in
835 943 1036 1006 partes,
1072 945 1125 991 et
1172 945 1349 1004 partes
1389 936 1531 1004 ipsas
1579 934 1756 989 divide
1794 933 1848 988 in

262 1031 494 1102 lapillos.
523 1029 732 1098 lapillos
755 1027 968 1096 quidem
999 1028 1050 1080 in
1080 1042 1243 1096 grana
1266 1067 1279 1089 ,
1314 1025 1474 1081 veluti
1500 1034 1623 1078 sunt
1648 1039 1845 1088 areum,

259 1134 554 1190 rursusque
593 1119 705 1187 ipsa
735 1131 911 1170 arenae
939 1131 1102 1186 grana
1129 1115 1306 1170 divide
1338 1115 1390 1168 in
1434 1113 1847 1169 minutissimum

260 1213 558 1282 pulverem,
589 1209 758 1264 donec
779 1209 822 1263 si
855 1208 1021 1277 possit
1046 1207 1323 1276 pervenias
1343 1206 1407 1260 ad
1429 1206 1657 1276 aliquam
1679 1207 1850 1259 minu-

265 1305 416 1368 tiam,
435 1303 610 1374 qualis
630 1301 740 1372 jam
773 1300 934 1354 dividi
963 1315 1067 1354 non
1097 1309 1289 1370 potest.
1317 1299 1439 1354 llmc
1458 1307 1764 1354 estalomns
1797 1299 1848 1352 in

257 1395 597 1465 corporibus.
649 1393 705 1448 In
740 1399 979 1460 tempore
1009 1408 1136 1448 vero
1166 1393 1243 1446 sie
1283 1391 1608 1461 intelligitur.
1641 1391 1846 1452 Annus,

260 1487 412 1544 verbi
450 1487 642 1559 gratia,
683 1487 938 1542 dividitur
966 1487 1017 1540 in
1045 1500 1278 1550 menses,
1303 1499 1515 1540 menses
1543 1482 1850 1537 dividuntur

260 1583 312 1635 in
347 1580 494 1643 dies,
526 1580 640 1634 dies
675 1579 852 1636 adhuc
903 1579 957 1634 in
997 1577 1158 1633 horas
1193 1576 1354 1632 dividi
1391 1587 1645 1646 possunt,
1701 1573 1849 1628 hora:

259 1670 438 1726 adhuc
482 1671 536 1724 in
593 1680 770 1740 partes
834 1671 1088 1725 horarum
1135 1667 1390 1738 quasdam
1447 1665 1842 1736 productiorcs,

259 1777 381 1834 qua:
403 1760 694 1815 admittunt
711 1761 1023 1828 divisiones,
1043 1774 1320 1830 quousque
1343 1757 1526 1812 venias
1549 1757 1615 1812 ad
1646 1764 1847 1810 tantum

259 1854 520 1924 temporis
561 1865 845 1924 punctum,
891 1862 946 1909 et
993 1851 1275 1923 quamdam
1307 1852 1562 1907 momenti
1610 1850 1804 1906 stillam
1830 1890 1846 1916 ,

261 1954 317 1999 ut
339 1961 436 2016 per
462 1945 662 1999 nullam
693 1945 954 2000 morulam
1006 1943 1226 2015 produci
1258 1944 1442 2014 possit,
1475 1951 1530 1998 et
1573 1937 1697 1997 ideo
1736 1941 1848 2012 jam

261 2036 426 2090 dividi
454 2051 559 2090 non
587 2037 754 2107 possit
786 2055 798 2090 :
832 2035 947 2090 haec
969 2044 1052 2090 est
1074 2043 1283 2090 atomus
1313 2035 1588 2104 temporis.
1619 2034 1847 2089 Dicebas

260 2143 390 2198 ergo
409 2141 518 2182 non
549 2143 827 2196 resurgere
855 2137 1095 2182 [1101⁸11108
1129 2145 1142 2180 ζ
1176 2143 1280 2181 non
1327 2127 1499 2182 solum
1538 2135 1844 2195 resurgunt,

263 2218 354 2273 sed
380 2227 525 2274 tanta
551 2218 825 2275 celeritate
846 2226 1165 2289 resurgunt,
1196 2227 1252 2273 ut
1292 2219 1346 2274 in
1393 2229 1570 2274 atomo
1598 2219 1850 2290 temporis

266 2308 438 2364 futura
471 2311 536 2364 sit
566 2311 804 2364 omnium
837 2311 1155 2365 resurrectio
1185 2319 1536 2364 mortuorum.
1759 2360 1766 2364 .

331 2399 563 2456 CAPUT
602 2399 784 2455 XVIII.
805 2399 965 2455 —Et
990 2416 1262 2469 exponens
1294 2401 1386 2454 tibi
1413 2402 1574 2454 atomi
1603 2401 1852 2456 celerita-

268 2501 408 2557 tem,
459 2506 583 2544 cum
622 2490 882 2556 dixisset,
929 2491 980 2543 in
1032 2499 1220 2557 atomo,
1278 2489 1520 2560 adjunxit
1575 2492 1848 2558 continuo,

265 2594 520 2655 quantum
550 2582 663 2638 ﬁeri
690 2583 856 2653 possit
881 2582 1106 2637 actionis
1128 2598 1191 2638 ac
1221 2592 1394 2636 motus
1426 2583 1477 2638 in
1506 2593 1684 2637 atomo
1715 2593 1850 2638 tem-

266 2676 442 2744 poris,
481 2672 547 2727 In
568 2675 668 2727 ictu
696 2674 830 2727 oculi
859 2674 951 2726 ait.
983 2673 1151 2728 Seivit
1180 2673 1322 2728 enim
1352 2672 1580 2728 obscure
1618 2673 1850 2736 dixisse.

263 2770 314 2820 in
338 2779 539 2833 atomo,
568 2776 619 2821 et
643 2767 851 2835 planius
870 2767 1050 2820 dicere
1075 2765 1242 2819 voluit
1263 2765 1402 2834 quod
1431 2765 1636 2820 facilius
1660 2766 1853 2820 intelli-

260 2869 495 2930 geretur.
545 2857 683 2924 Quid
728 2866 812 2912 est
863 2857 997 2912 ictus
1043 2856 1221 2911 oculi?
1268 2855 1384 2911 Non
1431 2872 1536 2926 quo
1590 2857 1854 2927 palpebris

261 2951 564 3006 claudimus
611 2951 826 3004 oculum
891 2949 973 3003 vel
1024 2949 1335 3019 aperimus:
1369 2949 1462 3004 sed
1514 2949 1673 3002 ictum
1727 2948 1854 3003 dicit

261 3043 401 3098 oculi
429 3041 776 3098 emissionem
804 3040 1071 3095 radiorum
1099 3039 1164 3092 ad
1187 3039 1384 3109 aliquid
1404 3039 1726 3094 cernendum
1752 3039 1850 3108 (a).

261 3133 382 3189 Mox
413 3134 560 3188 enim
583 3143 641 3187 ut
668 3133 963 3204 conjcceris
985 3140 1256 3201 aspectum
1283 3175 1296 3192 .
1326 3133 1556 3187 emiSsus
1583 3131 1764 3187 radius
1801 3133 1855 3186 in

260 3225 459 3281 calum
489 3225 748 3294 pervenit,
782 3224 870 3278 ubi
900 3223 1068 3279 solem
1099 3233 1152 3277 et
1191 3223 1372 3276 lunam
1401 3232 1451 3277 et
1477 3223 1659 3277 stellas
1685 3233 1740 3277 et
1778 3223 1854 3276 si-

263 3315 390 3370 dera
415 3324 753 3378 contuemnr,
790 3324 894 3367 tam
935 3313 1197 3368 immenso
1232 3313 1510 3368 intervallo
1537 3329 1567 3366 a
1595 3321 1736 3368 terra
1770 3330 1855 3368 se-

262 3415 468 3478 parata.
496 3407 700 3462 Tubatn
728 3423 854 3463 vero
879 3408 1244 3475 novissimam,
1274 3409 1482 3479 signum
1509 3409 1855 3462 novissimum

253 3497 412 3554 dicit.
442 3497 604 3553 Canet
648 3499 799 3563 enim,
847 3500 1042 3570 intjuit,
1083 3499 1221 3566 tuba,
1271 3511 1318 3554 et
1366 3501 1552 3555 mortui
1593 3511 1856 3570 resurgant

265 3590 568 3659 incorrupti,
600 3599 648 3643 et
689 3607 780 3644 nos
836 3590 1230 3645 immutabimur.
1280 3590 1390 3648 Nos
1436 3593 1616 3661 utique
1667 3591 1857 3647 fideles

266 3681 419 3746 dixit,
450 3693 506 3737 et
533 3682 736 3750 priores
765 3693 1104 3753 resurgentes
1125 3685 1191 3738 ad
1222 3684 1381 3738 vitam
1410 3693 1686 3738 teternam.
1718 3685 1857 3754 Ergo

267 3771 353 3826 illa
385 3771 643 3836 mutatio,
673 3772 795 3842 quia
845 3773 1054 3842 piorum
1108 3784 1269 3844 atque
1319 3784 1625 3829 sanctorum
1655 3785 1734 3832 est
1755 3818 1770 3844 ,
1805 3777 1854 3832 in

266 3862 460 3918 melius
485 3862 612 3926 erit,
642 3876 747 3916 non
775 3862 826 3916 in
853 3863 1109 3918 deterius.

333 3953 429 4009 21.
460 3953 761 4008 [inmutatio
788 3964 1075 4009 sanctorum
1096 3956 1148 4009 in
1175 3964 1534 4012 resurrectione
1557 3961 1719 4026 qualis
1740 3961 1853 4012 erit.

270 4043 401 4100 Caro
422 4055 470 4100 et
502 4047 710 4117 sanguis
737 4049 939 4117 proprie
965 4049 1302 4119 corruptionis
1329 4059 1378 4104 et
1409 4051 1730 4104 mortalitatis
1759 4068 1856 4104 no-

271 4140 426 4192 mina.
458 4139 566 4195 Sed
593 4155 712 4208 qua:
739 4149 820 4194 est
848 4140 945 4195 ista
977 4141 1240 4195 mutatio?
1267 4142 1394 4212 quid
1422 4154 1505 4198 est
1545 4143 1672 4198 illud
1716 4143 1858 4213 quod

271 4234 365 4298 ait,
398 4232 834 4288 Immutabimur?
879 4235 1094 4306 Species
1138 4237 1398 4290 amittitur
1421 4253 1538 4308 qum
1569 4253 1712 4294 nunc
1734 4246 1853 4302 est,

272 4340 338 4379 an
360 4326 473 4380 sola
502 4326 796 4395 corruptio,
828 4337 1046 4397 preptcr
1087 4328 1138 4382 id
1165 4329 1308 4398 quod
1335 4329 1532 4384 dictum
1583 4340 1684 4395 est,
1727 4329 1860 4385 Caro

272 4425 316 4468 et
334 4416 543 4487 sanguis
557 4433 766 4486 regnum
784 4415 880 4471 Dei
905 4419 1159 4488 possidere
1182 4436 1281 4473 non
1304 4431 1543 4492 possunt;
1570 4437 1729 4491 neque
1749 4437 1836 4475 car

274 4506 442 4574 ruptio
467 4507 897 4577 incorruptionem
945 4509 1236 4564 liwreditate
1275 4510 1583 4580 possidebit?
1612 4511 1762 4580 Quod
1796 4528 1861 4567 ne

274 4597 572 4654 auditorem
602 4608 842 4655 moveret
879 4600 946 4654 ad
977 4601 1365 4673 desperandam
1417 4605 1592 4659 carnis
1625 4620 1863 4660 resurre-

274 4690 506 4744 ctionem
523 4730 538 4755 ,
570 4690 828 4760 subjecit,
859 4691 988 4746 Ecce
1015 4694 1304 4763 mysterium
1332 4695 1468 4750 vobis
1512 4695 1624 4750 dico
1647 4713 1666 4751 :
1690 4713 1862 4752 omnes

275 4799 596 4853 resurgemus
615 4823 631 4848 ,
657 4785 748 4837 sed
774 4801 873 4838 non
919 4802 1090 4840 omnes
1128 4787 1522 4842 immutabimur.
1556 4791 1620 4844 Et
1667 4806 1733 4844 uc
1761 4807 1860 4860 pug-

278 4881 516 4933 taremus
563 4873 990 4932 immutationem
1042 4877 1094 4931 in
1134 4878 1287 4948 pejus
1342 4879 1568 4935 futuram
1601 4898 1614 4933 :
1648 4892 1702 4936 et
1739 4897 1858 4949 nos,

278 4965 475 5036 inquit,
503 4968 902 5023 immutabimur.
937 4970 1121 5026 Restat
1146 4987 1274 5042 ergo
1305 4981 1360 5026 ut
1383 4971 1526 5029 dicat
1559 4974 1729 5043 qualis
1757 4975 1860 5028 im-

278 5057 503 5111 mutatio
527 5055 698 5112 futura
713 5059 800 5112 sit.
819 5059 1028 5129 Oportet
1045 5062 1176 5114 enim
1197 5062 1291 5115 hoc
1309 5064 1652 5134 corruptibilc,
1668 5065 1857 5135 inquit,

275 5149 488 5202 induere
513 5148 962 5220 incorruptionem,
981 5161 1026 5205 et
1042 5155 1252 5208 mortale
1269 5155 1362 5208 hoc
1381 5155 1587 5209 induere
1601 5157 1865 5210 immorta-

276 5237 494 5291 litutem.
523 5238 579 5294 Si
610 5242 955 5311 corruptibile
986 5242 1088 5298 hoc
1131 5243 1380 5300 induetur
1427 5247 1825 5317 incorruptione
1845 5288 1861 5314 ,

277 5339 333 5384 et
363 5331 600 5386 mortale
623 5332 725 5388 hoc
754 5334 1003 5390 induetur
1032 5336 1458 5404 immortalitate;
1495 5341 1605 5409 jam
1635 5357 1737 5396 non
1764 5343 1867 5397 erit

276 5421 645 5492 corruptibilis
669 5437 816 5478 caro.
841 5423 897 5480 Si
925 5441 1050 5497 ergo
1072 5443 1177 5482 non
1199 5429 1303 5482 erit
1331 5432 1690 5500 corruptibilis
1715 5448 1860 5496 caro,

279 5515 518 5570 cessabit
546 5531 740 5571 nomen
785 5520 1142 5588 corruptionis
1181 5521 1232 5573 in
1279 5536 1438 5577 carne
1486 5531 1540 5578 et
1585 5525 1863 5595 sanguine,

278 5608 518 5662 cessabit
554 5610 713 5665 etiam
743 5627 936 5666 nomen
969 5614 1238 5684 proprium
1265 5617 1442 5672 carnis
1468 5626 1522 5673 et
1561 5619 1864 5689 sanguinis;

282 5701 406 5770 quia
432 5703 774 5759 mortalitatis
823 5714 950 5760 sunt
1003 5705 1100 5761 ista
1151 5709 1384 5764 nomina.
1417 5710 1476 5786 Et
1507 5710 1548 5766 si
1575 5711 1643 5766 ita
1677 5717 1778 5769 est.
1816 5714 1870 5761 et

344 5810 425 5874 (α)
451 5813 567 5865 vide
589 5828 748 5879 supra,
778 5831 927 5868 serm.
953 5818 1062 5883 277,
1088 5833 1190 5881 cap.
1221 5823 1295 5871 10.

1658 353 1884 417 8811110
1925 357 2210 416 CCCLX".

2991 445 2994 448 ,
3414 380 3548 433 tum

1961 489 2087 530 caro
2112 487 2386 548 resurget,
2417 489 2468 534 et
2498 483 2617 550 quia
2667 481 2972 540 iunnutatur
3001 501 3054 542 et
3099 498 3154 542 nt
3215 493 3542 563 incorrupta,

1961 585 2079 623 caro
2124 579 2168 624 et
2205 573 2408 643 sanguis
2438 590 2644 643 regnum
2683 573 2776 630 Dei
2814 595 2914 632 non
2959 581 3250 649 possidebit.
3293 583 3444 650 Quod
3489 590 3534 642 si

1962 660 2102 715 illam
2131 661 2551 719 immutationem
2583 667 2634 721 in
2670 668 2749 722 eis
2784 669 2976 740 aliquis
3016 673 3315 745 intelligere
3358 677 3530 734 volne-

1958 751 2059 814 rit,
2083 767 2214 822 quos
2242 762 2365 809 tunc
2393 755 2566 811 adhuc
2609 761 2758 814 vivos
2790 761 2876 816 ille
2917 761 3034 818 dies
3084 764 3396 821 inventurus
3418 778 3536 833 est;

1958 849 2016 895 ut
2043 843 2128 911 qui
2151 843 2260 912 jam
2292 848 2485 901 mortui
2513 857 2684 914 erant,
2709 863 3010 922 resurgant,
3045 857 3132 924 qui
3160 867 3334 911 autem
3363 858 3539 914 adhuc

1956 937 2158 1001 vivunt,
2193 938 2568 1008 immutentur;
2602 953 2659 996 ιιι
2705 959 2889 998 eorum
2930 962 3211 1016 personam
3237 953 3540 1020 suscepisse

1955 1028 2203 1083 credatur
2249 1032 2554 1098 Apostolus,
2585 1049 2706 1087 cum
2750 1037 2842 1098 ait,
2881 1035 2943 1089 Et
2975 1056 3067 1091 nos
3111 1041 3488 1096 immutabimur
3519 1056 3537 1097 :

1955 1119 2142 1173 eadem
2173 1130 2345 1174 tamen
2377 1122 2513 1175 ratio
2543 1135 2917 1193 consequetur,
2947 1128 3065 1196 quia
3096 1129 3177 1182 illa
3209 1131 3538 1200 incorrupt’o

1953 1207 2020 1262 ad
2050 1223 2237 1263 omnes
2272 1207 2450 1280 utique
2481 1213 2766 1282 pertinebit
2789 1255 2802 1276 ,
2835 1232 2949 1268 cum
2977 1219 3301 1288 corruptibile
3331 1223 3424 1274 hoc
3456 1222 3537 1274 in-

1955 1298 2070 1352 duet
2095 1300 2539 1370 incorruptionem,
2571 1315 2615 1358 et
2645 1307 2854 1360 mortale
2900 1307 2992 1360 hoc
3033 1309 3203 1362 induet
3231 1311 3533 1366 immortali-

1955 1398 2127 1444 tatem.
2169 1390 2312 1444 Tunc
2352 1394 2437 1460 ﬁet
2479 1411 2642 1448 sermo
2671 1397 2758 1461 qui
2783 1398 3000 1467 scriptus
3049 1408 3148 1462 est,
3190 1399 3436 1470 Absorpta
3463 1412 3532 1454 est

1955 1497 2088 1536 mors
2111 1482 2168 1535 in
2196 1483 2476 1537 victoriam.
2511 1485 2609 1540 Ubi
2651 1497 2757 1551 est,
2814 1505 2969 1552 mors,
3001 1491 3252 1543 contentio
3297 1490 3427 1543 tua?
3453 1491 3538 1543 ubi

1953 1580 2045 1637 est,
2075 1589 2230 1639 mors,
2253 1575 2458 1628 aculeus
2485 1578 2639 1630 tuus?
2665 1578 2870 1648 Corpus
2892 1591 3064 1634 autem
3094 1580 3230 1650 quod
3257 1582 3364 1650 jam
3390 1599 3535 1636 mor-

1956 1663 2059 1719 tale
2103 1682 2206 1719 non
2235 1674 2346 1729 est,
2394 1685 2497 1723 non
2545 1672 2758 1742 proprie
2811 1671 3005 1727 dicitur
3051 1689 3176 1728 caro
3203 1684 3258 1728 et
3287 1677 3531 1745 sanguis,

1953 1774 2071 1826 qua:
2102 1768 2310 1814 terrena
2355 1770 2480 1816 sunt
2508 1778 2729 1831 corpora
2757 1763 2886 1818 :sed
2917 1779 3110 1834 corpus
3149 1766 3361 1830 dicitur,
3393 1767 3536 1837 quod

1948 1849 2057 1919 jam
2085 1852 2304 1908 caeleste
2346 1852 2448 1906 dici
2498 1862 2690 1922 potest.
2739 1854 2887 1910 Sicut
2930 1855 3068 1910 idem
3113 1857 3385 1926 apostolus
3414 1873 3535 1912 cum

1952 1939 2154 1996 diceret
2183 1943 2250 1997 de
2289 1943 2526 1997 carnium
2568 1943 2862 1998 diﬂerentia
2895 1963 2908 1998 :
2945 1945 3067 2000 Non
3113 1947 3300 2013 omnis,
3334 1947 3535 2017 inquit.

1953 2049 2072 2084 caro
2089 2033 2258 2086 eadem
2272 2050 2409 2088 caro.
2425 2033 2541 2088 Alia
2563 2034 2760 2106 quidem
2777 2045 2846 2089 est
2863 2036 3142 2104 hominum,
3163 2039 3266 2092 alia
3279 2055 3533 2109 pecorum,

1953 2124 2058 2177 alia
2071 2125 2302 2195 piscium,
2323 2127 2426 2180 alia
2449 2127 2725 2190 volucrum,
2745 2127 2848 2181 alia
2859 2134 3184 2200 serpentium.
3214 2131 3276 2184 Et
3303 2149 3536 2202 corpora,

1957 2215 2124 2286 inquit
2142 2260 2156 2284 ,
2187 2219 2437 2286 caelestia,
2470 2229 2516 2273 et
2545 2237 2758 2287 corpora
2785 2223 3036 2276 terrestria
3067 2224 3084 2293 (
3101 2225 3114 2277 Ι
3133 2224 3248 2278 Cor.
3279 2243 3368 2284 xv.
3397 2227 3464 2282 59
3491 2237 3541 2280 ct

1955 2308 2069 2377 55).
2093 2307 2249 2362 Nullo
2263 2309 2420 2363 modo
2436 2319 2614 2365 autem
2636 2312 3034 2367 diceretcarnes
3053 2316 3298 2369 cmlestes
3315 2332 3329 2380 ;
3347 2333 3535 2387 qnam-

1957 2399 2037 2452 vis
2062 2415 2248 2454 carnes
2276 2400 2481 2469 possint
2507 2401 2608 2456 dici
2639 2417 2884 2471 corpora,
2919 2403 3012 2456 sed
3038 2405 3330 2458 terrestria.
3353 2407 3536 2460 Omnis

1956 2491 2098 2544 cnim
2147 2507 2270 2545 caro
2324 2508 2519 2561 COI‘plIS
2573 2501 2823 2548 estznon
2887 2503 3063 2549 autem
3129 2510 3288 2550 omne
3346 2511 3538 2568 corpus

1956 2594 2118 2634 caro:
2154 2595 2256 2635 neu
2308 2583 2478 2636 solum
2521 2583 2640 2652 quia
2687 2583 2908 2639 cccleste
2955 2599 3148 2654 corpus
3189 2601 3292 2638 non
3343 2585 3537 2641 dicitur

1957 2686 2081 2725 caro
2102 2712 2116 2736 ,
2144 2671 2236 2725 sed
2277 2673 2434 2726 etiam
2465 2673 2703 2742 qumdam
2728 2674 2839 2743 ipsa
2877 2676 3146 2730 terrestria
3171 2718 3185 2741 ,
3234 2676 3369 2730 sicut
3397 2677 3536 2746 ligna

1958 2773 2010 2818 et
2041 2764 2272 2832 lapides,
2327 2775 2381 2821 et
2416 2766 2458 2820 si
2491 2767 2614 2836 quid
2645 2767 2908 2835 ejusmodi
2943 2777 3042 2822 est.
3090 2768 3266 2822 Etiam
3292 2770 3369 2823 sic
3410 2783 3540 2839 ergo

1958 2871 2083 2910 caro
2110 2865 2161 2911 et
2185 2859 2399 2928 sanguis
2431 2875 2648 2928 rcgnmn
2682 2861 2771 2914 Dei
2797 2860 3070 2929 possidere
3113 2877 3217 2916 non
3279 2873 3496 2931 possunt
3525 2881 3538 2915 :

1959 2947 2078 3016 quia
2106 2963 2390 3018 resurgens
2413 2965 2537 3004 caro
2566 2951 2616 3005 in
2651 2951 2754 3006 tale
2793 2967 2988 3022 corpus
3021 2955 3454 3019 commutabitur,
3488 2955 3540 3008 in

1958 3053 2062 3108 quo
2085 3038 2192 3106 jam
2222 3056 2326 3094 non
2349 3041 2446 3095 erit
2475 3043 2712 3096 mortalis
2737 3044 3028 3114 corruptio,
3047 3054 3101 3099 et
3131 3054 3408 3116 propterea
3437 3062 3536 3102 nec

1959 3130 2135 3184 carnis
2155 3140 2208 3185 et
2237 3133 2509 3201 sanguinis
2545 3149 2762 3188 nomen.

2030 3223 2253 3280 CAPUT
2281 3225 2421 3280 XIX.
2443 3255 2515 3266 —-
2532 3226 2621 3280 9.2.
2653 3226 2814 3280 Error
2837 3228 3168 3297 quorumdam
3198 3229 3333 3282 circa
3361 3229 3542 3282 uerita-

1961 3325 2056 3369 tem
2081 3317 2476 3370 resurrectionis.
2532 3316 2638 3371 Sed
2686 3316 2975 3381 intendite,
3025 3317 3248 3382 fratres,
3296 3333 3543 3385 rogamus

1963 3421 2092 3470 vos;
2127 3421 2230 3459 non
2261 3415 2341 3460 est
2369 3421 2454 3460 res
2479 3405 2626 3474 parvi
2649 3406 2924 3474 pendenda
2948 3445 2962 3469 ,
2989 3405 3058 3460 de
3085 3405 3186 3461 lide
3215 3416 3394 3460 nostra
3428 3407 3543 3476 agi-

1964 3508 2082 3554 tur:
2112 3497 2322 3552 cuinon
2357 3507 2460 3551 tam
2492 3514 2520 3552 a
2552 3497 2775 3568 Paganis
2823 3497 3118 3553 cavendum
3163 3507 3278 3564 est,
3311 3512 3468 3569 quam
3511 3513 3543 3551 a

1961 3589 2272 3660 quibusdam
2296 3589 2578 3660 perversis,
2607 3589 2695 3660 qui
2718 3604 2775 3644 se
2798 3586 3130 3643 Christianos
3151 3588 3253 3643 dici
3289 3601 3340 3644 et
3371 3589 3540 3643 videri

1963 3683 2164 3736 volunt.
2201 3681 2314 3736 Non
2353 3681 2493 3736 enim
2534 3681 2755 3735 deerant
2791 3682 2952 3736 etiam
2991 3681 3090 3736 sub
3118 3681 3424 3751 Apostolis,
3453 3682 3542 3752 qui

1963 3773 2203 3828 dicerent
2244 3772 2689 3828 resurrectionem
2723 3772 2832 3842 jam
2872 3773 3063 3826 IacL'tm
3115 3787 3269 3838 csse,
3301 3783 3358 3827 et
3385 3773 3542 3827 tidem

1963 3865 2309 3936 quorumdam
2352 3873 2742 3934 perverterent,
2774 3863 2840 3918 de
2869 3864 3061 3933 quibus
3094 3864 3402 3932 Apostolus.
3439 3863 3542 3929 Qui

1963 3956 2096 4010 circa
2137 3957 2410 4021 veritatem,
2457 3955 2658 4024 inquit,
2687 3964 2996 4018 erraverunt,
3038 3955 3258 4008 dicentes
3308 3970 3539 4008 resurre-

1964 4048 2177 4101 ctionem
2193 4048 2304 4117 jam
2323 4051 2508 4118 factam
2528 4063 2667 4108 esse;
2691 4055 2737 4100 et
2758 4046 2908 4114 ﬁdem
2935 4045 3262 4116 quorumdam
3285 4045 3538 4099 subverte-

1962 4147 2081 4191 runt
2111 4137 2173 4206 (Il
2199 4137 2329 4191 Tim.
2356 4153 2412 4202 tt,
2457 4137 2568 4206 18).
2599 4136 2710 4191 Non
2741 4145 2917 4190 autem
2944 4146 3097 4190 vacat
3123 4137 3265 4206 quod
3297 4152 3401 4191 non
3432 4139 3502 4191 ait
3523 4181 3538 4204 ,

1963 4229 2007 4284 A
2041 4227 2258 4282 veritate
2303 4228 2714 4290 aberraverunt;
2757 4226 2887 4290 sed,
2943 4227 3078 4280 circa
3126 4227 3402 4289 ueritatem,
3435 4244 3538 4282 non

1967 4327 2141 4373 tamen
2173 4319 2448 4374 veritatem
2473 4326 2774 4374 tenuerunt.
2802 4317 2941 4372 Mors
2957 4334 3085 4388 ergo
3114 4319 3335 4381 tollitur,
3360 4328 3413 4373 ct
3437 4335 3541 4374 non

1971 4413 2072 4470 erit
2090 4411 2313 4483 quodam
2344 4411 2502 4467 modo
2527 4411 2696 4466 :sicut
2721 4411 3008 4480 Apostolus
3035 4413 3145 4477 ait,
3190 4412 3544 4467 Absorbebitur

1965 4504 2174 4556 mortale
2194 4519 2225 4555 a
2253 4503 2353 4556 vita
2398 4500 2464 4574 (Il
2499 4500 2616 4556 Cor.
2658 4518 2712 4566 v,
2745 4503 2820 4572 .I).
2850 4501 2938 4558 Sic
2964 4502 3104 4557 enim
3136 4503 3335 4558 dictum
3371 4513 3454 4559 est
3482 4514 3537 4559 et

1965 4591 2032 4648 de
2063 4593 2316 4658 Domino,
2348 4593 2470 4663 quia
2499 4591 2775 4661 deglutivit
2814 4602 3039 4647 mortem
3072 4591 3116 4663 (I
3146 4591 3283 4648 Petr.
3311 4610 3387 4656 Ill,
3414 4593 3532 4664 22).

1964 4683 2080 4738 Non
2109 4685 2249 4739 enim
2277 4684 2427 4753 quasi
2453 4683 2652 4738 recedit
2697 4698 2843 4738 mors
2889 4681 3092 4737 habens
3130 4683 3363 4754 aliquam
3412 4685 3542 4740 sub-

1965 4775 2212 4830 stantiam
2243 4789 2392 4828 suam
2425 4772 2558 4828 :sed
2588 4775 2638 4826 in
2685 4773 2800 4842 ipso
2836 4787 3065 4843 corpore
3095 4773 3184 4828 ubi
3231 4783 3378 4842 erat,
3421 4790 3544 4832 csa

1967 4867 2207 4932 desinet,
2234 4875 2292 4921 ut
2314 4866 2546 4936 speciem
2579 4866 2761 4920 videas
2780 4906 2796 4932 ,
2827 4868 3058 4936 speciem
3099 4877 3308 4934 teneas,
3339 4879 3553 4938 quaeras

1967 4959 2361 5028 corruptionem
2389 4965 2442 5012 et
2471 4958 2882 5022 mortalitatem,
2923 4970 2976 5014 et
3004 4974 3108 5014 non
3141 4961 3398 5014 invenias.
3430 4959 3547 5013 Dis—

1967 5052 2128 5108 cessit
2153 5066 2281 5122 ergo
2305 5051 2484 5121 aliquo
2509 5052 2822 5120 corruptio?
2861 5050 2976 5106 Non
3015 5069 3030 5104 :
3068 5053 3162 5107 sed
3191 5053 3262 5107 ibi
3296 5054 3552 5108 interem-

1969 5152 2058 5212 pta
2088 5151 2204 5206 est,
2235 5141 2307 5196 ibi
2348 5143 2597 5213 absorpta
2647 5151 2748 5198 est.
2790 5143 3076 5213 PrOpterea
3113 5159 3234 5198 cum
3283 5143 3544 5210 dixisset,

1973 5233 2183 5302 Oportet
2208 5235 2528 5303 corruptibile
2547 5235 2641 5289 hoc
2660 5235 2866 5288 induere
2879 5234 3326 5304 incorruptionem,
3349 5246 3396 5289 et
3414 5252 3550 5289 mor-

1972 5325 2072 5379 tale
2121 5325 2215 5378 ltoc
2266 5323 2689 5381 immortalitatem
2735 5324 2943 5378 induere
2970 5339 2988 5377 :
3014 5333 3130 5378 tunc
3181 5325 3285 5395 ﬁet,
3336 5325 3540 5395 inquit,

1971 5431 2132 5469 sermo
2157 5415 2243 5484 qui
2271 5414 2486 5484 scriptus
2513 5423 2605 5478 est,
2648 5413 2996 5483 Absorpta‘est
3024 5432 3157 5469 mors
3187 5416 3238 5469 in
3266 5416 3544 5470 uictoriam.

1976 5505 2075 5560 Ubi
2097 5516 2189 5572 est,
2221 5523 2378 5573 mors,
2423 5507 2674 5562 contentio
2699 5507 2825 5559 tua?
2870 5507 2956 5560 ubi
3002 5516 3094 5570 est,
3129 5524 3298 5572 mors,
3344 5510 3548 5563 aculeus

1975 5599 2128 5652 tuus?
2165 5598 2233 5652 Et
2258 5614 2363 5654 non
2393 5599 2486 5666 ait,
2519 5599 2768 5654 Discessit
2796 5613 2938 5654 mors
2967 5599 3018 5652 in
3061 5599 3333 5654 victoriam
3358 5616 3372 5664 ;
3415 5601 3509 5656 sed
3537 5644 3550 5665 ,

1976 5691 2224 5759 Absorpta
2263 5701 2334 5745 est
2366 5707 2500 5745 mors
2551 5691 2602 5743 in
2652 5691 2927 5744 victoriam.
2973 5691 3250 5760 Quomodo
3300 5708 3428 5764 ergo
3480 5693 3552 5749 illi

1977 5784 2114 5838 circa
2143 5783 2413 5838 veritatem
2455 5784 2872 5838 aberravcrunt?
2915 5783 3046 5852 Quia
3097 5799 3274 5840 veram
3304 5786 3556 5842 dixerunt
