3996 6192
449 275 587 332 ίι27

449 389 897 446 resurrectionem
931 403 1118 453 unam,
1149 385 1243 442 sed
1270 384 1428 440 aliam
1458 389 1811 454 negaverunt.

517 482 742 540 CAPUT
782 481 1078 537 λΧ.-Ξ³.5.
1109 478 1425 534 Resurrectio
1453 476 1663 548 duplex,
1686 477 1738 530 in
1770 476 1956 548 spiritu
1984 484 2030 529 et

447 576 499 630 in
540 591 765 646 corpore.
811 572 1037 642 Corpora
1079 571 1348 640 impiorum
1391 569 1563 637 qualia
1600 575 1885 638 resurgant.
1938 566 2033 620 Est

445 670 590 722 cnim
636 669 954 723 resurrectio
1004 663 1296 720 secundum
1350 663 1548 728 ﬁdem,
1604 663 1658 716 in
1697 677 1801 732 qua
1855 661 2031 715 omnis

447 762 535 828 qui
561 761 750 825 credit,
800 757 1025 826 resurgit
1067 755 1118 810 in
1150 755 1359 825 spiritu.
1392 755 1599 809 Etenim
1643 753 1732 808 ille
1775 752 1909 807 bene
1941 765 2030 804 re-

444 861 628 922 surget
643 854 693 906 in
712 866 954 920 corpore.
982 850 1068 919 qui
1090 849 1261 918 primo
1284 845 1575 902 resurrexit
1596 845 1646 898 in
1671 844 1881 914 spiritu.
1898 841 2029 896 Nam

445 943 537 1013 qui
565 953 719 997 antea
751 942 801 995 in
831 941 1017 1010 spiritu
1041 956 1131 1008 per
1154 938 1311 993 ﬁdem
1342 953 1446 991 non
1476 933 1888 998 resurrexeriut,
1921 949 2028 1014 non
2078 994 2089 1003 ,

449 1034 512 1088 ad
542 1034 682 1087 illam
727 1032 1198 1087 commutationem
1227 1037 1507 1098 resurgent
1537 1027 1588 1081 in
1637 1040 1865 1102 corpore
1892 1064 1907 1089 ,
1943 1021 2030 1078 ubi

445 1135 745 1180 assumetur
795 1135 848 1180 et
875 1125 1250 1180 absorbebitur
1289 1122 1466 1177 omnis
1498 1121 1774 1188 corruptio
1799 1160 1814 1184 ,
1839 1116 1936 1172 sed
1963 1115 2031 1171 ad

445 1216 588 1270 illam
621 1217 882 1286 pmualem
933 1216 1312 1284 integritatem.
1365 1212 1496 1266 Nam
1543 1212 1747 1281 integra
1783 1217 1940 1264 erunt
1979 1217 2033 1262 et

444 1309 990 1379 corporaimpiorum,
1015 1307 1225 1360 nihilex
1254 1305 1332 1359 eis
1361 1303 1695 1358 imminutum
1719 1300 2028 1371 apparebit;

445 1400 541 1456 sed
566 1401 630 1456 ad
656 1417 864 1472 pmnam
886 1401 987 1454 erit
1009 1398 1288 1468 integritas
1312 1397 1574 1467 corporis,
1595 1402 1648 1450 ct
1677 1392 1942 1464 qumdam,
1977 1401 2033 1446 ut

448 1493 518 1547 ita
537 1493 728 1556 dicam,
748 1491 986 1562 quaedam
1026 1490 1246 1544 ﬁrmitas
1276 1487 1536 1558 corporis,
1556 1484 1913 1554 corruptibilis
1937 1482 2029 1537 ﬁr-

448 1584 604 1638 mitas
626 1602 637 1636 :
661 1584 782 1652 quia
807 1583 892 1637 ubi
920 1582 1073 1637 dolor
1093 1596 1211 1636 esse
1238 1579 1449 1649 poterit,
1475 1594 1579 1631 non
1610 1583 1785 1644 potest
1799 1575 1899 1630 dici
1923 1589 2029 1628 non

445 1689 567 1729 esse
595 1675 901 1745 corruptio;
933 1673 1172 1743 quamvis
1199 1686 1303 1725 non
1331 1668 1543 1724 deﬁciat
1564 1667 1651 1720 illa
1673 1665 1952 1720 inﬁrmitas
1978 1666 2030 1720 in

443 1765 736 1829 doloribus,
768 1782 833 1819 ne
848 1765 1012 1819 dolor
1045 1765 1158 1833 ipse
1180 1761 1453 1816 moriatur.
1477 1759 1608 1814 Nam
1637 1759 1804 1827 ipsam
1840 1773 2030 1812 corru-

449 1858 687 1925 ptioncm
713 1857 929 1910 nomine
973 1855 1171 1910 vermis
1195 1851 1502 1923 prophetice
1545 1851 1892 1920 signiﬁcatam
1926 1863 2029 1903 nou

447 1949 739 2019 incongrue
768 1946 1028 2010 creditur,
1061 1956 1115 2000 et
1159 1944 1331 2014 ipsum
1357 1942 1597 1996 dolorem
1629 1940 1844 1994 nomine
1871 1938 2028 2010 ignis.

445 2040 554 2096 Sed
592 2041 712 2110 quia
749 2038 969 2093 ﬁrmitas
1017 2045 1159 2092 tanta
1203 2035 1337 2099 erit,
1367 2042 1423 2087 ut
1453 2048 1551 2088 nec
1578 2031 1850 2086 doloribus
1877 2029 2032 2085 cedat

445 2133 501 2188 in
537 2140 764 2188 mortem
789 2173 804 2197 ,
837 2145 936 2185 nec
978 2129 1045 2184 ad
1089 2129 1565 2196 incorruptionem.
1621 2127 1673 2179 in
1725 2140 1825 2195 qua
1855 2124 2032 2180 nullus

445 2224 600 2279 dolor
624 2233 738 2288 est,
765 2230 1155 2285 commutetur;
1189 2228 1473 2289 propterea
1503 2218 1582 2272 sic
1614 2217 1870 2287 scriptum
1919 2226 2030 2284 est,

458 2315 649 2372 Vermis
669 2331 840 2369 eorum
870 2330 970 2368 non
1006 2314 1268 2375 morietur,
1291 2322 1338 2365 et
1357 2313 1490 2382 ignis
1512 2327 1682 2365 eorum
1711 2327 1812 2364 non
1837 2312 2031 2365 exstin-

442 2416 624 2478 guetur
644 2404 793 2477 (lsai.
820 2420 960 2468 Lm,
981 2403 1080 2470 2i;
1106 2401 1269 2457 Marc.
1299 2419 1373 2468 Ix,
1405 2403 1493 2470 45,
1526 2402 1638 2474 45).
1666 2399 2034 2457 Commutatio

447 2513 573 2552 vero
597 2513 716 2569 qua:
735 2497 1132 2566 corruptionem
1158 2510 1264 2550 non
1289 2494 1539 2560 habebit,
1567 2501 1876 2549 sanctorum
1909 2495 2030 2548 erit.

445 2587 661 2643 Illorum
695 2603 822 2658 ergo
846 2589 978 2654 erit,
1027 2587 1116 2658 qui
1149 2585 1307 2641 modo
1347 2585 1544 2640 habent
1575 2585 2037 2649 resurrectionem,

445 2681 664 2750 spiritus
685 2696 781 2750 per
821 2679 976 2736 ﬁdem
1008 2697 1024 2735 :
1055 2679 1122 2734 de
1149 2695 1252 2750 qua
1281 2678 1672 2735 resurrectione
1710 2677 1840 2732 dicit
1883 2680 2032 2747 Apo-

443 2772 635 2837 stolus,
664 2772 725 2827 Si
744 2780 911 2825 autent
936 2771 1278 2826 resurrexistis
1303 2787 1418 2824 cum
1442 2768 1667 2837 Christo,
1697 2785 1811 2839 qua:
1831 2786 2033 2825 sursum

445 2873 564 2918 sunt
591 2864 817 2934 quarite,
849 2863 934 2918 ubi
963 2861 1194 2919 Christus
1223 2872 1296 2918 est
1335 2864 1385 2918 in
1429 2863 1634 2918 dextera
1675 2861 1772 2916 Dei
1817 2863 1994 2918 sedens
2017 2878 2036 2917 :

444 2974 560 3028 quia
577 2975 778 3013 sursum
802 2967 919 3012 sunt
944 2958 1126 3030 sapite,
1154 2973 1255 3011 non
1284 2973 1397 3028 qua:
1415 2973 1567 3026 super
1596 2966 1802 3010 terram.
1842 2956 2038 3010 Mortui

445 3049 583 3102 enim
615 3049 754 3115 estis,
774 3057 820 3102 et
853 3048 954 3102 vita
998 3056 1160 3102 vestra
1185 3046 1478 3102 abscondita
1507 3055 1581 3101 est
1609 3062 1723 3099 cum
1747 3045 1945 3100 Christo
1985 3046 2039 3101 in

449 3142 578 3198 Deo.
610 3140 888 3211 Quomodo
930 3141 1189 3214 morimur
1217 3138 1511 3196 secundum
1555 3137 1837 3209 spiritum,
1867 3147 1924 3194 et
1949 3154 2040 3194 re-

447 3235 714 3307 surgimus
761 3233 1055 3291 secundum
1092 3233 1338 3306 Spiritum
1365 3251 1379 3286 :
1409 3233 1487 3288 sic
1532 3241 1717 3303 postea
1776 3233 2038 3288 morimur

448 3326 739 3382 secundum
766 3341 1005 3392 carnem,
1037 3333 1092 3380 ct
1124 3324 1450 3395 resurgimus
1472 3323 1766 3380 secundum
1791 3338 2032 3380 carnem.

445 3419 753 3475 Secundum
780 3419 1024 3489 spiritum
1053 3432 1201 3472 mors
1227 3424 1331 3481 est,
1366 3431 1470 3470 non
1513 3415 1735 3472 credere
1760 3429 1892 3470 vana
1919 3429 2038 3485 qua:
2064 3438 2068 3443 ·

446 3511 723 3574 credebat,
756 3525 862 3563 non
910 3508 1082 3563 facere
1111 3509 1246 3563 mala
1286 3523 1404 3576 quae
1452 3508 1700 3563 iaciebat.
1731 3507 2035 3564 Secundum

448 3602 692 3670 spiritum
715 3599 1035 3653 resurrectio
1048 3607 1128 3652 est
1149 3597 1372 3652 credere
1394 3597 1626 3650 salubria
1653 3612 1771 3667 qute
1793 3611 1898 3651 non
1917 3611 2036 3652 cre-

449 3692 634 3756 debat,
667 3700 718 3746 et
747 3690 923 3744 facere
952 3689 1090 3744 bona
1127 3704 1246 3758 qua:
1278 3703 1384 3743 non
1431 3687 1679 3742 faciebat.
1703 3688 1806 3755 Qui
1829 3697 2038 3744 terrena

451 3785 593 3842 idola
623 3793 675 3839 et
697 3783 940 3852 ﬁgmenta
965 3781 1096 3836 deos
1121 3779 1359 3850 putabat,
1383 3795 1546 3834 unum
1573 3779 1740 3834 Deum
1768 3779 2035 3850 cognovit,

450 3879 508 3932 iu
538 3891 658 3931 eum
674 3873 921 3940 credidit,
940 3883 1182 3928 mortuus
1201 3881 1285 3926 est
1311 3871 1360 3925 in
1395 3870 1722 3935 idololatria,
1747 3870 2041 3925 resurrexit

455 3971 512 4027 in
543 3969 648 4024 ﬁde
675 3959 984 4022 christiana.
1028 3963 1284 4021 Ebriosus
1331 3971 1467 4028 erat,
1511 3962 1722 4018 sobrius
1751 3969 1869 4026 est;
1897 3976 2045 4017 mor-

454 4075 578 4117 tuus
607 4071 690 4116 est
719 4062 784 4117 ab
805 4061 1082 4127 ebrietate,
1108 4059 1401 4115 resurrexit
1429 4059 1485 4114 in
1520 4058 1827 4114 sobrietate.
1853 4057 1943 4113 Sic
1977 4056 2046 4112 ab

452 4155 704 4208 omnibus
733 4153 886 4206 malis
933 4151 1182 4221 cperibus
1220 4165 1341 4204 cum
1386 4149 1677 4213 receditur,
1720 4164 1865 4205 mors
1894 4163 2044 4217 quie-

455 4247 581 4302 dam
611 4245 668 4299 ﬁt
697 4246 748 4299 iu
780 4245 954 4299 anima
977 4285 992 4309 ,
1021 4251 1076 4298 et
1104 4243 1156 4297 in
1185 4244 1302 4312 ejus
1337 4243 1492 4298 bonis
1517 4243 1770 4312 cperibus
1794 4241 2043 4312 resurgit.

461 4337 794 4405 Mortiﬁcate,
828 4335 1000 4404 inquit
1029 4333 1339 4404 Apostolus,
1359 4335 1583 4387 membra
1610 4342 1775 4388 vestra
1797 4348 1909 4403 qua:
1927 4341 2048 4386 sunt

458 4446 611 4499 super
655 4437 871 4492 terram,
901 4426 1308 4489 immunditiam,
1353 4425 1816 4493 perturbationem,
1857 4439 2048 4476 concu-

459 4521 756 4591 piscentiam
783 4519 971 4572 malam
988 4559 1002 4584 ,
1028 4526 1072 4571 et
1099 4518 1398 4583 avaritiam,
1431 4516 1635 4586 inquit,
1657 4532 1769 4584 qua:
1789 4523 1860 4569 est
1882 4514 2048 4568 idolo-

460 4631 574 4669 rum
612 4613 822 4666 servitus
845 4610 1064 4685 (Coloss.
1100 4627 1191 4676 In,
1225 4611 1362 4680 1-5).
1409 4608 1740 4664 Mortiﬁcatis
1781 4624 1909 4678 ergo
1934 4607 2049 4662 istis

459 4706 716 4762 membris
734 4744 751 4771 ,
775 4707 1102 4776 resurgimus
1140 4704 1193 4759 in
1222 4703 1378 4760 bonis
1403 4718 1521 4774 qua:
1546 4711 1670 4757 sunt
1696 4700 1810 4755 istis
1832 4709 2048 4755 contra.

461 4799 575 4862 ria;
609 4797 660 4850 in
701 4797 1015 4861 sanctitate,
1045 4796 1095 4849 iu
1129 4795 1540 4865 tranquillitate,
1573 4792 1624 4846 in
1669 4792 1964 4856 charitate,
1995 4792 2047 4845 in

457 4887 839 4959 clcemosynis.
871 4885 1151 4954 Quomodo
1183 4894 1360 4939 autem
1402 4883 1660 4956 pra-cedit
1679 4899 1824 4938 mors
1851 4897 2048 4937 secun-

456 4983 584 5039 dum
641 4982 918 5051 spiritum,
971 4979 1417 5036 resurrectionem
1463 4994 1583 5048 quae
1629 4978 2049 5044 estsecundum

456 5075 701 5146 spiritum
729 5093 742 5128 :
764 5073 840 5128 sic
863 5085 1189 5142 pra-cessura
1214 5079 1293 5125 est
1324 5085 1469 5126 mors
1496 5069 1788 5125 secundum
1807 5084 2043 5136 carnem,

459 5167 907 5224 resurrectionem
931 5181 1050 5235 qua:
1077 5163 1252 5218 futura
1279 5171 1364 5218 est
1391 5162 1683 5217 secundum
1713 5178 1950 5218 carnem.

527 5258 756 5314 CAPUT
785 5257 1040 5312 XXl.—2
1053 5258 1094 5310 ι.
1115 5254 1422 5310 Testimonia
1442 5253 1505 5307 de
1520 5253 1714 5322 duplici
1729 5255 2051 5309 resurrectio-

459 5367 522 5405 ne
545 5368 608 5406 ea:
629 5350 895 5420 Apostolo.
917 5348 1212 5418 Utramque
1239 5362 1367 5418 ergo
1391 5345 1715 5412 noverimus,
1729 5353 1784 5402 et
1801 5346 2052 5415 spiritua-

459 5444 562 5498 lem
578 5450 634 5497 et
649 5439 1090 5512 corporalem.Ad
1099 5439 1427 5510 Spiritualem
1448 5437 1674 5507 pertinet
1691 5437 1831 5506 quod
1849 5437 2049 5493 dictum

456 5546 572 5598 est,
612 5533 810 5604 Surge,
851 5533 937 5605 qui
963 5531 1188 5598 dormis;
1216 5540 1263 5586 et
1291 5545 1504 5600 exsurge
1527 5545 1562 5582 a
1589 5529 1801 5583 mortuis
1829 5529 2049 5600 (Ep/tes.

460 5640 526 5688 ν.
571 5626 663 5693 ﬂ)
706 5646 718 5679 :
759 5636 814 5682 et
851 5624 1012 5689 illttd,
1057 5624 1158 5693 Qui
1183 5623 1422 5680 sedebant
1445 5624 1497 5677 in
1524 5621 1700 5676 uutbra
1727 5623 1934 5686 mortis,
1960 5623 2051 5678 lux

461 5730 569 5769 orta
609 5728 687 5773 est
730 5717 800 5770 eis
848 5715 998 5788 (Isai.
1044 5731 1130 5785 ut,
1170 5715 1226 5789 Ξ)
1273 5731 1286 5770 :
1335 5724 1388 5773 et
1413 5714 1543 5772 illud
1570 5713 1710 5788 quod
1737 5713 1895 5788 paulo
1925 5725 2048 5773 ante

1684 267 1743 324 S.
1785 263 2145 325 AUGUSTIN]
2189 265 2487 325 El’lSCOPl

3602 286 3621 342 ι
3631 288 3733 346 628

2146 385 2593 453 commemoravi,
2649 386 2710 442 Si
2766 390 3149 445 consurrexistis
3195 408 3306 446 cum
3363 392 3594 466 Christo,
3621 418 3732 471 qua

2141 489 2342 527 sursum
2378 485 2495 529 sunt
2536 478 2762 548 quierite.
2806 481 2886 535 Ad
2917 485 3251 554 corporalem
3277 495 3453 544 autem
3485 506 3728 551 resurre-

2122 565 2370 620 ‘Ctionem
2395 567 2622 635 pertinet
2646 570 2786 640 quod
2812 589 2951 627 nunc
2971 573 3097 630 dicit
3119 577 3428 646 Apostolus,
3452 583 3538 651 qui
3569 585 3725 642 talem

2141 656 2242 710 sibi
2273 660 2619 727 qurestioncm
2654 674 3002 732 proposuerat
3033 683 3045 719 :
3081 666 3188 722 Sed
3213 669 3335 722 dicit
3361 672 3574 741 aliquis,
3605 693 3728 741 quo-

2143 749 2290 801 modo
2329 760 2596 820 resurgunt
2638 756 2873 809 mortui?
2911 773 3010 828 quo
3033 768 3218 813 autem
3253 778 3464 830 corpore
3491 767 3727 820 venient?

2140 838 2344 910 Agebat
2380 856 2509 911 ergo
2547 842 2614 897 de
2656 849 3050 904 resurrectione
3076 852 3347 920 corporis,
3382 854 3432 907 iu
3459 871 3559 925 qua
3587 872 3725 926 pra:-

2139 930 2301 984 cessit
2348 931 2603 987 Dominus
2644 935 2934 992 Ecclesium
2976 955 3126 994 suam
3171 960 3184 996 :
3225 942 3292 998 de
3336 944 3434 1000 hac
3459 961 3586 1017 ergo
3615 949 3722 1016 ait,

2143 1020 2352 1092 Oportet
2406 1027 2732 1096 corruptibile
2773 1030 2868 1084 hoc
2915 1032 3124 1087 induere
3166 1036 3629 1107 incorruptionem,
3680 1053 3726 1096 ct

2139 1115 2352 1168 mortale
2373 1116 2466 1170 hoc
2486 1118 2694 1173 induere
2714 1121 3161 1178 immortalitatem.
3189 1126 3412 1198 PrOpter
3436 1129 3559 1184 illud
3584 1133 3723 1201 quod

2139 1207 2383 1274 dixerat,
2430 1209 2562 1264 Caro
2583 1222 2629 1266 et
2676 1217 2881 1287 sanguis
2924 1235 3136 1289 regnum
3179 1219 3274 1275 Dei
3301 1240 3402 1277 non
3432 1227 3722 1294 possidebit.

2141 1298 2408 1388 llabcmus
2452 1313 2628 1358 autem
2659 1304 2764 1360 alio
2795 1307 2912 1363 loco
2941 1313 3276 1382 apertissime
3307 1315 3470 1384 ipsius
3497 1321 3724 1388 apostoli

2139 1387 2286 1444 Pauli
2329 1393 2688 1450 testimonium
2729 1397 2795 1453 de
2822 1405 3212 1459 resurrectione
3243 1387 3541 1464 secundum
3563 1413 3721 1480 spiri-

2141 1489 2250 1536 tum
2272 1523 2285 1546 ,
2316 1494 2367 1539 ct
2389 1483 2454 1540 de
2489 1490 2881 1546 resurrectione
2923 1495 3212 1552 secundum
3253 1515 3489 1556 carnem.
3517 1503 3726 1572 Corpus

2138 1574 2279 1627 enim
2327 1579 2583 1642 mortale,
2635 1581 2775 1650 quod
2827 1585 3117 1641 animatum
3171 1599 3253 1644 est
3303 1593 3385 1646 vel
3429 1594 3722 1652 animatum

2141 1662 2268 1730 fuit,
2313 1680 2438 1721 caro
2478 1667 2692 1725 dicitur.
2738 1670 2827 1729 Sic
2869 1690 2997 1746 ergo
3038 1679 3325 1747 Apostolus
3351 1683 3627 1752 loquitur:
3665 1687 3726 1742 Si

2139 1765 2306 1810 autem
2350 1754 2578 1813 Christus
2619 1760 2671 1814 iu
2709 1763 2878 1832 vobis,
2921 1781 3105 1836 corpus
3143 1769 3344 1840 quidem
3381 1783 3631 1830 mortuum
3654 1789 3726 1832 est

2140 1857 2347 1940 propter
2372 1859 2633 1919 peccatum
2652 1894 2666 1920 ,
2698 1854 2907 1924 spiritus
2935 1869 3100 1912 autem
3128 1861 3229 1914 vita
3255 1873 3327 1917 est
3357 1877 3560 1935 propter
3570 1869 3730 1940 justi-

2138 1939 2278 1991 tiam.
2309 1939 2445 1994 Ecce
2461 1940 2570 2010 jam
2602 1947 2924 2002 resurrectio
2952 1950 3166 2019 spiritus
3188 1968 3285 2022 per
3305 1939 3725 2024 justitiaml‘acta

2139 2029 2448 2100 intelligitur
2487 2050 2500 2086 :
2542 2033 2662 2089 vide
2706 2045 2879 2091 utrum
2917 2041 3177 2109 Speranda
3209 2044 3275 2097 sit
3301 2047 3458 2100 etiam
3485 2050 3726 2119 corporis

2139 2123 2481 2177 resurrectio.
2531 2123 2754 2182 Mortale
2804 2127 2944 2186 enim
2993 2146 3188 2203 corpus
3235 2135 3403 2190 noluit
3450 2141 3728 2208 appellare

2143 2214 2393 2280 mortale,
2433 2216 2526 2271 sed
2557 2230 2862 2287 mortuum;
2893 2233 2946 2278 et
2978 2231 3154 2280 tamen
3183 2225 3282 2282 hoc
3309 2245 3369 2285 se
3397 2230 3728 2301 signiﬁcasse

2142 2304 2192 2358 in
2233 2310 2682 2378 consequentibus
2723 2314 2910 2382 aperit.
2957 2313 3208 2385 Sequitur
3233 2318 3442 2390 itaque,
3473 2331 3525 2376 et
3549 2321 3676 2378 dicit
3709 2342 3722 2377 :

2142 2397 2201 2452 Si
2229 2415 2346 2470 ergo
2366 2400 2576 2471 spiritus
2598 2404 2706 2472 eius
2729 2406 2816 2476 qui
2833 2409 3089 2463 suscitavit
3109 2409 3285 2466 Jcsum
3305 2429 3336 2465 a
3361 2415 3570 2470 mortuis
3590 2459 3604 2482 ,
3633 2418 3729 2471 ha-

2141 2488 2262 2542 bitat
2288 2492 2340 2544 in
2365 2493 2536 2560 vobis;
2563 2496 2652 2564 qui
2677 2499 2933 2553 suscitavit
2963 2500 3234 2557 Dominum
3263 2515 3488 2562 nostrum
3507 2506 3680 2564 Iesum
3699 2555 3716 2577 ,

2141 2581 2406 2650 viviﬁcabit
2431 2592 2477 2637 et
2501 2587 2734 2639 mortalia
2754 2604 2966 2658 corpora
2985 2601 3147 2645 vestra
3163 2611 3253 2664 per
3271 2594 3573 2652 habitantem
3596 2600 3724 2668 Spi-

2141 2674 2294 2730 ritum
2339 2676 2448 2746 ejus
2488 2677 2542 2731 in
2582 2679 2716 2734 vobis
2761 2680 2934 2749 (Rom.
2963 2699 3088 2750 vui,
3117 2684 3213 2752 10,
3246 2687 3358 2757 11).
3389 2671 3731 2762 Quapropter

2139 2767 2216 2822 illi
2246 2770 2381 2823 circa
2404 2771 2658 2825 veritatem
2685 2773 3035 2831 aberraverunt
3053 2817 3070 2841 ,
3100 2792 3258 2832 unam
3287 2794 3611 2852 negaverunt
3637 2801 3723 2840 re-

2143 2863 2549 2918 surrectioncm.
2599 2863 2653 2920 Si
2694 2866 2834 2920 enim
2871 2869 3014 2922 omni
3044 2869 3203 2923 modo
3232 2885 3349 2926 eam
3378 2884 3666 2944 negarent,
3697 2894 3729 2933 a

2144 2955 2367 3010 veritate
2404 2955 2716 3012 abcrrarent
2739 2996 2754 3023 ,
2794 2973 2901 3012 non
2936 2959 3071 3013 circa
3112 2961 3386 3016 veritatem.
3429 2963 3562 3031 Quia
3600 2981 3732 3026 vero

2143 3049 2280 3102 circa
2304 3049 2562 3102 veritatem
2583 3049 2937 3104 aberraverunt
2956 3093 2970 3118 ,
2993 3052 3225 3108 confessi
3248 3064 3371 3110 sunt
3395 3072 3551 3113 unam
3573 3098 3588 3122 ,
3610 3075 3735 3130 qua:

2147 3140 2439 3196 secundum
2482 3142 2729 3211 spiritum
2779 3143 2876 3209 ﬁt;
2908 3157 3234 3214 negaverunt
3262 3157 3440 3204 autem
3468 3149 3734 3221 alteram,

2145 3251 2264 3305 qua:
2300 3251 2394 3306 per
2421 3235 2596 3291 carnis
2624 3237 3073 3303 resurrectionem
3103 3249 3378 3307 speratur,
3409 3241 3626 3297 dicentes
3653 3261 3736 3299 re-

2147 3327 2504 3382 surrectionem
2524 3328 2639 3398 jam
2665 3327 2856 3396 [actam
2882 3343 2988 3382 esse
3017 3343 3036 3381 :
3067 3329 3210 3398 quod
3239 3330 3338 3385 nisi
3367 3331 3436 3386 ita
3461 3332 3731 3400 dicerent,

2149 3427 2207 3498 ut
2247 3417 2391 3472 illam
2431 3433 2551 3488 qua:
2590 3418 2642 3473 in
2681 3433 2908 3487 corpore
2948 3419 3121 3474 futura
3162 3431 3244 3475 est
3276 3422 3420 3477 credi
3450 3433 3507 3478 et
3530 3427 3740 3494 sperari

2152 3506 2530 3575 prohiberent,
2573 3522 2679 3562 non
2722 3507 2790 3563 de
2833 3507 2916 3564 his
2952 3507 3252 3578 diceretur,
3294 3509 3476 3566 Fidem
3501 3529 3740 3582 quorum-

2149 3598 2270 3652 dam
2293 3600 2602 3656 subvertant.

2223 3686 2448 3743 CAPUT
2490 3689 2731 3744 XXll.—
2757 3691 2848 3747 25.
2877 3691 3051 3748 Amba:
3076 3694 3460 3750 resurrectiones
3487 3696 3539 3750 iu
3571 3696 3741 3751 Evari-

2151 3780 2305 3854 gelio.
2339 3780 2660 3836 Resurrectio
2685 3783 2959 3836 secundum
2982 3785 3216 3854 spiritum
3239 3827 3254 3852 ,
3281 3803 3395 3856 qua:
3419 3804 3551 3842 nunc
3571 3790 3632 3858 [it
3651 3807 3740 3858 per

2154 3873 2326 3941 ﬁdem.
2375 3870 2480 3926 Sed
2518 3871 2695 3926 audite
2719 3872 2830 3941 jam
2861 3873 3351 3930 manifestissimum
3381 3878 3740 3933 testimonium

2156 3963 2321 4033 ipsius
2357 3963 2567 4018 Domini
2597 3962 2968 4033 inEvangclio
2993 3963 3282 4018 secundum
3311 3966 3568 4023 Joannem
3589 4010 3606 4036 ,
3636 3983 3745 4024 uno

2155 4053 2274 4107 loco
2295 4052 2481 4107 ambas
2503 4056 2920 4108 resurrectiones
2936 4091 2950 4116 ,
2974 4060 3027 4107 et
3047 4068 3164 4120 qua:
3183 4054 3475 4110 secundum
3496 4059 3743 4127 spiritum

2154 4141 2316 4198 modo
2362 4144 2460 4211 ﬁt,
2505 4153 2560 4198 et
2604 4158 2722 4214 quae
2763 4142 3053 4197 secundum
3097 4157 3311 4197 carnem
3346 4155 3530 4213 postea
3568 4148 3744 4203 futura

2155 4244 2266 4303 est,
2300 4237 2369 4292 ita
2399 4237 2759 4291 declarantem
2781 4279 2796 4302 ,
2827 4245 2882 4290 ut
2901 4236 3119 4291 omnino
3144 4235 3390 4292 dubitare
3416 4253 3519 4293 non
3546 4242 3741 4310 possit,

2156 4329 2245 4399 qui
2275 4344 2486 4398 quoquo
2517 4327 2674 4382 modo
2698 4326 3042 4382 christianum
3071 4343 3129 4383 se
3149 4326 3307 4395 dicit,
3339 4337 3394 4384 et
3421 4332 3746 4402 evangelica

2156 4418 2458 4475 attetoritati
2499 4419 2772 4490 subjectus
2813 4428 2932 4484 est;
2960 4428 3018 4474 ut
3048 4421 3224 4475 nullus
3254 4420 3427 4476 aditus
3452 4422 3746 4478 caiumuia-

2158 4513 2363 4567 toribus
2404 4521 2599 4576 restet,
2627 4521 2680 4566 ct
2705 4527 2772 4580 qu
2794 4513 2850 4565 lSl
2882 4527 2976 4581 per
3003 4511 3161 4567 ﬁdem
3191 4512 3536 4566 christianam
3563 4513 3744 4569 volen-

2156 4603 2296 4658 tibus
2325 4613 2567 4658 evertere
2595 4602 2924 4658 Christianos
2943 4644 2958 4670 ,
2993 4603 3276 4658 inserendo
3307 4620 3505 4659 venena
3535 4620 3627 4660 sua
3648 4645 3664 4672 ,
3689 4617 3745 4660 ut

2154 4695 2399 4752 occidant
2437 4696 2642 4751 animas
2680 4694 3033 4751 inﬁrmorum.
3066 4695 3170 4751 Sed
3198 4711 3265 4750 cx
3296 4696 3411 4764 ipso
3439 4695 3622 4751 codice
3652 4711 3744 4750 au-

2154 4787 2283 4842 dite.
2331 4787 2620 4857 Propterea
2664 4786 2805 4840 enim
2847 4802 2950 4840 nou
2994 4779 3196 4840 tantum
3241 4786 3618 4856 disputattiris,
3650 4789 3743 4841 sed

2155 4876 2314 4934 etiam
2338 4879 2552 4934 lectoris
2573 4878 2763 4949 iungor
2784 4877 2980 4943 ollicio,
3003 4889 3252 4932 utsermo
3283 4879 3382 4932 istc
3412 4887 3594 4932 noster
3622 4894 3742 4932 san-

2156 4982 2359 5026 ctarum
2412 4971 2812 5040 Scripturarum
2853 4970 3167 5024 auctoritate
3210 4968 3486 5034 l'ulciatur,
3511 4985 3619 5025 non
3647 4969 3748 5027 hu—

2157 5064 2328 5117 manis
2357 5061 2752 5132 suspicionibus
2778 5077 2939 5131 super
2964 5075 3178 5116 arenam
3204 5058 3516 5132 tcdiﬁcelur,
3539 5066 3584 5121 si
3611 5061 3750 5116 forte

2156 5155 2352 5228 aliquid
2369 5172 2470 5213 non
2490 5157 2798 5211 memoriter
2810 5156 3122 5210 occurrerit.
3146 5153 3341 5213 Audite
3363 5175 3490 5230 ergo
3508 5160 3750 5230 Evange-

2156 5250 2284 5304 lium
2325 5248 2616 5304 secundum
2657 5247 2935 5304 Joannem.
2969 5247 3226 5306 Dominus
3254 5251 3487 5321 loquitur
3513 5269 3525 5306 :
3549 5251 3705 5304 Amen
3733 5293 3748 5315 ,

2155 5359 2302 5396 auten
2367 5341 2482 5396 dico
2536 5341 2672 5394 vobis
2710 5379 2724 5403 ,
2777 5339 2898 5410 quia
2975 5343 3061 5412 qui
3119 5340 3318 5396 verbum
3371 5358 3535 5394 meum
3609 5342 3749 5393 audit

2159 5443 2206 5487 et
2247 5433 2404 5487 credit
2444 5432 2486 5486 ei
2535 5432 2622 5504 qui
2660 5432 2797 5489 misit
2829 5450 2936 5498 nte,
2979 5434 3124 5488 habet
3150 5434 3297 5488 vitam
3321 5442 3596 5496 (sternam;
3626 5443 3670 5486 et
3695 5432 3750 5484 in

2155 5523 2410 5594 judicium
2449 5538 2563 5586 ηογτ
2589 5527 2754 5592 venit,
2801 5527 2890 5583 sed
2925 5527 3191 5601 transitum
3215 5525 3330 5595 fecit
3359 5541 3389 5578 a
3416 5534 3572 5579 morte
3595 5525 3645 5578 in
3672 5523 3750 5577 vi-

2158 5631 2285 5677 tam.
2323 5623 2483 5680 Amen
2505 5662 2521 5686 ,
2549 5637 2697 5675 amen
2724 5620 2836 5674 dico
2867 5619 3001 5673 vobis
3021 5659 3036 5684 ,
3064 5618 3185 5691 quia
3213 5619 3340 5671 venit
3366 5616 3515 5682 hera,
3548 5627 3591 5670 et
3618 5628 3750 5669 nun:

2160 5718 2234 5768 ett
2253 5755 2271 5784 ,
2303 5712 2500 5779 1uando
2531 5711 2710 5766 mortui
2739 5710 2944 5763 audient
2973 5725 3139 5764 vocem
3164 5706 3287 5763 Filii
3316 5706 3410 5763 Dei
3425 5723 3447 5774 ;
3472 5715 3517 5763 et
3539 5704 3626 5780 qui
3646 5720 3747 5760 att-
