3996 6192
292 353 436 412 1639

291 466 506 526 dierim,
551 463 733 517 vivent.
761 457 911 515 Sicut
940 460 1072 514 enim
1099 455 1254 513 Pater
1279 455 1423 512 habet
1449 457 1599 510 vitam
1624 455 1676 509 in
1705 462 1884 509 semet-

289 562 435 627 ipso,
483 557 557 609 sic
599 553 736 609 dedit
777 561 822 608 et
865 549 1003 607 Filio
1040 552 1191 605 vitam
1220 551 1400 604 habere
1428 549 1480 602 in
1506 547 1768 616 semetipso
1793 562 1813 610 ;
1838 557 1884 599 et

293 658 593 719 potestatem
619 645 756 699 dedit
783 646 829 698 ei
850 653 895 698 et
912 643 1166 714 judicium
1191 646 1358 714 facere
1375 683 1388 707 ,
1418 640 1536 712 quia
1559 639 1696 708 ﬁlius
1718 636 1884 692 homi-

294 743 372 796 nis
393 751 486 796 est.
515 737 692 794 Nolite
711 737 888 790 mirari
909 739 1001 790 hoc
1022 777 1035 799 ,
1065 736 1181 806 quia
1202 735 1331 788 venit
1357 733 1502 796 hora,
1527 733 1578 784 in
1595 747 1694 800 qua
1715 745 1886 784 omnes

293 834 379 904 qui
409 834 462 885 in
490 839 815 884 ntenumento
841 837 955 881 sunt
980 869 994 890 ,
1023 827 1229 879 audient
1259 841 1425 878 vocem
1453 825 1559 894 ejus
1593 838 1610 876 :
1640 831 1685 875 et
1712 837 1888 892 proce-

296 925 416 976 dent
442 923 527 993 qui
553 922 682 974 bona
705 925 959 992 fecerunt,
984 919 1036 972 in
1061 917 1468 972 resurrectionem
1495 915 1642 976 vine;
1667 913 1751 983 qui
1772 927 1886 966 vero

296 1016 435 1068 mala
479 1021 718 1083 egerunt,
759 1009 811 1064 in
842 1010 1250 1063 resurrectionem
1269 1007 1458 1081 judicii
1486 1005 1661 1074 (Joan.
1694 1021 1726 1059 v
1746 1047 1761 1071 ,
1791 1003 1890 1059 25-

295 1105 414 1175 29).
462 1103 710 1158 Arbitror
749 1100 964 1172 quidem
1004 1099 1199 1154 multos
1229 1099 1522 1168 intelligere
1547 1096 1614 1151 ab
1643 1096 1758 1164 ipso
1786 1095 1890 1150 Do-

299 1196 450 1250 min
480 1195 530 1247 in
562 1193 661 1246 hoc
683 1193 802 1247 loco
825 1200 1102 1260 utramque
1128 1190 1595 1253 resurrectionem,
1618 1196 1672 1242 et
1691 1201 1885 1242 secun-

296 1290 427 1342 dum
471 1287 716 1357 spiritum
766 1301 860 1355 per
897 1283 1054 1338 fidem
1076 1325 1090 1346 ,
1117 1291 1172 1338 et
1200 1282 1487 1338 secundum
1516 1296 1762 1346 carnem,
1794 1295 1890 1350 per

299 1380 447 1432 illam
493 1377 828 1431 notissimam
861 1375 1038 1428 tubam
1064 1373 1311 1428 distincte
1336 1383 1624 1443 aperteque
1651 1371 1890 1427 declara-

299 1481 432 1522 tam.
482 1468 686 1523 Tamen
731 1465 846 1520 hinc
874 1465 1060 1520 eadem
1094 1466 1251 1520 verba
1282 1464 1561 1535 diligenter
1586 1461 1891 1518 considere-

299 1575 454 1625 mus,
496 1569 554 1614 ut
582 1559 832 1614 omnibus
856 1557 1190 1613 audientibus
1217 1557 1553 1611 manifestum
1582 1556 1668 1610 sit.
1699 1556 1854 1608 Amen
1872 1596 1887 1620 ,

298 1671 448 1706 amen
477 1653 591 1706 dico
621 1653 786 1717 vobis,
819 1651 940 1724 quia
968 1650 1053 1722 qui
1080 1649 1280 1705 verbum
1306 1667 1472 1704 meum
1499 1650 1642 1703 audit
1665 1659 1710 1704 et
1733 1648 1891 1701 credit

301 1749 346 1800 ei
388 1747 477 1816 qui
516 1747 651 1800 misit
691 1762 770 1799 me
791 1787 806 1811 ,
843 1745 990 1799 habet
1016 1746 1162 1799 vitam
1188 1754 1466 1808 aeternam;
1495 1753 1540 1797 et
1570 1745 1621 1798 in
1639 1742 1892 1810 judicium

301 1855 404 1891 nnn
434 1838 594 1900 venit,
625 1837 716 1891 sed
741 1837 1007 1891 transitum
1037 1837 1154 1906 fecit
1179 1853 1210 1889 a
1233 1846 1390 1889 morte
1415 1836 1465 1888 in
1489 1835 1660 1888 vitam.
1689 1835 1891 1889 Secun-

299 1930 430 1983 dum
472 1929 720 1997 Spiritum
769 1927 1097 1982 resurrectio
1142 1934 1256 1988 est,
1289 1942 1408 1996 qua:
1439 1926 1494 1980 fit
1523 1925 1680 1981 modo
1711 1941 1804 1995 per
1831 1926 1891 1979 fi-

300 2020 446 2073 dem.
494 2019 602 2074 Sed
651 2035 719 2074 ne
760 2019 829 2072 ita
879 2019 1146 2089 proposita
1189 2017 1497 2082 videretur,
1539 2019 1686 2087 quasi
1718 2017 1892 2072 adlmc

303 2111 460 2181 longe
493 2110 668 2164 futura
693 2109 799 2174 sit;
833 2124 1132 2180 quanquam
1163 2123 1266 2162 non
1296 2108 1525 2171 dixerit,
1550 2108 1892 2162 Transiturus

303 2210 386 2256 est
413 2217 443 2256 a
476 2211 651 2256 morte
681 2201 733 2254 in
760 2201 956 2265 vitam;
989 2199 1081 2255 sed
1103 2242 1118 2266 ,
1151 2201 1417 2253 transitum
1446 2199 1565 2270 fecit
1593 2217 1624 2252 a
1655 2210 1812 2252 morte
1840 2200 1893 2253 in

304 2295 459 2347 vitam
507 2309 526 2346 :
575 2303 748 2348 tamen
799 2309 864 2347 ue
907 2292 1070 2348 verbo
1115 2292 1366 2362 praeteriti
1394 2293 1646 2362 temporis
1676 2292 1895 2361 ﬁgurate

309 2402 432 2440 usus
462 2385 763 2448 videretur,
796 2385 933 2438 sicut
961 2393 1041 2440 est
1058 2425 1074 2450 ,
1105 2381 1364 2437 Foderuut
1385 2399 1563 2436 manus
1583 2399 1717 2436 meas
1738 2395 1784 2436 et
1803 2401 1894 2454 pe-

311 2481 396 2532 des
421 2476 596 2550 (Psal.
630 2492 722 2532 ιιι
743 2520 758 2544 ,
787 2477 878 2547 17)
901 2517 916 2542 ,
945 2474 1084 2546 quod
1111 2474 1284 2530 adhuc
1313 2473 1544 2530 futurum
1570 2475 1896 2544 prurnuntia-

307 2571 483 2636 batur;
509 2569 769 2638 sequitur,
791 2578 846 2622 et
872 2566 975 2622 hoc
998 2566 1170 2637 ipsum
1193 2566 1400 2637 planius
1422 2565 1652 2635 explicat
1677 2583 1688 2618 :
1713 2567 1892 2630 Amen,

305 2676 452 2714 auten
500 2661 614 2713 dico
659 2659 795 2714 vobis
815 2701 829 2722 ,
861 2659 1058 2729 inquit,
1089 2659 1207 2731 quia
1231 2658 1362 2712 venit
1392 2658 1519 2712 Itora
1545 2668 1592 2712 et
1619 2674 1752 2712 nunc
1779 2666 1852 2712 est
1876 2699 1892 2724 ,

304 2750 510 2822 quando
535 2751 719 2804 mortui
743 2749 949 2805 audient
972 2765 1139 2803 vocem
1159 2747 1282 2802 Filii
1306 2747 1399 2802 Dei
1416 2764 1438 2814 ,'
1457 2759 1502 2802 et
1517 2749 1601 2820 qui
1617 2747 1890 2814 audierint,

307 2846 487 2898 vivent.
535 2842 688 2911 Quod
732 2858 890 2912 supra
928 2841 1091 2909 dixit,
1136 2838 1358 2894 Transiit
1386 2857 1417 2892 a
1441 2849 1599 2894 morte
1626 2839 1678 2893 in
1704 2839 1853 2892 vitam
1879 2855 1897 2901 ;

307 2936 407 2989 hoc
448 2951 591 2989 nunc
631 2933 797 2999 dicit,
843 2935 1020 2988 vivent.
1059 2931 1163 2988 Sed
1191 2949 1255 2987 ne
1283 2932 1411 2988 illud
1436 2931 1579 3003 quod
1605 2933 1715 2999 ait,
1754 2929 1900 2986 Venit

308 3025 466 3088 liora,
497 3025 550 3079 in
580 3023 739 3079 linem
769 3023 948 3079 szeculi
979 3033 1288 3094 speraretur
1308 3065 1322 3089 ,
1355 3023 1568 3093 quando
1596 3023 1755 3077 etiam
1781 3037 1902 3077 cor-

307 3131 500 3185 porum
542 3115 866 3171 resurrectio
905 3113 1080 3169 futura
1118 3125 1240 3180 est;
1282 3113 1522 3181 addidit,
1566 3123 1612 3168 et
1648 3131 1779 3169 nunc
1803 3123 1898 3170 est.

306 3207 423 3263 Non
465 3209 611 3263 enim
657 3207 729 3262 ait
756 3216 996 3271 tantum,
1033 3203 1178 3260 Venit
1204 3207 1361 3271 hora;
1394 3205 1489 3261 sed
1514 3249 1529 3273 ,
1567 3203 1712 3260 Venit
1738 3206 1898 3273 hora,

306 3312 354 3353 et
376 3315 512 3353 nunc
537 3309 632 3352 est.
659 3298 758 3364 Qui
780 3305 958 3352 autem
981 3296 1248 3353 audierint
1270 3297 1411 3351 hanc
1438 3312 1622 3352 vocem
1644 3338 1659 3361 ,
1681 3297 1897 3362 vivent;

309 3390 518 3445 scilicet
541 3389 647 3443 vita
671 3403 828 3458 quam
852 3387 1098 3457 superius
1118 3386 1453 3457 significavit,
1473 3387 1676 3453 dicens,
1712 3387 1902 3440 Trans-

309 3484 368 3538 iit
405 3500 439 3536 ο
493 3491 653 3537 morte
680 3482 748 3534 ad
776 3481 946 3535 vitam.
974 3480 1072 3535 llic
1096 3494 1224 3551 ergo
1253 3495 1346 3535 eos
1374 3479 1687 3551 significavit
1716 3479 1804 3550 qui
1835 3478 1901 3534 ad

311 3589 525 3644 prunam
560 3573 748 3644 judicii
797 3588 900 3626 non
947 3571 1253 3642 pertinent;
1302 3570 1423 3641 quia
1462 3571 1791 3640 prieveuiunt
1818 3569 1901 3640 ju-

312 3667 509 3720 dicium
529 3665 634 3719 fide
653 3679 768 3726 sua,
792 3673 844 3718 et
870 3662 1148 3718 transitum
1170 3661 1364 3714 faciunt
1387 3677 1414 3714 a
1438 3669 1609 3714 morte
1628 3658 1694 3714 ad
1717 3659 1897 3712 vitam.

381 3757 612 3814 CAPUT
640 3756 900 3812 XXIll.—
922 3756 1013 3810 26.
1052 3753 1372 3809 Resurrectio
1397 3751 1672 3808 secundum
1697 3766 1902 3806 carnem

311 3858 507 3923 futura.
550 3851 736 3906 Restat
760 3865 889 3920 ergo
915 3858 971 3902 ut
996 3848 1254 3918 judicium
1286 3846 1517 3899 futurum
1549 3842 1793 3898 Ostendat
1823 3843 1903 3897 in-

314 3958 396 4000 ter
436 3947 608 3999 bonos
647 3952 704 3999 et
731 3943 901 3997 malos
930 3959 942 3995 :
971 3941 1093 4012 quia
1121 3940 1208 3996 bic
1231 3940 1400 3994 bonos
1429 3946 1633 3992 tantum
1663 3951 1904 3991 commea-

314 4037 541 4091 nioravit
582 4035 647 4089 ad
691 4044 1004 4105 priesentem
1046 4032 1525 4095 resurrectionem,
1569 4046 1686 4100 qua:
1713 4045 1906 4084 secun-

312 4130 438 4183 dum
485 4129 730 4199 Spiritum
760 4136 874 4193 est,
907 4126 1194 4196 pertinere.
1225 4123 1473 4192 Sequitur
1500 4123 1707 4192 itaque,
1739 4132 1793 4176 et
1820 4121 1902 4176 di-

312 4222 422 4284 cit,
455 4218 520 4273 Et
551 4227 847 4289 potestatem
878 4217 1014 4270 dedit
1039 4216 1084 4270 ei
1109 4225 1154 4270 et
1174 4215 1431 4286 judicium
1460 4213 1624 4281 facere
1647 4254 1660 4275 ,
1688 4212 1806 4283 quia
1834 4213 1902 4281 [i-

311 4314 414 4367 lius
451 4311 670 4365 hominis
708 4319 797 4364 est.
842 4307 1130 4363 lnsinuavit
1163 4304 1453 4360 secundum
1482 4303 1606 4374 quid
1636 4303 1904 4373 acceperit

317 4412 643 4474 potestatem
685 4401 870 4472 judicii
913 4417 927 4454 :
965 4399 1086 4470 quia
1119 4397 1285 4468 ﬁlius,
1333 4397 1530 4465 inquit,
1567 4396 1782 4450 hominis
1809 4405 1900 4450 est.

314 4495 448 4548 Nam
489 4493 782 4548 secundum
823 4491 874 4546 id
897 4490 1036 4562 quod
1063 4489 1228 4545 Filius
1257 4489 1348 4543 Dei
1379 4499 1460 4544 est
1484 4530 1497 4552 ,
1525 4487 1904 4557 sempiternam

311 4601 436 4639 cum
483 4585 642 4638 Patre
680 4583 838 4638 habet
876 4591 1211 4651 potestatem.
1237 4580 1353 4636 Jam
1382 4578 1650 4650 quomodo
1677 4579 1745 4632 sit
1767 4577 1906 4632 futu-

312 4693 431 4731 r-tm
458 4675 713 4746 judicium
739 4715 752 4737 ,
774 4682 1165 4742 consequenter
1184 4670 1400 4740 CXpODll
1424 4685 1438 4722 :
1464 4667 1638 4722 Nolite
1659 4711 1674 4737 ,
1704 4667 1902 4738 inquit,

312 4769 494 4824 mirari
519 4772 614 4822 hoc
633 4810 646 4831 ,
674 4769 794 4838 quia
813 4767 943 4820 venit
970 4767 1093 4819 hora
1113 4807 1127 4831 ,
1153 4765 1203 4820 in
1223 4781 1322 4837 qua
1344 4779 1516 4818 onmes
1539 4763 1625 4832 qui
1649 4764 1700 4816 in
1723 4778 1906 4816 monu-

313 4861 502 4916 mentis
526 4871 674 4925 sunt,
701 4861 906 4912 audient
937 4873 1102 4912 vocem
1123 4857 1231 4927 ejus
1261 4871 1278 4910 :
1303 4866 1349 4910 et
1379 4855 1648 4924 precedent
1669 4855 1756 4926 qui
1777 4855 1906 4908 bona

312 4957 576 5024 fecerunt,
619 4952 672 5004 in
709 4949 1118 5005 resurrectionem
1158 4949 1272 5001 vita:
1293 4963 1312 5012 ;
1351 4947 1437 5014 qui
1477 4962 1592 5000 vero
1634 4946 1769 4998 mala
1796 4961 1906 5016 ege-

312 5054 440 5098 runt
457 5087 470 5106 ,
497 5045 548 5097 in
575 5044 986 5097 resurrectionem
998 5040 1201 5112 judicii.
1230 5038 1487 5108 Superius
1507 5054 1626 5092 cum
1649 5037 1904 5107 dixisset,

321 5133 478 5188 Venit
499 5138 662 5199 hora;
689 5132 916 5203 adjecit,
943 5140 988 5184 et
1013 5147 1145 5184 nunc
1166 5139 1238 5184 est
1268 5146 1281 5183 :
1309 5145 1375 5183 ne
1399 5129 1486 5182 illa
1511 5128 1639 5182 hora
1664 5144 1908 5198 praenun-

313 5229 452 5282 tiata
494 5235 768 5296 putaretur
791 5267 803 5290 ,
843 5239 945 5296 qua
978 5224 1029 5278 in
1061 5223 1164 5278 fine
1192 5222 1370 5277 surculi
1403 5221 1575 5276 futura
1605 5232 1686 5276 est
1713 5235 1908 5292 corpo-

313 5333 441 5372 rum
490 5317 828 5371 resurrectio.
873 5315 968 5370 Hic
1010 5329 1137 5383 ergo
1165 5313 1286 5384 quia
1317 5315 1486 5382 ipsam
1513 5312 1726 5367 volebat
1751 5310 1911 5367 intel-

311 5409 407 5476 ligi
430 5449 448 5474 ,
487 5423 607 5463 cum
648 5407 904 5473 dixisset,
951 5404 1090 5460 Venit
1117 5405 1281 5470 hora;
1314 5421 1417 5458 non
1448 5403 1673 5473 adjecit,
1703 5413 1750 5458 et
1778 5420 1911 5457 nunc

310 5511 411 5553 est.
463 5497 590 5552 Item
640 5498 884 5568 superius
922 5507 1159 5550 mortuos
1199 5495 1331 5550 dixit
1358 5493 1545 5551 audire
1575 5509 1762 5550 vocem
1791 5494 1910 5549 Filii

314 5588 414 5645 Dei
447 5632 462 5657 ,
508 5600 973 5644 monumentorum
1013 5599 1188 5643 autem
1224 5588 1422 5642 nullam
1451 5587 1913 5643 commemoratio-

313 5699 446 5740 nem
481 5683 606 5738 fecit
640 5701 653 5737 :
683 5694 741 5739 ut
763 5683 1210 5754 distingueremus
1231 5692 1470 5738 mortuos
1491 5697 1584 5752 per
1606 5680 1796 5738 mentis
1823 5697 1910 5737 er-

315 5791 499 5832 rorem
530 5777 618 5846 qui
652 5784 930 5845 resurgunt
960 5773 1118 5830 modo
1147 5787 1246 5839 per
1277 5771 1431 5828 fidem
1449 5818 1465 5842 ,
1492 5771 1561 5827 ab
1587 5773 1664 5828 eis
1690 5773 1914 5830 mortuis

1662 340 1890 398 δεηΜο
1929 339 2220 401 CCCLX".

3455 357 3586 414 ἰσΞο

1992 469 2217 526 quorum
2240 457 2497 516 cadavera
2528 461 2580 518 in
2612 464 2967 520 monumentis
2994 477 3117 522 sunt
3139 480 3506 526 resin-rectura
3530 489 3581 528 in

1999 547 2186 602 ultimo
2212 550 2412 604 saeculi.
2447 551 2544 607 llic
2572 567 2699 624 ergo
2728 563 2784 610 ut
2812 555 2897 610 illa
2928 557 2978 610 in
3006 556 3108 611 flne
3128 570 3435 628 speraretur
3459 577 3577 617 cor-

1999 653 2186 708 porum
2231 643 2581 709 resurrectio,
2633 645 2852 714 Omnes,
2897 650 3010 717 ait,
3053 652 3138 721 qui
3173 652 3227 706 in
3253 657 3584 710 monumentis

1995 743 2116 786 sunt
2138 775 2152 798 ,
2181 734 2386 789 audient
2412 752 2576 790 vocem
2603 740 2710 811 ejus
2728 782 2742 804 ,
2768 747 2811 794 et
2835 741 3120 810 precedent.
3157 743 3283 798 ltem
3312 747 3579 815 superius,

1999 825 2215 879 Audierit
2234 867 2249 891 ,
2283 827 2484 897 inquit,
2514 845 2681 882 vocem
2713 829 2836 884 Filii
2860 830 2992 897 Dei;
3016 843 3062 887 et
3084 835 3172 904 qui
3197 837 3482 900 audierint,
3507 838 3585 890 vi-

1998 927 2131 970 vent.
2165 917 2300 983 Quid
2330 934 2463 988 opus
2489 931 2598 974 erat
2622 921 2816 977 addere
2835 965 2848 988 ,
2877 921 2977 987 Qui
3003 925 3288 989 audierint;
3310 942 3428 980 cum
3456 943 3587 996 pos-

2001 1016 2083 1062 set
2108 1009 2175 1062 ita
2204 1009 2305 1063 dici
2329 1051 2342 1072 ,
2377 1010 2606 1065 Audient
2636 1026 2818 1066 vocem
2851 1013 2968 1067 Filii
3003 1015 3124 1078 Dei,
3157 1025 3208 1069 et
3233 1017 3408 1072 vivent
3435 1032 3448 1070 ;
3484 1019 3582 1072 nisi

1999 1099 2122 1169 quia
2167 1100 2234 1155 de
2282 1101 2363 1156 bis
2412 1102 2625 1158 dicebat
2667 1103 2755 1174 qui
2797 1106 3087 1160 Secundum
3129 1109 3319 1162 mentis
3346 1126 3583 1165 errorem

2003 1193 2196 1247 mortui
2235 1203 2385 1257 sunt,
2431 1211 2655 1265 quorum
2692 1197 2840 1250 multi
2870 1197 3091 1252 audiunt
3116 1207 3164 1253 et
3197 1215 3302 1255 non
3331 1200 3584 1266 audiunt,

2001 1283 2053 1338 id
2085 1294 2200 1350 est,
2233 1301 2339 1340 non
2370 1286 2778 1358 obtemperant,
2808 1306 2914 1344 non
2945 1292 3204 1345 credunt?
3231 1293 3328 1361 Qui
3358 1311 3483 1349 vero
3511 1295 3586 1350 sic

2001 1376 2256 1442 audiunt,
2298 1379 2564 1448 quomodo
2604 1380 2813 1434 volebat
2839 1380 3042 1445 audiri,
3075 1398 3193 1436 cum
3221 1383 3456 1447 diceret,
3489 1384 3588 1448 Qui

2002 1467 2148 1522 habet
2186 1486 2334 1523 aures
2372 1469 2648 1537 audiendi,
2692 1473 2865 1524 audiat
2909 1473 3059 1542 (Luc.
3100 1489 3221 1535 vm,
3260 1476 3355 1544 8);
3386 1475 3482 1543 ipsi
3512 1476 3589 1528 \‘i-

2002 1568 2147 1613 vent.
2192 1559 2424 1614 Audient
2461 1575 2587 1630 ergo
2614 1561 2800 1628 multi,
2833 1561 2926 1616 sed
2955 1563 3041 1628 qui
3069 1563 3356 1630 audierint,
3385 1566 3545 1618 vivent
3569 1606 3585 1627 ,

2003 1649 2055 1704 id
2096 1659 2207 1713 est,
2239 1650 2328 1721 qui
2358 1651 2700 1706 crediderint.
2734 1653 2864 1707 Nam
2896 1658 2983 1723 qui
3015 1654 3090 1708 sic
3119 1653 3369 1721 audient,
3401 1665 3456 1710 ut
3481 1672 3586 1710 non

2003 1743 2252 1808 credant,
2283 1760 2386 1798 non
2416 1745 2594 1800 vivent
2620 1765 2630 1800 :
2667 1747 2805 1802 unde
2833 1757 3053 1816 apparet
3077 1747 3142 1801 de
3168 1763 3268 1817 qua
3299 1758 3469 1802 morte
3489 1790 3501 1812 ,
3535 1756 3590 1803 et

2003 1834 2069 1889 de
2105 1850 2205 1905 qua
2236 1836 2338 1888 vita
2377 1851 2441 1890 eo
2477 1836 2594 1892 loco
2623 1835 2817 1891 dixerit
2842 1856 2853 1890 :
2878 1837 2944 1892 de
2967 1849 3136 1892 morte
3157 1839 3355 1893 scilicet
3377 1855 3495 1910 qum.
3521 1839 3586 1892 ad

2001 1927 2144 1981 solos
2166 1928 2333 1982 malos
2363 1930 2613 1998 pertinet,
2636 1945 2698 1983 eo
2718 1930 2833 1999 ipso
2847 1945 2951 2000 quo
2968 1932 3090 1985 mali
3110 1942 3233 1984 sunt
3256 1949 3270 1996 ;
3301 1939 3353 1985 et
3381 1932 3446 1986 de
3482 1933 3587 1985 vita

2002 2033 2121 2083 qure
2147 2017 2212 2070 ad
2239 2018 2380 2072 solos
2421 2019 2589 2074 bonos
2618 2021 2877 2090 pertinet,
2909 2037 2975 2076 eo
3004 2021 3118 2092 ipso
3147 2038 3252 2091 quo
3282 2022 3407 2076 boni
3437 2022 3587 2076 fiunt.

2074 2107 2302 2165 CAPUT
2343 2111 2530 2166 XXIV.
2559 2140 2630 2152 —-
2668 2113 2764 2167 llic
2789 2123 2998 2178 autem,
3030 2113 3117 2168 ubi
3148 2114 3437 2170 secundum
3468 2130 3590 2168 cor-

2005 2216 2132 2270 pora
2173 2211 2572 2258 resurrecturos
2599 2204 2933 2272 pronuntiat,
2964 2221 3068 2258 non
3095 2205 3202 2270 ait,
3234 2204 3467 2260 Audient
3497 2219 3594 2260 vo-

2003 2306 2118 2346 cem
2161 2291 2307 2361 ejus,
2349 2301 2404 2346 et
2442 2293 2530 2361 qui
2560 2293 2857 2358 audierint,
2887 2294 3192 2362 precedent.
3225 2294 3422 2348 Omnes
3447 2296 3590 2348 enim

2006 2384 2346 2438 novissimam
2373 2382 2552 2438 tubam
2577 2384 2814 2448 audient,
2840 2391 2889 2438 et
2919 2383 3230 2453 precedent,
3253 2385 3376 2454 quia
3404 2399 3593 2440 omnes

2004 2491 2360 2547 resurgemus.
2401 2476 2506 2532 Sed
2541 2477 2663 2547 quia
2695 2492 2800 2531 non
2830 2491 3018 2532 omnes
3049 2477 3476 2544 immntabimnr,
3503 2493 3592 2531 se-

2005 2569 2185 2638 quitur
2223 2577 2278 2624 et
2317 2569 2485 2635 dicit,
2531 2569 2632 2637 Qui
2657 2569 2788 2623 bona
2817 2573 3040 2642 fecerunt
3065 2613 3078 2635 ,
3107 2570 3160 2623 in
3188 2571 3594 2624 resurrectionem

2005 2663 2156 2724 vitm;
2189 2659 2273 2729 qui
2302 2674 2418 2713 vero
2444 2659 2582 2712 mala
2607 2670 2850 2731 egerunt,
2877 2661 2931 2714 in
2955 2661 3366 2715 resurrectionem
3382 2660 3591 2729 judicii.

2007 2750 2265 2821 Superius
2292 2750 2469 2820 itaque
2495 2751 2582 2805 ubi
2613 2767 2710 2821 per
2739 2751 2898 2807 fidem
2926 2751 3218 2808 secundum
3244 2753 3488 2823 spiritum
3512 2768 3596 2809 re-

2007 2841 2320 2907 viviscitur,
2367 2840 2435 2896 ad
2477 2841 2718 2897 eamdem
2757 2852 2956 2898 sortem
3003 2856 3191 2899 omnes
3235 2845 3595 2910 reviviscunt;

2010 2941 2066 2985 ut
2093 2932 2197 2984 vita
2221 2945 2404 2986 eorum
2435 2947 2539 2985 non
2565 2931 2914 2987 distribuatur
2933 2933 2984 2987 in
3012 2932 3389 2988 beatitudinem
3412 2943 3466 2989 et
3490 2937 3593 2988 mi-

2009 3023 2202 3077 seriam
2229 3063 2242 3086 ,
2283 3021 2377 3078 sed
2410 3023 2474 3077 ad
2506 3024 2694 3078 bonam
2733 3033 2933 3093 partem
2965 3039 3150 3080 omnes
3180 3029 3492 3095 pertineant.
3533 3027 3598 3082 Et

2010 3113 2132 3169 ideo
2153 3130 2275 3169 cum
2305 3113 2554 3181 dixisset,
2589 3114 2688 3181 Qui
2709 3115 2995 3183 audierint,
3023 3117 3225 3181 vivent;
3254 3133 3358 3170 non
3381 3117 3594 3188 adjecit,

2009 3205 2108 3274 Qui
2139 3206 2273 3261 bona
2304 3217 2556 3278 egerunt,
2585 3208 2636 3262 in
2665 3208 2824 3262 vitam
2857 3217 3111 3264 :eternam
3136 3225 3151 3274 ;
3185 3209 3274 3279 qui
3304 3225 3434 3264 vero
3459 3211 3595 3263 mala

2009 3306 2231 3367 egerunt
2255 3340 2270 3364 ,
2315 3298 2366 3352 in
2395 3312 2608 3367 pinnam
2637 3306 2913 3354 a-ternam.
2946 3298 3058 3353 Hoc
3086 3298 3228 3353 enim
3256 3300 3426 3368 ipsum
3455 3301 3596 3369 quod

2009 3389 2208 3444 dictum
2238 3397 2337 3455 est,
2367 3389 2548 3454 vivent,
2577 3390 2629 3443 in
2652 3390 2792 3445 bono
2818 3389 3188 3444 tantummodo
3213 3391 3378 3460 accipi
3403 3391 3596 3447 voluit:

2011 3481 2145 3535 sicut
2170 3479 2330 3535 etiam
2359 3481 2604 3551 superius
2631 3522 2645 3544 ,
2672 3479 2986 3545 Transitum,
3021 3481 3211 3552 inquit,
3240 3483 3359 3551 fecit
3383 3500 3415 3535 a
3439 3493 3600 3536 morte

2010 3571 2081 3624 ad
2105 3571 2257 3624 vitam
2282 3587 2302 3637 ;
2329 3584 2428 3626 nec
2453 3570 2586 3625 dixit
2612 3571 2675 3625 ad
2701 3587 2860 3642 quam
2883 3571 3077 3636 vitam;
3107 3572 3226 3641 quia
3256 3587 3351 3641 per
3381 3571 3538 3627 fidem
3566 3589 3595 3625 a

2011 3667 2184 3715 morte
2227 3661 2582 3728 reviviscere,
2629 3676 2734 3714 non
2777 3668 2951 3731 potest
2987 3676 3108 3717 esse
3151 3661 3287 3716 mala
3328 3662 3451 3715 vita.
3502 3662 3598 3718 llic

2009 3762 2187 3808 autem
2227 3754 2400 3824 primo
2440 3768 2582 3821 non,
2628 3753 2862 3808 Audient
2901 3768 3087 3809 vocem
3125 3753 3242 3823 ejus
3286 3761 3344 3808 et’
3379 3753 3595 3818 vivent;

2012 3845 2185 3913 ipsom
2225 3845 2398 3909 enim,
2442 3846 2638 3913 vivent,
2687 3859 2784 3914 per
2826 3854 2988 3900 totam
3035 3844 3191 3900 istam
3232 3845 3512 3900 lectionem
3543 3846 3596 3899 in

2011 3938 2152 3993 bono
2179 3937 2395 4007 intelligi
2428 3938 2594 3992 voluit
2625 3957 2640 3991 :
2671 3937 2764 3991 sed
2794 3937 2924 3992 dixit
2944 3978 2958 4002 ,
2989 3937 3213 4000 audient,
3240 3949 3286 3991 et
3309 3939 3594 4006 precedent,

2010 4041 2117 4099 quo
2154 4029 2320 4083 verbo
2359 4027 2673 4098 signiﬁcavit
2709 4029 3044 4096 corporalem
3083 4037 3282 4081 motum
3314 4041 3600 4097 corp-trum

2011 4119 2078 4175 de
2106 4119 2240 4174 locis
2261 4119 2652 4188 sepulturarum
2679 4132 2914 4172 suarum.
2943 4117 3047 4172 Sed
3072 4118 3191 4187 quia
3216 4119 3506 4186 procedere
3529 4118 3603 4173 de

2012 4210 2369 4266 monumentis
2400 4225 2506 4264 non
2534 4209 2782 4265 omnibus
2807 4208 2873 4264 ad
2899 4208 3094 4263 bonum
3122 4209 3223 4263 erit
3255 4227 3267 4263 :
3305 4209 3404 4273 Qui
3433 4209 3560 4262 bona
3581 4251 3596 4272 ,

2011 4302 2215 4372 inquit,
2269 4304 2530 4373 fecerunt,
2571 4302 2625 4355 in
2666 4301 3079 4355 resurrectionem
3125 4301 3283 4364 vitae;
3326 4299 3484 4355 etiam
3513 4300 3602 4355 hic

2013 4393 2174 4447 vitam
2219 4393 2270 4447 in
2319 4392 2460 4446 bono
2501 4399 2706 4447 tantum
2734 4391 2953 4461 intelligi
2979 4392 3181 4446 voluit:
3209 4391 3294 4459 qui
3322 4408 3437 4446 vero
3463 4394 3601 4448 uiola

2012 4495 2250 4556 egerunt,
2298 4485 2502 4556 inquit,
2546 4487 2602 4539 in
2643 4484 3058 4540 resurrectionem
3097 4485 3305 4553 judicii,
3340 4485 3600 4555 judicium

2011 4580 2217 4634 scilicet
2246 4591 2341 4646 pro
2370 4593 2522 4646 poena
2549 4579 2744 4649 posuit.

2082 4668 2310 4725 CAPUT
2348 4668 2514 4723 XXV.
2537 4699 2610 4710 —
2625 4668 2714 4723 27.
2742 4667 2902 4735 Quale
2920 4683 3123 4740 corpus,
3148 4678 3196 4723 et
3215 4669 3380 4739 qualis
3396 4678 3602 4724 sancto-

2011 4775 2123 4815 rum
2149 4761 2249 4814 vita
2279 4770 2389 4829 post
2421 4761 2851 4814 resurrectionem.
2891 4761 3010 4818 Jam
3053 4777 3202 4832 ergo,
3247 4760 3459 4828 fratres,
3501 4777 3599 4816 ne-

2015 4868 2102 4906 mo
2130 4861 2334 4922 qumrat
2363 4865 2611 4921 perversa
2643 4851 2937 4907 subtilitate
2962 4851 3262 4920 cujusmodi
3303 4852 3472 4921 ﬁgura
3499 4852 3606 4906 erit

2013 4956 2297 5011 corporum
2329 4941 2382 4994 in
2434 4943 2831 4996 resurrectione
2885 4949 3238 5006 mortuorum,
3267 4948 3461 5011 quanta
3492 4947 3603 4994 sta-

2016 5026 2156 5100 titra,
2196 5033 2372 5104 qualis
2399 5042 2602 5096 motus,
2626 5033 2800 5103 qualis
2824 5034 3084 5090 incessus.
3107 5033 3315 5089 Sutucit
3335 5031 3429 5086 tibi
3459 5031 3602 5102 quod

2016 5129 2248 5198 resurgit
2280 5141 2409 5183 caro
2440 5137 2526 5182 tua
2558 5127 2610 5181 in
2640 5143 2702 5183 ea
2733 5129 2931 5198 specie,
2956 5128 3132 5197 inqua
3158 5126 3413 5179 Dominus
3440 5139 3606 5194 ηυρλ.

2016 5217 2142 5281 ruit,
2171 5219 2222 5272 in
2255 5217 2487 5272 hominis
2514 5218 2699 5288 utique
2722 5218 2926 5286 specie.
2956 5216 3061 5271 Sed
3100 5215 3207 5268 noli
3244 5226 3462 5284 propter
3477 5231 3604 5284 spe-

2017 5310 2154 5364 ciem
2187 5309 2374 5365 timere
2393 5310 2790 5379 corruptionem
2819 5309 2900 5362 :si
2921 5308 3064 5363 enim
3093 5323 3196 5362 non
3220 5307 3458 5361 timueris
3479 5322 3603 5360 cor-

2019 5404 2341 5470 ruptionem,
2371 5415 2474 5455 non
2503 5400 2714 5454 timebis
2755 5409 2810 5454 et
2851 5399 2996 5454 illam
3041 5399 3381 5470 sententiam,
3406 5397 3537 5451 Caro
3558 5412 3603 5452 et

2018 5469 2226 5564 sanguis
2245 5509 2455 5564 regnum
2485 5493 2579 5546 Dei
2597 5508 2697 5547 non
2729 5490 2997 5560 possidebit
3016 5506 3036 5546 :
3058 5469 3390 5546 nec.incides
3428 5489 3480 5544 in
3521 5490 3602 5543 la-

2020 5599 2216 5658 queum
2265 5585 2710 5650 Sadducteorum,
2755 5601 2914 5655 quem
2960 5592 3243 5656 propterea
3288 5598 3393 5639 non
3437 5585 3608 5654 possis

2021 5680 2246 5745 evitare,
2279 5679 2400 5749 quia
2428 5689 2582 5749 putas
2605 5677 2673 5732 ad
2701 5677 2802 5733 hoc
2826 5690 3108 5749 resurgere
3136 5676 3407 5738 homines.
3434 5687 3491 5731 ut
3509 5675 3606 5731 duo

2022 5781 2145 5830 cant
2181 5787 2400 5838 uxores,
2443 5781 2492 5827 et
2517 5779 2770 5842 generem
2796 5769 2951 5837 filios,
2976 5781 3028 5826 et
3092 5781 3248 5842 agant
3301 5783 3461 5839 opera
3521 5770 3603 5821 via
