4026 6186
429 297 557 355 1651

423 428 492 468 tu:
544 411 800 469 mortalis.
842 407 902 466 Si
932 409 1127 481 qumris
1167 405 1337 477 qualis
1376 403 1477 458 erit
1506 402 1633 468 vita,
1661 401 1780 472 quis
1819 396 1996 453 homi-

423 525 546 561 num
601 507 700 562 hoc
741 505 936 576 poterit
1001 499 1299 572 explicare?
1338 496 1458 550 Vita
1507 495 1609 552 erit
1654 493 1999 564 Angelorum.

423 601 752 670 Quicumque
784 596 875 652 libi
901 593 1130 666 poluerit
1153 590 1438 646 ostendere
1464 589 1622 642 vitam
1651 585 1998 656 Angelorum,

420 691 664 746 ostendet
703 691 862 744 vitam
884 702 1067 741 eorum
1087 702 1099 745 ;
1121 683 1242 753 quia
1277 680 1507 750 (cqualcs
1538 678 1696 732 futuri
1719 675 2002 731 cruntAn-

421 785 576 852 gulis.
629 782 682 838 Si
730 789 907 834 autem
947 777 1272 847 Angelorum
1307 774 1413 827 vita
1454 771 1660 827 occulta
1699 777 1814 833 cst,
1846 780 2003 822 nemo

424 882 627 944 quierat
665 871 924 940 amplius;
960 884 1025 922 ne
1067 883 1160 938 per
1198 879 1433 921 errorem
1474 878 1580 918 non
1621 858 1895 931 perveniat
1935 855 2003 910 ad

423 965 476 1020 id
516 963 655 1034 quod
684 961 895 1031 quaerit,
937 959 1029 1014 sed
1071 958 1134 1012 ad
1174 956 1314 1026 quod
1361 954 1457 1009 sibi
1508 954 1621 1022 ipse
1664 947 2001 1004 conﬁnxerit.

426 1057 773 1126 Przrpropere
805 1053 946 1108 enim
975 1049 1185 1120 quzcrit,
1229 1059 1280 1102 ct
1321 1045 1577 1100 festinans
1607 1041 1816 1112 quaerit.
1851 1038 1928 1092 Tu
1951 1038 2004 1090 in

424 1148 504 1198 via
545 1145 788 1208 ambula;
821 1143 1004 1198 venies
1032 1141 1096 1196 ad
1126 1139 1370 1210 patriam,
1403 1137 1446 1192 si
1478 1151 1581 1190 non
1604 1134 1821 1188 deseras
1840 1131 2002 1185 viam.

424 1236 623 1291 Tencte
648 1250 776 1305 ergo
804 1232 1093 1297 Christum,
1137 1231 1348 1294 fratres,
1396 1235 1573 1282 tenete
1615 1223 1798 1287 ﬁdem,
1829 1229 2006 1278 tenete

425 1330 564 1384 viam
591 1348 602 1381 :
625 1329 734 1398 ipsa
762 1343 858 1382 vos
889 1325 1140 1395 perducet
1161 1323 1227 1377 ad
1251 1321 1301 1375 id
1325 1319 1464 1390 quod
1493 1319 1672 1373 videre
1714 1316 1871 1371 modo
1899 1329 2004 1369 non

425 1420 667 1488 potestis.
699 1419 754 1472 In
786 1417 876 1471 illo
915 1416 1057 1470 enim
1096 1414 1268 1481 capite
1312 1411 1556 1480 apparuit
1581 1407 1723 1478 quod
1764 1413 2008 1474 speretur

429 1514 478 1566 in
507 1509 788 1572 membris;
835 1511 887 1561 in
927 1506 1016 1560 illo
1085 1503 1425 1558 fundamento
1465 1501 1886 1554 demonstratum
1927 1505 2010 1550 est

424 1603 563 1673 quod
608 1602 658 1656 in
703 1609 880 1654 nostra
924 1597 1212 1652 :edilicetur
1241 1594 1364 1659 ﬁde,
1389 1601 1448 1646 ut
1492 1599 1672 1662 postea
1704 1587 2010 1659 perﬁciatur

425 1692 479 1747 in
509 1691 688 1761 specie
714 1707 725 1742 :
751 1704 818 1743 ne
841 1689 975 1743 forte
1000 1702 1120 1742 cum
1149 1684 1343 1755 putatis
1367 1698 1463 1737 vos
1489 1694 1726 1744 cernere,
1756 1685 2008 1748 appareat

425 1783 577 1838 vobis
617 1781 815 1852 aliquid
853 1796 946 1851 per
993 1779 1275 1848 imaginem
1305 1776 1490 1830 falsam
1521 1775 1671 1844 quasi
1709 1786 1829 1828 esse
1867 1767 2008 1841 quod

425 1890 532 1927 non
558 1881 658 1936 cst,
690 1881 744 1928 et
769 1871 983 1926 dimissa
1014 1871 1094 1923 via
1127 1870 1182 1923 in
1209 1881 1447 1923 errorem
1475 1864 1718 1930 devictis,
1743 1873 1794 1917 et
1817 1861 1882 1916 ad
1921 1875 2010 1930 pa-

426 1968 579 2021 triam
609 1981 714 2036 quo
751 1963 898 2019 ducit
944 1964 1048 2026 via,
1082 1961 1133 2016 id
1183 1968 1284 2027 est,
1333 1959 1400 2014 ad
1447 1957 1680 2030 Speciem
1723 1971 1828 2026 quo
1865 1954 2010 2009 ducit

430 2058 580 2119 ﬁdes,
625 2073 728 2110 non
754 2055 1092 2125 pcrvcniatis.

495 2166 720 2222 CIPUT
746 2163 937 2220 XXVI.
975 2194 1046 2202 —
1069 2163 1158 2218 98.
1196 2161 1314 2214 Vita
1347 2160 1526 2214 similis
1564 2156 1870 2228 Angelorunt
1891 2155 2008 2221 erit,

424 2273 598 2310 carens
641 2253 873 2322 operibus
911 2250 1248 2322 corruptionis
1290 2259 1334 2302 et
1374 2249 1684 2319 indigentiw.
1729 2246 2011 2300 Sabbatnm

425 2356 738 2418 perpetuum.
755 2342 1118 2398 Misericordiae
1135 2358 1287 2411 opera
1308 2357 1396 2395 cur
1409 2341 1477 2394 ibi
1495 2339 1638 2392 nulla
1651 2348 1814 2391 erunt.
1831 2337 2007 2398 Dices,

424 2437 704 2505 Quomodo
741 2436 923 2489 vivunt
951 2433 1179 2502 Angeli?
1205 2431 1415 2487 Sufficit
1437 2430 1530 2484 tibi
1551 2429 1690 2484 scire
1720 2429 1841 2493 hoc,
1865 2425 2009 2496 quod

425 2545 531 2584 non
552 2526 966 2595 corruptibiliter
999 2525 1202 2577 vivunt.
1234 2521 1467 2576 Facilius
1511 2519 1655 2573 enim
1705 2518 1797 2570 tibi
1836 2523 2012 2585 potest

423 2620 524 2675 dici
551 2618 677 2688 quid
721 2617 788 2672 ibi
839 2632 944 2669 non
985 2613 1106 2678 erit,
1150 2627 1307 2682 quam
1349 2609 1475 2680 quid
1519 2610 1591 2663 ibi
1631 2608 1751 2662 erit.
1782 2607 2005 2662 Possum

423 2712 564 2767 enim
592 2720 648 2765 et
675 2725 793 2778 ego,
841 2709 1034 2762 fratres
1080 2707 1208 2772 mei,
1250 2705 1486 2760 breviter
1514 2704 1663 2758 vobis
1690 2717 2008 2774 percurrere

423 2805 663 2873 quaedam
689 2821 806 2874 quae
838 2805 906 2858 ibi
936 2819 1039 2858 non
1077 2813 1234 2858 erunt
1269 2821 1284 2857 :
1324 2812 1378 2857 et
1419 2801 1521 2855 hoc
1564 2810 1843 2869 propterea
1885 2813 2010 2867 pos-

423 2911 562 2960 snm,
594 2896 715 2964 quia
748 2895 844 2948 ista
875 2895 1082 2963 experti
1115 2909 1322 2957 sumus,
1349 2900 1402 2946 et
1433 2891 1678 2945 novimus
1703 2905 1763 2943 ea
1790 2904 1910 2958 qua:
1937 2889 2009 2943 ibi

425 3002 528 3042 non
552 2997 725 3040 erunt.
750 2985 885 3053 Quid
913 2993 1089 3040 autem
1115 2985 1187 3038 ibi
1209 2984 1312 3038 erit
1341 2982 1574 3038 nondum
1605 2995 1790 3037 sumus
1815 2995 2009 3048 exper-

423 3077 482 3132 ti.
521 3075 621 3131 Per
644 3077 794 3145 ﬁdem
831 3077 964 3130 enim
1006 3075 1343 3136 ambulamus,
1383 3071 1606 3127 nondum
1636 3087 1724 3141 per
1749 3070 1965 3139 speciem
1987 3085 2006 3124 :

424 3168 663 3238 quantdiu
686 3184 857 3220 sumus
883 3168 934 3220 iit
964 3182 1192 3236 corpore,
1221 3164 1600 3233 peregrinomur
1634 3179 1666 3214 α
1701 3159 1919 3214 Domino
1943 3157 2008 3229 (II

427 3257 543 3312 Cor.
571 3273 622 3324 v,
649 3257 681 3312 6
713 3267 757 3310 et
785 3258 860 3326 7).
893 3256 1032 3325 Quid
1061 3271 1190 3326 ergo
1218 3256 1288 3310 ibi
1317 3269 1422 3309 non
1450 3253 1589 3308 erit?
1628 3252 1831 3306 Ducere
1876 3265 2008 3320 uxo-

425 3365 558 3416 rem,
609 3358 666 3404 ut
712 3351 802 3404 ﬁlii
850 3359 1242 3420 propagentur;
1285 3347 1408 3418 quia
1460 3360 1564 3400 non
1607 3355 1688 3399 est
1714 3344 1782 3398 ibi
1816 3356 2005 3397 mors:

427 3455 530 3495 non
568 3441 639 3495 ibi
670 3443 774 3496 erit
817 3456 1079 3505 crescere,
1122 3440 1242 3509 quia
1291 3453 1388 3494 nec
1427 3449 1871 3492 senescereznon
1909 3432 2013 3486 erit

429 3529 669 3593 refectio,
711 3531 830 3598 quia
875 3545 972 3584 nec
1015 3527 1280 3583 defectio:
1308 3543 1411 3581 non
1459 3526 1529 3580 ibi
1575 3532 1731 3578 erunt
1778 3522 2006 3590 negotia,

427 3621 550 3690 quia
580 3635 679 3674 nec
707 3621 1028 3689 indigentia;
1052 3634 1150 3674 nec
1180 3619 1290 3688 ipsa
1322 3616 1602 3672 laudabilia
1633 3629 1793 3684 opera
1833 3613 2008 3667 homi-

431 3727 556 3766 num
577 3711 958 3774 innocentium,
974 3725 1092 3782 qute
1106 3710 1249 3780 cogit
1263 3709 1472 3778 operari
1488 3715 1695 3776 egestas
1709 3714 1761 3759 et
1779 3703 2012 3759 necessi-

428 3813 512 3858 tas
539 3803 693 3873 hujus
712 3803 858 3858 vitaz.
879 3802 994 3858 Non
1017 3801 1156 3858 enim
1177 3801 1297 3856 dico
1323 3795 1688 3854 tantummodo
1709 3810 1813 3850 non
1834 3794 1902 3849 ibi
1928 3792 2010 3848 fu-

432 3904 548 3950 tura
575 3910 733 3965 opera
753 3894 1018 3950 latronum
1037 3901 1130 3948 aut
1149 3892 1526 3953 feneratorum,
1545 3889 1639 3946 sed
1658 3889 1768 3960 ipsa
1790 3902 1907 3958 quae
1924 3887 2005 3942 in-

429 3996 681 4043 nocentes
703 3986 943 4043 homines
957 3994 1245 4056 operantur
1258 3992 1473 4054 propter
1497 3980 1845 4053 indigentiam
1873 3978 2005 4034 sub-

427 4077 766 4134 levandarum
803 4076 1153 4132 humanarum
1203 4075 1600 4141 necessitatum,
1619 4087 1724 4128 non
1741 4071 1814 4126 ibi
1829 4078 2005 4126 erunt.

498 4189 725 4244 CAPUT
750 4189 960 4243 XXVII.
981 4220 1053 4230 —
1071 4187 1359 4244 Sabbatnm
1387 4186 1486 4239 erit
1512 4193 1844 4254 perpetuum,
1867 4181 2008 4252 quod

430 4294 458 4332 a
511 4279 709 4333 Judteis
751 4279 1050 4332 celebratur
1088 4277 1472 4346 temporaliter,
1504 4291 1534 4330 a
1574 4275 1726 4330 nobis
1751 4282 1924 4328 autem
1956 4275 2009 4326 in

430 4383 685 4426 aeternum
716 4370 1050 4439 intelligitur.
1088 4369 1249 4437 Quies
1285 4368 1385 4422 erit
1423 4367 1722 4432 inelfabilis,
1767 4381 1886 4436 quae
1916 4379 2012 4419 ex-

333 4481 338 4486 '
431 4462 616 4532 plicari
655 4477 756 4514 non
805 4468 1013 4529 potest;
1045 4459 1160 4523 sed,
1190 4467 1247 4512 ut
1287 4457 1418 4523 disi,
1452 4465 1737 4525 utcumque
1776 4455 2011 4525 explica-

433 4564 538 4619 tur,
568 4566 686 4605 cum
715 4551 961 4604 dicuntur
989 4566 1106 4621 quze
1128 4549 1198 4603 ibi
1228 4564 1334 4603 non
1359 4555 1535 4602 erunt.
1576 4546 1656 4602 Ad
1686 4547 1828 4601 illam
1855 4545 2011 4616 quie-

433 4651 536 4697 tem
589 4641 875 4706 tendimus,
916 4641 982 4697 ad
1028 4641 1170 4695 illam
1221 4638 1564 4710 spiritualiter
1608 4651 2008 4708 regeneramur.

430 4733 580 4788 Sicut
617 4731 760 4786 enim
809 4731 876 4786 ad
920 4731 1131 4787 labores
1167 4729 1454 4786 carnaliter
1499 4728 1786 4792 nascimur,
1825 4725 1896 4780 ita
1944 4722 2011 4778 ad

429 4823 665 4892 quietem
695 4821 1040 4892 spiritualiter
1067 4822 1396 4876 renascimur
1428 4837 1441 4874 :
1474 4820 1739 4876 clamante
1769 4818 1876 4882 illo,
1917 4815 2012 4870 Ve-

434 4913 533 4966 nite
558 4912 625 4966 ad
649 4928 744 4975 me,
774 4929 946 4966 omnes
983 4912 1069 4982 qui
1110 4912 1350 4967 laboratis
1384 4921 1430 4966 et
1469 4911 1662 4966 onerati
1685 4909 1824 4974 estis,
1847 4917 1893 4961 et
1921 4923 2012 4979 ego

433 5005 658 5069 reﬁciam
704 5020 787 5058 vos
818 5004 1027 5075 (Matth.
1062 5019 1130 5068 xi,
1162 5001 1277 5075 28).
1308 5003 1403 5058 llic
1434 5002 1621 5070 pascit,
1663 5001 1732 5055 ibi
1755 4997 2008 5068 perﬁcit:

432 5095 520 5152 hic
558 5097 836 5166 promittit,
868 5097 936 5150 ibi
976 5095 1152 5152 reddit
1176 5113 1187 5148 :
1213 5095 1298 5150 hic
1325 5093 1604 5164 signiﬁcat,
1633 5092 1706 5146 ibi
1735 5089 2011 5162 exprimit.

430 5189 559 5242 (ῖιιιιι
588 5197 764 5242 autem
799 5177 967 5242 iu’illa
1000 5186 1326 5243 beatitudine
1364 5193 1418 5239 et
1453 5183 1640 5252 spiritu
1683 5189 1740 5236 et
1780 5194 2009 5250 corpore

432 5297 515 5349 per
531 5280 651 5336 fecti
691 5282 929 5350 salvique
969 5279 1246 5342 fuerimus,
1275 5279 1372 5331 ista
1419 5275 1627 5344 negotia
1667 5289 1772 5329 non
1817 5283 2009 5337 erunt;

431 5385 530 5424 nec
561 5373 646 5426 illa
679 5371 748 5426 ibi
777 5380 955 5436 erunt,
987 5387 1105 5440 qua:
1135 5370 1220 5424 hic
1260 5367 1539 5422 laudantur
1565 5366 1614 5420 in
1645 5365 1799 5420 bonis
1828 5364 2013 5434 operi-

430 5459 531 5515 bus
552 5441 996 5518 Christianofum.
1028 5461 1159 5529 Quis
1187 5460 1327 5514 enim
1362 5474 1467 5514 non
1494 5457 1737 5512 laudatur
1764 5457 2016 5512 christia-

431 5566 532 5605 nus
571 5554 889 5625 porrigenda
927 5568 1116 5624 panem
1163 5550 1417 5606 esurienti
1459 5560 1745 5620 potumque
1779 5549 2010 5614 sitienti,

431 5643 706 5696 vestiendo
740 5643 961 5707 nudum,
990 5643 1326 5713 suscipiendo
1352 5643 1718 5714 peregrinum.
1763 5641 2002 5711 pacando

433 5730 737 5801 litigiosum,
771 5736 1029 5793 visitaudo
1056 5746 1334 5809 aegrotum,
1362 5733 1666 5807 sepeliendo
1712 5743 2001 5802 mortuum,

1629 285 1684 342 ε.
1721 276 2086 339 AUGUSTINI
2118 277 2416 335 EPISCOPI

3469 339 3476 346 _
3565 270 3699 328 tces

2112 390 2437 447 consolando
2481 389 2784 461 lugentem?
2824 387 3009 459 Magna
3052 401 3235 454 Opera,
3277 384 3437 458 plena
3485 385 3697 441 miseri-

2111 481 2326 544 cordiae,
2350 481 2501 551 plena
2528 479 2703 534 laudis
2726 489 2779 535 et
2801 480 3008 548 gratite.
3035 479 3144 535 Sed
3173 493 3270 534 nec
3292 478 3403 548 ipsa
3427 477 3494 532 ibi
3518 488 3697 534 eruut:

2112 573 2233 643 quia
2263 588 2423 642 opera
2455 569 2835 626 misericordia:
2879 571 3173 626 necessitas
3217 567 3447 623 miseriae
3489 581 3699 636 compa-

2113 663 2267 718 ravit.
2297 662 2465 730 Quem
2494 662 2684 732 pascis,
2717 661 2806 716 ubi
2839 676 2995 715 nemo
3022 660 3226 716 esurit?
3250 659 3343 714 Cui
3375 666 3553 729 potum
3578 659 3696 724 das,

2115 751 2200 808 ubi
2229 768 2387 807 nemo
2416 752 2565 806 sitit?
2597 753 2677 805 An
2707 751 2993 804 vestiturus
3038 765 3097 806 es
3143 748 3363 815 nudum,
3393 748 3479 802 ubi
3511 764 3700 804 omnes

2112 843 2224 912 ipsa
2269 841 2663 896 immortalitate
2703 841 2878 896 vestiti
2923 840 3082 894 sunt?
3123 838 3330 893 Audisti
3379 839 3535 908 paulo
3575 847 3700 892 ante

2113 936 2317 991 tunicas
2344 945 2671 1000 sanctorum,
2699 935 2949 1004 loquente
2980 934 3255 1004 Apostolo,
3285 932 3490 1003 Oportet
3522 949 3700 985 corru-

2113 1025 2285 1097 ptibilc
2305 1027 2398 1080 hoc
2420 1027 2624 1080 induere
2667 1027 3116 1096 incorruptimtem.
3147 1024 3246 1080 Ubi
3275 1024 3495 1079 induere
3520 1009 3698 1089 sonat,

2114 1117 2478 1172 indumentum
2509 1117 2724 1172 indicat.
2755 1117 2865 1173 lloc
2909 1117 3276 1173 indumentum
3308 1117 3475 1172 Adam
3521 1115 3701 1187 perdi-

2114 1208 2210 1274 dit,
2255 1218 2312 1262 ut
2355 1208 2520 1278 pelles
2557 1211 2840 1279 acciperet.
2869 1210 2949 1264 An
2980 1209 3317 1279 peregrinum
3356 1217 3700 1277 suscepturus

2113 1315 2193 1366 es,
2229 1299 2315 1353 ubi
2343 1315 2528 1354 omnes
2558 1300 2608 1354 in
2648 1302 2815 1370 patria
2859 1317 2954 1354 sua
2985 1301 3208 1355 vivunt?
3236 1299 3489 1369 Egrotos
3519 1297 3699 1351 visita-

2115 1393 2215 1456 bis,
2250 1392 2337 1446 ubi
2378 1407 2564 1447 omnes
2602 1393 2787 1448 eadem
2821 1393 3242 1462 incorruptionis
3274 1391 3525 1446 ﬁrmitate
3549 1391 3696 1461 vige-

2115 1483 2286 1538 btmt?
2310 1483 2572 1538 Mortuum
2613 1485 2937 1554 sepulturus,
2967 1485 3053 1539 ubi
3080 1499 3293 1554 semper
3319 1483 3534 1537 vivunt?
3567 1483 3698 1536 Liti—

2114 1583 2299 1644 gantcs
2327 1573 2770 1639 concordaturus,
2800 1574 2888 1628 ubi
2919 1574 3096 1627 omnia
3137 1573 3188 1628 in
3220 1589 3350 1643 pace
3376 1571 3539 1627 sunt?
3577 1571 3699 1626 Tri-

2115 1675 2224 1721 stes
2249 1667 2641 1729 consolaturus,
2670 1666 2758 1720 ubi
2787 1681 2974 1720 omnes
2996 1666 3048 1720 in
3075 1675 3332 1720 aeternum
3361 1665 3700 1736 gaudebunt?

2113 1758 2247 1824 Quia
2276 1772 2404 1827 ergo
2444 1758 2728 1812 cessabunt
2768 1757 2928 1811 simul
2973 1758 3222 1822 miseriae,
3253 1757 3542 1813 cessabunt
3585 1757 3700 1811 haec

2114 1863 2273 1917 opera
2304 1847 2706 1906 misericordiae.

2184 1939 2409 1995 CAPUT
2451 1939 2685 1994 XXVIII.
2708 1971 2780 1980 —
2795 1941 2882 1997 29.
2911 1941 3038 2008 Qua?
3057 1943 3150 1996 erit
3174 1943 3430 1996 beatorum
3446 1942 3574 1994 actio
3593 1949 3702 2010 post

2113 2033 2546 2085 resurrectionem.
2574 2031 2731 2085 Amen
2752 2042 2804 2085 et
2839 2032 3056 2086 Alleluia
3094 2035 3184 2087 erit
3225 2043 3328 2086 tota
3363 2033 3494 2086 actio
3530 2043 3701 2086 nostra

2114 2122 2221 2176 sine
2243 2123 2408 2176 (ardia.
2431 2122 2568 2189 Quid
2595 2137 2723 2192 ergo
2774 2123 2842 2178 ibi
2864 2124 3090 2194 agetur?
3126 2123 3314 2178 Nonne
3337 2124 3446 2193 jam
3469 2123 3600 2188 dixi,
3631 2123 3704 2177 fa-

2114 2213 2268 2266 cilius
2300 2228 2384 2267 me
2410 2213 2588 2268 dicere
2621 2213 2743 2284 quid
2771 2213 2838 2268 ibi
2870 2229 2978 2268 non
2997 2214 3118 2281 erit,
3141 2230 3298 2284 quam
3322 2214 3447 2284 quid
3471 2214 3543 2268 ibi
3561 2216 3702 2268 erit?

2116 2304 2249 2360 Illud
2278 2307 2408 2370 scio,
2437 2306 2644 2371 fratres,
2673 2305 2813 2376 quod
2853 2320 2958 2359 non
3013 2321 3198 2361 sumus
3234 2305 3572 2360 dormitaturi
3606 2322 3701 2359 va—

2117 2396 2308 2459 cando,
2337 2397 2457 2465 quia
2481 2407 2534 2451 et
2562 2398 2674 2468 ipse
2700 2412 2918 2451 somnus
2945 2397 3243 2452 subsidium
3265 2396 3579 2453 defectionis
3604 2396 3700 2452 da-

2119 2497 2203 2542 tus
2235 2497 2316 2541 est
2357 2489 2566 2541 animm.
2598 2488 2802 2560 Quippe
2831 2489 3182 2544 intentionem
3215 2500 3521 2559 perpetuam
3553 2506 3702 2544 mor-

2119 2581 2246 2636 tales
2304 2595 2491 2634 sensus
2541 2581 2831 2650 agitantem
2866 2596 2970 2634 non
3022 2579 3190 2634 ferret
3239 2580 3426 2650 fragile
3472 2595 3692 2648 corpus,

2118 2672 2216 2726 nisi
2256 2672 2499 2726 sensibus
2538 2671 2828 2741 con50pitis
2866 2671 2930 2726 ad
2961 2671 3201 2726 eamdem
3239 2672 3580 2742 agitationem
3623 2671 3701 2725 fe-

2117 2763 2336 2817 rendam
2362 2773 2698 2834 repararetur
2724 2763 2836 2833 ipsa
2859 2763 3151 2834 fragilitas;
3179 2773 3232 2818 et
3252 2763 3701 2834 quemadmodum

2117 2869 2181 2908 ex
2210 2865 2380 2910 morte
2421 2855 2691 2908 innovatio
2717 2854 2889 2908 futura
2916 2862 3019 2918 est,
3051 2855 3128 2910 sic
3157 2870 3295 2909 nunc
3321 2871 3385 2909 ex
3417 2869 3607 2908 somno
3628 2856 3704 2908 vi-

2116 2943 2299 3013 gilatio
2323 2943 2493 2998 ﬁeret.
2528 2944 2603 2998 lbi
2650 2960 2778 3015 ergo
2827 2960 2932 2998 non
2979 2946 3100 2999 erit.
3148 2945 3253 3000 Ubi
3293 2945 3435 3000 enim
3481 2961 3583 2997 non
3622 2956 3705 2998 est

2114 3051 2278 3102 mors,
2300 3053 2398 3091 nec
2420 3037 2590 3107 imago
2618 3038 2804 3092 mortis
2820 3039 2941 3092 erit.
2967 3037 3074 3093 Nec
3113 3047 3292 3093 tamen
3313 3039 3557 3108 cuiquam
3579 3037 3705 3091 sub-

2113 3137 2263 3196 repat
2329 3128 2490 3181 timor
2530 3128 2806 3182 twdiorum
2835 3171 2849 3194 ,
2881 3144 3001 3182 eum
3037 3129 3087 3183 ei
3115 3128 3306 3183 dicitur
3330 3127 3468 3198 quod
3494 3143 3706 3195 semper

2117 3219 2373 3289 vigilabit,
2402 3229 2455 3273 ct
2489 3235 2590 3272 non
2623 3231 2743 3289 aget
2761 3219 2984 3290 aliquid.
3019 3219 3241 3274 Possum
3270 3220 3470 3285 dicere,
3494 3229 3546 3274 et
3567 3235 3702 3290 qno-

2116 3310 2277 3365 modo
2301 3311 2514 3380 quidem
2547 3310 2779 3364 futurum
2823 3312 2912 3377 sit,
2943 3327 3047 3364 non
3088 3326 3303 3380 possum
3348 3310 3548 3375 dicere,
3580 3311 3702 3378 quia

2119 3417 2217 3456 nec
2239 3401 2416 3455 videre
2445 3401 2617 3455 adhuc
2650 3417 2866 3470 possum
2893 3419 2905 3454 2
2933 3411 3108 3457 tamen
3137 3401 3336 3472 aliquid
3379 3418 3481 3456 non
3529 3402 3704 3472 impu-

2117 3493 2304 3547 denter
2341 3491 2480 3556 dico,
2521 3492 2643 3562 quia
2688 3491 2755 3547 de
2795 3489 3083 3562 Scripturis
3125 3492 3266 3556 dico,
3316 3508 3436 3562 qum
3477 3493 3545 3545 ibi
3601 3493 3706 3544 erit

2117 3585 2256 3638 actio
2283 3595 2483 3639 nostra.
2511 3585 2640 3639 Tota
2672 3586 2809 3639 actio
2838 3594 3040 3652 nostra,
3066 3587 3234 3639 Amen
3257 3594 3310 3641 et
3333 3585 3552 3639 Allehtia
3575 3587 3700 3639 erit.

2117 3674 2251 3742 Quid
2291 3674 2485 3739 dicitis,
2521 3675 2746 3729 fratres?
2819 3676 2984 3730 Video
3022 3677 3163 3746 quod
3202 3676 3394 3730 auditis
3437 3686 3488 3732 et
3530 3678 3694 3746 gavisi

2117 3765 2267 3819 estis.
2292 3763 2395 3820 Sed
2423 3764 2583 3817 nolite
2602 3765 2791 3817 iterum
2813 3767 3014 3819 carnali
3037 3766 3354 3836 cogitatione
3376 3768 3702 3829 contristari,

2117 3857 2235 3924 quia
2260 3856 2302 3908 si
2333 3854 2470 3909 forte
2499 3854 2691 3924 aliquis
2729 3867 2964 3910 vestrum
2999 3859 3206 3912 steterit
3228 3868 3279 3911 et.
3302 3859 3498 3912 dixerit
3523 3861 3701 3929 quoti-

2115 3947 2220 4013 die,
2253 3949 2419 4001 Amen
2447 3955 2502 4001 et
2529 3946 2776 4013 Alleluia,
2832 3947 2990 4002 tzedio
3017 3962 3330 4014 marcescct,
3377 3961 3430 4005 ct
3479 3952 3528 4010 in
3577 3955 3705 4021 ipsis

2115 4039 2334 4093 vocibus
2360 4038 2685 4102 dormitabit,
2719 4048 2773 4095 et
2799 4049 2974 4094 tacere
3001 4039 3113 4108 jam
3145 4041 3311 4094 volet:
3341 4049 3394 4094 et
3421 4053 3705 4111 propterea

2119 4140 2269 4201 putet
2295 4130 2393 4184 sibi
2421 4144 2540 4184 esse
2569 4130 2956 4199 aspernabilem
2985 4132 3168 4197 vitam,
3201 4141 3253 4186 et
3293 4146 3395 4185 nou
3424 4131 3704 4186 desidera-

2114 4223 2297 4288 bilem,
2321 4221 2560 4277 dicentes
2587 4223 2978 4292 vobismetipsis
3003 4241 3016 4276 :
3038 4229 3204 4278 Amen
3236 4234 3288 4278 et
3315 4225 3540 4278 Alleluia
3562 4241 3706 4281 sem-

2115 4331 2212 4385 per
2238 4315 2429 4370 dicturi
2459 4329 2662 4377 sumus.
2695 4315 2815 4384 quis
2845 4314 3096 4369 durabit?
3126 4316 3307 4370 Dicam
3349 4331 3497 4386 ergo,
3530 4317 3573 4370 si
3605 4332 3702 4385 po-

2115 4415 2248 4470 tero,
2269 4397 2521 4475 quantum
2543 4413 2747 4474 potero.
2761 4403 2876 4460 Non
2894 4406 3040 4460 sonis
3054 4405 3450 4460 transeuntibus
3466 4406 3704 4461 dicemus

2115 4499 2282 4553 Amen
2307 4507 2359 4553 et
2385 4497 2628 4560 Alleluia,
2657 4496 2751 4551 sed
2797 4495 2988 4551 aﬁ‘cctu
3035 4497 3218 4550 animi.
3252 4496 3389 4564 Quid
3440 4505 3522 4552 est
3560 4498 3702 4551 enim

2115 4589 2322 4643 Amen?
2351 4587 2477 4658 quid
2525 4586 2790 4642 Alleluia?
2834 4589 3025 4651 Amen,
3067 4596 3148 4640 est
3196 4602 3381 4640 verum
3413 4603 3425 4639 :
3454 4569 3701 4651 Alleluia,

2116 4681 2328 4737 laudate
2359 4682 2546 4735 Deum.
2578 4680 2709 4748 Quia
2741 4693 2868 4748 ergo
2895 4679 3036 4732 Deus
3067 4679 3265 4732 veritas
3290 4686 3370 4732 est
3401 4678 3703 4732 incommu-

2120 4771 2315 4838 tabilis,
2348 4771 2463 4825 sine
2491 4769 2726 4831 defectu,
2755 4770 2870 4823 sine
2899 4777 3176 4838 provectu,
3207 4769 3324 4822 sine
3359 4767 3705 4834 detrimento,

2116 4865 2230 4920 sine
2253 4871 2556 4933 augmento,
2589 4861 2703 4917 sine
2729 4859 2954 4930 alicujus
2979 4858 3226 4914 falsitatis
3245 4859 3583 4913 inclinatione
3603 4859 3703 4926 (τι),

2117 4966 2391 5027 perpetua,
2427 4962 2482 5010 et
2522 4953 2750 5020 stabilis,
2775 4961 2830 5007 et
2876 4967 3092 5022 semper
3132 4952 3550 5022 incorruptibilis
3589 4968 3704 5004 ma-

2119 5065 2286 5114 nens;
2319 5047 2434 5102 brcc
2474 5056 2651 5102 autem
2693 5060 2814 5114 qua:
2853 5045 3060 5115 agimus
3090 5045 3141 5098 in
3169 5055 3410 5100 creatura
3438 5054 3491 5099 et
3518 5045 3571 5098 in
3605 5045 3704 5096 ista

2118 5143 2245 5211 vita,
2279 5141 2421 5197 velut
2450 5141 2627 5210 ﬁgura:
2666 5147 2791 5193 sunt
2810 5154 2988 5193 rerum
3013 5153 3110 5208 per
3139 5138 3561 5207 signiﬁcationes
3582 5151 3702 5190 cor-

2121 5249 2334 5306 porum,
2367 5241 2420 5287 ct
2447 5230 2690 5302 quaedam
2722 5230 2773 5285 in
2803 5231 2994 5300 quibus
3022 5230 3356 5286 ambulamus
3389 5246 3482 5299 per
3511 5229 3703 5282 tidem:

2120 5343 2242 5382 cum
2272 5325 2559 5380 viderimus
2599 5321 2730 5377 facie
2780 5321 2844 5376 ad
2891 5323 3077 5377 faciem
3117 5322 3256 5392 quod
3296 5337 3434 5376 nunc
3464 5319 3706 5374 videmus

2121 5433 2215 5488 per
2265 5415 2541 5485 speculum
2587 5415 2639 5467 in
2688 5413 2969 5482 aenigmate
3008 5413 3065 5484 (l
3096 5411 3214 5469 Cor.
3264 5428 3376 5477 xm,
3426 5410 3539 5480 12),
3574 5421 3702 5463 tunc

2121 5504 2274 5574 longe
2323 5501 2427 5556 alio
2470 5509 2523 5556 et
2567 5500 2907 5555 ineffabilitcr
2950 5500 3057 5555 alio
3090 5500 3281 5555 affectu
3308 5499 3569 5563 dicemus,
3607 5497 3702 5552 V'e»

2183 5617 2255 5679 (τι)
2274 5615 2442 5679 Melius
2455 5627 2563 5679 cum
2579 5613 2743 5670 Morel,
2760 5612 2826 5662 El.
2844 5621 2976 5679 Crit..,
3001 5628 3048 5676 ρ.
3075 5612 3181 5679 516,
3211 5611 3545 5679 inquitmtione,
3570 5609 3702 5679 quod

2121 5672 2403 5727 vocabulum
2435 5689 2507 5739 ap]
2526 5678 2668 5743 rimo
2691 5676 2956 5743 resisoudet
2991 5672 3303 5743 fortiteparti
3330 5672 3712 5724 enumerationis

2123 5743 2341 5804 proxime
2363 5737 2630 5802 sequentis,
2658 5737 2703 5786 id
2729 5747 2823 5799 est,
2848 5737 3236 5798 turorruptil'ilis.
3306 5743 3347 5786 It
