4026 6186
351 311 488 372 Ιὺῦῧ

345 447 464 488 rum
488 438 598 493 est;
633 435 686 482 ct
717 442 839 482 cum
863 424 963 480 hoc
989 425 1246 488 dicemus,
1277 423 1442 477 Amen
1469 421 1648 492 utique
1675 423 1938 486 dicemus,

345 525 438 578 sed
470 521 760 576 insatiabili
783 520 1047 574 satietate.
1067 517 1198 585 Quia
1223 515 1363 571 enim
1396 531 1498 570 non
1528 514 1702 570 deerit
1721 511 1941 583 aliquid,

347 615 471 670 ideo
514 612 738 666 satietas
784 629 798 664 :
833 609 954 680 quia
987 623 1112 663 vero
1145 607 1273 661 illud
1301 605 1442 676 quod
1475 621 1579 659 non
1609 603 1778 658 deerit
1803 617 1946 656 sem-

349 724 445 778 per
469 703 778 769 delectabit,
813 702 934 756 ideo
954 699 1220 771 qmedam,
1244 699 1288 752 si
1316 698 1418 753 dici
1449 704 1640 766 potest,
1671 693 1945 748 insatiabi-

347 801 416 854 lis
448 799 669 852 satietas
701 796 822 848 erit.
865 793 1034 860 Quam
1079 805 1206 860 ergo
1254 787 1625 843 insatiabiliter
1668 783 1946 840 satiaberis

347 891 598 954 veritate,
650 895 758 940 tam
801 883 1094 938 insatiabili
1133 881 1356 935 veritate
1395 879 1576 942 dices,
1607 879 1799 930 Amen.
1829 875 1944 928 .lam

345 981 511 1052 quale
545 987 629 1035 est
671 977 792 1048 quis
833 982 1010 1045 potest
1055 972 1254 1039 dicere,
1284 970 1421 1040 quod
1457 967 1636 1022 oculus
1672 983 1769 1019 non
1803 965 1943 1029 vidit,

347 1090 442 1128 nec
464 1073 605 1126 auris
626 1069 838 1132 audivit,
853 1083 944 1120 nec
965 1067 1014 1120 in
1029 1081 1116 1119 cor
1126 1063 1342 1118 hominis
1355 1059 1576 1115 ascendit
1598 1059 1636 1132 (l
1653 1058 1767 1113 Cor.
1788 1075 1842 1124 tt,
1863 1058 1947 1126 9)?

347 1163 486 1232 Quia
515 1162 696 1230 itaque
735 1159 851 1212 sine
891 1157 1071 1226 aliquo
1099 1153 1309 1208 fastidio
1338 1163 1392 1206 et
1419 1167 1539 1206 cum
1571 1159 1822 1220 perpetua
1848 1149 1946 1203 de-

347 1255 645 1311 lectatione
671 1251 970 1305 videbimus
997 1262 1182 1302 verum
1203 1287 1217 1311 ,
1247 1253 1302 1299 et
1343 1243 1643 1298 certissima
1682 1239 1946 1296 evidentia

351 1345 752 1406 contuebimur,
782 1357 966 1396 amore
989 1339 1156 1410 ipsius
1180 1335 1419 1391 veritatis
1447 1334 1655 1390 accensi
1686 1341 1738 1387 et
1777 1331 1948 1386 iuba:—

351 1447 541 1492 rentes
570 1435 622 1490 ei
645 1433 786 1487 dulei
813 1441 868 1486 et
895 1439 1044 1485 casto
1073 1428 1322 1498 amplexu
1359 1426 1656 1496 eodemque
1699 1425 1949 1494 incorpo-

349 1544 468 1592 reo,
497 1528 586 1582 tali
633 1527 793 1581 etiam
839 1538 970 1578 voce
1015 1521 1352 1577 laudabimus
1404 1535 1546 1583 enm,
1595 1527 1650 1572 et
1686 1517 1946 1581 dicemus,

349 1619 603 1674 Alleluia.
653 1613 1196 1670 Exsultantes‘enim
1242 1627 1300 1668 se
1358 1611 1424 1666 ad
1471 1611 1692 1681 parilem
1742 1607 1948 1663 laudent

351 1711 761 1784 ﬂagrantissima
779 1709 1036 1765 ebaritate
1055 1707 1278 1761 invicem
1296 1715 1350 1761 et
1377 1707 1428 1759 in
1454 1705 1644 1770 Deum,
1663 1717 1852 1758 omnes
1877 1701 1952 1754 ci-

351 1823 448 1864 ves
463 1807 608 1861 illius
629 1806 860 1860 civitatis
885 1801 1086 1865 dicent,
1113 1799 1336 1854 Alleluia
1357 1816 1371 1865 ;
1393 1798 1511 1868 quia
1530 1797 1731 1860 dicent,
1757 1799 1948 1848 Amen.

423 1897 654 1956 CAPUT
671 1895 861 1951 XXIX.
880 1924 948 1933 —-
965 1895 1054 1949 50.
1075 1891 1291 1962 Requies
1307 1901 1350 1944 et
1364 1889 1611 1944 recubitus
1625 1891 1880 1942 beatorum
1899 1885 1953 1938 in

354 1991 781 2060 contemplatione
810 2004 868 2040 ac
909 1985 1062 2040 laude
1088 1983 1328 2038 veritatis.
1355 1982 1478 2036 llarc
1507 1982 1663 2050 igitur
1691 1979 1796 2032 vita
1826 1993 1952 2032 san-

353 2099 562 2144 ctorum
579 2085 741 2140 etiam
767 2095 991 2150 corpora
1021 2093 1208 2133 eorum
1255 2083 1577 2130 connnutata
1606 2073 1656 2127 in
1677 2071 1952 2127 cwlestem

353 2191 410 2236 et
432 2178 734 2249 angelicum
761 2182 957 2228 statum
984 2172 1064 2226 sic
1101 2168 1363 2240 implebit.
1395 2177 1554 2236 atque
1583 2163 1954 2219 immortaliter

355 2269 642 2342 vegetabit,
696 2275 750 2320 ut
797 2263 864 2318 ab
911 2263 996 2317 illa
1044 2260 1348 2316 beatissima
1397 2255 1850 2324 contemplatione
1900 2262 1954 2307 et

357 2362 522 2422 laude
565 2358 828 2424 veritatis,
868 2355 1010 2410 nulla
1061 2353 1333 2422 corruptio
1380 2348 1712 2404 necessitatis
1751 2352 1956 2399 avertat

355 2464 446 2508 aut
468 2459 680 2506 avocet.
725 2448 798 2502 ha
845 2447 948 2509 illis
981 2445 1130 2500 cibus
1176 2443 1278 2497 erit
1321 2441 1434 2511 ipsa
1467 2439 1696 2493 veritas:
1723 2437 1833 2505 ipsa
1860 2449 1954 2488 au-

361 2556 469 2600 tem
510 2542 728 2613 requies
767 2549 1018 2608 tanquam
1063 2535 1351 2590 recubitus.
1380 2529 1529 2600 Quod
1563 2529 1704 2584 enim
1752 2527 1952 2582 dictum

295 2685 334 2722 ι
359 2645 464 2703 est,
487 2635 612 2706 quia
640 2631 1012 2688 recutnbentes
1041 2625 1416 2696 epulabantur,
1449 2623 1586 2677 sicut
1614 2620 1742 2674 dicit
1771 2615 1952 2672 Domi-

359 2741 482 2792 nus,
509 2725 644 2792 Quia
669 2721 813 2776 multi
854 2720 1044 2774 venient
1091 2718 1152 2770 ab
1191 2715 1378 2769 oriente
1417 2721 1461 2766 et
1499 2711 1774 2775 occidente,
1803 2717 1952 2763 etre—

360 2817 592 2872 cumbent
619 2830 734 2868 cum
754 2811 1010 2865 Abraham
1039 2817 1084 2862 et
1111 2805 1260 2860 Isaac
1292 2813 1336 2858 et
1381 2803 1541 2857 Jacob
1573 2803 1624 2855 in
1657 2815 1808 2871 regno
1851 2797 1954 2851 Pa-

361 2911 451 2963 tris
479 2908 576 2962 mei
612 2903 825 2978 (Matth.
855 2918 964 2964 vtn,
991 2899 1078 2972 ll)
1107 2897 1246 2952 :hoc
1287 2895 1638 2966 signiﬁcatum
1679 2899 1780 2953 est,
1818 2903 1955 2959 quo-

361 3001 505 3054 niam
555 3011 745 3066 magna
793 2991 976 3062 requie
1023 2997 1305 3059 pascentur
1346 2985 1467 3040 cibo
1515 2982 1774 3038 veritatis.
1813 2978 1956 3032 Talis

362 3094 506 3148 enim
542 3091 697 3145 cibus
737 3085 926 3151 reiicit,
951 3093 1006 3138 et
1043 3099 1150 3138 non
1196 3079 1404 3146 deﬁcit;
1435 3077 1620 3146 implet
1657 3083 1712 3129 et
1751 3074 1955 3142 integer

361 3195 486 3240 est:
511 3194 568 3238 tu
593 3177 1003 3240 consummat-is,
1034 3176 1146 3244 ipse
1181 3189 1287 3228 non
1316 3170 1666 3228 consumitur.
1699 3166 1844 3221 Talis
1871 3173 1957 3220 est

365 3279 456 3334 ille
479 3274 656 3341 cibus,
690 3289 794 3326 non
818 3269 990 3341 qualis
1018 3267 1136 3330 istc,
1163 3264 1252 3335 qui
1278 3263 1458 3318 deﬁcit
1487 3270 1544 3316 ut
1569 3259 1792 3320 reﬁciat,
1817 3265 1868 3311 et
1889 3270 1958 3310 ne

363 3369 527 3424 vitam
573 3365 724 3420 ﬁniat
764 3363 852 3432 qui
892 3375 1014 3416 cum
1062 3356 1274 3427 accipit,
1301 3355 1414 3426 ipse
1441 3353 1638 3406 linitur.
1670 3347 1958 3404 liccnbitns

365 3473 494 3528 ergo
513 3456 626 3520 ille,
649 3454 973 3522 sempiterna
998 3448 1210 3519 requies
1238 3445 1377 3502 erit:
1403 3443 1572 3513 epulze
1601 3441 1728 3506 illae,
1763 3440 1960 3492 veritas

366 3545 816 3608 incommutabilis
842 3545 944 3600 erit
980 3559 994 3595 :
1039 3540 1270 3611 epulatio
1315 3538 1421 3602 illa,
1455 3536 1560 3590 vita
1603 3541 1800 3588 aeterna
1837 3529 1958 3594 erit,

369 3642 420 3698 id
450 3649 553 3708 est,
577 3641 698 3711 ipsa
723 3636 974 3708 cognitio.
1005 3631 1137 3702 Quia
1161 3633 1268 3686 hwc
1289 3639 1380 3696 est,
1407 3627 1594 3695 inquit,
1623 3625 1723 3678 vita
1747 3633 1956 3686 (eterna,

367 3745 422 3788 ut
449 3741 756 3806 cognoscant
779 3741 823 3784 te
846 3731 1012 3785 solum
1034 3742 1202 3780 verum
1227 3723 1414 3789 Deum,
1438 3731 1485 3775 et
1505 3734 1652 3791 quem
1671 3717 1851 3772 misisti
1871 3713 1964 3770 Je-

369 3845 484 3882 sum
513 3826 773 3882 Christum
805 3820 980 3894 (Joau.
1013 3834 1142 3884 xvu,
1174 3819 1250 3887 5).

439 3915 668 3974 CAPUT
705 3911 876 3970 XXX.
902 3941 974 3952 —
999 3911 1089 3978 5i,
1128 3908 1244 3962 Vita
1286 3901 1644 3959 delectabiliter
1681 3915 1966 3969 summeque

373 4007 660 4064 vacantium
706 4007 760 4058 in
799 4004 988 4058 visione
1037 3999 1153 4054 Dei.
1215 3996 1448 4050 Precatio
1501 4001 1610 4063 post
1654 3990 1963 4046 concionem.

371 4103 504 4159 Nam
521 4101 643 4172 quia
659 4099 746 4154 illa
763 4097 869 4152 vita
885 4095 937 4150 in
955 4091 1405 4162 contemplatione
1422 4085 1658 4142 veritatis
1675 4101 1779 4138 non
1794 4081 1966 4137 solum

373 4192 736 4256 inerrabiliter,
763 4187 856 4244 sed
867 4187 990 4257 quia
1001 4193 1053 4239 et
1067 4180 1449 4240 delectabiliter
1463 4175 1812 4248 permanebit,
1825 4173 1964 4226 mul-

373 4287 444 4342 tis
471 4283 602 4340 locis
627 4281 901 4350 Scriptura
939 4285 1180 4339 testatur,
1209 4288 1328 4344 qua:
1355 4269 1531 4326 omnia
1548 4277 1970 4322 commemorare

375 4391 482 4432 non
513 4386 818 4446 possumus.
840 4368 966 4424 lnde
990 4375 1074 4423 est
1105 4363 1232 4420 illud
1258 4383 1269 4417 :
1297 4361 1392 4429 Qui
1414 4359 1579 4431 diligit
1605 4375 1700 4422 me,
1729 4354 1970 4410 mandata

375 4483 486 4520 mea
507 4463 728 4520 custodit
749 4477 766 4526 ,'
790 4470 836 4516 et
856 4475 946 4532 ego
968 4459 1176 4528 diligam
1197 4471 1329 4520 eum;
1357 4463 1402 4508 et
1423 4451 1683 4506 ostendam
1705 4464 1782 4502 me
1801 4449 1970 4516 ipsum

377 4561 454 4613 illi
484 4557 667 4631 (Joau.
702 4569 812 4620 xlv,
839 4550 952 4622 2|).
985 4549 1256 4618 Tanquam
1289 4546 1430 4600 enim
1459 4543 1659 4597 {ructus
1685 4550 1737 4595 et
1763 4551 1970 4593 merces

375 4653 446 4706 ab
471 4665 536 4707 eo
561 4655 918 4719 quaereretur,
945 4643 1067 4714 quia
1109 4639 1356 4694 mandata
1394 4636 1507 4706 ejus
1547 4631 1956 4688 custodiuntur:

381 4743 682 4806 Ostendam,
714 4737 906 4807 inquit,
937 4752 1016 4790 me
1039 4735 1203 4804 ipsum
1224 4730 1336 4795 illi;
1370 4727 1655 4799 perfectam
1683 4721 1969 4780 beatitudi-

379 4850 502 4888 nem
549 4843 781 4904 ponens,
812 4837 870 4882 ut
911 4833 1264 4896 cognoscatur
1309 4819 1462 4876 sicuti
1509 4826 1609 4872 est.
1644 4815 1771 4870 inde
1799 4821 1880 4868 est
1919 4821 1970 4868 et

381 4924 508 4978 illud
531 4939 547 4976 :
573 4918 926 4983 Dilectissimi,
957 4916 1052 4986 ﬁlii
1091 4913 1186 4968 Dei
1226 4928 1419 4977 sumus,
1451 4910 1538 4963 sed
1563 4906 1786 4962 nondum
1812 4920 1973 4974 appa-

379 5017 480 5070 ruit
497 5014 622 5084 quid
648 5013 858 5066 erimus.
895 5009 1098 5064 Scimus
1136 5007 1254 5076 quia
1298 5019 1411 5056 cum
1441 4998 1754 5070 apparuerit,
1785 4995 1975 5050 similes

381 5107 430 5162 ei
449 5107 672 5167 erimus;
697 5103 819 5174 quia
844 5097 1122 5154 videbimus
1141 5111 1254 5149 eum
1275 5093 1422 5148 sicuti
1443 5101 1514 5146 est
1537 5091 1576 5160 (l
1600 5089 1753 5142 Joan.
1787 5103 1864 5152 tu,
1891 5085 1972 5156 (Ξ).

383 5200 510 5254 Ideo
555 5207 610 5252 et
647 5194 938 5265 Apostolus
982 5189 1196 5252 Paulus,
1229 5187 1395 5253 Tunc,
1419 5183 1609 5254 inquit,
1637 5181 1767 5252 facie
1799 5179 1866 5232 ad
1898 5182 1979 5250 fa-

383 5291 516 5346 ciem
549 5287 588 5358 (Ι
617 5285 736 5342 Cor.
766 5300 882 5350 xm,
920 5282 1006 5350 12)
1042 5297 1054 5334 :
1087 5281 1211 5350 quia
1242 5277 1400 5333 etiam
1452 5275 1584 5329 dixit
1607 5273 1713 5328 alio
1743 5271 1878 5336 loco,
1911 5269 1979 5323 In

383 5379 618 5436 eamdem
645 5376 921 5446 imaginem
951 5371 1376 5442 transformamur
1408 5383 1438 5419 a
1477 5363 1640 5436 gloria
1669 5363 1720 5416 in
1742 5361 1976 5432 gloriam,

377 5481 628 5537 tanquam
655 5485 687 5521 a
715 5465 924 5520 Domini
952 5463 1150 5534 Spiritu
1175 5461 1242 5530 (ll
1271 5459 1387 5514 Cor.
1417 5474 1494 5521 ιιι,
1518 5455 1626 5528 18).
1661 5455 1727 5509 Ει
1755 5453 1806 5507 in
1836 5451 1984 5507 Psal-

381 5561 490 5616 suis
509 5559 662 5622 dicit,
677 5555 882 5622 Vacate,
907 5566 952 5608 et
973 5554 1134 5609 videte
1152 5553 1270 5624 quia
1294 5567 1384 5622 ego
1405 5565 1514 5602 sum
1538 5545 1786 5601 Dominus
1809 5541 1980 5615 (Psal.

389 5667 516 5712 xcv,
543 5649 656 5718 tt).
679 5647 723 5702 Τ
727 5663 828 5702 unc
845 5661 974 5717 ergo
993 5646 1196 5716 optime
1219 5641 1508 5708 videbitur,
1538 5637 1750 5712 quando
1775 5650 1984 5692 summe

458 5763 474 5792 ι
511 5763 672 5819 forte.
695 5763 1011 5808 exhortantes.

1730 307 1956 363 SZZRSIO
1997 301 2304 362 CCCLXlll.

3503 307 3634 362 1635

2057 419 2344 474 vacaltitur.
2376 417 2598 486 Quando
2628 428 2800 472 autem
2829 432 3038 473 sunnne
3067 419 3356 484 vaeabitur,
3387 423 3486 476 nisi
3514 439 3636 476 eum

2057 513 2359 565 transierint
2391 519 2625 580 tempora
2659 511 2942 577 laboriosa,
2968 521 3208 580 tempora
3237 516 3636 574 necessitatum.

2053 602 2245 672 quibus
2290 601 2448 655 modo
2481 601 2721 655 obstricti
2766 617 2969 666 smnus,
3020 602 3270 671 quamdiu
3320 611 3462 658 terra
3505 599 3639 674 parit

2055 689 2256 745 homini
2279 691 2543 762 peccaturi
2572 691 2750 760 spinas
2779 699 2833 745 et
2863 692 3106 758 tribulos,
3141 701 3197 746 ut
3223 695 3272 746 in
3303 694 3500 748 sudore
3521 695 3635 746 vul-

2057 791 2137 836 tus
2184 783 2264 836 sui
2311 782 2594 836 manducet
2632 797 2821 852 panem
2862 785 3058 836 suum?
3103 783 3456 853 Temporibus
3508 801 3638 853 ergo

2055 874 2252 926 terreni
2309 871 2537 927 hominis
2563 875 2704 927 omni
2729 889 2794 928 ex
2821 887 2970 946 parte
3003 878 3301 942 transactis,
3331 885 3386 932 et
3413 878 3500 932 dic
3525 893 3638 934 eae-

2055 963 2202 1016 lestis
2235 962 2463 1017 hominis
2507 965 2650 1018 omni
2694 979 2759 1018 ex
2799 975 2948 1034 parte
2977 968 3225 1034 perfecto,
3254 983 3462 1023 summe
3491 971 3639 1024 vides

2053 1053 2260 1120 bimus;
2289 1056 2409 1124 quia
2457 1071 2666 1111 summe
2711 1057 3035 1112 vacabimus.
3063 1059 3232 1114 Finita
3274 1062 3415 1116 enim
3452 1077 3640 1118 corru-

2053 1145 2234 1213 ptione
2275 1153 2327 1200 et
2377 1145 2663 1217 indigentia
2708 1147 2759 1202 in
2803 1150 3194 1205 resurrectione
3241 1152 3494 1218 ﬁdelimn,
3527 1169 3634 1209 non

2053 1236 2156 1290 erit
2195 1245 2414 1314 propter
2451 1238 2590 1307 quod
2633 1239 2921 1295 laboretur.
2961 1240 3120 1308 Quasi
3159 1243 3299 1297 enim
3347 1245 3634 1311 diceretur,

2055 1325 2369 1382 Recutnbite
2389 1339 2442 1382 et
2471 1329 2818 1395 manducate;
2845 1331 2912 1383 ita
2936 1331 3133 1386 dictum
3156 1341 3257 1399 est,
3293 1332 3474 1390 Vacate
3500 1347 3544 1390 et
3565 1340 3640 1390 vi.

2055 1418 2180 1470 dcte.
2213 1417 2528 1473 Vacabimus
2558 1436 2682 1490 ergo
2703 1419 3066 1476 etvidebimns
3081 1423 3544 1491 Deumsieuticst;
3585 1438 3640 1482 et

2057 1511 2295 1567 videntes
2332 1512 2666 1568 laudabimus
2697 1515 2886 1569 Deum.
2921 1516 2984 1569 Et
3017 1515 3130 1570 lure
3165 1518 3266 1571 erit
3291 1519 3394 1572 vita
3423 1530 3638 1574 sancto-

2056 1616 2194 1668 rum,
2227 1603 2341 1656 haec
2366 1605 2506 1657 actio
2530 1605 2850 1674 quietoz-um,
2880 1607 3000 1676 quia
3031 1608 3145 1662 sine
3173 1608 3378 1663 deiectu
3403 1611 3639 1667 laudabi-

2057 1707 2193 1746 mus.
2224 1693 2338 1747 Non
2367 1711 2471 1748 uno
2496 1696 2582 1751 die
2609 1696 2940 1751 laudabimus
2967 1714 2978 1749 :
3005 1699 3096 1752 sed
3127 1699 3262 1753 sicut
3285 1701 3399 1755 dies
3421 1702 3510 1758 ille
3531 1717 3636 1758 non

2058 1783 2220 1839 habet
2251 1786 2534 1840 terminum
2561 1788 2831 1857 temporis,
2867 1788 2936 1840 ita
2958 1789 3073 1842 laus
3091 1801 3268 1844 nostra
3295 1807 3398 1846 non
3426 1793 3640 1847 habebit

2059 1877 2342 1931 tern‘tinum
2372 1879 2716 1944 cessationis;
2742 1889 2795 1932 et
2834 1877 2950 1933 ideo
2996 1880 3047 1933 in
3091 1881 3284 1936 saecula
3324 1882 3638 1936 surculorum

2059 1967 2409 2026 laudabimus.
2458 1969 2593 2023 Audi
2641 1971 2800 2024 etiam
2843 1970 2944 2025 hoc
2996 1971 3325 2040 Scripturam
3373 1974 3637 2030 dicentem

2058 2059 2188 2124 Deo,
2225 2061 2368 2130 quod
2411 2076 2506 2116 nos
2537 2060 2906 2116 desideramus
2945 2080 2956 2115 :
2997 2055 3144 2116 Beati
3185 2065 3275 2135 qui
3314 2064 3540 2118 habitant
3589 2066 3640 2119 in

2057 2149 2206 2203 domo
2243 2159 2366 2214 tua;
2407 2151 2461 2203 in
2501 2150 2686 2203 strcula
2735 2152 3036 2222 swculorum
3067 2153 3346 2208 laudabunt
3392 2163 3438 2207 te
3467 2153 3638 2224 (Psal.

2058 2259 2274 2308 Lxxxnt,
2305 2243 2380 2313 5).
2404 2242 2659 2298 Conversi
2679 2242 2742 2296 ad
2763 2243 3066 2309 Dominum,
3098 2243 3267 2313 ipsum
3295 2245 3644 2314 deprecemur

2059 2348 2153 2402 pro
2181 2333 2332 2387 nobis
2361 2341 2414 2387 et
2445 2349 2539 2401 pro
2569 2333 2713 2386 omni
2743 2333 2897 2401 plebe
2927 2347 3020 2385 sna
3049 2343 3256 2388 astante
3285 2335 3560 2389 nobiscum
3588 2336 3640 2389 in

2056 2423 2206 2476 atriis
2222 2422 2410 2476 domus
2426 2437 2538 2478 sua:
2557 2439 2570 2474 :
2591 2437 2748 2492 quam
2769 2421 3038 2476 custodire
3053 2432 3439 2494 protegereque
3459 2424 3645 2494 digne-

2059 2523 2163 2576 tur;
2181 2514 2464 2583 pchesutn
2478 2513 2748 2568 Christum
2767 2515 2930 2567 lilium
2946 2514 3063 2584 ejus
3084 2516 3360 2569 Dominum
3377 2527 3640 2582 nostrum,

2057 2605 2287 2676 quicum
2309 2620 2373 2659 eo
2395 2605 2518 2659 vivit
2533 2615 2583 2659 et
2607 2612 2793 2675 regnat
2813 2605 2862 2658 in
2881 2606 3076 2660 sarcula
3099 2606 3434 2662 szeculorunt.
3449 2609 3641 2662 Amen.

2481 2735 2708 2812 SliliMO
2744 2735 3036 2792 CCCLXIll
3065 2741 3081 2759 ⁶
3118 2737 3214 2810 (a).

2237 2848 2314 2904 De
2337 2850 2532 2904 cantico
2561 2849 2732 2904 Exodi
2763 2849 2862 2919 (b).
2905 2850 3032 2922 Cap.
3066 2867 3163 2916 xv,
3213 2851 3248 2922 Ῡ
3273 2892 3286 2906 .
3319 2853 3466 2907 1-21.

2136 2985 2185 3038 1.
2239 2981 2306 3037 In
2363 2983 2646 3054 Scripturis
2688 2985 2874 3039 sanctis
2919 2985 3298 3040 considerandis
3337 3003 3428 3040 uos
3479 3003 3650 3058 regere

2061 3076 2203 3130 debet
2265 3076 2554 3130 earumdem
2617 3076 3000 3147 Scripturarum
3065 3079 3356 3132 auctoritas.
3419 3077 3646 3134 Sensum

2061 3177 2321 3232 nostrum,
2375 3167 2566 3223 fratres
2613 3169 2942 3235 charissimi,
3004 3170 3055 3224 in
3103 3169 3393 3240 Scriptnris
3448 3173 3650 3226 sanctis

2063 3258 2464 3313 considerandis
2515 3267 2676 3328 atque
2743 3259 3030 3314 tractandis
3097 3276 3282 3329 regere
3335 3260 3497 3315 debet
3555 3275 3648 3315 ea-

2063 3349 2303 3402 rumdem
2331 3349 2722 3419 Scripturarnm
2763 3349 3186 3404 manifestissima
3237 3351 3558 3418 auctoritas;
3591 3363 3650 3407 ut

2064 3455 2130 3496 ex
2156 3442 2234 3496 eis
2262 3456 2380 3511 qum
2409 3449 2591 3510 aperte
2645 3439 2784 3493 dicta
2818 3449 2942 3494 sunt
2983 3440 3048 3494 ad
3089 3440 3396 3495 nutriendos
3437 3455 3555 3508 nos,
3585 3455 3651 3498 ea

2065 3549 2184 3604 quae
2209 3533 2490 3588 obscurius
2536 3531 2674 3586 dicta
2717 3539 2842 3585 sunt
2869 3530 2934 3586 ad
2985 3531 3314 3586 exercendos
3367 3547 3484 3599 nos,
3521 3533 3653 3588 tide-

2067 3625 2192 3680 liter
2225 3625 2576 3679 disserantur.
2617 3623 2747 3692 Quis
2783 3624 2926 3680 enim
2970 3623 3164 3678 audeat
3203 3624 3358 3679 aliter
3381 3639 3654 3695 exponere

2069 3726 2398 3772 sacramenta
2428 3716 2624 3778 divina,
2656 3731 2814 3785 quam
2849 3713 3012 3770 corde
3041 3725 3200 3786 atque
3235 3731 3330 3770 ore
3359 3717 3654 3786 apostolico

2069 3807 2414 3878 pra-dicatum
2443 3816 2602 3876 atque
2627 3804 2988 3874 perscriptum
3019 3804 3135 3859 est?
3161 3804 3295 3858 Dicit
3319 3813 3496 3860 autem
3519 3819 3652 3873 apo-
3723 3787 3734 3800 ’

2070 3900 2239 3954 stolus
2268 3897 2462 3952 Paulus
2492 3915 2506 3949 :
2536 3895 2672 3949 Nolo
2701 3911 2786 3948 vos
2813 3895 3066 3965 ignorare,
3099 3895 3304 3963 fratres,
3331 3895 3450 3964 quia
3487 3903 3656 3965 patres

2071 3989 2228 4044 nostri
2278 4003 2448 4042 omnes
2490 3987 2580 4040 sub
2630 3985 2758 4038 nube
2802 3986 3024 4053 fuerunt,
3065 3992 3111 4035 et
3159 3999 3328 4038 omnes
3385 3999 3476 4052 per
3517 3999 3656 4036 mare

2071 4080 2395 4143 tramierunt,
2429 4089 2472 4130 et
2501 4091 2672 4130 omnes
2716 4075 2768 4127 in
2815 4071 2992 4142 Moyse
3042 4071 3282 4141 baptizati
3326 4081 3476 4137 sunt,
3509 4083 3556 4126 et
3589 4073 3653 4127 iu

2071 4170 2222 4235 nube,
2255 4179 2300 4223 et
2332 4169 2385 4222 in
2415 4166 2578 4232 mari;
2608 4175 2652 4219 et
2693 4181 2862 4219 omnes
2891 4162 3114 4216 eamdem
3144 4179 3306 4216 escam
3335 4163 3652 4232 spiritualem

2073 4261 2520 4324 manducaverunt,
2572 4267 2618 4311 et
2663 4271 2831 4310 anmes
2875 4253 3103 4307 eumdem
3131 4262 3302 4324 potum
3339 4253 3654 4324 spiritualem

2075 4354 2320 4408 biberunt.
2356 4350 2598 4404 Bibebant
2626 4357 2792 4402 autem
2839 4347 2902 4400 de
2927 4345 3180 4416 spirituali
3215 4355 3544 4415 consequente
3571 4361 3656 4399 eos

2077 4455 2250 4518 petra;
2291 4453 2432 4514 petra
2461 4452 2626 4496 autem
2657 4449 2762 4495 crat
2795 4439 3043 4492 Christus.
3076 4437 3182 4493 Sed
3207 4454 3308 4491 non
3345 4438 3398 4490 in
3426 4437 3657 4507 plurimis

2076 4554 2248 4592 eorum
2286 4535 2652 4606 beneplacitum
2705 4539 2776 4585 est
2821 4529 2946 4584 Deo.
2989 4527 3242 4582 Prostrati
3285 4529 3416 4583 enim
3461 4529 3657 4582 suntin

2075 4631 2289 4685 deserto.
2327 4628 2452 4682 Hcce
2492 4635 2656 4679 autem
2693 4625 2871 4693 [igurce
2898 4631 3085 4675 nostra
3123 4625 3272 4691 facta:
3299 4630 3446 4686 sunt,
3474 4631 3528 4673 ut
3558 4637 3657 4673 non

2075 4725 2232 4780 simus
2258 4723 2510 4792 cupientes
2537 4717 2692 4782 mala,
2721 4716 2850 4769 sicut
2892 4723 2940 4768 et
2977 4713 3053 4767 illi
3075 4713 3360 4782 cupierunt.
3394 4713 3458 4767 Et
3503 4712 3661 4782 paulo

2144 4879 2159 4898 "
2193 4871 2480 4924 Emendatus
2501 4871 2560 4921 ad
2595 4883 2635 4918 r.
2663 4882 2710 4918 v.
2751 4875 2803 4917 et
2821 4866 2881 4916 ad
2903 4867 3037 4916 sirm.

2141 4939 2214 4998 (a)
2241 4937 2380 4996 Alias,
2397 4936 2526 4982 inter
2543 4929 2890 4998 sirmondianos
2912 4927 2958 4998 :2.

2142 4941 2191 4998 (a
2241 4941 2380 4996 Alias,
2397 4941 2526 4982 inter
2543 4941 2890 4982 Sirmonu'tanos
2912 4941 2958 4977 2.

2142 4941 2215 5064 (b;
2236 4999 2371 5047 Idem
2412 5001 2490 5064 est
2531 4991 2700 5045 titulus
2738 4991 2864 5053 apud
2907 4989 3194 5064 Pessidium‘
3217 4986 3662 5064 ﬁdiculis-ap:

2080 5050 2455 5124 Excerptumgex
2474 5050 2812 5124 boqsermon'e
2849 5050 3080 5124 [.rolixitts
3094 5051 3319 5124 ‘exhibet
3350 5055 3559 5124 Joannes
3581 5055 3665 5096 tto-

2081 5108 2258 5174 ἦιξιὶιέ
2277 5108 2505 5169 Ecclesia:
2536 5117 2765 5166 diaconus
2801 5108 2862 5161 in"
2887 5113 2990 5162 suis
3030 5109 3346 5174 Collectaneis
3379 5108 3438 5174 ad
3475 5109 3667 5170 priores

2081 5169 2274 5247 Etiam
2289 5181 2479 5231 Veteris
2497 5177 2792 5247 'restatnenti
2811 5175 2973 5247 libros,
2993 5171 3201 5247 nondum
3217 5169 3442 5247 vulgatis,
3459 5169 3666 5231 quorum

2083 5233 2242 5310 pe'ues
2263 5255 2351 5292 nos
2363 5250 2440 5310 est
2457 5254 2519 5310 ex
2541 5238 2832 5310 bibliotheca
2847 5233 3122 5310 Corbetensi
3141 5236 3475 5310 pervetustum
3493 5243 3554 5280 ex
3561 5243 3664 5280 em-

2227 5293 2439 5355 iauctoris
2455 5301 2650 5370 forsitan
2673 5305 2831 5370 aetate,
2853 5302 2936 5370 aut
2951 5301 3088 5370 certe
3111 5293 3247 5370 armis
3257 5299 3364 5370 post
3377 5303 3554 5370 nouunt
3574 5305 3669 5341 sae-

2085 5353 2363 5420 culuinuou
2387 5363 2552 5414 multis
2563 5353 2872 5420 descriptum.
2897 5356 3099 5420 Dubium
3123 5355 3262 5404 nobis
3293 5353 3550 5420 aliquando
3565 5365 3671 5420 ser-

2087 5415 2299 5481 nionem
2317 5428 2460 5476 istum
2485 5415 2737 5473 eﬁ'ecerat'
2757 5417 3009 5468 enarrandi
3033 5429 3190 5479 genus
3209 5416 3454 5481 concisum
3479 5423 3530 5464 et
3551 5415 3672 5481 sub-

2088 5477 2343 5543 Sisini-um
2365 5487 2478 5538 :sed
2501 5497 2609 5546 cum
2631 5481 2944 5546 Augustinmn
2958 5477 3254 5546 (taeter-cquid
3277 5477 3487 5546 maggime
3499 5479 3671 5540 sapiat.

2122 5535 2498 5604 Eiiéfs't‘aédére
2515 5535 2650 5595 locis
2673 5535 2916 5604 nimuullis
2937 5535 3280 5604 obscuritatem
3325 5535 3516 5604 allatam
3547 5535 3674 5604 esse

2111 5597 2395 5664 ibrarioruin
2417 5597 2584 5672 lat-su;
2609 5605 2753 5672 sicuti
2774 5603 2942 5651 videre
2965 5600 3085 5672 licet
3101 5600 3150 5646 in
3173 5611 3270 5646 uno
3295 5607 3346 5646 et
3367 5597 3524 5672 altero
3547 5597 3674 5658 loco,

2093 5661 2255 5742 quem
2265 5674 2326 5724 ad
2368 5661 2561 5721 Joaiinis
2572 5661 2902 5742 'Colleetanea
2916 5661 3677 5742 Δι’(ίιξξιιι(ξὶττξιι-ειξιέιξε,ξιιδιιιωιιιιιιν

2095 5721 2336 5805 italu};
2359 5742 2635 5784 sermonem
2659 5729 2784 5778 bona
2803 5735 2940 5788 parte
2965 5733 3077 5773 esse
3100 5721 3422 5774 decurtatum.
