3996 6180
404 235 421 288 t
436 232 536 289 {.35

409 358 524 417 post
555 364 568 400 :
608 343 791 400 Omnia
817 342 946 409 luet,
977 338 1164 409 inquit,
1197 337 1246 390 in
1275 335 1440 405 ﬁgura
1468 329 1820 400 contingebant
1843 326 1944 380 illis
1968 341 1988 389 ;

403 415 591 509 scripta
611 446 726 492 sunt
755 443 923 490 autem
952 433 1020 486 ad
1048 429 1400 483 correctionem
1429 432 1674 484 nostram,
1702 419 1753 472 in
1777 433 1901 489 quos
1927 415 1990 483 fi-

406 532 483 585 nis
508 528 810 584 saeculorum
836 525 1026 578 devenit
1057 519 1099 589 (l
1133 518 1250 573 Cor.
1276 533 1329 581 lt,
1356 511 1526 586 l-ll).

475 622 529 676 2.
574 619 840 674 Transitus
869 615 1023 668 maris
1055 611 1211 664 Rubri
1243 609 1408 678 ﬁgura
1432 603 1704 674 Baptismi.
1736 599 1869 654 llinc
1891 597 1991 651 ita-

409 729 532 784 que,
564 708 917 770 dilectissimi,
949 704 1123 760 nullus
1150 701 1381 755 ﬁdelium
1423 692 1765 753 dubitaverit,
1821 699 1992 742 trans-

411 777 543 858 itum
574 802 713 856 illius
741 797 918 869 populi
966 810 1060 865 per
1099 807 1245 846 mare
1283 789 1522 844 Rubrum
1569 785 1788 854 ﬁguram
1832 777 1995 832 fuisse

413 894 668 968 Baptismi
710 891 876 946 nostri
905 907 917 942 :
949 899 1054 942 uta
1073 885 1284 941 diabolo
1312 890 1368 937 et
1400 878 1602 950 angelis
1626 875 1762 945 ejus,
1786 870 1996 942 quinos

414 961 663 1055 tanquam
683 983 888 1036 Pharao
907 988 962 1034 et
984 976 1238 1047 Egyptii,
1268 975 1380 1028 luto
1409 970 1582 1026 carnis
1608 964 1867 1021 obnoxios
1887 961 1999 1016 vel-

411 1086 467 1128 ut
497 1077 722 1130 laterum
772 1069 1022 1140 operibus
1051 1065 1366 1128 atterebant,
1402 1061 1536 1115 duce
1562 1059 1783 1111 Domino
1814 1060 1998 1107 nostro

410 1166 537 1220 Jesu
566 1163 802 1226 Christo,
826 1160 977 1228 cujus
1010 1169 1133 1211 tunc
1161 1155 1382 1224 ﬁguram
1413 1151 1620 1221 Moyses
1648 1145 2000 1217 gerebat,per

413 1256 741 1326 Baptismum
768 1250 999 1313 liberati,
1031 1247 1300 1303 Cantemus
1330 1243 1547 1297 Domino
1581 1256 1598 1292 :
1624 1236 1843 1310 gloriose
1868 1233 2000 1289 enim

413 1349 768 1420 magniﬁcatus
809 1355 918 1409 est;
958 1357 1139 1410 equum
1181 1348 1226 1393 et
1255 1337 1466 1408 equitem
1507 1332 1718 1405 projecit
1757 1330 1811 1383 in
1839 1343 1996 1380 mare.

413 1441 579 1497 Nobis
607 1440 747 1495 enim
778 1436 971 1491 mortui
999 1441 1140 1498 sunt,
1169 1432 1259 1502 qui
1288 1429 1438 1484 nobis
1461 1427 1571 1497 jam
1593 1420 1858 1480 dominari
1895 1433 1999 1471 non

418 1540 639 1603 pessunt
668 1548 682 1586 :
713 1528 960 1599 quoniam
993 1525 1105 1596 ipsa
1142 1523 1332 1578 delicta
1381 1527 1582 1583 nostra,
1617 1530 1736 1586 qua:
1782 1524 1881 1566 nos
1927 1507 2001 1562 illi

415 1601 657 1680 subditos
701 1621 970 1684 fecerant,
1017 1617 1230 1671 lavacro
1280 1613 1464 1684 gratia:
1515 1616 1716 1664 sanctae
1767 1601 2003 1658 liberatis

419 1717 592 1782 nobis,
627 1724 876 1783 tanquam
905 1713 955 1765 in
997 1708 1126 1763 mari
1157 1706 1434 1760 submersa
1463 1709 1620 1770 atque
1649 1696 1824 1750 deleta
1858 1699 2000 1746 sunt.

419 1807 691 1863 Cantemus
731 1820 860 1873 ergo
897 1799 1116 1854 Domino
1150 1812 1168 1850 :
1206 1795 1424 1867 gloriose
1467 1791 1597 1845 enim
1650 1785 2004 1857 magniﬁcatus

416 1908 524 1963 est;
566 1912 745 1966 equum
774 1905 817 1948 et
847 1893 1057 1963 equitem
1101 1887 1310 1961 projecit
1340 1885 1392 1939 in
1421 1899 1582 1950 mare,
1618 1877 1920 1950 superbiam
1951 1883 2004 1928 et

416 1990 704 2060 superbum
737 1987 937 2042 delevit
975 1985 1028 2037 in
1072 1982 1362 2053 Baptismo.
1395 1976 1511 2032 Jam
1550 1974 1746 2046 quippe
1790 1967 2005 2060 humilis

419 2058 665 2137 subditus
695 2079 802 2133 Deo
829 2086 1007 2131 cantat
1035 2076 1136 2127 hoc
1163 2070 1450 2126 canticum.
1479 2065 1610 2120 Nam
1641 2059 1871 2132 superbo
1891 2058 2004 2127 glo-

418 2172 554 2226 riam
583 2185 731 2225 suam
759 2166 1037 2237 quaerenti,
1065 2173 1119 2218 et
1147 2177 1205 2216 se
1232 2155 1610 2228 magniﬁcanti,
1645 2167 1752 2208 non
1781 2159 1861 2205 cst
1890 2149 2007 2219 glo-

419 2265 565 2320 riose
605 2259 974 2330 magniﬁcatus
1009 2256 1282 2310 Dominus.
1325 2250 1649 2306 Justiﬁcatus
1688 2255 1865 2298 autem
1900 2241 1998 2294 im-

420 2356 562 2425 pius,
587 2351 855 2409 credendo
885 2351 938 2406 in
975 2365 1101 2405 eum
1129 2347 1220 2418 qui
1257 2341 1514 2416 justiﬁcat
1556 2339 1800 2410 impium,
1831 2345 1889 2391 ut
1915 2334 2009 2389 de-

421 2458 636 2519 putetur
667 2445 798 2501 ﬁdes
824 2445 940 2514 ejus
964 2443 1030 2498 ad
1052 2441 1313 2513 justitiam
1332 2437 1510 2508 (Rom.
1543 2449 1619 2499 tv,
1646 2429 1728 2502 5),
1756 2440 1814 2485 ut
1836 2429 2011 2499 justus

422 2553 489 2594 es
521 2538 622 2592 ﬁde
649 2537 787 2590 vivat
819 2534 931 2606 (Id.
964 2550 1004 2599 ι,
1051 2533 1141 2602 l7)
1167 2547 1180 2597 ;
1224 2545 1292 2586 ne
1321 2530 1572 2598 ignorans
1601 2524 1694 2578 Dei
1727 2522 2009 2591 justitiam,

422 2638 479 2684 et
506 2643 657 2684 suam
686 2628 872 2682 volens
899 2619 1480 2691 constituere,justitia:
1504 2617 1596 2672 Dei
1615 2631 1717 2671 non
1740 2615 1810 2670 sit
1831 2613 2013 2682 subje-

423 2730 544 2775 ctus
573 2719 685 2790 (Id.
725 2734 784 2781 x,
813 2719 899 2787 5);
928 2715 1206 2790 verissime
1249 2719 1428 2768 cantat
1464 2707 1764 2779 adjutorem
1803 2715 1859 2762 et
1886 2719 2011 2775 pro-

427 2789 684 2867 tectorem
734 2809 833 2864 sibi
883 2789 1167 2862 Dominum
1212 2805 1266 2859 in
1313 2802 1557 2866 salutem,
1612 2799 1803 2863 Deum.
1835 2811 2010 2862 suum,

425 2919 587 2975 quem
618 2895 952 2956 honoriﬁcat.
979 2899 1161 2969 Neque
1189 2896 1331 2952 enim
1360 2903 1442 2949 est
1478 2909 1547 2948 ex
1580 2892 1684 2946 illis
1712 2889 1885 2954 elatis,
1925 2887 2016 2958 qui

426 3003 813 3066 cognoscentes
855 2992 1042 3054 Deum,
1077 3003 1185 3042 non
1231 2987 1367 3041 sicut
1414 2984 1580 3039 Deum
1627 2979 2017 3036 honoriﬁcave-

428 3099 552 3146 runt
578 3087 688 3160 (Id.
738 3087 778 3153 l,
809 3085 926 3156 2i).
974 3083 1108 3138 Dicit
1138 3082 1338 3151 itaque,
1370 3076 1508 3132 Deus
1547 3076 1702 3146 patris
1732 3073 1848 3126 mei.
1876 3072 2017 3126 Deus

428 3192 512 3238 est
535 3182 676 3238 enim
708 3180 871 3250 patris
903 3176 1216 3240 Abraham‘,
1245 3174 1334 3245 qui
1360 3170 1585 3228 credidit
1607 3169 1738 3234 Deo,
1772 3175 1826 3222 et
1846 3165 2018 3235 depu-

430 3287 599 3334 tatum
625 3284 706 3330 est
732 3274 803 3329 illi
833 3272 898 3326 ad
923 3271 1183 3342 justitiam
1212 3266 1324 3339 (Id.
1349 3281 1422 3334 tv,
1445 3266 1524 3336 5).
1560 3263 1626 3318 Et
1650 3261 1768 3316 ideo
1792 3257 2013 3329 parvuli,

428 3385 539 3426 non
587 3369 653 3425 de
704 3378 883 3424 nostra
913 3365 1119 3436 justitia
1165 3369 1573 3432 prtesumentes,
1620 3355 1715 3411 sed
1745 3355 1812 3408 de
1852 3352 2020 3424 ipsius

430 3463 623 3533 gratia,
653 3459 1055 3529 magniﬁcatnus
1087 3453 1393 3518 Dominum,
1421 3451 1671 3520 quoniam
1706 3447 1820 3516 ipse
1847 3453 2020 3498 conte-

432 3555 501 3608 rit
538 3568 756 3624 pugnas,
783 3549 871 3620 qui
917 3564 1019 3618 pax
1059 3553 1146 3602 est
1171 3553 1372 3599 nostra.
1405 3543 1469 3596 Et
1497 3541 1618 3595 ideo
1647 3538 1896 3593 Dominus
1923 3551 2020 3590 no-

437 3658 550 3696 men
600 3650 672 3695 est
725 3639 802 3693 illi
831 3654 848 3691 :
879 3637 966 3692 cui
993 3635 1220 3691 dicimus
1263 3631 1401 3701 apud
1432 3631 1640 3691 Isaiam,
1676 3627 1892 3681 Posside
1930 3641 2022 3679 nos

437 3731 591 3796 (lsai.
628 3747 774 3797 xxvi,
797 3729 910 3800 15).
943 3726 1191 3782 Dominus
1216 3739 1398 3778 nomen
1423 3730 1493 3774 est
1519 3717 1615 3773 illi.
1646 3717 1762 3772 Non
1785 3731 2019 3782 eramus,

439 3833 494 3879 et
520 3821 648 3878 fecit
674 3836 773 3876 nos
807 3839 818 3873 :
849 3819 1199 3890 perieramus,
1233 3823 1287 3869 et
1313 3812 1512 3867 invenit
1533 3825 1633 3865 nos
1665 3827 1679 3864 :
1708 3808 2026 3864 vendidera-

447 3928 567 3969 mus
595 3928 714 3976 nos,
743 3920 795 3968 et
818 3912 947 3966 emit
974 3924 1091 3964 nos.
1123 3906 1370 3962 Dominus
1399 3920 1581 3958 nomen
1609 3912 1681 3959 est
1706 3903 1805 3958 illi.
1833 3903 2026 3958 Curras

443 4005 734 4061 Pharaonis
761 4013 809 4060 et
837 4003 1110 4058 exercitum
1147 4001 1258 4072 ejus
1280 3998 1490 4069 projecit
1517 3997 1570 4051 in
1596 4013 1752 4050 mare.
1785 3997 1848 4050 Et
1875 3995 2026 4050 exal-

448 4098 674 4153 tationes
719 4095 1024 4158 sseculares,
1053 4103 1107 4148 et
1135 4103 1376 4148 catervas
1406 4089 1868 4144 innumerabilium
1899 4104 2025 4158 pec—

441 4201 704 4254 catorum,
744 4202 862 4256 quae
889 4186 940 4240 in
972 4185 1126 4239 nobis
1153 4183 1367 4238 diabolo
1396 4181 1714 4246 militabant,
1741 4179 1941 4234 delevit
1973 4179 2026 4233 in

444 4280 736 4351 Baptismo.
779 4276 967 4332 Ternas
997 4274 1069 4346 (a)
1117 4283 1357 4328 stratores
1401 4271 1646 4326 curribus
1675 4271 2024 4341 imposuerat,

441 4373 531 4443 qui
561 4385 659 4426 nos
685 4370 876 4426 timore
906 4367 1128 4431 doloris,
1163 4367 1356 4420 timore
1401 4363 1805 4430 humiliationis,
1837 4365 2029 4419 timore

445 4463 652 4528 mortis,
681 4457 1051 4530 persequendo
1074 4457 1365 4512 terrebant.
1399 4455 1524 4510 llazc
1551 4455 1728 4510 omnia
1750 4456 2028 4511 submersa

443 4557 644 4612 suntin
675 4554 854 4610 Rubro
896 4553 1052 4619 mari,
1081 4551 1202 4622 quia
1246 4550 1323 4604 illi
1367 4549 1665 4619 consepulti
1709 4563 1894 4603 sumus
1937 4563 2032 4616 per

445 4649 772 4720 Baptismum
827 4646 884 4700 in
911 4650 1138 4699 mortem
1189 4640 1366 4714 (Rom.
1401 4656 1475 4707 vt,
1507 4638 1586 4710 lt),
1623 4639 1713 4710 qui
1750 4654 1846 4708 pro
1877 4639 2032 4693 nobis

445 4739 763 4809 ﬁagellatus,
814 4737 1192 4798 exhonoratus,
1236 4743 1294 4788 et
1335 4732 1543 4798 occisus
1581 4739 1681 4784 est.
1728 4728 1802 4783 lta
1847 4728 2031 4783 Rubro

447 4832 635 4902 pelago
663 4843 849 4884 omnes
872 4827 1054 4882 hostes
1080 4824 1310 4896 operuit,
1337 4823 1427 4894 qui
1454 4831 1676 4878 cruenta
1702 4829 1896 4887 morte,
1925 4835 2029 4889 qua

447 4931 628 4978 nostra
659 4929 874 4990 peccata
915 4925 1375 4981 consumerentur,
1404 4914 1731 4983 Daptismum
1754 4924 2034 4965 consecra-

448 5015 542 5067 vit.
588 5010 742 5079 Quod
771 5013 816 5066 si
847 5010 1027 5064 hostes
1057 5008 1225 5062 nostri
1259 5005 1575 5060 devenerint
1610 5003 1662 5056 in
1712 5001 2032 5072 profundum

450 5119 702 5178 tanquam
731 5105 886 5176 lapis,
928 5103 1050 5159 illos
1075 5102 1217 5158 solos
1243 5100 1498 5173 possidet,
1546 5108 1745 5155 etcum
1775 5099 1876 5152 illis
1905 5099 2033 5153 solis

449 5211 534 5255 est
555 5198 747 5254 duritia
786 5197 1005 5264 diaboli,
1041 5195 1109 5252 de
1135 5194 1327 5266 quibus
1367 5195 1626 5263 scriptum
1651 5201 1753 5258 est,
1785 5189 2032 5245 Peccator

429 5307 564 5346 cum
593 5290 646 5344 in
685 5287 997 5361 profundum
1027 5286 1215 5342 venerit
1243 5284 1513 5350 malorum,
1544 5283 1815 5337 contemnit
1842 5280 2027 5354 (Prov.

517 5463 533 5492 ι
569 5460 843 5512 sirmondus
868 5472 882 5508 :
906 5459 997 5511 Sed
1037 5455 1156 5508 dicit
1191 5456 1238 5508 ei
1264 5465 1406 5520 Deus.
1452 5463 1575 5508 Dens
1611 5463 1680 5508 est
1713 5455 1841 5508 enim
1885 5456 2036 5520 patris

451 5521 708 5571 Abraham.
733 5531 880 5571 locus
913 5520 1135 5570 similiter
1159 5521 1354 5572 vitiatus
1387 5519 1437 5568 in
1474 5525 1580 5569 mss.
1621 5529 1814 5570 sanatur
1853 5519 1932 5571 hic
1975 5521 2034 5570 ad

450 5588 646 5632 Manius
664 5582 849 5632 ὧιωηὶ
871 5583 1175 5632 Collectanea
1199 5582 1408 5633 nondum
1432 5581 1642 5644 vulgata.

515 5644 589 5703 (a)
613 5645 743 5706 Apud
757 5649 889 5704 LXX,
903 5645 1133 5694 Was.

1635 217 1690 271 ε.
1733 207 2097 270 Αυαυδτικι
2141 205 2446 263 EPISCOPI

3548 203 3684 261 1636

2103 336 2252 388 xvtn,
2278 322 2357 392 5).
2397 319 2516 374 Non
2557 319 2698 374 enim
2745 320 2972 376 credunt
3006 321 3200 376 dimitti
3240 320 3338 375 sibi
3367 334 3525 390 posse
3567 336 3690 389 quas

2101 413 2377 468 iecerunt:
2423 422 2477 468 et
2501 427 2562 467 ea
2597 411 2972 482 desperatione
2997 415 3210 485 gravius
3247 415 3510 484 altiusque
3541 429 3688 469 mero

2099 512 2316 572 gnntur.
2356 501 2485 567 Sed,
2521 501 2744 557 Dextera
2771 512 2880 570 tua,
2922 502 3160 568 Domine,
3189 503 3478 574 gloriﬁcata
3517 512 3592 557 est
3639 505 3692 558 in

2101 594 2310 658 virtute;
2343 594 2551 648 dextera
2577 611 2758 648 manus
2781 601 2886 660 tua,
2907 593 3404 667 Domine,confregit
3437 596 3692 661 inimicos,-

2104 695 2150 738 et
2179 685 2498 739 multitudine
2515 686 2790 758 majestatis
2807 695 2924 752 tute,
2950 685 3183 754 Domine,
3214 689 3489 742 contrivisti
3507 690 3692 744 adver-

2102 777 2282 829 sarios.
2304 775 2493 829 Misisti
2513 779 2700 847 quippe
2711 778 2840 830 iram
2853 786 3013 844 tuam,
3037 787 3084 832 et
3107 779 3322 832 comedit
3347 797 3431 834 eos
3448 792 3692 850 tanquam

2102 868 2360 936 stipulam.
2389 868 2686 924 Timuimus
2715 871 2856 924 enim
2889 880 2938 926 te
2966 879 3270 926 nascentem
3300 871 3398 943 (a),
3431 883 3484 928 et
3513 874 3693 928 credi-

2103 959 2275 1012 dimus
2303 959 2354 1013 in
2385 968 2457 1025 te,
2486 969 2541 1014 et
2565 961 2742 1015 omnia
2769 960 2961 1017 delicta
2989 971 3168 1017 nostra
3198 975 3512 1034 consumpta
3545 975 3688 1021 sunt.

2104 1049 2234 1103 Nam
2265 1066 2429 1119 quare
2455 1067 2544 1120 per
2568 1052 2801 1122 spiritum
2825 1052 2917 1106 ira:
2942 1051 3150 1107 Domini
3179 1053 3338 1108 divisa
3365 1066 3434 1110 est
3461 1073 3614 1127 aqua,
3645 1068 3692 1112 et

2102 1139 2393 1210 gelaverunt
2419 1150 2657 1212 tanquam
2699 1159 2871 1196 murus
2909 1159 3075 1215 aquae,
3110 1145 3400 1216 gelaverunt
3429 1148 3613 1216 ﬂuctus
3640 1149 3692 1201 in

2106 1229 2268 1283 medio
2295 1231 2457 1294 mari;
2488 1245 2607 1285 cum
2637 1231 2692 1286 in
2731 1232 2829 1286 ista
2867 1232 3130 1288 divisione
3158 1249 3310 1306 aquae
3330 1277 3344 1300 ,
3393 1237 3692 1305 gelantibus

2106 1321 2372 1385 ﬂuctibus,
2406 1322 2487 1375 via
2515 1324 2744 1390 patuerit
2772 1324 2970 1394 populo
2995 1325 3259 1380 liberato?
3297 1325 3404 1380 Cur
3427 1343 3556 1397 ergo
3586 1344 3689 1382 non

2109 1413 2282 1482 potius
2313 1427 2408 1482 per
2447 1413 2693 1481 spiritum
2729 1413 3107 1468 misericordia:
3146 1416 3355 1470 Domini
3402 1417 3568 1471 divisa
3610 1427 3693 1471 est

2107 1517 2275 1572 aqua;
2308 1502 2408 1556 nisi
2437 1503 2559 1572 quia
2590 1513 2761 1558 terror
2802 1505 2894 1558 irae
2936 1505 3050 1571 Dei,
3093 1521 3250 1576 quam
3281 1508 3574 1561 contemnit
3602 1507 3692 1562 illo

2111 1601 2376 1663 peccator,
2430 1593 2516 1664 qui
2563 1595 2708 1649 venit
2754 1594 2820 1648 ad
2872 1593 3189 1664 profundum
3241 1597 3521 1664 malorum,
3578 1597 3692 1668 ipse

2108 1686 2379 1754 compellit
2417 1686 2484 1740 ad
2515 1685 2866 1756 Baptismum,
2907 1695 2964 1740 ttt
2995 1703 3089 1757 per
3119 1703 3311 1756 aquam
3359 1704 3462 1741 non
3505 1688 3694 1757 pra-eiu-

2109 1786 2339 1844 cantem,
2391 1777 2484 1832 sed
2516 1787 2856 1833 transeuntes
2893 1793 2987 1848 per
3015 1780 3152 1832 viam
3187 1779 3510 1834 liberemur?
3554 1779 3690 1834 Dixit

2110 1868 2364 1935 inimicus,
2394 1867 2698 1940 Persequar,
2732 1879 2778 1923 et
2813 1869 3266 1940 comprehendam;
3293 1871 3517 1940 partibor
3572 1888 3692 1939 spo-

2111 1960 2201 2026 lia,
2243 1970 2288 2014 et
2318 1960 2518 2030 replebo
2547 1962 2774 2014 animam
2804 1977 2997 2026 nteant;
3033 1961 3334 2028 inter/icium
3362 1962 3534 2032 gladio
3562 1979 3690 2025 meo,
3753 1941 3763 1950 ’

2112 2051 2448 2106 dominabitur
2477 2069 2655 2107 manus
2679 2070 2808 2106 mea.
2832 2051 3013 2123 Neque
3042 2052 3288 2121 intelligit
3312 2053 3558 2108 inimicus
3587 2055 3695 2109 vim

2112 2142 2361 2198 dominici
2403 2143 2754 2209 Sacramenti,
2789 2160 2909 2215 quae
2951 2153 3034 2199 est
3063 2143 3116 2198 in
3153 2143 3426 2213 Baptismo
3454 2146 3692 2210 salutari,

2113 2235 2192 2290 eis
2207 2235 2296 2305 qui
2311 2236 2536 2291 credunt
2555 2245 2611 2292 et
2632 2246 2850 2306 sperant
2864 2237 2915 2291 in
2933 2253 3056 2292 eum
3079 2254 3092 2290 :
3112 2245 3164 2291 et
3187 2236 3360 2292 adhuc
3377 2246 3525 2306 putat
3540 2240 3698 2293 etiam

2114 2325 2376 2384 dominari
2428 2329 2708 2400 baptizatis
2757 2342 2913 2398 posse
2964 2337 3215 2398 peccata,
3246 2329 3493 2398 quoniam
3525 2331 3700 2384 carnis

2116 2418 2397 2491 fragilitate
2425 2429 2716 2483 tentantur,
2747 2421 2992 2475 nesciens
3021 2419 3132 2485 ubi,
3160 2428 3215 2474 et
3239 2418 3543 2488 quando,et
3570 2435 3703 2490 quo-

2118 2511 2277 2567 modo
2308 2510 2614 2582 perﬁciatur
2639 2511 2794 2582 plena
2814 2511 2975 2564 totius
3002 2509 3233 2564 hominis
3261 2510 3558 2578 renovatio,
3580 2526 3700 2582 qua:

2118 2605 2170 2660 in
2196 2604 2466 2674 Baptismo
2490 2603 2794 2671 inchoatur,
2824 2611 2876 2658 et
2902 2603 3274 2674 praesignatur,
3305 2611 3357 2657 et
3386 2618 3481 2672 spe
3511 2605 3705 2659 certis-

2117 2698 2250 2752 sima
2274 2696 2387 2767 jam
2427 2705 2657 2752 tenetur.
2686 2694 2835 2750 Tunc
2864 2695 3008 2750 enim
3034 2703 3088 2749 et
3119 2694 3344 2749 mortale
3374 2694 3478 2748 hoc
3518 2695 3703 2752 induet

2119 2788 2592 2854 immortalitatem,
2617 2795 2670 2840 et
2694 2794 2950 2842 evacuato
2976 2785 3188 2854 penitus
3223 2785 3367 2838 omni
3403 2785 3703 2857 principatu

2118 2889 2172 2933 et
2203 2887 2482 2948 potestate,
2510 2879 2612 2933 erit
2644 2877 2782 2932 Deus
2811 2876 2990 2930 omnia
3020 2877 3072 2931 in
3103 2876 3354 2931 omnibus
3399 2875 3443 2944 (l
3465 2875 3581 2932 Cor.
3611 2895 3700 2946 xv,

2120 2970 2209 3034 55,
2243 2969 2332 3033 54,
2363 2968 2455 3034 24,
2486 2968 2602 3040 28).
2630 2968 2783 3023 Nunc
2809 2977 3007 3033 autem,
3033 2967 3284 3037 quamdiu
3317 2983 3532 3038 corpus,
3564 2971 3704 3040 quod

2119 3059 2498 3128 corrumpitur,
2526 3057 3022 3129 aggravatanimam
3042 3055 3197 3128 (Sap.
3227 3073 3306 3124 ix,
3331 3057 3442 3128 l5),
3462 3058 3705 3115 dicitini-

2121 3151 2314 3215 micus,
2348 3148 2646 3218 Persequar,
2691 3158 2739 3203 et
2779 3149 3221 3219 comprehendam.
3262 3147 3368 3203 Sed
3396 3150 3574 3204 misisti
3598 3151 3706 3222 spi-

2121 3243 2276 3295 ritum
2301 3250 2460 3309 tuum,
2490 3251 2534 3294 et
2561 3241 2758 3310 operuit
2787 3255 2871 3294 eos
2893 3255 3050 3293 ntere.
3081 3238 3238 3293 Modo
3262 3255 3366 3293 non
3389 3240 3582 3295 dicitur
3603 3242 3710 3311 spi-

2124 3332 2408 3388 ritusira:
2461 3331 2592 3399 Dei,
2643 3331 2858 3403 quando
2911 3345 3060 3385 mare
3109 3330 3319 3400 operuit
3345 3331 3587 3386 inimicos
3623 3342 3710 3387 :et

2125 3424 2285 3494 paulo
2311 3431 2436 3479 ante
2468 3423 2667 3478 dictum
2699 3433 2801 3488 est,
2833 3439 2920 3494 per
2946 3422 3180 3492 spiritum
3206 3422 3298 3475 ira?
3331 3431 3430 3476 tua:
3454 3423 3614 3477 divisa
3639 3433 3713 3478 est

2125 3533 2295 3586 aqua;
2324 3530 2446 3570 cum
2475 3531 2569 3586 per
2608 3514 2711 3569 hoc
2748 3515 2923 3584 potius
2953 3514 3219 3568 transiens
3260 3514 3351 3568 Dei
3394 3515 3618 3583 populus
3644 3514 3711 3569 li-

2127 3606 2344 3660 beratus
2370 3607 2458 3661 sit.
2482 3605 2586 3661 Sed
2608 3605 2861 3660 nimirum
2889 3605 3097 3660 videtur
3127 3606 3269 3660 Deus
3295 3620 3400 3659 non
3428 3606 3605 3671 irasci,
3629 3606 3712 3660 cui

2127 3707 2250 3752 sunt
2281 3696 2537 3767 impunita
2585 3707 2822 3765 peccata,
2869 3706 2923 3751 et
2969 3696 3139 3766 magis
3187 3698 3527 3767 ingravescit.
3567 3695 3715 3753 Unde

2129 3786 2346 3859 plumbo
2371 3795 2708 3857 comparatus
2738 3786 2790 3840 in
2822 3785 3086 3857 profunda
3109 3787 3404 3855 descendit,
3437 3796 3582 3841 tanto
3604 3802 3716 3841 ma-

2129 3881 2227 3951 gis,
2261 3886 2461 3950 quanto
2491 3877 2658 3947 magis
2698 3877 2843 3931 videt
2884 3889 2979 3931 eos
3001 3877 3089 3946 qui
3123 3891 3217 3945 per
3250 3877 3407 3932 fidem
3443 3879 3715 3947 justiiieati

2131 3982 2274 4040 sunt,
2303 3981 2352 4028 et
2381 3988 2476 4042 pro
2506 3986 2600 4040 spe
2627 3970 2815 4025 futura:
2843 3969 2962 4022 vitm
2991 3969 3267 4037 prtesentia
3299 3970 3436 4021 mala
3464 3970 3716 4036 tolerant,

2132 4063 2186 4118 in
2215 4062 2484 4117 laboribus
2509 4062 2709 4128 vivere,
2741 4063 2793 4114 in
2825 4059 3015 4129 quibus
3039 4075 3134 4112 eos.
3155 4057 3486 4127 perferendis
3515 4064 3719 4115 contir-

2132 4165 2244 4211 mat
2281 4156 2510 4226 Spiritus
2535 4154 2651 4208 Dei.
2683 4153 2825 4207 Misit
2855 4166 2982 4222 ergo
3017 4151 3156 4204 Deus
3182 4149 3436 4219 Spiritum
3467 4167 3621 4206 suum
3648 4153 3713 4206 ad

2132 4247 2490 4305 consolandos
2535 4254 2589 4300 et
2638 4241 2965 4299 exercendos
3012 4242 3064 4296 in
3112 4242 3384 4296 laboribus
3422 4241 3629 4312 justas;
3668 4253 3721 4297 et

2135 4339 2344 4410 operuit
2371 4352 2517 4392 mare
2548 4331 2885 4404 impios,nbn
2916 4333 3086 4389 solum
3117 4341 3360 4402 putantes
3399 4334 3531 4387 nihil
3555 4333 3719 4388 inter-

2135 4445 2256 4487 esse
2303 4430 2443 4483 inter
2501 4443 2561 4483 se
2611 4435 2662 4482 et
2695 4427 2849 4491 illos;
2899 4425 2995 4481 sed
3037 4427 3210 4496 potius
3252 4425 3578 4480 :estimantes
3619 4425 3721 4480 illis

2135 4537 2255 4577 esse
2290 4525 2481 4576 iratum
2521 4520 2710 4585 Deum,
2751 4517 2840 4588 qui
2880 4517 3038 4572 tantis
3066 4517 3493 4572 tribulationibus
3518 4517 3719 4588 amige-

2135 4625 2357 4680 rentur,
2397 4615 2496 4670 sibi
2525 4623 2704 4668 autem
2742 4611 3028 4682 prepitium
3051 4653 3064 4677 ,
3095 4612 3183 4681 qui
3213 4612 3373 4665 tantis
3400 4612 3722 4680 prosperita-

2138 4709 2280 4764 tibus
2301 4709 2634 4762 laetarentur.
2653 4704 2727 4759 Ita
2745 4705 3108 4759 descenderunt
3131 4713 3367 4773 tanquam
3386 4702 3643 4774 plumbum
3671 4704 3723 4757 in

2139 4818 2324 4873 aquam
2353 4799 2732 4854 validissimam.
2771 4796 2896 4863 Quis
2921 4796 3100 4850 similis
3127 4796 3212 4848 tibi
3239 4796 3292 4848 in
3329 4795 3447 4861 diis,
3472 4793 3728 4850 Domine?

2137 4893 2251 4963 quis
2277 4891 2454 4946 similis
2481 4889 2606 4944 tibi?
2638 4888 2887 4960 gloriosus
2921 4887 2973 4941 in
2997 4889 3203 4952 sanctis,
3235 4886 3322 4956 qui
3355 4901 3456 4939 non
3489 4885 3726 4956 glorian-

2142 4993 2227 5038 tur
2253 4984 2304 5036 in
2326 4996 2386 5036 se
2415 4999 2426 5035 :
2458 4979 2701 5034 mirabilis
2723 4979 2775 5032 in
2805 4978 3169 5048 majestatibus,
3202 4978 3289 5046 qui
3313 4977 3442 5046 facis
3472 4976 3726 5048 prodigia.

2142 5071 2269 5129 [lac
2295 5073 2436 5128 enim
2463 5087 2580 5142 qua:
2605 5080 2730 5124 tunc
2757 5069 2892 5124 facta
2919 5079 3064 5136 sunt,
3102 5068 3335 5123 futurum
3371 5069 3565 5139 aliquid
3596 5084 3730 5138 prte-

2143 5166 2478 5227 nuntiabant.
2507 5163 2758 5234 quoniam
2803 5163 2985 5232 ﬁgura:
3037 5171 3232 5217 nostra:
3276 5160 3506 5216 fuerunt.
3538 5159 3732 5214 Exten-

2143 5259 2263 5313 disti
2291 5259 2549 5313 dexteram
2605 5265 2763 5319 tuam,
2825 5254 3159 5307 transuoravit
3184 5269 3268 5307 eos
3325 5263 3478 5306 terra.
3516 5251 3728 5306 Nullum

2144 5359 2290 5406 certe
2303 5347 2674 5419 .Egyptiorum
2692 5345 2785 5400 illo
2800 5353 3039 5415 tempore
3057 5351 3213 5400 terrre
3233 5345 3404 5398 hiatus
3418 5344 3692 5398 absorbuit
3712 5360 3727 5409 ;

2143 5458 2281 5516 aqua
2328 5440 2567 5511 cooperti
2613 5447 2779 5505 sunt,
2835 5438 2888 5492 in
2944 5438 3077 5492 mari
3133 5438 3424 5508 perierunt.
3474 5435 3609 5506 Quid
3649 5447 3732 5491 est

2203 5577 2280 5639 (a)
2303 5582 2460 5634 Forte,
2484 5573 2985 5646 irascatur-pouse
3013 5567 3165 5646 lectio
3203 5555 3292 5619 toti
3333 5567 3399 5620 de
3432 5580 3530 5633 quo
3559 5575 3734 5620 tracta-

2144 5649 2220 5690 tur
2243 5638 2530 5700 argumento
2553 5638 2732 5698 optime
2754 5638 2991 5696 congruit.
3057 5638 3112 5679 δι.
