3996 6180
333 327 466 386 1657

319 459 473 513 ergo,
500 441 788 497 Επειδόίδή
817 442 1245 520 dexteramtttmtt,
1267 441 1596 498 transvoraoit
1624 457 1706 498 cas
1734 443 1910 498 terra?

321 539 406 590 An
427 542 573 589 recte
593 533 936 602 intelligimus
952 533 1224 588 dexteram
1243 533 1337 589 Dei
1351 548 1474 589 eum
1491 575 1505 598 ,
1523 535 1590 590 de
1619 548 1728 604 quo
1751 531 1913 589 Isaias

318 627 473 691 dicit,
505 623 576 680 Et
623 625 885 678 brachium
941 624 1144 678 Domini
1196 627 1278 679 cui
1325 625 1601 680 revelatum
1647 635 1718 682 est
1753 625 1906 697 (lsai.

321 733 434 778 ιιιι,
469 717 552 786 l)?
585 715 705 786 Ipse
735 725 817 770 est
855 717 995 770 enim
1038 717 1221 770 unieus
1251 715 1434 782 Filius,
1463 718 1546 771 cui
1577 732 1681 770 non
1717 731 1912 786 peper-

317 811 396 862 cit
417 809 598 874 Pater,
623 807 716 860 sed
745 823 840 877 pro
863 807 1112 860 omnibus
1135 808 1286 862 nobis
1317 807 1532 862 tradidit
1552 807 1702 862 illum
1728 807 1906 877 (Rom.

323 914 436 962 vttt,
468 898 584 968 52).
625 899 804 968 Atque
844 898 912 951 ita
961 897 1012 951 in
1041 913 1198 952 cruce
1225 899 1471 953 extendit
1505 915 1720 952 manum
1762 913 1910 951 suam

319 991 622 1053 dexteram,
664 999 719 1043 et
763 989 1116 1046 tmnsvoravit
1161 973 1360 1058 impios
1385 1000 1545 1052 terra,
1577 1005 1698 1044 cum
1741 1005 1800 1044 se
1834 989 1914 1045 vi-

319 1093 524 1148 ctores,
553 1091 608 1136 et
635 1083 780 1136 illum
809 1082 1260 1151 contemptibilem
1293 1082 1565 1152 putabant.
1595 1081 1752 1136 Terra
1769 1081 1912 1137 enim

323 1173 518 1227 tradita
563 1173 719 1226 estin
767 1189 952 1225 manus
995 1173 1158 1240 impii,
1201 1181 1247 1225 et
1298 1173 1480 1244 faciem
1517 1172 1771 1242 judicium
1803 1175 1914 1244 ejus

321 1267 522 1335 operuit
556 1264 574 1336 (
603 1264 702 1318 Job
747 1279 821 1326 lx,
867 1265 987 1337 ξι),
1027 1265 1076 1318 id
1125 1275 1238 1330 est,
1287 1265 1616 1320 divinitatem
1659 1265 1794 1334 ejus.
1839 1265 1912 1319 Ita

319 1358 642 1426 gubernavit
688 1357 944 1410 Dominus
1000 1356 1253 1425 pupulum
1307 1371 1497 1423 suum,
1541 1366 1790 1426 tanquam
1821 1356 1912 1410 illo

321 1452 468 1520 ligno
502 1459 768 1520 portatum
791 1489 807 1516 ,
842 1449 930 1504 ubi
969 1459 1132 1512 terra,
1179 1447 1230 1502 id
1273 1459 1376 1514 est,
1416 1465 1544 1504 caro
1577 1449 1783 1502 Domini
1813 1463 1910 1501 ex.

322 1555 470 1614 tenta
499 1545 688 1614 impios
719 1543 1093 1604 transvoravit.
1125 1541 1308 1612 Neque
1341 1543 1482 1597 enim
1514 1543 1636 1595 navi
1665 1541 1913 1596 transivit

323 1611 552 1708 pupulas
575 1611 774 1700 mare,
805 1643 864 1690 ut
901 1633 1192 1704 gubernacli
1224 1611 1440 1702 proprie
1483 1631 1771 1686 diceretur.
1805 1629 1910 1686 Sed

320 1727 618 1799 gubernasti
653 1727 856 1797 justitia
900 1735 988 1778 tua
1041 1726 1286 1796 populum
1325 1737 1500 1790 tuum,
1549 1739 1652 1778 non
1707 1739 1909 1793 praesa.

321 1830 559 1875 mentem
602 1820 668 1873 de
704 1818 904 1887 justitia
947 1833 1064 1885 sua,
1113 1817 1204 1870 sed
1253 1831 1320 1872 ex
1367 1817 1467 1872 title
1507 1817 1768 1874 viventem
1811 1816 1912 1872 sub

321 1913 492 1980 gratia
519 1919 607 1964 tua
639 1929 650 1964 :
685 1909 931 1981 popnlmn
957 1919 1096 1963 tuum
1130 1910 1281 1976 hunc,
1307 1925 1454 1978 quem
1483 1908 1722 1962 liberasti.
1755 1907 1911 1962 Novit

323 2003 466 2056 enim
491 2003 748 2055 Dominus
772 2002 861 2070 qui
883 2007 1008 2055 sunt
1025 1999 1230 2072 ejus(ll
1263 2000 1394 2054 Tim.
1425 2017 1482 2067 ιι,
1515 2001 1627 2070 l9).

397 2093 452 2146 5.
495 2090 760 2146 Transitus
781 2107 870 2162 per
910 2107 1130 2144 eremum
1155 2091 1321 2160 ﬁgura
1360 2090 1776 2160 peregrinationis
1819 2105 1911 2143 nov

323 2193 444 2238 strue
471 2184 524 2237 in
552 2184 648 2236 hoc
671 2183 776 2235 vita
795 2221 810 2245 ,
841 2182 894 2235 in
918 2195 1020 2252 qua
1043 2181 1364 2236 adversantes
1392 2197 1688 2252 superamus
1715 2181 1910 2236 auxilio

325 2273 608 2329 Christi.--
637 2273 951 2327 Exhortatus
977 2287 1028 2325 es
1043 2273 1096 2324 in
1109 2272 1294 2326 virtute
1307 2281 1414 2336 tua,
1433 2272 1482 2326 id
1507 2281 1608 2335 est,
1627 2272 1678 2326 in
1695 2271 1910 2326 Christo

323 2379 434 2421 tuo.
467 2365 602 2433 Quia
637 2364 776 2434 quod
811 2361 1076 2417 inﬁrmum
1105 2371 1190 2418 est
1221 2363 1332 2427 Dei,
1359 2362 1544 2416 fortius
1571 2372 1655 2417 est
1684 2361 1912 2416 homini-

325 2459 424 2512 bus
447 2457 496 2530 (I
528 2456 647 2510 Cor.
681 2471 718 2522 ι,
745 2455 860 2526 25).
891 2456 954 2509 Et
982 2456 1024 2508 si
1056 2453 1342 2510 crucifixus
1375 2463 1456 2508 est
1483 2469 1548 2508 ex
1579 2453 1908 2520 inﬁrmitate,

325 2549 420 2602 sed
451 2548 580 2601 ιιι-ει
609 2547 660 2600 in
701 2547 892 2599 virtute
937 2545 1030 2599 Dei
1077 2545 1154 2615 (ιι
1185 2543 1302 2599 Cor.
1345 2559 1459 2598 xm.
1487 2543 1566 2618 4).
1597 2543 1910 2600 Exltortattts

323 2655 376 2693 es
409 2641 466 2691 in
509 2639 694 2692 uirtute
731 2647 836 2702 tua,
887 2645 934 2688 et
975 2636 1030 2688 in
1077 2637 1348 2706 refectione
1385 2643 1561 2689 sancta
1601 2643 1706 2686 tua.
1753 2635 1808 2688 In
1847 2649 1912 2689 eo

323 2731 522 2800 quippe
547 2727 692 2797 quod
729 2727 904 2781 cannis
935 2725 1234 2780 mortalitas
1263 2726 1314 2780 in
1349 2726 1442 2780 illo
1479 2725 1674 2781 refecta
1713 2735 1792 2781 est
1821 2741 1914 2794 per

324 2819 798 2884 resurrectionem,
829 2818 956 2871 etin
991 2817 1086 2872 itlo
1107 2815 1217 2886 jam
1244 2816 1589 2886 corruptibile
1617 2815 1718 2870 hoc
1745 2817 1915 2871 induit

321 2909 804 2978 incorruptionem,
837 2907 1099 2963 cxhortati
1125 2922 1314 2962 sumus
1343 2907 1394 2962 in
1428 2907 1660 2963 futurum
1687 2921 1910 2978 speran-

323 3008 430 3065 tes,
469 3008 526 3054 et
551 3007 772 3068 prepter
796 2999 912 3053 haec
939 2999 1115 3052 omnia
1149 2999 1431 3067 pnesentia
1467 3001 1770 3055 tolerantes.
1803 3000 1910 3056 Re-

323 3101 434 3146 stat
457 3091 603 3146 enim
631 3099 750 3160 post
773 3091 1102 3160 Baptismum
1125 3091 1378 3146 transitus
1409 3105 1504 3161 per
1525 3106 1786 3158 eremum,
1817 3109 1915 3164 per

325 3185 492 3234 vitam
521 3195 642 3250 quae
663 3181 838 3250 agitur
873 3183 926 3236 in
957 3197 1072 3252 spe,
1101 3181 1278 3237 donec
1317 3183 1593 3237 veniamus
1621 3183 1687 3238 ad
1716 3193 1914 3240 terram

327 3271 718 3342 promissionis,
747 3281 941 3327 terram
977 3273 1264 3328 viventium
1304 3274 1393 3328 ubi
1439 3275 1592 3329 nobis
1631 3285 1714 3330 est
1741 3277 1918 3346 portio

329 3361 611 3428 Dominus,
651 3363 702 3415 in
744 3373 994 3418 cateruam
1023 3363 1352 3432 Jerusalem;
1379 3379 1486 3436 quo
1527 3366 1700 3420 donec
1737 3368 1916 3422 venia—

327 3469 472 3519 mus,
505 3461 616 3508 tota
647 3455 744 3508 ista
775 3455 878 3509 vita
907 3471 1118 3510 oremus
1143 3456 1298 3511 nobis
1311 3467 1418 3524 est,
1449 3466 1504 3512 et
1535 3467 1639 3513 tota
1673 3461 1911 3514 tentatio.

327 3545 438 3600 Μ
473 3545 530 3600 in
569 3553 636 3600 eo
671 3547 760 3616 qui
797 3547 922 3602 vicit
959 3550 1235 3612 surculum,
1277 3551 1440 3604 vincit
1473 3552 1651 3605 omnia
1692 3552 1916 3622 populus

331 3635 450 3690 Dei.
485 3636 616 3691 Nam
639 3639 776 3692 sicut
815 3639 865 3692 in
893 3639 1182 3708 Baptismo,
1218 3649 1463 3709 tanquam
1501 3643 1682 3696 hostes
1711 3656 1738 3695 a
1769 3650 1917 3712 tergo

331 3727 695 3797 insequentes,
721 3730 984 3798 przeterita
1015 3740 1232 3799 peccata
1255 3731 1499 3785 delentur
1523 3751 1535 3786 :
1567 3733 1644 3788 sic
1672 3743 1790 3803 post
1813 3737 1915 3788 Ba-

329 3819 610 3890 ptismum,
643 3821 696 3874 in
735 3822 924 3877 itinere
947 3823 1070 3876 vitae
1098 3823 1277 3891 hujus,
1305 3839 1425 3878 eum
1456 3839 1634 3880 escam
1665 3829 1916 3897 spiritua-

331 3913 438 3966 lem
487 3913 892 3977 manducamus,
943 3924 1004 3969 et
1053 3923 1239 3985 potum
1285 3917 1612 3983 spiritualcm
1663 3919 1910 3986 bibimus,

331 4003 514 4058 ornni'a
551 4005 706 4060 nobis
735 4005 1070 4062 adversantia
1109 4023 1441 4077 saperemus.
1485 4011 1696 4066 Terruit
1723 4017 1917 4084 quippe

333 4093 580 4150 inimicos
599 4095 698 4149 vim
725 4106 923 4151 nosti-te
949 4113 1140 4153 nomen
1173 4097 1514 4168 Imperatoris
1537 4104 1726 4158 nostri.
1765 4104 1918 4159 Prius

331 4187 478 4242 enim
534 4188 768 4242 surrexit
809 4189 895 4242 {ira
945 4191 1182 4260 gentium
1233 4191 1298 4244 ad
1347 4191 1677 4260 perdendum
1721 4209 1914 4250 nomen

327 4277 722 4342 christianum;
749 4279 837 4332 ubi
861 4290 1034 4334 autem
1067 4279 1143 4335 ira
1177 4281 1304 4334 nihil
1331 4283 1522 4351 potuit,
1551 4299 1806 4340 conversa
1837 4297 1919 4342 est

331 4365 384 4420 in
411 4365 678 4434 dolorem,
713 4377 770 4422 et
807 4370 973 4438 magis
1003 4371 1272 4440 magisque
1301 4373 1404 4427 [ldo
1447 4383 1722 4430 crescente
1759 4385 1918 4446 atque

327 4465 626 4526 occupante
651 4459 850 4524 omnia,
879 4459 1033 4514 dolor
1056 4475 1345 4518 conversus
1363 4465 1519 4518 estin
1549 4466 1790 4521 timorem
1816 4485 1830 4532 ;
1863 4479 1918 4522 ut

327 4555 386 4600 et
411 4545 630 4615 superbi
669 4547 828 4617 hujus
865 4551 1064 4614 surculi,
1101 4559 1347 4622 tanquam
1375 4555 1608 4610 volatilia
1638 4557 1783 4625 cmli,
1819 4559 1918 4614 sub

331 4637 518 4691 umbra
545 4637 707 4692 oleris
735 4639 898 4704 illius,
935 4640 1076 4710 quod
1111 4657 1176 4696 ex
1209 4644 1559 4700 minutissimo
1585 4663 1750 4717 grano
1771 4649 1916 4703 sina-

329 4729 416 4796 pis
453 4729 678 4782 multum
719 4729 906 4794 crevit,
953 4731 1217 4802 refugium
1263 4736 1752 4807 protoctionemqne
1783 4753 1914 4794 con-

335 4820 550 4888 quirant
593 4820 803 4892 (Matth.
837 4839 952 4888 xm,
982 4826 1070 4890 51,
1101 4823 1212 4898 52).
1253 4827 1341 4882 Sic
1376 4835 1435 4882 et
1473 4830 1523 4883 in
1553 4830 1655 4884 hoc
1686 4834 1914 4900 cantico,

333 4909 424 4962 tibi
447 4923 940 4967 commemorantur
965 4929 1050 4978 ea,
1076 4931 1194 4984 quae
1223 4925 1345 4971 tunc
1369 4917 1419 4970 in
1451 4918 1617 4988 ﬁgura
1645 4923 1919 4992 continge-

329 4997 464 5052 bant
489 4999 540 5053 in
564 5001 691 5066 illis,
716 5013 958 5058 servatus
977 5015 1060 5060 est
1086 5005 1220 5061 ordo
1249 5007 1364 5073 irm,
1377 5005 1608 5080 doloris,
1627 5021 1684 5066 'et
1707 5013 1919 5068 timoris

329 5091 592 5160 gentium.
619 5093 924 5160 Audierant,
955 5097 1146 5165 inquit,
1185 5109 1375 5169 gentes,
1413 5109 1458 5154 et
1485 5103 1629 5157 ἔναυε
1652 5114 1802 5172 sunt;
1829 5107 1922 5160 do-

331 5183 468 5238 lores
489 5187 975 5256 comprehenderem:
997 5189 1306 5245 habitatores
1337 5190 1634 5247 Philisti‘im.
1667 5193 1812 5250 Tunc
1838 5198 1917 5267 fe-

327 5275 664 5340 stinaverunt,
703 5277 756 5333 id
793 5289 876 5333 est
916 5282 1216 5336 eonturbati
1261 5291 1407 5349 sunt,
1455 5285 1607 5340 duces
1651 5287 1840 5356 Etiam,
1872 5301 1920 5346 et

327 5369 587 5439 principes
613 5368 956 5425 Moabitarum
983 5387 1003 5426 :
1027 5375 1364 5444 apprehendit
1383 5393 1468 5432 eos
1495 5386 1678 5434 tremor
1698 5397 1718 5436 :
1737 5384 1914 5437 tabue-

325 5469 452 5513 runt
475 5477 648 5516 onmes
673 5463 1010 5519 inhabitantes
1031 5463 1302 5520 Chanaan.
1327 5465 1599 5524 Incumbet
1629 5472 1678 5524 in
1707 5489 1793 5527 eos
1814 5481 1917 5528 tre-

331 5567 465 5616 mor,
498 5563 546 5608 ct
585 5557 733 5612 timor
760 5559 1122 5631 magnitudinis
1149 5559 1340 5615 brachii
1369 5563 1460 5617 tui.
1493 5561 1647 5618 Fiant
1676 5577 1918 5639 tanquam

1693 329 1920 385 SERMO
1959 329 2268 388 CCCLXHI.

3477 347 3613 402 μιπῖ

2023 463 2238 532 lapides,
2279 473 2438 522 donec
2477 477 2697 524 transeat
2727 471 2942 542 papulas
2989 483 3122 539 tuus,
3173 476 3406 544 Domine,
3450 486 3608 535 donec

2023 567 2242 612 transeat
2267 560 2485 630 populus
2514 569 2630 614 tuus
2667 563 2768 631 hic,
2801 580 2948 635 quem
2984 568 3258 638 acquisiui.
3287 569 3375 626 Sic
3404 570 3606 629 factum

2019 657 2120 716 est,
2165 649 2241 704 sic
2271 651 2346 704 lit.
2379 651 2747 710 Admiratione
2792 665 3067 728 stupentes
3109 667 3357 732 tanquam
3405 665 3605 734 lapides

2027 740 2161 795 ﬁunt
2183 742 2380 798 inimici
2413 745 2684 812 Ecclesiae,
2715 747 2886 803 donec
2910 759 3241 808 transeamus
3267 756 3332 808 ad
3360 760 3604 824 patriam.

2019 829 2123 886 Sed
2163 840 2216 885 et
2243 833 2330 902 qui
2363 835 2612 889 resistere
2649 839 2992 907 tentaverint,
3021 841 3165 896 sicut
3201 851 3324 898 tunc
3352 845 3607 899 Amalech

2021 925 2253 978 extentis
2285 925 2528 979 manibus
2557 927 2719 997 Moysi
2751 927 2944 998 (Exod.
2975 934 3150 1004 χιι-ιιι),
3181 935 3248 987 ita
3286 953 3425 991 nunc
3453 937 3504 990 in
3533 937 3608 990 si-

2017 1025 2124 1082 gno
2147 1013 2320 1068 crucis
2346 1014 2626 1069 dominicm
2655 1028 2990 1085 superantur.
3015 1021 3186 1092 Atque
3213 1025 3283 1078 ita
3312 1025 3609 1081 introduci-

2019 1121 2158 1170 mur,
2193 1117 2350 1176 atque
2379 1107 2682 1176 plantamur
2723 1110 2776 1162 in
2807 1121 2990 1166 monte
3024 1112 3348 1172 haereditatis
3376 1120 3606 1188 Domini,

1932 1247 1935 1250 .
2019 1198 2106 1268 qui
2137 1215 2201 1254 ex
2227 1215 2389 1269 parvo
2413 1200 2608 1270 lapide,
2637 1217 2794 1270 quem
2833 1204 2964 1258 vidit
2994 1206 3198 1274 Daniel,
3234 1212 3399 1265 crevit
3425 1225 3478 1267 ct
3503 1215 3605 1269 im-

2021 1289 2180 1360 plevit
2207 1291 2508 1344 universam
2543 1301 2738 1362 terram
2771 1291 2932 1364 (Dan.
2961 1309 3016 1359 ιι,
3049 1297 3138 1363 5i,
3163 1299 3274 1366 55).
3313 1301 3436 1356 llaec
3467 1319 3604 1372 pra:-

2017 1393 2196 1450 parata
2225 1391 2306 1435 est
2337 1382 2592 1436 habitatio
2617 1383 2848 1438 Domini.
2870 1385 3146 1456 Templum
3177 1390 3320 1444 enim
3365 1392 3454 1446 Dei
3485 1409 3606 1447 sun-

2017 1483 2160 1526 ctum
2188 1482 2289 1539 est,
2322 1484 2376 1528 et
2397 1475 2746 1530 sanctiﬁcatio
2774 1476 2963 1532 domus
2987 1479 3104 1548 ejus
3132 1496 3250 1550 qua:
3279 1483 3345 1536 ab
3365 1483 3479 1552 ipso
3502 1497 3604 1542 est.

2017 1561 2286 1632 Templum
2321 1565 2454 1618 enim
2481 1564 2579 1619 Dei
2609 1575 2836 1620 sanctum
2877 1577 2972 1632 est,
3003 1570 3077 1622 ait
3117 1571 3428 1638 Apostolus,
3469 1578 3606 1644 quod

2017 1657 2133 1708 estis
2155 1671 2238 1709 vos
2267 1655 2308 1726 (1
2339 1657 2454 1710 Cor.
2488 1673 2566 1719 ιιι,
2598 1659 2710 1730 17).
2745 1658 2810 1712 Et
2833 1674 2898 1713 ne
2920 1661 3196 1729 quisquam
3229 1664 3516 1732 respiceret
3539 1669 3604 1720 ad

2019 1756 2284 1803 terrenam
2343 1749 2671 1817 Jerusalem,
2727 1750 2820 1805 ubi
2875 1753 3130 1821 templum
3187 1755 3325 1810 istud
3383 1757 3602 1826 ﬁguram

2017 1839 2298 1909 quamdam
2337 1841 2701 1909 tempora-liter
2729 1843 2914 1912 gessit,
2953 1843 3092 1898 sicut
3115 1847 3374 1915 oportuit,
3399 1848 3604 1918 signiti-

2019 1931 2157 1983 eavit
2183 1931 2248 1985 de
2278 1945 2445 2002 regno
2465 1943 2667 1987 aeterno
2691 1948 2750 1988 se
2779 1933 2980 2000 dicere,
3001 1937 3142 2005 quod
3167 1946 3252 1992 est
3271 1947 3468 1993 αξιοι-ιω
3500 1939 3608 1994 ba:-

2018 2019 2215 2075 reditas
2239 2023 2350 2088 Dei,
2375 2033 2572 2077 {eterna
2590 2023 2904 2079 Jerusalem.
2930 2026 3154 2080 Secutus
3175 2029 3316 2082 enim
3340 2031 3407 2082 ait
3437 2048 3448 2082 :
3481 2030 3608 2094 (luat

2017 2125 2426 2185 pratparat'ernnt
2461 2131 2641 2168 manus
2670 2125 2788 2180 tuae,
2811 2115 3046 2185 Domine,
3071 2119 3158 2189 qui
3181 2135 3362 2190 regnas
3387 2137 3602 2190 semper.

2018 2211 2064 2259 et
2089 2205 2142 2258 in
2169 2206 2548 2275 sempiternum,
2578 2217 2624 2259 et
2654 2207 2842 2260 adhuc.
2876 2210 3037 2264 Estne
3065 2210 3194 2278 quid
3219 2212 3350 2266 ultra
3379 2227 3536 2281 quam
3555 2213 3608 2266 in

2017 2295 2418 2365 sempiternum?
2451 2295 2580 2362 Quis
2611 2295 2711 2350 hoc
2738 2296 2964 2350 dixerit?
3002 2297 3110 2352 Cur
3135 2313 3264 2370 ergo
3300 2299 3524 2366 addidit,
3557 2313 3605 2356 ct

2018 2385 2226 2440 adhuc?
2267 2385 2430 2441 Forte
2453 2387 2575 2454 quia
2607 2387 2746 2442 solet
2790 2389 3175 2457 sempiternum
3218 2401 3274 2446 et
3313 2406 3409 2460 pro
3439 2392 3601 2462 longo

2015 2475 2178 2531 nimis
2199 2485 2436 2547 tempore
2459 2477 2702 2547 intelligi,
2731 2477 2798 2532 ad
2825 2477 2927 2533 hoc
2947 2479 3186 2534 additum
3214 2491 3314 2546 est,
3341 2491 3388 2535 et
3415 2483 3604 2548 adhuc,

2017 2575 2076 2622 ut
2097 2581 2282 2623 verum
2317 2567 2720 2638 sempiternum,
2749 2569 2892 2638 quod
2919 2571 3036 2626 sine
3063 2571 3170 2625 line
3198 2580 3306 2636 est,
3333 2571 3602 2644 intellige-

2015 2667 2182 2713 retur.
2209 2661 2292 2713 An
2319 2660 2440 2728 quia
2467 2669 2654 2729 regnat
2681 2661 2826 2716 Deus
2847 2678 3044 2732 semper
3061 2663 3111 2718 in
3133 2665 3462 2730 ccclestibus,
3488 2681 3608 2736 quae

2017 2751 2200 2806 statuit
2245 2751 2298 2806 in
2327 2752 2580 2806 smculum
2610 2753 2812 2818 saeculi,
2845 2765 3168 2825 praeceptum
3192 2758 3374 2826 posuit
3411 2767 3466 2814 et
3497 2773 3604 2814 non

2019 2843 2310 2912 prmteribit
2333 2842 2501 2915 (Psal.
2529 2849 2756 2910 cx-tlvtn,
2779 2845 2870 2916 6);
2902 2855 2948 2900 et
2987 2848 3040 2900 in
3064 2849 3424 2918 sempiternum
3451 2851 3504 2904 in
3531 2852 3608 2906 eis

2017 2933 2209 3003 quibus
2253 2949 2318 2988 ex
2362 2935 2786 3004 transgressione
2827 2936 3080 3006 prmcepti
3121 2947 3302 3008 postea
3329 2943 3610 2996 conversis

2020 3035 2242 3096 peccata
2271 3025 2495 3093 dimisit,
2518 3037 2572 3082 et
2597 3041 2690 3082 eos
2719 3028 3000 3097 acquisivit
3035 3044 3100 3084 ex
3139 3039 3398 3101 tempore,
3427 3033 3610 3103 eisque

2019 3115 2556 3172 beatitudinemsiue
2599 3117 2704 3173 line
2745 3119 2996 3186 donavit;
3036 3131 3220 3191 regnat
3263 3131 3308 3178 et
3349 3123 3519 3177 adhuc
3555 3125 3606 3180 in

2019 3221 2132 3273 eos,
2157 3222 2293 3278 quos
2321 3208 2420 3262 sub
2448 3209 2625 3278 populi
2665 3210 2746 3264 sui
2783 3210 3010 3280 pedibus
3033 3212 3084 3266 in
3121 3213 3394 3282 suppliciis
3415 3215 3606 3283 just-is-

2021 3299 2172 3353 simis
2201 3299 2508 3355 ordinavit?
2553 3301 2735 3372 Neque
2775 3303 2920 3358 enim
2965 3306 3244 3374 quisquam
3283 3307 3400 3374 ejus
3443 3321 3608 3377 regno

2020 3389 2369 3455 subtrahitur,
2407 3390 2559 3458 cujus
2595 3400 2795 3446 a-tcrna
2823 3393 2940 3461 lege
2967 3394 3020 3446 in
3049 3393 3424 3450 distributione
3447 3396 3607 3452 dandi

2021 3489 2180 3550 atque
2215 3480 2469 3535 reddendi
2509 3490 2566 3536 et
2605 3482 2811 3538 u-eritis
2851 3485 3190 3553 pransum-tim
3233 3495 3391 3557 atque
3417 3503 3606 3557 pena-

2021 3586 2162 3638 rum,
2195 3579 2250 3625 et
2270 3571 2565 3640 justissima
2587 3571 2922 3630 ordinatione
2943 3585 3202 3632 creaturae
3229 3590 3432 3634 cuncta:
3451 3595 3618 3635 coer-

2021 3672 2228 3716 centur.
2259 3663 2402 3717 Deus
2419 3665 2566 3718 enim
2595 3665 2842 3734 superbis
2869 3667 3088 3734 resistit,
3123 3667 3410 3724 humilibus
3429 3678 3606 3726 autem

2023 3753 2114 3809 dat
2161 3757 2384 3826 gratiam
2437 3755 2639 3827 (Jacobi
2669 3773 2742 3822 tv,
2789 3757 2867 3826 6).
2921 3759 3056 3824 Quia
3100 3761 3306 3816 intrarit
3361 3763 3608 3834 equitatus

2023 3845 2316 3900 Pharaonis
2357 3863 2470 3901 cum
2514 3847 2743 3903 curribus
2783 3858 2829 3903 et
2867 3849 3250 3905 admensus-ibus
3275 3853 3326 3906 in
3365 3869 3538 3918 mare;
3561 3865 3608 3908 et

2023 3938 2234 3992 adduxit
2266 3955 2419 4008 super
2461 3955 2545 3992 eos
2578 3939 2826 3994 Dominus
2863 3957 3022 4008 aquas
3068 3943 3242 3996 maris.
3281 3941 3407 3996 Filii
3443 3954 3609 3998 autem

2024 4029 2190 4084 Israel
2213 4030 2592 4084 antbulauerunt
2618 4048 2709 4102 per
2733 4032 2945 4096 siccum,
2977 4049 3066 4104 per
3091 4034 3312 4086 medium
3339 4051 3496 4088 mare.

2094 4123 2147 4176 4.
2191 4120 2360 4174 Maria
2387 4130 2629 4192 tympano
2666 4131 2925 4192 assumpto
2952 4121 3219 4176 concinens
3249 4123 3370 4193 quid
3398 4125 3604 4194 ﬁgurat.

2025 4212 2136 4266 [loc
2153 4213 2386 4266 cantavit
2412 4211 2622 4282 Moyses
2643 4221 2696 4266 et
2721 4212 2811 4265 lilii
2839 4211 3024 4276 Israel,
3055 4212 3156 4266 hoc
3185 4211 3348 4266 Maria
3369 4214 3606 4284 .pr0plte-

2023 4305 2152 4358 tissa
2177 4313 2230 4359 et
2263 4302 2385 4357 lil'we
2409 4303 2570 4358 Israel
2615 4319 2736 4358 cum
2777 4319 2863 4371 ea,
2911 4304 3014 4358 hoc
3058 4312 3112 4359 et
3151 4317 3249 4358 nos
3289 4306 3468 4370 modo,
3495 4307 3610 4361 sive

2023 4395 2124 4449 viri
2148 4405 2200 4450 et
2225 4395 2454 4460 femina‘,
2486 4395 2598 4450 sive
2627 4395 2844 4466 Spiritus
2863 4407 2918 4450 et
2944 4411 3070 4450 caro
3100 4405 3302 4450 nostra.
3335 4397 3437 4461 Qui
3465 4397 3608 4452 enim

2021 4485 2146 4539 Jesu
2173 4484 2360 4539 CIt-risti
2399 4497 2538 4554 sunt,
2569 4487 2643 4540 ait
2684 4487 2993 4557 Apostolus,
3039 4503 3242 4540 carnem
3268 4503 3412 4540 suam
3440 4490 3608 4542 cruci-

2023 4577 2246 4646 fixerunt
2289 4593 2404 4631 cum
2433 4579 2751 4648 passionibns
2794 4587 2840 4631 et
2880 4579 3300 4647 concupiscentiis
3327 4577 3519 4650 (Galat.
3553 4596 3608 4646 v,

2023 4667 2138 4738 24).
2179 4668 2292 4724 Hoc
2335 4665 2634 4738 signiﬁcare
2677 4677 3030 4737 congruenter
3069 4668 3376 4738 intelligitur
3405 4679 3610 4741 tympa-

2025 4773 2173 4822 num,
2203 4758 2342 4828 quod
2369 4757 2656 4830 assumpsit
2679 4758 2934 4822 Maria,ut
2961 4759 3084 4812 huic
3109 4761 3314 4814 cantico
3341 4775 3610 4815 consona-

2025 4857 2129 4904 ret.
2161 4849 2218 4903 lu
2241 4850 2384 4918 ligno
2405 4849 2544 4902 enim
2567 4864 2694 4903 caro
2718 4849 3040 4915 extenditur,
3068 4859 3123 4905 ut
3145 4859 3450 4923 tympanum
3485 4851 3610 4907 ﬁat:

2025 4949 2080 4994 et
2103 4955 2166 4993 ex
2197 4953 2356 4993 cruce
2393 4938 2607 4992 discunt
2633 4953 2850 4994 sua-vent
2889 4953 3078 4994 sonum
3119 4942 3304 5011 gratia:
3338 4941 3605 4997 conﬁteri.

2027 5029 2268 5085 llomilcs
2297 5043 2423 5098 ergo
2449 5041 2542 5100 per
2571 5027 2899 5098 Baptismum
2929 5029 3052 5085 facti
3088 5031 3271 5102 gratia:
3310 5032 3526 5100 pietate,
3556 5042 3614 5086 et

2026 5119 2285 5174 exstincta
2307 5119 2376 5174 ibi
2405 5130 2586 5174 nostra
2613 5121 2880 5189 superbia,
2914 5135 3013 5190 per
3039 5137 3196 5191 quam
3217 5123 3478 5190 superbus
3505 5123 3616 5176 ini-

2028 5212 2195 5266 micus
2236 5211 2386 5268 nobis
2430 5213 2822 5280 doininabatur,
2870 5223 2926 5268 ut
2953 5213 3064 5284 jam
3100 5219 3187 5284 qui
3225 5213 3508 5283 gloriatur,
3549 5215 3607 5270 in

2029 5301 2254 5356 Domino
2287 5303 2548 5373 glorietur
2581 5303 2634 5377 (l
2661 5303 2781 5359 Cor.
2821 5319 2860 5370 ι,
2890 5302 3002 5373 5i),
3043 5301 3313 5358 Cantemus
3341 5302 3558 5357 Datiano
3587 5319 3609 5360 :

2027 5395 2244 5466 gloriose
2272 5397 2402 5450 enim
2427 5397 2780 5468 magniﬁcatus
2814 5405 2923 5464 est;
2953 5407 3132 5470 equum
3155 5405 3204 5452 et
3231 5397 3441 5472 equitem
3481 5411 3610 5468 pro-

2019 5489 2146 5558 jccit
2165 5490 2224 5544 uin
2246 5505 2404 5545 mare.
