4026 6186
966 317 989 323 -
1008 314 1131 360 ί-ςθ-
1149 308 1401 355 ’·ῖῖῖῖ””
1426 281 3711 351 τωεῖε
2774 322 3591 351 -__.__,-_,.___.__-__,,

1638 406 2247 521 CLASSIS
2343 402 2476 509 ν’.

1260 626 2203 754 SERMONES
2279 620 2844 738 DUBII.

952 851 1076 900 quos
1097 841 1224 888 inter
1243 838 1324 901 qui
1352 834 1438 884 visi
1463 840 1573 882 sunt
1588 831 1747 880 minus
1768 825 1961 877 referre
1987 822 2319 886 Augustinum,
2348 820 2472 883 typis
2494 819 2829 869 minutioribus
2848 818 3159 868 exhibentur.

1862 957 2229 1009 09066€~°

869 1126 1097 1182 SEMIO
1135 1116 1422 1176 CCCLXIV
1456 1120 1471 1138 '
1506 1114 1604 1185 (ιι).

664 1267 741 1323 De
763 1266 1009 1321 Samsone
1042 1258 1136 1332 (b).
1171 1256 1346 1309 Judic.
1380 1267 1529 1320 capp.
1556 1257 1788 1301 xui-xvi.

507 1403 557 1457 1.
592 1395 864 1453 Fortitudo
889 1394 1106 1447 Samson
1141 1403 1201 1440 ca:
1250 1382 1447 1454 Spiritu
1479 1379 1593 1432 Dei.
1616 1375 1842 1465 Samson
1869 1364 2021 1465 forti:

440 1494 672 1546 tudinem
716 1484 899 1541 h-Illllil
938 1482 1005 1534 de
1053 1478 1236 1549 gratia,
1283 1488 1389 1526 non
1433 1470 1500 1523 de
1542 1475 1749 1521 natura.
1800 1458 1931 1556 Nam
1968 1470 2019 1556 si

437 1583 586 1638 fortis
607 1586 750 1633 esset
793 1583 1000 1637 natura,
1029 1548 1148 1625 eum
1176 1567 1226 1620 ei
1253 1562 1475 1632 capillus
1510 1558 1839 1613 demeretur.
1860 1548 2015 1638 forti-

435 1635 560 1726 tudo
579 1684 681 1723 non
705 1635 1045 1719 adimeretur.
1073 1655 1239 1711 Etuhi
1258 1660 1370 1707 erat
1398 1650 1483 1703 illa
1512 1642 1878 1716 potentissima
1906 1635 2017 1689 for-

436 1763 621 1824 titudo,
654 1757 752 1813 nisi
786 1759 835 1810 in
865 1770 929 1808 eo
967 1750 1105 1820 quod
1127 1746 1395 1814 Scriptura
1424 1739 1576 1801 dixit,
1610 1730 1877 1824 Incedebat
1905 1741 2020 1824 cunt

554 1815 778 1922 spiritus
810 1815 1064 1898 Domini?
1104 1838 1182 1894 Ad
1213 1832 1422 1891 Domini
1449 1828 1700 1922 Spiritum
1728 1815 2023 1922 pertinebat

436 1949 524 2001 illa
558 1909 828 1999 fdrtitudo.
859 1939 914 1991 lu
937 1936 1162 1990 Samson
1190 1943 1281 1983 vas
1316 1933 1451 1988 erat,
1484 1923 1535 1975 in
1555 1916 1756 1987 Spiritu
1788 1909 2014 1981 plenitu-

434 2040 503 2092 do
531 2045 664 2091 erat.
698 2032 800 2085 Vas
822 2027 1028 2099 impleri
1058 2034 1110 2080 et
1134 2018 1395 2078 exinaniri
1424 2020 1614 2085 potest.
1642 2007 1812 2063 Omne
1828 2011 2013 2099 autem

437 2145 529 2183 vas
555 2125 765 2181 aliunde
788 2094 948 2176 habet
973 2116 1439 2185 complementum.
1473 2105 1598 2159 Ideo
1630 2101 1681 2155 in
1712 2096 1878 2152 Paulo
1908 2094 2021 2162 ipsa

434 2219 602 2290 gratia
623 2212 990 2271 commendata
1022 2218 1125 2273 est,
1156 2202 1371 2275 quando
1399 2199 1573 2290 dictus
1599 2203 1679 2290 est
1707 2207 1792 2290 uas
1816 2186 2021 2290 electio—

436 2276 513 2364 nis
541 2309 560 2376 (
590 2310 698 2360 Act.
735 2320 806 2366 lx,
839 2302 960 2369 15).
992 2298 1280 2352 Videamus
1324 2305 1452 2357 ergo
1477 2281 1774 2378 Allophvlis
1804 2276 2017 2378 qualem

436 2373 742 2470 parabolam
768 2393 994 2447 Samson
1016 2383 1308 2456 preposuit.
1355 2378 1435 2432 De
1463 2378 1658 2438 edente,
1692 2373 1880 2470 ipquit,
1937 2380 2024 2417 cx-

442 2461 529 2545 ivit
552 2490 710 2551 cibus,
741 2496 786 2539 et
837 2485 901 2537 de
948 2480 1066 2550 {orti
1110 2487 1179 2531 est
1210 2488 1405 2545 egressa
1436 2468 1669 2523 dulcedo.
1700 2461 1910 2519 Prodita
1944 2466 2027 2512 est

436 2585 551 2639 haec
570 2578 836 2650 parabola,
890 2575 1063 2628 delata
1115 2569 1181 2624 ad
1225 2567 1445 2627 amicos,
1486 2561 1659 2615 soluta
1708 2564 1821 2624 est;
1854 2553 2025 2650 vii‘tus

438 2686 521 2730 est
543 2642 788 2729 Samson.
819 2642 915 2722 llic
941 2666 984 2719 si
1006 2665 1186 2734 justus
1201 2667 1307 2721 est,
1342 2658 1467 2709 latet
1502 2670 1515 2706 :
1548 2649 1695 2703 valde
1719 2648 1770 2700 in
1804 2642 2024 2715 profun-

442 2769 512 2823 do
541 2776 623 2821 est
654 2764 811 2832 hujus
849 2759 947 2813 viri
978 2756 1201 2825 iustitia.
1245 2752 1377 2805 Nam
1404 2757 1458 2802 et
1482 2744 1620 2815 quod
1647 2744 1837 2812 legitur
1856 2738 2026 2832 victus

440 2854 707 2912 blanditiis
728 2830 1110 2913 muliebribus,
1142 2840 1355 2914 etquod
1390 2841 1454 2893 ad
1482 2834 1814 2891 meretricem
1860 2830 2026 2883 intra-

453 2951 548 3016 vit,
571 2947 780 3001 videtur
806 2942 960 3011 hujus
978 2940 1221 2994 meritum
1248 2933 1497 2988 vacillare
1524 2929 1698 2983 minus
1722 2923 2026 2991 intelligen—

448 3040 590 3093 tibus
615 3044 819 3090 secreta
847 3031 1104 3087 veritatis.
1147 3028 1277 3082 Nam
1300 3035 1354 3079 et
1382 3020 1635 3093 propheta
1671 3032 1886 3071 uxorem
1918 3029 2029 3067 me-

441 3139 689 3184 retricem
720 3130 984 3195 prcccepto
1013 3117 1221 3173 Domini
1258 3115 1475 3185 jubetur
1522 3109 1765 3177 accipere
1800 3105 1951 3173 (Osee
1987 3117 2026 3164 ι,

441 3222 535 3292 9.).
561 3220 809 3275 Fortasse
852 3213 1146 3285 poterimus
1199 3208 1378 3263 dicere
1433 3204 1534 3258 hoc
1566 3203 1617 3255 in
1653 3196 1823 3253 veteri
1848 3196 2031 3250 Testa-

444 3288 625 3368 mento
675 3310 961 3365 criminosa
999 3305 1083 3358 vel
1120 3299 1440 3357 damnabilia
1473 3310 1576 3350 non
1604 3294 1785 3355 fuisse,
1819 3288 2029 3360 quando

445 3404 662 3475 quidem
703 3401 801 3454 hoc
827 3397 969 3469 quod
998 3395 1208 3451 dicebat
1234 3392 1317 3446 vel
1344 3389 1548 3459 agebat,
1584 3383 1861 3458 prophetia
1892 3389 2025 3475 erat.

449 3472 801 3564 lit-quiremus
829 3503 957 3558 ergo
986 3485 1109 3567 quid
1150 3480 1527 3552 significaverit
1579 3478 1771 3540 victus,
1813 3473 1938 3543 quid
1962 3472 2032 3525 si-

446 3562 780 3653 gnificaverit
806 3579 993 3641 victor,
1038 3562 1162 3644 quid
1192 3569 1567 3641 signiﬁcaverit
1589 3566 1788 3622 cedens
1821 3562 2031 3617 blandi.

451 3675 537 3729 tiis
559 3670 926 3730 muliebribus,
956 3665 1079 3735 quid
1110 3662 1489 3733 significaverit
1514 3658 1744 3729 prodens
1765 3663 2029 3710 secretum

452 3764 736 3836 parabole,
784 3758 911 3829 quid
938 3755 1314 3827 signiﬁcaverit
1340 3754 1543 3807 intrans
1568 3750 1634 3804 ad
1674 3747 2029 3809 meretricem,

451 3835 575 3924 quid
597 3847 975 3921 significaverit
1004 3846 1189 3913 vulpes
1218 3843 1452 3912 capiens,
1486 3850 1540 3895 et
1564 3851 1658 3910 per
1690 3838 1886 3892 caudas
1913 3835 2031 3888 vul-

453 3946 619 4017 pium,
642 3941 831 4012 quibus
862 3939 1034 4008 ignem
1072 3935 1320 4004 alligavit,
1364 3932 1697 3986 inimicorum
1730 3927 1930 3981 fructus
1950 3926 2035 3978 in-

455 4016 710 4090 cendens.
742 4029 887 4097 Quos
912 4027 1121 4099 quidem
1142 4025 1341 4079 fructus
1363 4023 1429 4077 de
1454 4019 1770 4090 compendio
1788 4016 2037 4072 incende-

454 4142 514 4182 re
537 4126 725 4196 potuit,
748 4123 791 4178 si
834 4137 938 4176 non
997 4119 1049 4173 in
1095 4118 1341 4185 vulpibus
1387 4115 1696 4185 mysterium
1755 4111 2033 4181 cogitaret.

455 4215 718 4286 Numquid
747 4214 889 4268 enim
943 4211 1134 4281 stipula
1178 4208 1326 4263 arida
1356 4207 1547 4261 ardere
1578 4221 1681 4258 non
1716 4203 1905 4272 potuit,
1936 4200 2035 4254 nisi

458 4313 631 4381 ignem
687 4321 781 4376 per
835 4318 952 4357 eam
1011 4302 1198 4369 vulpes
1250 4296 1637 4353 transferrent?
1679 4294 2038 4363 lutclligamus

458 4417 587 4471 ergo
613 4396 829 4469 grandia
858 4395 1022 4448 latere
1053 4392 1326 4463 mysteria.

524 4557 538 4575 ‘
574 4550 862 4601 Emendatus
880 4548 939 4597 ad
962 4548 1011 4597 b.
1038 4545 1101 4597 el.
1128 4544 1213 4595 ful.
1240 4559 1280 4594 r.
1309 4551 1360 4594 et
1382 4544 1441 4593 ad
1462 4553 1560 4592 Am.
1586 4549 1661 4591 Er.
1687 4552 1788 4593 Par.
1814 4550 1922 4592 Iov.

524 4637 597 4695 (ιι)
623 4634 760 4691 Alias,
785 4633 848 4681 de
873 4639 1119 4695 Tempore
1138 4629 1239 4679 107.

525 4639 575 4695 (ιι
623 4637 760 4691 Alias,
785 4637 848 4681 de
873 4639 1109 4693 Tempore
1138 4637 1239 4679 107.

525 4637 598 4760 (bi
622 4695 856 4760 Possidius
878 4693 923 4741 in
949 4691 1174 4760 ludiculo,
1199 4703 1304 4760 ca_p_.
1333 4689 1404 4749 fO,
1427 4694 1655 4760 recenset
1672 4694 1924 4737 tractatum
1944 4686 2042 4736 «de

470 4779 493 4803 ιι
515 4751 707 4822 sai'iison
732 4762 783 4804 et
800 4756 862 4804 de
884 4766 1031 4822 versu
1056 4752 1222 4801 l‘salmi
1245 4751 1324 4811 57,
1352 4751 1741 4822 »_‘cujus_partem
1766 4762 2042 4822 repraesen-

465 4821 556 4870 tari
580 4818 864 4870 arbitramur
890 4816 935 4863 in
960 4816 1053 4864 isto
1088 4810 1333 4863 sermone.
1372 4810 1474 4861 Fuit
1515 4810 1632 4860 alias
1671 4810 2045 4859 Lovaniensihus

463 4876 1025 4938 dubius,Verliuoautem
1043 4882 1093 4924 et
1111 4883 1129 4920 \
1144 4876 1337 4938 indiugo
1361 4874 1566 4938 spurius.
1583 4880 1712 4921 Nunc
1734 4879 1871 4938 certe
1894 4873 2045 4938 multo

467 4956 612 5005 quam
636 4934 791 5005 antea
819 4936 999 5005 melior
1039 4934 1302 5005 aut_minus
1325 4934 1549 5005 indignus
1571 4934 1833 4994 Augustino
1858 4934 2043 5005 prodit,

468 4998 757 5052 eniendatus
776 4999 832 5048 ad
858 4998 1014 5047 varios
1036 4998 1228 5047 codices
1260 4998 1624 5058 manuscriptos,
1648 5007 1851 5058 quorum
1882 5003 2046 5043 aucto-

466 5066 609 5116 ritate
633 5064 681 5111 in
701 5075 761 5111 eo
783 5060 1001 5123 quaedam
1022 5059 1343 5123 restituimus,
1358 5056 1577 5118 quaedam
1592 5056 1894 5123 resecamus.
1910 5062 2049 5104 Exor-

467 5127 599 5175 dium
619 5127 668 5173 in
684 5117 817 5187 prius
838 5122 1034 5171 excusis
1055 5119 1181 5187 istud
1205 5117 1415 5187 habebat
1432 5132 1459 5187 :_
1474 5135 1496 5163 ι
1517 5124 1569 5187 _In
1592 5117 2048 5187 lectioneista,quaz

476 5206 499 5232 α
525 5190 661 5237 nobis
686 5175 898 5235 recitata
923 5188 1025 5241 est,
1052 5182 1228 5229 fratres
1266 5180 1557 5237 cbarissimi,
1581 5175 1730 5227 undta
1766 5186 1817 5227 et
1854 5175 2051 5227 nimium

475 5267 497 5292 α
522 5251 724 5297 obscura
746 5246 906 5294 divina
941 5244 1165 5302 mysteria
1186 5242 1510 5302 continentur.
1534 5248 1646 5297 Quae
1674 5241 1786 5302 quia
1820 5252 1915 5288 non
1940 5254 2050 5302 pos-

475 5328 501 5355 ι
522 5317 635 5358 sunt
648 5309 865 5356 breviter
884 5300 1134 5367 explicari,
1151 5306 1242 5354 hac
1262 5300 1365 5353 sola
1390 5314 1451 5351 ex
1476 5313 1618 5351 causa
1639 5300 1847 5350 Psalmos
1863 5300 2054 5351 matut-

480 5390 501 5415 α
525 5383 614 5421 nos
634 5368 902 5430 temperius
920 5367 1156 5430 voluimus
1169 5377 1528 5430 consummare,
1561 5376 1626 5430 ne
1652 5375 1735 5430 vos
1763 5376 2052 5430 εει-ωορκ)-

480 5450 503 5477 ιι
528 5430 668 5481 l'xiur
693 5422 932 5491 fatigaret.
959 5434 1012 5477 Et
1032 5429 1145 5491 quia
1168 5427 1299 5491 hora
1319 5424 1736 5491 consuetudinaria
1759 5423 1824 5473 de
1847 5422 2054 5473 ecclesia

480 5511 503 5537 ι
527 5493 705 5541 exituri
731 5486 867 5550 estis,
895 5501 953 5539 ea
982 5486 1094 5552 quie
1132 5490 1334 5552 dicenda
1365 5496 1506 5552 sunt,
1545 5486 1810 5536 secundum
1843 5494 2056 5552 vestram

479 5571 498 5597 σ
523 5546 939 5623 cotisuetudiuem,
965 5546 1075 5599 cum
1087 5546 1291 5623 silentio
1314 5557 1367 5621 et
1382 5550 1553 5623 quiete
1579 5556 1766 5623 attento
1788 5550 1945 5623 apimo
1968 5562 2055 5596 au-

479 5631 504 5657 ι
524 5614 641 5661 dite.
667 5622 877 5675 samsou,
902 5613 1078 5662 fratres
1114 5610 1431 5673 dilectissimi,
1450 5628 1472 5655 ι
1499 5617 1595 5660 etc.
1622 5611 1766 5660 Abest
1791 5611 1836 5658 id
1860 5618 2009 5659 totum
2029 5622 2055 5656 a

473 5675 822 5735 umnuscriptis.

2194 1075 2249 1128 9..
2276 1075 2341 1128 In
2373 1075 2620 1129 Samsone
2647 1075 2895 1144 ﬁguratus
2940 1072 3186 1127 Christus.
3236 1072 3377 1127 Uxor
3422 1074 3706 1130 Samsonis.

2127 1170 2393 1223 Problema
2413 1169 2593 1238 ipsius.
2633 1166 2767 1234 Quid
2795 1176 2909 1220 erat
2936 1165 3199 1221 Samson?
3229 1166 3282 1221 Si
3326 1166 3518 1232 dicam,
3542 1166 3707 1222 Chri-

2123 1271 2262 1315 stum
2313 1258 2684 1329 significabat:
2723 1272 2907 1311 verum
2964 1256 3092 1310 mihi
3137 1255 3317 1310 dicere
3358 1256 3577 1317 videor;
3606 1256 3701 1310 sed

2123 1353 2374 1407 continuo
2420 1351 2650 1405 occurrit
2697 1349 3069 1419 cogitantibus,
3111 1348 3179 1403 Et
3205 1348 3449 1403 Christus
3472 1349 3709 1404 vincitur

2123 1443 2393 1497 blanditiis
2422 1440 2812 1495 muliebribus?
2844 1442 2907 1494 Et
2944 1440 3188 1494 Christus
3213 1440 3483 1510 quomodo
3513 1440 3708 1495 intellio

2122 1535 2263 1603 gitur
2308 1533 2373 1587 ad
2428 1533 2764 1587 meretricem
2807 1531 3005 1586 intrare
3056 1531 3332 1600 potuisse?
3378 1531 3607 1598 Deinde,
3656 1543 3711 1589 ct

2122 1623 2366 1679 Christus
2390 1623 2601 1692 quando
2625 1624 2796 1693 capite
2842 1623 3087 1690 nudatur,
3119 1623 3309 1692 capillo
3338 1623 3563 1688 raditur,
3591 1612 3704 1679 vir-

2126 1724 2234 1770 tute
2279 1715 2553 1784 spoliatur,
2590 1700 2861 1785 alligatur,
2911 1722 3228 1779 excaecatur,
3278 1714 3551 1769 illuditur?
3579 1716 3709 1770 Evi-

2122 1806 2247 1876 gila,
2282 1806 2430 1870 ﬁdes,
2450 1805 2662 1860 attende
2684 1805 2809 1875 quid
2830 1805 2897 1861 sit
2934 1804 3196 1871 Christus,
3231 1821 3333 1861 non
3366 1807 3537 1861 solum
3573 1807 3700 1877 quid

2124 1894 2268 1959 fecit,
2300 1895 2391 1950 sed
2422 1899 2580 1949 etiam
2604 1895 2731 1965 quid
2770 1910 2957 1964 passus
2983 1891 3065 1951 est
3087 1895 3346 1951 Christus.
3376 1897 3508 1964 Quid
3534 1897 3658 1953 fecit
3680 1899 3705 1951 τ

2124 1985 2384 2053 Oper-atus
2433 1993 2531 2047 est,
2585 1994 2641 2037 ut
2690 1986 2877 2040 fortis:
2906 2000 3094 2053 passus
3122 1994 3234 2050 est,
3267 1996 3323 2039 ut
3353 1986 3613 2040 inﬁrmus.
3639 1988 3694 2042 ln

2125 2089 2232 2128 uno
2263 2074 2495 2145 intelligo
2517 2084 2820 2143 utrumque.
2848 2074 3014 2129 Video
3043 2076 3402 2131 fortitudinem
3443 2076 3561 2131 Filii
3588 2078 3701 2140 Dei.

2126 2167 2279 2221 video
2306 2167 2664 2222 infirmitatem
2681 2168 2769 2221 ﬁlii
2789 2166 3034 2222 hominis.
3064 2168 3281 2223 Accedit
3305 2177 3358 2223 et
3383 2168 3551 2236 aliud,
3572 2171 3696 2239 quia

2126 2263 2369 2317 Christus
2396 2272 2556 2328 totus,
2588 2262 2852 2331 quomodo
2894 2277 3015 2317 eum
3037 2261 3305 2331 Scriptura
3335 2262 3700 2328 commendat,

2127 2362 2181 2407 et
2209 2361 2366 2421 caput
2394 2361 2448 2406 et
2470 2366 2662 2420 corpus
2683 2360 2783 2405 est.
2823 2350 2970 2406 Sicut
2997 2351 3247 2405 Ecclesiae
3272 2360 3526 2420 caputest
3548 2352 3709 2406 Chri-

2128 2452 2260 2507 stus,
2289 2443 2359 2496 ita
2384 2442 2575 2495 Christi
2602 2456 2795 2510 corpus
2849 2440 3083 2495 Ecclesia
3125 2450 3207 2495 est
3236 2441 3253 2510 (
3285 2440 3472 2510 Ephes.
3514 2458 3584 2508 iv,
3615 2442 3709 2506 15.

2130 2545 2173 2587 ct
2197 2532 2390 2588 Coloss.
2426 2549 2463 2597 ι,
2505 2532 2570 2586 18
2600 2534 2638 2599 ).
2675 2532 2869 2585 Etsola
2888 2531 3098 2600 quidem
3136 2541 3195 2585 ut
3220 2547 3325 2585 non
3354 2533 3438 2594 sit,
3470 2547 3586 2586 cum
3614 2546 3708 2585 ca-

2130 2624 2236 2693 pite
2264 2640 2362 2677 suo
2380 2632 2521 2677 totus
2546 2622 2788 2676 Christus
2806 2632 2905 2677 est.
2937 2623 3103 2677 [labet
3139 2638 3265 2691 ergo
3296 2622 3530 2677 Ecclesia
3560 2623 3610 2676 in
3639 2606 3701 2678 se

2129 2712 2313 2777 fortes,
2339 2713 2496 2767 habet
2522 2711 2795 2775 inﬁrmos;
2826 2711 2980 2767 habet
2999 2726 3092 2766 eos
3124 2713 3214 2781 qui
3239 2712 3409 2767 solido
3460 2727 3596 2780 pane
3619 2727 3711 2767 ve-

2132 2815 2375 2869 scuntur,
2396 2803 2553 2858 habet
2573 2818 2665 2858 eos
2681 2804 2769 2873 qui
2790 2803 2963 2858 adhuc
2977 2804 3109 2857 lacte
3127 2802 3388 2857 nutriendi
3402 2811 3545 2857 sunt.
3558 2802 3713 2857 Addo

2128 2896 2290 2961 aliud,
2321 2896 2462 2969 quod
2504 2911 2724 2951 necesse
2755 2905 2837 2950 est
2891 2895 3127 2950 conﬁteri
3158 2912 3169 2947 :
3199 2896 3250 2949 in
3295 2896 3408 2964 ipsa
3455 2895 3709 2951 societate

2130 2988 2289 3044 Sacra
2298 2998 2616 3054 mentorum,
2632 2988 3107 3042 communicatione
3119 2986 3477 3057 Baptismatis,
3493 2986 3709 3056 partici-

2132 3082 2348 3150 patione
2389 3080 2604 3143 Altaris,
2636 3079 2796 3133 habet
2827 3080 3021 3147 justos,
3056 3077 3214 3131 habet
3263 3078 3505 3147 injustos.
3554 3075 3709 3130 Modo

2130 3172 2271 3224 enim
2302 3185 2497 3240 corpus
2520 3169 2740 3234 Christi,
2765 3168 2905 3239 quod
2921 3168 3110 3235 nostis,
3141 3168 3191 3222 in
3222 3183 3346 3223 area
3375 3177 3457 3223 est
3482 3182 3496 3232 ;
3523 3177 3706 3237 postea

2134 3264 2186 3317 in
2206 3262 2401 3317 horreo
2425 3268 2543 3317 erit.
2600 3263 2801 3317 Tamen
2847 3277 2967 3316 cum
2994 3262 3047 3315 in
3077 3277 3197 3315 area
3223 3270 3323 3326 est,
3367 3276 3471 3317 non
3500 3271 3715 3318 recusat

2135 3354 2314 3421 paleas
2339 3353 2606 3407 sustinere
2638 3370 2651 3405 :
2700 3367 2819 3406 cum
2853 3361 3060 3420 tempus
3084 3351 3359 3407 advenerit
3392 3351 3706 3422 reponendi,

2135 3445 2366 3500 triticum
2417 3460 2446 3497 a
2497 3444 2663 3513 paleis
2707 3444 2997 3514 segregabit
3037 3442 3250 3512 (Matth.
3292 3459 3370 3509 lli,
3408 3442 3529 3515 12).
3560 3444 3716 3509 Qua:-

2135 3537 2257 3591 dam
2286 3550 2414 3603 ergo
2461 3535 2585 3590 fecit
2623 3536 2849 3591 Samson
2876 3551 2940 3589 ex
2967 3549 3190 3604 persona
3239 3535 3445 3605 capitis,
3472 3535 3718 3605 quaedam

2136 3643 2202 3683 ex
2232 3643 2455 3697 persona
2500 3628 2763 3697 corporis,
2821 3637 2985 3682 totum
3013 3636 3188 3683 tamen
3216 3644 3281 3683 ex
3310 3642 3535 3698 persona
3560 3626 3717 3684 Chri-

2138 3719 2223 3773 sti.
2254 3719 2307 3771 lu
2326 3733 2391 3771 eo
2420 3718 2562 3771 enim
2590 3717 2729 3785 quod
2759 3718 2980 3773 virtutes
3000 3727 3053 3772 et
3081 3719 3340 3774 mirabilia
3362 3727 3611 3787 operatus
3635 3726 3719 3772 est

2137 3809 2385 3871 Samson,
2414 3816 2571 3875 caput
2601 3806 2853 3860 Ecclesia:
2884 3806 3154 3862 Christum
3181 3808 3493 3879 signiﬁcavit
3518 3828 3530 3863 :
3572 3808 3625 3864 in
3652 3824 3717 3863 eo

2138 3907 2315 3952 autem
2347 3896 2488 3966 quod
2542 3896 2831 3964 prudenter
2859 3895 2998 3960 fecit,
3032 3897 3242 3951 illorum
3266 3900 3354 3968 qui
3392 3899 3443 3953 in
3478 3900 3713 3955 Ecclesia

2135 3992 2276 4061 juste
2293 3990 2474 4043 vivunt
2500 3987 2781 4057 imaginem
2806 3988 2969 4057 gessit
2997 4004 3010 4039 :
3045 3988 3131 4042 ubi
3161 3988 3294 4043 forte
3317 4000 3619 4058 prmventus
3634 4001 3713 4045 εει

2140 4093 2192 4137 et
2219 4083 2426 4137 incaute
2450 4081 2577 4152 egit,
2601 4096 2695 4136 eos
2722 4082 2811 4151 qui
2852 4083 2905 4136 in
2934 4081 3168 4137 Ecclesia
3200 4092 3505 4151 peccatores
3534 4086 3715 4149 sunt‘,

2142 4174 2404 4243 ﬁguravit.
2434 4173 2682 4228 Meretrix
2710 4189 2866 4242 quam
2889 4172 3111 4229 Samson
3130 4173 3181 4227 in
3205 4172 3506 4243 conjugium
3537 4175 3721 4238 sumit,

2142 4266 2381 4321 Ecclesia
2409 4276 2509 4331 est,
2542 4282 2659 4336 qua)
2685 4276 2809 4320 ante
2835 4267 3154 4336 agnitionem
3187 4267 3343 4320 unius
3365 4267 3456 4320 Dei
3474 4281 3594 4321 cum
3619 4266 3724 4321 id0«

2144 4358 2207 4412 lis
2238 4358 2491 4412 fornicata
2519 4356 2636 4422 fuit,
2660 4372 2816 4425 quam
2859 4367 3039 4426 postea
3065 4358 3163 4411 sibi
3194 4355 3432 4411 Christus
3462 4355 3721 4426 adjunxit.

2146 4449 2431 4518 Postquam
2449 4464 2575 4503 vero
2602 4447 2669 4501 ab
2698 4463 2764 4503 eo
2785 4448 3072 4503 illuminata
3104 4448 3262 4502 fidem
3293 4448 3545 4517 suscepit,
3564 4447 3723 4501 etiam

2147 4541 2248 4596 hoc
2280 4542 2492 4605 meruit,
2528 4550 2587 4596 ut
2627 4557 2723 4612 per
2758 4556 2879 4596 eum
2934 4542 3119 4595 salutis
3165 4550 3493 4595 sacramenta
3525 4553 3724 4608 cogno-

2147 4643 2339 4698 sceret,
2372 4643 2425 4688 et
2454 4634 2522 4688 ab
2548 4633 2734 4688 eodem
2786 4633 3153 4688 revelarentur
3176 4633 3225 4688 ei
3264 4633 3515 4703 mysteria
3554 4632 3723 4689 caele-

2147 4726 2306 4779 stium
2338 4735 2684 4779 secretorum.
2717 4724 2847 4777 Nam
2906 4726 3129 4794 quaestio
3167 4725 3278 4793 ipsa
3312 4741 3428 4794 qua:
3462 4725 3721 4791 continet,

2148 4817 2228 4872 De
2250 4818 2422 4872 edente
2445 4819 2595 4871 exivit
2637 4817 2794 4880 cibus,
2818 4827 2863 4869 et
2888 4818 2951 4869 de
2979 4817 3098 4887 forti
3145 4826 3217 4869 est
3255 4831 3454 4885 egressa
3491 4812 3725 4879 dulcedo,

2149 4909 2272 4978 quid
2297 4907 2439 4962 aliud
2467 4908 2729 4977 significat
2755 4922 2910 4976 quam
2934 4907 3200 4960 Christum
3228 4921 3255 4957 a
3284 4906 3507 4959 mortuis
3544 4921 3727 4958 resur-

2150 4998 2509 5068 gentem‘tDe
2559 4998 2751 5076 edgnte
2798 4998 2998 5066 utique,
3054 4997 3103 5050 id
3143 5006 3244 5060 est,
3294 4997 3358 5049 de
3404 5005 3573 5049 morte
3614 5012 3733 5065 qua:

2153 5098 2339 5143 cuncta
2366 5088 2586 5142 devorat
2634 5098 2792 5157 atque
2820 5087 3105 5152 consumit,
3155 5088 3319 5141 exivit
3342 5087 3491 5141 cibus
3522 5087 3610 5140 ille
3644 5087 3735 5156 qui

2153 5179 2304 5242 dixit,
2331 5177 2440 5247 Ego
2471 5194 2582 5232 sum
2604 5183 2748 5246 panis
2775 5178 2930 5242 vivus,
2947 5178 3035 5245 qui
3054 5178 3113 5230 de
3132 5176 3255 5230 caelo
3282 5176 3514 5231 descendi
3537 5176 3554 5246 (
3576 5176 3735 5229 Joun.

2156 5286 2228 5333 τι,
2262 5271 2323 5324 tit
2357 5268 2397 5341 ).
2431 5268 2599 5336 Quem
2643 5268 2870 5322 humana
2915 5267 3252 5323 exacerbavit
3282 5268 3548 5338 iniquitas,
3577 5277 3629 5319 et
3654 5268 3737 5320 cui

2158 5360 2292 5414 aceti
2339 5369 2393 5413 et
2424 5358 2564 5412 fellis
2611 5356 3019 5412 amaritudinem
3053 5358 3370 5427 propinavit,
3404 5357 3471 5411 ab
3498 5372 3562 5410 eo
3590 5356 3807 5426 plebs"

2166 5450 2415 5505 Gentium
2447 5450 2566 5503 vita:
2597 5448 2931 5504 dulcedinem
2986 5463 3243 5503 conversa
3278 5448 3527 5517 suscepit.
3560 5448 3639 5501 Ac
3662 5448 3742 5503 sic

2229 5608 2244 5640 ³
2280 5614 2405 5664 Mss,
2433 5602 2617 5672 inﬁrmi
2636 5602 2936 5672 simturaulu
2969 5609 3097 5672 post,
3136 5599 3262 5672 loco,
3292 5596 3555 5672 meretrix,
3585 5594 3749 5648 verius

2168 5673 2206 5721 si
2237 5662 2629 5734 tegaturnnnlier
2653 5678 2716 5717 ea:
2732 5662 3028 5729 alienigenis,
3068 5671 3119 5713 ut
3146 5662 3263 5713 alias
3286 5662 3594 5725 Augustinus.
