1998 3090
116 154 179 182 ιδιι

115 213 147 239 de
160 210 259 238 mortui
275 208 360 237 toanis
373 214 430 242 ore,
454 206 479 234 id
491 210 541 240 est,
563 206 597 233 dc
611 205 709 233 Christi
738 209 835 239 utorte,
863 206 908 241 qui

113 257 248 286 accubans
265 254 390 282 dormivit
400 257 428 281 ut
441 253 494 286 leo,
507 260 597 287 apum,
607 251 633 278 id
644 255 685 279 est
696 251 908 279 Christianorum

115 302 245 338 processit
259 307 382 328 examen.
393 298 469 332 Quod
492 302 580 325 autent
594 297 671 330 dicit,
695 296 757 324 Non
775 297 910 324 invenisse-

114 349 147 375 tis
159 346 309 383 parabolam
323 353 415 377 meum,
426 344 475 371 nisi
490 343 607 371 arassctis
618 343 645 370 in
658 343 737 370 vitula
747 350 803 369 mea
812 350 822 369 :
834 342 908 369 vitu-

115 393 138 420 la
153 392 211 420 lucc
226 390 411 428 Ecclesiaest,
425 396 484 424 qua:
507 387 568 415 tidei
596 387 733 423 mysteria,
759 387 907 421 Trinitatis,

113 436 330 468 resurrectionis,
347 434 445 470 judicii
461 434 562 469 pariter
572 438 599 460 et
612 433 697 468 regni,
710 432 736 460 in
749 432 816 460 lines
831 437 909 461 terrm

114 491 162 521 per
175 481 366 517 Apostolorum
381 484 408 507 et
422 483 578 507 sanctorum
592 478 742 506 doctrinam
758 486 789 505 ac
808 478 908 513 prmdl-

113 530 247 556 cntionem
259 527 385 562 vulgavit,
399 531 425 553 et
437 526 644 560 intelligeulibus
659 529 737 559 atquc
746 531 909 559 cognoscen-

113 576 182 602 tibus
193 580 302 602 aaterna:
311 574 370 600 vita:
385 573 493 607 prmmia
507 572 669 606 repromisit.

147 622 174 647 3.
188 620 292 647 Sodaiis
305 620 398 645 ducens
410 619 490 652 ipsius
502 626 605 644 morem
619 618 701 651 ﬁgura
724 617 907 643 haereticorum.

119 666 212 700 Vulpes
224 666 305 700 ignem
316 665 341 690 in
351 664 438 690 caudis
459 663 593 689 trahentes.
604 662 730 696 Sequitur
738 666 837 694 autem,
847 660 908 688 Ira-

113 719 152 738 tus
165 717 201 738 est
213 711 334 743 Samson,
354 710 413 743 quia
437 709 509 735 dua-it
523 708 617 734 sodalis
651 708 706 742 ejus
727 715 830 735 uxorem
843 707 907 741 ejus.

112 758 218 785 Sodalis
246 758 296 784 iste
319 757 437 783 omnium
472 755 658 782 lucreticorum
682 754 793 788 ﬁguram
815 753 906 788 gessit.

112 805 237 837 Magnum
262 806 406 835 secretum,
427 801 521 828 fratres
546 801 606 827 mei.
634 800 698 826 Nam
715 799 846 831 luerctici,
862 798 907 834 qui

112 851 262 878 Ecclesiam
290 850 446 880 diviserunt,
463 855 571 875 uxorem
595 846 699 873 Domini
718 846 758 872 sui
774 845 871 872 ducere
882 849 909 872 et

111 897 246 924 abducere
262 896 411 923 voluerunt.
431 896 466 921 De
482 893 598 920 Ecclesia
615 893 687 920 enim
702 897 729 919 et
743 891 776 919 de
785 891 907 926 Evange-

112 944 152 969 liis
164 943 300 974 exierunt,
324 941 367 975 qui
392 948 438 974 per
464 939 606 973 impietatis
631 938 789 965 adulterium
815 937 907 964 Eccle-

113 988 192 1017 siam.
205 987 293 1020 idest,
315 986 412 1013 Citriin
435 993 531 1019 corpus
547 985 571 1011 in
588 990 689 1019 partem
707 991 782 1010 suam
797 990 898 1010 conan-

112 1040 157 1060 tur
173 1033 309 1060 invadere.
327 1032 402 1059 Unde
419 1031 503 1058 ﬁdelis
528 1031 572 1057 ille
592 1038 684 1057 servus
697 1035 724 1057 et
743 1030 844 1057 amicus
857 1029 907 1056 do-

111 1080 219 1106 minica:
241 1086 345 1112 sponsa:
361 1077 475 1111 loquitur
498 1077 588 1103 dicens
606 1085 611 1102 :
634 1076 761 1110 Despondi
785 1076 851 1102 enim
865 1082 907 1101 ros

113 1125 157 1151 uni
168 1126 222 1151 viro
231 1125 351 1159 virginem
364 1128 460 1149 castum
479 1122 593 1148 exhibere
608 1122 715 1149 Christo.
732 1121 765 1148 Et
780 1121 908 1156 deprava—

115 1171 130 1196 ti
143 1170 245 1197 sodalis
260 1170 339 1203 tangit
356 1169 425 1195 tideli
440 1168 496 1195 zelo
512 1172 536 1194 et
552 1167 737 1201 increpatione
753 1173 905 1201 personam.

115 1215 144 1241 Et
158 1216 244 1246 timeo,
259 1215 353 1249 inquit,
366 1223 396 1240 ne
418 1222 480 1240 sicut
495 1222 596 1248 serpens
618 1214 697 1239 Evam
709 1213 818 1245 seduxit,
835 1212 872 1238 ita
885 1216 907 1238 et

115 1270 200 1288 sensus
216 1261 290 1287 vestri
302 1265 495 1294 corrumpantur
504 1268 518 1285 (ι
531 1260 632 1285 veritate
643 1265 700 1292 quae
718 1262 754 1284 est
768 1258 794 1284 in
807 1256 907 1284 Christo

113 1307 174 1334 Iesu
187 1307 195 1341 (
209 1306 232 1333 ll
244 1306 302 1333 Cor.
327 1314 365 1337 x‘t,
384 1305 410 1337 εὶ,
428 1306 443 1331 5
456 1306 475 1339 ).
493 1305 542 1337 Qui
558 1308 644 1330 autem
671 1307 732 1330 sunt
746 1302 860 1335 sodales,
882 1302 907 1329 id

114 1358 163 1386 est,
177 1353 299 1380 haeretici
323 1352 485 1382 desertores,
502 1351 546 1385 qui
563 1357 688 1384 sponsam
705 1349 809 1376 Domini
829 1348 905 1375 inva-

113 1400 175 1427 dere
195 1399 350 1430 voluerunt,
368 1398 418 1424 nisi
442 1398 569 1427 Donatus,
587 1396 674 1428 Arius,
691 1393 861 1425 Manicltmus,
882 1396 908 1420 et

113 1450 208 1472 cetera
224 1452 287 1472 vasa
302 1444 402 1471 erroris
422 1447 448 1470 ct
473 1442 627 1477 perditionis
641 1442 651 1467 '?
674 1441 711 1468 Dc
725 1440 820 1467 talibus
834 1440 907 1474 Apo-

114 1490 196 1518 stolus
212 1490 278 1517 dicit
294 1500 300 1516 :
317 1490 398 1515 Audio
413 1490 437 1515 in
463 1488 540 1519 vobis,
569 1487 664 1521 inquit,
686 1486 809 1513 scissura:
833 1493 886 1512 esse
898 1492 908 1512 :

113 1537 177 1563 alia:
185 1537 251 1562 enim
266 1536 338 1567 dicit,
357 1534 412 1569 Ego
429 1534 530 1568 quidem
544 1541 599 1559 sum
621 1531 697 1558 Pauli
711 1540 720 1563 ;
735 1531 800 1557 alius
813 1534 908 1563 autem,

114 1582 169 1618 Ego
183 1582 296 1617 Apollo;
311 1581 376 1607 alius
390 1588 456 1611 tero,
469 1579 523 1614 Ego
535 1578 644 1612 Ceplnc(
658 1577 666 1604 l
680 1577 737 1603 Cor.
748 1585 767 1610 ι,
781 1577 825 1609 H,
842 1576 875 1603 12
886 1575 906 1611 ).

115 1627 258 1655 Videamus
272 1626 350 1660 igitur
376 1625 501 1659 mysticus
524 1623 573 1650 iste
598 1623 710 1649 Samson
726 1621 789 1656 quid
815 1621 908 1648 iecerit

114 1673 232 1700 olIensus
258 1672 285 1698 in
302 1678 383 1697 uxore
402 1670 435 1695 ab
457 1669 553 1695 alieno.
576 1668 651 1701 Cepit
667 1667 738 1695 enim
755 1666 858 1701 vulpes,
881 1666 907 1692 id

114 1723 164 1751 est,
175 1717 358 1745 adulterantes
372 1715 485 1747 sodales,
503 1715 534 1741 de
560 1715 655 1748 quibus
666 1714 763 1740 dicitur
782 1713 807 1739 in
819 1711 907 1739 Canti-

114 1764 151 1791 cis
163 1763 339 1793 canticorum,
355 1761 443 1796 Capite
465 1761 535 1786 nobis
550 1761 634 1794 rulprs
660 1758 778 1794 pusillas,
789 1757 906 1785 extermi-

115 1815 200 1836 nantes
214 1810 299 1836 tineas
312 1807 321 1843 (
334 1807 404 1834 Cant.
421 1815 449 1838 ιι,
465 1807 495 1833 iii
513 1808 531 1840 ).
549 1806 617 1839 Quid
629 1811 679 1837 est,
692 1804 801 1839 Capite?
813 1803 841 1831 Id
853 1807 904 1835 est,

114 1854 344 1889 comprehendite,
371 1853 529 1883 convincite,
554 1851 705 1882 confutate;
722 1857 756 1877 ne
779 1849 906 1886 extermi-

115 1905 211 1928 nentur
224 1899 411 1926 ecclesiastica:
427 1898 521 1925 vine-.e.
534 1897 601 1930 Quid
618 1902 657 1923 ext
671 1896 741 1923 aliud
757 1896 850 1931 vulpes
861 1903 905 1922 ca-

113 1954 188 1981 pere,
198 1946 249 1973 nisi
260 1945 399 1972 hmreticos
409 1944 504 1971 divinu:
512 1944 576 1978 legis
587 1943 745 1972 auctoritate
754 1942 905 1974 revincere,

113 1998 139 2020 et
159 1996 314 2023 sanqarum
329 1991 524 2025 Scripturarum
540 1990 699 2017 testimoniis
710 1989 782 2016 velut
797 1988 907 2023 quibus-

112 2038 174 2066 dam
187 2037 302 2064 vinculis
314 2037 423 2072 alligare
436 2040 514 2070 atque
528 2035 731 2069 constringere?
745 2034 845 2069 Vulpes
859 2040 904 2061 ca-

114 2084 161 2118 pit,
187 2083 277 2118 ligatis
296 2082 381 2117 ignem
409 2081 500 2109 caudis
524 2081 641 2116 apponit.
667 2080 735 2114 Quid
751 2080 801 2108 sibi
815 2080 909 2107 volunt

113 2128 206 2157 cauda:
222 2128 338 2162 vulpium
350 2127 497 2161 colligatur?
510 2126 607 2154 Gauda:
622 2126 738 2161 vulpium
752 2125 815 2160 quid
829 2129 900 2157 sunt,

112 2175 163 2202 nisi
179 2173 328 2210 posteriora
342 2173 536 2204 haereticorum,
559 2173 602 2206 qui
617 2172 701 2206 prima
718 2171 817 2198 habent
831 2170 908 2197 blan—

115 2220 144 2247 la
153 2224 183 2248 et
196 2218 349 2253 deceptoria
365 2227 371 2244 :
387 2218 474 2252 ligata,
487 2218 512 2244 id
522 2222 572 2250 est,
588 2217 723 2250 damnata,
737 2220 763 2244 et
780 2216 866 2251 ignem
880 2216 908 2243 in

113 2266 166 2293 line
178 2263 313 2292 trahentia
325 2273 332 2297 ;
347 2269 375 2290 ut
387 2271 479 2291 eorum
487 2263 589 2290 fructus
602 2268 629 2290 et
644 2270 725 2297 opera
736 2266 906 2295 consumant,

110 2313 156 2346 qui
183 2310 245 2337 suis
278 2309 478 2336 seductionibus
506 2309 701 2343 acquiescunt‘!
724 2308 794 2335 Dicit
807 2308 909 2336 homini

112 2356 206 2389 modo,
218 2355 278 2382 Noli
291 2354 383 2382 audire
396 2355 546 2387 lucreticos,
562 2355 615 2381 noli
637 2354 807 2388 acquiescere
822 2353 909 2380 htcre-

110 2402 182 2429 tit-is.
200 2399 367 2435 Respondet,
393 2399 504 2433 Quare?
529 2399 660 2434 Numquid
684 2398 728 2426 ille
746 2403 773 2427 et
787 2398 831 2426 ille
855 2405 909 2425 non

108 2445 390 2475 audivitbzereticos?
411 2445 543 2479 Numquid
564 2449 590 2472 et
617 2446 685 2471 alius
708 2444 820 2480 quilibet
836 2443 910 2471 chri-

110 2494 223 2521 stianus
239 2500 291 2519 non
307 2496 379 2518 tanta
398 2491 467 2518 mala
483 2491 627 2522 commisit,
645 2494 714 2517 tanta
728 2489 858 2517 adulteria
869 2489 909 2516 fe-

106 2540 155 2572 cit,
173 2542 267 2565 tantas
278 2537 384 2571 rapinas
392 2536 510 2564 exercuit
521 2537 532 2561 't
548 2535 650 2571 thuid
664 2531 704 2564 illi
722 2535 832 2570 contigit
852 2542 909 2562 ma-

104 2587 122 2614 li
133 2586 146 2613 ?
166 2585 264 2613 Prima
279 2583 396 2618 vulpium
419 2587 492 2616 sunt,
505 2590 564 2617 quae
587 2582 690 2609 seducti
708 2581 848 2609 attendunt
862 2585 909 2613 ;et

104 2637 184 2660 retro
199 2634 246 2658 est
259 2629 338 2664 ignis.
360 2628 441 2661 Nihil,
466 2628 560 2663 inquit,
576 2628 612 2655 illi
633 2627 752 2662 contigit.
778 2625 910 2662 Numquid

102 2678 170 2713 quia
186 2674 329 2712 praecedit,
347 2678 406 2710 post
419 2681 449 2702 se
462 2673 527 2702 nihil
543 2673 646 2701 trahit?
668 2672 801 2701 Venturus
819 2675 860 2700 est
874 2671 907 2699 ad

102 2727 202 2759 ignem
216 2720 404 2757 posteriorem.
420 2719 500 2747 Putas
516 2724 605 2747 autem
618 2719 679 2753 quia
691 2718 808 2746 lncretici
822 2717 910 2753 ignem

103 2769 226 2798 trahunt
236 2766 310 2794 unde
322 2765 433 2793 ardeant
443 2764 543 2792 (ructus
562 2764 739 2796 inimicorum,
756 2767 783 2791 et
797 2763 846 2799 ipsi
857 2769 910 2790 non

101 2815 247 2843 ardeme
259 2813 272 2841 ἶ
287 2812 351 2840 Sine
360 2811 442 2839 dubio
452 2811 523 2838 enim
536 2811 639 2846 vulpes,
651 2810 695 2838 ubi
707 2817 807 2838 messes
818 2810 910 2837 incen-

101 2862 223 2894 derunt,
233 2863 262 2888 et
284 2858 349 2893 ipsae
373 2858 463 2893 utique
477 2862 609 2885 arserunt.
639 2856 733 2885 Videte
751 2864 815 2893 ergo
839 2856 911 2892 judic

253 2905 392 2935 PATROL.
416 2902 567 2933 XXXIX.

786 148 900 177 SEllMO
918 147 1072 176 CCCLXIV.

1680 149 1747 177 H312

968 206 1037 233 cium
1067 206 1197 233 hmrcticis
1226 210 1310 238 retro,
1338 206 1471 241 quomodo
1495 214 1547 234 non
1576 206 1664 235 vident
1697 213 1756 243 post

964 259 1003 280 se.
1015 252 1120 280 Habent
1142 252 1332 287 blandimenta,
1347 257 1375 279 ut
1387 253 1528 287 mulcvant,
1545 253 1643 288 primas
1667 259 1755 289 partes

963 306 1025 326 suas
1052 298 1150 326 liberas
1174 298 1341 327 ostendunt:
1363 299 1388 326 in
1413 299 1512 335 judicio
1546 300 1593 328 Dei
1622 301 1646 327 in
1668 301 1755 336 ligatis
1790 294 1792 299 “

963 345 1065 378 caudis,
1083 345 1108 372 id
1123 350 1173 377 est.
1189 346 1215 373 in
1242 346 1433 381 posterioribus
1458 345 1513 374 suis
1533 345 1619 382 ignem
1635 346 1753 378 trahunt,

962 391 1022 426 quia
1037 391 1189 426 improbitas
1205 391 1330 426 praecedit
1351 398 1441 426 [muas
1463 399 1534 419 suas.

997 436 1023 463 4.
1045 437 1163 464 Accessit:
1182 437 1216 463 ad
1236 437 1398 463 meretricem.
1420 436 1508 463 Portw
1525 437 1642 470 civitatis,
1659 446 1716 463 cum
1738 446 1753 463 α

961 490 1049 508 somno
1062 482 1222 515 surrexisset,
1238 482 1264 508 in
1277 486 1384 508 montem
1402 481 1501 509 ablutce.
1516 482 1592 515 Quod
1607 487 1696 509 autem
1712 483 1753 510 in-

963 528 1042 555 travit
1053 527 1085 554 ad
1098 527 1278 559 meretricem,
1294 528 1314 554 si
1329 526 1386 554 sine
1406 534 1485 553 causa
1506 526 1578 561 fecit,
1594 527 1754 563 quicumque

962 574 1033 607 fecit,
1048 574 1199 601 immundus
1217 578 1276 602 est:
1292 574 1314 601 si
1329 579 1416 601 autern
1430 574 1561 609 propheta
1582 575 1653 607 fecit,
1664 582 1754 602 sacra—

961 624 1080 647 mentum
1099 624 1150 648 cst.
1171 620 1198 648 Si
1212 627 1265 647 non
1280 620 1315 647 ita
1329 620 1435 647 intravit
1447 625 1475 647 ut
1488 620 1678 648 concumberet
1692 629 1752 648 cum

961 672 1002 697 ea,
1020 665 1138 701 mysterii
1152 673 1231 693 causa
1245 665 1365 692 fortassis
1379 664 1496 692 intravit.
1511 665 1565 693 Sed
1579 666 1754 693 concubuisw

961 718 1014 738 non
1031 710 1153 745 legimus.
1173 711 1307 746 Sequitur,
1323 710 1425 737 Inimici
1448 719 1505 737 vero
1527 710 1705 746 exspectabant
1720 710 1753 737 ad

961 762 1046 792 portas
1059 757 1176 791 civitatis,
1197 762 1224 784 ut
1244 758 1480 793 comprehenderent
1494 766 1559 790 eum,
1572 766 1629 784 cum
1643 767 1659 785 α
1673 766 1754 785 mere-

961 803 1030 836 trice,
1047 803 1081 829 ad
1102 811 1178 838 quam
1201 803 1347 835 intraverat,
1371 803 1457 838 fuisset
1481 810 1603 838 egressus.
1627 803 1676 830 Ille
1697 812 1753 830 vero

960 849 1108 877 dormiebat.
1126 849 1220 877 Videte
1244 849 1465 884 quemadmodum
1487 857 1540 876 non
1563 849 1691 884 scriptum
1713 856 1754 876 est

959 897 1021 932 quia
1044 897 1142 923 mixtus
1163 901 1205 923 est
1227 896 1377 928 meretrici;
1402 895 1448 922 sed
1475 895 1604 931 scriptum
1627 900 1667 922 est
1692 896 1753 931 quia

959 943 1109 970 dormiebat.
1128 942 1176 969 Ubi
1196 943 1346 975 exsurrexit,
1361 942 1455 977 inquit,
1471 942 1552 969 media
1567 948 1639 969 nocte
1649 942 1717 975 exiit,
1731 947 1754 970 et

959 987 1061 1015 abstulit
1077 993 1162 1022 portas
1177 988 1283 1015 civitatis
1298 988 1376 1023 ipsius
1394 996 1450 1014 cum
1464 988 1536 1020 seris,
1547 991 1569 1014 et
1582 988 1682 1015 easdem
1695 996 1755 1023 por-

960 1038 998 1060 tas
1012 1034 1100 1060 levttvit
1114 1034 1140 1060 in
1155 1041 1274 1062 cacumen
1296 1033 1398 1065 montis,
1413 1037 1436 1059 et
1457 1033 1488 1059 ab
1510 1033 1653 1068 Allopltylis
1677 1034 1754 1060 teneri

959 1088 1009 1106 non
1036 1079 1125 1114 potuit.
1148 1079 1243 1106 Portus
1263 1079 1387 1111 civitatis,
1410 1079 1504 1113 quibus
1532 1080 1564 1106 ad
1586 1079 1752 1107 meretricem

959 1124 1075 1156 intravit,
1086 1124 1204 1156 abstulit,
1219 1129 1246 1151 et
1261 1124 1286 1150 in
1301 1128 1417 1150 montem
1432 1124 1537 1150 levavit.
1548 1124 1616 1157 Quid
1630 1129 1671 1150 est
1686 1124 1754 1150 hoc?

959 1169 1092 1196 luiernum
1115 1174 1141 1196 et
1159 1177 1276 1196 amorem
1298 1168 1426 1201 mulieris,
1450 1172 1592 1202 utrmnquc
1617 1168 1752 1202 Scriptura

959 1214 1103 1249 conjungit.
1127 1214 1225 1241 Inferni
1250 1214 1391 1249 imaginem
1417 1213 1523 1241 tenebat
1547 1213 1642 1240 domus
1664 1222 1752 1241 tuere-

960 1260 1044 1287 tricis.
1064 1260 1146 1287 Recte
1168 1268 1215 1294 pro
1237 1260 1329 1287 inieris
1345 1259 1467 1295 ponitur:
1481 1260 1543 1294 quia
1557 1260 1691 1287 neminem
1710 1268 1752 1287 re-

958 1306 1046 1341 pellit,
1062 1310 1089 1333 et
1102 1313 1208 1332 onmem
1224 1305 1367 1332 intrantem
1381 1305 1413 1332 ad
1428 1312 1457 1332 se
1480 1305 1560 1331 trahit
1575 1304 1665 1340 (Prov.
1684 1313 1750 1337 xxx,

961 1352 1022 1386 l6).
1036 1351 1212 1386 Agnoscimus
1225 1350 1276 1378 hoc
1292 1351 1350 1378 loeo
1363 1351 1549 1386 Redemptoris
1564 1351 1648 1378 nostri
1659 1358 1750 1386 opera,

960 1401 1098 1431 postquam
1117 1396 1267 1431 Synagoga,
1280 1396 1313 1424 ad
1330 1404 1409 1431 quam
1423 1401 1542 1429 venerat,
1556 1404 1571 1423 a
1588 1404 1617 1424 se
1631 1404 1679 1432 per
1693 1397 1752 1424 dia-

960 1440 1050 1468 bolum
1065 1446 1189 1476 scparata
1205 1445 1256 1474 est,
1279 1446 1450 1476 posteaquam
1471 1441 1618 1469 decalcavit
1638 1450 1709 1475 eum,
1726 1443 1753 1470 id

958 1491 1009 1519 est,
1024 1486 1052 1513 in
1067 1486 1127 1514 loco
1139 1487 1265 1514 Calvariac
1278 1487 1418 1519 crucitixit,
1432 1486 1464 1514 ad
1480 1487 1583 1514 inferna
1598 1487 1751 1520 descendit;

958 1536 985 1558 ct
1007 1532 1107 1559 inimici
1122 1533 1307 1560 custodiebant
1320 1533 1408 1560 locum
1423 1533 1590 1567 dormientis,
1605 1533 1630 1560 id
1645 1537 1696 1566 est,
1709 1541 1753 1561 se-

959 1577 1096 1611 pulcrum;
1113 1583 1140 1605 et
1157 1585 1253 1612 capere
1268 1578 1394 1605 volebant
1406 1585 1486 1613 quem
1502 1578 1592 1605 videre
1605 1586 1657 1604 non
1673 1583 1750 1612 pote-

959 1627 1028 1650 rant.
1049 1623 1096 1650 lllc
1116 1628 1203 1651 autem
1228 1623 1376 1651 dormiebat
1391 1624 1437 1651 ibi.
1460 1623 1515 1651 Hoc
1534 1624 1594 1651 ideo
1607 1624 1672 1657 dixi,
1690 1624 1751 1658 quia

958 1677 1020 1696 vera
1036 1676 1107 1695 mors
1121 1673 1187 1695 erat.
1203 1668 1279 1701 Quod
1300 1668 1397 1695 dictum
1420 1673 1471 1702 est,
1488 1668 1575 1695 Media
1598 1673 1670 1696 nocte
1691 1678 1750 1696 sur-

958 1715 1042 1744 rexit;
1056 1713 1107 1740 hoc
1122 1713 1265 1748 significat,
1281 1713 1341 1748 quia
1356 1713 1382 1740 in
1398 1718 1503 1741 secreto
1516 1714 1641 1741 surrexit.
1652 1715 1752 1749 Aperte

958 1759 1029 1786 enim
1044 1766 1138 1794 passus
1154 1764 1213 1791 est;
1229 1759 1293 1786 solis
1306 1763 1394 1786 autem
1409 1759 1545 1794 discipulis
1560 1764 1587 1787 et
1600 1761 1681 1787 certis
1695 1761 1752 1795 qui-

958 1804 1133 1838 buscumque,
1155 1811 1215 1831 cum
1242 1803 1373 1837 surrexit,
1401 1804 1585 1832 manifestatus
1605 1809 1656 1832 est.
1682 1805 1752 1840 Ergo

959 1849 1031 1884 quod
1049 1849 1167 1883 intravit,
1187 1856 1281 1877 omnes
1296 1848 1438 1882 viderunt;
1453 1849 1523 1884 quod
1537 1850 1661 1883 surrexit,
1676 1850 1752 1885 pauci

958 1899 1149 1929 cognoverunt,
1170 1897 1353 1922 tenueruntet
1366 1895 1551 1929 palpavcrunt.
1568 1894 1647 1922 Tollit
1662 1901 1750 1922 tamen

959 1946 1049 1975 portas
1061 1940 1185 1974 civitatis,
1198 1940 1223 1967 id
1241 1943 1292 1972 est,
1304 1940 1391 1966 aufert
1403 1944 1493 1974 portas
1510 1939 1615 1967 inferni.
1628 1940 1696 1974 Quid
1710 1945 1753 1968 est

959 1990 1049 2020 portas
1069 1985 1163 2012 inferni
1185 1985 1293 2017 tollere,
1312 1985 1363 2012 nisi
1384 1985 1477 2012 mortis
1499 1984 1639 2019 imperium
1662 1993 1752 2013 remo-

958 2031 1049 2058 vere?
1084 2029 1239 2065 Rccipiebat
1266 2030 1337 2057 enim
1364 2033 1392 2056 et
1419 2036 1470 2057 non
1494 2030 1657 2057 remittebat.
1683 2031 1751 2064 Quid

959 2080 1048 2103 autem
1063 2075 1126 2103 fecit
1147 2076 1274 2103 Dominus
1288 2078 1380 2102 noster
1394 2075 1471 2103 Jesus
1485 2075 1625 2103 Christus?
1649 2076 1752 2104 Ablalis

960 2121 1043 2155 portis
1059 2121 1161 2153 mortis,
1175 2120 1294 2148 ascendit
1307 2121 1332 2147 in
1350 2128 1478 2148 cacumen
1494 2121 1600 2148 montis.
1623 2121 1752 2149 Novimus

960 2166 1031 2193 enim
1045 2174 1107 2194 cum
1120 2171 1147 2194 et
1159 2166 1348 2199 resurrexissc,
1362 2170 1389 2194 et
1402 2166 1427 2193 in
1439 2167 1522 2194 caelos
1534 2167 1698 2195 ascendisse.

996 2213 1022 2241 5.
1050 2212 1133 2240 Virtus
1150 2213 1177 2239 in
1192 2211 1300 2247 capillis.
1315 2211 1460 2239 Exczcatio
1476 2217 1500 2239 et
1519 2220 1586 2239 mors
1606 2212 1750 2240 Samson}.
1779 2242 1783 2252 ί

961 2258 1028 2292 Quid
1039 2262 1081 2286 est
1095 2262 1182 2285 autem
1196 2257 1268 2292 quod
1281 2257 1307 2284 in
1322 2257 1425 2292 capillis
1438 2257 1560 2284 virtutem
1573 2257 1705 2285 habebat?
1719 2258 1755 2285 Et

962 2304 1023 2337 hoc,
1044 2303 1152 2337 fratres,
1173 2303 1313 2339 diligenter
1325 2303 1465 2331 attendite.
1479 2303 1609 2331 Virtutem
1630 2311 1684 2331 non
1707 2303 1755 2331 ba-

962 2349 1019 2378 buit
1039 2350 1065 2377 in
1087 2357 1178 2382 manu,
1194 2356 1248 2377 non
1263 2349 1289 2376 in
1313 2348 1391 2384 pede,
1406 2357 1459 2376 non
1481 2348 1509 2376 in
1523 2354 1642 2383 pectore,
1657 2357 1710 2377 non
1726 2350 1754 2377 in

962 2396 1022 2430 ipso
1034 2395 1138 2430 capite;
1160 2394 1207 2422 sed
1230 2394 1257 2421 in
1277 2394 1389 2429 capillis,
1406 2394 1433 2421 in
1453 2394 1579 2422 crinibus.
1601 2395 1669 2430 Quid
1691 2400 1754 2423 sunt
1790 2409 1793 2412 ~

962 2441 1070 2477 capilli?
1084 2440 1148 2477 quid
1168 2441 1269 2468 comae?
1285 2440 1318 2467 Et
1332 2448 1380 2468 nos
1394 2441 1524 2475 videmus,
1539 2446 1565 2469 et
1576 2441 1754 2477 interrogatus

963 2487 1107 2522 Apostolus
1134 2485 1279 2521 respondet
1306 2485 1401 2519 nobis,
1423 2486 1502 2513 Coma
1524 2487 1690 2514 vclamentum
1718 2492 1754 2513 est

963 2534 989 2570 (I
1006 2534 1064 2561 Cor.
1082 2542 1123 2567 xi,
1143 2534 1201 2569 ιδ).
1224 2533 1259 2560 Et
1277 2533 1304 2561 in
1326 2533 1477 2561 velamento
1495 2533 1618 2561 Christus
1640 2533 1754 2561 habebat

963 2580 1099 2612 virtutem,
1109 2578 1216 2614 quando
1229 2578 1330 2607 umbra:
1340 2579 1437 2607 veteris
1452 2579 1529 2613 Legis
1545 2586 1605 2607 cum
1619 2579 1752 2614 tegebant.

963 2626 1046 2654 Coma
1056 2633 1120 2660 ergo
1128 2625 1241 2653 Samson
1254 2625 1282 2652 in
1295 2625 1445 2653 velamento
1453 2628 1509 2652 erat
1517 2632 1524 2657 ;
1537 2624 1598 2659 quia
1612 2624 1637 2652 in
1646 2623 1753 2652 Christo

964 2670 1036 2699 aliud
1050 2670 1200 2703 videbatur,
1214 2674 1241 2698 et
1261 2669 1332 2698 aliud
1352 2669 1559 2705 intelligebatur.
1574 2670 1643 2704 Quid
1664 2674 1753 2697 autem

964 2717 1014 2745 sibi
1032 2716 1099 2751 vult,
1112 2716 1182 2751 quod
1201 2715 1335 2751 proditum
1350 2719 1391 2743 est
1404 2720 1547 2749 secretum,
1564 2720 1591 2743 et
1603 2715 1754 2744 decalvatus

964 2769 1006 2791 est
1018 2762 1151 2791 Samson?
1163 2762 1320 2798 Contempla
1333 2767 1375 2790 est
1393 2762 1458 2795 Lex,
1473 2767 1501 2790 et
1515 2770 1608 2798 passus
1622 2766 1664 2790 est
1677 2762 1757 2790 Chri-

964 2813 1031 2836 stus.
1043 2808 1179 2837 Christum
1199 2807 1270 2836 enim
1284 2815 1338 2835 non
1359 2807 1523 2840 occiderent,
1538 2807 1561 2835 si
1581 2807 1680 2843 Legem
1701 2815 1764 2837 non‘

965 2855 1197 2891 contempsissent.
1218 2853 1283 2883 Nam
1298 2858 1428 2881 noverant
1444 2858 1471 2881 et
1485 2854 1534 2888 ipsi
1548 2854 1609 2889 quia
1621 2855 1662 2883 eis
1676 2853 1756 2885 Chri-

1271 2898 1598 2940 (Ciaquante—dcuxJ
