4026 6186
395 318 408 349 ‘.
447 293 581 350 1645

393 375 407 384 '
448 416 588 459 stum
620 417 726 458 non
744 400 936 456 licebat
963 396 1224 455 occidere.
1252 390 1709 460 Dicebantjudici,
1736 387 1896 442 Nobis
1923 402 2022 439 non

445 473 560 551 licet
601 493 824 549 occidere
866 492 1085 562 aliquem
1131 486 1309 561 (Joan.
1355 500 1511 547 XVIII,
1553 483 1667 554 ⁸51).
1719 479 2032 535 Deealvatus

447 599 529 644 est
574 589 835 654 Samson,
879 583 1111 640 revelata
1160 587 1286 635 sunt
1329 576 1618 640 condensa,
1661 581 1921 628 remotum
1951 577 2039 625 est

449 680 842 741 tutamentum;
871 685 926 730 et
949 673 1191 728 Christus
1212 668 1302 739 qui
1330 667 1528 723 latebat
1555 665 1821 735 apparuit.
1845 659 2032 732 Capilli

446 784 624 826 autem
655 767 873 824 redivivi
904 773 1061 834 caput
1093 761 1389 817 vestierunt
1419 777 1434 814 :
1473 753 1594 828 quia
1626 754 1793 810 Judaei
1822 767 1921 807 nec
1951 767 2036 805 re-

449 871 757 933 surgentem
789 857 1058 913 Christum
1089 852 1311 909 credere
1338 851 1639 905 volucrunt.
1673 845 1792 900 Fuit
1817 843 2033 915 quidem

454 958 505 1010 iu
545 950 849 1008 Iuolendino
897 956 1148 1012 emeatus,
1182 945 1274 999 fuit
1319 945 1371 998 iu
1419 943 1579 997 domo
1621 938 1873 996 carceris.
1926 937 2033 992 Do-

450 1059 569 1098 mus
595 1041 827 1096 carceris
856 1038 938 1093 vel
961 1035 1348 1099 molendinum,
1366 1031 1518 1088 labor
1547 1039 1630 1087 est
1650 1019 1805 1100 liujus
1833 1027 2033 1082 szeculi.

451 1133 752 1190 Excrecatio
784 1140 960 1185 autem
1006 1129 1231 1184 Samson
1271 1125 1388 1179 illos
1420 1123 1640 1189 indicat,
1672 1121 1760 1191 qui
1807 1119 2034 1174 infideli-

451 1237 557 1282 tate
600 1225 780 1281 caecati
825 1223 1092 1278 Christum
1141 1236 1238 1274 nec
1285 1219 1505 1272 virtutes
1549 1224 1892 1286 operantem,
1941 1228 2036 1267 nec

449 1318 826 1374 ascendentem
871 1315 936 1370 ad
965 1311 1201 1370 cmlestia
1224 1316 1609 1380 cognoverunt.
1640 1306 1868 1361 Ctecitas
1910 1320 2037 1373 ergo

452 1428 608 1480 quam
658 1410 973 1474 intulerunt,
1003 1405 1296 1460 caecitatem
1350 1400 1654 1462 Judaeorum
1686 1398 2034 1469 significabat.

451 1502 696 1556 Christus
725 1510 903 1555 autem
941 1513 970 1552 a
998 1496 1196 1552 Judacis
1225 1503 1279 1549 et
1304 1491 1724 1563 comprehensus
1754 1499 1836 1544 est
1863 1498 1918 1544 et
1944 1503 2036 1542 oc-

451 1596 638 1647 eisus:
681 1591 775 1646 sed
819 1590 987 1660 magis
1025 1587 1407 1643 interficientes
1436 1583 1649 1640 occidit.
1692 1581 2038 1636 Adduxerunt

450 1699 580 1754 ergo
599 1699 721 1739 eum
752 1682 972 1748 inimici,
998 1689 1056 1735 ut
1081 1664 1368 1734 illudcreut
1395 1677 1463 1732 ei.
1489 1675 1606 1731 Jam
1638 1673 1724 1728 hic
1755 1673 2037 1744 imaginem

451 1776 628 1831 crucis
655 1774 931 1830 attendite.
974 1773 1250 1842 Expansas
1282 1771 1422 1826 enim
1457 1783 1644 1823 manus
1673 1767 1739 1822 ad
1782 1765 1915 1822 duas
1945 1781 2038 1820 eo—

454 1870 687 1933 lumnas,
719 1867 866 1938 quasi
893 1865 959 1920 ad
999 1865 1106 1922 duo
1137 1865 1273 1935 ligna
1305 1864 1478 1919 crucis
1518 1861 1795 1918 extendit:
1828 1858 1920 1914 sed
1948 1858 2041 1912 ad-

455 1963 723 2016 versarios
760 1975 886 2013 suos
935 1958 1280 2026 interemptus
1310 1954 1595 2024 oppressit,
1624 1963 1677 2008 et
1703 1953 1843 2007 illius
1866 1951 2041 2022 passio

456 2051 756 2106 interfectio
779 2050 911 2103 facta
936 2057 1016 2103 est
1043 2047 1499 2119 persequentium.
1530 2046 1595 2100 Et
1624 2044 1746 2098 ideo
1767 2044 2040 2113 Scriptura

456 2144 526 2197 ita
557 2142 842 2206 conclusit,
878 2141 1063 2194 Plures
1094 2149 1321 2193 mortuus
1350 2138 1551 2202 occidit,
1575 2155 1726 2208 quam
1751 2138 1888 2191 virus
1909 2137 2041 2190 occi-

456 2236 620 2290 derat.
641 2233 792 2302 Quod
816 2233 1130 2304 mysterium
1154 2232 1204 2285 iu
1224 2231 1450 2286 Domino
1474 2239 1660 2286 nostro
1680 2229 1806 2285 Jesu
1829 2229 2042 2284 Christo

455 2327 736 2380 evidenter
785 2325 1060 2394 impletum
1113 2332 1194 2378 est
1247 2340 1260 2375 :
1305 2321 1728 2391 redemptionem
1780 2330 2040 2387 nostram,

456 2435 614 2490 quam
644 2419 826 2473 vivens
857 2418 1075 2472 minime
1106 2415 1488 2483 celebraverat,
1527 2426 1768 2470 mortuus
1805 2413 2045 2471 celebra-

456 2513 569 2566 vit:
599 2511 689 2582 qui
713 2511 840 2565 vivit
861 2519 915 2565 et
948 2517 1134 2578 regnat
1163 2509 1214 2562 in
1256 2508 1452 2564 sarcula
1478 2508 1815 2564 saeculorum.
1849 2508 2039 2562 Amen.

893 2622 1121 2678 SERMO
1159 2621 1425 2678 CCCLXV
1447 2628 1467 2647 ⁶
1497 2621 1592 2692 (a).

460 2716 538 2772 De
565 2733 710 2772 versu
734 2717 770 2769 .7
793 2713 998 2769 Psalmi
1031 2730 1126 2778 xv,
1159 2713 1477 2768 Bene-dicam
1506 2712 1810 2780 Dominum,
1833 2713 1920 2783 qui
1952 2713 2044 2768 tri-

779 2785 893 2841 buit
926 2784 1061 2839 mihi
1106 2785 1464 2850 intellectum,
1497 2792 1590 2837 etc.
1628 2783 1726 2855 (b).

533 2904 586 2956 1.
652 2900 793 2954 Deus
843 2899 993 2954 corde
1044 2897 1331 2952 (credendus
1384 2907 1430 2952 et
1487 2913 1678 2952 amore.
1740 2896 1876 2951 Laus
1937 2897 2046 2950 sine

461 2988 652 3035 (tutore,
677 2987 766 3024 nec
789 2987 927 3032 vero,
958 2985 1046 3039 nec
1073 2968 1176 3022 Deo
1200 2977 1424 3039 accepta.
1449 2967 1808 3039 Cantavimus,
1832 2976 1886 3022 et
1910 2967 2046 3021 dixi—

464 3059 604 3106 mus,
652 3040 952 3095 Benedicam
998 3037 1326 3092 Dominum;
1351 3038 1548 3092 utinam
1575 3037 1758 3100 corde,
1803 3053 1906 3092 non
1951 3054 2046 3092 ore

465 3124 666 3167 tantum
703 3129 717 3166 :
759 3125 879 3165 nam
923 3111 968 3164 si
1016 3124 1110 3164 ore
1151 3118 1206 3162 et
1252 3123 1354 3162 non
1398 3108 1578 3170 corde,
1628 3108 1889 3162 sordescit
1931 3108 2046 3161 laus

464 3182 677 3238 Domini
731 3183 782 3236 in
811 3197 904 3236 ore
951 3181 1246 3249 peccatoris
1294 3178 1480 3249 (Ereti.
1529 3194 1623 3244 xv,
1664 3179 1754 3247 9);
1799 3191 1899 3232 nec
1945 3179 2047 3232 sibi

463 3254 683 3323 prodest
731 3248 1176 3323 oriscoufessio,
1227 3249 1273 3305 si
1307 3248 1423 3304 non
1470 3249 1541 3304 sit
1587 3249 1744 3323 intus
1772 3248 2047 3323 charitatis

467 3319 745 3393 professio.
779 3321 1008 3393 Videte,
1043 3320 1239 3393 fratres
1269 3337 1282 3373 :
1330 3335 1435 3393 non
1475 3329 1556 3374 est
1600 3319 1831 3393 eharitas
1864 3319 2047 3393 ~virtu_s

466 3390 609 3459 bris;
644 3393 715 3447 ibi
754 3392 934 3447 sedem
985 3392 1115 3461 figit,
1157 3391 1243 3444 ubi
1286 3390 1500 3458 pulchra
1528 3399 1612 3445 est
1645 3391 1813 3444 amica
1842 3390 2043 3458 sponsi.

467 3463 567 3520 Ubi
593 3474 769 3518 autem
793 3463 914 3533 lucc
949 3462 1282 3533 pulchritudo
1297 3461 1526 3533 ?7_Omm's
1566 3461 1744 3533 glorier
1768 3461 1892 3528 ﬁlia:
1915 3462 2049 3533 regis

467 3533 529 3588 ab
571 3536 706 3588 intus
754 3532 922 3603 (.Psal.
949 3530 1114 3603 fxuv,
1157 3530 1267 3602 H).
1314 3531 1433 3603 Non
1479 3530 1582 3586 esti
1604 3530 1748 3603 aliud
1777 3545 1840 3603 ea
1879 3531 2046 3600 gloria

467 3620 626 3674 quam
657 3600 1015 3672 pulchritudo,
1034 3617 1140 3674 non
1169 3600 1251 3674 est
1279 3601 1420 3674 aliud
1447 3616 1508 3656 ea
1536 3600 1871 3674 pulchritudo
1887 3617 2046 3670 quam

467 3670 720 3737 eharitas,
753 3688 858 3728 non
895 3671 1144 3727 estaliud
1193 3671 1426 3726 eharitas
1455 3686 1611 3740 quam
1654 3670 1779 3726 vita.
1823 3671 1962 3741 Ergo
1989 3680 2048 3726 ut

468 3745 638 3809 vivas,
657 3743 872 3798 ama.Si
904 3757 1072 3807 amas,
1098 3741 1320 3812 pulcher
1344 3755 1403 3812 es
1427 3759 1440 3795 :
1469 3756 1620 3796 amor
1649 3741 1869 3806 bonum,
1897 3756 2050 3797 amor

470 3813 772 3883 pulchrum.
800 3813 857 3868 Si
887 3813 1026 3883 absit
1061 3811 1194 3868 illud
1232 3811 1535 3883 pulchrum,
1564 3826 1668 3883 non
1708 3813 1880 3883 vivis;
1921 3827 2049 3882 spe-

471 3881 608 3940 ciem
638 3884 859 3955 quidem
895 3882 1089 3955 habes,
1109 3883 1201 3955 sed
1247 3897 1356 3955 non
1400 3882 1562 3955 intus.
1597 3881 1919 3955 liecludatur
1954 3881 2048 3938 se-

470 3951 712 4025 pulcrum
737 3953 862 4009 illud
888 3954 1046 4025 tantis
1069 3953 1255 4009 fultum
1277 3952 1558 4025 columnis,
1579 3951 1890 4025 effringatur
1911 3968 2052 4008 mar-

469 4023 620 4090 inor:
666 4025 790 4096 quid
819 4024 962 4080 aliud
991 4033 1237 4080 occurret
1262 4038 1418 4096 quam
1449 4023 1770 4096 horrendum
1796 4024 2048 4096 cadaver,

469 4112 590 4153 ossa
620 4093 802 4159 fetida.
833 4098 1061 4161 cineres,
1094 4093 1346 4150 vermes?
1377 4094 1470 4149 Est
1499 4093 1676 4164 itaque
1704 4094 1928 4163 species,
1955 4097 2051 4150 sed

473 4170 603 4239 tegit
629 4179 919 4234 mortuum,
947 4166 1014 4221 ad
1041 4175 1315 4239 aspectum
1352 4165 1506 4239 cujus
1530 4165 1816 4239 horrescis,
1847 4165 2047 4239 tremis.

473 4233 632 4293 Putas
680 4247 859 4292 autem
898 4233 1139 4291 mortuus
1182 4235 1344 4301 dicat,
1392 4233 1692 4289 Benedicam
1739 4233 2053 4291 Dominum?

473 4309 584 4365 lmo
627 4317 761 4362 teste
803 4305 1095 4375 Scriptura,
1131 4304 1249 4360 Non
1288 4306 1476 4359 mortui
1518 4304 1796 4359 laudabunt
1840 4314 1906 4369 te,
1940 4303 2050 4360 Do-

471 4381 627 4444 mine,
655 4394 814 4446 neque
843 4375 1127 4448 ontnes_qui
1155 4375 1459 4448 descendunt
1495 4375 1550 4448 in
1591 4376 1844 4448 infernum
1875 4375 2064 4447 (Paul.

472 4465 620 4512 cxm,
656 4444 771 4517 t7).
804 4446 977 4518 Aperi
1005 4445 1369 4518 Evangelium,
1396 4444 1598 4518 audies
1644 4444 1936 4518 Dominum;
1968 4448 2052 4501 in-

473 4515 781 4589 crepantem
830 4515 890 4589 et
928 4516 1195 4589 dicentem
1237 4515 1470 4589 diabolo,
1503 4515 1814 4589 _0bi_nutesce
1859 4515 2050 4589 (Marc.

476 4605 514 4656 I,
537 4586 654 4659 95).
682 4588 897 4654 Quare?
941 4587 1073 4659 Quia
1123 4603 1242 4659 non?
1270 4587 1454 4659 mortui
1495 4586 1772 4659 laudabunt
1803 4586 2056 4659 te,'7neque

473 4655 646 4714 omnes
670 4660 757 4728 qui
789 4657 1093 4713 descendunt
1134 4658 1186 4712 in
1227 4657 1498 4728 infernum.
1531 4655 1698 4728 Nemo
1727 4673 1845 4712 eum
1880 4655 2056 4714 laudat

473 4746 633 4802 quem
682 4726 788 4786 non
827 4739 999 4802 amat;
1045 4739 1138 4802 aut
1175 4729 1219 4802 si
1270 4726 1515 4802 inimicus
1565 4727 1764 4802 laudat,
1803 4729 2052 4802 virtutem

473 4797 621 4856 amat
647 4817 804 4870 quam
837 4801 887 4855 in
927 4799 1144 4854 inimico
1171 4798 1369 4870 laudat.
1397 4797 1496 4864 Qui
1521 4807 1736 4870 peccat,
1754 4799 2056 4870 inimicitias

475 4869 692 4927 exercet
732 4885 851 4926 cum
895 4869 1048 4939 Deo:
1093 4884 1264 4938 neque
1297 4869 1472 4939 igitur
1517 4869 1682 4924 Deum
1729 4869 1924 4936 laudat,
1957 4886 2056 4926 nec

473 4943 726 4998 virtutem
756 4940 849 4995 Dei
889 4938 1102 5005 laudat;
1145 4939 1266 5010 quia
1295 4938 1412 5010 laus
1451 4939 1662 5010 aliquod
1711 4939 1906 4994 bonum
1951 4952 2052 5006 est,

474 5014 614 5084 quod
645 5029 753 5067 non
791 5010 934 5084 cadit
962 5010 1016 5084 in
1057 5008 1353 5084 peceatum.
1383 5008 1486 5084 Qui
1525 5010 1752 5084 aliquem
1789 5011 1967 5084 laudat
2004 5020 2058 5066 et

476 5079 752 5148 mentitur,
788 5080 1156 5144 calumniatur,
1189 5087 1280 5151 aut
1319 5079 1511 5151 irridet
1543 5079 1719 5148 potius
1745 5096 1902 5151 quam
1941 5082 2054 5138 lau-

475 5155 586 5212 dat.
625 5155 790 5213 Aufer
814 5168 844 5208 a
870 5151 1032 5210 corde
1069 5149 1404 5220 cbaritatem,
1426 5149 1864 5220 Asolumgsuperat
1905 5168 2057 5210 men-

476 5228 708 5282 dacium.
738 5223 834 5280 ‘Vis
866 5233 918 5280 ut
951 5220 1284 5278 mendacium
1317 5217 1499 5275 laudet
1527 5217 1827 5288 veritatem,
1852 5231 1906 5277 et
1935 5223 2058 5278 inde

477 5297 620 5352 Deus
645 5304 822 5351 sumat
843 5295 1100 5365 elogium,
1129 5291 1270 5365 unde
1307 5289 1661 5365 proficiscitur
1693 5291 2059 5365 blaSphemia?

476 5368 594 5424 Non
620 5368 796 5437 magni
822 5361 1346 5437 ductiutsapientes,
1369 5361 1469 5437 qui.
1491 5363 1560 5417 ab
1597 5361 1796 5437 insanis
1825 5371 1880 5416 et
1903 5365 2059 5437 malis

464 5431 763 5501 laudantur
791 5454 802 5489 :
837 5431 1138 5490 laudabitur
1178 5433 1322 5489 Deus
1359 5431 1427 5487 ab
1457 5431 1666 5502 impuro
1693 5441 1745 5487 et
1776 5433 2058 5504 impuden-

537 5553 557 5618 '_
589 5555 870 5618 uoa‘exstat
894 5549 942 5598 in
965 5546 1511 5618 manuseriptisnpostrta.

559 5612 610 5672 α)
645 5612 784 5668 Alias,
813 5612 940 5659 inter
962 5606 1276 5672 t‘igneranios
1292 5606 1368 5658 28.

564 5669 614 5732 b)
645 5673 886 5741 adversus
907 5669 1188 5741 Pelagianos
1205 5669 1256 5719 et
1271 5669 1679 5741 Semipelagianos
1697 5673 1948 5738 egregius,
1972 5674 2061 5724 sed

475 5732 588 5784 stilo
613 5744 708 5781 non
731 5733 919 5784 videtur
937 5732 1144 5796 scriptus
1160 5732 1521 5796 Augustiuiano.

1691 275 1746 330 S.
1788 266 2150 330 AUGUSTINI
2193 266 2489 325 EPiSCfli‘l

3595 270 3662 329 tlfi
3675 278 3736 329 lli-

2141 383 2350 436 tissime
2373 384 2554 447 corde,
2589 399 2616 436 a
2661 383 2966 452 blasphema
3011 393 3064 440 et
3100 387 3462 442 amentissima
3509 392 3728 446 mente?

2142 453 2236 527 Die
2268 467 2416 522 ergo,
2460 453 2766 527 Benedicam
2799 454 3093 521 Dominum,
3120 459 3205 525 qui
3250 458 3422 511 tribuit
3472 460 3596 512 mihi
3645 461 3726 515 in-
3779 503 3793 527 ,

2139 522 2412 576 tellectum.
2466 523 2686 579 Insanus
2735 541 2838 579 non
2884 541 2964 592 es,
3014 522 3231 582 sanatus
3274 543 3353 591 es,
3399 529 3727 585 intellecmm

2141 593 2347 659 habes;
2394 595 2549 667 lauda
2601 596 2767 650 Deum
2813 605 2982 663 tuum,
3013 598 3103 667 qui
3145 597 3331 653 tribuit
3377 600 3471 653 tibi
3519 601 3730 657 intelle-

2138 673 2304 740 ctum,
2349 666 2438 734 qui
2490 676 2702 740 pr:es_ta_t
2740 667 2990 740 oculum:
3024 666 3375 735 intellectum,
3418 680 3476 724 ιιι
3516 673 3729 740 capias;

2139 734 2376 808 oculum,
2421 745 2479 790 ut
2523 737 2785 808 aspicias;
2834 738 3014 807 capias
3057 748 3252 808 quanta
3299 742 3368 794 sit
3412 734 3635 798 latitudo
3678 753 3734 798 et

2140 805 2414 874 longitudo
2457 805 2654 860 amoris
2699 807 2812 871 llei,
2840 805 3150 876 aspicias'in
3196 819 3465 865 auctorem
3507 820 3562 866 et
3599 827 3730 867 con-

2077 915 2080 918 -
2139 885 2523 950 summatorem
2553 877 2704 942 ﬁdei;
2745 878 2923 946 capias
2953 880 3290 946 cbaritatem,
3319 881 3549 950 aspicias
3575 882 3732 938 Chri-

2141 955 2279 1000 stum
2303 963 2317 1011 ;
2346 948 2684 1019 cbaritatem,
2710 959 2770 1002 ut
2794 963 2976 1014 ames;
3007 950 3300 1019 Christum,
3329 948 3730 1013 utibenedicas.

2222 1017 2454 1106 amando
2474 1027 2542 1106 et.
2575 1019 2934 1106 l‘i‘enedicendo
2973 1017 3611 1106 cognoscas‘Dotninum,
3641 1026 3729 1106 qui

2143 1087 2234 1164 t_i_bi
2263 1088 2449 1164 tribuit
2474 1089 2832 1154 intellectum;
2874 1099 2927 1143 et
2956 1087 3328 1160 cognoscendo
3361 1093 3509 1164 vivas
3535 1112 3550 1146 :
3579 1087 3726 1164 quia,

2147 1155 2272 1211 Haec
2304 1168 2384 1231 est
2405 1159 2503 1231 cito
2539 1169 2749 1231 interno,
2781 1169 2835 1212 ut
2861 1155 3163 1231 cognoEcant
3193 1173 3238 1216 te
3274 1164 3439 1217 solum
3467 1155 3650 1228 Deum,
3680 1155 3732 1219 et

2141 1244 2288 1305 quem
2317 1229 2495 1305 misisti
2522 1229 2701 1305 desunt
2729 1229 2980 1305 Christum
3010 1231 3190 1305 (Joan.
3224 1249 3350 1299 xv",
3381 1232 3460 1305 ὅ).

2210 1298 2264 1352 2.
2307 1297 2492 1374 Contra
2518 1300 2795 1374 flagreticos,
2833 1297 3135 1356 intellectum
3161 1297 3364 1369 bonum,
3393 1297 3492 1374 quo
3523 1302 3727 1359 benedi-

2142 1369 2275 1422 citur
2326 1368 2474 1442 Deus,
2516 1370 2694 1442 [rabere
2724 1389 2777 1426 se
2813 1390 2844 1424 a
2873 1383 3053 1425 natura
3089 1368 3364 1442 jactantes.
3405 1368 3523 1429 'Sed
3564 1375 3724 1439 unde,

2144 1454 2348 1508 qumso,
2388 1440 2493 1514 tibi
2516 1440 2812 1514 intellectus
2856 1443 2993 1497 iste?
3029 1440 3213 1514 Veniet
3242 1444 3436 1514 aliquis
3466 1444 3531 1498 de
3555 1454 3729 1499 trans-

2143 1523 2316 1580 verso,
2337 1518 2391 1562 et
2441 1510 2580 1565 dicet
2605 1530 2616 1563 :
2642 1513 2740 1578 Qui
2765 1522 3006 1567 naturam
3025 1510 3350 1580 dedit,dedii
3370 1515 3724 1578 intellectum;

2144 1579 2279 1633 bona
2315 1592 2521 1647 natura,
2555 1582 2724 1636 bonus
2760 1584 3088 1649 intellectus;
3123 1585 3260 1639 hanc
3287 1585 3481 1640 bonam
3511 1587 3724 1645 sortiar.

2143 1649 2373 1724 sufficit:
2409 1667 2580 1724 neque
2605 1653 2746 1724 enim
2779 1654 3077 1708 intellectus
3107 1656 3208 1709 erit
3235 1656 3497 1724 degener;
3527 1666 3575 1710 et
3604 1656 3726 1710 inde

2145 1719 2455 1790 benedieam
2489 1722 2789 1785 Dominum,
2823 1724 2965 1778 unde
2997 1725 3124 1778 mihi
3165 1719 3346 1779 tribuit
3374 1726 3722 1790 intellectum,

2145 1789 2248 1844 hoc
2287 1800 2387 1857 est,
2424 1807 2452 1845 a
2491 1803 2700 1865 natura.
2731 1795 2776 1848 Ο
2808 1794 3074 1859 lueretice,
3105 1810 3231 1865 ergo
3273 1796 3466 1849 bonam
3510 1789 3726 1850 sortitus

2146 1877 2204 1916 es
2243 1862 2519 1933 naturam?
2548 1863 2742 1918 Taceat
2769 1866 3052 1933 Apostolus
3080 1874 3134 1920 et
3174 1862 3529 1920 confundatur
3557 1885 3571 1920 :
3606 1865 3724 1919 Non

2145 1932 2281 1997 quod
2324 1933 2456 2006 volo,
2487 1933 2674 2004 inquit,
2718 1932 2922 2002 bonum,
2957 1937 3049 1990 hoc
3085 1937 3217 2005 facio
3258 1937 3436 2006 (ltom.
3481 1953 3572 2000 vII,
3605 1937 3726 2006 19);

2147 2011 2198 2055 et
2227 2011 2403 2057 tamen
2435 2004 2626 2056 bonam
2655 2007 2873 2060 sortitus
2897 2016 2976 2061 est
2998 2004 3342 2073 naturam,‘ct
3371 2008 3422 2060 iu
3464 2006 3564 2061 hac
3590 2004 3725 2061 bona

2148 2082 2356 2151 natura,
2397 2073 2593 2151 bonum
2641 2075 2780 2142 quod
2820 2077 2929 2131 vult
2967 2093 3282 2151 agerc,_non
3326 2086 3502 2151 potest
3547 2092 3723 2151 agere.

2153 2143 2297 2209 Vult,
2325 2145 2612 2210 desiderat,
2642 2156 2866 2201 conatur
2892 2165 2904 2199 :
2937 2143 3045 2201 vult
3089 2143 3619 2210 iulirmc,'desiderat
3645 2149 3728 2201 in-

2147 2228 2388 2288 cassum;
2429 2223 2653 2288 conatur
2697 2215 2923 2281 frustra;
2952 2226 3007 2288 et
3032 2228 3216 2272 contra
3243 2218 3392 2288 quod
3411 2218 3541 2281 vult,
3579 2218 3727 2287 quod

2148 2283 2450 2357 desiderat,
2491 2285 2633 2354 quod
2677 2295 2918 2353 conatur,
2965 2287 3162 2342 bonum
3213 2283 3314 2342 hoc
3353 2304 3458 2342 non
3504 2283 3726 2357 perlicit.

2148 2356 2193 2425 υ
2232 2354 2423 2408 bonam
2453 2365 2717 2421 naturam,
2748 2357 2900 2425 cujus
2930 2357 3191 2412 imbecilla
3221 2360 3483 2420 voluntas,
3508 2354 3727 2412 irritum

2149 2424 2494 2497 desiderium,
2523 2436 2743 2482 conatus
2772 2424 3018 2482 inutiles!
3050 2429 3234 2482 Partes
3265 2444 3387 2483 suas
3427 2436 3583 2497 agant
3609 2429 3728 2497 phi-

2151 2494 2378 2569 losophi,
2406 2506 2463 2569 _et
2502 2499 2784 2552 maximam
2824 2499 2914 2552 tibi
2940 2500 3163 2569 gratiam
3196 2494 3484 2569 habebunt,
3507 2500 3594 2569 qui
3612 2494 3728 2569 tam

2149 2568 2376 2634 gratuito
2406 2567 2596 2620 bonam
2619 2569 2698 2622 cis
2721 2567 2962 2622 naturam
2994 2569 3251 2639 indulges.
3275 2568 3412 2635 Quid
3444 2567 3600 2624 inde?
3625 2568 3728 2623 No-

2149 2644 2338 2690 Vf‘l‘lllll
2377 2639 2605 2704 cmlum,
2660 2647 2939 2694 [ιοιέιίιιιῑ.
2964 2648 3194 2706 terram,
3237 2648 3497 2693 DOVCt‘tllll
3547 2655 3724 2703 mare,

2149 2707 2371 2777 abyssos
2400 2709 2676 2773 rimantur,
2710 2710 2952 2765 abstrusa
2975 2718 3174 2764 naturae
3201 2719 3524 2773 scrutantur,
3555 2710 3730 2764 seiunt

2153 2793 2329 2832 rerum
2378 2778 2720 2847 discrimina,
2769 2780 3128 2845 differentias,
3183 2782 3478 2845 essentias;
3533 2780 3602 2834 de
3645 2780 3732 2834 his

2151 2846 2400 2920 omnibus
2430 2850 2688 2920 rationem
2733 2851 2992 2913 reddunt;
3037 2851 3164 2920 quid
3208 2850 3374 2907 inde?
3423 2851 3606 2920 Perge,
3646 2849 3732 2903 die

2151 2865 2400 2902 omnibus
2430 2865 2688 2904 rationem
2733 2865 2992 2913 renuunt;
3037 2865 3164 2974 quia
3209 2865 3374 2907 muet
3423 2865 3606 2920 Perge,
3646 2865 3726 2903 uie

2150 2919 2399 2992 amplius.
2433 2919 2560 2975 Post
2589 2930 2664 2974 tot
2694 2929 2941 2992 tantaque
2969 2921 3034 2976 de
3057 2923 3239 2988 Iciuut,
3267 2935 3366 2976 nec
3397 2921 3535 2976 sicut
3561 2921 3726 2975 Deum

2149 2987 2608 3062 glorificaverunt,
2633 3002 2686 3046 et
2728 2991 2781 3044 in
2811 2987 3218 3062 cogitationibus
3242 2993 3354 3046 suis
3379 3000 3728 3052 evanuerunt,

2151 3067 2206 3112 et
2234 3058 2547 3128 insipientes
2590 3061 2712 3116 facti
2759 3058 2902 3124 sunt:
2933 3078 3054 3117 eum
3103 3077 3162 3116 se
3207 3063 3476 3132 sapientes
3502 3061 3730 3116 arbitra-

2151 3137 2354 3209 rentur,
2387 3137 2443 3209 et
2467 3140 2807 3209 mutaverunt
2826 3131 3376 3209 _similitndinem_’[)ei
3405 3134 3457 3187 in
3483 3131 3728 3209 similitu-

2144 3197 2328 3253 dinem
2351 3201 2500 3255 vituli
2539 3202 2868 3257 comedentis
2897 3203 3096 3266 fenum,
3128 3213 3182 3258 et
3205 3201 3353 3258 ell'usi
3398 3212 3522 3257 sunt
3559 3203 3610 3255 in
3640 3217 3729 3254 er-

2151 3283 2272 3322 rore
2295 3269 2531 3336 Baalim;
2572 3281 2626 3327 et
2645 3273 2934 3327 obcmcavit
2959 3289 3051 3328 eos
3085 3275 3223 3328 Deus
3244 3274 3446 3337 surculi,
3468 3282 3522 3327 et
3551 3271 3730 3326 traditi

2151 3348 2276 3410 sunt
2311 3339 2363 3393 in
2391 3340 2774 3410 ignominiosos
2814 3345 3108 3409 passiones,
3132 3353 3185 3397 et
3210 3344 3410 3399 similes
3451 3341 3570 3398 facti
3607 3354 3733 3396 sont

2153 3408 2218 3463 iis
2265 3424 2386 3480 qua:
2419 3408 2716 3485 adorabaut
2760 3412 2869 3485 (Id.
2913 3430 2950 3475 ι.
2989 3413 3201 3483 ἓιοὲὃ).
3241 3413 3309 3468 Ει
3361 3424 3535 3468 tamen
3579 3413 3730 3485 bona

2153 3487 2338 3534 natura
2373 3483 2698 3553 gaudebant,
2731 3483 2784 3538 et
2829 3498 2926 3553 per
2955 3494 3194 3538 naturam
3245 3485 3534 3540 intellectu.
3567 3483 3611 3538 0
3649 3483 3733 3537 in-

2153 3564 2304 3622 sane,
2335 3551 2484 3622 vides
2523 3569 2590 3608 an
2633 3555 2746 3607 luce
2791 3551 2976 3608 natura
3014 3555 3210 3607 tribuat
3247 3554 3597 3618 intellectum,
3627 3565 3735 3622 quo

2154 3620 2320 3693 Deum
2356 3621 2716 3679 benedicant?
2756 3625 2891 3691 Quid
2936 3626 3110 3693 potius
3153 3624 3344 3679 tribuat
3384 3620 3730 3687 intellectum,

2151 3705 2259 3760 quo
2291 3691 2399 3746 Deo
2440 3695 2778 3761 maledicam,
2829 3704 2881 3749 et
2909 3691 3164 3750 adversus
3201 3695 3512 3750 Creatorem
3543 3709 3737 3749 exsur—

2152 3761 2534 3833 gant?_Dicitc
2586 3766 2779 3833 potius,
2813 3763 3037 3830 fratres,
3087 3764 3390 3820 Beuedicam
3441 3764 3733 3825 Dominum,

2152 3831 2241 3902 qui
2269 3830 2441 3884 tribuit
2476 3830 2602 3886 mihi
2624 3834 2926 3887 intellectum
2961 3850 2980 3887 :
3025 3835 3126 3889 nisi
3171 3836 3464 3900 tribuisset,
3520 3852 3622 3888 non
3656 3835 3737 3888 in-

2157 3901 2518 3975 tellexissent;
2548 3903 2650 3957 nisi
2679 3903 3058 3975 intellexisscm
3081 3945 3096 3971 ,
3139 3921 3406 3975 nunquam
3440 3906 3739 3962 benedixis—

2155 3986 2304 4026 sem:
2330 3973 2656 4027 intellectum
2689 3973 2892 4039 tribuit,
2919 3975 3130 4029 oculum
3157 3973 3322 4030 dedit.
3346 3977 3497 4030 Casca
3526 3986 3735 4038 natura,

2155 4057 2275 4112 quo,
2303 4042 2411 4111 ipsa
2452 4054 2598 4098 caret
2627 4060 2730 4100 non
2770 4052 3003 4112 przcstat.
3033 4043 3140 4099 Fac
3172 4046 3261 4100 tibi
3304 4047 3651 4108 intellectum,
3685 4055 3742 4099 et

2158 4124 2210 4166 te
2257 4111 2420 4185 facies
2464 4129 2688 4185 ealcum,
2731 4111 2931 4185 Lumen
2975 4113 3113 4185 quod
3159 4115 3209 4169 in
3252 4124 3302 4171 te
3343 4126 3459 4182 est,
3505 4116 3739 4171 tenebrat

2155 4193 2299 4255 sunt.
2343 4184 2438 4238 Dic
2472 4199 2624 4255 ergo,
2664 4184 2912 4239 “lumina
2954 4184 3178 4240 tenebras
3216 4203 3373 4251 meas,
3416 4203 3478 4239 ne
3515 4202 3741 4255 unquam

2156 4252 2470 4327 obdormiens
2491 4252 2723 4327 injmorte
2752 4255 2921 4327 (Paul.
2948 4272 3045 4320 xu,
3066 4255 3143 4326 4).
3166 4257 3301 4324 Quid
3329 4267 3410 4310 est
3433 4252 3743 4312 obdormire

2158 4322 2210 4377 in
2239 4326 2448 4396 morte?
2491 4326 2706 4396 Aliquid
2735 4322 2770 4379 a'
2807 4335 2994 4380 natura
3023 4322 3262 4396 sperare,
3288 4327 3562 4382 brachium
3585 4341 3741 4382 suum

2157 4395 2373 4467 carnem
2404 4394 2610 4461 facere,
2623 4397 2721 4451 sibi
2754 4396 2851 4467 ipsi
2880 4394 3206 4453 intellectum
3234 4397 3433 4467 fingere
3462 4416 3476 4452 :
3510 4398 3624 4452 haec
3649 4398 3742 4467 qui

2158 4463 2360 4530 fecerit,
2394 4481 2499 4519 non
2544 4439 2746 4521 tantum
2776 4439 2851 4520 riu
2892 4474 3064 4520 morte
3099 4439 3206 4533 esi,
3232 4439 3742 4523 scdwobdormitain

2157 4541 2351 4609 morte,
2383 4536 2662 4609 plusquam
2708 4535 3093 4609 quatriduanus
3134 4547 3236 4601 est,
3269 4539 3542 4609 plusquam
3593 4537 3745 4593 [αξιοι

2159 4604 2340 4674 (Joan.
2370 4604 2450 4672 it,
2483 4604 2596 4675 39).
2639 4609 2695 4664 Si
2729 4604 2938 4662 tantum
2983 4608 3036 4661 in
3084 4604 3459 4675 morte'esse-t,
3497 4609 3746 4663 suscitari

2159 4684 2340 4748 posset
2368 4695 2382 4731 :
2409 4677 2505 4748 sed
2533 4678 2582 4730 iu
2613 4678 2725 4747 ipsa
2746 4685 2917 4733 morte
2940 4677 3217 4748 plusquam
3244 4679 3474 4735 ferreum
3495 4693 3746 4733 somnum

2159 4745 2378 4818 dormit,
2407 4747 2461 4801 in
2491 4763 2552 4802 ea
2580 4745 2887 4818 requiescit.
2919 4745 3109 4802 Actum
3142 4760 3220 4805 est
3251 4749 3318 4804 de
3351 4764 3436 4803 eo.

2231 4817 2282 4888 5.
2344 4817 2544 4872 Rursus
2592 4817 2919 4888 confutantur
2966 4819 3129 4874 verbis
3182 4819 3493 4875 Salomonis.
3525 4820 3629 4875 Sed
3666 4821 3750 4875 vis

2163 4886 2307 4959 scire
2348 4888 2474 4959 quid
2521 4886 2698 4959 egerit
2739 4889 2784 4943 is
2829 4888 2920 4959 qui
2963 4889 3155 4945 bonam
3200 4891 3420 4946 sortitus
3447 4900 3564 4946 erat
3590 4900 3749 4945 natu-

2161 4957 2314 5011 ram?
2363 4957 2574 5013 Dixitne
2617 4969 2676 5013 ut
2720 4969 2776 5013 tu
2806 4975 2818 5012 :
2852 4957 2904 5012 In
2948 4959 3085 5014 bona
3129 4969 3353 5026 natura,
3403 4961 3576 5016 bonus
3618 4963 3748 5015 mihi

2161 5035 2243 5081 est
2281 5026 2619 5093 intellectus,
2665 5040 2718 5084 et
2763 5029 2852 5098 qui
2905 5046 3069 5085 unum
3115 5032 3328 5095 tribuit,
3373 5031 3597 5085 alterum
3635 5045 3745 5086 nou

2162 5099 2407 5169 negavit?
2437 5099 2729 5154 Allidamus
2749 5099 3038 5169 scorpium,
3063 5110 3422 5165 conteramus,
3447 5101 3753 5155 obstruatur

2162 5167 2423 5240 iniquitati
2449 5185 2513 5225 os
2540 5185 2716 5224 suum.
2741 5167 2907 5240 Lege:
2929 5171 3151 5226 Sortitus
3167 5189 3279 5225 sum
3299 5173 3520 5225 animum
3546 5171 3751 5224 bonum.

2162 5236 2353 5311 Perge,
2375 5240 2653 5295 audiamus
2678 5236 2887 5311 qualem
2917 5250 3102 5297 nactus
3129 5243 3288 5296 fueris
3314 5243 3643 5306 thesaurum,
3663 5244 3754 5311 qui

2165 5307 2390 5364 fortasse
2418 5318 2653 5366 vertetur
2683 5307 2735 5365 in
2763 5309 3044 5374 carbones,
3075 5321 3132 5367 et
3158 5314 3358 5367 utinam
3403 5313 3454 5366 in
3495 5307 3760 5368 carbones

2163 5379 2252 5502 Ei
2297 5393 2456 5450 super
2495 5390 2654 5450 caput
2693 5390 2841 5434 tuum
2876 5384 3114 5450 congesti
3155 5383 3436 5437 absumant
3466 5382 3753 5450 superflua,
3804 5403 3806 5405 >

2259 5465 2372 5502 cum
2399 5465 2552 5502 essent
2580 5451 2742 5502 mauis
2771 5451 2948 5502 bonus.
2980 5454 3092 5502 veni
3113 5453 3180 5502 ad
3203 5470 3384 5502 cornus
3409 5452 3764 5502 incoinaninn-

2259 5465 2372 5502 cum
2399 5465 2554 5524 essein
2580 5451 2742 5524 magis
2763 5451 2948 5524 bonus,
2980 5454 3092 5507 veni
3113 5453 3180 5506 ad
3203 5470 3384 5524 corpus
3409 5452 3764 5524 incoinqninn-

2166 5530 2270 5591 tum
2295 5537 2308 5574 :
2331 5529 2376 5574 et
2403 5532 2458 5574 ut
2487 5523 2609 5576 scivi
2637 5523 2771 5591 quod
2797 5538 2898 5575 non
2925 5524 3075 5576 aliter
3110 5523 3363 5576 continere
3403 5523 3600 5591 possem
3621 5563 3639 5586 ,
3669 5525 3766 5576 nisi

2105 5658 2109 5663 η
2169 5589 2305 5643 Deus
2341 5591 2458 5655 det;
2489 5605 2535 5646 et
2573 5589 2667 5647 hoc
2692 5594 2858 5663 ipsum
2892 5604 3009 5664 erat
3044 5596 3324 5664 sapientiae,
3347 5589 3494 5661 cujus
3519 5607 3646 5645 esset
3675 5595 3766 5646 do.

2169 5677 2290 5713 num
2327 5680 2660 5732 cognoscere;
2691 5662 2900 5716 Conveni
2929 5662 3202 5717 Dominum
3221 5707 3234 5727 ,
3260 5674 3304 5716 et
3331 5664 3628 5732 deprecatus
3657 5681 3769 5717 sunt

2172 5732 2663 5804 (Sicanium-9|).
2676 5734 2959 5788 Verissime
2977 5736 3193 5791 sortitus
3210 5750 3268 5790 cs
3287 5746 3526 5789 naturam
3552 5735 3766 5794 bonam.
