2013 3093
149 129 219 158 1645

148 188 208 223 quis
223 187 320 223 neget?
336 186 441 223 Nanrct
456 185 551 212 diaboli
568 191 658 223 natura
675 185 741 223 bona
754 190 803 216 (ut,
814 189 840 211 et
855 185 944 223 omnia

148 220 208 257 (iure
221 220 290 249 Deus
306 221 385 254 fecit,
405 221 479 257 bona
490 226 548 257 sunt
562 230 567 246 :
581 221 626 247 scd
649 221 673 257 in
695 221 750 257 hac,
768 226 860 247 natura
883 220 945 257 licet

149 260 235 290 bona,
250 263 278 284 tu
301 257 449 291 sapientem
473 256 635 283 intellectum
659 256 778 287 habebis,
793 263 845 289 quo
860 256 945 289 possis

150 294 286 320 abstinere
299 301 314 319 a
325 291 548 326 concupiscentiis
561 296 587 318 et
597 291 746 321 desideriis,
757 298 815 324 qua:
831 291 945 326 militant

149 329 278 356 adversus
293 325 420 360 animam,
436 326 458 353 si
475 327 544 354 Deus
559 334 609 353 non
626 326 728 353 dederit
738 326 748 352 ‘P
762 326 848 357 Disce,
860 325 944 352 hxrc-

150 364 212 396 tice,
227 364 300 390 disce
314 362 431 390 tandem.
450 361 480 388 Et
500 362 560 388 scivi
580 361 646 396 quod
666 370 714 386 non
731 361 803 387 aliter
820 361 946 387 continere

150 407 259 433 possem,
270 398 320 425 nisi
329 397 398 424 Deus
411 397 451 423 del
462 405 470 423 :
481 397 542 424 etin
555 397 605 423 hoc
615 398 776 433 prarcipuuin
792 396 943 433 sapientize,

149 431 209 469 quae
217 439 271 461 tota
280 433 487 469 estiutellectus.
494 433 563 469 scire
571 432 638 469 unde
644 431 790 469 contineas,
799 435 824 458 et
836 438 887 458 non
896 431 945 457 ali-

150 466 192 496 ter
200 469 339 497 contineas
347 468 398 495 nisi
406 475 420 493 a
430 467 486 494 solo
494 467 557 494 Deo.
568 466 590 493 0
599 467 728 501 egregiam
737 472 854 492 naturam
861 474 920 500 qum
931 473 945 492 a

149 505 222 532 nullo
232 504 367 531 abstinere
377 507 473 536 potest,
485 510 532 529 nec
542 503 619 528 aliter
633 506 730 536 potest,
742 502 789 527 nisi
804 506 832 527 ut
846 506 913 533 ruat,
923 501 945 527 si

150 540 222 566 Deus
237 547 291 565 non
308 538 412 565 dederit
426 538 607 569 intellectum,
623 545 676 570 quo
694 545 745 563 non
762 537 836 562 ruat!
852 536 946 563 (lante-

150 582 210 601 mus
222 581 302 607 ergo.
317 574 428 604 fratres,
449 577 599 600 cantemus.
623 571 771 597 Bcnedirain
793 571 944 604 Dominum,

149 611 193 645 qui
207 609 294 636 tribuit
307 607 528 645 miltiiulellectunt
538 616 546 634 :
556 607 626 645 dedit
642 607 853 645 naltIruIII,thtl_it
868 607 945 633 intel-

151 641 250 672 lectum
261 652 268 676 ;
280 644 382 670 sanavit
393 647 523 673 naturam,
535 643 637 670 sanavit
651 643 821 669 intellectum.
831 641 858 668 ln
875 647 946 669 utro—

150 687 202 715 que
214 681 273 714 pius
280 678 463 715 Samaritanus
475 677 826 715 misericordianiuevhibuit;
837 677 949 715 descru-

150 713 199 747 dit,
208 713 323 749 alligavit
333 714 453 745 vulnera,
464 713 523 739 vino
534 713 603 749 quod
617 713 795 749 intelligimus.
805 713 889 749 tersit.
899 720 946 749 ('u—V

150 751 234 783 ravit,
252 747 278 777 in
293 749 426 775 stabulum
445 749 520 777 tulit.
537 748 832 777 hoceslinlicclcsiam,
851 747 946 781 hospiti

149 785 348 814 commendavit
361 784 434 818 (Luc.
453 791 479 814 Χ,
501 783 599 817 55-35).
612 783 686 815 Quali
710 783 825 817 hospiti"
838 783 946 817 Spiritui

149 824 245 848 sancto
265 819 392 846 Ecclesim
412 824 510 844 sancte
532 818 712 844 inbahitalori.
728 818 752 844 ls
765 823 872 852 accepta
888 826 945 844 mo-

151 860 224 889 neta,
235 855 283 882 sed
294 862 372 889 quam
385 854 522 880 conscisso
530 861 606 879 sacco
620 853 711 879 effudit
725 853 766 887 qui
780 861 827 887 pro
844 852 946 879 miseris

150 888 240 922 solvit,
253 888 313 919 oleo
323 897 380 921 suo,
393 894 527 923 unguento
537 896 596 919 suo,
606 889 715 915 vulnera
727 894 825 914 naturte
834 888 946 922 jacentis

151 932 177 954 et
189 926 352 961 exspirantis
366 925 482 961 sanavit,
498 928 523 961 et
539 924 632 961 eodem
648 924 707 961 oleo
726 923 795 961 quod
814 923 944 961 accendit,

152 959 278 989 tenebras
291 968 364 988 meas
378 959 545 989 illuminavit,
561 964 586 985 et
600 959 760 984 intellectura
776 959 890 984 lucidum
906 959 945 985 te-

152 997 198 1024 cit.
216 997 272 1024 Hoc
287 997 309 1023 si
323 1003 375 1022 non
390 994 546 1024 credideris,
561 1001 613 1020 non
627 995 670 1020 tibi
687 995 737 1020 erit
752 994 944 1025 Samaritanus,

151 1037 178 1059 et
193 1032 294 1067 peribis
309 1031 334 1058 in
348 1030 467 1062 vulnere,
480 1029 525 1064 qui
538 1029 666 1056 medentis
681 1037 786 1055 manum
799 1029 888 1055 renuis
901 1029 947 1055 ad-

152 1067 270 1094 mittere.

189 1102 216 1129 ι.
227 1101 377 1128 Intellectus
384 1100 463 1126 bonus
476 1109 490 1126 (ι
505 1099 603 1135 Spiritu
615 1104 710 1126 sancto.
725 1099 835 1134 Spiritus
846 1104 946 1127 sanctus

152 1138 247 1164 donum
267 1135 452 1174 nobis‘Clm'rti
474 1136 589 1174 passione
609 1140 728 1174 emptum.
752 1135 947 1168 Interrogentur
973 1142 977 1146 '

152 1172 273 1207 Apostoli
284 1192 292 1204 ,
307 1176 333 1198 et
343 1171 431 1198 dicant
440 1172 498 1205 quis
509 1171 533 1207 in
545 1171 594 1207 illo
605 1171 824 1207 quinquagesimo
834 1177 848 1195 a
860 1177 947 1207 resor-

152 1204 272 1235 rectione
295 1207 399 1233 Domini
415 1204 458 1232 die
474 1206 563 1232 tribuit
578 1206 629 1231 illis
643 1205 825 1231 intellectum?
839 1206 877 1230 An
892 1204 946 1230 l'or—

152 1243 231 1270 lassis
244 1242 426 1269 excitaverant
440 1241 474 1267 illi
491 1241 628 1274 strepitum
644 1240 801 1271 li'rt‘ibilem,
815 1248 867 1274 quo
880 1248 945 1266 cou-

151 1284 247 1304 cnssus
259 1282 301 1304 est
312 1277 396 1307 locus,
406 1276 432 1302 in
441 1284 492 1310 quo
503 1276 691 1309 (‘XSpCUltlilﬂlll
702 1276 831 1309 promissa
843 1275 946 1301 Patris?

152 1312 286 1339 Fortassis
298 1312 475 1338 accenderunt
487 1312 558 1337 illum
571 1319 714 1343 supernum
727 1310 883 1344 igucm,qno
900 1310 946 1336 toti

150 1347 295 1375 ardebant?
302 1347 433 1374 Fortassis
441 1346 542 1379 linguas
551 1346 608 1371 illas
616 1346 709 1380 ignitus
717 1346 764 1379 ipsi
774 1345 947 1372 creaverunt?

151 1382 287 1409 Fortassis
300 1382 351 1416 ipsi
365 1382 452 1408 divina
469 1381 511 1407 illa
528 1389 647 1413 munera,
662 1389 693 1407 ex
709 1380 804 1416 quibus
815 1384 855 1416 est
869 1380 944 1406 intel-

152 1418 249 1450 lectus,
262 1415 317 1444 sibi
327 1421 543 1451 procuraret-unt,
560 1420 586 1442 et
603 1416 627 1442 in
643 1424 671 1442 se
683 1415 827 1442 secundum
840 1415 947 1451 deside-

152 1454 189 1479 ria
212 1453 304 1479 cordis
323 1450 490 1479 eﬂ'uderunl‘!
512 1451 567 1477 Hoc
587 1451 631 1485 qui
656 1451 709 1483 ait,
725 1451 822 1477 nullam
845 1451 871 1476 in
896 1450 947 1477 hoc

152 1495 230 1515 sacro
244 1487 476 1522 quinquagenario
490 1490 591 1520 partem
606 1486 704 1522 habet:
722 1494 771 1512 nec
791 1485 886 1519 accipit
900 1486 947 1522 rin-

151 1523 290 1551 tellectum
302 1543 308 1553 ,
322 1521 525 1556 Qui'secundum
546 1525 666 1547 naturam
682 1521 737 1547 dari
753 1526 827 1555 putat
843 1521 946 1547 intelle-

151 1564 237 1586 ctum.
252 1558 366 1592 Quando
379 1565 444 1591 ergo
456 1556 533 1583 datus
548 1560 589 1583 est
604 1556 763 1592 intellectus,
780 1556 829 1592 nisi
843 1556 948 1592 quando

152 1599 178 1621 et
188 1591 319 1621 datus’cst
328 1592 460 1626 Spiritus?
470 1592 585 1626 Agamus
595 1591 684 1622 simul,
692 1591 746 1624 jam
759 1591 928 1617 confunderis
938 1612 945 1623 ,

151 1629 205 1664 jam
220 1629 377 1664 erubescis;
391 1631 419 1654 et
434 1627 531 1664 utinam
547 1627 581 1664 ita
597 1626 766 1664 conl’utnlaris
786 1630 813 1652 ut
832 1626 949 1664 zodiaca--

154 1661 206 1695 iis,
232 1664 269 1690 ita
293 1663 437 1690 erubescas
457 1667 485 1689 ut
504 1662 669 1696 glariliceris.
686 1661 753 1694 Quid
775 1666 815 1688 est
836 1662 948 1695 Spiritus

153 1703 262 1726 sanctus
272 1719 280 1730 ,
297 1698 347 1725 nisi
361 1697 520 1732 promissum
534 1697 621 1724 Patris
637 1704 731 1723 munus
741 1717 747 1728 ,
762 1697 812 1722 nisi
827 1696 884 1722 Filii
898 1696 947 1722 do-

155 1734 238 1762 num"!
259 1733 289 1761 Si
310 1733 481 1767 promittitur,
496 1732 605 1759 habesa
620 1740 672 1766 quo
694 1732 863 1766 promittitur,
887 1738 947 1762 nam

172 1777 213 1796 me
226 1769 428 1804 promittuntur,
446 1771 519 1794 extra
543 1775 591 1794 nos
611 1772 688 1798 sunt;
705 1771 731 1793 et
752 1767 948 1800 promitteretur

154 1777 255 1831 imo:
266 1803 337 1831 (ιιιοὰ
347 1808 393 1829 aut
408 1803 433 1830 in
447 1807 577 1831 potestate
602 1807 691 1829 nostra
717 1806 787 1828 esset
808 1809 866 1827 cum
888 1809 948 1831 pro-

166 1803 255 1831 rnstra
266 1803 337 1839 quod
347 1808 393 1829 aut
408 1803 433 1830 in
447 1807 577 1837 potestate
602 1807 691 1839 nostra
717 1806 787 1839 esset
808 1809 867 1839 cum
888 1809 949 1835 pro-

155 1836 284 1872 mittitur,
300 1843 347 1866 aut
360 1845 419 1865 cum
436 1836 531 1864 liberet
546 1838 733 1871 possiderctur.
753 1837 808 1863 Hoc
824 1836 868 1862 tibi
885 1843 948 1870 pro-

156 1875 234 1902 mitto
247 1874 319 1908 quod
335 1880 387 1900 non
401 1873 495 1905 habes,
511 1878 536 1900 et
552 1873 576 1899 in
590 1881 631 1899 me
645 1877 685 1899 est
698 1880 757 1899 cum
771 1871 906 1908 promitto,
922 1875 950 1899 ut

155 1910 181 1937 in
205 1913 233 1937 te
254 1906 401 1936 descendat
421 1908 491 1943 quod
515 1909 648 1942 promitto.
667 1908 715 1934 Est
737 1906 816 1934 etiam
837 1906 949 1943 Spiritus

154 1949 265 1972 Sanctus
287 1944 397 1976 donum,
411 1942 439 1970 et
452 1951 532 1977 super
545 1950 624 1969 omne
638 1943 748 1974 donum,
762 1947 788 1969 et
801 1942 871 1976 quod
882 1942 948 1968 nulli

154 1980 268 2008 debetur
280 1979 380 2007 donum
390 1999 397 2011 ,
414 1983 441 2006 et
455 1978 525 2013 quod
540 1979 621 2013 gratis
635 1978 758 2004 tribuitur
772 1978 880 2004 donum.
895 1977 948 2004 Na-

156 2019 199 2042 tus
211 2019 256 2042 est
269 2015 402 2046 Christus,
417 2018 444 2041 et
460 2014 484 2040 in
499 2014 629 2049 praesepio
644 2014 687 2048 qui
701 2013 802 2049 piorum
815 2014 949 2049 jumento-

155 2058 215 2077 rnm
230 2057 293 2077 esea
308 2049 393 2079 fieret.
407 2049 550 2076 reclinatus
563 2057 569 2075 :
583 2048 670 2076 tamen
684 2049 765 2081 sitim,
781 2048 949 2075 lassitudines

156 2092 249 2120 psus
261 2089 314 2120 est.
329 2092 343 2110 ιι
355 2084 411 2111 suis
426 2084 557 2120 venditus,
572 2091 586 2110 a
601 2084 699 2111 .ludazis
711 2084 822 2110 traditus
835 2087 861 2109 et
872 2090 950 2120 accu-

156 2119 241 2153 iatns,
251 2127 268 2147 a
278 2119 408 2147 Gentibus
421 2119 568 2154 ﬂagellatus
578 2140 585 2150 ,
598 2119 680 2154 spinis
691 2123 832 2146 coronatus
840 2139 846 2150 ,
862 2119 948 2154 cruei-

156 2157 235 2183 hus.
247 2161 313 2182 saxo
326 2154 433 2181 tandem
449 2153 565 2182 inclusus
577 2163 583 2180 :
595 2153 720 2189 quorsum
735 2154 791 2180 htec
801 2154 906 2189 omnia?
916 2153 950 2180 Ut

156 2190 208 2218 hoc
220 2190 268 2218 tibi
284 2194 388 2217 emeret
399 2190 507 2220 donum,
523 2190 591 2224 quod
604 2188 697 2225 postea
710 2188 950 2225 credentijdispenf

156 2231 247 2255 caret:
260 2229 308 2252 aut
325 2226 414 2260 potius
432 2223 614 2259 dispensaret,
630 2230 657 2251 ut
669 2224 802 2251 crederes.
817 2223 882 2260 Nam
898 2223 949 2250 nisi

157 2261 232 2324 Brit:
243 2259 378 2290 dedisset,
395 2268 481 2296 neque
498 2266 558 2287 ante
569 2281 575 2291 ,
595 2267 680 2293 neque
701 2265 760 2294 post
779 2259 948 2285 credidisses.

181 2295 236 2323 nde
255 2295 280 2323 si
294 2303 309 2323 a
324 2300 419 2323 natura
439 2296 538 2323 donum
561 2295 611 2322 hoc
633 2295 725 2324 habes.
741 2295 845 2321 inanem
861 2294 948 2322 reddis

181 2295 236 2323 nde
255 2295 280 2323 si
294 2303 309 2323 a
324 2300 419 2323 natura
439 2294 538 2323 donum
561 2295 611 2322 hoc
633 2295 725 2328 habes,
741 2295 845 2321 inanem
861 2294 949 2322 reddis

157 2336 272 2360 mortem
287 2330 403 2364 Christi,
421 2331 589 2365 passionem,
610 2338 724 2357 crucem.
751 2329 856 2357 Frustra
879 2330 948 2356 enim

157 2366 282 2399 moritur,
298 2370 327 2393 ut
340 2366 385 2392 tibi
397 2366 516 2401 acquirat
527 2366 597 2401 quod
614 2367 638 2392 in
655 2370 680 2392 tc
692 2370 776 2401 est,ct
790 2365 869 2391 donet
880 2365 949 2401 quod

156 2401 291 2436 possides.
306 2400 398 2429 Redde
414 2401 526 2429 Domino
536 2400 659 2436 praisepii
674 2400 857 2433 humilitatem,
870 2400 951 2426 redde

156 2435 246 2464 erucis
268 2436 499 2469 maledictioucm,
521 2436 604 2463 redde
625 2435 727 2471 profusi
752 2435 886 2469 sanguinis
903 2443 950 2461 co—

156 2473 228 2506 piam
238 2494 247 2505 ,
262 2472 397 2500 incassum
413 2472 470 2498 lucc
483 2472 588 2499 omnia:
602 2471 647 2498 tibi
662 2471 777 2502 sufﬁcis,
794 2470 879 2496 inania
895 2470 951 2496 hate

156 2505 269 2539 inuia;
281 2507 358 2534 dives
370 2514 412 2540 es,
425 2509 454 2533 et
466 2507 494 2533 in
507 2507 594 2533 divitis
608 2511 710 2533 natura:
723 2505 800 2532 bonis
814 2510 950 2538 computus

158 2542 325 2570 lntdlectum
335 2561 342 2574 ι
358 2549 437 2576 quem
450 2542 523 2569 dedit
538 2547 629 2569 natura
640 2563 647 2573 ,
662 2549 714 2568 non
727 2541 822 2575 gratia,
836 2544 861 2566 et
875 2540 950 2574 cujus

157 2585 211 2604 non
230 2585 262 2605 es
279 2577 385 2604 debitor
400 2576 537 2609 Creatori,
559 2576 610 2603 nisi
632 2577 657 2603 in
680 2580 807 2611 quantum
829 2579 950 2601 naturam

157 2612 260 2648 tribuit,
273 2619 335 2648 quae
347 2612 394 2639 tibi
410 2613 572 2639 intellectura
588 2612 657 2638 fecit.

192 2648 220 2676 5.
238 2645 429 2676 Conviucunlur
442 2652 566 2682 postremo
585 2646 736 2682 experientia
755 2646 865 2681 proprite
877 2645 950 2679 iit/ir-

157 2683 252 2711 mitatis
262 2688 288 2710 et
300 2683 518 2717 concupiscentia.
532 2683 671 2717 Agnoscis,
684 2686 712 2708 ut
725 2687 798 2715 puto,
811 2688 927 2707 errorem
942 2689 949 2706 ι

156 2723 184 2746 α
195 2718 298 2746 utinam
310 2718 454 2745 emendent
467 2721 492 2744 te
502 2716 579 2744 renes
594 2718 629 2743 tui
646 2716 729 2752 (Psal.
746 2724 792 2749 xv,
804 2717 842 2750 7),
856 2720 882 2752 ut
896 2723 952 2752 mc-

156 2753 208 2782 lins
220 2759 370 2789 agnoscas,
385 2758 411 2789 et
425 2752 594 2789 agnoscendo
614 2757 704 2789 petas,
723 2756 749 2779 et
769 2751 881 2789 petendo
903 2751 952 2777 ob-

157 2787 545 2824 tiiieas'spiritumintellectus
559 2792 586 2814 ct
605 2787 706 2824 consilii
726 2791 753 2824 et
774 2787 885 2824 timoris,
898 2794 952 2824 quo

156 2821 303 2856 Sapientior
322 2823 432 2855 evadas,
446 2830 498 2857 quo
515 2822 561 2849 [ias
576 2823 676 2850 cautior
689 2827 716 2849 ct
736 2822 848 2850 Domino
863 2821 953 2855 subje-

156 2860 234 2887 ctior.
250 2858 315 2887 “me
325 2879 333 2893 ,
348 2858 452 2891 fratres,
467 2858 516 2886 etsi
532 2865 583 2885 non
599 2862 755 2892 tractarem,
772 2858 840 2886 alius
865 2862 951 2885 tamen

802 164 805 168 '
823 125 939 153 SEHMU
958 123 1111 152 CCCLXV].

1726 130 1794 158 1626

999 188 1071 211 esset
1092 183 1136 219 qui
1162 191 1209 220 vos
1227 183 1363 211 crudirct:
1379 189 1403 211 et
1419 184 1489 219 apud
1507 185 1682 220 vosmetipsos
1696 191 1793 216 tracta-

999 224 1072 246 tores
1084 220 1187 247 essetis.
1200 219 1227 246 Si
1238 219 1319 250 enim,
1331 220 1400 253 quod
1412 224 1514 248 avurtat
1526 221 1605 254 Deus,
1617 219 1642 248 in
1655 225 1706 248 tam
1719 230 1790 250 cras-

999 262 1058 281 sum
1081 259 1108 282 et
1126 255 1261 289 stupidum
1279 262 1397 281 errorem
1418 255 1532 289 prolapsi
1549 257 1659 289 essetis,
1672 261 1699 283 ut
1713 265 1728 284 a
1744 266 1792 285 na-

999 294 1056 317 tura
1078 291 1152 317 vobis
1174 290 1335 326 intellectum
1357 290 1434 326 tribui
1457 291 1598 324 putaretis,
1613 299 1692 326 quem
1707 300 1721 319 a
1736 294 1793 320 sola

998 326 1082 360 gratia
1093 331 1119 353 ct
1131 325 1312 353 misericordia
1322 325 1367 352 Dei
1381 325 1677 358 habetis,emcndarcnt
1692 335 1739 355 vos
1755 337 1792 356 re-

999 369 1047 387 nes
1060 361 1149 394 vestri,
1159 365 1185 387 et
1198 361 1352 390 clamarent.
1363 360 1453 395 Quare
1464 361 1609 389 ascendunt
1619 363 1793 395 cogitationes

999 394 1150 430 huiusmodi
1167 396 1193 422 in
1216 404 1262 422 cor
1282 400 1398 432 vestrum
1423 394 1503 432 (Luc.
1524 404 1598 427 mv,
1621 394 1687 432 δεμ
1702 398 1791 427 Unus-

999 432 1110 466 quisque
1119 439 1148 458 se
1163 432 1248 465 ipsum
1262 430 1393 462 consulat,
1405 438 1435 458 se
1444 431 1529 464 ipsum
1542 432 1638 466 palpet,
1647 430 1790 465 scrutetur,

999 473 1049 493 nec
1072 474 1101 493 se
1119 466 1253 501 qtnesicrit
1272 471 1361 497 extra;
1376 466 1521 500 interroget
1534 475 1612 494 rencs
1626 475 1699 500 suos,
1712 473 1738 495 et
1751 470 1790 496 di-

999 506 1060 528 cent
1076 501 1130 533 illi,
1145 501 1227 528 fuisse
1249 501 1332 535 legem
1351 503 1377 528 in
1399 502 1525 528 membris
1544 503 1610 530 meis
1628 505 1789 531 Contrariani

1000 536 1051 571 legi
1065 537 1161 564 mentis
1175 544 1239 563 mea:
1255 535 1340 571 (Rom.
1352 544 1399 569 vn,
1410 535 1470 571 25);
1482 544 1582 571 pronus
1592 544 1649 564 sum
1663 538 1695 565 ad
1710 547 1790 567 omne

999 571 1126 606 flagitium
1136 593 1143 603 ,
1158 572 1192 598 ita
1207 579 1250 598 Inc
1265 572 1379 598 obruunt
1396 572 1619 607 concupiscentia
1635 572 1748 607 ﬂuctus,
1763 581 1791 602 ut

1019 607 1117 634 uotidie
1131 614 1245 640 mergar,
1261 611 1287 633 et
1301 607 1327 633 in
1341 606 1500 641 profundum
1517 612 1684 640 peccatorum
1701 617 1785 636 ruam.

1024 642 1246 678 scenditrinvidia,
1262 642 1381 668 ascendit
1394 642 1664 678 SllpCl‘biﬂ,_ihC¢lltill
1675 643 1788 678 luxuria,

998 678 1103 712 agmine
1123 677 1192 704 {arto
1216 677 1342 704 miserum
1363 678 1505 710 petuntzsi
1523 676 1682 712 Charybdim
1708 676 1791 707 decli-

1000 714 1116 749 naverim
1134 733 1140 744 ,
1166 713 1279 749 Scyllam
1303 712 1424 749 incurro;
1449 712 1470 739 si
1495 712 1629 749 libidinem
1654 715 1789 749 propulso,

1000 747 1046 774 ira:
1058 748 1215 779 succumbo;
1226 748 1247 774 si
1262 755 1313 775 non
1328 755 1370 774 Inc
1382 747 1472 774 domat
1485 748 1605 778 avaritia,
1617 749 1695 775 (audit
1705 747 1791 777 ebrie-

1000 787 1056 818 tas;
1072 784 1095 810 si
1111 783 1210 817 rapinis
1229 783 1359 813 abstineo,
1371 790 1478 809 manum
1499 788 1525 809 et
1546 783 1647 810 viscera
1666 786 1791 818 pauperi-

999 817 1048 844 bus
1068 818 1178 850 claudo;
1197 818 1219 845 si
1238 818 1378 844 calumniis
1393 826 1470 844 aures
1485 817 1600 849 obduco,
1616 817 1688 846 mors
1708 817 1790 847 intrat

999 860 1046 887 per
1059 853 1199 885 fenestras,
1215 853 1264 880 hoc
1280 857 1338 885 est,
1353 860 1398 887 per
1415 853 1507 880 oculos
1523 853 1660 880 libidinum
1673 859 1700 880 et
1715 855 1790 882 volu-

999 893 1100 922 ptatum
1129 889 1261 916 incentiva
1284 888 1394 920 haurio;
1417 888 1531 923 denique
1550 889 1571 915 si
1593 889 1686 916 rimam
1710 898 1790 918 uuam

999 924 1105 957 obturo,
1126 929 1232 951 centum
1257 928 1362 957 patent,
1386 924 1481 957 quibus
1503 924 1629 958 accipiam
1653 924 1788 952 inimicum
1823 944 1825 946 -

999 958 1110 986 imbrem
1121 981 1128 992 ,
1143 964 1169 986 ct
1188 958 1293 986 tandem
1307 958 1437 985 fatiscam.
1460 958 1521 985 llznc
1533 964 1595 986 sunt
1608 967 1667 993 qua)
1679 960 1747 994 apud
1764 966 1790 988 te

1000 998 1113 1021 tractant
1126 1002 1203 1022 renes
1220 994 1255 1021 tui
1267 1015 1273 1026 ,
1290 998 1317 1021 et
1332 994 1437 1028 propria
1453 994 1604 1021 infirmitate
1619 995 1718 1022 conscii
1730 1004 1791 1023 crit-

998 1029 1074 1056 diunt
1089 1035 1129 1062 te,
1143 1030 1279 1064 increpant
1292 1033 1333 1061 te,
1348 1029 1489 1056 emendant
1511 1034 1552 1061 te,
1568 1034 1594 1056 et
1607 1037 1690 1064 usque
1703 1031 1728 1057 in
1742 1039 1790 1058 no-

998 1069 1079 1091 ctem.
1096 1065 1206 1098 Qualem
1229 1064 1536 1092 Iioctein?Cunscicnti:e
1551 1069 1602 1092 tua:
1617 1066 1769 1100 caliginosa:
1779 1087 1787 1099 ,

999 1100 1076 1134 cujus
1099 1101 1216 1136 tenebris
1238 1100 1370 1136 involutus
1385 1100 1466 1136 velles
1476 1121 1484 1132 ,
1499 1101 1520 1136 si
1538 1108 1645 1136 posses,
1662 1101 1702 1127 his
1715 1102 1791 1136 quasi

998 1135 1121 1171 clypeum
1145 1135 1272 1171 adversus
1294 1134 1381 1161 lumen
1404 1134 1520 1171 veritatis
1542 1134 1740 1171 obtendere,ot
1755 1136 1791 1163 de

999 1169 1152 1197 fortitudine
1166 1174 1208 1196 tua
1222 1170 1289 1196 bene
1307 1176 1422 1202 sperare.
1445 1169 1497 1196 Sed
1512 1170 1655 1196 emendant
1670 1174 1694 1196 te
1709 1178 1788 1198 renes

1000 1205 1047 1231 tui.
1063 1204 1094 1232 In
1116 1205 1216 1232 renibus
1235 1209 1257 1231 et
1274 1205 1300 1231 in
1315 1204 1405 1231 Iumina
1419 1203 1511 1235 robur,
1534 1208 1563 1230 ut
1581 1209 1622 1231 cst
1642 1205 1737 1232 alicubi
1762 1206 1788 1233 iu

999 1239 1134 1275 Scriptura
1157 1240 1232 1275 (Job
1251 1247 1284 1266 XL
1297 1260 1304 1270 ,
1325 1238 1371 1275 11)
1388 1248 1395 1275 ς
1416 1239 1461 1275 sed
1486 1239 1698 1274 quandoquidem
1722 1240 1789 1268 adeo

999 1274 1118 1303 eluuihcs
1133 1275 1186 1303 sint
1198 1274 1279 1302 lumbi
1296 1274 1331 1301 tui
1342 1295 1349 1306 ,
1361 1274 1427 1301 adeo
1442 1274 1627 1301 ﬂaccessentcs
1642 1283 1718 1303 renes
1734 1277 1769 1303 lui
1779 1297 1788 1309 ,

999 1310 1123 1338 erudiunt
1137 1315 1163 1338 et
1178 1310 1278 1343 dicunt,
1293 1309 1321 1336 Si
1336 1309 1361 1335 in
1382 1309 1498 1342 renibus,
1513 1309 1584 1337 unde
1597 1314 1637 1336 est
1651 1310 1787 1343 fortitudo,

1000 1350 1071 1372 tanta
1085 1350 1126 1373 est
1135 1345 1272 1376 debilitas,
1290 1348 1360 1371 tanta
1374 1344 1512 1371 inﬁrmitas
1522 1365 1529 1376 ,
1543 1344 1605 1378 quid
1627 1344 1661 1371 de
1685 1347 1789 1374 ezetcris

1000 1381 1065 1408 fiet?
1076 1380 1140 1408 Cum
1155 1388 1204 1408 nos
1213 1388 1276 1415 ergo
1292 1379 1438 1415 erudierint
1450 1379 1532 1407 lumbi
1545 1380 1642 1413 nostri,
1658 1385 1684 1407 et
1697 1381 1791 1408 docue—

999 1415 1053 1443 rint
1070 1424 1148 1451 quam
1164 1424 1230 1443 vana
1245 1414 1278 1443 Sit
1298 1415 1370 1451 salus
1392 1414 1545 1448 hominum;
1569 1414 1633 1450 quid
1653 1421 1789 1451 superest,

999 1452 1048 1478 nisi
1065 1450 1093 1478 ut
1107 1451 1292 1485 succingamus
1306 1450 1409 1477 lumbos
1422 1455 1537 1480 nostros.
1547 1456 1575 1477 ut
1590 1458 1643 1477 non
1653 1450 1790 1478 dimuant?

1000 1486 1111 1520 Quando
1124 1486 1193 1521 apud
1208 1493 1256 1513 nos
1271 1485 1386 1512 tabulata
1399 1489 1489 1512 nostra
1498 1506 1505 1518 ,
1517 1490 1561 1512 aut
1574 1485 1655 1513 nimia
1672 1491 1790 1514 vetusta-

1001 1526 1043 1554 te,
1064 1527 1109 1549 aut
1131 1522 1213 1549 nimio
1232 1521 1389 1553 calorc,aut
1417 1524 1603 1555 tempestatum
1619 1521 1789 1555 impulsione,

1000 1557 1040 1584 vel
1054 1557 1105 1584 alia
1117 1557 1239 1592 quapiam
1255 1556 1293 1592 de
1308 1563 1387 1592 causa
1413 1555 1622 1592 deliisc_unt,rilla
1637 1556 1726 1583 statim
1737 1557 1792 1584 cla-

999 1592 1039 1619 vis
1058 1596 1086 1620 et
1104 1590 1193 1619 nervis
1209 1591 1404 1625 compingimus
1416 1599 1421 1616 :
1435 1590 1485 1620 hoc
1500 1590 1545 1617 fiat
1558 1591 1591 1617 de
1607 1591 1704 1618 lumbis
1727 1593 1788 1622 tuis,

1000 1627 1050 1654 hoc
1063 1631 1113 1658 est,
1124 1627 1158 1654 de
1171 1626 1324 1654 fortitudine
1339 1630 1396 1657 tua;
1407 1625 1538 1657 laxantur,
1553 1630 1641 1658 ruunt,
1655 1627 1789 1656 fatiscunt.

1000 1662 1110 1689 solvitur
1125 1667 1177 1688 tota
1187 1669 1333 1696 compago;
1349 1660 1429 1696 habes
1439 1660 1529 1687 clavos
1543 1661 1568 1686 iu
1581 1661 1719 1693 cruciﬁxo,
1736 1661 1790 1688 for-

1000 1697 1061 1724 titer
1084 1697 1209 1731 impinge.
1231 1695 1258 1723 et.
1281 1699 1352 1722 tanto
1375 1695 1484 1726 melius,
1499 1701 1597 1729 quanto
1618 1695 1789 1729 profundius;

1000 1732 1053 1760 noli
1076 1739 1176 1766 ponere
1199 1731 1314 1763 Iabanti,
1336 1735 1364 1757 ut
1379 1734 1557 1766 sustentetur;
1581 1731 1620 1757 sic
1644 1731 1792 1759 tirmabitur

1000 1765 1127 1802 compago
1139 1766 1263 1802 resoluta.
1280 1766 1383 1802 Habent
1403 1765 1468 1792 clavi
1490 1766 1591 1802 crucis,
1607 1773 1660 1799 quo
1672 1766 1793 1800 jacentcs

1000 1800 1113 1837 erigant]
1123 1810 1174 1836 quo
1184 1801 1286 1829 debiles
1299 1801 1512 1837 restituanLqIIo
1522 1800 1641 1828 labentes
1650 1801 1790 1829 retineant.

1001 1836 1120 1872 hnpelle,
1136 1838 1228 1869 tunde,
1242 1844 1326 1871 usque
1346 1836 1388 1872 ad,
1403 1836 1546 1872 medullas,
1561 1844 1646 1872 usque
1659 1836 1693 1864 ad
1707 1837 1792 1871 ipsam

999 1870 1117 1900 animam
1128 1893 1135 1905 ,
1147 1880 1180 1901 ex
1195 1872 1244 1899 hac
1258 1870 1443 1899 emendatione
1453 1870 1610 1905 sanaberis,
1632 1876 1659 1899 et
1681 1870 1793 1899 sanatus

1000 1908 1073 1936 dices
1085 1908 1118 1935 ad
1129 1908 1279 1940 Dominum,
1290 1906 1474 1934 Fortitudinem
1483 1915 1564 1934 meum
1575 1907 1608 1933 ad
1622 1912 1645 1933 te
1652 1907 1793 1934 custodiant

1001 1942 1093 1978 (Paul.
1110 1951 1188 1975 LVIII,
1205 1943 1251 1977 10)
1269 1952 1275 1970 :
1298 1950 1329 1969 ex
1355 1947 1387 1978 te,
1402 1941 1529 1971 fortitudo
1550 1949 1620 1974 mea,
1636 1941 1669 1968 ad
1693 1947 1717 1969 te
1739 1942 1795 1969 for-

1001 1977 1085 2006 titudo
1097 1986 1166 2006 mea.
1184 1977 1311 2006 Conversi
1330 1977 1362 2004 ad
1379 1977 1533 2008 Dominum,
1549 1982 1601 2004 etc.

1248 2032 1363 2060 SERMO
1381 2031 1524 2059 CCCLXV!
1544 2033 1555 2043 ⁶
1574 2030 1625 2067 (ιι).

1019 2069 1058 2097 De
1072 2068 1177 2097 Psafmo
1189 2076 1243 2096 xxII
1253 2089 1261 2103 ,
1277 2067 1404 2095 Dominus
1423 2068 1491 2102 regit
1512 2074 1554 2095 me
1564 2087 1572 2100 ,
1587 2072 1614 2094 et
1628 2066 1693 2094 nihil
1709 2066 1775 2094 mihi

1326 2103 1411 2130 deerit
1424 2102 1472 2138 (ll).
1742 2104 1746 2107 ’

1038 2151 1063 2177 1.
1078 2149 1199 2178 Ριηιηιιιε
1215 2148 1401 2185 reformationis
1418 2148 1530 2185 [taminia
1550 2148 1695 2185 iugulet-iuni
1712 2148 1795 2185 conti-

1002 2194 1072 2213 nens.
1087 2185 1222 2213 Psalmum
1239 2182 1324 2218 vobis,
1335 2183 1511 2215 dilectissimi,
1528 2182 1619 2217 qui'ad
1633 2183 1729 2211 Christi
1744 2182 1794 2211 Ba-

1001 2221 1127 2256 ptismum
1154 2219 1323 2256 properatis,
1346 2220 1372 2246 in
1400 2219 1506 2256 nomine
1533 2218 1637 2245 Domini
1665 2218 1795 2245 tradimus

1001 2254 1138 2284 memoriae
1152 2254 1353 2287 collocandum;
1365 2254 1442 2287 cujus
1455 2260 1565 2281 necesse
1578 2258 1633 2285 est,
1650 2258 1682 2289 ut
1692 2260 1791 2289 myste-

1001 2292 1082 2325 rium,
1093 2290 1259 2318 illuminante
1271 2289 1358 2325 divina
1371 2289 1465 2325 gratia,
1477 2295 1650 2325 exponannis.
1664 2288 1711 2315 llic
1723 2289 1794 2325 enim

1002 2323 1120 2362 psalmus
1134 2325 1285 2362 specialiter
1298 2324 1514 2362 reformationem
1527 2324 1616 2362 lapsus
1631 2323 1740 2362 humani
1752 2331 1798 2358 ge-

1003 2359 1087 2393 neris.
1102 2367 1129 2389 et
1141 2359 1239 2388 sanctae
1252 2359 1381 2387 Ecclesia:
1392 2359 1569 2393 disciplinam,
1582 2359 1715 2394 simulque
1731 2366 1797 2386 con-
1826 2382 1832 2394 ε

1003 2400 1070 2425 tinet
1082 2400 1258 2424 sacramenta.
1274 2394 1387 2422 Pateant
1399 2394 1479 2429 igitur
1493 2394 1600 2421 silentio
1614 2401 1693 2421 aures
1707 2394 1796 2422 cordis
1827 2398 1830 2401 '

1004 2433 1086 2460 vestri
1109 2432 1142 2459 ad
1163 2429 1340 2461 audiendum,
1361 2434 1388 2456 et
1408 2428 1487 2456 totius
1511 2429 1665 2457 intentionis
1688 2434 1796 2464 paratos

1003 2468 1091 2495 sulcos
1112 2466 1186 2494 verbi
1210 2472 1302 2493 semen
1322 2464 1437 2492 inveniat
1451 2474 1458 2491 :
1471 2469 1500 2491 ut
1519 2465 1588 2499 quod
1612 2472 1681 2491 nunc
1702 2465 1796 2491 sitiens

1005 2508 1073 2530 terra
1089 2501 1251 2536 susceperit,
1268 2505 1388 2534 tempore
1403 2504 1512 2536 accepto
1526 2500 1652 2536 inebriato
1667 2499 1795 2536 sanguine

1003 2537 1113 2567 Christi,
1128 2536 1154 2564 in
1167 2534 1278 2571 procero
1297 2537 1449 2570 germinans
1460 2535 1548 2562 culmo
1563 2535 1580 2567 ι,
1593 2535 1715 2568 copiosos
1728 2534 1795 2561 ulli:-

1004 2578 1045 2601 I'at
1057 2573 1168 2599 fructus.

1039 2608 1066 2635 '2.
1084 2607 1201 2634 Homini;
1224 2606 1389 2642 lapsiiﬁgui'a
1402 2605 1426 2632 in
1439 2604 1523 2642 coqui
1534 2603 1662 2642 descendit
1673 2603 1795 2642 obferu-

1004 2644 1082 2672 wlent
1096 2644 1123 2670 in
1136 2639 1413 2669 Jeiiclio.'-—Dominus
1427 2640 1489 2675 regit
1505 2644 1583 2672 me,ct
1599 2639 1662 2666 nihil
1677 2639 1797 2675 "tibide-

1004 2681 1060 2707 crit.
1075 2679 1207 2714 Magnum,
1217 2676 1375 2709 charissimi,
1387 2673 1543 2710 principium
1557 2674 1718 2702 conﬁtentis.
1732 2673 1795 2701 Fir-

1036 2738 1045 2752 ι
1063 2734 1208 2765 sirmondus,
1221 2739 1343 2766 prospero,
1357 2736 1385 2757 At
1395 2735 1460 2763 uss,
1468 2738 1577 2766 procero.

1036 2768 1044 2776 ‘
1054 2766 1158 2791 Collatus
1165 2763 1267 2790 ad‘d'uos
1277 2763 1300 2789 'v.
1314 2765 1343 2788 ad
1354 2771 1392 2791 ur.
1405 2770 1450 2788 rm.
1464 2763 1490 2788 et
1505 2763 1535 2788 ad

1047 2798 1072 2828 α)
1089 2797 1164 2826 Alias,
1182 2797 1247 2821 inter
1255 2794 1430 2828 sirmomiianos
1440 2794 1482 2828 9.Δ
1561 2824 1568 2828 _
1610 2825 1615 2828 _
1647 2826 1651 2828 Δ
1669 2824 1683 2828 __
1700 2812 1713 2822 .

1049 2824 1073 2859 b')
1090 2824 1221 2859 Augustino
1234 2827 1350 2859 tributum
1362 2828 1454 2859 repertt
1463 2824 1600 2859 strmondus
1609 2825 1634 2850 in
1645 2824 1723 2849 tribus
1733 2825 1798 2850 codi-

1006 2855 1083 2887 cibus.
1094 2855 1142 2885 uno
1150 2857 1315 2889 commensi,
1335 2859 1360 2881 et
1370 2855 1495 2881 victoriuis
1502 2856 1597 2884 duobus
1608 2862 1614 2881 :
1627 2861 1672 2882 nos
1681 2859 1799 2889 praeterea
