  <div class='ocr_page' id='page_1' title='image "/cluster/home/n/w/nwhite01/storage/ocr_20150623/39/hvd.32044096580618/089.png"; bbox 0 0 4026 6186; ppageno 0'>
   <div class='ocr_carea' id='block_1_1' title="bbox 454 361 586 418">
    <p class='ocr_par' dir='ltr' id='par_1_1' title="bbox 454 361 586 418">
     <span class='ocr_line' id='line_1_1' title="bbox 454 361 586 418; baseline 0 0"><span class='ocrx_word' id='word_1_1' title='bbox 454 361 586 418; x_wconf 70' lang='lat' dir='ltr'><strong>i631</strong></span> 
     </span>
    </p>
   </div>
   <div class='ocr_carea' id='block_1_2' title="bbox 454 481 2040 545">
    <p class='ocr_par' dir='ltr' id='par_1_2' title="bbox 454 481 2040 545">
     <span class='ocr_line' id='line_1_2' title="bbox 454 481 2040 545; baseline -0.001 -5"><span class='ocrx_word' id='word_1_2' title='bbox 454 500 579 545; x_wconf 88' lang='lat' dir='ltr'><strong>una.</strong></span> <span class='ocrx_word' id='word_1_3' title='bbox 595 481 688 538; x_wconf 84' lang='lat' dir='ltr'><strong>sed</strong></span> <span class='ocrx_word' id='word_1_4' title='bbox 705 483 808 538; x_wconf 91' lang='lat' dir='ltr'><strong>vita</strong></span> <span class='ocrx_word' id='word_1_5' title='bbox 828 499 930 539; x_wconf 92' lang='lat' dir='ltr'><strong>non</strong></span> <span class='ocrx_word' id='word_1_6' title='bbox 952 498 1074 540; x_wconf 87' lang='lat' dir='ltr'><strong>una.</strong></span> <span class='ocrx_word' id='word_1_7' title='bbox 1088 483 1269 539; x_wconf 88' lang='lat' dir='ltr'><strong>Nullus</strong></span> <span class='ocrx_word' id='word_1_8' title='bbox 1285 498 1468 539; x_wconf 88' lang='lat' dir='ltr'><strong>eorum</strong></span> <span class='ocrx_word' id='word_1_9' title='bbox 1486 499 1514 538; x_wconf 86' lang='lat' dir='ltr'><strong>a</strong></span> <span class='ocrx_word' id='word_1_10' title='bbox 1533 484 1838 540; x_wconf 89' lang='lat' dir='ltr'><strong>conditione</strong></span> <span class='ocrx_word' id='word_1_11' title='bbox 1850 484 2040 540; x_wconf 83' lang='lat' dir='ltr'><strong>mortis</strong></span> 
     </span>
    </p>
   </div>
   <div class='ocr_carea' id='block_1_3' title="bbox 456 575 2042 645">
    <p class='ocr_par' dir='ltr' id='par_1_3' title="bbox 456 575 2042 645">
     <span class='ocr_line' id='line_1_3' title="bbox 456 575 2042 645; baseline 0.001 -17"><span class='ocrx_word' id='word_1_12' title='bbox 456 575 706 637; x_wconf 89' lang='lat' dir='ltr'><strong>immunis</strong></span> <span class='ocrx_word' id='word_1_13' title='bbox 736 590 750 628; x_wconf 92' lang='lat'><strong>:</strong></span> <span class='ocrx_word' id='word_1_14' title='bbox 781 585 830 630; x_wconf 91' lang='lat' dir='ltr'><strong>et</strong></span> <span class='ocrx_word' id='word_1_15' title='bbox 864 588 1038 630; x_wconf 84' lang='lat' dir='ltr'><strong>tamen</strong></span> <span class='ocrx_word' id='word_1_16' title='bbox 1070 590 1208 629; x_wconf 87' lang='lat' dir='ltr'><strong>unus</strong></span> <span class='ocrx_word' id='word_1_17' title='bbox 1237 575 1482 644; x_wconf 90' lang='lat' dir='ltr'><strong>epulatur</strong></span> <span class='ocrx_word' id='word_1_18' title='bbox 1505 575 1803 645; x_wconf 87' lang='lat' dir='ltr'><strong>splendide,</strong></span> <span class='ocrx_word' id='word_1_19' title='bbox 1831 584 1885 630; x_wconf 90' lang='lat' dir='ltr'><strong>et</strong></span> <span class='ocrx_word' id='word_1_20' title='bbox 1909 577 2042 631; x_wconf 88' lang='lat' dir='ltr'><strong>alter</strong></span> 
     </span>
    </p>
   </div>
   <div class='ocr_carea' id='block_1_4' title="bbox 455 667 2041 740">
    <p class='ocr_par' dir='ltr' id='par_1_4' title="bbox 455 667 2041 740">
     <span class='ocr_line' id='line_1_4' title="bbox 455 667 2041 740; baseline 0.002 -19"><span class='ocrx_word' id='word_1_21' title='bbox 455 668 506 722; x_wconf 88' lang='lat' dir='ltr'><strong>in</strong></span> <span class='ocrx_word' id='word_1_22' title='bbox 537 669 726 740; x_wconf 74' lang='lat' dir='ltr'><strong>pannis</strong></span> <span class='ocrx_word' id='word_1_23' title='bbox 758 677 810 722; x_wconf 89' lang='lat' dir='ltr'><strong>et</strong></span> <span class='ocrx_word' id='word_1_24' title='bbox 842 668 894 723; x_wconf 92' lang='lat' dir='ltr'><strong>in</strong></span> <span class='ocrx_word' id='word_1_25' title='bbox 923 682 1157 722; x_wconf 67' lang='lat' dir='ltr'><strong>aerumna</strong></span> <span class='ocrx_word' id='word_1_26' title='bbox 1187 667 1464 723; x_wconf 89' lang='lat' dir='ltr'><strong>sordescit.</strong></span> <span class='ocrx_word' id='word_1_27' title='bbox 1509 668 1602 723; x_wconf 85' lang='lat' dir='ltr'><strong>ille</strong></span> <span class='ocrx_word' id='word_1_28' title='bbox 1629 669 1870 724; x_wconf 78' lang='lat' dir='ltr'><strong>delicatis</strong></span> <span class='ocrx_word' id='word_1_29' title='bbox 1903 670 2041 724; x_wconf 91' lang='lat' dir='ltr'><strong>escis</strong></span> 
     </span>
    </p>
   </div>
   <div class='ocr_carea' id='block_1_5' title="bbox 442 760 2041 832">
    <p class='ocr_par' dir='ltr' id='par_1_5' title="bbox 442 760 2041 832">
     <span class='ocr_line' id='line_1_5' title="bbox 442 760 2041 832; baseline 0.002 -17"><span class='ocrx_word' id='word_1_30' title='bbox 442 760 826 816; x_wconf 85' lang='lat' dir='ltr'><strong>adioventione</strong></span> <span class='ocrx_word' id='word_1_31' title='bbox 867 775 1157 830; x_wconf 91' lang='lat' dir='ltr'><strong>coquorum</strong></span> <span class='ocrx_word' id='word_1_32' title='bbox 1202 761 1463 832; x_wconf 76' lang='lat' dir='ltr'><strong>gaudebat</strong></span> <span class='ocrx_word' id='word_1_33' title='bbox 1492 780 1507 818; x_wconf 90' lang='lat'><strong>:</strong></span> <span class='ocrx_word' id='word_1_34' title='bbox 1537 763 1673 829; x_wconf 88' lang='lat' dir='ltr'><strong>iste,</strong></span> <span class='ocrx_word' id='word_1_35' title='bbox 1705 763 1749 818; x_wconf 89' lang='lat' dir='ltr'><strong>si</strong></span> <span class='ocrx_word' id='word_1_36' title='bbox 1788 763 2041 819; x_wconf 76' lang='lat' dir='ltr'><strong>caderent</strong></span> 
     </span>
    </p>
   </div>
   <div class='ocr_carea' id='block_1_6' title="bbox 455 850 2040 923">
    <p class='ocr_par' dir='ltr' id='par_1_6' title="bbox 455 850 2040 923">
     <span class='ocr_line' id='line_1_6' title="bbox 455 850 2040 923; baseline 0.004 -20"><span class='ocrx_word' id='word_1_37' title='bbox 455 851 604 906; x_wconf 69' lang='lat' dir='ltr'><strong>mica:</strong></span> <span class='ocrx_word' id='word_1_38' title='bbox 633 850 700 905; x_wconf 91' lang='lat' dir='ltr'><strong>de</strong></span> <span class='ocrx_word' id='word_1_39' title='bbox 728 865 908 905; x_wconf 86' lang='lat' dir='ltr'><strong>mensa</strong></span> <span class='ocrx_word' id='word_1_40' title='bbox 940 852 1087 921; x_wconf 84' lang='lat' dir='ltr'><strong>ejus,</strong></span> <span class='ocrx_word' id='word_1_41' title='bbox 1125 854 1486 923; x_wconf 68' lang='lat' dir='ltr'><strong>exspectabat.</strong></span> <span class='ocrx_word' id='word_1_42' title='bbox 1516 854 1748 909; x_wconf 85' lang='lat' dir='ltr'><strong>Audiant</strong></span> <span class='ocrx_word' id='word_1_43' title='bbox 1787 870 1927 910; x_wconf 85' lang='lat' dir='ltr'><strong>nunc</strong></span> <span class='ocrx_word' id='word_1_44' title='bbox 1953 854 2040 909; x_wconf 90' lang='lat' dir='ltr'><strong>di-</strong></span> 
     </span>
    </p>
   </div>
   <div class='ocr_carea' id='block_1_7' title="bbox 450 943 2036 1018">
    <p class='ocr_par' dir='ltr' id='par_1_7' title="bbox 450 943 2036 1018">
     <span class='ocr_line' id='line_1_7' title="bbox 450 943 2036 1018; baseline 0.004 -22"><span class='ocrx_word' id='word_1_45' title='bbox 450 943 603 1006; x_wconf 88' lang='lat' dir='ltr'><strong>vites,</strong></span> <span class='ocrx_word' id='word_1_46' title='bbox 632 943 719 1011; x_wconf 92' lang='lat' dir='ltr'><strong>qui</strong></span> <span class='ocrx_word' id='word_1_47' title='bbox 747 943 934 997; x_wconf 89' lang='lat' dir='ltr'><strong>nolunt</strong></span> <span class='ocrx_word' id='word_1_48' title='bbox 967 959 1090 1000; x_wconf 88' lang='lat' dir='ltr'><strong>esse</strong></span> <span class='ocrx_word' id='word_1_49' title='bbox 1117 945 1519 1011; x_wconf 85' lang='lat' dir='ltr'><strong>misericordes;</strong></span> <span class='ocrx_word' id='word_1_50' title='bbox 1549 946 1763 1002; x_wconf 90' lang='lat' dir='ltr'><strong>audiant</strong></span> <span class='ocrx_word' id='word_1_51' title='bbox 1786 947 1906 1018; x_wconf 85' lang='lat' dir='ltr'><strong>quia</strong></span> <span class='ocrx_word' id='word_1_52' title='bbox 1933 962 2036 1002; x_wconf 84' lang='lat' dir='ltr'><strong>una</strong></span> 
     </span>
    </p>
   </div>
   <div class='ocr_carea' id='block_1_8' title="bbox 450 1037 2037 1110">
    <p class='ocr_par' dir='ltr' id='par_1_8' title="bbox 450 1037 2037 1110">
     <span class='ocr_line' id='line_1_8' title="bbox 450 1037 2037 1110; baseline 0.004 -20"><span class='ocrx_word' id='word_1_53' title='bbox 450 1051 636 1094; x_wconf 88' lang='lat' dir='ltr'><strong>omnes</strong></span> <span class='ocrx_word' id='word_1_54' title='bbox 663 1037 932 1092; x_wconf 87' lang='lat' dir='ltr'><strong>nascimur</strong></span> <span class='ocrx_word' id='word_1_55' title='bbox 956 1037 1092 1108; x_wconf 83' lang='lat' dir='ltr'><strong>lege,</strong></span> <span class='ocrx_word' id='word_1_56' title='bbox 1125 1055 1229 1094; x_wconf 90' lang='lat' dir='ltr'><strong>una</strong></span> <span class='ocrx_word' id='word_1_57' title='bbox 1255 1040 1481 1096; x_wconf 90' lang='lat' dir='ltr'><strong>vivimus</strong></span> <span class='ocrx_word' id='word_1_58' title='bbox 1510 1040 1646 1107; x_wconf 89' lang='lat' dir='ltr'><strong>luce,</strong></span> <span class='ocrx_word' id='word_1_59' title='bbox 1676 1057 1838 1095; x_wconf 89' lang='lat' dir='ltr'><strong>unum</strong></span> <span class='ocrx_word' id='word_1_60' title='bbox 1867 1040 2037 1110; x_wconf 85' lang='lat' dir='ltr'><strong>spira-</strong></span> 
     </span>
    </p>
   </div>
   <div class='ocr_carea' id='block_1_9' title="bbox 450 1131 2036 1202">
    <p class='ocr_par' dir='ltr' id='par_1_9' title="bbox 450 1131 2036 1202">
     <span class='ocr_line' id='line_1_9' title="bbox 450 1131 2036 1202; baseline 0.004 -22"><span class='ocrx_word' id='word_1_61' title='bbox 450 1142 570 1182; x_wconf 91' lang='lat' dir='ltr'><strong>mus</strong></span> <span class='ocrx_word' id='word_1_62' title='bbox 598 1142 798 1193; x_wconf 90' lang='lat' dir='ltr'><strong>aerem,</strong></span> <span class='ocrx_word' id='word_1_63' title='bbox 829 1145 933 1183; x_wconf 91' lang='lat' dir='ltr'><strong>una</strong></span> <span class='ocrx_word' id='word_1_64' title='bbox 958 1145 1169 1200; x_wconf 83' lang='lat' dir='ltr'><strong>quoque</strong></span> <span class='ocrx_word' id='word_1_65' title='bbox 1197 1131 1582 1200; x_wconf 79' lang='lat' dir='ltr'><strong>exstinguimur</strong></span> <span class='ocrx_word' id='word_1_66' title='bbox 1609 1141 1780 1187; x_wconf 86' lang='lat' dir='ltr'><strong>morte</strong></span> <span class='ocrx_word' id='word_1_67' title='bbox 1807 1150 1820 1185; x_wconf 90' lang='lat'>:</span> <span class='ocrx_word' id='word_1_68' title='bbox 1849 1148 1968 1202; x_wconf 64' lang='lat' dir='ltr'><strong>quae</strong></span> <span class='ocrx_word' id='word_1_69' title='bbox 1991 1132 2036 1188; x_wconf 89' lang='lat' dir='ltr'><strong>si</strong></span> 
     </span>
    </p>
   </div>
   <div class='ocr_carea' id='block_1_10' title="bbox 449 1221 2042 1293">
    <p class='ocr_par' dir='ltr' id='par_1_10' title="bbox 449 1221 2042 1293">
     <span class='ocr_line' id='line_1_10' title="bbox 449 1221 2042 1293; baseline 0.004 -20"><span class='ocrx_word' id='word_1_70' title='bbox 449 1234 556 1274; x_wconf 85' lang='lat' dir='ltr'><strong>non</strong></span> <span class='ocrx_word' id='word_1_71' title='bbox 590 1221 978 1288; x_wconf 85' lang='lat' dir='ltr'><strong>intercederet,</strong></span> <span class='ocrx_word' id='word_1_72' title='bbox 1013 1237 1110 1277; x_wconf 88' lang='lat' dir='ltr'><strong>nec</strong></span> <span class='ocrx_word' id='word_1_73' title='bbox 1141 1238 1340 1292; x_wconf 89' lang='lat' dir='ltr'><strong>pauper</strong></span> <span class='ocrx_word' id='word_1_74' title='bbox 1369 1225 1481 1293; x_wconf 90' lang='lat' dir='ltr'><strong>ipse</strong></span> <span class='ocrx_word' id='word_1_75' title='bbox 1509 1225 1748 1280; x_wconf 85' lang='lat' dir='ltr'><strong>duraret.</strong></span> <span class='ocrx_word' id='word_1_76' title='bbox 1776 1225 1872 1280; x_wconf 80' lang='lat' dir='ltr'><strong>ilic</strong></span> <span class='ocrx_word' id='word_1_77' title='bbox 1898 1225 2042 1280; x_wconf 90' lang='lat' dir='ltr'><strong>ulce-</strong></span> 
     </span>
    </p>
   </div>
   <div class='ocr_carea' id='block_1_11' title="bbox 451 1311 2036 1381">
    <p class='ocr_par' dir='ltr' id='par_1_11' title="bbox 451 1311 2036 1381">
     <span class='ocr_line' id='line_1_11' title="bbox 451 1311 2036 1381; baseline 0.004 -18"><span class='ocrx_word' id='word_1_78' title='bbox 451 1325 606 1366; x_wconf 83' lang='lat' dir='ltr'><strong>rosus</strong></span> <span class='ocrx_word' id='word_1_79' title='bbox 649 1320 704 1366; x_wconf 88' lang='lat' dir='ltr'><strong>et</strong></span> <span class='ocrx_word' id='word_1_80' title='bbox 744 1311 917 1366; x_wconf 90' lang='lat' dir='ltr'><strong>nudus</strong></span> <span class='ocrx_word' id='word_1_81' title='bbox 955 1311 1140 1381; x_wconf 84' lang='lat' dir='ltr'><strong>jacens</strong></span> <span class='ocrx_word' id='word_1_82' title='bbox 1185 1311 1448 1378; x_wconf 82' lang='lat' dir='ltr'><strong>Lazarus,</strong></span> <span class='ocrx_word' id='word_1_83' title='bbox 1497 1313 1562 1368; x_wconf 90' lang='lat' dir='ltr'><strong>ad</strong></span> <span class='ocrx_word' id='word_1_84' title='bbox 1605 1315 1830 1370; x_wconf 69' lang='lat' dir='ltr'><strong>Abraba:</strong></span> <span class='ocrx_word' id='word_1_85' title='bbox 1863 1315 2036 1370; x_wconf 89' lang='lat' dir='ltr'><strong>sinum</strong></span> 
     </span>
    </p>
   </div>
   <div class='ocr_carea' id='block_1_12' title="bbox 451 1401 2039 1472">
    <p class='ocr_par' dir='ltr' id='par_1_12' title="bbox 451 1401 2039 1472">
     <span class='ocr_line' id='line_1_12' title="bbox 451 1401 2039 1472; baseline 0.004 -16"><span class='ocrx_word' id='word_1_86' title='bbox 451 1401 777 1472; x_wconf 80' lang='lat' dir='ltr'><strong>Angelornm</strong></span> <span class='ocrx_word' id='word_1_87' title='bbox 828 1411 1067 1472; x_wconf 80' lang='lat' dir='ltr'><strong>portatur</strong></span> <span class='ocrx_word' id='word_1_88' title='bbox 1122 1404 1386 1458; x_wconf 88' lang='lat' dir='ltr'><strong>manibus.</strong></span> <span class='ocrx_word' id='word_1_89' title='bbox 1433 1404 1570 1458; x_wconf 88' lang='lat' dir='ltr'><strong>Ecce</strong></span> <span class='ocrx_word' id='word_1_90' title='bbox 1615 1406 1764 1461; x_wconf 83' lang='lat' dir='ltr'><strong>dives</strong></span> <span class='ocrx_word' id='word_1_91' title='bbox 1810 1406 2039 1462; x_wconf 81' lang='lat' dir='ltr'><strong>refectus</strong></span> 
     </span>
    </p>
   </div>
   <div class='ocr_carea' id='block_1_13' title="bbox 449 1491 2039 1562">
    <p class='ocr_par' dir='ltr' id='par_1_13' title="bbox 449 1491 2039 1562">
     <span class='ocr_line' id='line_1_13' title="bbox 449 1491 2039 1562; baseline 0.004 -17"><span class='ocrx_word' id='word_1_92' title='bbox 449 1501 505 1546; x_wconf 91' lang='lat' dir='ltr'><strong>et</strong></span> <span class='ocrx_word' id='word_1_93' title='bbox 523 1491 835 1562; x_wconf 85' lang='lat' dir='ltr'><strong>splendidas</strong></span> <span class='ocrx_word' id='word_1_94' title='bbox 860 1501 1092 1550; x_wconf 85' lang='lat' dir='ltr'><strong>tartareo</strong></span> <span class='ocrx_word' id='word_1_95' title='bbox 1110 1509 1328 1550; x_wconf 89' lang='lat' dir='ltr'><strong>carcere</strong></span> <span class='ocrx_word' id='word_1_96' title='bbox 1350 1495 1630 1550; x_wconf 87' lang='lat' dir='ltr'><strong>clauditur.</strong></span> <span class='ocrx_word' id='word_1_97' title='bbox 1653 1496 1755 1552; x_wconf 88' lang='lat' dir='ltr'><strong>Ubi</strong></span> <span class='ocrx_word' id='word_1_98' title='bbox 1776 1505 1858 1552; x_wconf 88' lang='lat' dir='ltr'><strong>est</strong></span> <span class='ocrx_word' id='word_1_99' title='bbox 1876 1497 2039 1552; x_wconf 82' lang='lat' dir='ltr'><strong>vestis</strong></span> 
     </span>
    </p>
   </div>
   <div class='ocr_carea' id='block_1_14' title="bbox 450 1583 2040 1658">
    <p class='ocr_par' dir='ltr' id='par_1_14' title="bbox 450 1583 2040 1658">
     <span class='ocr_line' id='line_1_14' title="bbox 450 1583 2040 1658; baseline 0.005 -22"><span class='ocrx_word' id='word_1_100' title='bbox 450 1583 544 1637; x_wconf 75' lang='lat' dir='ltr'><strong>illa</strong></span> <span class='ocrx_word' id='word_1_101' title='bbox 566 1583 777 1655; x_wconf 73' lang='lat' dir='ltr'><strong>byssina</strong></span> <span class='ocrx_word' id='word_1_102' title='bbox 793 1585 820 1638; x_wconf 70' lang='grc' dir='ltr'><strong><em>τ</em></strong></span> <span class='ocrx_word' id='word_1_103' title='bbox 839 1583 926 1642; x_wconf 90' lang='lat' dir='ltr'><strong>ubi</strong></span> <span class='ocrx_word' id='word_1_104' title='bbox 955 1586 1058 1640; x_wconf 89' lang='lat' dir='ltr'><strong>vita</strong></span> <span class='ocrx_word' id='word_1_105' title='bbox 1088 1586 1360 1642; x_wconf 89' lang='lat' dir='ltr'><strong>abundans</strong></span> <span class='ocrx_word' id='word_1_106' title='bbox 1387 1594 1440 1643; x_wconf 88' lang='lat' dir='ltr'><strong>et</strong></span> <span class='ocrx_word' id='word_1_107' title='bbox 1463 1587 1687 1643; x_wconf 83' lang='lat' dir='ltr'><strong>afﬂuens</strong></span> <span class='ocrx_word' id='word_1_108' title='bbox 1709 1589 1874 1658; x_wconf 88' lang='lat' dir='ltr'><strong>cepiis</strong></span> <span class='ocrx_word' id='word_1_109' title='bbox 1896 1589 2040 1644; x_wconf 86' lang='lat' dir='ltr'><strong>mul-</strong></span> 
     </span>
    </p>
   </div>
   <div class='ocr_carea' id='block_1_15' title="bbox 449 1674 2039 1751">
    <p class='ocr_par' dir='ltr' id='par_1_15' title="bbox 449 1674 2039 1751">
     <span class='ocr_line' id='line_1_15' title="bbox 449 1674 2039 1751; baseline 0.006 -25"><span class='ocrx_word' id='word_1_110' title='bbox 449 1674 563 1728; x_wconf 82' lang='lat' dir='ltr'><strong>tis?</strong></span> <span class='ocrx_word' id='word_1_111' title='bbox 591 1674 776 1732; x_wconf 84' lang='lat' dir='ltr'><strong>Nonne</strong></span> <span class='ocrx_word' id='word_1_112' title='bbox 806 1684 979 1732; x_wconf 90' lang='lat' dir='ltr'><strong>morte</strong></span> <span class='ocrx_word' id='word_1_113' title='bbox 1007 1679 1186 1733; x_wconf 88' lang='lat' dir='ltr'><strong>omnia</strong></span> <span class='ocrx_word' id='word_1_114' title='bbox 1218 1687 1494 1734; x_wconf 85' lang='lat' dir='ltr'><strong>transeunt</strong></span> <span class='ocrx_word' id='word_1_115' title='bbox 1524 1689 1771 1751; x_wconf 87' lang='lat' dir='ltr'><strong>tanquam</strong></span> <span class='ocrx_word' id='word_1_116' title='bbox 1811 1680 2039 1737; x_wconf 82' lang='lat' dir='ltr'><strong>umbra?</strong></span> 
     </span>
    </p>
   </div>
   <div class='ocr_carea' id='block_1_16' title="bbox 456 1763 2041 1841">
    <p class='ocr_par' dir='ltr' id='par_1_16' title="bbox 456 1763 2041 1841">
     <span class='ocr_line' id='line_1_16' title="bbox 456 1763 2041 1841; baseline 0.007 -24"><span class='ocrx_word' id='word_1_117' title='bbox 456 1763 605 1820; x_wconf 87' lang='lat' dir='ltr'><strong>Nihil</strong></span> <span class='ocrx_word' id='word_1_118' title='bbox 631 1767 894 1822; x_wconf 72' lang='lat' dir='ltr'><strong>intulimus</strong></span> <span class='ocrx_word' id='word_1_119' title='bbox 922 1769 974 1822; x_wconf 88' lang='lat' dir='ltr'><strong>in</strong></span> <span class='ocrx_word' id='word_1_120' title='bbox 1005 1769 1136 1822; x_wconf 85' lang='lat' dir='ltr'><strong>hunc</strong></span> <span class='ocrx_word' id='word_1_121' title='bbox 1164 1771 1426 1837; x_wconf 82' lang='lat' dir='ltr'><strong>mundum,</strong></span> <span class='ocrx_word' id='word_1_122' title='bbox 1457 1771 1585 1826; x_wconf 87' lang='lat' dir='ltr'><strong>dicit</strong></span> <span class='ocrx_word' id='word_1_123' title='bbox 1613 1772 1917 1841; x_wconf 78' lang='lat' dir='ltr'><strong>Apostolus,</strong></span> <span class='ocrx_word' id='word_1_124' title='bbox 1950 1772 2041 1828; x_wconf 78' lang='lat' dir='ltr'><strong>sed</strong></span> 
     </span>
    </p>
   </div>
   <div class='ocr_carea' id='block_1_17' title="bbox 450 1859 2038 1936">
    <p class='ocr_par' dir='ltr' id='par_1_17' title="bbox 450 1859 2038 1936">
     <span class='ocr_line' id='line_1_17' title="bbox 450 1859 2038 1936; baseline 0.008 -26"><span class='ocrx_word' id='word_1_125' title='bbox 450 1873 540 1911; x_wconf 82' lang='lat' dir='ltr'><strong>nec</strong></span> <span class='ocrx_word' id='word_1_126' title='bbox 581 1859 855 1929; x_wconf 72' lang='lat' dir='ltr'><strong>quidquam</strong></span> <span class='ocrx_word' id='word_1_127' title='bbox 898 1864 1100 1934; x_wconf 83' lang='lat' dir='ltr'><strong>auferre</strong></span> <span class='ocrx_word' id='word_1_128' title='bbox 1139 1879 1402 1934; x_wconf 75' lang='lat' dir='ltr'><strong>possumus</strong></span> <span class='ocrx_word' id='word_1_129' title='bbox 1443 1863 1486 1935; x_wconf 91' lang='lat' dir='ltr'><strong>(l</strong></span> <span class='ocrx_word' id='word_1_130' title='bbox 1514 1863 1644 1918; x_wconf 84' lang='lat' dir='ltr'><strong>Tim.</strong></span> <span class='ocrx_word' id='word_1_131' title='bbox 1671 1881 1722 1920; x_wconf 79' lang='lat' dir='ltr'><strong>vt</strong></span> <span class='ocrx_word' id='word_1_132' title='bbox 1742 1907 1757 1930; x_wconf 95' lang='lat'><strong>,</strong></span> <span class='ocrx_word' id='word_1_133' title='bbox 1786 1865 1864 1936; x_wconf 90' lang='lat'><strong>7).</strong></span> <span class='ocrx_word' id='word_1_134' title='bbox 1897 1865 2038 1922; x_wconf 84' lang='lat' dir='ltr'><strong>Nihil</strong></span> 
     </span>
    </p>
   </div>
   <div class='ocr_carea' id='block_1_18' title="bbox 454 1948 2038 2028">
    <p class='ocr_par' dir='ltr' id='par_1_18' title="bbox 454 1948 2038 2028">
     <span class='ocr_line' id='line_1_18' title="bbox 454 1948 2038 2028; baseline 0.008 -27"><span class='ocrx_word' id='word_1_135' title='bbox 454 1948 728 2004; x_wconf 77' lang='lat' dir='ltr'><strong>nobiseum</strong></span> <span class='ocrx_word' id='word_1_136' title='bbox 757 1951 995 2007; x_wconf 89' lang='lat' dir='ltr'><strong>tollimus</strong></span> <span class='ocrx_word' id='word_1_137' title='bbox 1024 1962 1114 2008; x_wconf 89' lang='lat' dir='ltr'><strong>aut</strong></span> <span class='ocrx_word' id='word_1_138' title='bbox 1139 1953 1395 2024; x_wconf 85' lang='lat' dir='ltr'><strong>rapimus.</strong></span> <span class='ocrx_word' id='word_1_139' title='bbox 1424 1954 1557 2023; x_wconf 87' lang='lat' dir='ltr'><strong>Quid</strong></span> <span class='ocrx_word' id='word_1_140' title='bbox 1590 1955 1632 2010; x_wconf 93' lang='lat' dir='ltr'><strong>si</strong></span> <span class='ocrx_word' id='word_1_141' title='bbox 1661 1956 1856 2028; x_wconf 88' lang='lat' dir='ltr'><strong>aliquid</strong></span> <span class='ocrx_word' id='word_1_142' title='bbox 1885 1958 2038 2013; x_wconf 89' lang='lat' dir='ltr'><strong>tolle-</strong></span> 
     </span>
    </p>
   </div>
   <div class='ocr_carea' id='block_1_19' title="bbox 452 2044 2038 2116">
    <p class='ocr_par' dir='ltr' id='par_1_19' title="bbox 452 2044 2038 2116">
     <span class='ocr_line' id='line_1_19' title="bbox 452 2044 2038 2116; baseline 0.008 -23"><span class='ocrx_word' id='word_1_143' title='bbox 452 2054 650 2104; x_wconf 87' lang='lat' dir='ltr'><strong>remus,</strong></span> <span class='ocrx_word' id='word_1_144' title='bbox 674 2057 851 2097; x_wconf 89' lang='lat' dir='ltr'><strong>nonne</strong></span> <span class='ocrx_word' id='word_1_145' title='bbox 870 2044 1018 2100; x_wconf 86' lang='lat' dir='ltr'><strong>vivos</strong></span> <span class='ocrx_word' id='word_1_146' title='bbox 1037 2044 1282 2102; x_wconf 86' lang='lat' dir='ltr'><strong>homines</strong></span> <span class='ocrx_word' id='word_1_147' title='bbox 1305 2048 1655 2102; x_wconf 87' lang='lat' dir='ltr'><strong>voraremus?</strong></span> <span class='ocrx_word' id='word_1_148' title='bbox 1679 2048 1807 2116; x_wconf 79' lang='lat' dir='ltr'><strong>Qua:</strong></span> <span class='ocrx_word' id='word_1_149' title='bbox 1829 2057 1911 2105; x_wconf 83' lang='lat' dir='ltr'><strong>est</strong></span> <span class='ocrx_word' id='word_1_150' title='bbox 1938 2051 2038 2106; x_wconf 88' lang='lat' dir='ltr'><strong>ista</strong></span> 
     </span>
    </p>
   </div>
   <div class='ocr_carea' id='block_1_20' title="bbox 451 2129 2041 2208">
    <p class='ocr_par' dir='ltr' id='par_1_20' title="bbox 451 2129 2041 2208">
     <span class='ocr_line' id='line_1_20' title="bbox 451 2129 2041 2208; baseline 0.009 -26"><span class='ocrx_word' id='word_1_151' title='bbox 451 2129 675 2183; x_wconf 86' lang='lat' dir='ltr'><strong>aviditas</strong></span> <span class='ocrx_word' id='word_1_152' title='bbox 715 2133 1195 2202; x_wconf 73' lang='lat' dir='ltr'><strong>concupiscentim,</strong></span> <span class='ocrx_word' id='word_1_153' title='bbox 1241 2152 1362 2191; x_wconf 90' lang='lat' dir='ltr'><strong>cum</strong></span> <span class='ocrx_word' id='word_1_154' title='bbox 1408 2139 1536 2208; x_wconf 75' lang='lat' dir='ltr'><strong>ipsa:</strong></span> <span class='ocrx_word' id='word_1_155' title='bbox 1579 2139 1768 2194; x_wconf 69' lang='lat' dir='ltr'><strong>bellum</strong></span> <span class='ocrx_word' id='word_1_156' title='bbox 1813 2140 2041 2197; x_wconf 87' lang='lat' dir='ltr'><strong>habeant</strong></span> 
     </span>
    </p>
   </div>
   <div class='ocr_carea' id='block_1_21' title="bbox 456 2220 2039 2301">
    <p class='ocr_par' dir='ltr' id='par_1_21' title="bbox 456 2220 2039 2301">
     <span class='ocr_line' id='line_1_21' title="bbox 456 2220 2039 2301; baseline 0.011 -30"><span class='ocrx_word' id='word_1_157' title='bbox 456 2220 712 2274; x_wconf 85' lang='lat' dir='ltr'><strong>modum?</strong></span> <span class='ocrx_word' id='word_1_158' title='bbox 740 2223 886 2278; x_wconf 87' lang='lat' dir='ltr'><strong>Tunc</strong></span> <span class='ocrx_word' id='word_1_159' title='bbox 913 2225 1054 2279; x_wconf 91' lang='lat' dir='ltr'><strong>enim</strong></span> <span class='ocrx_word' id='word_1_160' title='bbox 1093 2226 1335 2297; x_wconf 85' lang='lat' dir='ltr'><strong>rapiunt,</strong></span> <span class='ocrx_word' id='word_1_161' title='bbox 1366 2227 1578 2298; x_wconf 85' lang='lat' dir='ltr'><strong>quando</strong></span> <span class='ocrx_word' id='word_1_162' title='bbox 1603 2233 1842 2286; x_wconf 88' lang='lat' dir='ltr'><strong>csuriunt</strong></span> <span class='ocrx_word' id='word_1_163' title='bbox 1871 2251 1883 2286; x_wconf 91' lang='lat'><strong>:</strong></span> <span class='ocrx_word' id='word_1_164' title='bbox 1915 2249 2039 2301; x_wconf 92' lang='lat' dir='ltr'><strong>par-</strong></span> 
     </span>
    </p>
   </div>
   <div class='ocr_carea' id='block_1_22' title="bbox 453 2313 2040 2393">
    <p class='ocr_par' dir='ltr' id='par_1_22' title="bbox 453 2313 2040 2393">
     <span class='ocr_line' id='line_1_22' title="bbox 453 2313 2040 2393; baseline 0.01 -31"><span class='ocrx_word' id='word_1_165' title='bbox 453 2318 581 2364; x_wconf 85' lang='lat' dir='ltr'><strong>cunt</strong></span> <span class='ocrx_word' id='word_1_166' title='bbox 607 2326 733 2364; x_wconf 91' lang='lat' dir='ltr'><strong>vero</strong></span> <span class='ocrx_word' id='word_1_167' title='bbox 761 2313 975 2380; x_wconf 70' lang='lat' dir='ltr'><strong>prmdae,</strong></span> <span class='ocrx_word' id='word_1_168' title='bbox 1006 2329 1126 2369; x_wconf 84' lang='lat' dir='ltr'><strong>cum</strong></span> <span class='ocrx_word' id='word_1_169' title='bbox 1157 2318 1424 2372; x_wconf 88' lang='lat' dir='ltr'><strong>senserint</strong></span> <span class='ocrx_word' id='word_1_170' title='bbox 1449 2319 1769 2376; x_wconf 83' lang='lat' dir='ltr'><strong>satietatem.</strong></span> <span class='ocrx_word' id='word_1_171' title='bbox 1798 2321 2040 2393; x_wconf 75' lang='lat' dir='ltr'><strong>inexple-</strong></span> 
     </span>
    </p>
   </div>
   <div class='ocr_carea' id='block_1_23' title="bbox 459 2400 2041 2483">
    <p class='ocr_par' dir='ltr' id='par_1_23' title="bbox 459 2400 2041 2483">
     <span class='ocr_line' id='line_1_23' title="bbox 459 2400 2041 2483; baseline 0.011 -30"><span class='ocrx_word' id='word_1_172' title='bbox 459 2400 580 2456; x_wconf 84' lang='lat' dir='ltr'><strong>bilis</strong></span> <span class='ocrx_word' id='word_1_173' title='bbox 607 2410 687 2456; x_wconf 87' lang='lat' dir='ltr'><strong>est</strong></span> <span class='ocrx_word' id='word_1_174' title='bbox 721 2403 828 2457; x_wconf 89' lang='lat' dir='ltr'><strong>sola</strong></span> <span class='ocrx_word' id='word_1_175' title='bbox 857 2405 1073 2460; x_wconf 89' lang='lat' dir='ltr'><strong>avaritia</strong></span> <span class='ocrx_word' id='word_1_176' title='bbox 1102 2407 1342 2463; x_wconf 80' lang='lat' dir='ltr'><strong>divitum.</strong></span> <span class='ocrx_word' id='word_1_177' title='bbox 1369 2409 1592 2481; x_wconf 89' lang='lat' dir='ltr'><strong>Semper</strong></span> <span class='ocrx_word' id='word_1_178' title='bbox 1621 2414 1784 2483; x_wconf 88' lang='lat' dir='ltr'><strong>rapit,</strong></span> <span class='ocrx_word' id='word_1_179' title='bbox 1815 2423 1870 2469; x_wconf 89' lang='lat' dir='ltr'><strong>et</strong></span> <span class='ocrx_word' id='word_1_180' title='bbox 1904 2432 2041 2470; x_wconf 80' lang='lat' dir='ltr'><strong>nun-</strong></span> 
     </span>
    </p>
   </div>
   <div class='ocr_carea' id='block_1_24' title="bbox 454 2492 2041 2568">
    <p class='ocr_par' dir='ltr' id='par_1_24' title="bbox 454 2492 2041 2568">
     <span class='ocr_line' id='line_1_24' title="bbox 454 2492 2041 2568; baseline 0.012 -25"><span class='ocrx_word' id='word_1_181' title='bbox 454 2505 612 2560; x_wconf 89' lang='lat' dir='ltr'><strong>quam</strong></span> <span class='ocrx_word' id='word_1_182' title='bbox 670 2492 892 2548; x_wconf 88' lang='lat' dir='ltr'><strong>satiatur</strong></span> <span class='ocrx_word' id='word_1_183' title='bbox 937 2513 950 2544; x_wconf 87' lang='lat'><strong>:</strong></span> <span class='ocrx_word' id='word_1_184' title='bbox 999 2511 1097 2551; x_wconf 89' lang='lat' dir='ltr'><strong>nec</strong></span> <span class='ocrx_word' id='word_1_185' title='bbox 1152 2497 1319 2553; x_wconf 88' lang='lat' dir='ltr'><strong>Deum</strong></span> <span class='ocrx_word' id='word_1_186' title='bbox 1377 2501 1560 2568; x_wconf 87' lang='lat' dir='ltr'><strong>timet,</strong></span> <span class='ocrx_word' id='word_1_187' title='bbox 1618 2519 1716 2563; x_wconf 84' lang='lat' dir='ltr'><strong>nec</strong></span> <span class='ocrx_word' id='word_1_188' title='bbox 1771 2505 2041 2562; x_wconf 85' lang='lat' dir='ltr'><strong>hominem</strong></span> 
     </span>
    </p>
   </div>
   <div class='ocr_carea' id='block_1_25' title="bbox 454 2587 2042 2663">
    <p class='ocr_par' dir='ltr' id='par_1_25' title="bbox 454 2587 2042 2663">
     <span class='ocr_line' id='line_1_25' title="bbox 454 2587 2042 2663; baseline 0.01 -27"><span class='ocrx_word' id='word_1_189' title='bbox 454 2590 728 2637; x_wconf 80' lang='lat' dir='ltr'><strong>reveretur</strong></span> <span class='ocrx_word' id='word_1_190' title='bbox 752 2601 762 2636; x_wconf 93' lang='lat'>:</span> <span class='ocrx_word' id='word_1_191' title='bbox 789 2599 888 2641; x_wconf 92' lang='lat' dir='ltr'><strong>nec</strong></span> <span class='ocrx_word' id='word_1_192' title='bbox 910 2587 1042 2655; x_wconf 88' lang='lat' dir='ltr'><strong>patri</strong></span> <span class='ocrx_word' id='word_1_193' title='bbox 1066 2589 1254 2658; x_wconf 88' lang='lat' dir='ltr'><strong>parcit,</strong></span> <span class='ocrx_word' id='word_1_194' title='bbox 1280 2605 1378 2646; x_wconf 90' lang='lat' dir='ltr'><strong>nec</strong></span> <span class='ocrx_word' id='word_1_195' title='bbox 1397 2601 1621 2647; x_wconf 88' lang='lat' dir='ltr'><strong>matrem</strong></span> <span class='ocrx_word' id='word_1_196' title='bbox 1642 2596 1881 2663; x_wconf 78' lang='lat' dir='ltr'><strong>agnoscit</strong></span> <span class='ocrx_word' id='word_1_197' title='bbox 1905 2613 1918 2650; x_wconf 90' lang='lat'><strong>:</strong></span> <span class='ocrx_word' id='word_1_198' title='bbox 1945 2611 2042 2652; x_wconf 91' lang='lat' dir='ltr'><strong>nec</strong></span> 
     </span>
    </p>
   </div>
   <div class='ocr_carea' id='block_1_26' title="bbox 458 2672 2039 2744">
    <p class='ocr_par' dir='ltr' id='par_1_26' title="bbox 458 2672 2039 2744">
     <span class='ocr_line' id='line_1_26' title="bbox 458 2672 2039 2744; baseline 0.012 -20"><span class='ocrx_word' id='word_1_199' title='bbox 458 2672 606 2728; x_wconf 77' lang='lat' dir='ltr'><strong>fratri</strong></span> <span class='ocrx_word' id='word_1_200' title='bbox 637 2674 1004 2744; x_wconf 74' lang='lat' dir='ltr'><strong>obtemperat,</strong></span> <span class='ocrx_word' id='word_1_201' title='bbox 1047 2693 1146 2733; x_wconf 89' lang='lat' dir='ltr'><strong>nec</strong></span> <span class='ocrx_word' id='word_1_202' title='bbox 1184 2682 1357 2736; x_wconf 89' lang='lat' dir='ltr'><strong>amico</strong></span> <span class='ocrx_word' id='word_1_203' title='bbox 1395 2681 1549 2737; x_wconf 85' lang='lat' dir='ltr'><strong>fidem</strong></span> <span class='ocrx_word' id='word_1_204' title='bbox 1579 2693 1756 2739; x_wconf 87' lang='lat' dir='ltr'><strong>servat</strong></span> <span class='ocrx_word' id='word_1_205' title='bbox 1785 2704 1798 2738; x_wconf 91' lang='lat'><strong>:</strong></span> <span class='ocrx_word' id='word_1_206' title='bbox 1829 2686 2039 2742; x_wconf 88' lang='lat' dir='ltr'><strong>viduam</strong></span> 
     </span>
    </p>
   </div>
   <div class='ocr_carea' id='block_1_27' title="bbox 456 2765 2038 2837">
    <p class='ocr_par' dir='ltr' id='par_1_27' title="bbox 456 2765 2038 2837">
     <span class='ocr_line' id='line_1_27' title="bbox 456 2765 2038 2837; baseline 0.011 -21"><span class='ocrx_word' id='word_1_207' title='bbox 456 2765 726 2832; x_wconf 86' lang='lat' dir='ltr'><strong>opprimit,</strong></span> <span class='ocrx_word' id='word_1_208' title='bbox 771 2767 956 2837; x_wconf 85' lang='lat' dir='ltr'><strong>pupilli</strong></span> <span class='ocrx_word' id='word_1_209' title='bbox 984 2785 1095 2823; x_wconf 88' lang='lat' dir='ltr'><strong>rem</strong></span> <span class='ocrx_word' id='word_1_210' title='bbox 1137 2771 1378 2827; x_wconf 88' lang='lat' dir='ltr'><strong>invadit:</strong></span> <span class='ocrx_word' id='word_1_211' title='bbox 1413 2773 1629 2830; x_wconf 90' lang='lat' dir='ltr'><strong>libertos</strong></span> <span class='ocrx_word' id='word_1_212' title='bbox 1669 2777 1722 2830; x_wconf 92' lang='lat' dir='ltr'><strong>in</strong></span> <span class='ocrx_word' id='word_1_213' title='bbox 1764 2778 2038 2832; x_wconf 84' lang='lat' dir='ltr'><strong>servitium</strong></span> 
     </span>
    </p>
   </div>
   <div class='ocr_carea' id='block_1_28' title="bbox 459 2860 2044 2933">
    <p class='ocr_par' dir='ltr' id='par_1_28' title="bbox 459 2860 2044 2933">
     <span class='ocr_line' id='line_1_28' title="bbox 459 2860 2044 2933; baseline 0.01 -25"><span class='ocrx_word' id='word_1_214' title='bbox 459 2865 700 2921; x_wconf 78' lang='lat' dir='ltr'><strong>revocat,</strong></span> <span class='ocrx_word' id='word_1_215' title='bbox 734 2865 1103 2914; x_wconf 89' lang='lat' dir='ltr'><strong>testamentum</strong></span> <span class='ocrx_word' id='word_1_216' title='bbox 1130 2860 1320 2918; x_wconf 77' lang='lat' dir='ltr'><strong>falsum</strong></span> <span class='ocrx_word' id='word_1_217' title='bbox 1354 2864 1570 2933; x_wconf 82' lang='lat' dir='ltr'><strong>profert.</strong></span> <span class='ocrx_word' id='word_1_218' title='bbox 1601 2865 1707 2922; x_wconf 80' lang='lat' dir='ltr'><strong>Res</strong></span> <span class='ocrx_word' id='word_1_219' title='bbox 1733 2867 1928 2922; x_wconf 88' lang='lat' dir='ltr'><strong>mortui</strong></span> <span class='ocrx_word' id='word_1_220' title='bbox 1953 2884 2044 2924; x_wconf 89' lang='lat' dir='ltr'><strong>oc-</strong></span> 
     </span>
    </p>
   </div>
   <div class='ocr_carea' id='block_1_29' title="bbox 459 2951 2040 3025">
    <p class='ocr_par' dir='ltr' id='par_1_29' title="bbox 459 2951 2040 3025">
     <span class='ocr_line' id='line_1_29' title="bbox 459 2951 2040 3025; baseline 0.009 -24"><span class='ocrx_word' id='word_1_221' title='bbox 459 2957 750 3018; x_wconf 86' lang='lat' dir='ltr'><strong>cupantur;</strong></span> <span class='ocrx_word' id='word_1_222' title='bbox 777 2951 926 3019; x_wconf 89' lang='lat' dir='ltr'><strong>quasi</strong></span> <span class='ocrx_word' id='word_1_223' title='bbox 956 2966 1059 3006; x_wconf 90' lang='lat' dir='ltr'><strong>non</strong></span> <span class='ocrx_word' id='word_1_224' title='bbox 1086 2963 1139 3007; x_wconf 92' lang='lat' dir='ltr'><strong>et</strong></span> <span class='ocrx_word' id='word_1_225' title='bbox 1160 2954 1258 3023; x_wconf 86' lang='lat' dir='ltr'><strong>ipsi</strong></span> <span class='ocrx_word' id='word_1_226' title='bbox 1279 2958 1364 3025; x_wconf 90' lang='lat' dir='ltr'><strong>qui</strong></span> <span class='ocrx_word' id='word_1_227' title='bbox 1390 2957 1488 3012; x_wconf 92' lang='lat' dir='ltr'><strong>hoc</strong></span> <span class='ocrx_word' id='word_1_228' title='bbox 1510 2958 1706 3013; x_wconf 87' lang='lat' dir='ltr'><strong>faciunt</strong></span> <span class='ocrx_word' id='word_1_229' title='bbox 1727 2961 2040 3017; x_wconf 83' lang='lat' dir='ltr'><strong>moriantur.</strong></span> 
     </span>
    </p>
   </div>
   <div class='ocr_carea' id='block_1_30' title="bbox 459 3040 2040 3121">
    <p class='ocr_par' dir='ltr' id='par_1_30' title="bbox 459 3040 2040 3121">
     <span class='ocr_line' id='line_1_30' title="bbox 459 3040 2040 3121; baseline 0.011 -29"><span class='ocrx_word' id='word_1_230' title='bbox 459 3040 587 3108; x_wconf 80' lang='lat' dir='ltr'><strong>Qua:</strong></span> <span class='ocrx_word' id='word_1_231' title='bbox 615 3050 693 3094; x_wconf 85' lang='lat' dir='ltr'><strong>est</strong></span> <span class='ocrx_word' id='word_1_232' title='bbox 721 3055 847 3111; x_wconf 85' lang='lat' dir='ltr'><strong>ergo</strong></span> <span class='ocrx_word' id='word_1_233' title='bbox 879 3042 974 3096; x_wconf 85' lang='lat' dir='ltr'><strong>ista</strong></span> <span class='ocrx_word' id='word_1_234' title='bbox 1002 3045 1297 3100; x_wconf 89' lang='lat' dir='ltr'><strong>animarum</strong></span> <span class='ocrx_word' id='word_1_235' title='bbox 1329 3047 1553 3116; x_wconf 89' lang='lat' dir='ltr'><strong>insania,</strong></span> <span class='ocrx_word' id='word_1_236' title='bbox 1582 3051 1827 3108; x_wconf 89' lang='lat' dir='ltr'><strong>amittere</strong></span> <span class='ocrx_word' id='word_1_237' title='bbox 1855 3053 2040 3121; x_wconf 89' lang='lat' dir='ltr'><strong>vitam,</strong></span> 
     </span>
    </p>
   </div>
   <div class='ocr_carea' id='block_1_31' title="bbox 459 3135 2044 3214">
    <p class='ocr_par' dir='ltr' id='par_1_31' title="bbox 459 3135 2044 3214">
     <span class='ocr_line' id='line_1_31' title="bbox 459 3135 2044 3214; baseline 0.011 -30"><span class='ocrx_word' id='word_1_238' title='bbox 459 3140 710 3201; x_wconf 88' lang='lat' dir='ltr'><strong>appetere</strong></span> <span class='ocrx_word' id='word_1_239' title='bbox 741 3135 1004 3188; x_wconf 86' lang='lat' dir='ltr'><strong>mortem?</strong></span> <span class='ocrx_word' id='word_1_240' title='bbox 1029 3137 1305 3207; x_wconf 83' lang='lat' dir='ltr'><strong>acquirere</strong></span> <span class='ocrx_word' id='word_1_241' title='bbox 1331 3155 1515 3195; x_wconf 89' lang='lat' dir='ltr'><strong>aurum</strong></span> <span class='ocrx_word' id='word_1_242' title='bbox 1538 3185 1553 3209; x_wconf 88' lang='lat'><strong>,</strong></span> <span class='ocrx_word' id='word_1_243' title='bbox 1582 3153 1635 3198; x_wconf 90' lang='lat' dir='ltr'><strong>et</strong></span> <span class='ocrx_word' id='word_1_244' title='bbox 1674 3144 1899 3214; x_wconf 87' lang='lat' dir='ltr'><strong>perdere</strong></span> <span class='ocrx_word' id='word_1_245' title='bbox 1934 3162 2044 3201; x_wconf 70' lang='lat' dir='ltr'><strong>ca:-</strong></span> 
     </span>
    </p>
   </div>
   <div class='ocr_carea' id='block_1_32' title="bbox 459 3223 2042 3303">
    <p class='ocr_par' dir='ltr' id='par_1_32' title="bbox 459 3223 2042 3303">
     <span class='ocr_line' id='line_1_32' title="bbox 459 3223 2042 3303; baseline 0.012 -26"><span class='ocrx_word' id='word_1_246' title='bbox 459 3223 606 3279; x_wconf 87' lang='lat' dir='ltr'><strong>lum?</strong></span> <span class='ocrx_word' id='word_1_247' title='bbox 632 3224 738 3281; x_wconf 88' lang='lat' dir='ltr'><strong>Sed</strong></span> <span class='ocrx_word' id='word_1_248' title='bbox 781 3227 902 3298; x_wconf 88' lang='lat' dir='ltr'><strong>quia</strong></span> <span class='ocrx_word' id='word_1_249' title='bbox 947 3245 1102 3285; x_wconf 88' lang='lat' dir='ltr'><strong>nemo</strong></span> <span class='ocrx_word' id='word_1_250' title='bbox 1145 3233 1342 3301; x_wconf 77' lang='lat' dir='ltr'><strong>cogitat</strong></span> <span class='ocrx_word' id='word_1_251' title='bbox 1387 3234 1582 3303; x_wconf 91' lang='lat' dir='ltr'><strong>Deum,</strong></span> <span class='ocrx_word' id='word_1_252' title='bbox 1620 3227 1742 3294; x_wconf 88' lang='lat' dir='ltr'><strong>ideo</strong></span> <span class='ocrx_word' id='word_1_253' title='bbox 1780 3251 1960 3295; x_wconf 91' lang='lat' dir='ltr'><strong>manet</strong></span> <span class='ocrx_word' id='word_1_254' title='bbox 1990 3242 2042 3296; x_wconf 91' lang='lat' dir='ltr'><strong>in</strong></span> 
     </span>
    </p>
   </div>
   <div class='ocr_carea' id='block_1_33' title="bbox 460 3319 948 3387">
    <p class='ocr_par' dir='ltr' id='par_1_33' title="bbox 460 3319 948 3387">
     <span class='ocr_line' id='line_1_33' title="bbox 460 3319 948 3387; baseline 0.012 -19"><span class='ocrx_word' id='word_1_255' title='bbox 460 3326 637 3372; x_wconf 87' lang='lat' dir='ltr'><strong>morte</strong></span> <span class='ocrx_word' id='word_1_256' title='bbox 667 3319 948 3387; x_wconf 87' lang='lat' dir='ltr'><strong>judicium.</strong></span> 
     </span>
    </p>
   </div>
   <div class='ocr_carea' id='block_1_34' title="bbox 531 3408 2041 3481">
    <p class='ocr_par' dir='ltr' id='par_1_34' title="bbox 531 3408 2041 3481">
     <span class='ocr_line' id='line_1_34' title="bbox 531 3408 2041 3481; baseline 0.014 -21"><span class='ocrx_word' id='word_1_257' title='bbox 531 3408 755 3464; x_wconf 83' lang='lat' dir='ltr'>CAPUT</span> <span class='ocrx_word' id='word_1_258' title='bbox 783 3410 844 3465; x_wconf 93' lang='grc'><strong>11.</strong></span> <span class='ocrx_word' id='word_1_259' title='bbox 866 3443 937 3452; x_wconf 91' lang='grc'><strong>-</strong></span> <span class='ocrx_word' id='word_1_260' title='bbox 959 3411 1013 3465; x_wconf 73' lang='grc'><strong>2.</strong></span> <span class='ocrx_word' id='word_1_261' title='bbox 1037 3411 1188 3470; x_wconf 81' lang='lat' dir='ltr'><strong>Dives</strong></span> <span class='ocrx_word' id='word_1_262' title='bbox 1209 3433 1298 3469; x_wconf 86' lang='lat' dir='ltr'><strong>cur</strong></span> <span class='ocrx_word' id='word_1_263' title='bbox 1320 3417 1604 3474; x_wconf 80' lang='lat' dir='ltr'><strong>damnatus.</strong></span> <span class='ocrx_word' id='word_1_264' title='bbox 1636 3421 1820 3478; x_wconf 82' lang='lat' dir='ltr'><strong>Merito</strong></span> <span class='ocrx_word' id='word_1_265' title='bbox 1845 3424 2041 3481; x_wconf 91' lang='lat' dir='ltr'><strong>dictum</strong></span> 
     </span>
    </p>
   </div>
   <div class='ocr_carea' id='block_1_35' title="bbox 460 3497 2043 3576">
    <p class='ocr_par' dir='ltr' id='par_1_35' title="bbox 460 3497 2043 3576">
     <span class='ocr_line' id='line_1_35' title="bbox 460 3497 2043 3576; baseline 0.013 -26"><span class='ocrx_word' id='word_1_266' title='bbox 460 3505 543 3551; x_wconf 87' lang='lat' dir='ltr'><strong>est</strong></span> <span class='ocrx_word' id='word_1_267' title='bbox 585 3497 762 3566; x_wconf 80' lang='lat' dir='ltr'><strong>diviti,</strong></span> <span class='ocrx_word' id='word_1_268' title='bbox 812 3500 945 3566; x_wconf 85' lang='lat' dir='ltr'><strong>Quia</strong></span> <span class='ocrx_word' id='word_1_269' title='bbox 971 3506 1198 3574; x_wconf 82' lang='lat' dir='ltr'><strong>recepisti</strong></span> <span class='ocrx_word' id='word_1_270' title='bbox 1224 3506 1353 3561; x_wconf 89' lang='lat' dir='ltr'><strong>bona</strong></span> <span class='ocrx_word' id='word_1_271' title='bbox 1382 3511 1432 3564; x_wconf 90' lang='lat' dir='ltr'><strong>in</strong></span> <span class='ocrx_word' id='word_1_272' title='bbox 1463 3512 1560 3564; x_wconf 87' lang='lat' dir='ltr'><strong>vita</strong></span> <span class='ocrx_word' id='word_1_273' title='bbox 1589 3522 1675 3566; x_wconf 85' lang='lat' dir='ltr'><strong>tua</strong></span> <span class='ocrx_word' id='word_1_274' title='bbox 1694 3555 1708 3576; x_wconf 95' lang='lat'><strong>,</strong></span> <span class='ocrx_word' id='word_1_275' title='bbox 1740 3526 1786 3568; x_wconf 89' lang='lat' dir='ltr'><strong>et</strong></span> <span class='ocrx_word' id='word_1_276' title='bbox 1815 3515 2043 3571; x_wconf 75' lang='lat' dir='ltr'><strong>Lazarus</strong></span> 
     </span>
    </p>
   </div>
   <div class='ocr_carea' id='block_1_36' title="bbox 460 3589 2052 3673">
    <p class='ocr_par' dir='ltr' id='par_1_36' title="bbox 460 3589 2052 3673">
     <span class='ocr_line' id='line_1_36' title="bbox 460 3589 2052 3673; baseline 0.015 -33"><span class='ocrx_word' id='word_1_277' title='bbox 460 3589 690 3642; x_wconf 75' lang='lat' dir='ltr'><strong>similitrr</strong></span> <span class='ocrx_word' id='word_1_278' title='bbox 739 3591 912 3656; x_wconf 86' lang='lat' dir='ltr'><strong>mala;</strong></span> <span class='ocrx_word' id='word_1_279' title='bbox 959 3610 1092 3647; x_wconf 80' lang='lat' dir='ltr'><strong>nunc</strong></span> <span class='ocrx_word' id='word_1_280' title='bbox 1134 3606 1299 3651; x_wconf 86' lang='lat' dir='ltr'><strong>autem</strong></span> <span class='ocrx_word' id='word_1_281' title='bbox 1345 3601 1425 3654; x_wconf 87' lang='lat' dir='ltr'><strong>hic</strong></span> <span class='ocrx_word' id='word_1_282' title='bbox 1473 3605 1792 3673; x_wconf 74' lang='lat' dir='ltr'><strong>consolatur,</strong></span> <span class='ocrx_word' id='word_1_283' title='bbox 1839 3617 1891 3661; x_wconf 89' lang='lat' dir='ltr'><strong>tu</strong></span> <span class='ocrx_word' id='word_1_284' title='bbox 1930 3591 2052 3664; x_wconf 34' lang='lat' dir='ltr'><strong>vero.</strong></span> 
     </span>
    </p>
   </div>
   <div class='ocr_carea' id='block_1_37' title="bbox 461 3677 2042 3760">
    <p class='ocr_par' dir='ltr' id='par_1_37' title="bbox 461 3677 2042 3760">
     <span class='ocr_line' id='line_1_37' title="bbox 461 3677 2042 3760; baseline 0.016 -31"><span class='ocrx_word' id='word_1_285' title='bbox 461 3678 724 3734; x_wconf 83' lang='lat' dir='ltr'><strong>cruciaris.</strong></span> <span class='ocrx_word' id='word_1_286' title='bbox 759 3681 989 3737; x_wconf 84' lang='lat' dir='ltr'><strong>Audiam</strong></span> <span class='ocrx_word' id='word_1_287' title='bbox 1016 3684 1110 3737; x_wconf 84' lang='lat' dir='ltr'><strong>ista</strong></span> <span class='ocrx_word' id='word_1_288' title='bbox 1125 3677 1340 3754; x_wconf 78' lang='lat' dir='ltr'><strong>divites,</strong></span> <span class='ocrx_word' id='word_1_289' title='bbox 1366 3692 1453 3760; x_wconf 89' lang='lat' dir='ltr'><strong>qui</strong></span> <span class='ocrx_word' id='word_1_290' title='bbox 1481 3694 1668 3749; x_wconf 91' lang='lat' dir='ltr'><strong>nolunt</strong></span> <span class='ocrx_word' id='word_1_291' title='bbox 1689 3713 1809 3752; x_wconf 88' lang='lat' dir='ltr'><strong>esse</strong></span> <span class='ocrx_word' id='word_1_292' title='bbox 1835 3699 2042 3754; x_wconf 82' lang='lat' dir='ltr'><strong>miscri-</strong></span> 
     </span>
    </p>
   </div>
   <div class='ocr_carea' id='block_1_38' title="bbox 460 3768 2044 3856">
    <p class='ocr_par' dir='ltr' id='par_1_38' title="bbox 460 3768 2044 3856">
     <span class='ocr_line' id='line_1_38' title="bbox 460 3768 2044 3856; baseline 0.017 -34"><span class='ocrx_word' id='word_1_293' title='bbox 460 3768 670 3825; x_wconf 86' lang='lat' dir='ltr'><strong>cordes.</strong></span> <span class='ocrx_word' id='word_1_294' title='bbox 702 3771 934 3827; x_wconf 86' lang='lat' dir='ltr'><strong>Audiant</strong></span> <span class='ocrx_word' id='word_1_295' title='bbox 959 3773 1180 3845; x_wconf 77' lang='lat' dir='ltr'><strong>irrogari</strong></span> <span class='ocrx_word' id='word_1_296' title='bbox 1212 3781 1464 3849; x_wconf 89' lang='lat' dir='ltr'><strong>supplicia</strong></span> <span class='ocrx_word' id='word_1_297' title='bbox 1493 3786 1570 3838; x_wconf 92' lang='lat' dir='ltr'><strong>eis</strong></span> <span class='ocrx_word' id='word_1_298' title='bbox 1594 3787 1682 3856; x_wconf 88' lang='lat' dir='ltr'><strong>qui</strong></span> <span class='ocrx_word' id='word_1_299' title='bbox 1713 3790 1899 3845; x_wconf 89' lang='lat' dir='ltr'><strong>nolunt</strong></span> <span class='ocrx_word' id='word_1_300' title='bbox 1922 3807 2044 3848; x_wconf 87' lang='lat' dir='ltr'><strong>ero-</strong></span> 
     </span>
    </p>
   </div>
   <div class='ocr_carea' id='block_1_39' title="bbox 461 3862 2042 3947">
    <p class='ocr_par' dir='ltr' id='par_1_39' title="bbox 461 3862 2042 3947">
     <span class='ocr_line' id='line_1_39' title="bbox 461 3862 2042 3947; baseline 0.015 -34"><span class='ocrx_word' id='word_1_301' title='bbox 461 3875 586 3929; x_wconf 81' lang='lat' dir='ltr'><strong>gare</strong></span> <span class='ocrx_word' id='word_1_302' title='bbox 614 3862 868 3918; x_wconf 83' lang='lat' dir='ltr'><strong>subsidia.</strong></span> <span class='ocrx_word' id='word_1_303' title='bbox 901 3866 1131 3922; x_wconf 82' lang='lat' dir='ltr'><strong>Audiant</strong></span> <span class='ocrx_word' id='word_1_304' title='bbox 1157 3885 1440 3938; x_wconf 86' lang='lat' dir='ltr'><strong>pauperem</strong></span> <span class='ocrx_word' id='word_1_305' title='bbox 1473 3875 1904 3947; x_wconf 80' lang='lat' dir='ltr'><strong>relrigerantem,</strong></span> <span class='ocrx_word' id='word_1_306' title='bbox 1945 3899 2042 3937; x_wconf 88' lang='lat' dir='ltr'><strong>au-</strong></span> 
     </span>
    </p>
   </div>
   <div class='ocr_carea' id='block_1_40' title="bbox 460 3951 2045 4030">
    <p class='ocr_par' dir='ltr' id='par_1_40' title="bbox 460 3951 2045 4030">
     <span class='ocr_line' id='line_1_40' title="bbox 460 3951 2045 4030; baseline 0.013 -24"><span class='ocrx_word' id='word_1_307' title='bbox 460 3951 608 4008; x_wconf 89' lang='lat' dir='ltr'><strong>diant</strong></span> <span class='ocrx_word' id='word_1_308' title='bbox 654 3955 869 4012; x_wconf 84' lang='lat' dir='ltr'><strong>divitem</strong></span> <span class='ocrx_word' id='word_1_309' title='bbox 919 3959 1091 4028; x_wconf 71' lang='lat' dir='ltr'><strong>pannis</strong></span> <span class='ocrx_word' id='word_1_310' title='bbox 1134 3963 1463 4030; x_wconf 81' lang='lat' dir='ltr'><strong>gravioribus</strong></span> <span class='ocrx_word' id='word_1_311' title='bbox 1509 3978 1842 4026; x_wconf 80' lang='lat' dir='ltr'><strong>:estuantem.</strong></span> <span class='ocrx_word' id='word_1_312' title='bbox 1886 3971 2045 4027; x_wconf 86' lang='lat' dir='ltr'><strong>Pater</strong></span> 
     </span>
    </p>
   </div>
   <div class='ocr_carea' id='block_1_41' title="bbox 461 4045 2042 4133">
    <p class='ocr_par' dir='ltr' id='par_1_41' title="bbox 461 4045 2042 4133">
     <span class='ocr_line' id='line_1_41' title="bbox 461 4045 2042 4133; baseline 0.014 -35"><span class='ocrx_word' id='word_1_313' title='bbox 461 4045 737 4115; x_wconf 80' lang='lat' dir='ltr'><strong>Abraham,</strong></span> <span class='ocrx_word' id='word_1_314' title='bbox 767 4049 954 4121; x_wconf 86' lang='lat' dir='ltr'><strong>inquit,</strong></span> <span class='ocrx_word' id='word_1_315' title='bbox 989 4052 1126 4107; x_wconf 86' lang='lat' dir='ltr'><strong>mitte</strong></span> <span class='ocrx_word' id='word_1_316' title='bbox 1153 4053 1424 4124; x_wconf 80' lang='lat' dir='ltr'><strong>Lazarum,</strong></span> <span class='ocrx_word' id='word_1_317' title='bbox 1452 4072 1503 4112; x_wconf 88' lang='lat' dir='ltr'><strong>ut</strong></span> <span class='ocrx_word' id='word_1_318' title='bbox 1529 4060 1742 4133; x_wconf 82' lang='lat' dir='ltr'><strong>intingat</strong></span> <span class='ocrx_word' id='word_1_319' title='bbox 1768 4074 2042 4120; x_wconf 71' lang='lat' dir='ltr'><strong>extremum</strong></span> 
     </span>
    </p>
   </div>
   <div class='ocr_carea' id='block_1_42' title="bbox 461 4138 2045 4225">
    <p class='ocr_par' dir='ltr' id='par_1_42' title="bbox 461 4138 2045 4225">
     <span class='ocr_line' id='line_1_42' title="bbox 461 4138 2045 4225; baseline 0.012 -35"><span class='ocrx_word' id='word_1_320' title='bbox 461 4138 607 4209; x_wconf 85' lang='lat' dir='ltr'><strong>digiti</strong></span> <span class='ocrx_word' id='word_1_321' title='bbox 629 4141 710 4194; x_wconf 88' lang='lat' dir='ltr'><strong>sui</strong></span> <span class='ocrx_word' id='word_1_322' title='bbox 737 4142 790 4194; x_wconf 87' lang='lat' dir='ltr'><strong>in</strong></span> <span class='ocrx_word' id='word_1_323' title='bbox 821 4158 1005 4211; x_wconf 85' lang='lat' dir='ltr'><strong>aquam</strong></span> <span class='ocrx_word' id='word_1_324' title='bbox 1025 4185 1039 4206; x_wconf 95' lang='lat'><strong>,</strong></span> <span class='ocrx_word' id='word_1_325' title='bbox 1070 4154 1116 4198; x_wconf 88' lang='lat' dir='ltr'><strong>et</strong></span> <span class='ocrx_word' id='word_1_326' title='bbox 1151 4148 1407 4218; x_wconf 81' lang='lat' dir='ltr'><strong>refrigeret</strong></span> <span class='ocrx_word' id='word_1_327' title='bbox 1445 4151 1668 4222; x_wconf 86' lang='lat' dir='ltr'><strong>linguam</strong></span> <span class='ocrx_word' id='word_1_328' title='bbox 1697 4170 1895 4220; x_wconf 83' lang='lat' dir='ltr'><strong>meam;</strong></span> <span class='ocrx_word' id='word_1_329' title='bbox 1923 4158 2045 4225; x_wconf 88' lang='lat' dir='ltr'><strong>quia</strong></span> 
     </span>
    </p>
   </div>
   <div class='ocr_carea' id='block_1_43' title="bbox 460 4230 2038 4314">
    <p class='ocr_par' dir='ltr' id='par_1_43' title="bbox 460 4230 2038 4314">
     <span class='ocr_line' id='line_1_43' title="bbox 460 4230 2038 4314; baseline 0.013 -33"><span class='ocrx_word' id='word_1_330' title='bbox 460 4230 656 4283; x_wconf 85' lang='lat' dir='ltr'><strong>crucior</strong></span> <span class='ocrx_word' id='word_1_331' title='bbox 682 4231 734 4283; x_wconf 85' lang='lat' dir='ltr'><strong>in</strong></span> <span class='ocrx_word' id='word_1_332' title='bbox 765 4232 860 4284; x_wconf 88' lang='lat' dir='ltr'><strong>hac</strong></span> <span class='ocrx_word' id='word_1_333' title='bbox 883 4234 1111 4302; x_wconf 82' lang='lat' dir='ltr'><strong>ﬂamma.</strong></span> <span class='ocrx_word' id='word_1_334' title='bbox 1143 4240 1210 4288; x_wconf 84' lang='lat' dir='ltr'><strong>At</strong></span> <span class='ocrx_word' id='word_1_335' title='bbox 1238 4237 1326 4291; x_wconf 90' lang='lat' dir='ltr'><strong>ille</strong></span> <span class='ocrx_word' id='word_1_336' title='bbox 1355 4258 1368 4292; x_wconf 90' lang='lat'><strong>:</strong></span> <span class='ocrx_word' id='word_1_337' title='bbox 1398 4239 1648 4296; x_wconf 83' lang='lat' dir='ltr'><strong>Memento</strong></span> <span class='ocrx_word' id='word_1_338' title='bbox 1668 4284 1682 4308; x_wconf 92' lang='lat'><strong>,</strong></span> <span class='ocrx_word' id='word_1_339' title='bbox 1712 4243 1911 4314; x_wconf 86' lang='lat' dir='ltr'><strong>inquit,</strong></span> <span class='ocrx_word' id='word_1_340' title='bbox 1942 4247 2038 4314; x_wconf 84' lang='lat' dir='ltr'><strong>ﬁli,</strong></span> 
     </span>
    </p>
   </div>
   <div class='ocr_carea' id='block_1_44' title="bbox 459 4321 2040 4392">
    <p class='ocr_par' dir='ltr' id='par_1_44' title="bbox 459 4321 2040 4392">
     <span class='ocr_line' id='line_1_44' title="bbox 459 4321 2040 4392; baseline 0.013 -21"><span class='ocrx_word' id='word_1_341' title='bbox 459 4321 577 4386; x_wconf 84' lang='lat' dir='ltr'><strong>quia</strong></span> <span class='ocrx_word' id='word_1_342' title='bbox 601 4323 829 4391; x_wconf 84' lang='lat' dir='ltr'><strong>recepisti</strong></span> <span class='ocrx_word' id='word_1_343' title='bbox 849 4324 976 4382; x_wconf 78' lang='lat' dir='ltr'><strong>bona</strong></span> <span class='ocrx_word' id='word_1_344' title='bbox 997 4325 1047 4377; x_wconf 86' lang='lat' dir='ltr'><strong>in</strong></span> <span class='ocrx_word' id='word_1_345' title='bbox 1073 4326 1173 4378; x_wconf 84' lang='lat' dir='ltr'><strong>vita</strong></span> <span class='ocrx_word' id='word_1_346' title='bbox 1194 4335 1298 4392; x_wconf 88' lang='lat' dir='ltr'><strong>tua,</strong></span> <span class='ocrx_word' id='word_1_347' title='bbox 1321 4338 1368 4382; x_wconf 89' lang='lat' dir='ltr'><strong>et</strong></span> <span class='ocrx_word' id='word_1_348' title='bbox 1393 4329 1617 4387; x_wconf 78' lang='lat' dir='ltr'><strong>Lazarus</strong></span> <span class='ocrx_word' id='word_1_349' title='bbox 1637 4334 1864 4390; x_wconf 88' lang='lat' dir='ltr'><strong>similiter</strong></span> <span class='ocrx_word' id='word_1_350' title='bbox 1886 4337 2040 4390; x_wconf 88' lang='lat' dir='ltr'><strong>mala.</strong></span> 
     </span>
    </p>
   </div>
   <div class='ocr_carea' id='block_1_45' title="bbox 461 4410 2043 4498">
    <p class='ocr_par' dir='ltr' id='par_1_45' title="bbox 461 4410 2043 4498">
     <span class='ocr_line' id='line_1_45' title="bbox 461 4410 2043 4498; baseline 0.013 -33"><span class='ocrx_word' id='word_1_351' title='bbox 461 4410 758 4466; x_wconf 85' lang='lat' dir='ltr'><strong>Pensantur</strong></span> <span class='ocrx_word' id='word_1_352' title='bbox 796 4429 891 4482; x_wconf 91' lang='lat' dir='ltr'><strong>pro</strong></span> <span class='ocrx_word' id='word_1_353' title='bbox 928 4414 1130 4470; x_wconf 84' lang='lat' dir='ltr'><strong>divitiis</strong></span> <span class='ocrx_word' id='word_1_354' title='bbox 1169 4432 1371 4486; x_wconf 56' lang='lat' dir='ltr'><strong>prmia},</strong></span> <span class='ocrx_word' id='word_1_355' title='bbox 1405 4422 1733 4494; x_wconf 83' lang='lat' dir='ltr'><strong>refrigerium</strong></span> <span class='ocrx_word' id='word_1_356' title='bbox 1775 4443 1870 4498; x_wconf 91' lang='lat' dir='ltr'><strong>pro</strong></span> <span class='ocrx_word' id='word_1_357' title='bbox 1911 4445 2043 4498; x_wconf 84' lang='lat' dir='ltr'><strong>pau-</strong></span> 
     </span>
    </p>
   </div>
   <div class='ocr_carea' id='block_1_46' title="bbox 462 4509 2045 4591">
    <p class='ocr_par' dir='ltr' id='par_1_46' title="bbox 462 4509 2045 4591">
     <span class='ocr_line' id='line_1_46' title="bbox 462 4509 2045 4591; baseline 0.015 -35"><span class='ocrx_word' id='word_1_358' title='bbox 462 4513 684 4572; x_wconf 72' lang='lat' dir='ltr'><strong>portate,</strong></span> <span class='ocrx_word' id='word_1_359' title='bbox 715 4521 811 4575; x_wconf 91' lang='lat' dir='ltr'><strong>pro</strong></span> <span class='ocrx_word' id='word_1_360' title='bbox 838 4524 1066 4579; x_wconf 83' lang='lat' dir='ltr'><strong>purpura</strong></span> <span class='ocrx_word' id='word_1_361' title='bbox 1089 4509 1318 4578; x_wconf 84' lang='lat' dir='ltr'><strong>ﬂamma,</strong></span> <span class='ocrx_word' id='word_1_362' title='bbox 1346 4516 1562 4572; x_wconf 73' lang='lat' dir='ltr'><strong>refectio</strong></span> <span class='ocrx_word' id='word_1_363' title='bbox 1589 4536 1684 4590; x_wconf 91' lang='lat' dir='ltr'><strong>pro</strong></span> <span class='ocrx_word' id='word_1_364' title='bbox 1707 4523 1962 4591; x_wconf 89' lang='lat' dir='ltr'><strong>nuditate,</strong></span> <span class='ocrx_word' id='word_1_365' title='bbox 1989 4536 2045 4580; x_wconf 86' lang='lat' dir='ltr'><strong>ut</strong></span> 
     </span>
    </p>
   </div>
   <div class='ocr_carea' id='block_1_47' title="bbox 459 4598 2043 4674">
    <p class='ocr_par' dir='ltr' id='par_1_47' title="bbox 459 4598 2043 4674">
     <span class='ocr_line' id='line_1_47' title="bbox 459 4598 2043 4674; baseline 0.014 -23"><span class='ocrx_word' id='word_1_366' title='bbox 459 4598 604 4652; x_wconf 85' lang='lat' dir='ltr'><strong>salva</strong></span> <span class='ocrx_word' id='word_1_367' title='bbox 650 4601 719 4654; x_wconf 88' lang='lat' dir='ltr'><strong>sit</strong></span> <span class='ocrx_word' id='word_1_368' title='bbox 756 4602 978 4672; x_wconf 77' lang='lat' dir='ltr'><strong>mquitas</strong></span> <span class='ocrx_word' id='word_1_369' title='bbox 1019 4614 1260 4674; x_wconf 70' lang='lat' dir='ltr'><strong>staterae,</strong></span> <span class='ocrx_word' id='word_1_370' title='bbox 1293 4618 1344 4663; x_wconf 92' lang='lat' dir='ltr'><strong>et</strong></span> <span class='ocrx_word' id='word_1_371' title='bbox 1387 4626 1492 4666; x_wconf 91' lang='lat' dir='ltr'><strong>non</strong></span> <span class='ocrx_word' id='word_1_372' title='bbox 1535 4617 1821 4671; x_wconf 83' lang='lat' dir='ltr'><strong>mentiatur</strong></span> <span class='ocrx_word' id='word_1_373' title='bbox 1855 4619 2043 4673; x_wconf 89' lang='lat' dir='ltr'><strong>modus</strong></span> 
     </span>
    </p>
   </div>
   <div class='ocr_carea' id='block_1_48' title="bbox 459 4689 2045 4775">
    <p class='ocr_par' dir='ltr' id='par_1_48' title="bbox 459 4689 2045 4775">
     <span class='ocr_line' id='line_1_48' title="bbox 459 4689 2045 4775; baseline 0.014 -33"><span class='ocrx_word' id='word_1_374' title='bbox 459 4689 599 4744; x_wconf 89' lang='lat' dir='ltr'><strong>illius</strong></span> <span class='ocrx_word' id='word_1_375' title='bbox 639 4706 901 4748; x_wconf 77' lang='lat' dir='ltr'><strong>mensura:</strong></span> <span class='ocrx_word' id='word_1_376' title='bbox 932 4713 945 4748; x_wconf 91' lang='lat'><strong>:</strong></span> <span class='ocrx_word' id='word_1_377' title='bbox 977 4694 1044 4749; x_wconf 86' lang='lat' dir='ltr'><strong>In</strong></span> <span class='ocrx_word' id='word_1_378' title='bbox 1082 4714 1212 4767; x_wconf 87' lang='lat' dir='ltr'><strong>qua,</strong></span> <span class='ocrx_word' id='word_1_379' title='bbox 1256 4699 1452 4770; x_wconf 91' lang='lat' dir='ltr'><strong>inquit,</strong></span> <span class='ocrx_word' id='word_1_380' title='bbox 1494 4707 1651 4758; x_wconf 85' lang='lat' dir='ltr'><strong>mensi</strong></span> <span class='ocrx_word' id='word_1_381' title='bbox 1679 4707 1875 4775; x_wconf 77' lang='lat' dir='ltr'><strong>fueritis</strong></span> <span class='ocrx_word' id='word_1_382' title='bbox 1906 4727 2045 4764; x_wconf 78' lang='lat' dir='ltr'><strong>men-</strong></span> 
     </span>
    </p>
   </div>
   <div class='ocr_carea' id='block_1_49' title="bbox 459 4784 2044 4872">
    <p class='ocr_par' dir='ltr' id='par_1_49' title="bbox 459 4784 2044 4872">
     <span class='ocr_line' id='line_1_49' title="bbox 459 4784 2044 4872; baseline 0.015 -38"><span class='ocrx_word' id='word_1_383' title='bbox 459 4799 600 4850; x_wconf 82' lang='lat' dir='ltr'><strong>sura,</strong></span> <span class='ocrx_word' id='word_1_384' title='bbox 632 4784 703 4837; x_wconf 85' lang='lat' dir='ltr'><strong>ita</strong></span> <span class='ocrx_word' id='word_1_385' title='bbox 731 4787 1012 4842; x_wconf 87' lang='lat' dir='ltr'><strong>remetietur</strong></span> <span class='ocrx_word' id='word_1_386' title='bbox 1042 4789 1176 4846; x_wconf 84' lang='lat' dir='ltr'><strong>vobis</strong></span> <span class='ocrx_word' id='word_1_387' title='bbox 1203 4790 1411 4865; x_wconf 81' lang='lat' dir='ltr'><strong>(Matth.</strong></span> <span class='ocrx_word' id='word_1_388' title='bbox 1437 4813 1527 4860; x_wconf 91' lang='lat' dir='ltr'><strong>vn,</strong></span> <span class='ocrx_word' id='word_1_389' title='bbox 1554 4797 1634 4870; x_wconf 75' lang='lat'><strong>2).</strong></span> <span class='ocrx_word' id='word_1_390' title='bbox 1666 4799 1786 4856; x_wconf 84' lang='lat' dir='ltr'><strong>Ideo</strong></span> <span class='ocrx_word' id='word_1_391' title='bbox 1821 4812 2044 4872; x_wconf 81' lang='lat' dir='ltr'><strong>negatur</strong></span> 
     </span>
    </p>
   </div>
   <div class='ocr_carea' id='block_1_50' title="bbox 460 4875 2039 4958">
    <p class='ocr_par' dir='ltr' id='par_1_50' title="bbox 460 4875 2039 4958">
     <span class='ocr_line' id='line_1_50' title="bbox 460 4875 2039 4958; baseline 0.013 -31"><span class='ocrx_word' id='word_1_392' title='bbox 460 4875 513 4927; x_wconf 88' lang='lat' dir='ltr'><strong>in</strong></span> <span class='ocrx_word' id='word_1_393' title='bbox 554 4875 726 4943; x_wconf 74' lang='lat' dir='ltr'><strong>pmnis</strong></span> <span class='ocrx_word' id='word_1_394' title='bbox 763 4877 1124 4935; x_wconf 82' lang='lat' dir='ltr'><strong>misericordia</strong></span> <span class='ocrx_word' id='word_1_395' title='bbox 1156 4882 1303 4937; x_wconf 87' lang='lat' dir='ltr'><strong>diviti</strong></span> <span class='ocrx_word' id='word_1_396' title='bbox 1326 4928 1338 4946; x_wconf 91' lang='lat'><strong>,</strong></span> <span class='ocrx_word' id='word_1_397' title='bbox 1368 4887 1488 4956; x_wconf 90' lang='lat' dir='ltr'><strong>quia</strong></span> <span class='ocrx_word' id='word_1_398' title='bbox 1519 4889 1632 4958; x_wconf 91' lang='lat' dir='ltr'><strong>ipse</strong></span> <span class='ocrx_word' id='word_1_399' title='bbox 1663 4889 1787 4945; x_wconf 93' lang='lat' dir='ltr'><strong>dum</strong></span> <span class='ocrx_word' id='word_1_400' title='bbox 1818 4892 2039 4958; x_wconf 85' lang='lat' dir='ltr'><strong>viveret,</strong></span> 
     </span>
    </p>
   </div>
   <div class='ocr_carea' id='block_1_51' title="bbox 381 4947 2044 5044">
    <p class='ocr_par' dir='ltr' id='par_1_51' title="bbox 381 4947 2044 5044">
     <span class='ocr_line' id='line_1_51' title="bbox 381 4947 2044 5044; baseline 0.014 -27"><span class='ocrx_word' id='word_1_401' title='bbox 381 4947 395 4988; x_wconf 65' lang='grc'><em>⁵</em></span> <span class='ocrx_word' id='word_1_402' title='bbox 459 4965 632 5021; x_wconf 90' lang='lat' dir='ltr'><strong>noluit</strong></span> <span class='ocrx_word' id='word_1_403' title='bbox 671 4967 931 5024; x_wconf 89' lang='lat' dir='ltr'><strong>misereri.</strong></span> <span class='ocrx_word' id='word_1_404' title='bbox 972 4969 1093 5026; x_wconf 86' lang='lat' dir='ltr'><strong>Ideo</strong></span> <span class='ocrx_word' id='word_1_405' title='bbox 1121 4987 1312 5044; x_wconf 88' lang='lat' dir='ltr'><strong>rogans</strong></span> <span class='ocrx_word' id='word_1_406' title='bbox 1339 4977 1487 5033; x_wconf 89' lang='lat' dir='ltr'><strong>dives</strong></span> <span class='ocrx_word' id='word_1_407' title='bbox 1527 4994 1630 5034; x_wconf 92' lang='lat' dir='ltr'><strong>non</strong></span> <span class='ocrx_word' id='word_1_408' title='bbox 1677 4983 1955 5038; x_wconf 81' lang='lat' dir='ltr'><strong>exauditur</strong></span> <span class='ocrx_word' id='word_1_409' title='bbox 1991 4985 2044 5040; x_wconf 89' lang='lat' dir='ltr'><strong>in</strong></span> 
     </span>
    </p>
   </div>
   <div class='ocr_carea' id='block_1_52' title="bbox 459 5060 2046 5138">
    <p class='ocr_par' dir='ltr' id='par_1_52' title="bbox 459 5060 2046 5138">
     <span class='ocr_line' id='line_1_52' title="bbox 459 5060 2046 5138; baseline 0.013 -27"><span class='ocrx_word' id='word_1_410' title='bbox 459 5060 772 5125; x_wconf 90' lang='lat' dir='ltr'><strong>tormentis;</strong></span> <span class='ocrx_word' id='word_1_411' title='bbox 818 5060 938 5131; x_wconf 87' lang='lat' dir='ltr'><strong>quia</strong></span> <span class='ocrx_word' id='word_1_412' title='bbox 985 5075 1257 5134; x_wconf 75' lang='lat' dir='ltr'><strong>rogantem</strong></span> <span class='ocrx_word' id='word_1_413' title='bbox 1298 5082 1585 5138; x_wconf 90' lang='lat' dir='ltr'><strong>pauperem</strong></span> <span class='ocrx_word' id='word_1_414' title='bbox 1630 5086 1736 5127; x_wconf 89' lang='lat' dir='ltr'><strong>non</strong></span> <span class='ocrx_word' id='word_1_415' title='bbox 1776 5075 2046 5132; x_wconf 77' lang='lat' dir='ltr'><strong>exaudivit</strong></span> 
     </span>
    </p>
   </div>
   <div class='ocr_carea' id='block_1_53' title="bbox 456 5151 729 5208">
    <p class='ocr_par' dir='ltr' id='par_1_53' title="bbox 456 5151 729 5208">
     <span class='ocr_line' id='line_1_53' title="bbox 456 5151 729 5208; baseline 0 -3"><span class='ocrx_word' id='word_1_416' title='bbox 456 5151 511 5205; x_wconf 90' lang='lat' dir='ltr'><strong>in</strong></span> <span class='ocrx_word' id='word_1_417' title='bbox 555 5151 729 5208; x_wconf 91' lang='lat' dir='ltr'><strong>terris.</strong></span> 
     </span>
    </p>
   </div>
   <div class='ocr_carea' id='block_1_54' title="bbox 528 5242 2047 5322">
    <p class='ocr_par' dir='ltr' id='par_1_54' title="bbox 528 5242 2047 5322">
     <span class='ocr_line' id='line_1_54' title="bbox 528 5242 2047 5322; baseline 0.013 -25"><span class='ocrx_word' id='word_1_418' title='bbox 528 5242 758 5300; x_wconf 80' lang='lat' dir='ltr'><strong>CAPUT</strong></span> <span class='ocrx_word' id='word_1_419' title='bbox 784 5245 870 5300; x_wconf 84' lang='lat' dir='ltr'><strong>ill.</strong></span> <span class='ocrx_word' id='word_1_420' title='bbox 892 5277 963 5288; x_wconf 87' lang='lat'><strong>-—</strong></span> <span class='ocrx_word' id='word_1_421' title='bbox 983 5249 1034 5304; x_wconf 78' lang='lat'><strong>5.</strong></span> <span class='ocrx_word' id='word_1_422' title='bbox 1065 5249 1143 5303; x_wconf 82' lang='lat' dir='ltr'><strong>Ad</strong></span> <span class='ocrx_word' id='word_1_423' title='bbox 1165 5249 1527 5322; x_wconf 83' lang='lat' dir='ltr'><strong>eleemosynam</strong></span> <span class='ocrx_word' id='word_1_424' title='bbox 1553 5256 1862 5312; x_wconf 74' lang='lat' dir='ltr'><strong>exhortatur.</strong></span> <span class='ocrx_word' id='word_1_425' title='bbox 1890 5261 2047 5317; x_wconf 84' lang='lat' dir='ltr'><strong>Dives</strong></span> 
     </span>
    </p>
   </div>
   <div class='ocr_carea' id='block_1_55' title="bbox 457 5336 2045 5408">
    <p class='ocr_par' dir='ltr' id='par_1_55' title="bbox 457 5336 2045 5408">
     <span class='ocr_line' id='line_1_55' title="bbox 457 5336 2045 5408; baseline 0.012 -20"><span class='ocrx_word' id='word_1_426' title='bbox 457 5343 510 5388; x_wconf 90' lang='lat' dir='ltr'><strong>et</strong></span> <span class='ocrx_word' id='word_1_427' title='bbox 552 5347 750 5406; x_wconf 87' lang='lat' dir='ltr'><strong>pauper</strong></span> <span class='ocrx_word' id='word_1_428' title='bbox 780 5336 886 5392; x_wconf 91' lang='lat' dir='ltr'><strong>duo</strong></span> <span class='ocrx_word' id='word_1_429' title='bbox 923 5339 1021 5393; x_wconf 89' lang='lat' dir='ltr'><strong>sibi</strong></span> <span class='ocrx_word' id='word_1_430' title='bbox 1069 5350 1192 5396; x_wconf 91' lang='lat' dir='ltr'><strong>sunt</strong></span> <span class='ocrx_word' id='word_1_431' title='bbox 1233 5345 1496 5397; x_wconf 87' lang='lat' dir='ltr'><strong>contraria</strong></span> <span class='ocrx_word' id='word_1_432' title='bbox 1528 5362 1539 5396; x_wconf 90' lang='lat'>:</span> <span class='ocrx_word' id='word_1_433' title='bbox 1573 5347 1668 5400; x_wconf 88' lang='lat' dir='ltr'><strong>sed</strong></span> <span class='ocrx_word' id='word_1_434' title='bbox 1714 5349 1901 5405; x_wconf 88' lang='lat' dir='ltr'><strong>iterum</strong></span> <span class='ocrx_word' id='word_1_435' title='bbox 1939 5352 2045 5408; x_wconf 91' lang='lat' dir='ltr'><strong>duo</strong></span> 
     </span>
    </p>
   </div>
   <div class='ocr_carea' id='block_1_56' title="bbox 456 5427 2039 5505">
    <p class='ocr_par' dir='ltr' id='par_1_56' title="bbox 456 5427 2039 5505">
     <span class='ocr_line' id='line_1_56' title="bbox 456 5427 2039 5505; baseline 0.013 -26"><span class='ocrx_word' id='word_1_436' title='bbox 456 5427 556 5481; x_wconf 85' lang='lat' dir='ltr'><strong>sibi</strong></span> <span class='ocrx_word' id='word_1_437' title='bbox 586 5438 710 5482; x_wconf 88' lang='lat' dir='ltr'><strong>sunt</strong></span> <span class='ocrx_word' id='word_1_438' title='bbox 740 5431 1059 5485; x_wconf 81' lang='lat' dir='ltr'><strong>neceSSaria.</strong></span> <span class='ocrx_word' id='word_1_439' title='bbox 1091 5433 1280 5487; x_wconf 88' lang='lat' dir='ltr'><strong>Nullus</strong></span> <span class='ocrx_word' id='word_1_440' title='bbox 1310 5435 1602 5505; x_wconf 80' lang='lat' dir='ltr'><strong>indigeret,</strong></span> <span class='ocrx_word' id='word_1_441' title='bbox 1634 5440 1676 5494; x_wconf 92' lang='lat' dir='ltr'><strong>si</strong></span> <span class='ocrx_word' id='word_1_442' title='bbox 1717 5455 1773 5494; x_wconf 90' lang='lat' dir='ltr'><strong>se</strong></span> <span class='ocrx_word' id='word_1_443' title='bbox 1815 5443 2039 5500; x_wconf 84' lang='lat' dir='ltr'><strong>invicem</strong></span> 
     </span>
    </p>
   </div>
   <div class='ocr_carea' id='block_1_57' title="bbox 457 5524 2042 5604">
    <p class='ocr_par' dir='ltr' id='par_1_57' title="bbox 457 5524 2042 5604">
     <span class='ocr_line' id='line_1_57' title="bbox 457 5524 2042 5604; baseline 0.013 -34"><span class='ocrx_word' id='word_1_444' title='bbox 457 5529 867 5588; x_wconf 86' lang='lat' dir='ltr'><strong>supportarent;</strong></span> <span class='ocrx_word' id='word_1_445' title='bbox 899 5530 953 5576; x_wconf 89' lang='lat' dir='ltr'><strong>et</strong></span> <span class='ocrx_word' id='word_1_446' title='bbox 987 5538 1145 5578; x_wconf 80' lang='lat' dir='ltr'><strong>neum</strong></span> <span class='ocrx_word' id='word_1_447' title='bbox 1185 5524 1482 5594; x_wconf 88' lang='lat' dir='ltr'><strong>laboraret,</strong></span> <span class='ocrx_word' id='word_1_448' title='bbox 1515 5528 1559 5584; x_wconf 92' lang='lat' dir='ltr'><strong>si</strong></span> <span class='ocrx_word' id='word_1_449' title='bbox 1599 5545 1656 5584; x_wconf 85' lang='lat' dir='ltr'><strong>se</strong></span> <span class='ocrx_word' id='word_1_450' title='bbox 1693 5533 1851 5586; x_wconf 90' lang='lat' dir='ltr'><strong>ambo</strong></span> <span class='ocrx_word' id='word_1_451' title='bbox 1886 5536 2042 5604; x_wconf 83' lang='lat' dir='ltr'><strong>juva-</strong></span> 
     </span>
    </p>
   </div>
   <div class='ocr_carea' id='block_1_58' title="bbox 458 5611 2042 5697">
    <p class='ocr_par' dir='ltr' id='par_1_58' title="bbox 458 5611 2042 5697">
     <span class='ocr_line' id='line_1_58' title="bbox 458 5611 2042 5697; baseline 0.016 -38"><span class='ocrx_word' id='word_1_452' title='bbox 458 5620 597 5663; x_wconf 89' lang='lat' dir='ltr'><strong>rent.</strong></span> <span class='ocrx_word' id='word_1_453' title='bbox 632 5611 786 5666; x_wconf 86' lang='lat' dir='ltr'><strong>Dives</strong></span> <span class='ocrx_word' id='word_1_454' title='bbox 828 5624 1044 5683; x_wconf 89' lang='lat' dir='ltr'><strong>propter</strong></span> <span class='ocrx_word' id='word_1_455' title='bbox 1083 5631 1368 5687; x_wconf 89' lang='lat' dir='ltr'><strong>pauperem</strong></span> <span class='ocrx_word' id='word_1_456' title='bbox 1402 5619 1569 5676; x_wconf 89' lang='lat' dir='ltr'><strong>factus</strong></span> <span class='ocrx_word' id='word_1_457' title='bbox 1607 5633 1725 5689; x_wconf 86' lang='lat' dir='ltr'><strong>est,</strong></span> <span class='ocrx_word' id='word_1_458' title='bbox 1759 5635 1812 5680; x_wconf 90' lang='lat' dir='ltr'><strong>et</strong></span> <span class='ocrx_word' id='word_1_459' title='bbox 1843 5643 2042 5697; x_wconf 90' lang='lat' dir='ltr'><strong>pauper</strong></span> 
     </span>
    </p>
   </div>
   <div class='ocr_carea' id='block_1_59' title="bbox 457 5703 2042 5784">
    <p class='ocr_par' dir='ltr' id='par_1_59' title="bbox 457 5703 2042 5784">
     <span class='ocr_line' id='line_1_59' title="bbox 457 5703 2042 5784; baseline 0.016 -34"><span class='ocrx_word' id='word_1_460' title='bbox 457 5709 675 5767; x_wconf 83' lang='lat' dir='ltr'><strong>prepter</strong></span> <span class='ocrx_word' id='word_1_461' title='bbox 701 5703 915 5760; x_wconf 89' lang='lat' dir='ltr'><strong>divitem</strong></span> <span class='ocrx_word' id='word_1_462' title='bbox 948 5708 1114 5763; x_wconf 83' lang='lat' dir='ltr'><strong>lactus</strong></span> <span class='ocrx_word' id='word_1_463' title='bbox 1143 5720 1242 5764; x_wconf 83' lang='lat' dir='ltr'><strong>est.</strong></span> <span class='ocrx_word' id='word_1_464' title='bbox 1274 5711 1525 5782; x_wconf 84' lang='lat' dir='ltr'><strong>Pauperis</strong></span> <span class='ocrx_word' id='word_1_465' title='bbox 1554 5725 1635 5770; x_wconf 86' lang='lat' dir='ltr'><strong>est</strong></span> <span class='ocrx_word' id='word_1_466' title='bbox 1663 5733 1850 5784; x_wconf 89' lang='lat' dir='ltr'><strong>orare,</strong></span> <span class='ocrx_word' id='word_1_467' title='bbox 1882 5730 1935 5774; x_wconf 89' lang='lat' dir='ltr'><strong>et</strong></span> <span class='ocrx_word' id='word_1_468' title='bbox 1963 5722 2042 5776; x_wconf 86' lang='lat' dir='ltr'><strong>di-</strong></span> 
     </span>
    </p>
   </div>
   <div class='ocr_carea' id='block_1_60' title="bbox 455 5789 2040 5880">
    <p class='ocr_par' dir='ltr' id='par_1_60' title="bbox 455 5789 2040 5880">
     <span class='ocr_line' id='line_1_60' title="bbox 455 5789 2040 5880; baseline 0.015 -35"><span class='ocrx_word' id='word_1_469' title='bbox 455 5789 575 5846; x_wconf 83' lang='lat' dir='ltr'><strong>vitis</strong></span> <span class='ocrx_word' id='word_1_470' title='bbox 606 5806 859 5863; x_wconf 85' lang='lat' dir='ltr'><strong>erogare;</strong></span> <span class='ocrx_word' id='word_1_471' title='bbox 893 5795 985 5853; x_wconf 87' lang='lat' dir='ltr'><strong>Dei</strong></span> <span class='ocrx_word' id='word_1_472' title='bbox 1016 5808 1096 5854; x_wconf 87' lang='lat' dir='ltr'><strong>est</strong></span> <span class='ocrx_word' id='word_1_473' title='bbox 1128 5817 1221 5870; x_wconf 91' lang='lat' dir='ltr'><strong>pro</strong></span> <span class='ocrx_word' id='word_1_474' title='bbox 1253 5807 1424 5872; x_wconf 82' lang='lat' dir='ltr'><strong>parvis</strong></span> <span class='ocrx_word' id='word_1_475' title='bbox 1455 5823 1640 5880; x_wconf 82' lang='lat' dir='ltr'><strong>magna</strong></span> <span class='ocrx_word' id='word_1_476' title='bbox 1675 5825 1918 5879; x_wconf 86' lang='lat' dir='ltr'><strong>pensare.</strong></span> <span class='ocrx_word' id='word_1_477' title='bbox 1973 5816 2040 5868; x_wconf 61' lang='lat' dir='ltr'><strong>De</strong></span> 
     </span>
    </p>
   </div>
   <div class='ocr_carea' id='block_1_61' title="bbox 1699 355 2730 420">
    <p class='ocr_par' dir='ltr' id='par_1_61' title="bbox 1699 355 2730 420">
     <span class='ocr_line' id='line_1_61' title="bbox 1699 355 2730 420; baseline -0.002 -2"><span class='ocrx_word' id='word_1_478' title='bbox 1699 361 1755 418; x_wconf 88' lang='lat' dir='ltr'><strong>S.</strong></span> <span class='ocrx_word' id='word_1_479' title='bbox 1788 355 2152 416; x_wconf 80' lang='lat' dir='ltr'><strong>AUGUSTINI</strong></span> <span class='ocrx_word' id='word_1_480' title='bbox 2175 360 2496 420; x_wconf 32' lang='lat' dir='ltr'><strong>&#39;EPISCOPI</strong></span> <span class='ocrx_word' id='word_1_481' title='bbox 2693 395 2730 416; x_wconf 82' lang='lat'><strong>.</strong></span> 
     </span>
    </p>
   </div>
   <div class='ocr_carea' id='block_1_62' title="bbox 3605 382 3737 438">
    <p class='ocr_par' dir='ltr' id='par_1_62' title="bbox 3605 382 3737 438">
     <span class='ocr_line' id='line_1_62' title="bbox 3605 382 3737 438; baseline 0.008 -1"><span class='ocrx_word' id='word_1_482' title='bbox 3605 382 3628 437; x_wconf 71' lang='lat' dir='ltr'><strong>i</strong></span> <span class='ocrx_word' id='word_1_483' title='bbox 3637 382 3737 438; x_wconf 70' lang='grc'><strong>652</strong></span> 
     </span>
    </p>
   </div>
   <div class='ocr_carea' id='block_1_63' title="bbox 2149 480 3741 567">
    <p class='ocr_par' dir='ltr' id='par_1_63' title="bbox 2149 480 3741 567">
     <span class='ocr_line' id='line_1_63' title="bbox 2149 480 3741 567; baseline 0.016 -35"><span class='ocrx_word' id='word_1_484' title='bbox 2149 480 2513 538; x_wconf 85' lang='lat' dir='ltr'><strong>misericordia</strong></span> <span class='ocrx_word' id='word_1_485' title='bbox 2557 485 2672 554; x_wconf 87' lang='lat' dir='ltr'><strong>ejus</strong></span> <span class='ocrx_word' id='word_1_486' title='bbox 2714 501 2903 556; x_wconf 88' lang='lat' dir='ltr'><strong>parva,</strong></span> <span class='ocrx_word' id='word_1_487' title='bbox 2936 504 3130 560; x_wconf 87' lang='lat' dir='ltr'><strong>magna</strong></span> <span class='ocrx_word' id='word_1_488' title='bbox 3157 493 3392 550; x_wconf 85' lang='lat' dir='ltr'><strong>nascitur</strong></span> <span class='ocrx_word' id='word_1_489' title='bbox 3419 499 3595 567; x_wconf 88' lang='lat' dir='ltr'><strong>copia.</strong></span> <span class='ocrx_word' id='word_1_490' title='bbox 3634 499 3741 556; x_wconf 80' lang='lat' dir='ltr'><strong>Fe-</strong></span> 
     </span>
    </p>
   </div>
   <div class='ocr_carea' id='block_1_64' title="bbox 2147 573 3738 646">
    <p class='ocr_par' dir='ltr' id='par_1_64' title="bbox 2147 573 3738 646">
     <span class='ocr_line' id='line_1_64' title="bbox 2147 573 3738 646; baseline 0.013 -22"><span class='ocrx_word' id='word_1_491' title='bbox 2147 573 2353 628; x_wconf 89' lang='lat' dir='ltr'><strong>eundus</strong></span> <span class='ocrx_word' id='word_1_492' title='bbox 2377 583 2464 629; x_wconf 89' lang='lat' dir='ltr'><strong>est</strong></span> <span class='ocrx_word' id='word_1_493' title='bbox 2501 590 2628 644; x_wconf 82' lang='lat' dir='ltr'><strong>ager</strong></span> <span class='ocrx_word' id='word_1_494' title='bbox 2659 592 2974 646; x_wconf 87' lang='lat' dir='ltr'><strong>pauperum,</strong></span> <span class='ocrx_word' id='word_1_495' title='bbox 3003 581 3111 636; x_wconf 89' lang='lat' dir='ltr'><strong>cito</strong></span> <span class='ocrx_word' id='word_1_496' title='bbox 3139 583 3314 639; x_wconf 85' lang='lat' dir='ltr'><strong>reddit</strong></span> <span class='ocrx_word' id='word_1_497' title='bbox 3337 585 3738 646; x_wconf 87' lang='lat' dir='ltr'><strong>dominantibus</strong></span> 
     </span>
    </p>
   </div>
   <div class='ocr_carea' id='block_1_65' title="bbox 2146 659 3729 744">
    <p class='ocr_par' dir='ltr' id='par_1_65' title="bbox 2146 659 3729 744">
     <span class='ocr_line' id='line_1_65' title="bbox 2146 659 3729 744; baseline 0.015 -31"><span class='ocrx_word' id='word_1_498' title='bbox 2146 659 2396 717; x_wconf 87' lang='lat' dir='ltr'><strong>fructum.</strong></span> <span class='ocrx_word' id='word_1_499' title='bbox 2430 663 2522 718; x_wconf 85' lang='lat' dir='ltr'><strong>Via</strong></span> <span class='ocrx_word' id='word_1_500' title='bbox 2565 665 2682 719; x_wconf 86' lang='lat' dir='ltr'><strong>coeli</strong></span> <span class='ocrx_word' id='word_1_501' title='bbox 2725 675 2807 722; x_wconf 91' lang='lat' dir='ltr'><strong>est</strong></span> <span class='ocrx_word' id='word_1_502' title='bbox 2847 683 3078 740; x_wconf 88' lang='lat' dir='ltr'><strong>pauper,</strong></span> <span class='ocrx_word' id='word_1_503' title='bbox 3114 688 3207 741; x_wconf 91' lang='lat' dir='ltr'><strong>per</strong></span> <span class='ocrx_word' id='word_1_504' title='bbox 3233 690 3392 744; x_wconf 91' lang='lat' dir='ltr'><strong>quam</strong></span> <span class='ocrx_word' id='word_1_505' title='bbox 3417 679 3636 734; x_wconf 82' lang='lat' dir='ltr'><strong>venitur</strong></span> <span class='ocrx_word' id='word_1_506' title='bbox 3663 682 3729 736; x_wconf 90' lang='lat' dir='ltr'><strong>ad</strong></span> 
     </span>
    </p>
   </div>
   <div class='ocr_carea' id='block_1_66' title="bbox 2147 751 3733 831">
    <p class='ocr_par' dir='ltr' id='par_1_66' title="bbox 2147 751 3733 831">
     <span class='ocr_line' id='line_1_66' title="bbox 2147 751 3733 831; baseline 0.015 -27"><span class='ocrx_word' id='word_1_507' title='bbox 2147 751 2380 808; x_wconf 86' lang='lat' dir='ltr'><strong>Patrem.</strong></span> <span class='ocrx_word' id='word_1_508' title='bbox 2410 752 2588 827; x_wconf 83' lang='lat' dir='ltr'><strong>incipe</strong></span> <span class='ocrx_word' id='word_1_509' title='bbox 2612 774 2738 828; x_wconf 77' lang='lat' dir='ltr'><strong>ergo</strong></span> <span class='ocrx_word' id='word_1_510' title='bbox 2761 774 3005 831; x_wconf 83' lang='lat' dir='ltr'><strong>erogare,</strong></span> <span class='ocrx_word' id='word_1_511' title='bbox 3035 764 3076 816; x_wconf 91' lang='lat' dir='ltr'><strong>si</strong></span> <span class='ocrx_word' id='word_1_512' title='bbox 3104 780 3207 820; x_wconf 90' lang='lat' dir='ltr'><strong>non</strong></span> <span class='ocrx_word' id='word_1_513' title='bbox 3231 767 3310 821; x_wconf 90' lang='lat' dir='ltr'><strong>vis</strong></span> <span class='ocrx_word' id='word_1_514' title='bbox 3329 783 3532 826; x_wconf 89' lang='lat' dir='ltr'><strong>errare.</strong></span> <span class='ocrx_word' id='word_1_515' title='bbox 3561 771 3733 828; x_wconf 84' lang='lat' dir='ltr'><strong>Patri-</strong></span> 
     </span>
    </p>
   </div>
   <div class='ocr_carea' id='block_1_67' title="bbox 2144 845 3736 925">
    <p class='ocr_par' dir='ltr' id='par_1_67' title="bbox 2144 845 3736 925">
     <span class='ocr_line' id='line_1_67' title="bbox 2144 845 3736 925; baseline 0.017 -29"><span class='ocrx_word' id='word_1_516' title='bbox 2144 845 2311 899; x_wconf 90' lang='lat' dir='ltr'><strong>monii</strong></span> <span class='ocrx_word' id='word_1_517' title='bbox 2339 845 2444 912; x_wconf 89' lang='lat' dir='ltr'><strong>tui,</strong></span> <span class='ocrx_word' id='word_1_518' title='bbox 2473 863 2579 916; x_wconf 90' lang='lat' dir='ltr'><strong>quo</strong></span> <span class='ocrx_word' id='word_1_519' title='bbox 2617 864 2676 904; x_wconf 88' lang='lat' dir='ltr'><strong>es</strong></span> <span class='ocrx_word' id='word_1_520' title='bbox 2706 851 2926 920; x_wconf 80' lang='lat' dir='ltr'><strong>ligatus,</strong></span> <span class='ocrx_word' id='word_1_521' title='bbox 2957 858 3273 925; x_wconf 86' lang='lat' dir='ltr'><strong>eompedem</strong></span> <span class='ocrx_word' id='word_1_522' title='bbox 3305 862 3355 914; x_wconf 84' lang='lat' dir='ltr'><strong>in</strong></span> <span class='ocrx_word' id='word_1_523' title='bbox 3384 861 3484 918; x_wconf 90' lang='lat' dir='ltr'><strong>hac</strong></span> <span class='ocrx_word' id='word_1_524' title='bbox 3510 865 3613 919; x_wconf 87' lang='lat' dir='ltr'><strong>vita</strong></span> <span class='ocrx_word' id='word_1_525' title='bbox 3643 883 3736 922; x_wconf 84' lang='lat' dir='ltr'><strong>re-</strong></span> 
     </span>
    </p>
   </div>
   <div class='ocr_carea' id='block_1_68' title="bbox 2143 936 3735 1027">
    <p class='ocr_par' dir='ltr' id='par_1_68' title="bbox 2143 936 3735 1027">
     <span class='ocr_line' id='line_1_68' title="bbox 2143 936 3735 1027; baseline 0.016 -38"><span class='ocrx_word' id='word_1_526' title='bbox 2143 936 2326 1003; x_wconf 85' lang='lat' dir='ltr'><strong>solve;</strong></span> <span class='ocrx_word' id='word_1_527' title='bbox 2355 946 2414 991; x_wconf 93' lang='lat' dir='ltr'><strong>ut</strong></span> <span class='ocrx_word' id='word_1_528' title='bbox 2453 938 2618 995; x_wconf 90' lang='lat' dir='ltr'><strong>libere</strong></span> <span class='ocrx_word' id='word_1_529' title='bbox 2662 943 2727 996; x_wconf 90' lang='lat' dir='ltr'><strong>ad</strong></span> <span class='ocrx_word' id='word_1_530' title='bbox 2772 945 2965 999; x_wconf 63' lang='lat' dir='ltr'><strong>caelum</strong></span> <span class='ocrx_word' id='word_1_531' title='bbox 3012 950 3185 1014; x_wconf 90' lang='lat' dir='ltr'><strong>possis</strong></span> <span class='ocrx_word' id='word_1_532' title='bbox 3227 953 3484 1009; x_wconf 89' lang='lat' dir='ltr'><strong>accedere</strong></span> <span class='ocrx_word' id='word_1_533' title='bbox 3517 972 3531 1007; x_wconf 88' lang='lat'><strong>:</strong></span> <span class='ocrx_word' id='word_1_534' title='bbox 3561 957 3735 1027; x_wconf 87' lang='lat' dir='ltr'><strong>abjice</strong></span> 
     </span>
    </p>
   </div>
   <div class='ocr_carea' id='block_1_69' title="bbox 2143 1025 3730 1114">
    <p class='ocr_par' dir='ltr' id='par_1_69' title="bbox 2143 1025 3730 1114">
     <span class='ocr_line' id='line_1_69' title="bbox 2143 1025 3730 1114; baseline 0.013 -35"><span class='ocrx_word' id='word_1_535' title='bbox 2143 1025 2239 1081; x_wconf 90' lang='lat' dir='ltr'><strong>abs</strong></span> <span class='ocrx_word' id='word_1_536' title='bbox 2280 1034 2330 1082; x_wconf 88' lang='lat' dir='ltr'><strong>te</strong></span> <span class='ocrx_word' id='word_1_537' title='bbox 2369 1027 2671 1086; x_wconf 86' lang='lat' dir='ltr'><strong>divitiarum</strong></span> <span class='ocrx_word' id='word_1_538' title='bbox 2707 1035 2910 1103; x_wconf 67' lang='lat' dir='ltr'><strong>‘onera,</strong></span> <span class='ocrx_word' id='word_1_539' title='bbox 2951 1037 3121 1107; x_wconf 87' lang='lat' dir='ltr'><strong>abjice</strong></span> <span class='ocrx_word' id='word_1_540' title='bbox 3164 1041 3369 1096; x_wconf 89' lang='lat' dir='ltr'><strong>vincula</strong></span> <span class='ocrx_word' id='word_1_541' title='bbox 3411 1025 3730 1114; x_wconf 81' lang='lat' dir='ltr'><strong>voluntaria,</strong></span> 
     </span>
    </p>
   </div>
   <div class='ocr_carea' id='block_1_70' title="bbox 2143 1118 3732 1202">
    <p class='ocr_par' dir='ltr' id='par_1_70' title="bbox 2143 1118 3732 1202">
     <span class='ocr_line' id='line_1_70' title="bbox 2143 1118 3732 1202; baseline 0.016 -31"><span class='ocrx_word' id='word_1_542' title='bbox 2143 1118 2315 1188; x_wconf 84' lang='lat' dir='ltr'><strong>abjice</strong></span> <span class='ocrx_word' id='word_1_543' title='bbox 2337 1125 2633 1180; x_wconf 87' lang='lat' dir='ltr'><strong>anxietates</strong></span> <span class='ocrx_word' id='word_1_544' title='bbox 2657 1136 2710 1179; x_wconf 88' lang='lat' dir='ltr'><strong>et</strong></span> <span class='ocrx_word' id='word_1_545' title='bbox 2736 1126 2889 1181; x_wconf 67' lang='lat' dir='ltr'><strong>taedia</strong></span> <span class='ocrx_word' id='word_1_546' title='bbox 2909 1168 2924 1192; x_wconf 90' lang='lat'><strong>,</strong></span> <span class='ocrx_word' id='word_1_547' title='bbox 2954 1145 3072 1198; x_wconf 70' lang='lat' dir='ltr'><strong>qute</strong></span> <span class='ocrx_word' id='word_1_548' title='bbox 3114 1140 3166 1186; x_wconf 90' lang='lat' dir='ltr'><strong>te</strong></span> <span class='ocrx_word' id='word_1_549' title='bbox 3201 1133 3442 1202; x_wconf 87' lang='lat' dir='ltr'><strong>pluribus</strong></span> <span class='ocrx_word' id='word_1_550' title='bbox 3483 1137 3536 1191; x_wconf 89' lang='lat' dir='ltr'><strong>in</strong></span> <span class='ocrx_word' id='word_1_551' title='bbox 3577 1141 3732 1196; x_wconf 88' lang='lat' dir='ltr'><strong>annis</strong></span> 
     </span>
    </p>
   </div>
   <div class='ocr_carea' id='block_1_71' title="bbox 2144 1209 3732 1297">
    <p class='ocr_par' dir='ltr' id='par_1_71' title="bbox 2144 1209 3732 1297">
     <span class='ocr_line' id='line_1_71' title="bbox 2144 1209 3732 1297; baseline 0.016 -35"><span class='ocrx_word' id='word_1_552' title='bbox 2144 1209 2458 1281; x_wconf 86' lang='lat' dir='ltr'><strong>inquietant.</strong></span> <span class='ocrx_word' id='word_1_553' title='bbox 2488 1213 2562 1268; x_wconf 88' lang='lat' dir='ltr'><strong>Da</strong></span> <span class='ocrx_word' id='word_1_554' title='bbox 2595 1218 2820 1284; x_wconf 89' lang='lat' dir='ltr'><strong>petenti,</strong></span> <span class='ocrx_word' id='word_1_555' title='bbox 2853 1227 2910 1272; x_wconf 91' lang='lat' dir='ltr'><strong>ut</strong></span> <span class='ocrx_word' id='word_1_556' title='bbox 2938 1223 3107 1288; x_wconf 88' lang='lat' dir='ltr'><strong>possis</strong></span> <span class='ocrx_word' id='word_1_557' title='bbox 3147 1224 3260 1293; x_wconf 89' lang='lat' dir='ltr'><strong>ipse</strong></span> <span class='ocrx_word' id='word_1_558' title='bbox 3301 1228 3545 1297; x_wconf 87' lang='lat' dir='ltr'><strong>accipere</strong></span> <span class='ocrx_word' id='word_1_559' title='bbox 3583 1249 3597 1284; x_wconf 93' lang='lat'>:</span> <span class='ocrx_word' id='word_1_560' title='bbox 3634 1234 3732 1287; x_wconf 91' lang='lat' dir='ltr'><strong>tri-</strong></span> 
     </span>
    </p>
   </div>
   <div class='ocr_carea' id='block_1_72' title="bbox 2143 1299 3728 1378">
    <p class='ocr_par' dir='ltr' id='par_1_72' title="bbox 2143 1299 3728 1378">
     <span class='ocr_line' id='line_1_72' title="bbox 2143 1299 3728 1378; baseline 0.016 -24"><span class='ocrx_word' id='word_1_561' title='bbox 2143 1299 2247 1356; x_wconf 90' lang='lat' dir='ltr'><strong>bue</strong></span> <span class='ocrx_word' id='word_1_562' title='bbox 2291 1305 2540 1373; x_wconf 88' lang='lat' dir='ltr'><strong>pauperi,</strong></span> <span class='ocrx_word' id='word_1_563' title='bbox 2571 1306 2616 1359; x_wconf 92' lang='lat' dir='ltr'><strong>si</strong></span> <span class='ocrx_word' id='word_1_564' title='bbox 2654 1323 2758 1362; x_wconf 92' lang='lat' dir='ltr'><strong>non</strong></span> <span class='ocrx_word' id='word_1_565' title='bbox 2798 1309 2876 1363; x_wconf 84' lang='lat' dir='ltr'><strong>vis</strong></span> <span class='ocrx_word' id='word_1_566' title='bbox 2918 1309 3146 1368; x_wconf 81' lang='lat' dir='ltr'><strong>ﬂammis</strong></span> <span class='ocrx_word' id='word_1_567' title='bbox 3184 1317 3354 1371; x_wconf 80' lang='lat' dir='ltr'><strong>exuri.</strong></span> <span class='ocrx_word' id='word_1_568' title='bbox 3387 1319 3460 1374; x_wconf 92' lang='lat' dir='ltr'><strong>Da</strong></span> <span class='ocrx_word' id='word_1_569' title='bbox 3505 1321 3555 1376; x_wconf 91' lang='lat' dir='ltr'><strong>in</strong></span> <span class='ocrx_word' id='word_1_570' title='bbox 3589 1331 3728 1378; x_wconf 87' lang='lat' dir='ltr'><strong>terra</strong></span> 
     </span>
    </p>
   </div>
   <div class='ocr_carea' id='block_1_73' title="bbox 2143 1393 3728 1486">
    <p class='ocr_par' dir='ltr' id='par_1_73' title="bbox 2143 1393 3728 1486">
     <span class='ocr_line' id='line_1_73' title="bbox 2143 1393 3728 1486; baseline 0.016 -39"><span class='ocrx_word' id='word_1_571' title='bbox 2143 1393 2383 1460; x_wconf 88' lang='lat' dir='ltr'><strong>Christo,</strong></span> <span class='ocrx_word' id='word_1_572' title='bbox 2414 1397 2555 1467; x_wconf 88' lang='lat' dir='ltr'><strong>quod</strong></span> <span class='ocrx_word' id='word_1_573' title='bbox 2597 1398 2688 1454; x_wconf 88' lang='lat' dir='ltr'><strong>tibi</strong></span> <span class='ocrx_word' id='word_1_574' title='bbox 2718 1400 2905 1456; x_wconf 85' lang='lat' dir='ltr'><strong>reddat</strong></span> <span class='ocrx_word' id='word_1_575' title='bbox 2941 1403 2992 1458; x_wconf 91' lang='lat' dir='ltr'><strong>in</strong></span> <span class='ocrx_word' id='word_1_576' title='bbox 3019 1406 3177 1461; x_wconf 57' lang='lat' dir='ltr'><strong>caelo.</strong></span> <span class='ocrx_word' id='word_1_577' title='bbox 3219 1409 3548 1468; x_wconf 83' lang='lat' dir='ltr'><strong>Obliviscere</strong></span> <span class='ocrx_word' id='word_1_578' title='bbox 3585 1417 3728 1486; x_wconf 91' lang='lat' dir='ltr'><strong>quod</strong></span> 
     </span>
    </p>
   </div>
   <div class='ocr_carea' id='block_1_74' title="bbox 2143 1487 3730 1574">
    <p class='ocr_par' dir='ltr' id='par_1_74' title="bbox 2143 1487 3730 1574">
     <span class='ocr_line' id='line_1_74' title="bbox 2143 1487 3730 1574; baseline 0.014 -36"><span class='ocrx_word' id='word_1_579' title='bbox 2143 1499 2232 1550; x_wconf 88' lang='lat' dir='ltr'><strong>es,</strong></span> <span class='ocrx_word' id='word_1_580' title='bbox 2263 1495 2320 1540; x_wconf 92' lang='lat' dir='ltr'><strong>et</strong></span> <span class='ocrx_word' id='word_1_581' title='bbox 2352 1487 2570 1544; x_wconf 90' lang='lat' dir='ltr'><strong>attende</strong></span> <span class='ocrx_word' id='word_1_582' title='bbox 2605 1491 2748 1560; x_wconf 86' lang='lat' dir='ltr'><strong>quod</strong></span> <span class='ocrx_word' id='word_1_583' title='bbox 2789 1491 2994 1549; x_wconf 87' lang='lat' dir='ltr'><strong>futurus</strong></span> <span class='ocrx_word' id='word_1_584' title='bbox 3021 1511 3100 1550; x_wconf 91' lang='lat' dir='ltr'><strong>es.</strong></span> <span class='ocrx_word' id='word_1_585' title='bbox 3129 1497 3374 1555; x_wconf 64' lang='lat' dir='ltr'><strong>Praesens</strong></span> <span class='ocrx_word' id='word_1_586' title='bbox 3399 1503 3504 1557; x_wconf 87' lang='lat' dir='ltr'><strong>vita</strong></span> <span class='ocrx_word' id='word_1_587' title='bbox 3532 1502 3730 1574; x_wconf 80' lang='lat' dir='ltr'><strong>fragilis</strong></span> 
     </span>
    </p>
   </div>
   <div class='ocr_carea' id='block_1_75' title="bbox 2143 1580 3728 1660">
    <p class='ocr_par' dir='ltr' id='par_1_75' title="bbox 2143 1580 3728 1660">
     <span class='ocr_line' id='line_1_75' title="bbox 2143 1580 3728 1660; baseline 0.013 -27"><span class='ocrx_word' id='word_1_588' title='bbox 2143 1588 2256 1644; x_wconf 90' lang='lat' dir='ltr'><strong>est,</strong></span> <span class='ocrx_word' id='word_1_589' title='bbox 2288 1586 2344 1634; x_wconf 89' lang='lat' dir='ltr'><strong>et</strong></span> <span class='ocrx_word' id='word_1_590' title='bbox 2375 1580 2426 1635; x_wconf 89' lang='lat' dir='ltr'><strong>in</strong></span> <span class='ocrx_word' id='word_1_591' title='bbox 2464 1591 2690 1637; x_wconf 79' lang='lat' dir='ltr'><strong>mortem</strong></span> <span class='ocrx_word' id='word_1_592' title='bbox 2720 1585 2985 1654; x_wconf 89' lang='lat' dir='ltr'><strong>proclivis.</strong></span> <span class='ocrx_word' id='word_1_593' title='bbox 3027 1588 3194 1644; x_wconf 83' lang='lat' dir='ltr'><strong>Nemo</strong></span> <span class='ocrx_word' id='word_1_594' title='bbox 3221 1601 3395 1660; x_wconf 87' lang='lat' dir='ltr'><strong>potest</strong></span> <span class='ocrx_word' id='word_1_595' title='bbox 3423 1604 3564 1650; x_wconf 89' lang='lat' dir='ltr'><strong>stare</strong></span> <span class='ocrx_word' id='word_1_596' title='bbox 3591 1615 3605 1652; x_wconf 90' lang='lat'>:</span> <span class='ocrx_word' id='word_1_597' title='bbox 3633 1599 3728 1654; x_wconf 88' lang='lat' dir='ltr'><strong>sed</strong></span> 
     </span>
    </p>
   </div>
   <div class='ocr_carea' id='block_1_76' title="bbox 2142 1672 3726 1751">
    <p class='ocr_par' dir='ltr' id='par_1_76' title="bbox 2142 1672 3726 1751">
     <span class='ocr_line' id='line_1_76' title="bbox 2142 1672 3726 1751; baseline 0.015 -27"><span class='ocrx_word' id='word_1_598' title='bbox 2142 1683 2329 1726; x_wconf 91' lang='lat' dir='ltr'><strong>omnes</strong></span> <span class='ocrx_word' id='word_1_599' title='bbox 2371 1672 2611 1742; x_wconf 77' lang='lat' dir='ltr'><strong>cogimur</strong></span> <span class='ocrx_word' id='word_1_600' title='bbox 2647 1677 2896 1734; x_wconf 91' lang='lat' dir='ltr'><strong>transire.</strong></span> <span class='ocrx_word' id='word_1_601' title='bbox 2938 1678 3193 1737; x_wconf 83' lang='lat' dir='ltr'><strong>Nolentes</strong></span> <span class='ocrx_word' id='word_1_602' title='bbox 3231 1683 3398 1751; x_wconf 89' lang='lat' dir='ltr'><strong>imus,</strong></span> <span class='ocrx_word' id='word_1_603' title='bbox 3448 1687 3595 1742; x_wconf 86' lang='lat' dir='ltr'><strong>inviti</strong></span> <span class='ocrx_word' id='word_1_604' title='bbox 3629 1706 3726 1746; x_wconf 76' lang='lat' dir='ltr'><strong>ex-</strong></span> 
     </span>
    </p>
   </div>
   <div class='ocr_carea' id='block_1_77' title="bbox 2142 1761 3726 1853">
    <p class='ocr_par' dir='ltr' id='par_1_77' title="bbox 2142 1761 3726 1853">
     <span class='ocr_line' id='line_1_77' title="bbox 2142 1761 3726 1853; baseline 0.015 -37"><span class='ocrx_word' id='word_1_605' title='bbox 2142 1761 2313 1828; x_wconf 90' lang='lat' dir='ltr'><strong>imus,</strong></span> <span class='ocrx_word' id='word_1_606' title='bbox 2341 1764 2464 1834; x_wconf 92' lang='lat' dir='ltr'><strong>quia</strong></span> <span class='ocrx_word' id='word_1_607' title='bbox 2494 1767 2618 1821; x_wconf 91' lang='lat' dir='ltr'><strong>mali</strong></span> <span class='ocrx_word' id='word_1_608' title='bbox 2659 1783 2861 1824; x_wconf 85' lang='lat' dir='ltr'><strong>sumus.</strong></span> <span class='ocrx_word' id='word_1_609' title='bbox 2910 1771 2964 1826; x_wconf 89' lang='lat' dir='ltr'><strong>Si</strong></span> <span class='ocrx_word' id='word_1_610' title='bbox 3008 1782 3187 1829; x_wconf 90' lang='lat' dir='ltr'><strong>autem</strong></span> <span class='ocrx_word' id='word_1_611' title='bbox 3230 1787 3355 1833; x_wconf 87' lang='lat' dir='ltr'><strong>ante</strong></span> <span class='ocrx_word' id='word_1_612' title='bbox 3391 1794 3490 1834; x_wconf 90' lang='lat' dir='ltr'><strong>nos</strong></span> <span class='ocrx_word' id='word_1_613' title='bbox 3528 1783 3726 1853; x_wconf 87' lang='lat' dir='ltr'><strong>aliquid</strong></span> 
     </span>
    </p>
   </div>
   <div class='ocr_carea' id='block_1_78' title="bbox 2141 1853 3726 1941">
    <p class='ocr_par' dir='ltr' id='par_1_78' title="bbox 2141 1853 3726 1941">
     <span class='ocr_line' id='line_1_78' title="bbox 2141 1853 3726 1941; baseline 0.016 -37"><span class='ocrx_word' id='word_1_614' title='bbox 2141 1853 2498 1922; x_wconf 86' lang='lat' dir='ltr'><strong>mitteremus,</strong></span> <span class='ocrx_word' id='word_1_615' title='bbox 2524 1872 2628 1911; x_wconf 86' lang='lat' dir='ltr'><strong>non</strong></span> <span class='ocrx_word' id='word_1_616' title='bbox 2651 1858 2716 1912; x_wconf 92' lang='lat' dir='ltr'><strong>ad</strong></span> <span class='ocrx_word' id='word_1_617' title='bbox 2741 1859 2896 1915; x_wconf 90' lang='lat' dir='ltr'><strong>inane</strong></span> <span class='ocrx_word' id='word_1_618' title='bbox 2920 1861 3206 1933; x_wconf 74' lang='lat' dir='ltr'><strong>liOSpitium</strong></span> <span class='ocrx_word' id='word_1_619' title='bbox 3227 1869 3551 1926; x_wconf 90' lang='lat' dir='ltr'><strong>veniremus.</strong></span> <span class='ocrx_word' id='word_1_620' title='bbox 3574 1873 3726 1941; x_wconf 88' lang='lat' dir='ltr'><strong>Quod</strong></span> 
     </span>
    </p>
   </div>
   <div class='ocr_carea' id='block_1_79' title="bbox 2142 1943 3725 2034">
    <p class='ocr_par' dir='ltr' id='par_1_79' title="bbox 2142 1943 3725 2034">
     <span class='ocr_line' id='line_1_79' title="bbox 2142 1943 3725 2034; baseline 0.015 -38"><span class='ocrx_word' id='word_1_621' title='bbox 2142 1943 2284 1998; x_wconf 90' lang='lat' dir='ltr'><strong>enim</strong></span> <span class='ocrx_word' id='word_1_622' title='bbox 2315 1947 2536 2016; x_wconf 86' lang='lat' dir='ltr'><strong>pauperi</strong></span> <span class='ocrx_word' id='word_1_623' title='bbox 2567 1948 2786 2014; x_wconf 89' lang='lat' dir='ltr'><strong>damus,</strong></span> <span class='ocrx_word' id='word_1_624' title='bbox 2833 1963 2956 2007; x_wconf 87' lang='lat' dir='ltr'><strong>ante</strong></span> <span class='ocrx_word' id='word_1_625' title='bbox 3000 1969 3098 2009; x_wconf 89' lang='lat' dir='ltr'><strong>uos</strong></span> <span class='ocrx_word' id='word_1_626' title='bbox 3144 1959 3514 2026; x_wconf 81' lang='lat' dir='ltr'><strong>praemittimus</strong></span> <span class='ocrx_word' id='word_1_627' title='bbox 3543 1980 3555 2017; x_wconf 89' lang='lat'><strong>:</strong></span> <span class='ocrx_word' id='word_1_628' title='bbox 3586 1965 3725 2034; x_wconf 84' lang='lat' dir='ltr'><strong>quod</strong></span> 
     </span>
    </p>
   </div>
   <div class='ocr_carea' id='block_1_80' title="bbox 2142 2045 3276 2114">
    <p class='ocr_par' dir='ltr' id='par_1_80' title="bbox 2142 2045 3276 2114">
     <span class='ocr_line' id='line_1_80' title="bbox 2142 2045 3276 2114; baseline 0.011 -18"><span class='ocrx_word' id='word_1_629' title='bbox 2142 2050 2319 2100; x_wconf 89' lang='lat' dir='ltr'><strong>autem</strong></span> <span class='ocrx_word' id='word_1_630' title='bbox 2347 2045 2602 2114; x_wconf 89' lang='lat' dir='ltr'><strong>rapimus,</strong></span> <span class='ocrx_word' id='word_1_631' title='bbox 2635 2047 2721 2102; x_wconf 91' lang='lat' dir='ltr'><strong>hic</strong></span> <span class='ocrx_word' id='word_1_632' title='bbox 2750 2057 2915 2105; x_wconf 89' lang='lat' dir='ltr'><strong>totum</strong></span> <span class='ocrx_word' id='word_1_633' title='bbox 2944 2051 3276 2110; x_wconf 85' lang='lat' dir='ltr'><strong>dimittimus.</strong></span> 
     </span>
    </p>
   </div>
   <div class='ocr_carea' id='block_1_81' title="bbox 2551 2182 3318 2260">
    <p class='ocr_par' dir='ltr' id='par_1_81' title="bbox 2551 2182 3318 2260">
     <span class='ocr_line' id='line_1_81' title="bbox 2551 2182 3318 2260; baseline 0.008 -24"><span class='ocrx_word' id='word_1_634' title='bbox 2551 2182 2783 2238; x_wconf 80' lang='lat' dir='ltr'><strong>SERMO</strong></span> <span class='ocrx_word' id='word_1_635' title='bbox 2817 2184 3191 2242; x_wconf 85' lang='lat' dir='ltr'><strong>CCCLXVIII&#39;</strong></span> <span class='ocrx_word' id='word_1_636' title='bbox 3221 2189 3318 2260; x_wconf 90' lang='lat' dir='ltr'><strong>(a).</strong></span> 
     </span>
    </p>
   </div>
   <div class='ocr_carea' id='block_1_82' title="bbox 2143 2293 3728 2374">
    <p class='ocr_par' dir='ltr' id='par_1_82' title="bbox 2143 2293 3728 2374">
     <span class='ocr_line' id='line_1_82' title="bbox 2143 2293 3728 2374; baseline 0.011 -27"><span class='ocrx_word' id='word_1_637' title='bbox 2143 2293 2222 2349; x_wconf 86' lang='lat' dir='ltr'><strong>De</strong></span> <span class='ocrx_word' id='word_1_638' title='bbox 2248 2294 2405 2349; x_wconf 78' lang='lat' dir='ltr'><strong>verbis</strong></span> <span class='ocrx_word' id='word_1_639' title='bbox 2437 2294 2702 2370; x_wconf 85' lang='lat' dir='ltr'><strong>Evangelii</strong></span> <span class='ocrx_word' id='word_1_640' title='bbox 2740 2299 2986 2365; x_wconf 79' lang='lat' dir='ltr'><strong>Joannis,</strong></span> <span class='ocrx_word' id='word_1_641' title='bbox 3019 2320 3132 2372; x_wconf 81' lang='lat' dir='ltr'><strong>cap.</strong></span> <span class='ocrx_word' id='word_1_642' title='bbox 3163 2320 3238 2359; x_wconf 76' lang='lat' dir='ltr'><strong>xu</strong></span> <span class='ocrx_word' id='word_1_643' title='bbox 3258 2347 3272 2372; x_wconf 94' lang='lat'><strong>,</strong></span> <span class='ocrx_word' id='word_1_644' title='bbox 3304 2304 3404 2372; x_wconf 73' lang='lat'><strong>25,</strong></span> <span class='ocrx_word' id='word_1_645' title='bbox 3445 2305 3544 2374; x_wconf 74' lang='grc' dir='ltr'><strong>ραι</strong></span> <span class='ocrx_word' id='word_1_646' title='bbox 3583 2317 3728 2364; x_wconf 81' lang='lat' dir='ltr'><strong>amat</strong></span> 
     </span>
    </p>
   </div>
   <div class='ocr_carea' id='block_1_83' title="bbox 2212 2387 3726 2471">
    <p class='ocr_par' dir='ltr' id='par_1_83' title="bbox 2212 2387 3726 2471">
     <span class='ocr_line' id='line_1_83' title="bbox 2212 2387 3726 2471; baseline 0.01 -31"><span class='ocrx_word' id='word_1_647' title='bbox 2212 2387 2442 2440; x_wconf 87' lang='lat' dir='ltr'><strong>animam</strong></span> <span class='ocrx_word' id='word_1_648' title='bbox 2474 2403 2623 2444; x_wconf 87' lang='lat' dir='ltr'><strong>suam</strong></span> <span class='ocrx_word' id='word_1_649' title='bbox 2645 2433 2658 2454; x_wconf 94' lang='lat'><strong>,</strong></span> <span class='ocrx_word' id='word_1_650' title='bbox 2690 2392 2873 2458; x_wconf 89' lang='lat' dir='ltr'><strong>perdet</strong></span> <span class='ocrx_word' id='word_1_651' title='bbox 2911 2394 3050 2447; x_wconf 88' lang='lat' dir='ltr'><strong>illam</strong></span> <span class='ocrx_word' id='word_1_652' title='bbox 3081 2413 3095 2446; x_wconf 89' lang='lat'><strong>:</strong></span> <span class='ocrx_word' id='word_1_653' title='bbox 3127 2403 3172 2449; x_wconf 87' lang='lat' dir='ltr'><strong>et</strong></span> <span class='ocrx_word' id='word_1_654' title='bbox 3210 2397 3272 2451; x_wconf 85' lang='lat' dir='ltr'><strong>de</strong></span> <span class='ocrx_word' id='word_1_655' title='bbox 3295 2398 3451 2453; x_wconf 84' lang='lat' dir='ltr'><strong>verbis</strong></span> <span class='ocrx_word' id='word_1_656' title='bbox 3477 2400 3726 2471; x_wconf 81' lang='lat' dir='ltr'><strong>Apostoli,</strong></span> 
     </span>
    </p>
   </div>
   <div class='ocr_carea' id='block_1_84' title="bbox 2215 2478 3724 2559">
    <p class='ocr_par' dir='ltr' id='par_1_84' title="bbox 2215 2478 3724 2559">
     <span class='ocr_line' id='line_1_84' title="bbox 2215 2478 3724 2559; baseline 0.011 -29"><span class='ocrx_word' id='word_1_657' title='bbox 2215 2479 2283 2530; x_wconf 85' lang='lat' dir='ltr'><strong>ad</strong></span> <span class='ocrx_word' id='word_1_658' title='bbox 2328 2478 2608 2549; x_wconf 83' lang='lat' dir='ltr'><strong>Ephesios,</strong></span> <span class='ocrx_word' id='word_1_659' title='bbox 2650 2498 2761 2552; x_wconf 82' lang='lat' dir='ltr'><strong>cap.</strong></span> <span class='ocrx_word' id='word_1_660' title='bbox 2794 2499 2828 2535; x_wconf 90' lang='lat' dir='ltr'><strong>v</strong></span> <span class='ocrx_word' id='word_1_661' title='bbox 2851 2526 2863 2547; x_wconf 93' lang='lat'><strong>,</strong></span> <span class='ocrx_word' id='word_1_662' title='bbox 2889 2484 2992 2549; x_wconf 77' lang='lat'><strong>29,</strong></span> <span class='ocrx_word' id='word_1_663' title='bbox 3036 2485 3203 2541; x_wconf 84' lang='lat' dir='ltr'><strong>Nemo</strong></span> <span class='ocrx_word' id='word_1_664' title='bbox 3242 2504 3472 2559; x_wconf 86' lang='lat' dir='ltr'><strong>unquam</strong></span> <span class='ocrx_word' id='word_1_665' title='bbox 3511 2506 3724 2547; x_wconf 88' lang='lat' dir='ltr'><strong>carnem</strong></span> 
     </span>
    </p>
   </div>
   <div class='ocr_carea' id='block_1_85' title="bbox 2216 2573 2861 2649">
    <p class='ocr_par' dir='ltr' id='par_1_85' title="bbox 2216 2573 2861 2649">
     <span class='ocr_line' id='line_1_85' title="bbox 2216 2573 2861 2649; baseline 0.006 -24"><span class='ocrx_word' id='word_1_666' title='bbox 2216 2586 2367 2626; x_wconf 89' lang='lat' dir='ltr'><strong>suam</strong></span> <span class='ocrx_word' id='word_1_667' title='bbox 2399 2573 2519 2626; x_wconf 89' lang='lat' dir='ltr'><strong>odio</strong></span> <span class='ocrx_word' id='word_1_668' title='bbox 2549 2574 2732 2628; x_wconf 86' lang='lat' dir='ltr'><strong>habuit</strong></span> <span class='ocrx_word' id='word_1_669' title='bbox 2765 2575 2861 2649; x_wconf 90' lang='lat' dir='ltr'><strong>(b).</strong></span> 
     </span>
    </p>
   </div>
   <div class='ocr_carea' id='block_1_86' title="bbox 2216 2684 3729 2767">
    <p class='ocr_par' dir='ltr' id='par_1_86' title="bbox 2216 2684 3729 2767">
     <span class='ocr_line' id='line_1_86' title="bbox 2216 2684 3729 2767; baseline 0.009 -29"><span class='ocrx_word' id='word_1_670' title='bbox 2216 2684 2438 2740; x_wconf 78' lang='lat' dir='ltr'><strong>CAPUT</strong></span> <span class='ocrx_word' id='word_1_671' title='bbox 2477 2687 2758 2742; x_wconf 72' lang='lat' dir='ltr'><strong>PRIMUM.</strong></span> <span class='ocrx_word' id='word_1_672' title='bbox 2782 2719 2853 2728; x_wconf 91' lang='lat'>—</span> <span class='ocrx_word' id='word_1_673' title='bbox 2880 2691 2924 2744; x_wconf 84' lang='grc'><strong>1.</strong></span> <span class='ocrx_word' id='word_1_674' title='bbox 2957 2691 3188 2745; x_wconf 76' lang='lat' dir='ltr'><strong>Animam</strong></span> <span class='ocrx_word' id='word_1_675' title='bbox 3213 2694 3258 2747; x_wconf 88' lang='lat' dir='ltr'><strong>si</strong></span> <span class='ocrx_word' id='word_1_676' title='bbox 3279 2696 3388 2764; x_wconf 84' lang='lat' dir='ltr'><strong>quis</strong></span> <span class='ocrx_word' id='word_1_677' title='bbox 3412 2705 3572 2763; x_wconf 81' lang='lat' dir='ltr'><strong>autat,</strong></span> <span class='ocrx_word' id='word_1_678' title='bbox 3599 2714 3729 2767; x_wconf 80' lang='lat' dir='ltr'><strong>quo-</strong></span> 
     </span>
    </p>
   </div>
   <div class='ocr_carea' id='block_1_87' title="bbox 2145 2777 3732 2859">
    <p class='ocr_par' dir='ltr' id='par_1_87' title="bbox 2145 2777 3732 2859">
     <span class='ocr_line' id='line_1_87' title="bbox 2145 2777 3732 2859; baseline 0.011 -31"><span class='ocrx_word' id='word_1_679' title='bbox 2145 2777 2294 2829; x_wconf 87' lang='lat' dir='ltr'><strong>modo</strong></span> <span class='ocrx_word' id='word_1_680' title='bbox 2323 2778 2513 2847; x_wconf 82' lang='lat' dir='ltr'><strong>perdet.</strong></span> <span class='ocrx_word' id='word_1_681' title='bbox 2547 2779 2723 2847; x_wconf 85' lang='lat' dir='ltr'><strong>Modo,</strong></span> <span class='ocrx_word' id='word_1_682' title='bbox 2751 2781 2961 2842; x_wconf 80' lang='lat' dir='ltr'><strong>fratres,</strong></span> <span class='ocrx_word' id='word_1_683' title='bbox 2987 2798 3107 2838; x_wconf 91' lang='lat' dir='ltr'><strong>eum</strong></span> <span class='ocrx_word' id='word_1_684' title='bbox 3135 2784 3310 2840; x_wconf 90' lang='lat' dir='ltr'><strong>divina</strong></span> <span class='ocrx_word' id='word_1_685' title='bbox 3341 2787 3497 2842; x_wconf 81' lang='lat' dir='ltr'><strong>lectio</strong></span> <span class='ocrx_word' id='word_1_686' title='bbox 3525 2789 3732 2859; x_wconf 79' lang='lat' dir='ltr'><strong>legere-</strong></span> 
     </span>
    </p>
   </div>
   <div class='ocr_carea' id='block_1_88' title="bbox 2148 2868 3728 2943">
    <p class='ocr_par' dir='ltr' id='par_1_88' title="bbox 2148 2868 3728 2943">
     <span class='ocr_line' id='line_1_88' title="bbox 2148 2868 3728 2943; baseline 0.009 -23"><span class='ocrx_word' id='word_1_687' title='bbox 2148 2877 2250 2934; x_wconf 91' lang='lat' dir='ltr'><strong>tur,</strong></span> <span class='ocrx_word' id='word_1_688' title='bbox 2277 2868 2574 2924; x_wconf 85' lang='lat' dir='ltr'><strong>audivimus</strong></span> <span class='ocrx_word' id='word_1_689' title='bbox 2594 2871 2872 2926; x_wconf 90' lang='lat' dir='ltr'><strong>Dominum</strong></span> <span class='ocrx_word' id='word_1_690' title='bbox 2900 2873 3184 2941; x_wconf 89' lang='lat' dir='ltr'><strong>dicentem,</strong></span> <span class='ocrx_word' id='word_1_691' title='bbox 3215 2873 3314 2943; x_wconf 84' lang='lat' dir='ltr'><strong>Qui</strong></span> <span class='ocrx_word' id='word_1_692' title='bbox 3342 2889 3477 2932; x_wconf 90' lang='lat' dir='ltr'><strong>amat</strong></span> <span class='ocrx_word' id='word_1_693' title='bbox 3506 2881 3728 2935; x_wconf 85' lang='lat' dir='ltr'><strong>animam</strong></span> 
     </span>
    </p>
   </div>
   <div class='ocr_carea' id='block_1_89' title="bbox 2145 2958 3726 3034">
    <p class='ocr_par' dir='ltr' id='par_1_89' title="bbox 2145 2958 3726 3034">
     <span class='ocr_line' id='line_1_89' title="bbox 2145 2958 3726 3034; baseline 0.01 -25"><span class='ocrx_word' id='word_1_694' title='bbox 2145 2973 2290 3010; x_wconf 84' lang='lat' dir='ltr'><strong>suam</strong></span> <span class='ocrx_word' id='word_1_695' title='bbox 2309 2999 2324 3021; x_wconf 93' lang='lat'><strong>,</strong></span> <span class='ocrx_word' id='word_1_696' title='bbox 2356 2958 2529 3027; x_wconf 81' lang='lat' dir='ltr'><strong>perdet</strong></span> <span class='ocrx_word' id='word_1_697' title='bbox 2558 2959 2720 3013; x_wconf 88' lang='lat' dir='ltr'><strong>illam.</strong></span> <span class='ocrx_word' id='word_1_698' title='bbox 2757 2961 2889 3016; x_wconf 87' lang='lat' dir='ltr'><strong>Huic</strong></span> <span class='ocrx_word' id='word_1_699' title='bbox 2917 2965 3196 3018; x_wconf 74' lang='lat' dir='ltr'><strong>sententia:</strong></span> <span class='ocrx_word' id='word_1_700' title='bbox 3224 2967 3373 3034; x_wconf 90' lang='lat' dir='ltr'><strong>quasi</strong></span> <span class='ocrx_word' id='word_1_701' title='bbox 3403 2971 3726 3026; x_wconf 88' lang='lat' dir='ltr'><strong>contrarium</strong></span> 
     </span>
    </p>
   </div>
   <div class='ocr_carea' id='block_1_90' title="bbox 2147 3049 3728 3130">
    <p class='ocr_par' dir='ltr' id='par_1_90' title="bbox 2147 3049 3728 3130">
     <span class='ocr_line' id='line_1_90' title="bbox 2147 3049 3728 3130; baseline 0.009 -30"><span class='ocrx_word' id='word_1_702' title='bbox 2147 3049 2357 3103; x_wconf 91' lang='lat' dir='ltr'><strong>videtur</strong></span> <span class='ocrx_word' id='word_1_703' title='bbox 2399 3064 2517 3105; x_wconf 89' lang='lat' dir='ltr'><strong>esse</strong></span> <span class='ocrx_word' id='word_1_704' title='bbox 2551 3052 2690 3120; x_wconf 89' lang='lat' dir='ltr'><strong>quod</strong></span> <span class='ocrx_word' id='word_1_705' title='bbox 2722 3053 2796 3106; x_wconf 89' lang='lat' dir='ltr'><strong>ait</strong></span> <span class='ocrx_word' id='word_1_706' title='bbox 2825 3054 3141 3123; x_wconf 85' lang='lat' dir='ltr'><strong>Apostolus,</strong></span> <span class='ocrx_word' id='word_1_707' title='bbox 3178 3055 3341 3112; x_wconf 89' lang='lat' dir='ltr'><strong>Nemo</strong></span> <span class='ocrx_word' id='word_1_708' title='bbox 3371 3076 3588 3130; x_wconf 85' lang='lat' dir='ltr'><strong>unquam</strong></span> <span class='ocrx_word' id='word_1_709' title='bbox 3617 3079 3728 3115; x_wconf 85' lang='lat' dir='ltr'><strong>car-</strong></span> 
     </span>
    </p>
   </div>
   <div class='ocr_carea' id='block_1_91' title="bbox 2147 3143 3726 3222">
    <p class='ocr_par' dir='ltr' id='par_1_91' title="bbox 2147 3143 3726 3222">
     <span class='ocr_line' id='line_1_91' title="bbox 2147 3143 3726 3222; baseline 0.01 -29"><span class='ocrx_word' id='word_1_710' title='bbox 2147 3158 2260 3195; x_wconf 85' lang='lat' dir='ltr'><strong>nem</strong></span> <span class='ocrx_word' id='word_1_711' title='bbox 2288 3158 2432 3195; x_wconf 86' lang='lat' dir='ltr'><strong>suam</strong></span> <span class='ocrx_word' id='word_1_712' title='bbox 2461 3143 2576 3197; x_wconf 82' lang='lat' dir='ltr'><strong>odio</strong></span> <span class='ocrx_word' id='word_1_713' title='bbox 2606 3145 2800 3198; x_wconf 85' lang='lat' dir='ltr'><strong>habuit.</strong></span> <span class='ocrx_word' id='word_1_714' title='bbox 2840 3146 2894 3200; x_wconf 92' lang='lat' dir='ltr'><strong>Si</strong></span> <span class='ocrx_word' id='word_1_715' title='bbox 2926 3163 3054 3218; x_wconf 81' lang='lat' dir='ltr'><strong>ergo</strong></span> <span class='ocrx_word' id='word_1_716' title='bbox 3084 3164 3242 3206; x_wconf 90' lang='lat' dir='ltr'><strong>nemo</strong></span> <span class='ocrx_word' id='word_1_717' title='bbox 3275 3161 3359 3206; x_wconf 89' lang='lat' dir='ltr'><strong>est</strong></span> <span class='ocrx_word' id='word_1_718' title='bbox 3394 3154 3483 3222; x_wconf 89' lang='lat' dir='ltr'><strong>qui</strong></span> <span class='ocrx_word' id='word_1_719' title='bbox 3515 3169 3726 3210; x_wconf 88' lang='lat' dir='ltr'><strong>carnem</strong></span> 
     </span>
    </p>
   </div>
   <div class='ocr_carea' id='block_1_92' title="bbox 2146 3233 3726 3313">
    <p class='ocr_par' dir='ltr' id='par_1_92' title="bbox 2146 3233 3726 3313">
     <span class='ocr_line' id='line_1_92' title="bbox 2146 3233 3726 3313; baseline 0.008 -25"><span class='ocrx_word' id='word_1_720' title='bbox 2146 3249 2297 3288; x_wconf 90' lang='lat' dir='ltr'><strong>suam</strong></span> <span class='ocrx_word' id='word_1_721' title='bbox 2325 3233 2529 3300; x_wconf 87' lang='lat' dir='ltr'><strong>oderit,</strong></span> <span class='ocrx_word' id='word_1_722' title='bbox 2557 3245 2757 3305; x_wconf 90' lang='lat' dir='ltr'><strong>quanto</strong></span> <span class='ocrx_word' id='word_1_723' title='bbox 2787 3240 2954 3308; x_wconf 80' lang='lat' dir='ltr'><strong>magis</strong></span> <span class='ocrx_word' id='word_1_724' title='bbox 2984 3256 3141 3296; x_wconf 89' lang='lat' dir='ltr'><strong>nemo</strong></span> <span class='ocrx_word' id='word_1_725' title='bbox 3167 3251 3249 3297; x_wconf 90' lang='lat' dir='ltr'><strong>est</strong></span> <span class='ocrx_word' id='word_1_726' title='bbox 3285 3245 3373 3313; x_wconf 90' lang='lat' dir='ltr'><strong>qui</strong></span> <span class='ocrx_word' id='word_1_727' title='bbox 3400 3245 3584 3301; x_wconf 87' lang='lat' dir='ltr'><strong>oderit</strong></span> <span class='ocrx_word' id='word_1_728' title='bbox 3609 3249 3726 3300; x_wconf 84' lang='lat' dir='ltr'><strong>ani-</strong></span> 
     </span>
    </p>
   </div>
   <div class='ocr_carea' id='block_1_93' title="bbox 2148 3327 3724 3405">
    <p class='ocr_par' dir='ltr' id='par_1_93' title="bbox 2148 3327 3724 3405">
     <span class='ocr_line' id='line_1_93' title="bbox 2148 3327 3724 3405; baseline 0.009 -27"><span class='ocrx_word' id='word_1_729' title='bbox 2148 3342 2286 3380; x_wconf 88' lang='lat' dir='ltr'><strong>mam</strong></span> <span class='ocrx_word' id='word_1_730' title='bbox 2315 3327 2502 3380; x_wconf 88' lang='lat' dir='ltr'><strong>suam?</strong></span> <span class='ocrx_word' id='word_1_731' title='bbox 2529 3327 2747 3382; x_wconf 85' lang='lat' dir='ltr'><strong>Multum</strong></span> <span class='ocrx_word' id='word_1_732' title='bbox 2777 3330 2972 3399; x_wconf 87' lang='lat' dir='ltr'><strong>quippe</strong></span> <span class='ocrx_word' id='word_1_733' title='bbox 3001 3332 3178 3386; x_wconf 91' lang='lat' dir='ltr'><strong>anima</strong></span> <span class='ocrx_word' id='word_1_734' title='bbox 3200 3335 3345 3389; x_wconf 89' lang='lat' dir='ltr'><strong>carni</strong></span> <span class='ocrx_word' id='word_1_735' title='bbox 3372 3338 3724 3405; x_wconf 76' lang='lat' dir='ltr'><strong>prmponitur:</strong></span> 
     </span>
    </p>
   </div>
   <div class='ocr_carea' id='block_1_94' title="bbox 2145 3421 3729 3497">
    <p class='ocr_par' dir='ltr' id='par_1_94' title="bbox 2145 3421 3729 3497">
     <span class='ocr_line' id='line_1_94' title="bbox 2145 3421 3729 3497; baseline 0.009 -23"><span class='ocrx_word' id='word_1_736' title='bbox 2145 3421 2266 3490; x_wconf 87' lang='lat' dir='ltr'><strong>quia</strong></span> <span class='ocrx_word' id='word_1_737' title='bbox 2299 3423 2408 3494; x_wconf 87' lang='lat' dir='ltr'><strong>ipsa</strong></span> <span class='ocrx_word' id='word_1_738' title='bbox 2437 3434 2520 3479; x_wconf 89' lang='lat' dir='ltr'><strong>est</strong></span> <span class='ocrx_word' id='word_1_739' title='bbox 2546 3423 2856 3492; x_wconf 80' lang='lat' dir='ltr'><strong>babitatrix,</strong></span> <span class='ocrx_word' id='word_1_740' title='bbox 2899 3443 3024 3483; x_wconf 92' lang='lat' dir='ltr'><strong>caro</strong></span> <span class='ocrx_word' id='word_1_741' title='bbox 3058 3429 3447 3497; x_wconf 87' lang='lat' dir='ltr'><strong>habitaculum;</strong></span> <span class='ocrx_word' id='word_1_742' title='bbox 3477 3444 3530 3488; x_wconf 89' lang='lat' dir='ltr'><strong>et</strong></span> <span class='ocrx_word' id='word_1_743' title='bbox 3553 3435 3729 3489; x_wconf 85' lang='lat' dir='ltr'><strong>anima</strong></span> 
     </span>
    </p>
   </div>
   <div class='ocr_carea' id='block_1_95' title="bbox 2147 3512 3725 3591">
    <p class='ocr_par' dir='ltr' id='par_1_95' title="bbox 2147 3512 3725 3591">
     <span class='ocr_line' id='line_1_95' title="bbox 2147 3512 3725 3591; baseline 0.008 -25"><span class='ocrx_word' id='word_1_744' title='bbox 2147 3512 2478 3579; x_wconf 90' lang='lat' dir='ltr'><strong>dominatur,</strong></span> <span class='ocrx_word' id='word_1_745' title='bbox 2509 3530 2634 3570; x_wconf 90' lang='lat' dir='ltr'><strong>caro</strong></span> <span class='ocrx_word' id='word_1_746' title='bbox 2672 3525 2846 3570; x_wconf 87' lang='lat' dir='ltr'><strong>autem</strong></span> <span class='ocrx_word' id='word_1_747' title='bbox 2887 3519 3084 3584; x_wconf 89' lang='lat' dir='ltr'><strong>servit;</strong></span> <span class='ocrx_word' id='word_1_748' title='bbox 3125 3523 3299 3575; x_wconf 86' lang='lat' dir='ltr'><strong>anima</strong></span> <span class='ocrx_word' id='word_1_749' title='bbox 3343 3525 3586 3591; x_wconf 89' lang='lat' dir='ltr'><strong>superior</strong></span> <span class='ocrx_word' id='word_1_750' title='bbox 3625 3535 3725 3589; x_wconf 89' lang='lat' dir='ltr'><strong>est,</strong></span> 
     </span>
    </p>
   </div>
   <div class='ocr_carea' id='block_1_96' title="bbox 2146 3606 3727 3682">
    <p class='ocr_par' dir='ltr' id='par_1_96' title="bbox 2146 3606 3727 3682">
     <span class='ocr_line' id='line_1_96' title="bbox 2146 3606 3727 3682; baseline 0.007 -25"><span class='ocrx_word' id='word_1_751' title='bbox 2146 3618 2272 3659; x_wconf 93' lang='lat' dir='ltr'><strong>caro</strong></span> <span class='ocrx_word' id='word_1_752' title='bbox 2303 3606 2537 3674; x_wconf 85' lang='lat' dir='ltr'><strong>subjecta</strong></span> <span class='ocrx_word' id='word_1_753' title='bbox 2559 3615 2657 3660; x_wconf 85' lang='lat' dir='ltr'><strong>est.</strong></span> <span class='ocrx_word' id='word_1_754' title='bbox 2686 3608 2740 3664; x_wconf 91' lang='lat' dir='ltr'><strong>Si</strong></span> <span class='ocrx_word' id='word_1_755' title='bbox 2763 3625 2891 3679; x_wconf 85' lang='lat' dir='ltr'><strong>ergo</strong></span> <span class='ocrx_word' id='word_1_756' title='bbox 2913 3626 3070 3665; x_wconf 90' lang='lat' dir='ltr'><strong>nemo</strong></span> <span class='ocrx_word' id='word_1_757' title='bbox 3092 3628 3320 3682; x_wconf 86' lang='lat' dir='ltr'><strong>unquam</strong></span> <span class='ocrx_word' id='word_1_758' title='bbox 3342 3628 3554 3669; x_wconf 90' lang='lat' dir='ltr'><strong>carnem</strong></span> <span class='ocrx_word' id='word_1_759' title='bbox 3577 3631 3727 3670; x_wconf 88' lang='lat' dir='ltr'><strong>suam</strong></span> 
     </span>
    </p>
   </div>
   <div class='ocr_carea' id='block_1_97' title="bbox 2147 3695 3729 3770">
    <p class='ocr_par' dir='ltr' id='par_1_97' title="bbox 2147 3695 3729 3770">
     <span class='ocr_line' id='line_1_97' title="bbox 2147 3695 3729 3770; baseline 0.004 -22"><span class='ocrx_word' id='word_1_760' title='bbox 2147 3695 2269 3749; x_wconf 91' lang='lat' dir='ltr'><strong>odio</strong></span> <span class='ocrx_word' id='word_1_761' title='bbox 2311 3695 2522 3762; x_wconf 90' lang='lat' dir='ltr'><strong>habuit,</strong></span> <span class='ocrx_word' id='word_1_762' title='bbox 2550 3698 2668 3768; x_wconf 85' lang='lat' dir='ltr'><strong>quis</strong></span> <span class='ocrx_word' id='word_1_763' title='bbox 2694 3701 2887 3770; x_wconf 89' lang='lat' dir='ltr'><strong>estqui</strong></span> <span class='ocrx_word' id='word_1_764' title='bbox 2918 3703 3148 3756; x_wconf 87' lang='lat' dir='ltr'><strong>animam</strong></span> <span class='ocrx_word' id='word_1_765' title='bbox 3191 3718 3336 3757; x_wconf 89' lang='lat' dir='ltr'><strong>suam</strong></span> <span class='ocrx_word' id='word_1_766' title='bbox 3367 3705 3574 3760; x_wconf 83' lang='lat' dir='ltr'><strong>oderit?</strong></span> <span class='ocrx_word' id='word_1_767' title='bbox 3599 3707 3729 3762; x_wconf 70' lang='lat' dir='ltr'><strong>Pro-</strong></span> 
     </span>
    </p>
   </div>
   <div class='ocr_carea' id='block_1_98' title="bbox 2148 3787 3730 3867">
    <p class='ocr_par' dir='ltr' id='par_1_98' title="bbox 2148 3787 3730 3867">
     <span class='ocr_line' id='line_1_98' title="bbox 2148 3787 3730 3867; baseline 0.008 -27"><span class='ocrx_word' id='word_1_768' title='bbox 2148 3797 2266 3856; x_wconf 88' lang='lat' dir='ltr'><strong>pter</strong></span> <span class='ocrx_word' id='word_1_769' title='bbox 2281 3787 2381 3843; x_wconf 86' lang='lat' dir='ltr'><strong>hoc</strong></span> <span class='ocrx_word' id='word_1_770' title='bbox 2397 3803 2499 3842; x_wconf 93' lang='lat' dir='ltr'><strong>non</strong></span> <span class='ocrx_word' id='word_1_771' title='bbox 2524 3805 2737 3858; x_wconf 89' lang='lat' dir='ltr'><strong>parvam</strong></span> <span class='ocrx_word' id='word_1_772' title='bbox 2761 3793 3108 3859; x_wconf 66' lang='lat' dir='ltr'><strong>quaestionem</strong></span> <span class='ocrx_word' id='word_1_773' title='bbox 3133 3796 3282 3850; x_wconf 90' lang='lat' dir='ltr'><strong>nobis</strong></span> <span class='ocrx_word' id='word_1_774' title='bbox 3304 3797 3475 3851; x_wconf 89' lang='lat' dir='ltr'><strong>intulit</strong></span> <span class='ocrx_word' id='word_1_775' title='bbox 3496 3815 3730 3867; x_wconf 75' lang='lat' dir='ltr'><strong>pra-scus</strong></span> 
     </span>
    </p>
   </div>
   <div class='ocr_carea' id='block_1_99' title="bbox 2147 3877 3730 3950">
    <p class='ocr_par' dir='ltr' id='par_1_99' title="bbox 2147 3877 3730 3950">
     <span class='ocr_line' id='line_1_99' title="bbox 2147 3877 3730 3950; baseline 0.008 -20"><span class='ocrx_word' id='word_1_776' title='bbox 2147 3879 2449 3948; x_wconf 83' lang='lat' dir='ltr'><strong>evangelica</strong></span> <span class='ocrx_word' id='word_1_777' title='bbox 2482 3877 2640 3932; x_wconf 88' lang='lat' dir='ltr'><strong>lectio</strong></span> <span class='ocrx_word' id='word_1_778' title='bbox 2659 3919 2673 3943; x_wconf 91' lang='lat'><strong>,</strong></span> <span class='ocrx_word' id='word_1_779' title='bbox 2718 3880 2804 3934; x_wconf 89' lang='lat' dir='ltr'><strong>ubi</strong></span> <span class='ocrx_word' id='word_1_780' title='bbox 2845 3880 3140 3936; x_wconf 85' lang='lat' dir='ltr'><strong>audivimus</strong></span> <span class='ocrx_word' id='word_1_781' title='bbox 3159 3925 3172 3946; x_wconf 92' lang='lat'><strong>,</strong></span> <span class='ocrx_word' id='word_1_782' title='bbox 3218 3885 3318 3950; x_wconf 82' lang='lat' dir='ltr'><strong>Qui</strong></span> <span class='ocrx_word' id='word_1_783' title='bbox 3344 3899 3481 3941; x_wconf 85' lang='lat' dir='ltr'><strong>amat</strong></span> <span class='ocrx_word' id='word_1_784' title='bbox 3510 3891 3730 3943; x_wconf 82' lang='lat' dir='ltr'><strong>animum</strong></span> 
     </span>
    </p>
   </div>
   <div class='ocr_carea' id='block_1_100' title="bbox 2145 3968 3730 4042">
    <p class='ocr_par' dir='ltr' id='par_1_100' title="bbox 2145 3968 3730 4042">
     <span class='ocr_line' id='line_1_100' title="bbox 2145 3968 3730 4042; baseline 0.008 -21"><span class='ocrx_word' id='word_1_785' title='bbox 2145 3984 2322 4035; x_wconf 89' lang='lat' dir='ltr'><strong>suam,</strong></span> <span class='ocrx_word' id='word_1_786' title='bbox 2354 3968 2522 4037; x_wconf 85' lang='lat' dir='ltr'><strong>perdet</strong></span> <span class='ocrx_word' id='word_1_787' title='bbox 2550 3968 2714 4023; x_wconf 84' lang='lat' dir='ltr'><strong>illaut.</strong></span> <span class='ocrx_word' id='word_1_788' title='bbox 2746 3970 3110 4026; x_wconf 89' lang='lat' dir='ltr'><strong>Periculosum</strong></span> <span class='ocrx_word' id='word_1_789' title='bbox 3140 3983 3222 4027; x_wconf 89' lang='lat' dir='ltr'><strong>est</strong></span> <span class='ocrx_word' id='word_1_790' title='bbox 3255 3977 3485 4030; x_wconf 89' lang='lat' dir='ltr'><strong>animam</strong></span> <span class='ocrx_word' id='word_1_791' title='bbox 3527 3994 3730 4042; x_wconf 89' lang='lat' dir='ltr'><strong>amare,</strong></span> 
     </span>
    </p>
   </div>
   <div class='ocr_carea' id='block_1_101' title="bbox 2149 4064 3733 4138">
    <p class='ocr_par' dir='ltr' id='par_1_101' title="bbox 2149 4064 3733 4138">
     <span class='ocr_line' id='line_1_101' title="bbox 2149 4064 3733 4138; baseline 0.008 -22"><span class='ocrx_word' id='word_1_792' title='bbox 2149 4080 2214 4118; x_wconf 90' lang='lat' dir='ltr'><strong>ne</strong></span> <span class='ocrx_word' id='word_1_793' title='bbox 2241 4074 2440 4133; x_wconf 91' lang='lat' dir='ltr'><strong>pereat.</strong></span> <span class='ocrx_word' id='word_1_794' title='bbox 2471 4064 2575 4121; x_wconf 89' lang='lat' dir='ltr'><strong>Sed</strong></span> <span class='ocrx_word' id='word_1_795' title='bbox 2604 4065 2648 4121; x_wconf 91' lang='lat' dir='ltr'><strong>si</strong></span> <span class='ocrx_word' id='word_1_796' title='bbox 2678 4075 2955 4138; x_wconf 89' lang='lat' dir='ltr'><strong>propterea</strong></span> <span class='ocrx_word' id='word_1_797' title='bbox 2985 4067 3338 4137; x_wconf 89' lang='lat' dir='ltr'><strong>periculosum</strong></span> <span class='ocrx_word' id='word_1_798' title='bbox 3373 4080 3455 4124; x_wconf 90' lang='lat' dir='ltr'><strong>est</strong></span> <span class='ocrx_word' id='word_1_799' title='bbox 3489 4081 3546 4126; x_wconf 90' lang='lat' dir='ltr'><strong>ut</strong></span> <span class='ocrx_word' id='word_1_800' title='bbox 3580 4090 3733 4130; x_wconf 89' lang='lat' dir='ltr'><strong>ames</strong></span> 
     </span>
    </p>
   </div>
   <div class='ocr_carea' id='block_1_102' title="bbox 2147 4161 3734 4235">
    <p class='ocr_par' dir='ltr' id='par_1_102' title="bbox 2147 4161 3734 4235">
     <span class='ocr_line' id='line_1_102' title="bbox 2147 4161 3734 4235; baseline 0.005 -21"><span class='ocrx_word' id='word_1_801' title='bbox 2147 4161 2377 4216; x_wconf 91' lang='lat' dir='ltr'><strong>animam</strong></span> <span class='ocrx_word' id='word_1_802' title='bbox 2404 4171 2545 4218; x_wconf 92' lang='lat' dir='ltr'><strong>tuam</strong></span> <span class='ocrx_word' id='word_1_803' title='bbox 2569 4205 2582 4229; x_wconf 95' lang='lat'><strong>,</strong></span> <span class='ocrx_word' id='word_1_804' title='bbox 2614 4180 2682 4219; x_wconf 91' lang='lat' dir='ltr'><strong>ne</strong></span> <span class='ocrx_word' id='word_1_805' title='bbox 2711 4174 2892 4235; x_wconf 89' lang='lat' dir='ltr'><strong>pereat</strong></span> <span class='ocrx_word' id='word_1_806' title='bbox 2930 4167 3104 4221; x_wconf 87' lang='lat' dir='ltr'><strong>anima</strong></span> <span class='ocrx_word' id='word_1_807' title='bbox 3133 4175 3217 4221; x_wconf 90' lang='lat' dir='ltr'><strong>tua</strong></span> <span class='ocrx_word' id='word_1_808' title='bbox 3239 4208 3252 4232; x_wconf 96' lang='lat'><strong>,</strong></span> <span class='ocrx_word' id='word_1_809' title='bbox 3285 4167 3405 4222; x_wconf 91' lang='lat' dir='ltr'><strong>ideo</strong></span> <span class='ocrx_word' id='word_1_810' title='bbox 3434 4182 3537 4222; x_wconf 89' lang='lat' dir='ltr'><strong>non</strong></span> <span class='ocrx_word' id='word_1_811' title='bbox 3565 4169 3734 4224; x_wconf 89' lang='lat' dir='ltr'><strong>debes</strong></span> 
     </span>
    </p>
   </div>
   <div class='ocr_carea' id='block_1_103' title="bbox 2149 4253 3730 4328">
    <p class='ocr_par' dir='ltr' id='par_1_103' title="bbox 2149 4253 3730 4328">
     <span class='ocr_line' id='line_1_103' title="bbox 2149 4253 3730 4328; baseline 0.005 -22"><span class='ocrx_word' id='word_1_812' title='bbox 2149 4253 2290 4308; x_wconf 87' lang='lat' dir='ltr'><strong>illam</strong></span> <span class='ocrx_word' id='word_1_813' title='bbox 2319 4270 2518 4321; x_wconf 87' lang='lat' dir='ltr'><strong>amare,</strong></span> <span class='ocrx_word' id='word_1_814' title='bbox 2552 4256 2672 4326; x_wconf 92' lang='lat' dir='ltr'><strong>quia</strong></span> <span class='ocrx_word' id='word_1_815' title='bbox 2702 4274 2804 4311; x_wconf 92' lang='lat' dir='ltr'><strong>non</strong></span> <span class='ocrx_word' id='word_1_816' title='bbox 2835 4260 2913 4312; x_wconf 89' lang='lat' dir='ltr'><strong>vis</strong></span> <span class='ocrx_word' id='word_1_817' title='bbox 2940 4259 3082 4312; x_wconf 90' lang='lat' dir='ltr'><strong>illam</strong></span> <span class='ocrx_word' id='word_1_818' title='bbox 3108 4259 3300 4328; x_wconf 84' lang='lat' dir='ltr'><strong>perire.</strong></span> <span class='ocrx_word' id='word_1_819' title='bbox 3323 4259 3379 4315; x_wconf 90' lang='lat' dir='ltr'><strong>Si</strong></span> <span class='ocrx_word' id='word_1_820' title='bbox 3415 4268 3595 4313; x_wconf 89' lang='lat' dir='ltr'><strong>autem</strong></span> <span class='ocrx_word' id='word_1_821' title='bbox 3627 4276 3730 4314; x_wconf 88' lang='lat' dir='ltr'><strong>non</strong></span> 
     </span>
    </p>
   </div>
   <div class='ocr_carea' id='block_1_104' title="bbox 2147 4343 3730 4418">
    <p class='ocr_par' dir='ltr' id='par_1_104' title="bbox 2147 4343 3730 4418">
     <span class='ocr_line' id='line_1_104' title="bbox 2147 4343 3730 4418; baseline 0.003 -20"><span class='ocrx_word' id='word_1_822' title='bbox 2147 4343 2227 4398; x_wconf 89' lang='lat' dir='ltr'><strong>vis</strong></span> <span class='ocrx_word' id='word_1_823' title='bbox 2255 4345 2396 4399; x_wconf 87' lang='lat' dir='ltr'><strong>illam</strong></span> <span class='ocrx_word' id='word_1_824' title='bbox 2425 4348 2626 4414; x_wconf 79' lang='lat' dir='ltr'><strong>perire,</strong></span> <span class='ocrx_word' id='word_1_825' title='bbox 2657 4365 2807 4404; x_wconf 91' lang='lat' dir='ltr'><strong>amas</strong></span> <span class='ocrx_word' id='word_1_826' title='bbox 2835 4350 2998 4404; x_wconf 90' lang='lat' dir='ltr'><strong>illam.</strong></span> <span class='ocrx_word' id='word_1_827' title='bbox 3027 4350 3164 4418; x_wconf 86' lang='lat' dir='ltr'><strong>Quid</strong></span> <span class='ocrx_word' id='word_1_828' title='bbox 3201 4359 3283 4405; x_wconf 80' lang='lat' dir='ltr'><strong>est</strong></span> <span class='ocrx_word' id='word_1_829' title='bbox 3319 4350 3458 4406; x_wconf 88' lang='lat' dir='ltr'><strong>hoc?</strong></span> <span class='ocrx_word' id='word_1_830' title='bbox 3488 4351 3543 4407; x_wconf 90' lang='lat' dir='ltr'><strong>Si</strong></span> <span class='ocrx_word' id='word_1_831' title='bbox 3585 4367 3730 4417; x_wconf 86' lang='lat' dir='ltr'><strong>amo,</strong></span> 
     </span>
    </p>
   </div>
   <div class='ocr_carea' id='block_1_105' title="bbox 2148 4439 3733 4514">
    <p class='ocr_par' dir='ltr' id='par_1_105' title="bbox 2148 4439 3733 4514">
     <span class='ocr_line' id='line_1_105' title="bbox 2148 4439 3733 4514; baseline 0.003 -21"><span class='ocrx_word' id='word_1_832' title='bbox 2148 4439 2333 4508; x_wconf 86' lang='lat' dir='ltr'><strong>perdo.</strong></span> <span class='ocrx_word' id='word_1_833' title='bbox 2370 4442 2507 4511; x_wconf 87' lang='lat' dir='ltr'><strong>Ergo</strong></span> <span class='ocrx_word' id='word_1_834' title='bbox 2535 4457 2637 4496; x_wconf 90' lang='lat' dir='ltr'><strong>non</strong></span> <span class='ocrx_word' id='word_1_835' title='bbox 2671 4459 2844 4498; x_wconf 89' lang='lat' dir='ltr'><strong>amem</strong></span> <span class='ocrx_word' id='word_1_836' title='bbox 2864 4485 2878 4510; x_wconf 94' lang='lat'><strong>,</strong></span> <span class='ocrx_word' id='word_1_837' title='bbox 2909 4459 2975 4498; x_wconf 90' lang='lat' dir='ltr'><strong>ne</strong></span> <span class='ocrx_word' id='word_1_838' title='bbox 3014 4443 3252 4512; x_wconf 85' lang='lat' dir='ltr'><strong>perdam.</strong></span> <span class='ocrx_word' id='word_1_839' title='bbox 3287 4444 3390 4499; x_wconf 85' lang='lat' dir='ltr'><strong>Sed</strong></span> <span class='ocrx_word' id='word_1_840' title='bbox 3422 4446 3542 4514; x_wconf 90' lang='lat' dir='ltr'><strong>quia</strong></span> <span class='ocrx_word' id='word_1_841' title='bbox 3571 4445 3733 4498; x_wconf 87' lang='lat' dir='ltr'><strong>timeo</strong></span> 
     </span>
    </p>
   </div>
   <div class='ocr_carea' id='block_1_106' title="bbox 2149 4532 3730 4607">
    <p class='ocr_par' dir='ltr' id='par_1_106' title="bbox 2149 4532 3730 4607">
     <span class='ocr_line' id='line_1_106' title="bbox 2149 4532 3730 4607; baseline 0.004 -23"><span class='ocrx_word' id='word_1_842' title='bbox 2149 4532 2394 4599; x_wconf 90' lang='lat' dir='ltr'><strong>perdere,</strong></span> <span class='ocrx_word' id='word_1_843' title='bbox 2425 4534 2544 4588; x_wconf 88' lang='lat' dir='ltr'><strong>ideo</strong></span> <span class='ocrx_word' id='word_1_844' title='bbox 2571 4550 2674 4589; x_wconf 93' lang='lat' dir='ltr'><strong>non</strong></span> <span class='ocrx_word' id='word_1_845' title='bbox 2702 4551 2857 4600; x_wconf 89' lang='lat' dir='ltr'><strong>amo;</strong></span> <span class='ocrx_word' id='word_1_846' title='bbox 2889 4546 2940 4588; x_wconf 90' lang='lat' dir='ltr'><strong>et</strong></span> <span class='ocrx_word' id='word_1_847' title='bbox 2966 4537 3144 4607; x_wconf 91' lang='lat' dir='ltr'><strong>utique</strong></span> <span class='ocrx_word' id='word_1_848' title='bbox 3170 4537 3308 4606; x_wconf 88' lang='lat' dir='ltr'><strong>quod</strong></span> <span class='ocrx_word' id='word_1_849' title='bbox 3339 4537 3497 4592; x_wconf 90' lang='lat' dir='ltr'><strong>timeo</strong></span> <span class='ocrx_word' id='word_1_850' title='bbox 3521 4553 3584 4591; x_wconf 91' lang='lat' dir='ltr'><strong>ne</strong></span> <span class='ocrx_word' id='word_1_851' title='bbox 3609 4553 3730 4606; x_wconf 84' lang='lat' dir='ltr'><strong>per—</strong></span> 
     </span>
    </p>
   </div>
   <div class='ocr_carea' id='block_1_107' title="bbox 2149 4622 3838 4709">
    <p class='ocr_par' dir='ltr' id='par_1_107' title="bbox 2149 4622 3838 4709">
     <span class='ocr_line' id='line_1_107' title="bbox 2149 4622 3838 4709; baseline 0.005 -34"><span class='ocrx_word' id='word_1_852' title='bbox 2149 4622 2305 4687; x_wconf 89' lang='lat' dir='ltr'><strong>dam,</strong></span> <span class='ocrx_word' id='word_1_853' title='bbox 2344 4639 2486 4679; x_wconf 88' lang='lat' dir='ltr'><strong>amo.</strong></span> <span class='ocrx_word' id='word_1_854' title='bbox 2521 4626 2656 4681; x_wconf 88' lang='lat' dir='ltr'><strong>Dicit</strong></span> <span class='ocrx_word' id='word_1_855' title='bbox 2685 4635 2738 4681; x_wconf 87' lang='lat' dir='ltr'><strong>et</strong></span> <span class='ocrx_word' id='word_1_856' title='bbox 2764 4627 2885 4680; x_wconf 89' lang='lat' dir='ltr'><strong>alibi</strong></span> <span class='ocrx_word' id='word_1_857' title='bbox 2918 4627 3210 4683; x_wconf 91' lang='lat' dir='ltr'><strong>Dominus:</strong></span> <span class='ocrx_word' id='word_1_858' title='bbox 3239 4627 3374 4694; x_wconf 84' lang='lat' dir='ltr'><strong>Quid</strong></span> <span class='ocrx_word' id='word_1_859' title='bbox 3412 4628 3612 4697; x_wconf 80' lang='lat' dir='ltr'><strong>prodest</strong></span> <span class='ocrx_word' id='word_1_860' title='bbox 3642 4630 3736 4682; x_wconf 88' lang='lat' dir='ltr'><strong>ho-</strong></span> <span class='ocrx_word' id='word_1_861' title='bbox 3827 4699 3838 4709; x_wconf 35' lang='grc' dir='ltr'><strong><em>ο</em></strong></span> 
     </span>
    </p>
   </div>
   <div class='ocr_carea' id='block_1_108' title="bbox 2149 4716 3738 4783">
    <p class='ocr_par' dir='ltr' id='par_1_108' title="bbox 2149 4716 3738 4783">
     <span class='ocr_line' id='line_1_108' title="bbox 2149 4716 3738 4783; baseline 0.004 -16"><span class='ocrx_word' id='word_1_862' title='bbox 2149 4716 2273 4769; x_wconf 86' lang='lat' dir='ltr'><strong>mini</strong></span> <span class='ocrx_word' id='word_1_863' title='bbox 2297 4717 2340 4770; x_wconf 86' lang='lat' dir='ltr'><strong>si</strong></span> <span class='ocrx_word' id='word_1_864' title='bbox 2366 4725 2525 4771; x_wconf 85' lang='lat' dir='ltr'><strong>totum</strong></span> <span class='ocrx_word' id='word_1_865' title='bbox 2551 4718 2796 4771; x_wconf 84' lang='lat' dir='ltr'><strong>mundum</strong></span> <span class='ocrx_word' id='word_1_866' title='bbox 2823 4719 3044 4772; x_wconf 86' lang='lat' dir='ltr'><strong>lucretur</strong></span> <span class='ocrx_word' id='word_1_867' title='bbox 3061 4762 3076 4783; x_wconf 91' lang='lat'><strong>,</strong></span> <span class='ocrx_word' id='word_1_868' title='bbox 3106 4721 3289 4773; x_wconf 71' lang='lat' dir='ltr'><strong>anima:</strong></span> <span class='ocrx_word' id='word_1_869' title='bbox 3313 4736 3426 4772; x_wconf 87' lang='lat' dir='ltr'><strong>vero</strong></span> <span class='ocrx_word' id='word_1_870' title='bbox 3452 4735 3555 4773; x_wconf 66' lang='lat' dir='ltr'><strong>suae</strong></span> <span class='ocrx_word' id='word_1_871' title='bbox 3581 4721 3738 4773; x_wconf 81' lang='lat' dir='ltr'><strong>detri-</strong></span> 
     </span>
    </p>
   </div>
   <div class='ocr_carea' id='block_1_109' title="bbox 2149 4809 3736 4884">
    <p class='ocr_par' dir='ltr' id='par_1_109' title="bbox 2149 4809 3736 4884">
     <span class='ocr_line' id='line_1_109' title="bbox 2149 4809 3736 4884; baseline 0.003 -23"><span class='ocrx_word' id='word_1_872' title='bbox 2149 4818 2367 4862; x_wconf 89' lang='lat' dir='ltr'><strong>mentum</strong></span> <span class='ocrx_word' id='word_1_873' title='bbox 2397 4809 2622 4880; x_wconf 88' lang='lat' dir='ltr'><strong>patiatur</strong></span> <span class='ocrx_word' id='word_1_874' title='bbox 2651 4809 2860 4884; x_wconf 82' lang='lat' dir='ltr'><strong>(Matth.</strong></span> <span class='ocrx_word' id='word_1_875' title='bbox 2893 4827 2998 4877; x_wconf 82' lang='lat' dir='ltr'><strong>va,</strong></span> <span class='ocrx_word' id='word_1_876' title='bbox 3030 4811 3160 4882; x_wconf 74' lang='lat'><strong>26)?</strong></span> <span class='ocrx_word' id='word_1_877' title='bbox 3200 4812 3339 4866; x_wconf 84' lang='lat' dir='ltr'><strong>Ecce</strong></span> <span class='ocrx_word' id='word_1_878' title='bbox 3377 4812 3496 4882; x_wconf 85' lang='lat' dir='ltr'><strong>quia</strong></span> <span class='ocrx_word' id='word_1_879' title='bbox 3537 4812 3614 4865; x_wconf 91' lang='lat' dir='ltr'><strong>sic</strong></span> <span class='ocrx_word' id='word_1_880' title='bbox 3653 4821 3736 4866; x_wconf 84' lang='lat' dir='ltr'><strong>est</strong></span> 
     </span>
    </p>
   </div>
   <div class='ocr_carea' id='block_1_110' title="bbox 2211 4961 3731 5028">
    <p class='ocr_par' dir='ltr' id='par_1_110' title="bbox 2211 4961 3731 5028">
     <span class='ocr_line' id='line_1_110' title="bbox 2211 4961 3731 5028; baseline 0.003 -17"><span class='ocrx_word' id='word_1_881' title='bbox 2211 4963 2230 4983; x_wconf 77' lang='lat'><strong><em>‘</em></strong></span> <span class='ocrx_word' id='word_1_882' title='bbox 2262 4962 2471 5012; x_wconf 75' lang='lat' dir='ltr'><strong>Collatus</strong></span> <span class='ocrx_word' id='word_1_883' title='bbox 2505 4961 2563 5011; x_wconf 88' lang='lat' dir='ltr'><strong>ad</strong></span> <span class='ocrx_word' id='word_1_884' title='bbox 2602 4962 2724 5012; x_wconf 87' lang='lat' dir='ltr'><strong>duos</strong></span> <span class='ocrx_word' id='word_1_885' title='bbox 2746 4963 2806 5012; x_wconf 91' lang='lat' dir='ltr'><strong>cl.</strong></span> <span class='ocrx_word' id='word_1_886' title='bbox 2833 4962 2892 5012; x_wconf 87' lang='lat' dir='ltr'><strong>ad</strong></span> <span class='ocrx_word' id='word_1_887' title='bbox 2916 4978 2992 5028; x_wconf 84' lang='lat' dir='ltr'><strong>gr.</strong></span> <span class='ocrx_word' id='word_1_888' title='bbox 3031 4976 3124 5013; x_wconf 90' lang='lat' dir='ltr'><strong>rm.</strong></span> <span class='ocrx_word' id='word_1_889' title='bbox 3149 4978 3196 5014; x_wconf 94' lang='lat' dir='ltr'><strong>v.</strong></span> <span class='ocrx_word' id='word_1_890' title='bbox 3239 4971 3292 5014; x_wconf 91' lang='lat' dir='ltr'><strong>et</strong></span> <span class='ocrx_word' id='word_1_891' title='bbox 3315 4964 3372 5014; x_wconf 88' lang='lat' dir='ltr'><strong>ad</strong></span> <span class='ocrx_word' id='word_1_892' title='bbox 3404 4971 3502 5013; x_wconf 74' lang='lat' dir='ltr'><strong>Am.</strong></span> <span class='ocrx_word' id='word_1_893' title='bbox 3529 4971 3602 5014; x_wconf 82' lang='lat' dir='ltr'><strong>Fr.</strong></span> <span class='ocrx_word' id='word_1_894' title='bbox 3630 4974 3731 5016; x_wconf 80' lang='lat' dir='ltr'><strong>Par.</strong></span> 
     </span>
    </p>
   </div>
   <div class='ocr_carea' id='block_1_111' title="bbox 2149 5031 2257 5073">
    <p class='ocr_par' dir='ltr' id='par_1_111' title="bbox 2149 5031 2257 5073">
     <span class='ocr_line' id='line_1_111' title="bbox 2149 5031 2257 5073; baseline 0 -1"><span class='ocrx_word' id='word_1_895' title='bbox 2149 5031 2257 5073; x_wconf 67' lang='grc' dir='ltr'><strong>ιον.</strong></span> 
     </span>
    </p>
   </div>
   <div class='ocr_carea' id='block_1_112' title="bbox 2233 5085 3031 5148">
    <p class='ocr_par' dir='ltr' id='par_1_112' title="bbox 2233 5085 3031 5148">
     <span class='ocr_line' id='line_1_112' title="bbox 2233 5085 3031 5148; baseline 0.001 -13"><span class='ocrx_word' id='word_1_896' title='bbox 2233 5087 2284 5148; x_wconf 69' lang='grc' dir='ltr'><strong>(ι)</strong></span> <span class='ocrx_word' id='word_1_897' title='bbox 2321 5085 2455 5145; x_wconf 79' lang='lat' dir='ltr'><strong>Alias,</strong></span> <span class='ocrx_word' id='word_1_898' title='bbox 2476 5086 2538 5134; x_wconf 81' lang='lat'><strong>37</strong></span> <span class='ocrx_word' id='word_1_899' title='bbox 2558 5086 2690 5135; x_wconf 86' lang='lat' dir='ltr'><strong>inter</strong></span> <span class='ocrx_word' id='word_1_900' title='bbox 2709 5085 2931 5136; x_wconf 84' lang='lat' dir='ltr'><strong>ttomilias</strong></span> <span class='ocrx_word' id='word_1_901' title='bbox 2951 5087 3031 5136; x_wconf 77' lang='lat'><strong>50.</strong></span> 
     </span>
    </p>
   </div>
   <div class='ocr_carea' id='block_1_113' title="bbox 2233 5147 3737 5212">
    <p class='ocr_par' dir='ltr' id='par_1_113' title="bbox 2233 5147 3737 5212">
     <span class='ocr_line' id='line_1_113' title="bbox 2233 5147 3737 5212; baseline 0.003 -16"><span class='ocrx_word' id='word_1_902' title='bbox 2233 5147 2283 5210; x_wconf 74' lang='grc' dir='ltr'><strong>ὁ)</strong></span> <span class='ocrx_word' id='word_1_903' title='bbox 2315 5149 2426 5212; x_wconf 77' lang='lat' dir='ltr'><strong>sine</strong></span> <span class='ocrx_word' id='word_1_904' title='bbox 2461 5149 2711 5209; x_wconf 77' lang='lat' dir='ltr'><strong>Augustini</strong></span> <span class='ocrx_word' id='word_1_905' title='bbox 2742 5149 2940 5212; x_wconf 85' lang='lat' dir='ltr'><strong>nomine</strong></span> <span class='ocrx_word' id='word_1_906' title='bbox 2981 5157 3206 5212; x_wconf 88' lang='lat' dir='ltr'><strong>tanquam</strong></span> <span class='ocrx_word' id='word_1_907' title='bbox 3229 5149 3404 5200; x_wconf 86' lang='lat' dir='ltr'><strong>dubius</strong></span> <span class='ocrx_word' id='word_1_908' title='bbox 3423 5163 3452 5199; x_wconf 87' lang='lat' dir='ltr'><strong>a</strong></span> <span class='ocrx_word' id='word_1_909' title='bbox 3474 5153 3737 5201; x_wconf 78' lang='lat' dir='ltr'><strong>Lovanien—</strong></span> 
     </span>
    </p>
   </div>
   <div class='ocr_carea' id='block_1_114' title="bbox 2149 5207 3734 5273">
    <p class='ocr_par' dir='ltr' id='par_1_114' title="bbox 2149 5207 3734 5273">
     <span class='ocr_line' id='line_1_114' title="bbox 2149 5207 3734 5273; baseline 0.004 -15"><span class='ocrx_word' id='word_1_910' title='bbox 2149 5207 2284 5273; x_wconf 82' lang='lat' dir='ltr'><strong>sibus</strong></span> <span class='ocrx_word' id='word_1_911' title='bbox 2306 5207 2467 5258; x_wconf 90' lang='lat' dir='ltr'><strong>editus</strong></span> <span class='ocrx_word' id='word_1_912' title='bbox 2489 5207 2567 5273; x_wconf 75' lang='lat' dir='ltr'><strong>est</strong></span> <span class='ocrx_word' id='word_1_913' title='bbox 2585 5241 2604 5273; x_wconf 85' lang='lat'><strong>,_</strong></span> <span class='ocrx_word' id='word_1_914' title='bbox 2643 5221 2670 5256; x_wconf 93' lang='lat' dir='ltr'><strong>a</strong></span> <span class='ocrx_word' id='word_1_915' title='bbox 2698 5209 2888 5273; x_wconf 16' lang='lat' dir='ltr'><strong>\‘Aerlino</strong></span> <span class='ocrx_word' id='word_1_916' title='bbox 2909 5207 3150 5273; x_wconf 37' lang='lat' dir='ltr'><strong>autemfet</strong></span> <span class='ocrx_word' id='word_1_917' title='bbox 3173 5212 3407 5273; x_wconf 74' lang='lat' dir='ltr'><strong>\‘indingo</strong></span> <span class='ocrx_word' id='word_1_918' title='bbox 3445 5213 3661 5273; x_wconf 71' lang='lat' dir='ltr'><strong>reiectus</strong></span> <span class='ocrx_word' id='word_1_919' title='bbox 3682 5220 3734 5264; x_wconf 83' lang='lat' dir='ltr'><strong>ut</strong></span> 
     </span>
    </p>
   </div>
   <div class='ocr_carea' id='block_1_115' title="bbox 2150 5269 3734 5344">
    <p class='ocr_par' dir='ltr' id='par_1_115' title="bbox 2150 5269 3734 5344">
     <span class='ocr_line' id='line_1_115' title="bbox 2150 5269 3734 5344; baseline 0.003 -24"><span class='ocrx_word' id='word_1_920' title='bbox 2150 5271 2360 5342; x_wconf 75' lang='lat' dir='ltr'><strong>spurius.</strong></span> <span class='ocrx_word' id='word_1_921' title='bbox 2395 5277 2508 5344; x_wconf 49' lang='lat' dir='ltr'><strong>Quae</strong></span> <span class='ocrx_word' id='word_1_922' title='bbox 2531 5269 2610 5318; x_wconf 89' lang='lat' dir='ltr'><strong>isti</strong></span> <span class='ocrx_word' id='word_1_923' title='bbox 2646 5271 2790 5344; x_wconf 57' lang='lat' dir='ltr'><strong>suntm</strong></span> <span class='ocrx_word' id='word_1_924' title='bbox 2812 5271 3185 5344; x_wconf 77' lang='lat' dir='ltr'><strong>reprehendunt</strong></span> <span class='ocrx_word' id='word_1_925' title='bbox 3218 5276 3275 5344; x_wconf 92' lang='lat' dir='ltr'><strong>_in</strong></span> <span class='ocrx_word' id='word_1_926' title='bbox 3301 5269 3396 5344; x_wconf 75' lang='lat' dir='ltr'><strong>illis</strong></span> <span class='ocrx_word' id='word_1_927' title='bbox 3438 5269 3552 5344; x_wconf 78' lang='lat' dir='ltr'><strong>ante</strong></span> <span class='ocrx_word' id='word_1_928' title='bbox 3590 5283 3734 5335; x_wconf 64' lang='lat' dir='ltr'><strong>caput</strong></span> 
     </span>
    </p>
   </div>
   <div class='ocr_carea' id='block_1_116' title="bbox 2151 5331 3728 5397">
    <p class='ocr_par' dir='ltr' id='par_1_116' title="bbox 2151 5331 3728 5397">
     <span class='ocr_line' id='line_1_116' title="bbox 2151 5331 3728 5397; baseline 0.003 -17"><span class='ocrx_word' id='word_1_929' title='bbox 2151 5332 2349 5397; x_wconf 76' lang='lat' dir='ltr'><strong>tertium</strong></span> <span class='ocrx_word' id='word_1_930' title='bbox 2375 5331 2555 5389; x_wconf 85' lang='lat' dir='ltr'><strong>verbis,</strong></span> <span class='ocrx_word' id='word_1_931' title='bbox 2588 5349 2611 5376; x_wconf 71' lang='grc' dir='ltr'><strong>α</strong></span> <span class='ocrx_word' id='word_1_932' title='bbox 2633 5331 2814 5397; x_wconf 70' lang='lat' dir='ltr'><strong>Videtis</strong></span> <span class='ocrx_word' id='word_1_933' title='bbox 2835 5331 2973 5382; x_wconf 81' lang='lat' dir='ltr'><strong>certe</strong></span> <span class='ocrx_word' id='word_1_934' title='bbox 3005 5334 3165 5397; x_wconf 85' lang='lat' dir='ltr'><strong>modo,</strong></span> <span class='ocrx_word' id='word_1_935' title='bbox 3189 5338 3230 5384; x_wconf 88' lang='lat' dir='ltr'><strong>si</strong></span> <span class='ocrx_word' id='word_1_936' title='bbox 3261 5336 3401 5397; x_wconf 81' lang='lat' dir='ltr'><strong>cujus</strong></span> <span class='ocrx_word' id='word_1_937' title='bbox 3422 5337 3536 5394; x_wconf 76' lang='lat' dir='ltr'><strong>vita,</strong></span> <span class='ocrx_word' id='word_1_938' title='bbox 3560 5351 3584 5380; x_wconf 74' lang='grc' dir='ltr'><strong>ι</strong></span> <span class='ocrx_word' id='word_1_939' title='bbox 3615 5331 3728 5392; x_wconf 68' lang='grc' dir='ltr'><strong>εἰς..</strong></span> 
     </span>
    </p>
   </div>
   <div class='ocr_carea' id='block_1_117' title="bbox 2149 5392 3730 5458">
    <p class='ocr_par' dir='ltr' id='par_1_117' title="bbox 2149 5392 3730 5458">
     <span class='ocr_line' id='line_1_117' title="bbox 2149 5392 3730 5458; baseline 0.001 -16"><span class='ocrx_word' id='word_1_940' title='bbox 2149 5394 2232 5442; x_wconf 83' lang='lat' dir='ltr'><strong>ubi</strong></span> <span class='ocrx_word' id='word_1_941' title='bbox 2259 5392 2415 5458; x_wconf 83' lang='lat' dir='ltr'><strong>locum</strong></span> <span class='ocrx_word' id='word_1_942' title='bbox 2439 5393 2688 5458; x_wconf 66' lang='lat' dir='ltr'><strong>Augustini</strong></span> <span class='ocrx_word' id='word_1_943' title='bbox 2707 5406 2778 5458; x_wconf 80' lang='lat' dir='ltr'><strong>ex</strong></span> <span class='ocrx_word' id='word_1_944' title='bbox 2803 5405 3031 5443; x_wconf 82' lang='lat' dir='ltr'><strong>sermone</strong></span> <span class='ocrx_word' id='word_1_945' title='bbox 3059 5396 3138 5444; x_wconf 82' lang='grc'><strong>161</strong></span> <span class='ocrx_word' id='word_1_946' title='bbox 3160 5431 3175 5455; x_wconf 86' lang='grc'><em>,</em></span> <span class='ocrx_word' id='word_1_947' title='bbox 3223 5392 3335 5457; x_wconf 57' lang='lat' dir='ltr'><strong>cap:</strong></span> <span class='ocrx_word' id='word_1_948' title='bbox 3350 5395 3410 5455; x_wconf 79' lang='grc'><strong>4,</strong></span> <span class='ocrx_word' id='word_1_949' title='bbox 3437 5392 3615 5458; x_wconf 65' lang='lat' dir='ltr'><strong>exscri;</strong></span> <span class='ocrx_word' id='word_1_950' title='bbox 3634 5405 3730 5446; x_wconf 67' lang='lat' dir='ltr'><strong>tim]</strong></span> 
     </span>
    </p>
   </div>
   <div class='ocr_carea' id='block_1_118' title="bbox 2149 5453 3735 5520">
    <p class='ocr_par' dir='ltr' id='par_1_118' title="bbox 2149 5453 3735 5520">
     <span class='ocr_line' id='line_1_118' title="bbox 2149 5453 3735 5520; baseline 0.003 -17"><span class='ocrx_word' id='word_1_951' title='bbox 2149 5463 2230 5503; x_wconf 88' lang='lat' dir='ltr'><strong>aut</strong></span> <span class='ocrx_word' id='word_1_952' title='bbox 2252 5453 2524 5520; x_wconf 54' lang='lat' dir='ltr'><strong>imitatione&quot;</strong></span> <span class='ocrx_word' id='word_1_953' title='bbox 2541 5453 2798 5520; x_wconf 71' lang='lat' dir='ltr'><strong>infeliciter</strong></span> <span class='ocrx_word' id='word_1_954' title='bbox 2814 5468 3103 5520; x_wconf 80' lang='lat' dir='ltr'><strong>expressum</strong></span> <span class='ocrx_word' id='word_1_955' title='bbox 3127 5453 3508 5520; x_wconf 13' lang='lat' dir='ltr'><strong>coinqu&#39;eruntur,</strong></span> <span class='ocrx_word' id='word_1_956' title='bbox 3530 5470 3587 5506; x_wconf 87' lang='lat' dir='ltr'><strong>ea</strong></span> <span class='ocrx_word' id='word_1_957' title='bbox 3604 5453 3735 5508; x_wconf 62' lang='lat' dir='ltr'><strong>&#39;forte</strong></span> 
     </span>
    </p>
   </div>
   <div class='ocr_carea' id='block_1_119' title="bbox 2150 5514 3732 5577">
    <p class='ocr_par' dir='ltr' id='par_1_119' title="bbox 2150 5514 3732 5577">
     <span class='ocr_line' id='line_1_119' title="bbox 2150 5514 3732 5577; baseline 0.001 -12"><span class='ocrx_word' id='word_1_958' title='bbox 2150 5516 2510 5577; x_wconf 78' lang='lat' dir='ltr'><strong>interpolatoris</strong></span> <span class='ocrx_word' id='word_1_959' title='bbox 2526 5514 2728 5577; x_wconf 82' lang='lat' dir='ltr'><strong>alicujus</strong></span> <span class='ocrx_word' id='word_1_960' title='bbox 2765 5514 2908 5564; x_wconf 83' lang='lat' dir='ltr'><strong>manu</strong></span> <span class='ocrx_word' id='word_1_961' title='bbox 2950 5518 3157 5566; x_wconf 81' lang='lat' dir='ltr'><strong>immissa</strong></span> <span class='ocrx_word' id='word_1_962' title='bbox 3181 5514 3259 5566; x_wconf 78' lang='lat' dir='ltr'><strong>hic</strong></span> <span class='ocrx_word' id='word_1_963' title='bbox 3296 5514 3509 5568; x_wconf 75' lang='lat' dir='ltr'><strong>fuerunt.</strong></span> <span class='ocrx_word' id='word_1_964' title='bbox 3535 5526 3732 5577; x_wconf 70' lang='lat' dir='ltr'><strong>Sermo,</strong></span> 
     </span>
    </p>
   </div>
   <div class='ocr_carea' id='block_1_120' title="bbox 2151 5578 3735 5642">
    <p class='ocr_par' dir='ltr' id='par_1_120' title="bbox 2151 5578 3735 5642">
     <span class='ocr_line' id='line_1_120' title="bbox 2151 5578 3735 5642; baseline 0.002 -16"><span class='ocrx_word' id='word_1_965' title='bbox 2151 5587 2310 5628; x_wconf 84' lang='lat' dir='ltr'><strong>nostra</strong></span> <span class='ocrx_word' id='word_1_966' title='bbox 2335 5579 2579 5642; x_wconf 79' lang='lat' dir='ltr'><strong>opinione,</strong></span> <span class='ocrx_word' id='word_1_967' title='bbox 2607 5578 2784 5642; x_wconf 78' lang='lat' dir='ltr'><strong>dignus</strong></span> <span class='ocrx_word' id='word_1_968' title='bbox 2809 5587 2885 5627; x_wconf 80' lang='lat' dir='ltr'><strong>est.</strong></span> <span class='ocrx_word' id='word_1_969' title='bbox 2918 5581 3196 5642; x_wconf 78' lang='lat' dir='ltr'><strong>Augustino,</strong></span> <span class='ocrx_word' id='word_1_970' title='bbox 3227 5593 3418 5642; x_wconf 68' lang='lat' dir='ltr'><strong>ipsuque</strong></span> <span class='ocrx_word' id='word_1_971' title='bbox 3453 5578 3590 5630; x_wconf 83' lang='lat' dir='ltr'><strong>facile</strong></span> <span class='ocrx_word' id='word_1_972' title='bbox 3624 5595 3735 5629; x_wconf 84' lang='lat' dir='ltr'><strong>con-</strong></span> 
     </span>
    </p>
   </div>
   <div class='ocr_carea' id='block_1_121' title="bbox 2151 5640 3734 5698">
    <p class='ocr_par' dir='ltr' id='par_1_121' title="bbox 2151 5640 3734 5698">
     <span class='ocr_line' id='line_1_121' title="bbox 2151 5640 3734 5698; baseline 0.002 -10"><span class='ocrx_word' id='word_1_973' title='bbox 2151 5642 2285 5688; x_wconf 88' lang='lat' dir='ltr'><strong>venit</strong></span> <span class='ocrx_word' id='word_1_974' title='bbox 2309 5640 2474 5689; x_wconf 86' lang='lat' dir='ltr'><strong>titulus</strong></span> <span class='ocrx_word' id='word_1_975' title='bbox 2509 5651 2538 5687; x_wconf 89' lang='lat' dir='ltr'><strong>a</strong></span> <span class='ocrx_word' id='word_1_976' title='bbox 2572 5640 2779 5688; x_wconf 85' lang='lat' dir='ltr'><strong>Possidio</strong></span> <span class='ocrx_word' id='word_1_977' title='bbox 2803 5647 2997 5689; x_wconf 88' lang='lat' dir='ltr'><strong>notatus</strong></span> <span class='ocrx_word' id='word_1_978' title='bbox 3028 5641 3075 5688; x_wconf 92' lang='lat' dir='ltr'><strong>in</strong></span> <span class='ocrx_word' id='word_1_979' title='bbox 3119 5640 3356 5698; x_wconf 66' lang='lat' dir='ltr'><strong>masculo,</strong></span> <span class='ocrx_word' id='word_1_980' title='bbox 3392 5653 3497 5698; x_wconf 85' lang='lat' dir='ltr'><strong>cap.</strong></span> <span class='ocrx_word' id='word_1_981' title='bbox 3518 5642 3578 5689; x_wconf 86' lang='lat'><strong>8:</strong></span> <span class='ocrx_word' id='word_1_982' title='bbox 3615 5660 3636 5685; x_wconf 75' lang='grc' dir='ltr'><strong>σι</strong></span> <span class='ocrx_word' id='word_1_983' title='bbox 3667 5650 3734 5691; x_wconf 82' lang='lat' dir='ltr'><strong>ne</strong></span> 
     </span>
    </p>
   </div>
   <div class='ocr_carea' id='block_1_122' title="bbox 2157 5700 3731 5764">
    <p class='ocr_par' dir='ltr' id='par_1_122' title="bbox 2157 5700 3731 5764">
     <span class='ocr_line' id='line_1_122' title="bbox 2157 5700 3731 5764; baseline 0.003 -16"><span class='ocrx_word' id='word_1_984' title='bbox 2157 5720 2177 5746; x_wconf 76' lang='grc' dir='ltr'><strong><em>α</em></strong></span> <span class='ocrx_word' id='word_1_985' title='bbox 2202 5700 2441 5764; x_wconf 65' lang='lat' dir='ltr'><strong>Apostolo,</strong></span> <span class='ocrx_word' id='word_1_986' title='bbox 2467 5709 2609 5764; x_wconf 74' lang='lat' dir='ltr'><strong>Nemo</strong></span> <span class='ocrx_word' id='word_1_987' title='bbox 2625 5713 2834 5764; x_wconf 83' lang='lat' dir='ltr'><strong>unquam</strong></span> <span class='ocrx_word' id='word_1_988' title='bbox 2857 5714 3051 5751; x_wconf 75' lang='lat' dir='ltr'><strong>carnem</strong></span> <span class='ocrx_word' id='word_1_989' title='bbox 3070 5715 3208 5752; x_wconf 82' lang='lat' dir='ltr'><strong>suam</strong></span> <span class='ocrx_word' id='word_1_990' title='bbox 3246 5711 3358 5752; x_wconf 82' lang='lat' dir='ltr'><strong>omo</strong></span> <span class='ocrx_word' id='word_1_991' title='bbox 3379 5700 3582 5764; x_wconf 85' lang='lat' dir='ltr'><strong>habuit:</strong></span> <span class='ocrx_word' id='word_1_992' title='bbox 3604 5713 3652 5752; x_wconf 87' lang='lat' dir='ltr'><strong>et</strong></span> <span class='ocrx_word' id='word_1_993' title='bbox 3671 5717 3731 5753; x_wconf 79' lang='lat' dir='ltr'><strong>ex</strong></span> 
     </span>
    </p>
   </div>
   <div class='ocr_carea' id='block_1_123' title="bbox 2157 5761 3732 5826">
    <p class='ocr_par' dir='ltr' id='par_1_123' title="bbox 2157 5761 3732 5826">
     <span class='ocr_line' id='line_1_123' title="bbox 2157 5761 3732 5826; baseline 0.006 -21"><span class='ocrx_word' id='word_1_994' title='bbox 2157 5784 2174 5808; x_wconf 73' lang='grc' dir='ltr'><em>υ</em></span> <span class='ocrx_word' id='word_1_995' title='bbox 2203 5761 2575 5823; x_wconf 44' lang='grc' dir='ltr'><strong>Εὴθιῃξυιίοωιιί</strong></span> <span class='ocrx_word' id='word_1_996' title='bbox 2599 5761 2727 5810; x_wconf 77' lang='lat' dir='ltr'><strong>amat</strong></span> <span class='ocrx_word' id='word_1_997' title='bbox 2750 5761 3002 5820; x_wconf 66' lang='lat' dir='ltr'><strong>animam,»</strong></span> <span class='ocrx_word' id='word_1_998' title='bbox 3028 5771 3121 5811; x_wconf 91' lang='lat' dir='ltr'><strong>etc.</strong></span> <span class='ocrx_word' id='word_1_999' title='bbox 3145 5771 3192 5811; x_wconf 88' lang='lat' dir='ltr'><strong>In</strong></span> <span class='ocrx_word' id='word_1_1000' title='bbox 3210 5765 3420 5826; x_wconf 86' lang='lat' dir='ltr'><strong>antiquis</strong></span> <span class='ocrx_word' id='word_1_1001' title='bbox 3442 5763 3732 5815; x_wconf 80' lang='lat' dir='ltr'><strong>lectiouariis</strong></span> 
     </span>
    </p>
   </div>
   <div class='ocr_carea' id='block_1_124' title="bbox 2151 5821 3727 5890">
    <p class='ocr_par' dir='ltr' id='par_1_124' title="bbox 2151 5821 3727 5890">
     <span class='ocr_line' id='line_1_124' title="bbox 2151 5821 3727 5890; baseline 0 -18"><span class='ocrx_word' id='word_1_1002' title='bbox 2151 5821 2430 5875; x_wconf 74' lang='lat' dir='ltr'><strong>adserilitur</strong></span> <span class='ocrx_word' id='word_1_1003' title='bbox 2481 5843 2498 5871; x_wconf 74' lang='grc' dir='ltr'>α</span> <span class='ocrx_word' id='word_1_1004' title='bbox 2524 5825 2667 5875; x_wconf 56' lang='lat' dir='ltr'><strong>aiatait</strong></span> <span class='ocrx_word' id='word_1_1005' title='bbox 2803 5826 2988 5875; x_wconf 76' lang='lat' dir='ltr'><strong>Fabiani</strong></span> <span class='ocrx_word' id='word_1_1006' title='bbox 3031 5831 3076 5874; x_wconf 87' lang='lat' dir='ltr'><strong>et</strong></span> <span class='ocrx_word' id='word_1_1007' title='bbox 3121 5821 3385 5876; x_wconf 53' lang='lat' dir='ltr'><strong>sellastia&#39;ni</strong></span> <span class='ocrx_word' id='word_1_1008' title='bbox 3409 5834 3685 5890; x_wconf 62' lang='lat' dir='ltr'><strong>inlaturum.</strong></span> <span class='ocrx_word' id='word_1_1009' title='bbox 3707 5846 3727 5872; x_wconf 77' lang='grc' dir='ltr'>ι</span> 
     </span>
    </p>
   </div>
  </div>
