3996 6180
305 413 326 464 ι
337 409 454 464 ῢὸὃ

297 519 540 578 amanda
563 517 782 582 anima,
809 522 870 569 ut
891 512 1040 572 lucro
1065 511 1226 568 totius
1253 505 1434 566 mundi
1473 503 1820 577 praeferatur;
1853 510 1908 556 et

302 623 494 669 tamen
523 611 776 667 observet
797 607 892 680 qui
919 607 1150 662 animam
1181 611 1344 670 amat,
1367 601 1492 670 quia
1517 599 1564 654 si
1589 607 1753 662 amat,
1783 609 1908 666 per-

303 705 403 760 det
445 703 616 758 illam.
660 700 781 757 Non
818 699 900 754 vis
937 695 1160 768 perdere
1191 709 1308 751 eam
1329 735 1346 762 ,
1373 691 1486 750 noli
1521 689 1668 746 illam
1703 702 1906 744 amare.

306 795 424 852 Sed
443 795 492 850 si
513 811 620 850 non
637 793 714 848 vis
735 807 856 848 eam
879 788 1124 860 perdere,
1141 801 1246 842 non
1270 795 1422 857 potes
1439 799 1560 840 eam
1577 797 1686 840 non
1706 795 1908 836 amare.

385 885 620 942 CAPUT
657 883 722 938 ll.
751 911 824 923 —
845 882 904 935 2.
929 879 1088 934 Amor
1125 878 1330 950 quidam
1368 891 1628 948 peruersa:
1669 883 1718 928 et
1751 871 1910 943 quod-

311 979 440 1031 dam
481 985 676 1031 rectum
720 974 894 1028 odium
935 973 1137 1026 animm.
1180 969 1317 1025 Sunt
1345 983 1472 1040 ergo
1518 967 1608 1038 qui
1659 979 1913 1038 perverse

311 1070 556 1124 animam
586 1081 738 1122 suam
767 1074 950 1120 amant
979 1081 995 1118 :
1026 1071 1080 1120 et
1101 1063 1204 1118 hoc
1245 1061 1358 1116 vult
1405 1059 1500 1114 Dei
1526 1073 1704 1114 sermo
1741 1057 1912 1112 corri-

315 1178 472 1233 gere,
499 1176 608 1215 non
635 1168 696 1214 ιιι
717 1159 932 1214 oderint
953 1157 1186 1212 animam
1213 1170 1388 1220 suam,
1419 1153 1516 1209 sed
1541 1163 1600 1208 ut
1621 1163 1768 1208 recte
1791 1152 1914 1206 dili-

319 1259 474 1322 gant.
497 1250 636 1306 Male
677 1249 824 1304 enim
855 1245 1124 1318 diligendo
1151 1245 1382 1315 perdunt
1408 1257 1524 1298 eam
1546 1284 1561 1310 ,
1593 1251 1648 1296 et
1673 1243 1730 1296 tit
1761 1241 1916 1312 quid-

319 1345 448 1400 dam
476 1357 728 1413 magnum
756 1339 906 1412 quasi
935 1346 1319 1409 praeposterum
1353 1343 1410 1393 et
1428 1335 1752 1392 contrarium
1778 1353 1790 1388 :
1819 1333 1916 1390 sed

323 1441 398 1494 ita
425 1447 608 1492 tamen
631 1436 710 1502 fit,
737 1443 796 1488 ut
821 1435 866 1489 si
891 1434 1078 1504 diligas
1093 1447 1210 1486 eam
1233 1445 1502 1500 perverse,
1523 1429 1714 1498 perdas
1735 1428 1876 1482 illam
1899 1445 1912 1492 ;

317 1531 368 1585 si
399 1528 584 1586 oderis
611 1527 754 1581 illam
793 1533 1284 1588 recte,conscrves
1311 1521 1478 1575 illam.
1517 1522 1610 1574 list
1631 1533 1758 1590 ergo
1795 1519 1916 1588 qui-

319 1623 452 1678 dam
477 1633 760 1691 pervorsus
789 1631 942 1672 sutor
963 1615 1101 1686 ejus,
1130 1622 1184 1670 et
1211 1613 1477 1684 quoddam
1507 1621 1709 1670 rectum
1735 1611 1915 1668 odium

321 1715 466 1782 ejus.
489 1709 598 1766 Sed
627 1725 779 1764 amor
817 1721 1105 1778 perversos
1133 1706 1202 1760 ab
1225 1705 1350 1760 odio
1370 1747 1386 1770 ,
1408 1705 1586 1758 odium
1615 1713 1818 1758 rectum
1849 1703 1918 1756 ab

321 1821 418 1858 aur
429 1819 516 1858 ire
535 1801 672 1872 ejus.
694 1799 826 1867 Quis
853 1807 936 1854 est
965 1811 1248 1868 perversus
1271 1795 1464 1850 animus
1483 1794 1671 1850 amor?
1694 1792 1918 1862 Quando

323 1896 509 1967 diligis
543 1894 778 1949 animam
819 1903 962 1946 tuam
999 1891 1050 1944 in
1085 1887 1473 1958 iniquitatibus.
1512 1885 1648 1941 Audi
1688 1885 1810 1956 quia
1853 1885 1920 1939 ab

287 1963 454 2045 .odio
493 1987 641 2044 venit
691 1998 843 2040 amor
885 1983 985 2038 iste
1029 1995 1354 2051 pervcrsus:
1399 1978 1500 2046 Qui
1545 1987 1712 2032 autem
1755 1977 1920 2048 diligit

321 2081 660 2150 iniquitatem,
681 2076 788 2131 odit
801 2076 1026 2130 animum
1045 2089 1194 2128 suam
1221 2069 1390 2142 (Psai.
1415 2087 1471 2137 χ,
1491 2069 1568 2140 6).
1602 2067 1796 2125 Odium
1821 2084 1919 2122 au-

326 2185 436 2226 tem
461 2178 666 2225 rectum
685 2165 828 2233 vide,
847 2164 970 2238 quia
987 2163 1053 2218 ab
1073 2177 1254 2216 amore
1269 2161 1430 2215 venit.
1447 2159 1644 2215 Ibidem
1666 2159 1920 2214 Dominus

323 2271 544 2318 secutus
573 2260 684 2315 ait:
721 2257 819 2326 Qui
849 2267 1016 2310 autent
1057 2255 1162 2308 odit
1185 2253 1408 2306 animum
1435 2269 1577 2306 suam
1615 2252 1664 2305 in
1696 2252 1792 2305 hoc
1820 2265 1919 2304 sa:-

325 2355 460 2418 rulo,
484 2353 538 2406 in
563 2353 717 2406 vitam
753 2359 999 2405 retentant
1035 2346 1247 2400 inveniet
1288 2361 1419 2398 eam.
1453 2343 1645 2414 Utique
1671 2342 1812 2413 quod
1844 2343 1923 2396 vis

329 2445 574 2500 invenire
597 2443 651 2497 in
675 2442 839 2496 vitam
861 2449 1134 2502 aeternam,
1165 2437 1388 2490 multum
1413 2448 1579 2488 amas.
1602 2432 1754 2500 Quod
1779 2433 1920 2488 enim

327 2551 480 2591 amas
513 2535 581 2590 ad
607 2542 850 2605 tempus,
880 2531 1004 2602 quid
1032 2528 1286 2602 prodest?
1315 2527 1421 2582 Aut
1447 2525 1762 2584 subduceris
1801 2525 1878 2579 illi
1903 2567 1920 2592 ,

329 2637 422 2684 aut
455 2627 769 2684 sidulucitur
798 2624 910 2680 tibi.
951 2623 1084 2678 Cum
1122 2620 1284 2678 fueris
1320 2630 1374 2676 tu
1411 2619 1744 2686 subtractus,
1784 2619 1930 2688 perit

331 2721 456 2789 ipse
479 2727 688 2772 amator
717 2735 732 2771 :
757 2730 878 2770 cum
901 2713 1060 2769 fuerit
1090 2711 1216 2766 illud
1243 2710 1594 2778 subtractum,
1624 2709 1762 2778 perit
1780 2709 1922 2780 quod

330 2810 547 2864 amasti.
581 2807 681 2864 Ubi
719 2821 846 2876 ergo
873 2813 964 2860 aut
988 2811 1196 2858 amator
1223 2803 1379 2874 perit,
1407 2811 1500 2858 aut
1518 2800 1660 2872 quod
1680 2809 1920 2868 amatur,

333 2917 440 2957 non
487 2911 570 2955 est
611 2899 918 2954 amandum.
957 2895 1064 2953 Sed
1106 2894 1234 2966 quid
1279 2903 1360 2950 est
1401 2893 1727 2948 amandum?
1771 2893 1924 2960 Quod

333 2994 614 3050 uobiscum
642 2999 819 3063 potest
845 3005 968 3046 esse
990 2989 1044 3043 in
1073 2999 1353 3042 aeternum.
1384 2985 1492 3042 Sed
1519 2987 1564 3042 si
1593 2987 1672 3041 vis
1691 2987 1924 3040 animam

335 3095 484 3138 tuam
505 3085 557 3138 in
587 3091 844 3138 mtcrnum
877 3081 1076 3136 habere
1095 3080 1330 3146 salvam,
1353 3077 1532 3133 oderis
1553 3093 1672 3134 eam
1699 3077 1764 3132 ad
1791 3085 1924 3132 tem-

335 3193 458 3246 pus.
487 3175 626 3246 Ergo
653 3173 832 3230 odium
875 3182 1076 3228 rectum
1107 3172 1175 3227 ab
1214 3185 1396 3226 amore
1434 3170 1612 3237 venit;
1645 3171 1926 3242 pct'vcrsus

337 3285 494 3324 arnor
513 3270 586 3324 ab
597 3267 726 3322 odio
747 3267 910 3320 venit.

407 3363 465 3417 5.
501 3360 686 3415 Hortus
713 3358 953 3430 diligendi
979 3357 1223 3412 animant.
1263 3355 1464 3428 Duplex
1486 3373 1646 3410 artior.
1674 3356 1801 3424 Quis
1832 3357 1927 3427 igi-

339 3463 425 3508 tur
461 3451 653 3506 modus
678 3449 930 3520 diligendi
968 3449 1236 3502 animam?
1263 3447 1463 3503 Putatis
1509 3457 1769 3520 martyres
1819 3463 1926 3503 non

339 3547 596 3602 amabant
628 3545 834 3599 animas
871 3543 1030 3598 suas?
1070 3541 1268 3597 \‘idetis
1303 3550 1449 3598 certe
1489 3540 1670 3607 modo,
1697 3541 1742 3595 si
1773 3541 1930 3609 cujus

339 3641 446 3694 vita
503 3638 782 3709 praiscntis
833 3636 1014 3708 smculi
1059 3635 1424 3704 periclitetur,
1467 3633 1736 3704 quomodo
1771 3633 1926 3688 amici

341 3731 462 3799 ejus
485 3737 708 3784 currunt
737 3743 832 3798 pro
858 3741 920 3783 ea
946 3745 958 3780 :
987 3725 1252 3796 quomodo
1281 3725 1512 3781 curritur
1534 3725 1601 3781 ad
1622 3724 1926 3789 ecclesiam,

343 3831 562 3892 rogatur
589 3821 888 3889 episc0pus,
914 3827 972 3872 ut
997 3817 1328 3884 intermittat,
1355 3816 1401 3871 si
1423 3831 1553 3886 quas
1582 3815 1742 3871 habet
1755 3816 1928 3872 actio-

343 3927 472 3978 nes,
501 3918 717 3972 currat,
745 3909 980 3964 festinet.
1016 3907 1225 3975 Quare?
1261 3907 1364 3962 Pro
1395 3907 1588 3962 anima.
1637 3907 1703 3962 Et
1741 3921 1930 3961 omnes

343 4001 802 4064 contremiscunt,
831 3999 1080 4053 omnibus
1109 3997 1318 4052 caeteris
1367 3997 1528 4052 rebus
1569 3997 1886 4052 intermissis
1910 4039 1927 4064 ,

347 4091 704 4148 festinandum
731 4107 850 4148 esse
879 4091 1193 4146 decernunt.
1219 4089 1406 4146 Omnis
1445 4089 1711 4145 festinatio
1744 4089 1928 4146 lauda-

347 4195 473 4248 tur,
499 4184 676 4239 onmis
717 4183 945 4238 tardatio
987 4191 1286 4238 accusatur.
1330 4181 1544 4249 Quare?
1584 4181 1687 4236 Pro
1729 4182 1927 4235 anima.

343 4275 484 4342 Quid
507 4283 612 4340 εει,
637 4289 736 4344 pro
765 4274 980 4329 anima?
1008 4273 1086 4329 Ne
1125 4273 1384 4328 moriatur
1413 4272 1592 4327 homo.
1621 4271 1736 4328 Non
1764 4288 1930 4329 nove-

345 4376 468 4421 rant
509 4377 774 4438 martyres
799 4380 980 4420 amare
1012 4365 1216 4420 animas
1245 4378 1369 4420 suas
1400 4381 1414 4417 :
1445 4372 1498 4419 et
1525 4373 1700 4420 tamen
1724 4363 1824 4419 hoc
1851 4373 1934 4420 est

346 4475 444 4527 pro
471 4459 672 4524 anima,
704 4473 772 4513 ue
795 4457 1051 4512 moriatur
1077 4457 1260 4512 homo.

414 4547 648 4603 CAPUT
687 4546 773 4602 III.
800 4577 871 4588 -—
893 4547 1036 4602 Mors
1060 4547 1289 4604 hominis
1319 4547 1568 4618 iniquitas
1589 4557 1689 4603 εει.
1723 4548 1779 4604 Si
1808 4565 1932 4605 cur-

346 4645 420 4697 ris
465 4656 564 4711 pro
611 4640 711 4696 hac
741 4641 848 4696 vita
873 4649 1086 4697 centum
1131 4641 1332 4708 millia,
1387 4650 1517 4712 quot
1555 4641 1722 4698 millia
1771 4641 1936 4699 debes

345 4747 568 4788 currere
597 4747 695 4802 pro
723 4733 828 4786 vita
851 4731 1087 4787 aeterna?
1115 4731 1174 4788 Si
1202 4731 1424 4788 festinas
1447 4733 1642 4788 lucrari
1666 4725 1780 4790 dies
1800 4749 1933 4804 pau-

345 4839 473 4891 cos,
501 4833 560 4879 et
607 4824 752 4893 ipsos
792 4823 1065 4878 incertos:
1095 4823 1256 4878 hodie
1295 4825 1437 4880 enim
1480 4824 1642 4880 homo
1688 4841 1718 4880 a
1762 4833 1936 4882 morte

346 4913 602 4970 liberatus
623 4955 637 4978 ,
666 4914 837 4969 nescit
867 4921 1042 4967 utrum
1080 4927 1200 4968 eras
1243 4914 1498 4968 moriatur
1525 4932 1538 4968 :
1569 4923 1745 4970 tamen
1775 4915 1820 4971 si
1857 4916 1935 4971 sic

343 5006 582 5062 curritur
619 5013 838 5075 propter
873 5004 1078 5059 lucrum
1123 5018 1412 5074 paucorum
1451 5003 1692 5071 dierum,
1717 5005 1840 5074 quia
1880 5013 1936 5061 et

347 5111 516 5165 usque
551 5095 606 5149 in
635 5102 906 5150 senectam
936 5095 1086 5162 pauci
1107 5093 1224 5148 dies
1249 5103 1390 5160 sunt,
1419 5094 1688 5163 quomodo
1715 5111 1938 5150 curren-

343 5187 470 5242 dum
500 5195 582 5241 est
609 5199 708 5254 pro
749 5184 856 5238 vita
895 5184 1128 5238 mterna?
1153 5184 1217 5238 Et
1245 5193 1421 5239 tamen
1451 5193 1668 5255 propter
1694 5181 1831 5239 hanc
1857 5186 1936 5255 pi-

341 5278 422 5346 gri
447 5285 576 5332 sunt
595 5275 860 5330 homines.
891 5273 1116 5329 Difficile
1145 5275 1350 5330 invenis
1370 5276 1460 5345 qui
1481 5275 1564 5332 vel
1587 5291 1774 5346 passus
1793 5275 1936 5331 lente

341 5373 560 5420 moveat
586 5381 684 5436 pro
703 5366 810 5419 vita
833 5375 1056 5419 adorna.
1087 5365 1254 5419 Amor
1279 5379 1405 5436 ergo
1430 5381 1712 5434 pervorsus
1740 5367 1934 5421 anima:

339 5458 618 5523 abundat;
657 5473 812 5514 amor
849 5469 1030 5514 autem
1066 5467 1245 5513 rectus
1290 5457 1444 5512 valde
1491 5473 1778 5528 paucorum
1827 5469 1927 5515 est.

341 5548 476 5604 Nam
519 5551 662 5606 sicut
707 5565 868 5605 nemo
903 5560 988 5604 est
1024 5550 1112 5619 qui
1144 5566 1248 5604 non
1276 5549 1461 5620 diligat
1495 5551 1724 5606 :mimam
1755 5568 1928 5616 suam,

341 5643 420 5698 sic
462 5659 622 5698 nemo
649 5653 733 5698 est
761 5643 850 5712 qui
884 5659 989 5698 non
1017 5651 1160 5698 amet
1187 5659 1403 5698 carnem
1433 5657 1604 5698 suam.
1639 5644 1785 5699 Unde
1817 5644 1930 5698 fieri

343 5745 518 5803 potest
547 5745 605 5789 ut
633 5743 688 5789 et
715 5750 900 5789 verum
935 5734 1004 5788 sit
1029 5735 1171 5806 quod
1203 5737 1276 5789 ait
1303 5736 1612 5804 Apestolus,
1644 5735 1800 5790 Nemr
1829 5755 1928 5790 uu-

341 5837 502 5892 quam
519 5843 721 5884 canem
749 5843 892 5882 suam
915 5827 1029 5882 odio
1057 5825 1248 5896 habuit,
1277 5835 1328 5884 et
1353 5828 1530 5884 anima
1559 5843 1664 5885 non
1686 5829 1929 5886 ametur?

1628 383 1856 448 SERMO
1893 379 2252 439 CCCLXVIII.

3467 397 3606 453 i651

2019 497 2296 557 Iliscamus
2317 517 2464 572 ergo,
2497 501 2706 570 fratres,
2731 518 2911 561 amare
2939 505 3143 563 animas
3167 517 3392 564 nostras.
3423 509 3606 566 Omnis

2019 592 2263 662 voluptas
2303 595 2484 649 surculi
2525 597 2827 651 transitoria
2867 609 2969 656 est.
3005 599 3098 654 Est
3136 616 3286 654 amor
3317 601 3491 666 utilis,
3525 613 3606 658 est

2017 699 2168 740 amor
2205 685 2393 740 noxius
2423 705 2435 738 :
2462 703 2615 741 amor
2651 703 2835 744 amore
2873 689 3186 760 impeditur;
3221 707 3368 746 amor
3414 693 3604 748 noxius

2019 775 2274 845 recedat,
2299 787 2354 832 et
2382 793 2534 832 amor
2563 781 2707 835 utilis
2736 781 3004 836 succedat.
3050 781 3155 838 Sed
3191 785 3312 854 quia
3361 784 3605 840 homines

2020 869 2206 926 nolunt
2230 869 2376 927 illinc
2410 873 2694 938 recedere;
2737 873 2855 930 ideo
2886 877 2934 930 in
2963 877 3081 932 illos
3123 894 3226 930 non
3257 888 3432 945 potest
3460 879 3604 932 aliud

2023 961 2282 1018 introire:
2308 971 2494 1018 utnon
2521 965 2752 1033 capiant,
2787 967 2926 1036 pleni
2959 978 3120 1033 sunt;
3155 968 3408 1036 fundant,
3437 980 3611 1024 etca-

2025 1055 2190 1126 piunt.
2223 1056 2370 1111 Plebi
2402 1067 2526 1112 sunt
2553 1057 2692 1112 enim
2725 1073 2910 1113 amore
2935 1060 3262 1130 voluptatum
3288 1062 3608 1128 carnalium,

2024 1148 2168 1218 pleni
2215 1157 2338 1202 sunt
2371 1163 2554 1204 amore
2577 1150 2698 1204 vitae
2742 1151 3022 1222 prmsentis
3044 1193 3056 1214 ,
3089 1152 3228 1222 pleni
3268 1163 3394 1208 sunt
3427 1169 3612 1208 amore

2023 1239 2138 1291 auri
2163 1249 2216 1292 et
2243 1238 2478 1308 argenti,
2508 1241 2902 1308 possessionum
2939 1243 3118 1296 surculi
3150 1241 3324 1312 hujus.
3358 1242 3457 1310 Qui
3487 1259 3613 1314 ergo

2025 1329 2162 1400 plt‘lli
2197 1339 2337 1394 sunt,
2362 1331 2438 1385 sic
2465 1341 2588 1386 sunt
2623 1333 2891 1402 quomodo
2918 1348 3065 1387 vasa.
3117 1333 3204 1390 Vis
3231 1345 3286 1388 ut
3318 1335 3476 1408 intret
3505 1335 3612 1390 mel

2025 1421 2166 1475 unde
2193 1429 2402 1476 acetum
2437 1423 2672 1476 nondum
2707 1423 2928 1479 fudisti?
2953 1424 3138 1482 Funde
3171 1426 3312 1496 quod
3345 1427 3528 1494 babes,
3559 1435 3617 1482 ut

2024 1513 2202 1582 capias
2235 1515 2378 1584 quod
2419 1529 2524 1569 non
2567 1514 2752 1570 habes.
2789 1515 2912 1570 Ideo
2955 1517 3120 1586 prima
3169 1519 3488 1572 renuntiatio
3532 1529 3616 1574 est

2027 1599 2152 1654 huic
2171 1601 2398 1663 sreculo,
2428 1609 2480 1656 et
2514 1600 2706 1656 deinde
2741 1603 3026 1656 conversio
3074 1601 3138 1656 ad
3173 1602 3358 1656 Deum.
3389 1603 3488 1670 Qui
3526 1619 3615 1656 re-

2025 1694 2269 1758 nuntiat,
2311 1691 2518 1760 fundit;
2555 1695 2644 1765 qui
2683 1696 3012 1750 convertitur
3035 1736 3052 1760 ,
3096 1695 3390 1764 impletur:
3426 1696 3520 1749 sed
3569 1693 3614 1749 si

2027 1799 2131 1836 non
2161 1783 2254 1837 fiat
2281 1798 2508 1852 corpore
2537 1784 2672 1848 solo,
2701 1785 2794 1840 sed
2819 1794 2874 1839 et
2894 1786 3077 1840 corde.

2096 1873 2322 1930 CAPUT
2363 1874 2450 1928 IV.
2479 1905 2547 1916 -——
2575 1876 2629 1930 4.
2657 1876 2854 1929 Amaris
2897 1876 3060 1930 initia.
3101 1875 3368 1943 Qumritur
3403 1885 3611 1944 autem,

2029 1967 2238 2034 fratres,
2268 1968 2536 2036 quomodo
2555 1979 2762 2024 crescat
2786 1969 2886 2024 iste
2904 1985 3076 2024 amor.
3106 1969 3276 2024 liabet
3295 1969 3436 2025 enim
3467 1969 3614 2025 initia

2025 2075 2142 2122 sua,
2177 2059 2336 2114 habet
2363 2068 2642 2130 augmenta
2671 2075 2765 2115 sua
2787 2101 2802 2127 ,
2833 2059 2994 2116 habet
3029 2060 3410 2130 perfectionem
3439 2073 3614 2116 suam.

2029 2151 2095 2206 Et
2116 2151 2372 2207 debemus
2397 2165 2554 2207 nosse
2581 2152 2702 2222 quis
2728 2153 2972 2222 cmperit,
2997 2163 3055 2208 ut
3079 2169 3200 2208 eum
3231 2153 3296 2208 ad
3331 2163 3619 2224 augmenta

2027 2244 2367 2300 cohortentur
2397 2245 2555 2314 :quis
2591 2260 2690 2300 nec
2717 2245 2974 2314 coeperit,
3003 2255 3060 2300 ut
3094 2261 3214 2300 eum
3251 2263 3359 2316 qun
3401 2247 3617 2316 incipiat

2029 2351 2344 2390 moueamus
2373 2354 2386 2390 :
2415 2337 2536 2407 quis
2578 2344 2634 2389 et
2657 2337 2884 2406 coeperit
2922 2345 2978 2390 et
3010 2337 3270 2402 creverit,
3299 2347 3357 2391 ut
3399 2353 3522 2390 cum
3548 2336 3614 2390 ad

2031 2425 2412 2494 perfectionem
2454 2424 2759 2480 incitemus.
2788 2424 2968 2480 Primo
2997 2425 3127 2480 illud
3165 2425 3404 2480 attendat
3427 2425 3618 2482 Chari-

2031 2525 2110 2572 tas
2135 2529 2309 2572 vestra
2342 2535 2357 2572 :
2386 2531 2598 2572 amores
2625 2531 2814 2572 omnes
2833 2528 2886 2572 et
2905 2517 3219 2573 dilectiones
3245 2519 3392 2588 prius
3411 2527 3536 2572 sunt
3561 2517 3614 2572 in

2031 2609 2336 2664 hominibus
2360 2608 2428 2665 de
2455 2623 2514 2664 se
2537 2650 2551 2674 ,
2581 2617 2637 2665 et
2665 2609 2742 2664 sic
2769 2608 2838 2664 de
2875 2609 2978 2663 alia
3007 2624 3065 2663 re
3085 2623 3242 2680 quam
3279 2607 3518 2680 diligunt.
3553 2607 3622 2664 Si

2030 2703 2206 2774 diligis
2226 2719 2436 2770 aurum,
2464 2703 2612 2772 prius
2647 2710 2700 2760 te
2725 2703 2929 2774 diligis,
2957 2711 3012 2758 et
3037 2703 3114 2757 sic
3151 2717 3338 2758 aurum
3369 2721 3382 2756 :
3411 2702 3529 2771 quia
3569 2703 3620 2756 si

2032 2804 2090 2851 tu
2135 2805 2380 2850 mortuus
2423 2794 2585 2849 fueris
2609 2835 2625 2861 ,
2659 2809 2765 2850 non
2811 2795 2913 2849 erit
2949 2795 3039 2864 qui
3094 2809 3282 2849 aurum
3329 2793 3615 2862 possideat.

2031 2889 2172 2960 Ergo
2193 2888 2412 2944 dilectio
2431 2887 2718 2958 unicuique
2736 2901 2766 2941 a
2787 2901 2848 2942 se
2867 2887 3051 2957 incipit
3073 2904 3088 2952 ;
3111 2895 3166 2942 et
3191 2901 3294 2940 non
3322 2891 3496 2954 potest
3515 2885 3618 2940 nisi

2032 2999 2060 3037 a
2089 2998 2148 3039 se
2189 2983 2446 3054 incipere.
2480 2982 2548 3036 Et
2587 2995 2748 3036 nemo
2789 2989 3038 3035 monetur
3076 2987 3134 3036 ut
3171 2995 3232 3035 se
3274 2979 3477 3050 diligat.
3508 2977 3620 3033 lIoc

2032 3077 2178 3132 enim
2204 3091 2310 3132 non
2337 3075 2509 3130 solum
2537 3073 2676 3130 inest
2717 3073 3022 3128 hominibus
3046 3115 3062 3140 ,
3091 3071 3184 3127 sed
3225 3081 3280 3126 et
3317 3070 3616 3140 pecoribus.

2032 3168 2236 3224 Videtis
2253 3167 2418 3233 enim,
2441 3167 2632 3222 fratres
2654 3209 2670 3233 ,
2694 3163 3142 3236 quemadmodum
3179 3177 3282 3216 non
3309 3168 3510 3216 tantum
3533 3159 3618 3214 in-

2029 3268 2218 3332 gentes
2243 3259 2428 3314 bestias
2465 3267 2522 3314 et
2551 3272 2744 3327 magna
2776 3255 3022 3311 animalia
3045 3297 3059 3321 ,
3089 3265 3146 3308 ut
3173 3261 3302 3308 sunt
3327 3254 3490 3308 boves
3527 3261 3621 3304 aut

2031 3353 2220 3407 cameli
2249 3351 2331 3406 vel
2354 3350 2622 3421 elephanti
2648 3391 2663 3415 ,
2697 3349 2792 3404 sed
2815 3357 2870 3404 et
2894 3361 3080 3402 musca
3107 3388 3122 3412 ,
3153 3345 3245 3399 sed
3273 3353 3326 3400 et
3345 3342 3619 3398 vermicull

2032 3443 2238 3502 minimi
2266 3441 2534 3513 quomodo
2562 3441 2748 3497 nolunt
2789 3439 2925 3494 mori
2951 3438 3292 3508 ,,et.diligant
3319 3451 3397 3492 se.
3427 3435 3622 3492 Omnia

2031 3535 2278 3591 animalia
2303 3543 2531 3589 mortem
2559 3534 2784 3605 fugiunt.
2809 3533 2960 3602 Ergo
2978 3530 3202 3600 diligunt
3229 3545 3288 3585 se
3307 3571 3320 3596 ,
3348 3527 3620 3584 custodire

2033 3643 2092 3684 se
2112 3628 2324 3694 volunt;
2354 3627 2454 3682 alia
2483 3627 2788 3695 velocitate,
2811 3626 2914 3681 alia
2940 3623 3180 3690 latebris,
3197 3622 3300 3677 alia
3323 3610 3621 3676 resistendo

2033 3725 2086 3773 et
2112 3719 2494 3790 repugnando:
2524 3719 2704 3774 omnia
2745 3725 2924 3774 tamen
2959 3715 3208 3772 animalia
3246 3729 3342 3784 pro
3383 3713 3487 3770 vita
3526 3728 3621 3767 sua

2034 3821 2290 3881 pugnant,
2328 3812 2466 3867 mori
2509 3812 2730 3878 nolunt,
2771 3809 3042 3868 custodire
3079 3824 3142 3864 se
3182 3808 3386 3862 volunt.
3427 3807 3624 3860 Amant

2036 3918 2162 3971 ergo
2200 3917 2279 3958 se.
2327 3902 2504 3972 Incipe
2531 3911 2592 3960 et
2623 3903 2768 3957 aliud
2805 3917 3005 3958 amare.
3049 3901 3154 3956 Sed
3183 3899 3308 3970 quid
3337 3907 3418 3954 est
3447 3899 3620 3967 ipsum

2034 3994 2218 4048 aliud?
2253 3994 2520 4066 Quidquid
2545 3995 2810 4050 amaveris
2829 4034 2843 4057 ,
2871 4002 2962 4048 aut
2991 3993 3092 4048 hoc
3135 4001 3218 4047 est
3241 3991 3384 4062 quod
3413 4003 3466 4044 lu
3487 4031 3504 4054 ,
3533 3999 3624 4044 aut

2036 4085 2258 4144 inferius
2283 4096 2334 4142 te
2359 4094 2476 4150 est,
2500 4094 2591 4140 aut
2623 4085 2870 4155 Superius
2897 4091 2954 4140 te
2982 4092 3082 4138 est.
3116 4083 3173 4138 Si
3215 4083 3438 4138 inferius
3465 4091 3515 4136 te
3540 4091 3626 4135 est

2037 4179 2176 4250 quod
2219 4193 2396 4244 amas,
2430 4176 2919 4233 ad'consolandum
2967 4191 3122 4240 ama,
3175 4175 3240 4229 ad
3291 4175 3623 4228 tractandum

2037 4287 2192 4337 ama,
2219 4271 2286 4326 ad
2333 4269 2586 4326 utendum
2629 4283 2780 4335 ama,
2825 4283 2930 4324 non
2973 4267 3038 4322 ad
3079 4265 3408 4338 illigandum.
3459 4263 3621 4318 Verbi

2037 4363 2226 4434 gratia,
2251 4378 2437 4418 aurum
2459 4375 2625 4428 amas,
2659 4361 2766 4416 noli
2788 4368 2840 4416 te
2861 4360 3063 4430 illigare
3085 4373 3216 4414 auro
3241 4375 3253 4410 :
3286 4365 3486 4428 quanto
3513 4370 3626 4409 mc-

2041 4457 2142 4511 Iior
2169 4471 2230 4511 es
2253 4471 2412 4526 quam
2451 4455 2679 4510 aurum?
2707 4454 2910 4508 Aurum
2935 4453 3078 4507 enim
3107 4462 3246 4506 terra
3277 4457 3356 4505 est
3384 4447 3622 4517 fulgens;

2041 4557 2096 4602 tu
2135 4555 2312 4602 autem
2357 4555 2414 4601 ut
2455 4545 2838 4600 illuminarcris
2873 4560 2902 4598 a
2945 4543 3206 4610 Domino,
3235 4541 3302 4596 ad
3341 4541 3623 4611 imaginem

2043 4639 2134 4693 Dei
2161 4636 2332 4693 factus
2352 4653 2436 4692 es.
2453 4637 2594 4692 Cum.
2608 4637 2678 4692 sit
2700 4652 2888 4691 aurum
2915 4645 3158 4692 creatura
3185 4634 3300 4698 Dei,
3325 4649 3430 4688 non
3451 4642 3626 4686 tamen

2041 4728 2168 4784 fecit.
2209 4730 2352 4784 Deus
2389 4743 2575 4784 aurum
2610 4727 2678 4783 ad
2721 4728 3006 4798 imaginem
3029 4741 3181 4782 suam
3203 4766 3219 4792 ,
3255 4726 3350 4782 sed
3379 4737 3450 4782 te.
3489 4727 3630 4797 Ergo

2042 4821 2218 4892 posuit
2243 4820 2342 4876 sub
2375 4829 2426 4876 te
2451 4833 2660 4874 aurum.
2699 4819 2867 4874 Amor
2891 4833 3020 4890 ergo
3059 4819 3160 4874 iste
3199 4817 3625 4874 contemnendus

2043 4921 2144 4968 est.
2185 4912 2266 4968 Ad
2304 4927 2456 4968 usum
2492 4911 2812 4968 assumenda
2847 4920 2969 4966 sunt
2989 4913 3125 4978 ista,
3155 4925 3260 4966 non
3305 4911 3384 4966 eis
3411 4909 3628 4964 vinculo

2043 5003 2242 5059 amoris
2273 5002 2426 5074 quasi
2461 5001 2664 5074 glutino
2702 5002 3010 5058 haerendum
3055 5011 3156 5058 est.
3195 4999 3310 5057 Non
3342 5001 3506 5055 facias
3533 4999 3626 5054 tibi
3649 5007 3678 5048 -‘e

2043 5097 2282 5152 membra
2305 5138 2320 5161 ,
2345 5113 2462 5166 qua:
2502 5111 2620 5150 cum
2667 5097 2927 5166 cmperint
2975 5095 3186 5166 prmcidi
3207 5135 3221 5158 ,
3252 5093 3439 5147 doleas
3467 5101 3628 5162 atque
3654 5103 3662 5112 '

2000 5263 2004 5266 _
2042 5187 2314 5243 crucieris.
2361 5186 2496 5255 Quid
2536 5187 2697 5257 ergo?
2733 5189 2965 5254 Assurge
3011 5185 3079 5238 ab
3117 5187 3216 5239 isto
3258 5199 3441 5236 amore
3464 5223 3480 5248 ,
3523 5179 3660 5253 quo

2041 5294 2188 5333 amas
2229 5277 2478 5333 inferiora
2522 5295 2680 5348 quam
2723 5287 2778 5332 tu
2807 5293 2904 5332 cs:
2938 5277 3110 5345 incipe
3147 5291 3326 5330 amare
3361 5275 3508 5346 paria
3529 5318 3542 5340 ,
3573 5276 3624 5332 id

2042 5379 2148 5435 est,
2180 5369 2320 5440 quod
2353 5379 2406 5424 tu
2435 5385 2512 5425 es.
2544 5347 2652 5424 Sed
2683 5368 2810 5440 quid
2839 5367 3022 5422 multis
3049 5383 3183 5438 Opus
3201 5367 3323 5423 est?
3357 5367 3412 5423 Si
3441 5367 3626 5424 volue-

2043 5461 2136 5524 ris,
2163 5460 2392 5514 breviter
2414 5460 2630 5529 poteris.

2110 5547 2340 5608 CAPUT
2382 5546 2444 5600 V.
2481 5577 2550 5586 ——
2579 5543 2632 5600 5.
2663 5544 2824 5596 Amor
2848 5557 2996 5596 verus
3023 5549 3070 5594 et
3100 5538 3287 5608 probus
3319 5551 3420 5606 quo
3443 5535 3625 5588 ordine

2043 5650 2404 5711 comparatur.
2425 5639 2546 5705 Quo
2568 5637 2762 5693 ordine
2779 5644 2960 5690 autem
2981 5648 3170 5690 verum
3194 5644 3435 5686 amorem
3459 5637 3516 5680 et
3538 5643 3627 5679 vo-

2047 5751 2158 5792 ram
2183 5732 2508 5789 charitatem
2527 5729 2732 5786 habere
2749 5727 3042 5798 possimus,
3069 5725 3183 5796 ipse
3208 5723 3470 5778 Dominus
3487 5719 3626 5774 dixit

2044 5827 2202 5884 nobis
2227 5825 2280 5881 in
2311 5823 2628 5896 Evangelio,
2661 5830 2716 5877 et
2741 5820 3028 5876 evidenter
3061 5817 3318 5874 ostendit.
3351 5816 3440 5870 Sic
3475 5811 3624 5869 enim
