4026 6186
311 312 331 366 i
341 308 441 364 657

303 427 450 504 illam
482 438 605 494 qua:
627 421 775 504 _s_inc
825 434 1065 504 tempore
1119 438 1342 504 manet,_
1370 431 1489 488 sine
1537 442 1708 490 matre
1737 451 1900 504 super

299 497 513 557 onmia;
665 497 819 576 istam
843 513 964 576 qtae
981 498 1031 576 in
1054 495 1586 576 tempore'factaest.
1613 505 1727 560 sine
1747 495 1900 576 pa'tre

301 569 441 624 inter
468 566 652 660 qmnia
683 584 700 622 :
734 566 876 622 hunc
897 569 1113 660 virginis
1143 566 1308 628 filium
1335 583 1393 660 et
1420 566 1687 657 virginum
1734 566 1898 660 ἔρρεις

297 652 438 698 sum,
471 637 540 690 de
556 637 876 716 incorrupta
931 637 1103 716 matre
1150 653 1479 711 nascentem,
1506 637 1896 716 incorruptibili

297 708 524 789 veritate
553 707 1157 800 fetantent,Jlaudemtts,
1182 707 1790 800 _am.emt_ts,'adoretnus,
1837 728 1895 775 ut

299 778 350 829 in
387 777 507 844 ejus
553 779 921 834 misericordia
950 781 1020 836 de
1055 785 1248 838 astutia
1294 777 1667 842 victa'diaboli
1701 777 1892 843 trium-

298 847 544 928 phemus.
590 849 844 928 Diabolus
894 853 1489 928 adnosddecipiendos
1535 869 1782 928 corrupta
1816 859 1892 914 fe-

299 919 475 972 minea
521 928 701 1012 mente
743 920 1012 1004 subrepsit
1042 941 1056 978 :
1089 919 1329 981 Christus
1359 927 1424 981 ad
1457 943 1554 984 nos
1574 919 1890 1012 liberandos

293 988 602 1066 iocor-rapat
647 989 872 1066 feminea
911 988 1086 1066 etiam
1132 1010 1298 1066 carne
1353 1000 1646 1066 processit;
1688 1001 1890 1066 quiest

297 1057 619 1135 benedictus
640 1076 760 1115 cum
785 1061 942 1118 Patre
969 1072 1024 1119 ct
1051 1065 1249 1135 Spiritu
1271 1057 1456 1122 sancto
1479 1069 1532 1124 in
1560 1057 1755 1125 saecula
1780 1057 1888 1128 sm;

289 1129 563 1184 culorum.
594 1132 784 1186 Amen.

737 1242 968 1300 sermo
1005 1245 1311 1304 occur
1343 1249 1438 1324 (a).

723 1343 792 1385 ne
816 1338 1064 1390 tvativitate
1087 1342 1287 1401 Domini,
1313 1359 1342 1392 ιι
1359 1341 1446 1406 (b).

325 1411 589 1471 'CAPUT
627 1415 908 1474 PRIMUM.
949 1453 1019 1462 —
1049 1425 1098 1477 1.
1131 1423 1427 1482 Nativitatis
1460 1445 1546 1482 seu
1576 1431 1881 1488 conditionis

287 1507 510 1562 hominis
539 1519 759 1580 quatuor
781 1529 984 1582 genera.
1017 1514 1312 1572 Hodiernus
1334 1519 1449 1574 dies
1486 1521 1552 1574 ad
1581 1522 1877 1579 habendam

285 1614 434 1667 spem
464 1600 590 1654 vita:
615 1611 851 1670 mternm,
885 1621 1131 1676 magnum
1156 1611 1380 1665 contulit
1403 1613 1648 1684 gaudium
1693 1618 1878 1688 generi

288 1689 543 1745 humano.
584 1693 790 1750 Primus
815 1696 884 1768 (ε)
915 1699 1055 1754 enim
1082 1700 1264 1766 homo,
1293 1719 1399 1772 quo
1437 1705 1660 1762 cadente
1689 1724 1876 1765 omnes

283 1780 600 1847 cecidimus,
629 1784 780 1852 cujus
810 1787 958 1840 ruina
989 1797 1072 1842 est
1094 1791 1384 1846 mortalitas
1415 1803 1614 1861 nostra,
1661 1812 1763 1850 non
1791 1807 1875 1853 est

282 1880 462 1936 natus,
488 1875 583 1928 sed
611 1875 818 1942 factus;
851 1889 1000 1948 patre
1028 1882 1188 1948 nullo,
1215 1883 1357 1937 nulla
1394 1895 1584 1952 matre,
1630 1887 1725 1943 sed
1762 1889 1873 1944 Deo

278 1975 560 2033 operante.
586 1967 710 2023 llaec
730 1979 813 2023 est
841 1969 1070 2027 hominis
1099 1974 1264 2042 prima
1295 1977 1548 2032 conditio.
1575 1981 1742 2036 Adam
1795 1982 1863 2038 de

279 2068 442 2112 terra.
471 2057 716 2114 Secunda
747 2062 982 2117 conditio
1021 2077 1102 2120 est
1132 2067 1382 2135 hominis,
1417 2086 1518 2139 qua
1544 2083 1755 2129 creatur
1785 2075 1867 2131 fe-

277 2149 414 2201 mina
444 2149 513 2202 de
541 2150 704 2206 latere
729 2154 847 2207 viri.
882 2155 1058 2211 Tertia
1089 2159 1322 2214 conditio
1347 2172 1428 2216 est
1470 2163 1699 2222 hominis
1723 2211 1737 2234 ,
1764 2185 1866 2238 qua

276 2247 430 2293 natus
452 2251 534 2294 est
562 2241 724 2295 homo
744 2260 810 2298 ex
839 2247 954 2300 viro
980 2257 1033 2302 et
1060 2248 1275 2322 femina.
1307 2252 1502 2319 Quarta
1523 2258 1756 2312 conditio
1784 2271 1865 2318 est

280 2329 367 2383 Dei
411 2338 468 2384 et
521 2329 776 2400 hominis,
803 2351 903 2404 qua
939 2348 1092 2392 natus
1119 2348 1203 2394 est
1240 2342 1484 2399 Christus
1508 2347 1625 2401 sine
1649 2349 1764 2402 viro
1797 2351 1864 2406 de

276 2420 488 2474 femina.
526 2421 582 2476 In
611 2423 726 2478 istis
752 2437 976 2494 quatuor
1002 2431 1395 2489 conditionibus
1422 2451 1522 2490 una
1547 2439 1658 2493 sola
1705 2442 1862 2498 nobis

276 2511 462 2566 usitata
484 2522 588 2579 cst,
613 2523 821 2570 artemo
859 2527 964 2572 tres
1015 2534 1117 2574 non
1140 2524 1328 2577 suntin
1348 2525 1517 2581 oculis
1537 2530 1735 2599 carnis,
1765 2533 1860 2588 sed

275 2602 323 2655 in
349 2603 453 2658 fide
473 2606 673 2660 cordis.
702 2608 774 2663 De
817 2618 955 2664 terra
1001 2610 1194 2667 factum
1242 2615 1512 2672 hominem
1539 2620 1655 2676 sine
1685 2632 1855 2690 patre,

271 2695 381 2749 sine
411 2707 584 2752 matre
604 2739 616 2761 ,
644 2715 752 2753 non
802 2703 1075 2768 novimus;
1109 2705 1297 2760 factam
1327 2706 1577 2764 feminam
1607 2713 1675 2768 de
1695 2715 1859 2771 latere

270 2787 362 2840 viri
403 2805 510 2842 non
558 2791 843 2859 novimus,
880 2794 1068 2849 lectam
1131 2805 1183 2852 et
1223 2799 1458 2854 auditam
1508 2803 1853 2862 credidimus.

269 2878 443 2934 Tertia
479 2883 564 2935 illa
595 2883 790 2938 usitata
815 2895 896 2939 est
924 2887 1081 2943 nobis
1110 2889 1223 2958 ipsa
1273 2893 1574 2961 quotidiana
1615 2897 1682 2952 de
1708 2913 1854 2953 com-

267 2972 418 3038 plexu
464 2975 629 3028 utaris
660 2985 713 3030 ct
750 2977 957 3033 feminae
1003 2981 1238 3050 quotidie
1266 2997 1555 3041 nascuutur
1585 2988 1849 3046 homines.

263 3063 374 3118 1am
403 3081 532 3138 ergo
546 3079 662 3122 erat
689 3086 788 3124 una
807 3072 921 3125 sine
947 3073 1059 3127 viro
1085 3083 1139 3128 et
1163 3075 1378 3142 femina,
1408 3079 1516 3149 jam
1545 3091 1658 3136 erat
1685 3084 1848 3139 altera

262 3156 324 3211 dc
344 3157 463 3211 viro
490 3160 610 3215 sine
638 3160 976 3232 fcmina,jam
1003 3175 1120 3220 erat
1140 3170 1291 3224 tertia
1316 3170 1384 3224 de
1412 3172 1523 3225 viro
1546 3185 1596 3228 et
1627 3173 1846 3246 femina,

259 3262 441 3316 quarta
469 3254 708 3308 restabat
738 3257 853 3310 sine
883 3258 996 3311 viro
1030 3258 1095 3312 dc
1127 3260 1338 3315 femina.
1373 3263 1478 3318 Sed
1510 3265 1607 3320 ista
1658 3278 1846 3338 quarta

257 3333 492 3396 liberavit
543 3354 673 3400 tres.
720 3347 898 3400 Prima
945 3350 1086 3403 enim
1123 3353 1432 3408 etsecunda
1463 3367 1703 3421 ruerunt,
1732 3368 1844 3413 ter-

256 3435 372 3488 tiam
427 3436 498 3491 de
529 3438 681 3492 ruina
733 3450 1048 3510 genuerunt,
1108 3444 1159 3498 in
1205 3455 1392 3514 quarta
1436 3448 1660 3503 salutem
1691 3449 1842 3506 inve-

253 3534 462 3581 nerunt.

313 3614 548 3671 CAPUT
578 3617 640 3671 Il.
668 3650 740 3660 —
762 3620 816 3673 2.
851 3622 1028 3678 Omnis
1080 3625 1308 3694 ﬁdelium
1348 3629 1536 3698 gradus
1581 3631 1838 3690 Saluatori

249 3708 469 3759 omnium
492 3720 616 3764 nato
637 3721 919 3767 attestatur.
945 3715 1366 3791 Exsultentcrgo
1392 3722 1657 3792 virgines;
1686 3727 1834 3797 virgo

246 3799 448 3866 peperit
470 3798 769 3856 Christum.
801 3805 940 3860 Nihil
970 3808 1021 3862 in
1051 3823 1112 3864 ea
1143 3812 1285 3879 quod
1313 3825 1571 3870 voverunt
1596 3817 1612 3847 ί
1646 3825 1832 3886 putent

245 3891 657 3947 cxterminatum
689 3914 702 3948 :
731 3899 924 3952 mansit
948 3900 1098 3971 virgo
1135 3911 1254 3972 post
1293 3914 1522 3974 partum.
1553 3909 1831 3968 Exsultent

245 3979 449 4045 vidum;
511 3983 769 4040 infantem
833 3988 1100 4044 Christum
1152 3995 1307 4048 vidua
1357 3996 1509 4066 Anna
1564 4003 1830 4070 cognovit.

241 4069 523 4127 Exsultent
580 4077 913 4146 conjugatze;
965 4084 1288 4140 nasciturum
1341 4087 1617 4144 Dominum
1647 4092 1828 4149 Jcsum

239 4159 509 4217 Christum
541 4164 811 4222 Elisabcth
844 4172 1085 4227 maritata
1112 4175 1466 4245 prepbetavit.
1494 4180 1678 4236 Nullus
1706 4199 1830 4254 gra-

239 4253 333 4310 dus
354 4259 750 4325 prmtcrmissus
766 4270 865 4328 est,
880 4262 947 4319 de
970 4280 1076 4334 quo
1096 4281 1198 4321 non
1227 4268 1447 4325 haberet
1471 4273 1826 4332 testimonium

239 4347 378 4400 salus
397 4351 662 4404 omnium.
678 4351 940 4424 Numquid
963 4358 1103 4411 enim
1129 4359 1256 4415 solae
1286 4361 1514 4432 virgines
1526 4364 1590 4418 ad
1608 4382 1826 4436 regnum

237 4439 489 4493 eat-lorum
515 4445 872 4509 perveniunt?
903 4447 1221 4505 Perveniunt
1249 4461 1303 4506 et
1333 4455 1500 4508 vidtur
1528 4458 1627 4527 (ά).
1653 4458 1822 4528 Magni

239 4532 407 4586 tneriti
442 4532 542 4588 fuit
581 4537 668 4589 illa
699 4539 855 4592 vidua
883 4551 1064 4596 sancta
1091 4546 1264 4598 Anna.
1293 4547 1335 4600 A
1359 4549 1657 4618 virginitate
1683 4555 1822 4608 enim

235 4635 321 4673 sua
348 4633 558 4693 septem
585 4642 754 4682 annos
782 4630 983 4686 vixerat
1006 4648 1127 4688 cum
1156 4635 1269 4690 viro
1287 4651 1410 4704 suo;
1441 4655 1546 4708 quo
1573 4641 1823 4699 defuncto

235 4727 394 4781 usque
415 4715 481 4770 ad
514 4718 742 4774 senilem
771 4731 980 4776 mtatem
1015 4735 1349 4794 pervenerat,
1379 4738 1433 4783 ct
1458 4729 1513 4784 in
1547 4743 1821 4790 senectute

231 4817 407 4859 sancta
435 4812 779 4879 exspectabat
825 4813 1101 4871 infantiam
1128 4817 1451 4887 Salvatoris;
1500 4832 1556 4877 ut
1593 4839 1816 4894 parvum

293 4963 310 5030 ξ
339 4966 470 5033 hpr
493 4965 722 5028 mceror;
755 4967 1113 5032 refragantibus
1155 4973 1298 5023 editis
1333 4975 1529 5025 cancris
1560 4985 1612 5028 et
1651 4993 1818 5033 manu-

227 5025 429 5082 scriptis.

222 5138 254 5188 Ρ
285 5086 300 5100 ⁸
334 5087 627 5188 ξωοιιὼιιιιε
648 5089 707 5138 ad
735 5099 836 5141 tres
857 5093 934 5141 cb.
959 5093 1016 5142 ad
1052 5094 1082 5142 f.
1111 5107 1160 5142 n.
1207 5109 1247 5144 r.
1272 5104 1308 5147 t.
1335 5112 1381 5146 v.
1419 5107 1472 5150 et
1507 5100 1569 5152 ad
1593 5111 1692 5155 Am.
1737 5112 1811 5157 Er.

255 5155 320 5188 ar.
357 5160 447 5188 Μ-
1407 5175 1414 5180 ·

255 5155 320 5190 ³1⁵.
337 5152 448 5197 Ιιοῗ.
1407 5175 1414 5180 ’

280 5206 350 5277 (ᾳ)
377 5208 520 5277 Alias,
538 5210 604 5261 de
627 5219 870 5277 Tempore
903 5215 980 5266 ΞΟ.

280 5267 346 5348 (ἃ)
371 5273 556 5321 Dubius
589 5276 731 5346 nobis
749 5267 844 5326 'hic
865 5291 1029 5327 sermo
1052 5287 1128 5348 est
1147 5314 1162 5338 ,
1189 5290 1384 5348 propter
1421 5298 1582 5348 genus
1616 5289 1808 5343 dicendi

224 5327 443 5397 incultum
468 5347 527 5384 ac
550 5337 713 5411 minus
733 5349 1026 5411 accuratum.
1053 5327 1487 5411 risieitipli'gratiii:
1506 5359 1611 5411 post
1634 5327 1809 5403 receu:

221 5390 328 5460 sitos
344 5405 554 5455 quatuor
577 5401 747 5474 modos
769 5401 942 5474 (γριιαὶιὶ
971 5390 1345 5474 Ιιιοιιιίιιίδξαιιέἷᾱ
1369 5390 1636 5474 subjicitur,
1672 5433 1694 5460 α
1716 5417 1807 5467 sed

226 5469 243 5493 ι
266 5453 347 5502 ista
364 5453 543 5518 quarta
567 5459 785 5530 Conditio
807 5460 1029 5530 liberavit
1055 5453 1350 5517 tresft‘i‘ima
1374 5453 1502 5519 eniin
1521 5481 1573 5521 et
1595 5453 1806 5530 secunda

222 5527 455 5598 crruerum
479 5555 496 5578 ,
523 5522 722 5596 tertiam
756 5523 823 5595 de
843 5525 980 5598 ruina
1019 5536 1299 5598 genuerunt
1317 5564 1332 5588 ,
1355 5547 1377 5573 π
1409 5540 1502 5598 etc.
1525 5569 1538 5592 ,
1565 5522 1804 5598 milia};

214 5572 379 5627 tiu-tum
413 5572 494 5633 est
511 5597 570 5632 ac
596 5585 878 5645 innaroprie.
919 5572 1146 5654 nonnulla
1180 5589 1255 5654 hic
1278 5596 1501 5654 reperies
1525 5572 1801 5652 ,cimsitnilia

212 5647 476 5706 Seronatum
504 5659 737 5695 verorum
762 5649 1004 5706 Augustini
1027 5649 1089 5698 de
1115 5652 1257 5701 Natali
1281 5647 1476 5704 Domini.

267 5701 332 5768 (ι’)
355 5709 470 5755 Hinc
492 5723 664 5756 sermo
687 5701 854 5768 incipit"
879 5709 922 5756 in
949 5709 1112 5759 multis
1131 5711 1280 5761 libris.

264 5753 337 5824 (ιι)
364 5753 474 5819 me
493 5753 657 5818 gaias:
688 5753 798 5833 an;
820 5753 925 5834 ea;
950 5753 1378 5840 i‘éi“saiii.'."ioz,
1405 5796 1507 5844 cap.
1539 5786 1581 5832 Ξ.

1659 319 1889 377 δεηΜο
1923 317 2143 382 CCCLX
2152 327 2218 385 Χ.

3468 378 3602 432 ιίίδ

2007 440 2450 552 videretannosa,
2477 471 2696 527 parvum
2715 479 3032 536 agnosceret
3050 479 3282 552 anicula,
3305 485 3590 547 intrantem

2005 533 2058 655 inn
2079 539 2334 643 mundum
2358 544 2686 610 Saivatorem
2711 533 2918 618 videret
2942 533 3081 624 itura

2004 626 2073 682 Et
2122 631 2174 686 in
2219 640 2510 697 masculino
2537 660 2667 702 sexu
2701 651 2799 706 tria
2830 653 2944 725 ipsa
2983 626 3181 729 genera
3213 626 3594 731 comtneudatla,

2001 730 2142 825 sunt.
2195 725 2310 795 Ipse
2350 730 2594 793 Christus
2624 755 2754 809 puer
2781 756 2938 802 natus
2961 725 3075 818 est;
3103 761 3367 816 exsultent
3398 769 3582 836 pueri,

3063 813 3072 818 -
3398 813 3581 836 τς--ηι

1999 813 2382 876 continentiam
2429 839 2680 887 voventes
2711 849 2894 902 puero.
2932 840 3048 912 Ipse
3075 861 3200 910 vere
3225 849 3581 922 integritatem

1997 905 2264 975 pudicitiae
2287 923 2639 988 consecravit,
2672 929 2760 994 qui
2782 944 2891 985 sua:
2917 938 3068 991 matri
3100 938 3475 1002 feemulitatcm
3504 961 3588 1004 at-

1997 998 2132 1066 tulit,
2163 1001 2516 1074 virginitatem
2541 1028 2646 1068 non
2667 1017 2900 1074 abstulit.
2933 1024 3152 1083 Simeon
3181 1032 3272 1088 ille
3297 1050 3458 1091 senes
3489 1040 3582 1094 diu

1992 1090 2226 1160 vixerat,
2275 1099 2427 1168 cujus
2473 1113 2604 1161 asttts
2650 1124 2991 1180 comparatur
3029 1120 3228 1190 Annae;
3257 1136 3310 1181 et
3333 1131 3578 1188 audierat

1991 1197 2343 1251 responsum;
2397 1196 2540 1262 quod
2593 1215 2697 1255 non
2743 1216 2884 1260 esset
2939 1210 3148 1268 visurus
3189 1231 3413 1275 mortem
3475 1225 3577 1280 nisi

1991 1275 2137 1343 prius
2166 1279 2369 1337 videret
2393 1281 2663 1346 Christum
2697 1294 2924 1352 Domini.

2059 1369 2282 1428 CAPUT
2324 1375 2407 1430 Ill.
2443 1408 2514 1420 —-
2535 1383 2585 1437 5.
2619 1384 2934 1445 Desiderium
2955 1394 3398 1458 Citi'istinascituri
3417 1423 3574 1473 quan.

1987 1468 2090 1514 tum
2113 1463 2164 1517 in
2185 1467 2402 1536 antiquis
2423 1477 2627 1530 sanctis.
2650 1477 2946 1553 luteiligilc,
2973 1486 3185 1556 fratres,
3201 1507 3456 1564 quantum
3480 1500 3573 1555 de-

1984 1551 2236 1608 siderium
2277 1557 2542 1618 habebant
2580 1571 2782 1640 antiqui
2811 1551 2984 1631 sancti
3037 1551 3247 1638 videndi
3275 1585 3570 1645 Christum.

1983 1643 2229 1703 Sciebant
2261 1651 2405 1707 illum
2436 1671 2556 1712 esse
2587 1672 2892 1733 venturum,
2921 1678 2974 1724 et
2997 1685 3186 1730 omnes
3213 1679 3298 1746 qui
3318 1681 3402 1748 pie
3427 1683 3573 1740 vive.

1978 1735 2127 1805 bant,
2173 1741 2438 1811 dicebant,
2484 1746 2528 1802 Ο
2556 1751 2601 1804 si
2647 1753 2729 1808 hic
2759 1771 2846 1812 me
2900 1759 3132 1820 iuveni-at
3167 1767 3254 1822 illa
3288 1773 3568 1832 nativitas!

1979 1841 2013 1880 ο
2031 1828 2076 1882 si
2102 1832 2242 1897 quod
2266 1837 2430 1892 credo
2456 1838 2506 1893 in
2532 1839 2822 1915 Scripturis
2846 1849 3183 1917 Dei,videam
3201 1862 3370 1918 oeulis
3394 1869 3558 1923 meis!

1977 1915 2046 1972 Et
2083 1929 2138 1974 ut
2166 1926 2419 1982 noveritis
2438 1943 2691 1998 quantum
2721 1915 3044 1999 desiderium
3067 1947 3330 2007 habebant
3353 1959 3520 2012 sancti
3543 1999 3559 2024 ,

1975 2010 2062 2078 qui
2085 2025 2340 2070 noverant
2361 2018 2427 2074 de
2439 2020 2724 2093 Scripturis
2739 2033 2936 2088 sanctis
2962 2037 3217 2107 virginem
3244 2010 3558 2115 parituram;

1975 2099 2112 2156 sicut
2138 2105 2360 2163 audistis
2387 2126 2508 2167 cum
2535 2116 2696 2172 Isaias
2726 2121 3009 2193 legeretur,
3039 2129 3166 2185 Ecce
3184 2135 3321 2204 virgo
3342 2137 3394 2190 in
3419 2147 3560 2194 utero

1972 2195 2236 2264 concipiet,
2259 2209 2306 2253 et
2327 2205 2488 2270 pariet
2517 2208 2701 2276 ﬁlium,
2735 2223 2780 2265 et
2805 2217 3061 2272 vocabitur
3083 2239 3262 2278 nomen
3288 2229 3398 2299 ejus
3434 2228 3560 2284 Em-

1969 2290 2172 2342 manuel
2195 2289 2344 2360 (1εαὶ.
2375 2311 2463 2360 vn,
2496 2300 2600 2368 l4).
2634 2302 3084 2380 Emmanuelquid
3098 2316 3185 2379 sit,
3212 2289 3557 2389 Evangelium

1970 2377 2123 2432 nobis
2167 2385 2373 2450 aperuit
2421 2387 2626 2458 dicens,
2682 2398 2820 2464 quod
2864 2377 3240 2473 interpretatur,
3278 2377 3557 2469 Noiiiscum

1970 2467 2105 2524 Deus
2129 2470 2342 2544 (Matth.
2372 2495 2409 2544 ι,
2431 2480 2546 2553 25).
2576 2484 2688 2540 Non
2711 2489 2803 2543 tibi
2831 2507 2957 2562 ergo
2975 2467 3041 2548 sit
3063 2467 3276 2565 mirum,
3296 2467 3558 2571 qumcum;

1965 2574 2068 2628 que
2111 2562 2340 2623 infidelis
2359 2572 2558 2637 anima,
2591 2591 2696 2630 non
2729 2579 2820 2635 tibi
2852 2583 3096 2641 videatur
3124 2562 3452 2658 impossibile
3495 2607 3554 2653 ut

1964 2651 2113 2721 virgo
2136 2667 2367 2726 pareret,
2398 2663 2545 2734 virgo
2573 2669 2784 2734 pariens
2809 2687 3167 2740 permaneret.
3197 2681 3434 2754 lntellige
3453 2703 3551 2742 na-

1964 2746 2073 2795 tum
2104 2743 2294 2813 Deum,
2323 2759 2497 2806 etnon
2521 2757 2798 2816 miraberis
2828 2764 3046 2834 virginis
3069 2779 3297 2836 partum.
3327 2743 3400 2829 Ui
3425 2791 3552 2848 ergo

1961 2836 2217 2892 noveritis
2253 2842 2502 2912 antiquos
2549 2859 2764 2906 sanctos
2793 2863 2846 2908 et
2889 2856 3062 2926 jus-tos
3104 2871 3317 2931 optasse
3345 2867 3545 2938 videre,

1959 2929 2100 2996 quod
2125 2946 2438 2990 concessum
2461 2949 2544 2994 est
2567 2941 2690 3000 huic
2719 2949 2832 3001 seni
2865 2949 3100 3007 Simeoni
3125 2971 3138 3018 ;
3167 2957 3422 3014 Dominus
3448 2939 3548 3016 no.-

1957 3029 2069 3076 stcr
2093 3024 2247 3081 Jesus
2274 3029 2522 3087 Christus
2563 3036 2628 3089 ad
2657 3037 2948 3111 discipulos
2992 3045 3215 3115 loquens
3239 3051 3307 3103 ait
3343 3069 3358 3106 :
3391 3051 3546 3108 Multi

1945 3113 2078 3184 justi
2105 3125 2149 3170 et
2175 3123 2434 3190 prop/tetu:
2464 3126 2729 3184 voluerunt
2776 3134 2945 3188 videre
2990 3113 3102 3207 qua:
3142 3158 3229 3196 vos
3267 3145 3464 3210 ridetis,
3497 3158 3546 3201 et

1953 3221 2052 3260 non
2093 3210 2322 3265 viderunt
2344 3229 2365 3278 ;
2405 3226 2454 3269 et
2479 3220 2659 3274 audire
2675 3238 2791 3294 quw
2831 3227 3036 3293 auditis,
3059 3239 3227 3286 etnon
3271 3237 3543 3290 audierunt

1878 3343 1882 3347 Α
1953 3297 2083 3368 (Id.
2118 3317 2228 3366 xm,
2260 3305 2324 3357 l7
2353 3305 2392 3372 ).
2439 3307 2661 3364 Multum
2715 3329 2880 3370 senex
2928 3319 3028 3373 iste
3079 3321 3176 3375 fuit
3221 3324 3287 3377 ad
3321 3326 3540 3381 audien-

1949 3389 2071 3443 dum
2102 3407 2272 3460 serus,
2301 3397 2393 3451 sed
2423 3400 2489 3453 ad
2511 3403 2797 3460 videndum
2828 3419 3086 3468 maturus.
3115 3415 3230 3470 Non
3261 3431 3538 3490 exspecta-

1948 3481 2022 3534 vit
2047 3492 2102 3535 ut
2143 3483 2414 3542 Christum
2447 3492 2654 3550 audiret
2688 3496 3014 3570 loquentem,
3047 3508 3295 3575 quoniam
3323 3481 3536 3580 agnovit

1946 3573 2219 3631 infantem.
2251 3580 2316 3634 Et
2349 3582 2448 3637 hoc
2492 3584 2569 3641 illi
2607 3604 2918 3648 concessum
2956 3573 3078 3652 erat
3102 3600 3212 3668 jam
3239 3601 3531 3675 decrepito.

1944 3668 2091 3734 quasi
2121 3669 2441 3730 desideranti
2491 3687 2545 3734 et
2576 3683 2866 3751 suspirauti
2899 3697 2952 3742 et
2993 3690 3187 3746 dicenti
3215 3668 3452 3764 quotidie
3479 3698 3531 3753 in

1943 3761 2271 3818 orationibus
2301 3767 2412 3822 suis
2440 3787 2451 3822 :
2483 3770 2704 3838 Quando
2733 3778 2950 3833 veniet?
2989 3784 3199 3852 quando
3239 3799 3488 3844 nascetur
3507 3791 3534 3844 ?

1942 3854 2152 3922 quando
2169 3857 2402 3913 videbo?
2431 3863 2590 3919 Putas
2611 3866 2852 3924 duraho?
2875 3883 3027 3942 putas
3047 3876 3130 3932 hic
3149 3895 3233 3933 me
3259 3880 3531 3938 inveniet?

1941 3956 2095 4015 putas
2121 3949 2205 4004 isti
2232 3957 2372 4009 oculi
2401 3959 2504 4013 mei
2530 3961 2820 4030 videbunt,
2870 3985 2962 4037 per
2986 3987 3142 4040 quem
3173 3978 3351 4033 cordis
3383 3985 3528 4038 oculi

1938 4041 2359 4100 revelahuntur?
2384 4049 2603 4106 Dicebat
2624 4055 2721 4109 ista
2751 4058 2801 4110 in
2830 4061 3160 4121 orationibus
3180 4070 3314 4139 suis,
3344 4081 3396 4127 et
3429 4090 3526 4144 pro

1936 4129 2205 4188 desiderio
2233 4152 2334 4192 suo
2363 4144 2566 4212 accepit
2595 4161 2909 4218 responsum
2929 4197 2942 4219 ,
2975 4158 3114 4224 quod
3146 4176 3248 4215 non
3285 4175 3525 4232 gustaret

1934 4231 2183 4292 mortem,
2210 4229 2310 4283 nisi
2341 4233 2485 4301 prius
2501 4235 2706 4294 videret
2727 4239 2996 4300 Christum
3021 4247 3251 4306 Domini.
3269 4229 3524 4314 Cestabat

1934 4328 2058 4368 eum
2084 4316 2242 4372 Maria
2267 4333 2439 4379 mater
2459 4325 2576 4396 ejus
2603 4330 2860 4389 infantem
2886 4351 2899 4388 :
2924 4337 3049 4394 vidit
3074 4341 3180 4409 ille,
3211 4355 3263 4398 et
3283 4351 3519 4416 agnovit.

1936 4403 2030 4460 Ubi
2058 4421 2276 4465 noverat
2309 4429 2464 4483 quem
2495 4422 2752 4488 agnovit?
2805 4427 2886 4480 An
2924 4427 3065 4484 intus
3094 4441 3175 4487 est
3214 4439 3480 4494 revelatus
3505 4482 3519 4506 ,

1929 4497 2017 4566 qui
2048 4497 2176 4554 foris
2204 4512 2287 4557 est
2316 4510 2506 4562 natus?
2530 4510 2690 4578 Vidit,
2723 4522 3030 4587 etagnovit.
3051 4524 3278 4593 Agnovit
3302 4497 3517 4587 Simeon

1929 4590 2182 4650 infantem
2238 4605 2540 4669 tacentem;
2593 4615 2648 4660 et
2696 4610 3006 4667 occiderunt
3060 4590 3228 4672 Judzei
3264 4620 3517 4690 juvenem

1929 4683 2190 4741 mirabilia
2233 4687 2542 4747 facientem.
2571 4695 2702 4750 Cum
2741 4711 2879 4771 “ergo
2908 4707 3265 4775 cognovisset,
3312 4717 3518 4785 accepit

1927 4770 1978 4826 in
2007 4774 2159 4832 ulnas
2186 4794 2330 4846 suas,
2353 4779 2453 4837 hoc
2483 4793 2586 4851 est,
2618 4787 2669 4841 in
2695 4788 2910 4846 brachia
2932 4808 3046 4858 sua,
3075 4801 3406 4870 amplexatus
3432 4814 3516 4861 est

1925 4880 2066 4921 cum.
2095 4869 2349 4928 Portabat
2385 4890 2412 4926 a
2441 4891 2547 4945 quo
2570 4881 2896 4947 portabatur.
2929 4884 3046 4956 Ipse
3075 4869 3216 4944 enim
3247 4904 3328 4948 est
3369 4896 3514 4950 Chri-

1921 4967 2036 5012 stus
2061 4961 2318 5030 sapientia
2352 4965 2463 5030 Dei,
2495 4969 2759 5039 attingens
2779 4989 2809 5027 a
2835 4974 2940 5032 fine
2965 4982 3205 5048 usquead
3231 4983 3386 5039 finem
3401 4985 3512 5040 for-

1924 5048 2074 5117 liter,
2129 5061 2182 5106 et
2226 5053 2514 5124 disponens
2563 5062 2740 5116 omnia
2777 5067 3010 5123 suaviter
3057 5071 3209 5141 (Sap.
3251 5089 3340 5127 vm
3369 5117 3384 5142 ,
3429 5076 3505 5148 1).

1919 5139 2158 5207 Quantus
2186 5143 2255 5198 ibi
2281 5157 2415 5214 erat,
2446 5157 2495 5203 et
2518 5166 2674 5220 quam
2709 5171 2950 5226 magnus,
2983 5175 3142 5229 quam
3193 5177 3384 5230 parvus
3423 5167 3504 5221 fa-

1917 5242 2032 5288 ctus
2051 5235 2206 5290 erat?
2233 5237 2429 5294 Parvus
2451 5240 2653 5310 factus,
2684 5261 2874 5315 parvos
2915 5251 3204 5318 quaerebat.
3236 5255 3372 5322 Quid
3399 5268 3503 5324 est,

1918 5328 2389 5397 parvosquzcrebat
2410 5331 2435 5386 ἲ
2456 5333 2570 5390 Non
2599 5338 2877 5406 superbos,
2913 5356 3018 5395 non
3047 5342 3244 5413 elatos;
3283 5347 3374 5402 sed
3402 5348 3504 5405 hu-

1913 5415 2066 5471 miles
2088 5427 2142 5472 et
2158 5421 2314 5477 mites
2325 5423 2630 5496 colligebat.
2655 5428 2710 5482 ln
2737 5433 2958 5504 praescpi
2985 5433 3230 5505 dignatus
3249 5447 3330 5491 est
3357 5442 3501 5508 poni,

1915 5517 1972 5563 ut
1999 5522 2142 5568 esset
2197 5516 2404 5584 piorum
2454 5521 2652 5577 cibaria
2689 5524 3073 5594 jumentorum.
3120 5531 3337 5600 Accepit
3375 5548 3504 5603 ergo

1910 5618 2032 5658 cum
2057 5603 2274 5663 Simeon
2318 5611 2370 5664 in
2401 5612 2614 5669 brachia
2642 5631 2759 5684 sua,
2804 5629 2856 5673 et
2875 5620 3010 5676 dixit
3037 5640 3051 5676 :
3089 5623 3244 5678 Nunc
3268 5626 3498 5694 dimittis,

1914 5694 2144 5763 Domine,
2176 5718 2370 5758 servum
2400 5714 2554 5780 (aut);
2575 5709 2625 5760 in
2658 5727 2794 5779 pare.
2850 5713 3080 5772 Dimittis
3111 5716 3160 5772 in
3192 5733 3343 5790 pace,
3379 5723 3500 5792 Quia

1912 5789 2062 5844 video
2095 5808 2296 5860 pacem.
2341 5797 2515 5863 Quare
2537 5815 2666 5871 ergo
2693 5804 2914 5862 dimittis
2949 5808 3002 5864 in
3033 5789 3206 5880 pace?
3245 5789 3498 5878 Quoniam
