4026 6186
320 381 444 437 i661

308 507 480 563 crucis
507 501 773 575 (Philipp.
807 503 1032 574 ",6-8),
1063 512 1262 575 quanto
1291 513 1466 559 autem
1493 503 1773 571 superbire
1797 519 1902 575 non

311 579 468 634 tit-bet
493 574 634 631 terra
659 574 870 632 et’cinis
887 575 914 630 ?
942 574 1132 632 Videte
1151 617 1164 634 .
1189 575 1383 630 fratres
1400 615 1416 636 ,
1443 583 1698 643 quantum
1719 589 1782 629 se
1803 574 1906 628 hu-

311 649 534 704 miliavit
569 655 792 716 propter
823 648 1065 702 homines
1101 647 1259 702 Deus.
1295 645 1561 716 Quantum
1587 659 1646 700 se
1673 646 1906 716 dejicere

309 719 468 773 debet
493 715 683 772 servus
701 760 716 783 ,
750 717 962 786 quando
987 716 1054 771 ad
1083 725 1278 770 tantam
1305 715 1656 770 humilitatem
1679 715 1905 768 descen-

309 790 388 845 dit
411 797 466 843 et
491 787 790 842 Dominus?
816 787 945 856 Qum
969 787 1240 842 humilitas
1257 829 1270 854 ,
1295 786 1615 851 charissimi,
1637 786 1686 840 si
1710 786 1908 854 plenis-

311 862 448 914 sime
481 859 554 913 ab
593 858 902 913 hominibus
941 858 1272 928 possidetur,
1311 858 1472 912 etiam
1495 857 1563 912 ad
1589 857 1904 912 citari-tatem

313 946 483 1000 usque
515 929 776 1000 proficiet.
796 927 953 1000 Nam
968 930 1093 984 dum
1114 930 1247 984 alter
1271 929 1495 1000 alterum
1511 928 1904 1000 existimatsu-

383 997 604 1062 riorem,
627 999 843 1070 dilectio
864 998 988 1054 facit
1004 1001 1381 1070 :equaiitatem.
1405 997 1561 1070 Unde
1584 1013 1689 1070 non
1709 1013 1766 1070 se
1792 999 1905 1070 ipse

331 1085 477 1130 mmo
516 1069 772 1138 despiciat
793 1111 807 1134 ,
843 1067 1239 1140 propter'quem
1273 1069 1453 1140 utique
1483 1069 1580 1123 ista
1611 1067 1792 1123 subire
1817 1067 1901 1123 di—

311 1153 508 1214 ssonis
526 1151 620 1214 es}
643 1141 807 1214 99(15-

383 1211 616 1268 CAPUT
643 1210 731 1282 iV.
760 1241 830 1252 —
853 1213 906 1266 4.
951 1210 1186 1266 Hominis
1213 1211 1430 1282 dignitas
1457 1227 1522 1266 ea:
1549 1210 1640 1266 Dei
1663 1212 1716 1264 in
1741 1211 1904 1281 ipsum

313 1283 634 1352 dignatione.
675 1281 741 1338 Et
778 1297 876 1350 ego
914 1283 1124 1349 quidem
1147 1324 1163 1348 ,
1211 1281 1429 1346 fratres,
1461 1298 1556 1350 pro
1585 1281 1776 1352 quibus
1803 1283 1904 1336 im-

315 1353 477 1423 pendi
509 1363 563 1408 et
593 1353 988 1421 superimpendi
1015 1354 1170 1420 cupio
1192 1395 1205 1414 ,
1236 1353 1358 1406 licet
1387 1367 1606 1422 magnos
1636 1367 1730 1406 vos
1760 1366 1904 1407 sem-

315 1439 413 1493 per
437 1425 492 1477 in
519 1423 843 1478 conscientia
871 1437 986 1478 mea
1019 1423 1234 1478 fecerim
1259 1441 1272 1488 ;
1305 1433 1483 1478 tamen
1513 1423 1742 1492 majores
1769 1439 1904 1493 quo-

315 1495 440 1549 dam
487 1493 650 1549 modo
693 1509 790 1548 vos
835 1508 924 1548 res
968 1493 1102 1548 mihi
1145 1495 1242 1548 ista
1285 1494 1482 1558 eilicit,
1523 1509 1646 1548 cum
1683 1494 1906 1548 intendo

313 1573 516 1634 quanta
551 1565 624 1618 sit
649 1565 854 1618 Domini
887 1565 986 1618 mei
1017 1579 1114 1633 pro
1141 1564 1354 1620 homine
1383 1564 1638 1634 dignatio.
1669 1563 1776 1618 Vos
1803 1565 1906 1622 uti-

313 1651 421 1704 que
459 1634 593 1690 estis
619 1634 908 1689 Dominica:
935 1634 1309 1704 incarnationis
1331 1677 1344 1700 ,
1375 1649 1468 1688 vos
1497 1635 1750 1689 Dominici
1779 1649 1904 1688 san-

315 1703 496 1772 guinis
535 1706 800 1774 pretium.
843 1721 941 1759 vos
984 1705 1223 1760 membra
1267 1703 1506 1764 Christi.
1555 1704 1705 1760 vobis
1748 1711 1909 1774 caput

315 1777 568 1830 Christus
609 1783 692 1832 est
720 1795 734 1831 :
762 1791 860 1845 pro
887 1775 1040 1830 vobis
1063 1776 1248 1841 nasci,
1277 1791 1375 1844 pro
1401 1776 1552 1845 vobis
1583 1778 1690 1844 pati
1715 1785 1904 1830 cuncta

317 1862 424 1902 non
463 1845 672 1900 distulit
699 1863 714 1912 ;
740 1844 952 1902 crucem
987 1861 1196 1916 quoque
1236 1848 1402 1916 ipsam
1429 1846 1496 1900 ad
1523 1844 1628 1901 hoc
1653 1848 1904 1915 pertulit,

317 1926 374 1970 nt
415 1931 516 1970 vos
567 1917 666 1970 sibi
714 1919 770 1972 in
809 1916 1062 1970 familiam
1111 1926 1402 1986 coaptarct.
1427 1917 1534 1972 Vos
1567 1917 1906 1986 appellamini

313 1986 519 2058 Christi
583 1988 774 2058 fratres
803 2029 817 2052 ,
867 2001 963 2042 vos
1011 1985 1349 2058 appella’mini
1395 1985 1612 2042 Christi
1641 1985 1903 2042 haeredes.

315 2057 582 2120 Proinde,-
609 2057 939 2114 dilectissimi
963 2097 978 2118 ,
1007 2057 1372 2128 unusquisque
1398 2057 1614 2127 dignum
1645 2074 1705 2112 se
1736 2061 1908 2127 ipsum

317 2128 514 2181 habeat
533 2170 548 2192 ,
595 2143 774 2184 coram
817 2145 924 2197 quo
961 2143 1186 2198 peccare
1213 2143 1316 2182 non
1345 2129 1574 2192 debeat;
1603 2128 1822 2198 dignum
1847 2145 1908 2185 se

317 2199 592 2270 existimet
611 2241 628 2270 ,
659 2213 838 2252 coram
865 2215 968 2270 quo
998 2200 1042 2254 si
1067 2199 1316 2270 delictum
1346 2200 1688 2268 cogitaverit,
1719 2200 1909 2254 erube-

317 2277 452 2322 scat.
476 2265 656 2342 Pretio
678 2270 813 2342 enim
839 2265 1021 2340 magno
1045 2269 1200 2338 empti
1220 2271 1344 2342 estis
1369 2286 1386 2324 :
1409 2265 1758 2342 gloriﬁt'ateiet
1787 2287 1908 2342 por-

317 2349 434 2411 tate
467 2338 630 2392 Deum
671 2341 724 2392 in
763 2338 971 2411 corpore
1007 2348 1166 2394 vestro
1197 2340 1236 2410 (1
1268 2339 1387 2395 Cor.
1411 2338 1470 2393 ’γι
1496 2382 1508 2403 ,
1539 2340 1656 2409 20).
1693 2338 1908 2411 ilic'pro

319 2407 472 2464 vobis
493 2418 650 2464 natus
676 2419 756 2464 est
773 2452 788 2474 ,
819 2407 904 2464 hic
929 2425 1025 2479 pro
1052 2407 1434 2466 vobis'oblatus
1451 2421 1532 2464 est
1557 2427 1572 2476 ;
1602 2407 1686 2466 hic
1709 2407 1866 2465 etiam
1888 2455 1904 2478 ,

317 2480 362 2532 si
389 2479 550 2548 digne
569 2480 738 2550 agatis
757 2522 770 2542 ,
795 2479 996 2534 habitat
1018 2481 1067 2534 in
1095 2481 1268 2534 vobis.
1299 2483 1531 2550 Agamus
1556 2497 1712 2550 ergo,
1741 2483 1910 2538 medi-

319 2559 494 2604 tantes
541 2550 594 2603 in
639 2551 754 2620 lege
797 2551 1003 2604 Domini
1044 2551 1128 2605 die
1156 2567 1219 2606 ac
1248 2559 1404 2605 nocte
1427 2593 1442 2614 ,
1473 2559 1526 2605 nt
1553 2553 1909 2621 comprehen-

321 2621 448 2693 dere
493 2635 650 2684 eum,
699 2628 762 2693 ut
797 2621 978 2693 videre
1019 2623 1616 2693 mereamur.‘Agamus
1640 2663 1653 2684 ,
1697 2631 1754 2676 ut
1787 2625 1906 2693 quia

319 2689 566 2763 dignatus
609 2700 693 2746 est
731 2691 1076 2763 descendere,
1099 2703 1318 2763 propter
1359 2689 1604 2749 homines
1628 2693 1768 2748 Deus
1793 2689 1816 2760 ,'
1839 2693 1908 2748 ad

321 2761 486 2816 Deum
513 2761 676 2816 bouio
701 2762 866 2831 possit
888 2761 1195 2818 ascendere.

729 2875 958 2932 sem-to
995 2875 1309 2932 CCCLXXII
1337 2879 1356 2901 ο
1395 2878 1492 2950 (α).

739 2996 808 3039 De
833 2992 1084 3042 Nativitate
1106 2992 1308 3054 Domini,
1330 3009 1378 3044 tv
1401 2991 1493 3056 (ὁ).

387 3083 620 3146 CAPUT
671 3091 953 3148 PRIMUM.
983 3095 1126 3148 —l.
1184 3093 1436 3149 Nativitas
1482 3093 1668 3150 Christi
1697 3095 1904 3166 duplex.

317 3181 472 3238 Novit
504 3183 639 3238 lich
663 3196 864 3248 vestra,
908 3185 1230 3249 charissimi,
1265 3201 1383 3256 qua:
1425 3186 1563 3241 hanc
1600 3187 1905 3242 universam

319 3273 716 3328 multitudinem
740 3277 1100 3346 congregavit,
1133 3277 1252 3346 quia
1281 3289 1436 3332 natus
1461 3286 1546 3333 est
1575 3279 1726 3332 nobis
1747 3277 1906 3334 hodie

317 3366 582 3421 Salvator.
625 3365 792 3422 Natus
831 3377 913 3422 est
951 3368 1018 3424 de
1065 3369 1222 3424 Patre
1251 3384 1482 3438 semper,
1516 3369 1584 3424 de
1625 3381 1796 3424 matre
1819 3385 1908 3424 se-

315 3457 418 3512 mel
452 3457 524 3528 (c)
549 3475 563 3510 :
593 3458 662 3512 de
689 3459 842 3512 Patre
868 3459 982 3514 sine
1009 3475 1158 3525 sexu,
1182 3460 1248 3515 de
1275 3469 1444 3514 matre
1470 3460 1586 3516 sine
1609 3475 1725 3514 usu.
1753 3459 1904 3530 Apud

315 3547 530 3602 Patrem
543 3548 742 3618 quippe
753 3549 916 3604 defuit
931 3551 1276 3620 concipientis
1297 3560 1477 3606 uterus
1498 3570 1509 3604 :
1529 3551 1667 3620 apud
1686 3561 1907 3606 matrem

315 3636 483 3692 defuit
510 3639 826 3693 sr-niinantis
853 3641 1148 3709 amplexus.
1179 3641 1356 3696 Prima
1385 3642 1631 3696 nativitas
1663 3657 1728 3697 ex
1753 3643 1908 3697 Patre

315 3743 562 3788 naturam
595 3735 858 3788 servavit:
885 3735 1118 3790 secunda
1172 3735 1418 3790 nativitas
1465 3751 1533 3791 ex
1581 3743 1750 3790 matre
1797 3751 1911 3806 gra-

315 3823 440 3876 tiam
485 3824 796 3878 seminavit.
829 3823 921 3900 illa
962 3825 1128 3878 tenuit
1169 3825 1496 3895 maiestatem
1542 3825 1738 3880 divinae
1783 3827 1910 3880 sub-

311 3914 558 3980 stantizc;
583 3915 684 3968 ista
700 3917 934 3985 suscepit
949 3916 1256 3970 societatem
1281 3917 1616 3972 mortalitatis
1639 3917 1903 3972 humanae.

313 4001 368 4056 In
399 4003 502 4058 hac
527 4013 708 4059 autem
741 4003 862 4060 ideo
886 4005 1070 4061 venire
1096 4005 1342 4076 dignatus
1367 4015 1467 4072 est,
1515 4017 1570 4062 ut
1599 4007 1749 4063 fleret
1775 4008 1906 4063 obe-

311 4095 466 4151 diens
507 4111 676 4168 usque
725 4096 793 4151 ad
843 4107 1068 4152 mortem
1122 4097 1383 4169 (Philipp.
1427 4115 1486 4163 ιι,
1533 4097 1746 4172 6—8),et
1787 4115 1906 4154 mo-

313 4185 501 4240 riendo
549 4188 792 4243 vinceret
841 4197 1088 4244 mortem.
1131 4189 1370 4260 Utraque
1421 4189 1666 4244 n'ativitas
1721 4189 1908 4245 ineffa-

313 4277 474 4343 bilis,
545 4287 770 4348 utraque
827 4279 1104 4333 mirabilis.
1159 4278 1309 4347 Quod
1363 4280 1506 4335 enim
1570 4295 1664 4335 cor
1713 4279 1902 4333 buma-

313 4383 438 4421 num
482 4369 966 4436 comprehendere,
1000 4385 1186 4438 qumve
1218 4370 1396 4440 lingua
1420 4369 1594 4424 valeat
1613 4371 1901 4440 explicare,

312 4457 582 4528 quomodo
608 4469 765 4516 natus
789 4461 860 4515 sit
887 4461 1130 4516 Christus
1160 4477 1370 4532 semper
1395 4480 1460 4519 ex
1487 4463 1618 4528 Deo,
1659 4473 1748 4518 aut
1769 4479 1902 4534 quo-

314 4551 470 4605 modo
491 4567 666 4622 nuper
687 4569 756 4609 ex
783 4555 971 4607 utero?
999 4553 1128 4621 Quis
1151 4554 1409 4624 intelligat
1425 4563 1746 4609 eoa-ternum
1764 4553 1900 4609 Filio

314 4641 548 4710 Patrem,
577 4643 698 4713 quis
726 4645 1003 4714 eioqnatur
1028 4645 1285 4714 virginem
1317 4645 1574 4699 matrem?
1604 4646 1753 4701 illum
1781 4647 1898 4702 sine

312 4732 480 4800 initio,
513 4734 634 4790 sine
655 4735 761 4790 ﬁne
790 4737 1124 4808 gignentem;
1150 4737 1303 4791 istam
1331 4737 1446 4792 sine
1475 4737 1692 4793 libidine
1723 4740 1904 4794 conci-

371 4889 393 4957 f
425 4891 728 4957 llicguoque
753 4892 802 4957 i_n
827 4893 1354 4957 nostrismanusa'iptis
1371 4893 1696 4944 desideratur.

371 4949 446 5071 fa)
471 4949 612 5012 Alias,
634 4949 698 5003 de
721 4955 934 5004 Diversis
953 4955 1032 5002 54.

395 5011 424 5060 b
467 5021 566 5064 Son
587 5016 749 5064 ornnia
775 5015 856 5064 hic
888 5017 1032 5071 supini

395 5011 444 5075 ὁ)
467 5021 566 5064 Son
587 5011 749 5082 clunis
775 5015 856 5064 hic
888 5017 1078 5082 sapiunt
1100 5017 1432 5082 Augustinum.
1461 5017 1658 5082 [studio
1681 5019 1900 5082 exordio,

317 5091 338 5118 ι
362 5081 429 5124 De
452 5083 590 5124 Patre
607 5077 716 5140 sine
739 5089 886 5140 sexu,
901 5077 966 5126 de
983 5087 1139 5128 matre
1161 5077 1269 5128 s'iue
1291 5092 1402 5140 usu,
1426 5097 1450 5124 ι
1479 5080 1604 5129 haud
1625 5081 1744 5132 satis
1759 5077 1902 5132 aocu;

311 5141 414 5204 nite
433 5138 791 5204 pronuntiatum
809 5139 1017 5188 videtur.
1044 5147 1096 5190 Et
1115 5141 1242 5201 prior
1284 5138 1394 5202 pars
1439 5142 1660 5203 ejusdem
1693 5151 1899 5192 senten-

311 5199 406 5254 tiae,
437 5205 627 5264 enatus
649 5207 724 5248 est
747 5199 814 5249 de
851 5207 990 5250 Patre
1011 5199 1420 5264 seniper,»’etc.,
1448 5199 1657 5253 habetur
1686 5207 1832 5254 etiam
1851 5208 1900 5255 in

565 5273 820 5326 sermone.
853 5269 976 5326 Ante
995 5259 1145 5326 tinent
1157 5263 1330 5312 citatur
1353 5259 1560 5326 hymnus
1583 5267 1814 5316 Audiresii
1835 5267 1900 5318 de

309 5319 474 5370 uir-isti
497 5319 646 5371 Natali
666 5357 681 5378 ,
700 5323 786 5384 qui
809 5323 952 5384 paulo
974 5333 1090 5374 ante
1115 5325 1272 5374 fuerat
1288 5319 1523 5377 cantatus.
1549 5333 1664 5375 Num
1690 5327 1812 5378 forte
1831 5330 1900 5379 ri-

310 5385 630 5460 tmus_ca‘r_ttaud_i
653 5385 704 5456 in
728 5385 934 5460 eqciesia
965 5385 1168 5460 byumos
1189 5388 1524 5460 Annibrosianos
1561 5402 1650 5460 per
1671 5391 1899 5460 Augusti-

453 5441 617 5494 fuerat'
653 5446 704 5493 in
737 5443 949 5514 africum
974 5441 1198 5514 invectus
1212 5447 1388 5514 ?__Dicit
1425 5451 1529 5511 ipse
1561 5441 1612 5514 in
1649 5441 1792 5514 epist.
1817 5451 1894 5513 5:3,

307 5505 494 5576 eis-citet-
516 5517 702 5576 annum
743 5505 836 5576 {OQ
857 5511 1036 5576 scrith
1055 5546 1072 5568 ,
1093 5508 1355 5576 catholicos
1384 5505 1694 5576 abouatistis'
1729 5505 1898 5576 reprel

307 5565 518 5632 bendi}
539 5567 670 5630 quod
705 5569 872 5618 sobrie
894 5631 897 5632 ν
918 5565 1123 5632 psallunt
1165 5573 1211 5620 in
1256 5571 1462 5621 ecclesia
1506 5573 1669 5622 divina
1713 5565 1898 5625 cantica

311 5645 332 5670 ι
349 5629 697 5694 Muphetarum
713 5663 730 5687 ,
753 5642 864 5694 cum
885 5629 976 5694 ipsi
999 5647 1024 5676 ι
1053 5635 1136 5694 ait,
1174 5651 1194 5678 ε
1221 5635 1490 5684 ebrietates
1527 5645 1641 5684 suas
1663 5637 1720 5686 ad
1745 5639 1896 5688 canti-

309 5705 330 5732 ι
349 5689 458 5739 cum
481 5689 780 5753 psalmorum
802 5689 1013 5744 humano
1047 5689 1243 5754 ingenio
1279 5696 1652 5757 compositos-um
1673 5731 1686 5758 ,
1713 5699 1896 5748 inflam-

307 5765 326 5795 ι
351 5759 486 5803 ment
527 5767 552 5796 ι

357 5811 430 5873 (ς)
461 5819 574 5866 Illac
600 5813 776 5865 eadem
801 5817 935 5868 initio
956 5819 1192 5869 sermonis
1215 5819 1493 5878 superioris.

1679 379 1908 438 SEliMU
1945 382 2287 440 CCCLXXII.

3469 403 3486 455 Ι
3499 401 3600 456 ιτϋὲ.

2015 501 2267 571 pietatem,
2297 504 2414 558 sine
2441 505 2780 576 corruptione
2807 508 3134 576 parientem?
3157 508 3390 581 Utraque
3417 513 3616 568 nativi-

2014 601 2096 647 tas
2121 594 2252 648 mira
2283 603 2384 660 est,
2427 595 2550 665 quia
2593 595 2772 653 divina
2813 608 2916 654 est.
2961 599 3090 657 Sive
3131 616 3264 672 ergo
3293 603 3456 668 illam,
3491 607 3612 662 sive.

2012 686 2165 739 istam
2195 699 2346 741 mens
2371 687 2602 742 humana
2629 689 2954 756 consideret,
2995 694 3296 748 rectissime
3323 694 3472 760 dicit,
3505 695 3604 750 Ge-

2010 779 2318 832 nerationem
2357 779 2470 850 ejus
2509 781 2624 849 quis
2661 783 2914 836 enen-abit
2957 782 3110 852 (1εαί.
3143 799 3254 850 Lm,
3285 782 3382 858 8)?
3411 784 3476 840 Et
3507 797 3605 841 nos

2010 867 2148 935 quid
2163 867 2438 935 faciemus,
2467 869 2690 924 fratres?
2711 871 2970 939 Quoniam
2997 874 3154 944 digne
3179 875 3356 945 eloqui
3379 891 3484 930 non
3515 891 3602 928 va-

2011 957 2204 1024 lemus,
2235 967 2412 1014 tacere
2441 959 2736 1016 debemus?
2762 963 2914 1016 Absit
2933 979 2960 1016 a
2989 965 3165 1032 nobis,
3187 965 3328 1022 absit
3348 974 3406 1020 ut
3433 975 3606 1022 taceat

2009 1050 2186 1120 lingua
2230 1052 2391 1116 servi,
2443 1053 2656 1122 quando
2703 1054 2904 1109 Natalis
2949 1065 3032 1110 est
3076 1058 3306 1114 Domini.
3357 1059 3604 1115 Dicamus

2011 1155 2136 1210 ergo
2157 1141 2298 1210 quod
2329 1155 2630 1209 possumus,
2657 1145 2800 1212 quod
2829 1145 3072 1214 legimus.

2079 1233 2133 1286 2.
2181 1233 2262 1286 Ad
2311 1232 2502 1288 Christi
2557 1238 2760 1305 nuptias
2803 1235 2977 1292 Judaei
3019 1249 3066 1292 et
3115 1240 3336 1297 Gentiles
3381 1244 3596 1297 inuitati.

2011 1323 2174 1379 Carne
2215 1333 2262 1378 et
2307 1329 2556 1397 sanguine
2601 1328 2792 1382 Christi
2843 1331 3115 1399 poscimur.
3164 1333 3390 1388 Christus
3437 1351 3598 1406 spon-

2010 1431 2104 1468 sus
2117 1424 2168 1468 et
2205 1415 2368 1486 gigas,
2401 1418 2614 1486 pulcher
2635 1428 2682 1472 et
2711 1421 2874 1490 fortis.
2909 1421 3104 1478 Beatus
3147 1423 3312 1478 David
3351 1423 3418 1480 de
3439 1424 3600 1481 Chri-

2010 1513 2094 1562 sto
2123 1505 2362 1574 loquens,
2387 1508 2516 1563 dicit
2543 1510 2594 1564 in
2637 1509 2884 1578 Psalmis,
2929 1511 2994 1566 In
3029 1514 3136 1567 sate
3173 1515 3340 1584 posuit
3369 1514 3602 1572 taberna-

2009 1597 2178 1650 culum
2223 1615 2368 1652 suum
2387 1641 2402 1666 ,
2445 1610 2492 1653 et
2535 1601 2646 1670 ipse
2687 1610 2924 1672 tanquam
2962 1621 3180 1674 sponsus
3219 1606 3494 1676 procedens
3535 1607 3601 1662 de

2013 1691 2238 1744 thalamo
2267 1707 2392 1759 suo,
2419 1693 2690 1748 exsultavit
2709 1705 2764 1749 ut
2801 1697 2944 1768 gigas
2983 1695 3154 1767 (Psal.
3182 1713 3328 1764 xvm,
3359 1700 3438 1772 6).
3467 1700 3602 1756 Pro-

2010 1782 2173 1836 cessit
2191 1783 2333 1838 enim
2353 1784 2516 1842 hodie
2530 1785 2599 1841 de
2619 1801 2772 1844 sacro
2801 1789 3054 1854 thalamo,
3077 1790 3180 1845 hoc
3195 1802 3270 1845 est
3281 1833 3296 1856 ,
3319 1791 3596 1848 beatorum

2011 1871 2368 1941 virgineorum
2400 1875 2668 1931 viscerum
2709 1877 2894 1934 abdito
2923 1879 3336 1951 incon-aptaque
3363 1893 3595 1938 secreto.

2011 1961 2279 2018 Processit
2307 1963 2430 2020 inde
2453 1966 2676 2037 virginis
2703 1967 2862 2034 illius,
2909 1968 3129 2040 virginis
3167 1985 3430 2042 sponsus:
3459 1973 3598 2028 illius

2011 2052 2258 2110 videlicet
2284 2055 2484 2124 Merito,
2537 2073 2771 2128 sponsus
2820 2061 3092 2116 Ecclesiae.
3135 2061 3411 2119 Universae
3455 2067 3598 2122 enim

2019 2147 2272 2204 Ecclesim
2289 2149 2608 2220 loquebatur
2627 2153 2929 2222 Apostolus,
2945 2153 3158 2223 quando
3172 2155 3417 2210 dicebat:
3437 2155 3604 2225 Apta-

2011 2241 2060 2293 vi
2087 2257 2174 2295 vos
2201 2241 2290 2295 uni
2313 2243 2422 2297 viro
2449 2243 2690 2314 virginem
2709 2255 2900 2300 castam
2915 2247 3146 2301 exhibere
3159 2245 3359 2303 Christo
3387 2245 3456 2318 (ll
3477 2243 3596 2296 Cur.

2013 2349 2086 2399 ιιι,
2117 2333 2198 2404 2).

2079 2425 2308 2482 CAPUT
2351 2427 2412 2482 Il.
2437 2457 2508 2469 -—
2537 2429 2615 2482 Ad
2655 2429 2751 2483 bas
2779 2429 2910 2484 tales
2952 2431 3164 2499 nuptias
3187 2429 3410 2498 Christi,
3441 2430 3602 2488 Pater

2011 2517 2190 2585 Sponsi
2221 2518 2446 2587 primum
2475 2520 2716 2574 invitavit
2731 2520 2983 2590 populum
3005 2521 3326 2578 Judmorum.
3349 2523 3452 2579 Sed
3471 2521 3598 2593 quid

2012 2608 2086 2660 ait
2113 2607 2490 2678 Evangelium?
2523 2609 2624 2676 Qui
2651 2610 2850 2664 invitati
2877 2621 3038 2678 erant,
3083 2629 3182 2667 non
3221 2614 3424 2681 fuerunt
3455 2614 3600 2683 digni

2019 2699 2035 2763 (
2047 2697 2224 2751 Matth.
2251 2714 2380 2762 nu,
2403 2699 2482 2771 8).
2515 2700 2731 2756 invitata
2755 2712 2836 2756 est
2867 2712 3049 2772 postea
3069 2706 3438 2760 universarum
3451 2707 3598 2762 Cen-

2015 2792 2144 2844 tium
2177 2791 2478 2858 multitudo,
2498 2792 2610 2862 ipsa
2637 2795 2872 2864 implevit
2899 2795 3212 2860 Ecclesiam,
3246 2797 3356 2864 ipsa
3389 2799 3597 2866 accepit

2014 2882 2080 2937 de
2119 2897 2304 2938 mensa
2356 2883 2622 2938 dominica
2655 2901 2760 2940 non
2791 2885 2926 2940 viles
2954 2887 3158 2955 epulas,
3201 2896 3294 2942 aut
3341 2889 3600 2958 ignobiles

2015 2981 2190 3041 potus,
2223 2973 2318 3029 sed
2349 2975 2516 3044 ipsius
2545 2977 2792 3044 pastoris,
2835 2977 3001 3046 ipsius
3047 2977 3208 3032 occisi
3249 2978 3444 3032 Christi
3475 2995 3598 3034 car-

2015 3078 2136 3118 nem
2167 3063 2460 3133 prarlibavit
2489 3073 2545 3119 et
2568 3065 2901 3130 sanguinem.
2924 3065 3144 3120 Occisus
3173 3076 3254 3121 est
3277 3067 3344 3121 ad
3385 3069 3598 3137 nuptias

2013 3170 2138 3212 suas
2167 3157 2280 3226 ipse
2307 3157 2564 3212 innocens
2601 3172 2790 3227 agnus,
2823 3159 3035 3212 occisus
3067 3167 3148 3212 est
3172 3159 3237 3212 ad
3269 3161 3512 3228 nuptias;
3545 3171 3603 3214 et

2012 3263 2374 3319 quoscumque
2417 3249 2676 3316 invitavit,
2721 3250 2790 3304 de
2833 3265 2996 3304 carne
3037 3265 3131 3304 sua
3174 3252 3336 3320 pavit.
3379 3251 3602 3305 Occisus

2013 3339 2196 3409 epulas
2219 3341 2568 3410 praeparavit:
2589 3355 2874 3411 resurgens
2895 3343 3106 3411 nuptias
3127 3341 3433 3396 celebravit.
3457 3343 3602 3398 Occi-

2013 3445 2104 3484 sus
2133 3432 2482 3486 voluntariam
2511 3435 2722 3502 pertulit
2745 3433 3082 3502 passionem:
3111 3447 3392 3504 resurgens
3415 3435 3602 3506 dispo-

2013 3525 2165 3579 sitam
2187 3525 2337 3580 duxit
2361 3541 2603 3582 uxorem.
2635 3525 2692 3581 In
2723 3536 2876 3583 utero
2913 3527 3134 3597 virginis
3165 3527 3448 3582 humanam
3479 3543 3598 3584 car-

2015 3634 2134 3674 nem
2167 3619 2310 3674 velut
2350 3621 2562 3674 arrham
2605 3621 2840 3690 accepit:
2865 3622 2917 3677 in
2963 3637 3124 3678 cruce
3151 3623 3594 3694 pretiosissimam

2013 3711 2192 3767 dotem
2222 3729 2376 3768 suum
2401 3714 2714 3784 sanguinem
2744 3713 2914 3770 fudit:
2946 3715 2998 3769 in
3025 3717 3416 3771 resurrectione
3437 3724 3598 3786 atque

2011 3805 2324 3858 ascensione
2351 3819 2446 3858 sua
2473 3806 2658 3860 mtcrni
2685 3806 3007 3860 matrimonii
3055 3805 3254 3862 foedera
3301 3807 3594 3862 roboravit.

2013 3895 2250 3950 Ascendit
2271 3896 2402 3950 enim
2423 3895 2476 3950 in
2495 3898 2676 3960 altum,
2696 3899 2944 3964 captivam
2963 3898 3112 3952 duxit
3137 3901 3494 3966 captivitatem,
3514 3900 3604 3953 de-

2012 3987 2084 4038 dit
2111 3985 2247 4040 dona
2275 3987 2561 4042 hominibus
2587 3987 2757 4059 (Psat.
2789 4003 2950 4050 vau,
2995 3989 3104 4056 l9).
3137 3989 3266 4055 Qum
3289 3990 3462 4044 dona?
3481 3991 3602 4058 Spi-

2011 4077 2168 4130 ritum
2199 4085 2461 4142 sanctnm,
2491 4091 2595 4146 per
2629 4091 2786 4146 quem
2814 4077 3003 4131 diffusa
3045 4077 3292 4132 immanis
3323 4080 3592 4135 mentibus

2009 4168 2289 4231 charitate.
2341 4167 2767 4236 inseparabiliter
2805 4165 3020 4222 Christo
3061 4177 3306 4236 tanquam
3353 4169 3470 4222 viro
3498 4183 3596 4223 suo

2010 4257 2235 4312 adhaesit
2263 4257 2519 4314 Ecclesia.
2540 4257 2810 4312 Processit
2834 4273 2962 4329 ergo
2985 4258 3142 4314 hodie
3161 4269 3410 4329 tanquam
3433 4273 3596 4328 spon-

2010 4363 2102 4402 sus
2127 4349 2194 4404 de
2221 4364 2374 4404 sacro
2414 4349 2647 4404 thalamo
2687 4365 2805 4414 suo,
2835 4358 2891 4406 et
2928 4351 3068 4406 sicut
3095 4351 3405 4420 exsequitur
3443 4351 3596 4408 Psal-

2011 4457 2146 4505 mus,
2175 4438 2454 4496 Exsultavit
2482 4449 2534 4494 ut
2562 4443 2704 4513 gigas
2725 4442 2794 4495 ad
2820 4441 3118 4496 currendum
3149 4443 3296 4496 viam.
3332 4442 3601 4498 Processit

2009 4541 2065 4587 ut
2095 4547 2344 4600 Sponsus,
2367 4533 2652 4586 exsultavit
2675 4543 2732 4586 ut
2752 4533 2916 4604 gigas.
2941 4533 3170 4589 Pulcher
3193 4543 3246 4588 et
3273 4532 3456 4586 fortis:
3481 4533 3599 4602 pul-

2007 4623 2156 4690 cher,
2179 4633 2237 4678 ut
2261 4637 2522 4694 sponsus;
2550 4623 2721 4690 fortis,
2744 4631 2802 4678 ut
2819 4625 2985 4696 gigas.
3011 4623 3256 4691 Pulcher,
3277 4635 3332 4679 ut
3351 4632 3594 4688 ametur;

2011 4713 2182 4779 fortis,
2236 4723 2293 4769 ut
2341 4715 2622 4770 timeatur:
2652 4714 2890 4784 pulcher,
2940 4722 2998 4767 ut
3039 4715 3304 4784 placeret;
3335 4715 3506 4782 fortis,
3541 4727 3599 4770 ut

2009 4810 2261 4863 vinceret.
2303 4806 2404 4863 Ubi
2450 4807 2719 4862 invenitur
2767 4807 2818 4860 in
2867 4805 3158 4876 Scriptnris
3205 4807 3372 4862 sacris
3413 4809 3596 4876 sponsi

2009 4899 2158 4956 istius
2175 4897 2549 4968 pulchritudo?
2567 4897 2839 4968 Speciosus
2857 4899 3022 4966 [arma
3043 4915 3150 4969 pra:
3165 4898 3288 4968 [iliis
3305 4899 3596 4952 hominum:

2007 4988 2196 5056 di/fusa
2224 4998 2296 5043 est
2315 4989 2482 5060 gratia
2507 4988 2560 5042 in
2589 4987 2734 5042 labiis
2763 4988 2860 5041 tuis
2891 4986 3062 5060 (Psal.
3095 5005 3243 5056 κων,
3273 4987 3350 5061 5).
3383 4987 3482 5044 Ubi
3511 4989 3594 5042 in-

2005 5080 2217 5134 venitur
2260 5078 2488 5150 gigantis
2532 5076 2822 5132 fortitudo?
2847 5077 3098 5134 Dominus
3125 5081 3272 5149 fortis
3309 5085 3354 5130 et
3391 5087 3590 5148 potens,

2007 5171 2256 5226 Dominus
2281 5179 2458 5242 potens
2483 5170 2538 5224 in
2573 5169 2749 5239 praelia
2777 5169 2951 5240 (Psat.
3002 5186 3154 5233 χχιιι,
3183 5169 3260 5240 8).
3297 5167 3594 5238 Utrumque

2003 5272 2202 5329 autem,
2231 5261 2283 5318 id
2311 5271 2414 5328 est,
2444 5269 2500 5316 et
2531 5259 2974 5330 pulchritudinem
2994 5271 3046 5313 et
3063 5257 3423 5313 fortitudinem
3449 5259 3498 5312 in
3527 5275 3592 5312 eo

2005 5353 2212 5409 viderat
2235 5365 2289 5408 et
2324 5353 2662 5408 intellexerat
2711 5351 2890 5414 Isaias,
2933 5365 3057 5404 cum
3098 5349 3341 5405 dicebat:
3367 5349 3492 5415 Quis
3519 5357 3596 5402 est

2003 5447 2096 5502 iste
2118 5446 2204 5514 qui
2229 5445 2428 5499 advenit
2458 5461 2522 5500 ea.
2548 5442 2751 5498 Edam?
2778 5443 2932 5494 rubor
2955 5441 3358 5495 vestimentorum
3401 5442 3512 5512 ejus
3529 5457 3594 5494 ea:

2006 5535 2186 5600 Bosur,
2217 5537 2288 5590 sic
2316 5537 2572 5605 speciosus
2612 5535 2663 5588 in
2689 5534 2821 5588 stola
2847 5533 3122 5587 vestimenti
3151 5549 3264 5587 cum
3293 5532 3594 5604 fortitudine

2007 5627 2157 5700 (lsai.
2193 5645 2341 5691 Lxur,
2376 5627 2466 5698 i)?
2497 5628 2598 5682 Iste
2621 5641 2747 5698 ergo
2775 5627 3054 5696 prepheta,
3086 5627 3174 5697 qui
3207 5633 3260 5682 et
3284 5627 3588 5697 speciosum

2006 5722 2138 5776 dixit
2157 5729 2210 5773 et
2241 5720 2450 5785 fortem,
2485 5734 2736 5790 sponsum
2766 5728 2988 5772 noverat
3007 5728 3060 5773 et
3088 5720 3374 5790 gigantem.

2075 5811 2298 5868 CAPUT
2327 5811 2410 5866 ΙΙΙ.
2446 5841 2514 5852 -ο
2542 5813 2592 5866 ⁸5.
2647 5809 2788 5864 Viam
2817 5805 3067 5880 quoniodo
3091 5813 3312 5868 cucurrit
3343 5811 3598 5870 Christus.
