3996 6180
388 362 521 421 16(ὶὸ

384 483 633 539 Ambrosii
654 482 891 553 ligatum.
915 480 1076 549 Ergo,
1107 469 1727 539 charissitni,Exsultavit
1749 477 1802 524 ut
1826 465 1971 539 gigas

383 576 453 631 ad
475 574 937 632 eurrendamviam.
958 571 1128 639 Quam
1157 570 1319 634 viam,
1351 567 1456 623 nisi
1493 565 1772 622 mortalem
1803 564 1965 630 viam,

381 682 544 738 quam
560 667 807 739 dignatus
828 672 911 720 est
928 662 1205 719 nobiseum
1222 660 1423 715 habere
1445 657 1821 714 communem?
1850 656 1968 725 ipsa

382 766 467 813 est
483 758 586 824 via,
617 771 716 829 per
734 771 891 827 quam
916 768 1086 825 genus
1115 752 1404 807 humanum
1432 749 1641 805 transit.
1672 748 1969 804 Transeunt

381 850 524 905 enim
549 864 644 919 per
664 863 782 903 eam
802 843 1065 901 veniendo
1100 850 1402 906 nascentes,
1423 849 1478 897 et
1495 838 1832 895 abscedendo
1856 852 1972 893 mo-

385 941 600 996 rientes.
615 939 676 994 Et
692 938 790 993 iste
808 936 1020 1007 generis
1036 936 1250 990 humani
1270 932 1462 989 fluvius
1482 931 1548 987 ab
1565 930 1714 986 initio
1728 944 1895 1000 usque
1915 929 1970 984 in

384 1031 542 1087 {litem
567 1046 632 1087 ex
658 1029 880 1087 occultis
907 1037 1113 1083 natura:
1141 1025 1503 1095 venisjugiter
1531 1031 1728 1078 manat.
1763 1023 1840 1077 De
1868 1022 1972 1077 isto

385 1121 545 1176 ﬂuvio
558 1137 611 1175 ra
619 1120 739 1191 pido
757 1135 819 1175 ac
830 1118 1137 1175 turbulento
1146 1118 1331 1173 bibere
1345 1116 1595 1186 dignatus
1606 1123 1688 1170 est
1702 1114 1969 1169 Christus.

382 1212 536 1268 Modo
554 1212 778 1271 audistis
796 1212 847 1266 in
877 1210 1101 1281 psalmo,
1133 1209 1212 1265 De
1236 1216 1452 1263 torrente
1470 1209 1524 1262 in
1544 1207 1625 1261 via
1650 1207 1768 1261 bibit
1796 1205 1968 1277 (Psal.

382 1319 491 1367 cxx,
515 1304 590 1369 7).
616 1303 847 1357 Torrens
868 1304 966 1357 iste
988 1300 1236 1371 produxit
1260 1314 1359 1356 nos
1379 1299 1445 1354 ad
1466 1299 1815 1366 nativitatem,
1844 1312 1969 1367 per-

383 1394 534 1448 duxit
568 1393 635 1448 ad
665 1402 910 1448 mortem.
942 1393 1103 1462 Quasi
1142 1408 1208 1447 ex
1247 1392 1458 1448 occulto
1486 1390 1670 1455 fontis,
1717 1391 1966 1461 abyssum

384 1485 545 1541 maris
564 1484 796 1555 suscepit
815 1484 1073 1541 Christus.
1109 1482 1404 1553 Utrumque
1429 1497 1527 1553 pro
1545 1482 1720 1549 nobis,
1742 1490 1798 1538 et
1818 1493 1973 1538 natus

383 1581 439 1631 et
463 1583 704 1629 mortuus
743 1582 846 1629 est.
880 1574 948 1629 Et
972 1574 1097 1644 quia
1136 1575 1381 1630 homines
1410 1576 1462 1629 in
1490 1574 1666 1629 medio
1692 1575 1848 1644 hujus
1874 1574 1972 1630 llu-

383 1665 539 1720 minis
558 1664 851 1728 constituti,
878 1665 1187 1735 plerumque
1207 1665 1541 1721 delectantur
1560 1665 1741 1721 mundi
1765 1666 1975 1721 blandi-

384 1756 941 1819 mentisetillecebris,
968 1772 1087 1826 quae
1101 1756 1231 1812 limo
1250 1756 1410 1826 hujus
1427 1758 1675 1813 torrentis
1696 1758 1973 1813 involvun-
2018 1778 2021 1781 ν

385 1857 487 1911 tur,
501 1848 720 1919 atquein
738 1847 1055 1919 profundum
1076 1848 1268 1905 inferni
1285 1850 1593 1920 demergunt
1613 1866 1724 1913 eos,
1741 1851 1973 1922 quidum

385 1950 721 1996 transeuntes
748 1941 916 1995 undas
940 1941 1098 1997 avide
1126 1942 1397 2005 hauriunt,
1426 1943 1505 1998 sic
1524 1952 1799 2008 necantur,
1829 1950 1972 1997 stare

384 2032 662 2100 cupientes
691 2034 745 2086 in
790 2041 1026 2089 torrente
1066 2034 1451 2103 praecipitante,
1493 2044 1548 2089 et
1574 2035 1630 2089 in
1651 2023 1925 2104 republica
1952 2035 1969 2064 ¹

384 2134 683 2192 quaerentes
715 2125 816 2180 ﬁxa
846 2125 1064 2196 vestigia
1100 2144 1113 2179 :
1147 2125 1269 2180 ideo
1315 2126 1571 2180 Dominus
1594 2126 1657 2180 de
1681 2135 1899 2181 torrente
1917 2126 1971 2180 in

393 2220 472 2270 ria
499 2218 638 2271 bibit.
668 2218 805 2286 Quid
830 2227 932 2285 est,
960 2220 1013 2273 in
1040 2220 1121 2273 via
1150 2219 1305 2272 bibit?
1335 2219 1622 2275 Transicns
1646 2219 1798 2274 bibit.
1831 2218 1971 2274 Bibit

383 2307 522 2361 enim
552 2317 606 2362 et
633 2309 858 2372 transiit,
893 2324 998 2363 non
1026 2310 1320 2364 remansit:
1355 2324 1455 2364 nec
1482 2312 1629 2365 stetit
1658 2310 1708 2363 in
1735 2312 1818 2365 via
1844 2326 1970 2381 pee-

383 2408 643 2453 eatorum.
690 2399 823 2454 Item
863 2408 1090 2455 mortem
1126 2411 1370 2456 metuunt
1409 2400 1684 2469 homines;
1722 2403 1846 2472 quia
1878 2417 1974 2457 ne-

384 2506 532 2545 cesse
559 2500 642 2547 est
671 2492 989 2561 prmeipitari
1017 2507 1203 2547 omnes
1233 2493 1389 2562 hujus
1420 2495 1671 2549 torrentis
1697 2493 1966 2562 impulsu:

382 2580 625 2635 (Ihristus
652 2589 828 2636 autem
857 2590 1080 2637 mortem
1123 2597 1280 2651 quam
1308 2592 1497 2652 sponte
1540 2592 1873 2652 susceperat,
1908 2584 1973 2639 ti-

384 2693 528 2732 mere
558 2694 663 2732 non
692 2678 888 2747 potuit;
918 2678 1037 2733 ideo
1063 2678 1261 2732 dictum
1290 2685 1392 2741 est,
1431 2677 1498 2731 Et
1523 2678 1787 2733 exsultauit
1815 2686 1868 2731 ut
1894 2678 1974 2748 gi-

382 2787 470 2836 gas
489 2769 881 2823 adem-rendam
909 2770 1064 2823 uiam.
1098 2769 1383 2824 Descendit
1418 2772 1583 2834 enim,
1617 2780 1673 2825 et
1695 2771 1969 2826 cucurrit:

382 2859 636 2922 ascendit,
661 2868 715 2914 et
734 2860 891 2915 sedit.
915 2860 1115 2926 Nostis,
1135 2860 1255 2931 quia
1286 2861 1364 2917 sic
1386 2862 1628 2917 confiteri
1650 2862 1727 2933 (a)
1752 2863 1969 2918 soletis:

387 2959 662 3019 postquam
680 2953 990 3019 resurrexit,
1013 2953 1251 3008 ascendit
1276 2953 1327 3007 in
1352 2954 1569 3021 coelum,
1588 2955 1739 3010 sedet
1758 2955 1824 3009 ad
1841 2956 1972 3011 dex-

384 3050 549 3095 teram
580 3042 772 3097 Patris.
822 3043 974 3098 llune
1002 3044 1171 3098 nostri
1202 3045 1432 3114 gigantis
1458 3059 1739 3101 excursum
1768 3047 1974 3103 brevis-

383 3134 515 3188 sime
548 3148 611 3189 ac
641 3135 997 3203 pulcherrime
1020 3136 1215 3192 cecinit
1244 3137 1430 3193 beatus
1454 3138 1771 3195 Ambrosius
1794 3141 1845 3195 iu
1875 3141 1973 3214 hy-

383 3239 528 3286 mno,
553 3240 710 3294 quem
739 3226 894 3296 paulo
937 3236 1062 3282 ante
1107 3230 1373 3285 eantastis.
1426 3230 1674 3300 Loquens
1714 3232 1856 3287 enim
1903 3234 1971 3289 de

386 3314 607 3369 Domino
632 3314 864 3383 Christo,
897 3318 974 3373 sic
998 3318 1102 3375 ait:
1126 3337 1144 3370 t
1175 3320 1433 3391 Egressus
1462 3323 1577 3392 ejus
1602 3338 1635 3377 a
1677 3324 1855 3391 Patre,
1885 3341 1973 3380 rc-

389 3425 407 3459 t
432 3421 649 3476 gressus
676 3408 789 3478 ejus
815 3409 881 3464 ad
912 3410 1122 3466 Patrem
1146 3428 1158 3464 :
1183 3427 1440 3469 excursus
1458 3430 1627 3485 usque
1653 3418 1719 3471 ad
1746 3417 1965 3484 inferos,

392 3516 409 3548 t
437 3513 683 3554 recursus
721 3499 787 3554 ad
830 3501 1011 3556 sedem
1045 3502 1158 3557 Dei.
1186 3521 1205 3555 ι
1240 3504 1363 3559 llaec
1393 3506 1591 3571 omnia,
1641 3507 1966 3578 charissimi,

384 3588 429 3643 si
454 3605 755 3658 qumramus
802 3605 898 3645 cur
947 3592 1080 3647 facta
1125 3603 1268 3661 sunt,
1313 3596 1643 3652 inveniemus
1692 3598 1826 3654 facta
1873 3616 1970 3670 pro

386 3683 557 3737 nobis.
580 3683 863 3741 Descendit
878 3685 1040 3749 enim,
1065 3693 1122 3739 ut
1140 3686 1583 3753 ascenderemus;
1606 3700 1848 3747 mortuus
1866 3702 1966 3757 est,

386 3784 442 3829 ut
470 3775 800 3841 viveremus;
831 3779 1140 3844 resurrexit,
1178 3788 1238 3833 ut
1266 3796 1695 3851 resurgeremus;
1725 3786 1969 3842 ascendit

388 3868 438 3920 in
468 3868 683 3934 emtum,
718 3878 774 3923 nt
805 3879 1011 3925 terrena
1041 3880 1405 3939 contemnere,
1437 3882 1491 3929 et
1509 3890 1603 3930 cor
1631 3891 1843 3933 sursum
1873 3880 1970 3934 eri-

384 3975 509 4029 gere
534 3961 878 4021 disceremus.
914 3963 1148 4034 Denique
1173 3974 1232 4020 ut
1260 3965 1460 4021 levaret
1488 3975 1606 4037 post
1626 3983 1684 4023 se
1704 3984 1853 4040 spem
1877 3986 1975 4025 no-

385 4059 569 4120 stram,
602 4053 795 4109 levavit
821 4055 990 4124 primo
1014 4071 1229 4112 carnem
1256 4072 1439 4113 suam:
1468 4067 1522 4114 et
1548 4068 1603 4114 ut
1630 4076 1972 4130 sperarenuts

387 4145 487 4201 hoc
514 4155 818 4202 secuturum
848 4147 900 4202 in
933 4148 1107 4216 nobis,
1139 4149 1267 4204 illud
1298 4153 1571 4221 prmcessit
1599 4154 1741 4224 quod
1767 4154 1973 4225 accepit

385 4252 449 4291 ex
481 4237 651 4293 nobis.

791 4367 1021 4424 SERMO
1056 4368 1397 4427 CCCLXXIII
1427 4376 1439 4395 ‘
1473 4372 1568 4447 (b).

818 4511 885 4555 De
909 4505 1165 4569 Epiphania
1190 4508 1391 4569 Domini,
1416 4508 1538 4572 |(c).

459 4626 684 4685 CAPUT
722 4628 1005 4686 PRIMUM.
1032 4661 1103 4672 —
1126 4633 1175 4686 l.
1206 4632 1433 4689 Christus
1461 4635 1812 4705 manifestalus
1860 4638 1978 4693 Μα-

390 4720 484 4789 gis.
512 4718 833 4774 Solemnitas
858 4735 1015 4789 quam
1044 4720 1203 4778 hodie
1229 4722 1584 4791 celebramus,
1621 4737 1836 4798 propter
1862 4744 1977 4784 ma-

391 4806 783 4863 nifestationem
815 4809 1024 4865 Domini
1060 4810 1368 4882 Epiphania:
1395 4828 1627 4886 graecum
1659 4833 1852 4873 nomen
1881 4834 1976 4875 ac-

390 4899 549 4970 cepit.
575 4899 843 4954 llodicrno
863 4901 1058 4970 quippe
1074 4901 1161 4958 die
1175 4903 1340 4974 Magis
1359 4905 1703 4962 adorantibus
1727 4918 1975 4980 tanquam

394 4992 640 5061 primitiis
679 4992 951 5060 Gentium,
992 4995 1399 5051 commendatur
1446 4998 1831 5067 manifestatns,
1885 5002 1977 5073 qui

392 5093 515 5139 ante
541 5097 737 5154 paucos
761 5083 876 5139 dies
902 5084 1126 5140 traditur
1147 5086 1305 5140 etiam
1326 5096 1498 5143 natus.
1527 5089 1684 5160 Lapis
1708 5092 1794 5147 ille
1810 5106 1976 5163 angu-

395 5176 539 5242 laris,
566 5178 656 5247 qui
687 5178 827 5234 velut
854 5176 1083 5248 parietes
1105 5177 1258 5247 duos,
1282 5180 1704 5241 circumcisionis
1731 5185 1978 5244 videlicet

455 5332 470 5364 ¹
507 5337 646 5382 Forte
676 5331 959 5396 legendum,
982 5340 1029 5386 et
1065 5332 1115 5385 in
1139 5346 1191 5385 re
1226 5333 1376 5386 labili.

455 5398 474 5458 '_
507 5396 873 5458 uecognitusad
896 5398 972 5447 cb.
997 5396 1059 5447 cl.
1093 5397 1124 5446 Γ.
1144 5410 1201 5446 u.
1236 5411 1278 5448 r.
1314 5410 1405 5448 rm.
1435 5407 1483 5449 v’.
1511 5406 1563 5451 et
1597 5400 1655 5451 ad
1679 5407 1787 5453 ιον.

455 5454 526 5519 (tt)
562 5462 607 5519 In
631 5454 865 5519 §ymholo.

453 5516 525 5637 (υς
552 5515 689 5577 Alias,
713 5519 777 5567 de
802 5520 1011 5569 Diversis
1025 5519 1103 5569 66.

457 5577 503 5636 (ι’
563 5583 845 5637 Atubiguum
870 5582 1072 5630 reddunt

457 5577 527 5649 (ej
563 5581 1193 5649 Ambigtunnretldtnu__locl
1232 5583 1481 5649 nonnulli,
1504 5586 1682 5649 quibus
1701 5590 1979 5641 temeritate

392 5636 771 5710 alicttjuslahC-tn
795 5641 991 5710 allalzuu
1007 5643 1144 5693 facile
1166 5645 1409 5695 credimus
1441 5636 1661 5710 inspecto
1697 5636 1979 5701 Floriaeeiisi

393 5706 564 5772 vetere
588 5701 727 5759 libro,
748 5706 829 5764 qui
865 5718 921 5772 ea
948 5705 1235 5772 pitjruuupte.
1259 5710 1494 5772 prauerit,
1520 5701 1629 5772 quae
1652 5711 1907 5772 displicent
1932 5716 1978 5763 in

392 5759 482 5835 ηερε
517 5759 781 5835 sermo-ue,
808 5767 875 5812 uti
904 5759 1235 5835 inielliges'ex
1261 5759 1443 5821 ansulis
1483 5759 1551 5821 Μ
1578 5786 1636 5821 ea
1672 5759 1977 5835 miseriae;

393 5821 475 5872 ille
500 5836 593 5872 non
616 5821 1030 5883 ltabct'appositis.

1618 350 1674 407 S.
1715 339 2079 406 AUGUSTINI
2121 344 2425 410 EPISCOPI

3534 324 3675 422 ωςί

2085 474 2139 522 et
2160 470 2426 539 praeputii,
2453 470 2557 528 hoc
2578 480 2664 528 est
2678 473 2981 532 Judteorum
3003 485 3162 548 atque
3186 477 3453 541 Gentium,
3482 480 3553 535 de
3574 482 3661 537 di.

2084 571 2239 615 verso
2260 562 2538 618 venientes
2557 563 2610 619 in
2634 579 2731 620 sua
2773 567 2971 622 unitate
3011 569 3299 639 copulavit,
3331 580 3374 623 et
3399 572 3562 641 factus
3587 579 3664 624 est

2081 666 2185 720 pax
2207 660 2398 716 nostra,
2430 652 2518 721 qui
2544 654 2663 727 fecit
2687 665 2901 725 utraque
2924 674 3076 711 unum
3106 658 3322 729 (Ep/tes.
3352 675 3409 721 tt,
3440 660 3661 731 11-22);

2079 750 2138 795 ut
2163 743 2464 813 pastoribus
2487 745 2792 803 Judazorum
2821 747 3175 817 mmtiaretur,
3200 751 3387 821 Angeli
3409 767 3666 809 venerunt

2080 833 2149 889 de
2171 836 2339 901 calo;
2371 846 2426 893 et
2453 848 2560 894 uta
2579 841 2746 910 magis
2772 841 3019 897 Gentium
3048 841 3381 909 adoraretur,
3410 845 3561 899 stella
3584 862 3667 899 re-

2080 928 2229 984 fulsit
2257 946 2287 985 e
2312 932 2508 987 cmlo‘.
2544 933 2665 990 Sive
2688 951 2816 1006 ergo
2846 951 2942 1005 per
2980 937 3233 1008 Angelos,
3267 938 3378 991 sive
3406 953 3499 1007 per
3538 939 3669 993 stel-

2084 1020 2209 1089 lam,
2256 1024 2377 1079 (ιωιὶ
2423 1037 2805 1083 enarraverunt
2850 1029 3071 1100 gloriam
3102 1030 3228 1085 Dei:
3260 1031 3393 1085 utin
3434 1032 3551 1098 ejus
3577 1034 3666 1102 qui

2080 1120 2237 1168 natus
2261 1124 2344 1170 est
2361 1118 2549 1187 gratia,
2572 1130 2885 1175 enarrareut
2912 1137 3028 1176 eam
3057 1123 3216 1176 etiam
3246 1123 3508 1192 Apostoli.
3544 1141 3669 1194 por-

2083 1211 2255 1261 tantes
2283 1206 2570 1263 Dominum
2600 1210 2737 1265 sicut
2761 1212 2903 1280 caeli,
2937 1221 3096 1283 atque
3139 1214 3190 1268 in
3222 1230 3435 1268 omnem
3467 1224 3665 1270 terram

2081 1295 2426 1354 exiretsonus
2446 1316 2653 1368 eorum,
2667 1311 2722 1359 et
2740 1305 2789 1357 in
2807 1304 2938 1359 ﬁnes
2961 1304 3106 1360 orbis
3133 1315 3286 1361 terrtc
3306 1307 3463 1363 verba
3482 1324 3667 1362 eorum

2082 1385 2253 1457 (Psal.
2283 1405 2433 1456 xvur,
2464 1391 2519 1457 2,
2551 1393 2631 1463 5).
2661 1394 2789 1462 Qua:
2814 1396 3063 1465 quoniam
3087 1406 3141 1451 et
3165 1398 3231 1451 ad
3258 1413 3357 1454 nos
3384 1410 3669 1465 venerunt,

2080 1478 2370 1547 credimus,
2398 1492 2616 1554 propter
2640 1486 2782 1556 quod
2812 1495 2867 1542 et
2896 1488 3165 1557 loquimur
3206 1490 3270 1562 (ll
3298 1491 3417 1545 Cor.
3450 1507 3522 1557 iv,
3556 1496 3667 1564 15).

2152 1571 2377 1629 CAPUT
2399 1574 2462 1629 ll.
2488 1607 2561 1617 —
2603 1578 2657 1631 2.
2678 1577 2826 1633 Idem
2848 1589 3090 1635 tractatur
3110 1594 3479 1654 argumentum.
3504 1584 3667 1643 Multa

2081 1662 2241 1735 igitur
2265 1668 2650 1725 consideranda
2675 1681 2829 1738 sunt,
2861 1672 3054 1729 fratres
3073 1717 3089 1740 ,
3118 1676 3169 1729 in
3200 1676 3299 1732 hac
3324 1693 3483 1747 quam
3519 1680 3670 1735 audi-

2079 1758 2272 1825 vimus,
2314 1762 2619 1832 evangelica
2662 1764 2908 1822 lectione.
2935 1766 3067 1837 Magi
3097 1769 3318 1823 veniunt
3344 1770 3411 1825 ab
3440 1772 3665 1840 oriente,

2080 1864 2258 1919 regem
2284 1850 2588 1908 Judmorum
2611 1856 2907 1925 requirunt,
2939 1858 3026 1926 qui
3054 1867 3130 1913 tot
3157 1875 3309 1929 reges
3365 1861 3668 1919 Judarorum

2081 1955 2352 2009 nunquam
2397 1954 2552 1998 antea
2585 1946 2928 2015 qumsicrunt.
2959 1948 3258 2018 Requirunt
3293 1960 3470 2007 autem
3492 1994 3506 2017 ,
3559 1969 3666 2008 non

2080 2029 2312 2099 aliquem
2353 2033 2521 2087 virilis
2571 2037 2781 2100 mtatis,
2833 2038 2945 2093 sive
2986 2039 3327 2108 grandzevum
3354 2084 3370 2107 ,
3423 2042 3671 2099 humanis

2080 2123 2249 2177 oculis
2272 2166 2287 2190 ,
2338 2125 2392 2178 in
2421 2126 2631 2181 excelsa
2659 2128 2788 2183 sede
2812 2131 3158 2199 conspicuum
3181 2174 3196 2198 ,
3226 2136 3548 2190 exercitibus
3576 2152 3671 2207 [ιοδ

2082 2220 2281 2268 tentem
2307 2256 2321 2279 ,
2345 2215 2507 2272 armis
2530 2225 2818 2273 terrentem
2841 2263 2855 2285 ,
2890 2237 3118 2291 purpura
3147 2224 3398 2279 nitentem
3420 2268 3434 2289 ,
3480 2226 3669 2283 diade-

2080 2314 2223 2358 mate
2243 2306 2589 2376 reiulgentem
2623 2306 2744 2380 [vel
2770 2311 2837 2367 de
2863 2327 3024 2368 cruce
3062 2315 3162 2369 sibi
3191 2318 3541 2371 exsultantem
3567 2360 3581 2380 ,
3614 2320 3669 2373 in

2080 2409 2181 2463 qua
2211 2397 2490 2453 universos
2515 2410 2776 2470 martyres
2802 2403 3089 2460 redimeret
3115 2407 3427 2463 confitentes
3447 2451 3460 2474 ,
3494 2409 3576 2463 vel
3601 2410 3669 2464 ab

2082 2485 2266 2542 inferis
2286 2501 2650 2561 resurgentem
2675 2537 2687 2558 ,
2717 2504 2805 2549 aut
2833 2498 2883 2550 in
2910 2499 3075 2553 caelos
3097 2500 3470 2556 ascendentem
3500 2500 3549 2573 ];
3574 2502 3670 2558 seti

2081 2592 2270 2632 recens
2299 2589 2501 2647 natum,
2526 2583 2579 2648 in
2610 2586 2761 2639 cuuis
2782 2586 3667 2657 jacentem,uberibusinhiantem,

2082 2669 2228 2723 nullo
2256 2680 2446 2725 ornatu
2471 2676 2745 2743 corporis,
2796 2678 2958 2731 nullis
3001 2680 3362 2736 membrorum
3416 2683 3618 2739 viribus
3651 2727 3666 2751 ,

2081 2760 2241 2814 nullis
2265 2772 2541 2830 parentqu
2570 2767 2758 2834 opibus
2777 2808 2791 2830 ,
2824 2784 2930 2823 non
2956 2785 3049 2824 sua
3075 2779 3229 2826 aetate
3254 2814 3268 2837 ,
3303 2788 3408 2828 non
3445 2790 3666 2831 suorum

2078 2862 2343 2923 potestate
2370 2864 2731 2925 prmstantem.
2760 2861 2827 2914 Et
2852 2870 3289 2933 quazruntregem
3317 2864 3623 2920 Judzeomm
3647 2909 3665 2933 ,

2080 2965 2110 3005 a
2133 2967 2257 3023 rege
2292 2952 2597 3009 Judazorum
2621 2972 2634 3020 ;
2662 2956 2731 3011 ab
2770 2958 3263 3030 llerode[homiue
3285 2958 3306 3032 ]
3328 3003 3342 3027 ,
3396 2960 3664 3016 Christum

2082 3041 2289 3113 [Deum
2321 3054 2372 3099 et
2402 3044 2706 3109 hominem;
2740 3064 2771 3102 a
2801 3056 3011 3103 terreno
3033 3066 3157 3120 rege
3189 3052 3404 3107 homine
3423 3094 3437 3117 ,
3484 3069 3662 3123 regem

2081 3135 2340 3191 caelorum
2392 3137 2483 3206 qui
2533 3138 2845 3194 condiderat
2892 3140 3199 3215 hominem]
3234 3161 3245 3195 :
3278 3160 3305 3197 a
3327 3146 3512 3213 grandi
3541 3160 3663 3214 par—

2080 3227 2299 3292 vulum,
2326 3242 2355 3282 a
2385 3229 2533 3283 claro
2590 3230 2840 3285 latentem
2866 3274 2882 3297 ,
2916 3232 2982 3286 ab
3034 3234 3246 3288 excelso
3290 3233 3543 3288 humilem
3567 3277 3581 3301 ,
3634 3250 3663 3288 a

2080 3318 2329 3388 loquente
2355 3320 2608 3377 infantem
2628 3363 2645 3389 ,
2674 3324 2740 3378 ab
2766 3324 3017 3392 opulento
3035 3325 3243 3395 inopem
3264 3368 3276 3389 ,
3303 3342 3331 3379 a
3361 3326 3480 3381 forti
3515 3328 3664 3383 infir-

2079 3425 2259 3477 mum;
2293 3420 2346 3469 et
2386 3422 2562 3469 tamen
2611 3414 2875 3487 [quamvis
2926 3417 2994 3469 ab
3033 3416 3239 3472 llerode
3269 3431 3623 3489 persequente
3647 3462 3662 3486 ,

2082 3500 2210 3573 sibi.
2237 3511 2293 3558 et
2335 3504 2455 3561 aliis
2484 3505 2752 3562 Christum
2780 3507 3197 3582 dominantem],
3239 3525 3267 3563 a
3295 3523 3667 3567 coutenmente

2080 3593 2409 3649 adorandum
2436 3615 2450 3651 :
2476 3598 2711 3666 profecto
2751 3599 2802 3653 iu
2824 3615 2927 3669 quo
2953 3602 3093 3655 nulla
3122 3618 3310 3673 pompa
3346 3604 3485 3674 regia
3517 3604 3665 3659 vide-

2080 3681 2239 3738 batur
2258 3727 2273 3751 ,
2303 3686 2397 3741 sed
2429 3703 2551 3742 vera
2572 3688 2824 3757 majestas
2847 3690 3185 3745 adorabatur.

2150 3776 2377 3832 CAPUT
2403 3777 2488 3831 ΙΙΙ.
2522 3810 2590 3818 --
2616 3780 2668 3834 5.
2716 3781 2937 3835 Herodis
2981 3795 3140 3837 metus
3173 3795 3219 3838 ct
3250 3787 3300 3839 in
3338 3787 3668 3856 parvulorum

2080 3866 2217 3920 ca'tle
2244 3868 2453 3921 sterilia.
2483 3867 2782 3923 Innocenlcs
2817 3881 3095 3942 martyrum
3123 3891 3308 3928 corona
3335 3876 3529 3930 donati.
3563 3878 3667 3932 De-

2082 3960 2241 4029 nique
2288 3959 2524 4016 llerodcs
2575 3961 2925 4033 timctzMagi
2976 3963 3303 4020 desiderant.
3342 3968 3539 4037 Regem
3593 3970 3667 4023 illi

2078 4051 2298 4119 cupiunt
2321 4050 2586 4115 invenire,
2613 4068 2836 4122 regnum
2868 4055 3053 4108 metuit
3083 4056 3170 4110 ille
3193 4055 3345 4109 finire
3373 4060 3414 4111 ¹.
3445 4059 3670 4129 Utrique

2081 4151 2351 4212 postremo
2381 4154 2626 4214 quaeritnt
2658 4164 2670 4199 :
2707 4146 2808 4213 illi,
2853 4162 2948 4216 per
2994 4164 3149 4217 quem
3207 4148 3409 4217 possint
3449 4152 3666 4218 vivere;

2082 4235 2206 4301 ille,
2244 4252 2402 4305 quem
2434 4238 2594 4292 vellet
2618 4238 2860 4294 occidere
2896 4258 2908 4293 :
2952 4240 3071 4306 ille,
3104 4241 3153 4294 in
3196 4257 3352 4315 quem
3393 4252 3669 4311 peceatum

2083 4328 2283 4397 grande
2308 4330 2637 4395 committit;
2687 4330 2757 4383 illi
2784 4370 2797 4390 ,
2849 4330 2936 4400 qui
2972 4332 3148 4385 omnia
3199 4333 3297 4386 sibi
3343 4345 3554 4401 peccata
3585 4337 3669 4389 di-

2084 4420 2279 4473 mittat.
2311 4418 2475 4474 Necat
2500 4420 2695 4491 quippe
2736 4420 2975 4476 Herodes
3008 4424 3254 4491 parvulos
3283 4424 3477 4478 multos
3498 4468 3510 4491 ,
3544 4426 3669 4493 tlltlll

2083 4512 2198 4564 vult
2218 4510 2282 4564 ad
2308 4512 2465 4565 unius
2496 4523 2724 4566 mortem
2750 4514 3050 4583 pervenire.
3080 4514 3147 4569 Et
3172 4530 3292 4569 cum
3324 4516 3671 4571 smvieotissi~

2084 4618 2225 4657 mam
2249 4603 2269 4634 ³
2297 4612 2351 4659 ct
2377 4604 2807 4659 cruentissimam
2856 4605 3056 4660 caedem
3086 4606 3138 4660 in
3167 4616 3244 4660 tot
3298 4608 3673 4662 innocentibus

2085 4696 2340 4765 perfecit;
2369 4712 2428 4752 se
2454 4696 2626 4767 ipsum
2653 4705 2795 4752 tanta
2824 4698 3103 4768 iniquitate
3124 4699 3368 4767 primitus
3388 4699 3670 4755 interfecit.

2086 4787 2294 4844 Interea
2328 4804 2423 4844 rex
2466 4798 2649 4844 uoster
2677 4788 2998 4861 [Christus],
3028 4790 3261 4846 Verbum
3309 4790 3448 4865 [Dei]
3501 4793 3672 4847 Infans

2086 4878 2308 4951 [Deus],
2360 4880 2523 4952 Magis
2560 4879 2708 4936 illum
2750 4882 3126 4947 adoranlihus,
3158 4884 3392 4953 parvulis
3444 4900 3541 4954 pro
3588 4884 3675 4937 illo

2087 4971 2466 5037 morientibus,
2496 4972 2609 5028 sive
2626 4972 2869 5042 iacebat,
2916 4972 3029 5027 sive
3054 4973 3273 5043 sugebat
3298 4990 3313 5037 ;
3354 4982 3407 5028 et
3438 4974 3672 5028 nondum

2086 5063 2294 5119 locutus
2318 5062 2364 5129 ⁸,
2401 5064 2681 5119 credentes
2719 5064 3052 5131 inveniebat;
3079 5075 3133 5120 et
3176 5065 3411 5119 nondum
3441 5082 3629 5135 passus
3654 5108 3669 5130 ,

2087 5158 2245 5213 etiam
2273 5168 2535 5229 martyres
2563 5156 2806 5214 faciebat.
2839 5158 2884 5214 Ο
2910 5157 3114 5228 parvuli
3143 5156 3285 5213 beati
3309 5199 3325 5221 ,
3351 5158 3511 5212 modo
3533 5157 3671 5221 uati,

2087 5264 2354 5320 nunquam
2386 5250 2604 5317 tentati,
2628 5250 2863 5305 nondum
2893 5251 3074 5305 luctati
3096 5291 3112 5319 ,
3139 5248 3252 5321 jam
3278 5252 3547 5304 coronati!
3585 5252 3673 5304 Ille

2152 5406 2169 5437 ί
2205 5404 2517 5467 Eloriaeensis
2540 5404 2895 5456 vetustissimus
2920 5404 3061 5467 liber,
3081 5412 3125 5457 et
3144 5411 3193 5456 ut
3216 5404 3441 5457 delibatio
3462 5406 3677 5457 Gentium

2088 5466 2217 5540 Magi
2232 5467 2693 5540 saluarenturmoro
2716 5466 2948 5540 admoniti
2968 5466 3076 5539 sunt
3100 5467 3278 5540 lumine
3299 5467 3503 5518 sidereo.
3559 5539 3587 5540 η
3666 5528 3679 5540 -

2149 5527 2272 5592 (sic
2295 5527 2608 5592 Floriaeensis
2632 5536 2710 5576 Ms.
2742 5530 2961 5592 Aretini,
2993 5530 3128 5592 timet
3166 5543 3505 5592 surressorem,
3552 5528 3676 5592 Magi

2088 5589 2736 5655 desiderantredemptorem
2758 5603 2774 5639 :
2794 5589 2868 5640 illi
2889 5590 3085 5654 cupiunt
3106 5590 3318 5644 invenire
3340 5605 3559 5655 regnum,
3581 5589 3674 5641 me.

2087 5652 2173 5701 (uit
2196 5652 2276 5702 ille
2297 5649 2437 5714 [inire
2461 5649 2677 5714 regnum.

2152 5715 2172 5745 ³
2208 5712 2521 5763 ιίΙοιλίιιουηδὶέ
2541 5722 2641 5770 \ts.,
2668 5712 3103 5765 celebratissimum.

2152 5778 2171 5807 ⁸
2209 5784 2269 5842 tta
2308 5776 2436 5823 idem
2462 5774 2641 5842 saguli
2670 5790 2786 5823 vero
2933 5792 3041 5827 cum
3061 5778 3272 5838 excusis,
3306 5774 3405 5829 δέω
3429 5775 3645 5842 surgebat

2089 5839 2349 5893 crescebat.
2373 5845 2415 5891 et
2442 5838 2669 5896 nomium,
2697 5845 2789 5888 etc.
