4036 6188
337 265 474 322 [665

329 380 398 435 de
423 387 602 434 vestra
623 393 822 436 corona
853 381 1173 438 dubitaverit
1194 384 1246 438 in
1279 387 1522 455 passione
1548 403 1644 456 pro
1667 389 1880 446 Chrile
1903 434 1918 457 ,

325 471 418 542 qui
443 471 610 526 etiam
637 471 966 540 Baptismnm
985 476 1220 543 parvulis
1241 477 1494 545 prodesse
1517 493 1622 534 non
1651 481 1922 536 existimat

323 561 548 617 Christi.
577 561 696 616 Non
721 561 1000 620 habebatis
1017 565 1230 636 quidem
1250 576 1460 623 aetatem
1487 611 1502 635 ,
1531 585 1633 640 qua
1683 573 1740 627 in
1761 571 1920 628 Chris-

325 663 468 708 stum
489 668 780 724 passurum
805 655 1100 712 crederetis
1129 674 1142 712 :
1171 659 1268 714 sed
1299 658 1574 718 habebatis
1601 679 1840 736 carnem,
1863 667 1919 724 in

321 761 424 815 qua
447 760 550 813 pro
567 744 784 800 Christo
807 762 1028 817 passuro
1055 751 1354 820 passionem
1377 753 1730 813 sustineretis.
1761 758 1919 816 Nullo

323 838 486 893 modo
517 840 654 894 istos
680 838 910 895 infantes
927 841 1204 898 desereret
1227 846 1396 915 gratia
1425 845 1714 905 Salvatoris
1741 851 1916 909 infan-

321 932 390 984 tis
406 971 422 994 ,
447 931 542 1002 qui
563 941 788 988 venerat
812 948 1056 1003 quaerere
1081 937 1222 1006 quod
1251 940 1515 1008 perierat,
1538 957 1642 998 non
1667 945 1840 1002 solum
1863 947 1914 1003 in

317 1036 484 1078 carne
525 1023 826 1088 nascendo,
857 1041 1044 1080 venum
1103 1029 1262 1083 etiam
1315 1030 1369 1085 in
1420 1046 1580 1089 cruce
1634 1035 1916 1105 pendendo

321 1114 408 1188 [ad
439 1113 646 1170 inferos
673 1114 1051 1170 descendendo
1073 1158 1088 1183 ,
1121 1127 1174 1174 et
1199 1119 1250 1174 in
1280 1121 1432 1177 cmlis
1457 1126 1827 1194 ascendendo,
1861 1137 1917 1184 et

318 1204 384 1258 ad
415 1204 700 1260 dexteram
735 1205 912 1262 Patris
957 1209 1240 1283 sedendo].
1272 1211 1404 1268 Nam
1445 1216 1534 1285 qui
1557 1219 1727 1286 potuit
1757 1229 1915 1278 natus

321 1294 524 1350 habere
547 1298 926 1365 praedicatores
960 1299 1194 1369 Angelos
1214 1344 1228 1368 ,
1259 1315 1560 1361 narratores
1603 1310 1790 1376 caelos,
1821 1313 1916 1366 ad-

317 1394 566 1440 oratores
589 1386 770 1456 Magos
785 1429 800 1452 ,
852 1390 1020 1458 patuit
1039 1399 1094 1444 et
1121 1392 1226 1446 illis
1247 1409 1314 1447 ne
1329 1409 1426 1464 pro
1445 1411 1514 1451 eo
1537 1396 1623 1452 hic
1639 1413 1913 1457 moreren-

321 1483 408 1528 tur
439 1485 696 1544 praestare
717 1519 731 1542 ,
763 1479 808 1532 si
839 1479 1000 1534 sciret
1038 1481 1126 1534 illa
1179 1494 1352 1539 morte
1377 1487 1644 1554 perituros
1664 1531 1678 1556 ,
1717 1499 1772 1546 et
1803 1507 1910 1548 non

319 1567 500 1632 potius
531 1569 734 1638 majore
765 1569 1018 1626 felicitate
1047 1574 1302 1631 victuros.
1343 1579 1530 1647 Absit,
1561 1583 1726 1648 absit,
1758 1595 1817 1640 ut
1843 1586 1911 1642 ad

317 1657 630 1712 liberandos
675 1659 924 1716 homines
966 1661 1252 1738 [Christus]
1283 1669 1531 1737 veniens,
1585 1672 1654 1728 de
1700 1675 1908 1732 illorum

319 1749 542 1815 prtemio
561 1750 650 1818 qui
681 1765 778 1820 pro
809 1765 876 1808 eo
923 1753 1353 1812 interﬁcerentur
1393 1761 1526 1815 nihil
1555 1766 1765 1833 egerit,
1819 1769 1910 1838 qui

316 1839 562 1908 pendens
615 1841 668 1894 in
723 1843 864 1912 ligno
911 1858 1011 1913 pro
1057 1845 1138 1900 eis
1170 1861 1200 1900 a
1247 1849 1440 1919 quibus
1493 1851 1912 1912 interfieiebatur

311 1930 506 1985 oravit.

379 2019 616 2078 CAPUT
645 2021 811 2076 IV.—
830 2024 882 2078 4.
913 2023 1160 2096 Infelices
1182 2027 1358 2083 Judaei
1377 2031 1535 2100 fabris
1561 2033 1709 2089 Arare
1730 2035 1846 2092 Noe
1861 2049 1906 2094 et

311 2111 570 2180 lapidibus
623 2114 876 2168 milliariis
927 2117 1223 2186 persimilcs.
1287 2119 1426 2187 Quid
1477 2121 1649 2178 dicam
1703 2125 1770 2182 de
1823 2129 1906 2183 in-

311 2201 570 2260 felicitate
595 2205 922 2272 Judzcorum,
945 2207 1032 2276 qui
1065 2207 1706 2280 Cbristumqnmrcntibus
1719 2217 1901 2288 Magis,

309 2296 470 2350 etiam
499 2297 836 2367 proliltctiam
882 2297 1109 2354 indicem
1163 2301 1532 2371 protulerunt,
1591 2305 1901 2365 Bethlehetn

309 2387 584 2443 civitatem
614 2387 1029 2458 designaverunt
1050 2388 1229 2460 [quam
1261 2391 1358 2460 ipsi
1387 2409 1492 2447 non
1527 2395 1903 2472 invenerunt]?

307 2479 525 2534 Similes
555 2479 718 2533 fabris
746 2481 900 2534 Area:
931 2480 1073 2547 Noe,
1107 2481 1225 2536 aliis
1247 2483 1333 2537 ubi
1371 2486 1658 2542 evaderent
1690 2491 1900 2560 prtesti-

310 2578 519 2634 terunt,
567 2577 624 2623 et
669 2568 770 2638 ipsi
812 2569 1010 2624 diluvio
1043 2572 1360 2640 perierunt:
1393 2576 1596 2632 similes
1637 2577 1900 2648 lapidibus

308 2660 572 2716 milliariis
593 2702 607 2724 ,
631 2661 768 2714 viam
791 2661 1161 2726 ostenderunt,
1192 2679 1292 2720 nec
1317 2667 1594 2723 ambulare
1617 2679 1902 2739 potuerunt

307 2750 450 2822 [quia
483 2751 662 2805 stolidi
714 2752 765 2806 in
795 2751 879 2806 via
935 2756 1350 2828 remanserunt].
1377 2757 1666 2826 Quaesitum
1697 2773 1780 2818 cst
1832 2765 1900 2822 ab

304 2845 414 2909 eis,
450 2845 538 2898 ubi
591 2843 836 2899 Christus
878 2856 1224 2900 nasceretur:
1257 2851 1682 2920 responderunt,
1717 2855 1779 2910 In
1801 2856 1900 2911 Be-

305 2937 526 2989 tftfehem
551 2935 726 2989 Jadw.
761 2936 850 2990 Sic
884 2939 1017 2990 enim
1043 2939 1284 3009 scriptum
1314 2950 1384 2993 est
1406 2959 1494 3012 per
1519 2946 1813 3016 protr/telam
1837 2949 1852 2980 ¹
1880 2967 1894 3004 :

303 3025 370 3081 Et
397 3039 454 3082 tu
481 3027 776 3082 Bethlehem
807 3037 940 3081 terra
963 3027 994 3080 J
1004 3029 1136 3094 uda,
1167 3047 1266 3085 non
1297 3033 1504 3086 miniata
1533 3052 1585 3088 es
1609 3037 1660 3090 in
1689 3037 1897 3094 ducibus

301 3120 466 3175 Iuda.
495 3119 582 3174 Ex
610 3131 658 3174 te
679 3120 809 3174 enim
835 3121 1056 3192 pradibit
1081 3138 1202 3188 rex,
1229 3124 1316 3191 qui
1358 3135 1584 3180 recturus
1633 3140 1703 3182 est
1731 3148 1898 3202 popa-

302 3213 406 3265 lum
451 3229 619 3265 meum
676 3209 846 3265 Israel
918 3211 1128 3281 (Matth.
1188 3228 1258 3280 ιι,
1309 3215 1450 3286 1-6).
1504 3217 1800 3275 Audierunt
1842 3231 1898 3277 et

301 3305 546 3358 abierunt
597 3302 972 3372 inquisitores;
999 3301 1252 3357 dixerunt
1280 3313 1334 3359 et
1376 3319 1750 3364 remanserunt
1793 3312 1892 3366 do-

299 3405 476 3449 ctores
503 3402 592 3450 :ct
616 3393 898 3448 contrariis
920 3393 1205 3450 affectibus
1232 3398 1461 3466 separati
1484 3440 1498 3466 ,
1525 3400 1596 3454 illi
1619 3400 1742 3456 facti
1770 3413 1895 3460 sunt

299 3487 614 3542 adoratores
633 3529 647 3554 ,
683 3487 758 3540 illi
789 3497 1176 3556 persecutores.
1201 3487 1353 3544 Nunc
1378 3506 1588 3562 quoque
1612 3491 1784 3548 Judaei
1819 3497 1892 3550 si-

299 3579 423 3634 mile
445 3579 648 3648 aliquid
691 3579 844 3634 nobis
873 3578 1130 3634 exhibere
1158 3595 1263 3634 non
1317 3581 1586 3637 desinunt.
1639 3585 1890 3640 Nonnulli

299 3672 442 3726 enim
472 3686 801 3742 paganorum
829 3679 886 3726 ut
906 3671 1152 3726 noverint
1173 3672 1440 3729 Christum
1461 3684 1582 3731 ante
1602 3679 1890 3748 propheta-

299 3771 408 3816 tum
429 3805 446 3826 ,
475 3761 692 3834 quando
739 3761 816 3816 eis
843 3761 909 3817 de
950 3761 1240 3832 Scripturis
1269 3766 1567 3820 testimonia
1594 3768 1736 3822 clara
1768 3785 1890 3838 pro-

298 3853 554 3917 ferimus,
589 3853 822 3921 suspecti
851 3868 918 3907 ne
939 3854 1076 3907 forte
1117 3869 1149 3908 a
1184 3854 1498 3912 Christianis
1531 3857 1632 3912 ista
1661 3859 1888 3914 conﬁcta

295 3946 434 4006 sint.
462 3945 670 3998 malunt
698 3944 920 4000 credere
958 3945 1233 4000 codicibus
1265 3945 1570 4004 Judacorum
1599 3966 1614 4004 :
1647 3961 1700 4007 ct
1749 3953 1888 4009 sicut

297 4047 420 4091 tunc
455 4037 592 4107 Magi
616 4036 855 4092 fecertntt
874 4078 888 4102 ,
917 4038 1050 4092 istos
1073 4037 1596 4104 ditttittunrittatiiter
1619 4043 1880 4116 lectitare,

297 4127 392 4196 ipsi
419 4136 648 4196 pergunt
667 4126 890 4182 ﬁdeliter
907 4126 1155 4183 adorare.

361 4217 592 4274 CAPUT
615 4215 760 4274 V.—
787 4219 839 4274 5.
871 4217 1230 4292 Spectaculum
1258 4221 1519 4292 spiritaale
1539 4223 1590 4279 in
1618 4225 1713 4279 hoc
1731 4227 1879 4298 festo.

295 4309 643 4366 Celebremus
691 4311 870 4382 itaque
920 4311 1248 4368 exsultantes
1288 4315 1339 4368 in
1393 4314 1654 4386 Domino,
1685 4315 1880 4374 festum

295 4397 432 4454 diem
463 4400 714 4468 Domini;
739 4416 844 4456 non
874 4401 1047 4456 solum
1091 4417 1196 4472 quo
1225 4413 1305 4458 est
1333 4419 1398 4460 ex
1429 4405 1628 4462 .Iudzcis
1675 4419 1832 4466 natus
1862 4451 1877 4476 ,

295 4507 474 4546 terum
503 4493 666 4548 etiam
697 4509 802 4564 quo
839 4503 920 4548 est
975 4493 1235 4550 Gentibus
1283 4496 1675 4554 manifeslalus.
1725 4501 1882 4558 Juvat

294 4584 480 4639 intueri
505 4585 710 4649 omnia,
727 4593 783 4640 et
802 4585 854 4639 in
879 4601 1040 4640 unum
1064 4585 1290 4642 adducta
1308 4599 1676 4659 conspectum,
1699 4593 1880 4649 animo

293 4693 508 4734 cernere
554 4671 1176 4748 spectaculo'spirituali
1207 4681 1248 4734 ί.
1298 4677 1546 4737 Nascitur
1582 4683 1826 4742 Christus
1860 4705 1874 4742 :

293 4769 436 4840 virgo
467 4769 734 4839 concipit,
785 4769 934 4842 virgo
961 4770 1130 4840 parit,
1165 4771 1312 4842 virgo
1345 4773 1545 4838 nutrit;
1597 4775 1750 4831 adest
1797 4777 1876 4832 fe-

293 4861 530 4914 cunditas
555 4902 571 4926 ,
621 4875 722 4915 nec
749 4859 904 4916 abest
956 4860 1250 4932 integritas.
1283 4862 1472 4933 Angeli
1514 4866 1830 4922 annuntiant
1857 4909 1873 4936 ,

291 4963 530 5021 pastores
555 4951 885 5022 gloriﬁcanl,
910 4952 1030 5008 (ξαιΙί
1063 4961 1318 5008 enarrant
1339 4997 1354 5020 ,
1384 4953 1517 5028 Magi
1546 4955 1872 5028 desiderant,

289 5060 438 5114 reges
487 5044 810 5108 formidant,
839 5041 1008 5099 Judaei
1059 5044 1464 5114 demonstrant,
1509 5046 1708 5105 Gentes
1781 5051 1877 5107 ad-

285 5147 480 5192 orant:
534 5137 863 5190 frustrantur
909 5137 1189 5193 sazvi‘entes
1209 5180 1224 5203 ,
1253 5149 1576 5195 coronantur
1601 5141 1828 5199 infantes
1857 5185 1872 5212 ,

281 5227 613 5282 admirantur
639 5227 940 5286 credentes.
973 5227 1104 5296 Quae
1123 5239 1204 5286 est
1231 5231 1329 5286 ista
1353 5229 1566 5288 humilis
1591 5235 1871 5304 celsitudo,

281 5318 478 5374 infirmi
509 5317 800 5383 fortitudo,
835 5320 1040 5388 parvuli
1077 5321 1422 5392 magnitudo?
1466 5323 1714 5382 Profecto
1743 5328 1874 5384 illud

283 5410 518 5468 Verbum
549 5409 675 5465 fecit
705 5409 820 5466 haec
849 5411 1058 5480 omnia,
1081 5413 1333 5484 perquod
1357 5414 1491 5469 facta
1519 5428 1644 5473 sunt
1673 5421 1869 5476 omnia.

343 5587 362 5620 ³
387 5587 444 5638 in
463 5589 760 5664 tflortaeensi
779 5597 862 5664 tis.
877 5606 890 5642 :
905 5591 1028 5664 Quid
1045 5595 1190 5664 etim
1207 5594 1271 5646 de
1403 5608 1458 5646 re
1479 5597 1714 5662 scriptum
1731 5605 1872 5664 esset,

1685 273 1918 334 SERMO
1953 277 2318 341 CGCLXXIV.

3481 317 3501 369 i
3515 321 3614 375 666

2033 394 2268 452 Verbum
2306 402 2447 472 quod
2488 404 2642 477 longe
2671 419 2837 468 erata
2867 414 3020 472 nobis
3043 460 3056 484 ,
3104 435 3229 477 caro
3257 423 3454 482 factum
3482 442 3562 485 est
3595 475 3611 499 ,

2031 493 2090 540 ut
2133 487 2398 548 habitaret
2443 495 2496 550 in
2524 501 2676 554 nobis
2699 502 2876 574 (Joan.
2927 524 2973 574 t,
3003 509 3038 564 3
3063 553 3075 575 ,
3107 513 3219 584 14).
3251 487 3618 588 Agnoscamus

2031 577 2212 649 itaque
2237 582 2288 636 in
2307 593 2552 656 tempore
2571 632 2585 656 ,
2611 605 2706 660 per
2731 611 2890 665 quem
2925 598 3065 656 facta
3090 577 3214 660 sunt
3243 577 3480 680 tempora
3515 630 3530 668 :
3563 623 3617 669 et

2027 670 2362 730 celebrantes
2390 679 2504 748 ejus
2529 683 2660 738 festa
2693 691 3000 758 temporalia
3025 736 3039 760 ,
3095 699 3310 766 praemia
3343 701 3620 761 desidere—

2025 775 2147 820 mus
2171 774 2366 824 atoma
2375 811 2387 824 .

2430 907 2658 968 SERMO
2684 913 3022 976 CCCLXXIV
3051 927 3068 947 ·
3099 925 3200 997 (α).

2455 1025 2524 1070 De
2546 1023 2802 1085 Epiphania
2821 1031 3024 1093 Domini,
3041 1050 3076 1084 ιι
3095 1035 3186 1097 (b).

2093 1137 2147 1192 1.
2207 1139 2352 1212 Magi
2393 1143 2462 1196 ad
2506 1145 2758 1203 Christum
2806 1156 2951 1208 ste/fa
3001 1167 3046 1211 et
3104 1161 3411 1232 Angeiorum
3470 1187 3601 1226 reve-

2023 1223 2210 1282 latione
2229 1233 2474 1299 perducti.
2527 1237 2902 1297 Annivcrsaria
2957 1249 3245 1306 celebratio
3292 1255 3398 1310 diei
3453 1259 3610 1328 hujus

2021 1319 2442 1378 anniversarium
2465 1341 2766 1386 sermonem
2794 1349 2822 1387 a
2851 1337 3004 1392 nobis
3026 1341 3217 1410 exigit,
3252 1344 3487 1402 debitmn
3516 1367 3607 1404 an-

2020 1408 2168 1464 ribus
2194 1420 2248 1465 et
2285 1415 2533 1472 cordibus
2573 1424 2784 1477 vestris.
2810 1425 2976 1482 llodie
3001 1408 3242 1488 Salvator
3289 1449 3468 1494 noster
3498 1439 3607 1494 Ma-

2019 1513 2114 1568 gos
2143 1501 2208 1554 ad
2231 1519 2288 1557 se
2319 1505 2384 1560 de
2413 1515 2514 1560 tam
2544 1509 2827 1582 longinqua
2850 1527 3007 1586 gente
3037 1523 3301 1589 perduxit.
3341 1527 3610 1585 Venerunt

2019 1597 2078 1642 ut
2105 1590 2390 1650 adorarent
2418 1597 2693 1670 infantem,
2719 1605 2950 1663 Verbum
2969 1611 3080 1666 Dei.
3109 1613 3282 1681 Quare
3305 1615 3608 1677 venerunt?

2016 1677 2149 1746 Quia
2177 1684 2384 1738 stellam
2410 1689 2710 1748 inusitatam
2729 1697 2992 1754 viderunt.
3019 1677 3242 1762 Etunde
3267 1724 3384 1763 eam
3408 1711 3604 1768 Christi

2017 1785 2138 1826 esse
2186 1783 2588 1846 cognoverunt?
2617 1784 2814 1843 Videre
2841 1793 2982 1846 enim
3024 1803 3314 1863 potuerunt
3344 1803 3550 1857 stellam
3583 1823 3599 1872 ;

2015 1867 2272 1934 numquid
2303 1869 2446 1938 loqui
2491 1873 2569 1928 eis
2613 1879 2784 1944 potuit
2836 1889 2889 1935 et
2930 1883 3141 1952 dicere,
3204 1889 3367 1946 Stella
3406 1867 3604 1948 Christi

2015 1957 2180 2010 sum?
2202 1958 2392 2015 Procul
2418 1963 2580 2020 dubio
2603 1969 2759 2024 aliter
2787 1972 3076 2032 indicatum
3103 1989 3181 2034 est
3207 2022 3220 2046 ,
3251 1998 3346 2052 per
3371 1985 3602 2056 aliquam

2010 2048 2416 2108 revelationem.
2446 2055 2648 2114 Tamen
2677 2062 2927 2121 inusitate
2955 2085 3045 2122 rex
3069 2082 3224 2127 natus
3253 2083 3370 2130 erat
3389 2119 3402 2142 ,
3437 2081 3601 2148 quiet

2011 2137 2080 2194 ab
2107 2140 2294 2198 alienis
2319 2145 2622 2205 adorandus
2647 2165 2782 2210 erat.
2811 2157 3078 2231 Numquid
3133 2181 3236 2218 non
3283 2183 3433 2238 reges
3479 2179 3604 2228 ante

2011 2228 2064 2284 in
2089 2231 2272 2290 Juda'a
2303 2249 2456 2293 erant
2507 2243 2651 2311 nati,
2706 2257 2798 2301 aut
2845 2267 2940 2319 per
2972 2255 3270 2312 universam
3323 2269 3515 2316 terram
3549 2265 3599 2320 in

2009 2319 2234 2379 diversis
2259 2329 2552 2397 gentibus?
2574 2335 2750 2400 Quare
2781 2339 2879 2394 iste
2924 2344 3258 2412 adorandus,
3295 2362 3348 2404 et
3373 2353 3439 2406 ab
3467 2357 3592 2409 alie-

2009 2413 2216 2483 nigenis
2263 2419 2600 2490 adorandus,
2655 2443 2759 2481 non
2817 2439 3050 2489 terrente
3099 2442 3368 2508 exercitu,
3399 2445 3490 2499 sed
3545 2447 3596 2502 in

2007 2516 2316 2573 paupertate
2335 2513 2511 2567 carnis
2531 2557 2544 2580 ,
2581 2515 2778 2572 latente
2805 2523 3080 2591 majestate
3101 2529 3349 2585 virtutis?
3377 2535 3598 2601 Quando

2008 2603 2162 2650 natus
2190 2607 2271 2652 est
2291 2641 2304 2664 ,
2330 2601 2582 2658 adoratus
2606 2613 2689 2661 est
2715 2623 2744 2660 a
2769 2613 3071 2679 pastoribus
3099 2615 3378 2688 lsraclitis,
3407 2627 3597 2694 quibus

2006 2699 2128 2740 eum
2161 2689 2346 2759 Angeli
2399 2695 2774 2753 nuntiaverunt
2813 2702 2950 2757 :sed
3003 2705 3137 2776 Magi
3187 2725 3288 2764 non
3341 2689 3492 2768 era-nt
3530 2717 3597 2774 de

2005 2785 2164 2844 gente
2193 2775 2374 2834 lsrael.
2405 2781 2667 2840 Colebant
2690 2787 2940 2845 Gentium
2968 2775 3133 2861 deos,
3163 2798 3264 2854 hoc
3286 2811 3366 2856 est
3393 2803 3593 2859 daemo-

2005 2867 2090 2920 nia
2113 2885 2127 2933 ;
2155 2885 2380 2939 quorum
2404 2873 2576 2930 fallaci
2603 2877 3008 2948 decipiebantnr
3034 2891 3292 2956 potentia.
3337 2891 3597 2952 Viderunt

2003 2971 2132 3027 ergo
2152 2963 2434 3028 quamdam
2465 2966 2671 3022 stellam
2705 2970 3030 3040 inusitatam,
3056 2979 3229 3033 mirati
3255 2993 3379 3037 sunt
3404 3003 3418 3039 :
3448 3003 3595 3056 qua:-

2003 3050 2207 3106 sierunt
2237 3053 2354 3109 sine
2384 3057 2544 3110 dubio
2565 3060 2716 3130 cujus
2743 3073 2885 3118 esset
2914 3067 3123 3138 signum
3146 3113 3160 3136 ,
3196 3075 3336 3142 quod
3365 3085 3470 3132 tam
3495 3093 3593 3134 no-

2003 3155 2125 3194 vum
2157 3143 2534 3217 insolitumque
2565 3151 2826 3208 viderunt.
2851 3155 2918 3210 Et
2945 3160 3123 3228 utique
3153 3163 3593 3237 audierunter-

2003 3229 2140 3288 fecto
2159 3235 2230 3290 ab
2257 3237 2472 3308 Angelis
2490 3282 2506 3308 ,
2531 3243 2603 3298 ab
2623 3246 2796 3315 aliqua
2833 3250 3196 3308 admonitione
3225 3259 3586 3318 revelati0nis.

2000 3323 2207 3390 Quazris
2232 3325 2506 3398 fortassis,
2537 3335 2616 3388 Ab
2643 3338 2859 3406 Angelis
2883 3341 3035 3395 boiiis
3057 3386 3070 3408 ,
3101 3359 3166 3398 an
3203 3349 3399 3402 malis?
3434 3351 3587 3406 Chri-

1999 3425 2140 3470 stmn
2163 3418 2377 3488 quidem
2401 3433 2454 3476 et
2483 3427 2655 3495 angeli
2684 3431 2827 3496 mali,
2849 3431 2949 3487 hoc
2969 3445 3052 3488 est
3079 3436 3369 3506 dmtnones,
3391 3441 3582 3500 Filium

1999 3507 2093 3562 Dei
2123 3523 2245 3564 esse
2271 3513 2502 3569 confessi
2533 3527 2674 3572 sunt.
2706 3519 2810 3576 Sed
2833 3538 2929 3579 cur
2949 3542 3051 3581 non
3083 3537 3134 3582 et
3154 3545 3182 3584 a
3207 3531 3358 3588 bonis
3398 3538 3582 3592 audie-

1995 3611 2152 3667 runt,
2182 3607 2396 3674 quando
2423 3609 2474 3664 in
2515 3611 2730 3668 Christo
2760 3616 3034 3676 adoranda
3087 3623 3233 3679 salus
3263 3643 3444 3683 eorum
3473 3631 3582 3701 jam

1995 3695 2364 3762 qumrebatur,
2396 3715 2500 3754 non
2543 3701 2795 3774 iniquitas
2836 3707 3243 3770 dominabatur?
3296 3695 3586 3779 Potuerunt

1995 3795 2124 3852 ergo
2151 3785 2256 3840 illis
2281 3785 2462 3845 dicere
2489 3793 2678 3865 Angcli
2711 3815 2724 3850 :
2749 3797 2910 3853 Stella
2936 3819 3092 3871 quam
3126 3807 3352 3876 vidistis,
3389 3811 3582 3870 Cltt'isli

1995 3885 2076 3929 est
2103 3919 2114 3941 ,
2149 3878 2218 3932 ite
2243 3887 2296 3934 ct
2315 3881 2534 3938 adorate
2555 3903 2675 3940 eum
2709 3889 2792 3942 ubi
2821 3901 2975 3946 natus
3006 3903 3087 3948 est
3107 3938 3120 3962 ,
3149 3908 3202 3952 ct
3238 3900 3393 3956 simul
3439 3905 3580 3962 indi-

1993 3976 2109 4020 cate
2139 3971 2306 4036 qualis
2328 3979 2382 4026 ct
2409 3983 2635 4042 quantus
2665 3987 2838 4034 natus.
2863 3982 2942 4036 llli
2967 3993 3145 4040 autem
3169 3987 3463 4048 hoeandito
3492 4012 3580 4051 ve-

1992 4067 2186 4112 nerunt
2233 4071 2282 4114 et
2308 4059 2686 4120 adoravctunt.
2715 4069 2938 4138 Aurum,
2972 4073 3093 4129 thus
3118 4087 3171 4130 et
3191 4083 3458 4150 myrrham
3483 4085 3580 4140 ob-

1993 4149 2252 4216 tulerunt,
2285 4155 2572 4210 secundum
2600 4161 3034 4218 censuetudincm
3062 4182 3230 4222 suam.
3261 4167 3405 4226 Talia
3434 4175 3576 4231 enim

1990 4241 2234 4296 solebant
2259 4243 2452 4301 offerre
2489 4247 2592 4302 diis
2630 4251 2757 4306 suis.

2059 4331 2114 4386 2.
2153 4333 2382 4390 Christus
2409 4337 2469 4390 ab
2495 4339 2620 4410 ipsis
2656 4340 2856 4398 Iudaeis
2902 4346 3274 4406 demonstratus
3314 4353 3572 4414 Gentibus.

1987 4421 2139 4490 Quod
2169 4439 2298 4480 sane
2324 4436 2608 4501 antequam
2647 4431 2912 4502 facerent,
2943 4448 3224 4512 antequam
3261 4461 3383 4502 eum
3411 4449 3464 4504 in
3503 4453 3580 4505 ci-

1988 4513 2151 4568 vitate
2199 4516 2286 4570 ubi
2325 4527 2483 4574 natus
2523 4519 2694 4577 fuerat
2732 4523 3066 4593 invenirent,
3117 4545 3376 4592 venerunt
3426 4556 3577 4610 qum-

1987 4615 2170 4661 rentes
2191 4649 2204 4672 ,
2241 4605 2341 4662 Ubi
2365 4619 2512 4664 nam:
2534 4621 2604 4667 est
2624 4629 2714 4668 rex
2738 4615 3042 4674 Judazorum
3061 4621 3088 4674 1'
3111 4621 3299 4682 Nonne
3331 4605 3580 4698 poterant

1987 4695 2149 4752 etiam
2181 4697 2282 4753 hoc
2319 4701 2642 4760 revelatione
2661 4721 2985 4777 cognoscere
3005 4752 3020 4778 ,
3049 4711 3186 4770 sicut
3212 4730 3574 4788 cognoverant

1987 4787 2130 4843 illam
2152 4791 2360 4846 stellam
2401 4795 2541 4863 regis
2567 4809 2686 4851 esse
2710 4797 3053 4857 Judzeorum?
3071 4801 3258 4862 Nonne
3286 4787 3458 4878 potuit
3477 4827 3572 4867 eos

1986 4881 2053 4937 ad
2104 4883 2256 4938 illam
2309 4885 2575 4942 civitatem
2629 4889 2814 4946 eadem
2868 4894 3023 4952 stella
3072 4899 3397 4971 perducere,
3439 4905 3576 4960 sicut

1985 4983 2170 5044 postea
2211 4976 2458 5045 perduxit
2495 4978 2562 5034 ad
2613 4979 2790 5038 locum
2837 4983 2927 5040 ubi
2956 4985 3198 5046 Christus
3237 5007 3358 5048 cum
3404 5003 3574 5051 matre

2045 5146 2067 5168 '
2100 5149 2387 5212 Recognitus
2403 5149 2462 5200 ad
2485 5164 2527 5200 r.
2550 5165 2644 5202 rm.
2664 5167 2714 5205 γ.
2739 5161 2792 5206 et
2822 5155 2884 5208 ad
2905 5165 3015 5210 δον.

2068 5231 2118 5294 a)
2141 5231 2280 5294 Alias,
2301 5233 2368 5284 de
2389 5235 2602 5287 Diversis
2621 5235 2702 5287 67.

2071 5294 2119 5362 ρ)
2137 5299 2496 5362 incunctanter
2501 5301 2684 5362 asserit
2703 5307 2862 5362 uagos
2875 5302 2978 5352 visa
2997 5303 3144 5355 stella
3165 5305 3366 5360 edoctus
3397 5309 3462 5360 ab
3485 5317 3574 5362 An-

1979 5357 2111 5435 gelis
2135 5357 2283 5406 fuisse
2299 5358 2428 5432 quod
2449 5357 2546 5435 illa
2566 5361 2746 5435 Christi
2759 5357 2948 5435 signum
2975 5373 3109 5435 esset
3133 5381 3144 5416 :
3171 5385 3202 5435 _¢
3223 5357 3466 5435 mittique
3484 5357 3571 5423 iiii.

1989 5417 2250 5490 adierunt,
2274 5435 2295 5463 ι
2317 5417 2500 5496 inquit,
2527 5439 2550 5467 ι
2567 5422 2783 5496 profecto
2801 5417 3085 5496 :‘zb'sngelis
3101 5463 3114 5483 ,
3138 5429 3202 5496 ab
3231 5417 3573 5493 animiam»;-

1981 5479 2166 5530 nitioue
2206 5479 2536 5553 reuelationis.
2558 5479 2858 5553 {Praeterea
2885 5479 3002 5537 dicit
3031 5479 3388 5553 concionatoi-V,’
3405 5479 3572 5548 i‘éi'in

1981 5541 2408 5624 munerarobla'tals
2431 5545 2637 5624 a‘Magis
2671 5548 2945 5624 seat-indum
2973 5541 3372 5624 consuetudinem
3411 5541 3566 5624 suam,

1981 5603 2095 5662 quia
2135 5602 2250 5652 talia
2273 5603 2498 5676 solebant.
2518 5605 2699 5676 offerre
2733 5607 2826 5657 diis
2840 5611 2964 5676 suis.
3007 5617 3063 5664 At
3101 5602 3392 5676 Augustinus
3413 5602 3574 5670 iii‘é‘o’.

1979 5674 2090 5774 ιιιιὲ
2111 5667 2396 5717 muneribus
2413 5668 2630 5721 nonnihil
2653 5671 2870 5734 mysterii
2889 5679 3103 5736 agnoscit
3126 5667 3428 5731 invsermone
3451 5667 3570 5746 ,

1980 5735 2029 5771 n.
2089 5760 2103 5774 .

1980 5735 2029 5771 n.
2055 5735 2103 5774 2.
