4036 6188
445 266 582 319 Iﬁt?

441 376 612 431 infans
642 373 793 430 erat?
830 371 1047 432 Poterat
1088 387 1215 429 sane
1241 416 1257 440 ,
1311 388 1415 426 non
1467 382 1642 425 tamen
1677 374 1869 428 factum
1901 383 1982 427 est
2012 391 2026 437 ;

441 478 497 523 ut
538 470 639 523 hoc
671 484 700 523 a
732 467 930 523 Judmis
958 467 1305 537 inquirerent.
1345 464 1518 531 Quare
1564 466 1731 519 voluit
1752 468 1852 522 hoc
1892 466 2030 521 Deus

440 576 467 612 ει
509 560 709 614 .ludaeis
750 558 980 628 inquiri?
1022 558 1086 613 Ut
1137 557 1263 611 dum
1314 556 1599 611 ostendunt
1628 558 1679 612 in
1728 574 1884 628 quem
1923 574 2030 613 non

441 650 699 714 credunt,
736 650 848 719 ipsa
886 662 980 703 sua
1001 646 1455 702 demonstratione
1474 647 1811 702 damnentur.
1841 649 2029 704 Atten-

441 741 550 795 dite
578 742 696 811 quia
711 749 764 795 et
794 755 932 793 nunc
963 738 1357 807 liuutprimitiaa
1387 738 1634 794 Gentium
1662 739 2029 810 Magi,quauto

444 849 471 887 a
530 834 715 902 majori
758 832 1031 901 impietate
1085 830 1326 897 liberati,
1358 839 1506 885 tanto
1545 831 1799 901 majorem
1844 832 2029 886 dantes

440 924 663 993 gloriam
704 922 969 976 liberanti.
1012 920 1302 990 Qumrunt,
1336 921 1434 976 Ubi
1456 932 1527 976 est
1553 924 1637 992 qui
1676 932 1824 976 natus
1848 932 1921 977 est
1939 940 2031 979 rea:

440 1014 778 1067 Judtvorum?
804 1013 1039 1068 Ilerodes
1068 1055 1083 1080 ,
1115 1014 1298 1067 audito
1330 1014 1474 1082 regis
1503 1015 1752 1077 nomine,
1782 1024 2027 1085 tanquam

443 1105 667 1159 a‘mulus
695 1104 1077 1158 cuntremiscit.
1110 1104 1271 1157 Vocat
1299 1104 1453 1174 Legis
1480 1103 1678 1173 peritos
1702 1145 1719 1170 ,
1743 1105 2030 1176 interrogat

439 1194 507 1247 ab
532 1196 611 1249 eis
648 1194 939 1247 secundum
970 1193 1271 1263 Scripturas
1302 1202 1356 1247 ut
1396 1194 1632 1249 indicent
1660 1195 1745 1249 ubi
1786 1196 2028 1252 Christus

441 1296 768 1339 nasceretur.
800 1285 875 1338 Illi
917 1284 1267 1353 respondent,
1295 1283 1358 1338 In
1379 1284 1669 1339 Betlileltem
1692 1288 1864 1340 Judw.
1896 1286 2023 1341 Per-

440 1386 694 1431 rexerunt
733 1375 906 1445 Magi,
945 1384 998 1429 et
1035 1374 1391 1429 adoraverunt
1431 1375 1642 1447 (Matth.
1694 1393 1727 1430 ll
1754 1419 1768 1443 ,
1814 1378 1973 1445 I-II)
2008 1395 2020 1428 :

438 1468 605 1523 Juda‘i
630 1476 1016 1531 remanserunt,
1037 1467 1125 1536 qui
1156 1466 1674 1529 demonstraverunt.
1703 1467 1747 1523 0
1777 1484 2021 1539 magnum

438 1558 865 1614 sacramentum!
899 1558 1067 1614 IIodie
1098 1573 1191 1627 per
1219 1558 1523 1613 Iudaeorum
1562 1559 1774 1614 codices
1804 1563 2022 1615 convin—

437 1650 645 1702 cimus:
679 1649 807 1702 liunt
835 1648 1018 1702 ﬁdeles
1058 1665 1152 1719 per
1187 1665 1371 1704 eorum
1411 1650 1641 1706 codices.
1686 1651 2024 1707 Ostendimus

438 1741 661 1811 Paganis
682 1740 821 1810 quod
855 1740 1041 1795 nolunt
1066 1740 1305 1796 credere.
1332 1740 1465 1796 Nam
1504 1742 1788 1813 aliquando
1826 1743 2022 1813 Pagani

437 1831 636 1887 faciunt
664 1832 815 1887 nobis
838 1832 1139 1901 hujusmodi
1161 1832 1509 1902 quaestionem
1529 1875 1544 1900 ,
1569 1850 1687 1889 cum
1711 1834 2022 1905 videntqua:

436 1925 631 1993 scripta
648 1934 769 1978 sunt
786 1925 864 1978 sic
884 1924 1109 1994 impleri,
1134 1932 1189 1977 ut
1215 1940 1411 1995 negare
1433 1928 1651 1981 omnino
1668 1942 1771 1980 non
1792 1925 2019 1996 possint,

434 2018 575 2086 quod
611 2033 671 2071 ea
699 2032 792 2087 per
818 2014 1013 2071 Christi
1041 2032 1234 2071 nomen
1265 2018 1317 2071 in
1335 2018 1582 2073 omnibus
1608 2020 1857 2089 gentibus
1883 2034 2021 2089 pra:-

436 2118 744 2173 sentaulur,
786 2124 904 2179 qua:
950 2108 1002 2163 in
1041 2109 1238 2163 sanctis
1268 2108 1544 2163 codicibus
1581 2109 1834 2180 prtedicta
1886 2109 2023 2164 reei-

437 2209 646 2262 tautur,
697 2201 748 2253 in
792 2200 895 2254 fide
940 2215 1162 2269 regum,
1208 2200 1260 2253 in
1292 2203 1566 2255 eversione
1613 2202 1912 2267 idolorum,
1966 2202 2020 2256 in

435 2290 727 2344 mutatione
754 2305 930 2344 rerum
955 2290 1308 2344 humanarum
1344 2308 1357 2344 :
1400 2300 1452 2344 et
1476 2291 1760 2360 aliquando
1780 2292 1975 2347 audent
2000 2332 2018 2360 ,

434 2389 489 2432 ut
513 2379 719 2444 dicant,
749 2378 966 2433 Vidistis
992 2378 1063 2434 ita
1091 2379 1240 2444 ﬁeri,
1274 2389 1329 2435 et
1360 2390 1606 2452 tanquam
1636 2382 1885 2451 praedicta
1914 2385 2022 2439 sint

435 2470 850 2539 conscripsistis.
877 2472 987 2526 IIoc
1024 2481 1180 2540 poeta
1210 2471 1425 2542 quidam
1452 2488 1635 2528 eorum
1676 2472 1800 2528 fecit
1829 2493 1842 2529 :
1872 2489 2021 2530 reco-

429 2570 693 2631 gnoscunt
722 2562 819 2616 ista
849 2562 938 2631 qui
983 2562 1244 2632 legerunt.
1278 2562 1525 2618 Narravit
1554 2564 1835 2631 quemdam
1881 2565 2017 2635 apud

430 2655 628 2709 inferos
648 2653 989 2709 descendisse
1008 2695 1024 2720 ,
1056 2665 1213 2723 atque
1244 2655 1295 2708 in
1329 2655 1605 2711 beatorum
1636 2656 1903 2725 regionem
1925 2672 2019 2712 ve-

430 2745 593 2807 nisse,
619 2744 1115 2813 demonstratosque
1137 2744 1206 2797 illi
1226 2744 1585 2798 Romanorum
1630 2745 1895 2815 principes
1922 2761 2017 2800 na-

434 2839 695 2903 scituros,
734 2850 867 2905 quos
906 2835 1018 2904 jam
1059 2836 1204 2904 ipse,
1252 2836 1340 2905 qui
1374 2836 1488 2889 hinc
1526 2836 1825 2903 scribebat,
1866 2846 2020 2892 natos

430 2935 652 2981 noverat
693 2924 999 2999 (Virgilius,
1042 2924 1257 2981 .Eneid.
1306 2927 1393 2980 lib.
1448 2927 1511 2991 6,
1557 2943 1683 2981 vers.
1736 2928 2014 2998 752-887).

428 3018 703 3074 Prazterita
758 3018 897 3072 enim
940 3017 1206 3081 narravit;
1254 3016 1349 3071 sed
1403 3018 1554 3087 quasi
1604 3016 1780 3072 futura
1831 3027 2014 3073 essent

428 3110 676 3181 praedicta
698 3151 712 3176 ,
737 3110 1075 3178 conscripsit.
1110 3108 1199 3165 Sic
1225 3119 1279 3164 et
1307 3126 1400 3165 vos
1421 3152 1436 3177 ,
1467 3111 1710 3181 inquiunt
1734 3112 1889 3167 nobis
1910 3111 2014 3164 Pa-

426 3200 581 3270 gani,
623 3200 825 3254 vidistis
869 3198 984 3254 lure
1021 3200 1199 3253 omnia
1252 3200 1394 3267 ﬁeri,
1444 3209 1499 3254 et
1541 3202 1830 3270 scripsistis
1867 3201 2018 3257 vobis

423 3292 664 3355 codices,
694 3293 745 3345 in
796 3292 985 3361 quibus
1016 3290 1131 3345 hare
1161 3291 1403 3357 legantur
1440 3300 1690 3361 tanquam
1739 3292 2011 3361 prmdicta.

422 3381 467 3435 0
492 3383 657 3452 gloria
686 3382 826 3451 regis
857 3382 1056 3436 nostri!
1105 3381 1290 3435 Merito
1322 3380 1492 3435 Judaei
1531 3397 1561 3435 a
1610 3382 1863 3437 Romanis
1889 3384 2014 3439 victi

424 3481 578 3535 sunt,
620 3487 719 3526 nee
756 3472 933 3526 deleti.
975 3470 1171 3527 Omnes
1197 3480 1382 3540 gentes
1419 3487 1449 3525 a
1477 3472 1729 3527 Romanis
1756 3474 2009 3539 subactae,

424 3564 477 3616 in
508 3562 865 3616 Romanorum
907 3561 1025 3633 jura
1059 3563 1420 3617 transierunt:
1455 3562 1569 3617 haec
1598 3578 1732 3633 gens
1779 3573 1832 3619 et
1877 3566 2012 3619 victa

424 3661 534 3718 est,
558 3664 613 3707 et
651 3654 703 3707 in
735 3653 851 3722 lege
876 3668 969 3707 sua
1010 3654 1233 3718 mansit,
1276 3661 1529 3722 quantum
1569 3655 1635 3707 ad
1684 3654 1772 3709 Dei
1806 3655 2009 3709 cultum

426 3743 647 3805 attinet,
692 3743 890 3811 patrias
943 3741 1356 3797 consuetudines
1394 3743 1658 3812 ritumque
1706 3744 2008 3799 custodivit.

425 3834 626 3891 Everso
654 3836 811 3890 etiam
844 3835 1042 3904 templo
1071 3849 1172 3912 suo
1189 3877 1203 3902 ,
1233 3835 1496 3889 exstincto
1550 3834 1851 3890 sacerdotio
1902 3838 2013 3907 pri-

422 3929 598 3994 stino,
628 3929 766 3985 sicut
808 3927 1010 3983 dictum
1038 3935 1120 3982 est
1160 3943 1188 3980 a
1234 3925 1541 3997 Pmphetis;
1570 3935 1787 3982 servant
1834 3936 2009 3984 tamen

422 4019 880 4077 circumeisionem
912 4027 967 4074 et
1012 4033 1215 4073 morem
1238 4017 1517 4089 quemdam
1539 4059 1553 4079 .
1601 4034 1706 4088 quo
1733 4033 1763 4072 a
1800 4018 2009 4074 eteteris

422 4113 666 4185 gentibus
709 4110 1128 4178 distinguuntur.
1176 4108 1401 4178 Propter
1444 4107 1603 4179 quid.
1648 4109 1747 4162 nisi
1793 4119 2009 4178 pr0pter

431 4202 793 4259 testimonium
823 4202 1100 4256 veritatis?
1155 4200 1337 4272 Sparsi
1394 4210 1520 4255 sunt
1564 4200 1757 4271 ubique
1807 4200 2004 4266 Judaei,

425 4303 701 4366 portantes
728 4292 938 4346 codices
958 4292 1149 4361 quibus
1168 4291 1406 4345 Christus
1425 4291 1739 4361 pnedicatur
1754 4333 1767 4355 ,
1796 4302 1849 4347 et
1872 4292 2009 4346 sicut

424 4386 708 4457 praedictus
746 4393 828 4437 est
854 4392 1234 4454 prmsentatur,
1265 4393 1322 4436 ut
1342 4382 1451 4453 jam
1480 4383 1704 4454 Paganis
1730 4386 1895 4454 possit
1915 4400 2007 4439 os-

423 4479 589 4534 tendi.
633 4475 853 4532 Profero
905 4474 1182 4539 codicem,
1232 4476 1351 4544 lego
1395 4476 1707 4544 prophetam
1746 4476 2006 4531 :ostendo

423 4570 691 4639 impletam
723 4581 840 4621 esse
868 4564 1221 4635 prophetiam.
1247 4566 1460 4620 Dubitat
1484 4581 1716 4635 paganus
1735 4608 1750 4633 ,
1781 4583 1846 4621 ne
1872 4569 2006 4622 forte

426 4659 528 4713 huc
560 4660 671 4727 ipse
697 4654 1071 4711 eonﬁuxerim.
1114 4656 1360 4710 Inimicus
1382 4672 1531 4710 meus
1560 4656 1717 4713 habet
1739 4656 1879 4712 hunc
1915 4673 2005 4712 co-

422 4751 637 4814 dicem,
664 4748 951 4818 antiquitus
1000 4748 1097 4802 sibi
1142 4762 1172 4801 a
1215 4748 1503 4819 majoribus
1553 4750 2000 4809 commendatum.

425 4842 621 4898 Ambos
643 4839 764 4893 inde
785 4840 1041 4893 convinco
1070 4858 1082 4893 :
1112 4838 1351 4894 Judmum
1370 4883 1383 4907 ,
1413 4840 1533 4911 quia
1564 4840 1613 4895 id
1634 4842 2001 4911 prephetatum

422 4944 475 4993 et
512 4932 835 5001 completum
875 4946 974 5001 ego
1001 4930 1222 5001 cognovi
1248 4950 1261 4997 ;
1292 4947 1553 5003 paganum
1575 4975 1589 5001 ,
1618 4933 1739 5004 quia
1763 4949 1867 4988 non
1902 4948 2002 5004 ego

422 5028 523 5081 hoc
542 5021 796 5079 conﬁnxi.

491 5118 542 5172 '5.
580 5114 903 5183 Sacriﬁcium
943 5111 1032 5164 uni
1076 5109 1181 5165 Deo
1214 5110 1452 5164 debitum.
1499 5111 1613 5165 Non
1662 5128 1788 5183 ergo
1837 5114 1999 5168 sedit.

419 5218 538 5262 cant
590 5205 850 5261 daemonia
896 5202 1072 5273 specie
1120 5200 1461 5255 divinationis
1508 5202 1767 5267 incautos,
1810 5213 1863 5257 et
1911 5219 1997 5259 re-

423 5316 537 5354 rum
584 5297 954 5367 temporalium
986 5296 1123 5350 male
1148 5294 1388 5349 curiosos
1416 5310 1430 5356 ;
1476 5308 1576 5348 nec
1604 5295 1835 5364 superbo
1863 5295 2000 5350 fastu

372 5376 375 5405 Γ
418 5390 748 5460 decipientes
778 5388 969 5458 impios
989 5429 1005 5451 ,
1038 5386 1137 5441 sibi
1167 5384 1551 5440 sacriﬁciorum
1583 5385 1794 5454 exigant
1826 5385 1997 5441 hono-

419 5498 551 5536 rem.
585 5481 726 5535 Vere
751 5480 927 5535 divina
957 5478 1325 5547 prmdixerunt
1369 5475 1535 5531 divini
1576 5477 1675 5531 viri
1720 5479 1877 5533 unius
1917 5480 2000 5535 di-

419 5572 609 5643 scipuli
638 5575 678 5629 ί.
716 5574 912 5628 Verum
945 5570 1258 5626 sacriﬁcium
1281 5612 1296 5637 ,
1338 5568 1427 5623 uni
1459 5584 1585 5624 vero
1614 5568 1724 5625 Deo
1751 5570 1996 5627 debetur.

474 5672 489 5701 ¹
520 5669 680 5735 Locus
723 5674 1011 5735 perplexus,
1037 5672 1125 5731 qui
1166 5671 1213 5735 in
1246 5670 1501 5735 I‘ithrpano
1537 5667 1666 5735 libro
1704 5668 1775 5735 sic
1801 5672 1935 5735 jacet
1974 5678 1990 5714 :

415 5728 550 5783 Vera
580 5728 743 5781 divina
781 5728 1116 5794 prtetlixeru'nt
1154 5731 1306 5780 divini
1348 5728 1439 5780 viri
1466 5728 1607 5779 unius
1630 5728 1715 5781 Dei
1739 5728 1863 5778 sunt.

1692 261 1749 314 s.
1791 258 2153 317 AUGUSTINI
2194 258 2493 335 EPISCUI’I

3590 274 3730 333 4668

2144 373 2309 443 Ilujus
2361 375 2540 444 ﬁgurae
2593 384 2715 431 ante
2776 378 3000 447 gratiam
3040 422 3054 447 ,
3116 384 3345 440 victimis
3399 388 3729 447 adumbratte

2139 474 2284 520 sunt.
2316 465 2466 532 Quod
2499 482 2603 521 uno
2634 471 2794 524 modo
2825 470 3058 526 futurum
3100 476 3305 537 fuerat.
3345 479 3528 535 multis
3553 488 3727 538 modis

2137 557 2465 626 providentia
2503 560 2681 615 divina
2734 566 3139 631 prmnuntiavit,
3184 578 3240 621 ut
3270 584 3429 636 quam
3474 588 3725 640 maguum

2134 659 2311 715 esset,
2337 651 2666 707 ostenderet.
2714 654 2831 722 Ipse
2886 656 3161 724 medicus,
3206 659 3321 729 ipse
3360 662 3725 720 medicamen-

2137 752 2247 796 tum
2283 760 2296 797 :
2331 744 2598 808 medicus,
2632 746 2751 815 quia
2786 746 3053 814 Verbum;
3085 752 3535 811 medicamentum
3556 798 3570 821 ,
3601 762 3722 829 quia

2142 833 2374 888 Verbum
2401 850 2529 891 caro
2552 836 2748 890 factum
2775 846 2877 892 est.
2907 837 3024 909 Ipse
3051 843 3303 898 sacerdos
3324 885 3339 909 ,
3374 846 3488 915 ipse
3509 850 3720 903 sacriﬁ-

2138 924 2302 978 cium.
2352 923 2469 994 Ipse
2527 935 2610 980 est
2652 928 2742 996 qui
2784 930 3007 983 mutavit
3061 931 3199 986 viam
3257 933 3528 1004 Magorum
3562 956 3576 993 :
3609 940 3724 1007 ipse

2136 1016 2295 1070 etiam
2343 1032 2485 1071 nunc
2535 1028 2705 1073 mutat
2743 1019 2904 1074 vitam
2936 1022 3217 1078 malorum.
3262 1026 3427 1097 Cujus
3467 1030 3521 1083 in
3559 1046 3722 1088 carne

2136 1105 2638 1173 niauifesmtioucm,
2660 1126 2777 1178 qua)
2800 1125 2975 1180 grarce
3004 1112 3203 1168 dicitur
3224 1116 3541 1188 Epiphania,
3565 1120 3713 1189 justi-

2136 1197 2306 1253 ﬁcata:
2336 1200 2389 1253 iu
2419 1202 2607 1271 spiritu
2637 1213 2824 1271 gentes
2864 1205 3118 1261 hodierna
3150 1209 3486 1268 solemnitate
3526 1230 3713 1271 conce-

2134 1290 2385 1346 lebrant:
2423 1303 2481 1347 ut
2523 1306 2741 1350 renovet
2786 1300 3097 1353 memoriam
3144 1302 3493 1370 solemuitas,
3541 1308 3715 1376 vigeat

2130 1383 2414 1440 devotione
2442 1387 2630 1456 pietas,
2659 1386 2863 1444 ferveat
2891 1395 3304 1463 congregatione
3335 1397 3565 1452 cltaritas
3589 1442 3603 1460 ,
3639 1403 3715 1454 Ιιι·

2130 1487 2247 1532 ceat
2274 1478 2462 1533 invidis
2497 1480 2714 1535 veritas.

2542 1632 2770 1689 δειλιιο
2809 1632 3168 1692 CCCLXXV‘
3206 1639 3301 1710 (a).

2544 1771 2611 1813 De
2635 1765 2889 1827 Epiphania
2908 1770 3108 1830 Domini,
3133 1786 3183 1819 ιιι
3207 1772 3295 1833 (b).

2202 1882 2430 1939 Christus
2446 1885 2476 1938 ,Ι
2486 1888 2639 1941 udwis
2657 1890 2873 1973 primum
2895 1900 3063 1960 etpost
3086 1894 3325 1949 Gentibus
3348 1899 3709 1973 manifestatus.

2128 1975 2359 2047 Infantes
2382 1990 2624 2050 martyres
2644 1982 2825 2048 e/ferti.
2843 1972 2958 2037 Duo
2971 1988 3183 2053 parietes
3205 1990 3272 2041 ad
3287 1992 3525 2060 angulum
3544 2010 3712 2048 conve-

2128 2070 2337 2124 nientes.
2391 2073 2682 2141 Epiphania
2735 2076 2893 2131 latine
2924 2078 3278 2134 manifestatio
3318 2092 3417 2137 est.
3454 2084 3709 2142 Dominus

2125 2161 2366 2217 Christus
2392 2176 2516 2219 ante
2567 2182 2759 2235 paucos
2787 2168 2901 2223 dies
2944 2171 3213 2226 nativitate
3249 2188 3341 2227 sua
3371 2174 3567 2230 Judaais
3597 2194 3709 2230 ma-

2128 2254 2410 2310 nifestatus
2462 2267 2544 2311 est
2597 2277 2608 2310 :
2672 2258 2929 2316 hodierno
2968 2273 3143 2318 autem
3207 2266 3292 2320 die
3350 2284 3443 2337 per
3498 2272 3708 2326 stellam

2126 2346 2383 2402 Gentibus
2434 2349 2733 2405 declaratus
2789 2363 2892 2407 est.
2965 2354 3179 2427 Agnovit
3240 2357 3327 2411 bos
3377 2378 3710 2429 possessorem

2125 2453 2308 2505 suum,
2361 2448 2405 2492 et
2444 2442 2614 2494 asinus
2655 2458 2877 2513 pra'sepe
2902 2443 3111 2499 Domini
3138 2448 3217 2499 sui
3258 2448 3407 2517 (lsai.
3433 2466 3468 2514 I,
3500 2449 3575 2522 5).
3608 2452 3709 2506 Bos

2124 2528 2191 2582 de
2235 2527 2473 2597 JUd'JBiS,
2529 2532 2709 2609 asinus
2760 2532 2825 2588 de
2863 2533 3159 2602 Gentibus;
3218 2540 3393 2592 ambo.
3424 2540 3490 2594 ad
3543 2558 3706 2595 unum

2125 2635 2363 2689 praesepe
2428 2632 2732 2688 venerunt,
2798 2634 2851 2678 et
2920 2626 3065 2681 verbi
3114 2629 3307 2682 cibaria
3360 2631 3700 2686 invenerunt.

2124 2711 2256 2781 Magi
2302 2713 2391 2781 qui
2435 2725 2698 2771 venerunt
2737 2715 2958 2771 adorare
2992 2718 3256 2773 Christum
3278 2761 3293 2786 ,
3324 2730 3379 2775 et
3406 2723 3709 2793 signiﬁcant

2124 2803 2384 2871 primitias
2413 2804 2683 2873 Gentium,
2716 2806 2910 2877 Legem
2942 2824 3046 2862 non
3077 2821 3430 2882 acceperunt,
3465 2814 3704 2883 Prophe-

2127 2904 2205 2950 tas
2238 2912 2343 2950 non
2374 2897 2659 2952 audierunt
2688 2917 2700 2951 :
2736 2900 2910 2970 lingua
2940 2901 3059 2955 coeli
3094 2903 3246 2955 stella
3272 2902 3393 2957 fuit.
3432 2905 3590 2971 Quasi
3618 2907 3702 2960 di-

2121 2996 2334 3042 ceretur
2358 2990 2436 3042 eis
2462 3031 2476 3056 ,
2507 2989 2644 3056 Quid
2684 3005 2713 3043 a
2758 2992 2907 3045 vobis
2944 2993 3163 3061 quaesivi
3204 2994 3333 3047 lucri
3357 2994 3381 3047 ?
3402 2991 3525 3049 Cozli
3556 3012 3705 3051 enar-

2120 3089 2235 3132 rant
2287 3081 2503 3151 gloriam
2552 3081 2648 3135 Dei
2698 3081 2868 3151 (Psal.
2905 3100 3074 3151 xvnt,
3120 3084 3198 3155 2).
3257 3084 3324 3139 Et
3367 3095 3541 3142 tamen
3592 3088 3698 3143 lle-

2122 3172 2280 3227 rodes
2326 3174 2585 3241 turbatus,
2636 3190 2665 3228 a
2717 3173 2916 3229 Jud.eis
2965 3178 3207 3245 qumsivit
3257 3178 3345 3232 ubi
3396 3190 3701 3237 nasceretur

2122 3265 2383 3319 Christus.
2432 3268 2495 3319 Et
2520 3266 2947 3336 responderunt,
2980 3267 3046 3320 In
3090 3268 3379 3323 Brt/tleliein
3420 3270 3573 3325 Iuda:
3601 3288 3621 3325 :
3647 3283 3700 3327 et

2122 3357 2492 3427 pl'OpilClICllllI
2558 3359 2920 3412 testimonium
2974 3359 3374 3426 adhibuerunt;
3430 3372 3483 3417 et
3536 3363 3698 3433 Magis

2120 3450 2345 3504 adorare
2376 3451 2716 3521 pergentibus
2736 3493 2749 3517 ,
2800 3451 2901 3520 ipsi
2944 3452 3244 3507 immobiles
3274 3467 3691 3523 permanserunt.

2120 3539 2177 3593 In
2222 3556 2413 3611 aggere
2454 3541 2654 3610 lapides
2704 3551 2854 3607 sunt;
2887 3542 3024 3595 viam
3070 3542 3477 3609 demonstrant,
3516 3555 3567 3599 et
3598 3547 3695 3614 ipsi

2119 3647 2223 3686 non
2253 3632 2543 3686 ambulant.
2574 3632 2773 3687 Tamen
2817 3644 3163 3701 perrexerunt
3208 3634 3339 3704 Magi
3384 3636 3449 3689 ad
3488 3636 3697 3689 Bethle-

2119 3721 2271 3786 hem;
2307 3722 2402 3775 sed
2434 3723 2645 3776 inventa
2671 3723 2890 3777 civitate
2910 3765 2924 3790 ,
2958 3724 3097 3777 unde
3121 3733 3345 3793 possunt
3368 3726 3581 3779 domum
3611 3726 3693 3780 in-

2116 3815 2331 3870 venire?
2362 3815 2498 3868 Ecce
2542 3815 2697 3868 stella
2730 3815 2814 3868 illa
2851 3832 2967 3885 quae.
2994 3815 3137 3869 fulsit
3166 3816 3233 3871 de
3267 3818 3438 3883 cmlo,
3481 3818 3695 3873 deduxit

2117 3905 2168 3959 in
2196 3914 2335 3959 terra
2358 3947 2371 3969 ,
2408 3904 2555 3958 stetit
2583 3919 2744 3974 super
2789 3906 2964 3959 locum
2996 3907 3079 3959 ubi
3106 3916 3221 3960 erat
3259 3922 3411 3975 puer.
3456 3909 3695 3974 Quantus

2116 3997 2395 4051 famulatus
2421 3996 2827 4062 elementorum,
2850 4006 2904 4051 et
2930 3998 3157 4066 nequitia
3184 3997 3486 4051 Judatorum
3514 4000 3526 4053 !
3554 4000 3693 4053 Tur—

2113 4090 2266 4143 batus
2310 4097 2393 4143 est
2438 4088 2675 4144 Ilerodes
2700 4130 2715 4156 ,
2756 4090 2904 4159 quasi
2941 4091 3146 4145 venerit
3189 4089 3428 4143 Christus
3470 4107 3693 4161 regnum

2114 4195 2355 4250 qua‘rere
2384 4188 2438 4233 ct
2465 4180 2703 4234 invenire
2732 4189 3020 4234 terrenum.
3050 4178 3214 4233 Natus
3244 4189 3323 4233 est
3352 4181 3472 4236 coeli
3502 4183 3608 4247 leo,
3642 4194 3694 4238 et

2113 4273 2320 4328 turbata
2351 4280 2435 4327 est
2469 4280 2677 4327 terrena
2704 4272 2999 4342 vulpecula.
3035 4272 3286 4327 Dominus
3324 4273 3460 4327 dixit
3486 4273 3552 4329 de
3584 4275 3692 4329 lle-

2112 4364 2241 4418 rude
2271 4382 2281 4417 :
2317 4363 2429 4428 Ite,
2469 4363 2619 4417 dicite
2654 4364 2791 4433 vulpi
2835 4363 2910 4416 illi
2940 4362 3086 4433 (Luc.
3127 4381 3217 4418 χιιι
3248 4405 3263 4430 ,
3306 4364 3419 4434 52).
3463 4366 3692 4421 Turbata

2111 4456 2235 4525 quid
2264 4454 2433 4509 fecit?
2473 4453 2675 4508 Occidit
2715 4454 2960 4508 infantes.
3006 4454 3141 4522 Quid
3174 4454 3341 4508 fecit?
3370 4455 3574 4509 Occidit
3608 4456 3690 4515 in,-

2112 4547 2282 4603 fantes
2313 4564 2409 4617 pro
2438 4546 2615 4602 Verbo
2654 4545 2854 4601 infante
2893 4545 3106 4617 (Matth.
3137 4546 3219 4617 ιι).
3252 4551 3390 4602 Ante
3430 4558 3692 4618 martyres

2110 4644 2365 4710 sanguine
2394 4650 2515 4693 sunt
2552 4637 2724 4693 eﬂ‘ecti
2751 4678 2766 4702 ,
2814 4654 2971 4707 quam
3013 4646 3231 4707 possent
3270 4654 3363 4692 ore
3411 4638 3692 4692 Dominum

2110 4734 2372 4788 conﬁteri.
2414 4733 2479 4786 Et
2504 4731 2601 4785 has
2629 4730 2888 4801 primitias
2920 4731 3165 4784 Christus
3191 4730 3333 4783 misit
3360 4726 3427 4783 ad
3454 4730 3688 4784 Patrem.

2112 4824 2266 4878 Venit
2293 4822 2486 4887 infans,
2515 4832 2568 4875 et
2596 4822 2772 4876 ierunt
2794 4820 3047 4886 infantes;
3077 4820 3250 4874 infans
3271 4820 3336 4875 atl
3370 4836 3484 4885 nos,
3516 4820 3690 4874 infau-

2111 4924 2193 4969 tcs
2228 4914 2292 4967 ad
2340 4914 2525 4967 Deum.
2573 4911 2653 4965 Ea:
2679 4928 2765 4964 ore
2806 4912 3080 4981 infantium
3119 4920 3163 4964 et
3204 4912 3489 4964 lactentium
3520 4916 3687 4982 perfe-

2110 5006 2218 5059 risti
2246 5004 2445 5057 laudent
2476 5001 2644 5074 (Psal.
2685 5019 2804 5071 vni,
2834 5003 2911 5072 5).
2936 5000 3307 5076 Gaudeamus,
3343 5004 3494 5056 nobis
3520 5003 3691 5058 illuxit

2109 5096 2240 5150 dies.
2293 5095 2424 5165 Magi
2481 5094 2728 5165 primitiae
2781 5092 3029 5148 Gentium
3086 5108 3181 5148 nos
3238 5094 3688 5166 signiﬁcaverunt.

2168 5267 2186 5286 ‘
2223 5264 2510 5313 Emendatus
2543 5262 2598 5310 ad
2623 5275 2665 5311 r.
2692 5275 2783 5311 rm.
2817 5276 2863 5312 v.
2892 5269 2944 5312 et
2979 5261 3039 5311 ad
3065 5263 3197 5325 \‘ign.

2169 5351 2241 5411 (ιι)
2277 5347 2401 5397 Alias
2425 5350 2551 5396 inter
2586 5348 2909 5411 iVignerianos
2929 5346 2977 5395 9.

2168 5408 2237 5474 (ti)
2262 5418 2336 5475 De
2351 5418 2547 5475 auctore
2582 5410 2766 5475 incerti
2776 5422 2969 5475 sumus,
2985 5410 3107 5475 quia
3128 5411 3199 5460 sie
3219 5408 3282 5458 de
3308 5410 3499 5475 Herode
3532 5409 3696 5475 loqui.

2106 5470 2204 5534 tur,
2220 5470 2283 5521 ἰιι
2308 5473 2431 5521 duos
2466 5472 2720 5528 videatur,
2755 5470 3079 5520 inlanticidam
3111 5484 3290 5534 nempe
3314 5480 3365 5520 et
3397 5470 3609 5521 alterum
3640 5476 3691 5523 in

2105 5533 2364 5609 Evangelio
2394 5540 2529 5609 Luca:
2550 5568 2564 5591 ,
2586 5544 2690 5609 cap.
2721 5534 2813 5609 lli,
2857 5534 3155 5609 nominatum.
3176 5533 3405 5609 confundi
3436 5535 3655 5609 voluisse
3677 5551 3687 5583 :

2105 5594 2352 5662 quosipse
2375 5596 2576 5662 quidem
2585 5595 2882 5662 augustius
2903 5594 3088 5662 diserte
3110 5595 3361 5662 distinguit
3392 5598 3441 5644 in
3465 5595 3547 5645 lib.
3572 5595 3605 5645 2
3624 5596 3694 5646 de

2104 5656 2347 5710 Censensu
2372 5656 2783 5767 qungelistarum
2802 5694 2815 5718 ,
2843 5670 2948 5719 cap.
2975 5661 3025 5721 7,
3046 5669 3095 5710 et
3122 5664 3168 5710 in
3194 5656 3275 5707 libi
3304 5658 3363 5707 22
3384 5666 3552 5708 contra
3575 5667 3691 5708 ran-

2104 5733 2246 5767 stnm.
2272 5734 2373 5767 can.
2468 5754 2480 5767 .

2104 5733 2246 5774 stum.
2272 5734 2373 5781 cap.
2402 5733 2480 5767 δι.
