4036 6188
307 271 442 330 1669

307 393 652 460 Agnovcrunt
695 383 865 440 ,ἰυᾱωί
912 380 1126 456 quando
1177 389 1328 435 natus
1386 389 1506 447 est,
1561 388 1898 450 agnoverunt

305 479 508 537 Gentes
548 477 804 532 hesterno
831 476 848 508 ¹
889 475 997 530 die.
1045 475 1248 530 Dircrsi
1293 473 1524 542 parietes
1558 471 1626 526 ad
1671 471 1898 542 lapidem

303 571 614 642 angularem
659 575 953 634 venerunt,
985 565 1110 621 inde
1146 563 1353 632 Judaei,
1387 563 1514 619 inde
1551 563 1788 630 Gentes;
1831 565 1901 616 dc

305 663 548 728 diverso,
577 659 670 715 sed
699 675 804 714 non
827 658 894 714 ad
915 658 1204 714 diversum.
1241 655 1457 712 Vidistis
1483 663 1538 711 et
1561 655 1752 721 nostis,
1777 655 1898 724 quia

307 765 516 812 tantum
546 769 578 808 a
603 767 662 808 se
693 752 925 822 parietes
963 751 1120 820 longe
1145 758 1298 814 sunt,
1329 756 1584 818 quantum
1611 746 1680 800 ab
1703 746 1900 815 angulo

307 846 500 903 remoti
529 851 676 900 sunt.
709 841 979 912 Quantum
1005 841 1073 895 ad
1099 839 1352 910 angulum
1379 837 1754 910 prepinquant,
1781 851 1900 906 pro-

311 939 571 1008 pinquant
619 935 719 988 sibi
753 951 765 986 :
799 947 922 988 cum
961 931 1030 986 ad
1069 930 1320 1002 angulum
1368 930 1612 985 venerint
1635 971 1652 996 ,
1696 927 1902 984 haerent

307 1027 431 1082 sibi.
455 1025 574 1082 IIoc
613 1022 742 1080 fecit
774 1021 1040 1078 Christus.
1069 1020 1249 1091 Longe
1273 1035 1304 1074 a
1329 1034 1388 1076 se
1417 1017 1815 1074 fuerantJudaei
1847 1025 1901 1073 et

307 1117 547 1184 Gentes,
597 1113 934 1170 circumcisio
980 1120 1035 1168 et
1077 1111 1436 1182 praiputinm,
1483 1111 1640 1182 Legis
1686 1119 1740 1166 et
1785 1112 1902 1166 sine

310 1211 454 1280 Lege
479 1211 534 1274 ’,
562 1208 795 1262 cultores
839 1205 998 1260 unius
1039 1207 1152 1260 veri
1201 1206 1332 1272 Dei,
1371 1214 1428 1260 et
1463 1205 1752 1260 multorum
1799 1205 1898 1258 fal—

307 1316 516 1356 somni.
545 1300 712 1368 Quam
739 1299 938 1368 longe?
963 1298 1069 1353 Sed
1097 1297 1187 1352 ille
1215 1306 1286 1351 est
1313 1315 1416 1368 pax
1444 1307 1614 1352 nostra
1633 1340 1648 1364 ,
1675 1298 1758 1368 qui
1787 1298 1902 1366 fecit

311 1403 524 1462 utraque
570 1407 742 1444 imum.
789 1389 894 1444 Sed
923 1389 1012 1459 qui
1054 1397 1312 1444 venerunt
1335 1389 1402 1444 de
1429 1389 1664 1456 ludatis,
1712 1391 1810 1459 ipsi
1847 1391 1898 1444 in

310 1483 460 1552 bono
507 1481 712 1552 pariete
761 1488 1108 1534 numerantur
1143 1495 1308 1534 :nam
1357 1481 1448 1550 qui
1495 1489 1794 1547 venerunt,
1848 1481 1900 1534 in

311 1575 468 1630 ruina
515 1587 622 1626 non
667 1579 1057 1626 remanserunt.
1089 1570 1236 1632 Facti
1281 1586 1463 1626 sumus
1511 1587 1676 1626 unum
1725 1573 1800 1626 illi
1849 1581 1904 1626 ct

313 1681 413 1720 nos
444 1683 458 1720 :
493 1663 592 1718 sed
633 1663 686 1717 in
730 1678 870 1728 uno,
909 1677 1014 1716 non
1056 1663 1106 1716 in
1147 1662 1302 1717 nobis
1347 1661 1562 1734 (Eplies.
1587 1679 1654 1730 II,
1689 1662 1898 1735 11-22).

315 1757 468 1812 Unde
495 1765 652 1810 natus
677 1763 756 1808 est
784 1753 1065 1808 Christus?
1097 1753 1171 1808 De
1199 1753 1416 1810 Judaeis.
1453 1753 1545 1810 Sic
1575 1753 1738 1808 habes
1767 1755 1902 1810 scri-

315 1859 499 1918 ptum,
549 1845 706 1902 Salus
734 1862 794 1900 ea:
819 1843 1020 1900 Iudaeis
1047 1855 1118 1900 cst
1160 1845 1338 1917 (Joan.
1379 1862 1466 1914 tv,
1493 1846 1584 1919 22)
1621 1863 1634 1899 :
1665 1845 1760 1902 sed
1797 1862 1903 1900 non

313 1941 444 1996 solis
473 1939 692 1996 Judreis.
735 1937 850 1993 Nan
893 1937 1036 1993 enim
1073 1939 1246 2004 dixit,
1299 1939 1452 1994 Salus
1481 1939 1715 2005 Iudaeis;
1765 1939 1858 1994 sed
1883 1981 1900 2007 ,

315 2035 474 2089 Salus
503 2051 566 2088 ea:
596 2033 814 2087 Iudicis.
845 2032 924 2086 Illi
955 2031 1496 2102 comprehenderunt,
1527 2043 1579 2088 et
1605 2033 1706 2104 ipsi
1731 2032 1906 2102 perdi—

314 2124 542 2189 derunt;
579 2123 652 2176 illi
686 2123 1014 2192 ligaverunt,
1043 2131 1098 2176 et
1125 2121 1270 2192 ipsos
1293 2119 1456 2192 fugit;
1494 2123 1592 2192 ipsi
1624 2121 1904 2188 viderunt,

315 2227 368 2272 et
411 2217 726 2272 occiderunt
759 2233 772 2268 :
803 2230 902 2270 nos
943 2229 1043 2269 nec
1081 2214 1618 2284 comprehendimus,
1659 2224 1712 2269 ct
1755 2227 1904 2270 tene-

317 2323 470 2372 mus;
509 2321 612 2362 nec
637 2306 888 2371 vidimus,
923 2313 976 2359 et
1001 2305 1302 2371 credimus;
1333 2306 1656 2375 posteriores
1683 2319 1902 2370 sumus,

317 2411 368 2454 et
389 2399 778 2455 antecedimus.
808 2397 888 2452 Illi
917 2399 1005 2468 qui
1033 2413 1131 2452 nos
1163 2405 1582 2467 praecesserunt,
1611 2398 1750 2450 viam
1781 2413 1906 2467 per-

317 2492 568 2546 diderunt
599 2509 611 2543 :
648 2504 745 2544 nos
773 2496 950 2544 autem
991 2497 1046 2542 ct
1073 2489 1210 2542 viam
1253 2487 1552 2542 invenimus
1576 2529 1590 2556 ,
1628 2495 1685 2544 et
1717 2489 1768 2542 in
1819 2487 1908 2542 illa

319 2582 655 2638 ambulantes
687 2579 755 2636 ad
781 2579 1006 2651 patriam
1038 2580 1334 2634 veniemus.

725 2712 954 2770 SERMO
989 2709 1334 2768 CCCLxxvt
1357 2713 1376 2736 ο
1405 2711 1501 2782 (α).

691 2826 934 2876 Dominica
964 2826 1016 2874 in
1035 2825 1219 2875 octavis
1239 2823 1429 2874 Paschaa
1447 2823 1538 2888 (ὁ).

391 2929 626 2986 CAPUT
665 2928 952 2984 PRIMUM.
997 2959 1068 2969 —
1112 2929 1162 2983 I.
1186 2927 1431 2999 Magnum
1457 2929 1796 2996 miraculum,
1826 2929 1910 2984 in-

321 3037 454 3078 trare
469 3025 656 3094 jnnuis
684 3023 890 3076 clausis.
915 3021 1132 3078 Audivit
1157 3021 1401 3078 Charitas
1421 3031 1616 3086 vestra,
1647 3037 1768 3078 cum
1790 3037 1912 3077 san-

319 3129 466 3172 ctum
499 3114 850 3183 Evangelium
877 3113 1160 3183 legeretur,
1195 3113 1476 3168 Dominum
1505 3121 1560 3168 et
1582 3111 1912 3168 Salvatorem

325 3216 574 3261 nostrum
613 3205 796 3260 Jesum
824 3203 1092 3260 Christum
1121 3213 1243 3274 post
1279 3206 1726 3262 resurrectionem
1761 3221 1912 3262 suam

325 3299 523 3352 clausis
566 3295 724 3350 ostiis
757 3295 1006 3350 introisse
1042 3295 1108 3350 ad
1149 3295 1438 3365 discipulos
1477 3311 1624 3352 suos.
1667 3296 1911 3368 Magnum

329 3388 650 3442 miraculum
684 3404 699 3440 :
729 3385 824 3440 sed
849 3387 1030 3441 mirari
1057 3386 1277 3452 desinis,
1307 3388 1352 3440 si
1379 3387 1544 3443 Deum
1576 3389 1910 3459 cogitaveris.

325 3479 514 3534 Ilirum
545 3479 691 3532 enim
720 3487 892 3544 esset,
937 3479 980 3531 si
1006 3479 1153 3532 solus
1182 3477 1340 3533 homo
1368 3479 1469 3532 hoc
1495 3479 1724 3534 fecisset.
1753 3479 1914 3538 Refer

327 3571 392 3626 ad
419 3569 892 3640 omnipotentiam,
922 3585 1026 3624 non
1061 3569 1126 3624 ad
1153 3571 1506 3640 phantasiam.
1533 3570 1695 3626 Ostiis
1719 3571 1916 3627 clausis

329 3663 565 3718 intravit.
585 3661 904 3731 Bespondeo
926 3661 1037 3726 tibi,
1059 3670 1114 3714 ut
1135 3661 1270 3717 scias
1287 3661 1406 3730 quia
1429 3676 1554 3716 vera
1575 3676 1698 3716 caro
1723 3661 1912 3730 fuerat,

330 3755 614 3810 cicatrices
641 3752 931 3824 tangendas
977 3755 1292 3808 monstravit
1338 3751 1537 3826 (Joan.
1559 3770 1636 3809 xx
1659 3797 1674 3820 ,
1702 3755 1914 3826 19-27).

329 3847 436 3904 Sed
467 3849 618 3902 sicut
647 3861 754 3900 non
783 3855 884 3912 est,
917 3845 1090 3916 inquis
1110 3887 1125 3910 ,
1158 3853 1358 3900 naturzr
1385 3847 1676 3917 corporalis
1714 3861 1809 3917 per
1829 3847 1916 3917 ja-

331 3955 490 3996 nuam
545 3939 785 3994 clausam
835 3939 1069 4004 intrare,
1105 3938 1182 3993 sic
1218 3954 1326 3994 non
1363 3947 1448 3994 est
1485 3947 1688 3996 natura:
1721 3954 1918 4008 corpo-

332 4035 460 4088 ralis
501 4047 666 4102 super
725 4031 920 4086 fluctns
981 4032 1143 4087 maris
1193 4031 1490 4088 ambulare.
1551 4031 1772 4088 Intravit
1823 4047 1920 4103 per

333 4125 510 4180 clausa
537 4125 698 4188 ostia,
728 4122 992 4194 responde
1023 4122 1172 4190 mihi,
1201 4123 1266 4178 da
1295 4123 1423 4178 mihi
1451 4123 1772 4180 soliditatem
1799 4139 1920 4180 car-

335 4219 436 4272 nis.
467 4215 776 4271 Ambnlavit
798 4233 960 4287 super
985 4232 1148 4287 aquas
1170 4219 1352 4281 maris,
1379 4218 1446 4274 da
1473 4219 1602 4272 mihi
1627 4227 1682 4273 et
1710 4228 1764 4274 tu
1793 4234 1924 4288 pon-

335 4307 432 4361 dus
459 4305 664 4360 carnis.
703 4305 796 4360 Vis
836 4321 998 4362 nosse
1035 4306 1136 4362 hoc
1179 4308 1576 4376 omnipotenti-ie
1612 4307 1819 4364 fuisse?
1855 4311 1920 4366 Et

336 4397 492 4452 Petro
518 4398 670 4453 dedit
703 4397 915 4469 (Matth.
941 4413 1046 4462 xw,
1077 4395 1292 4468 25-29).
1324 4398 1421 4466 Qui
1451 4399 1592 4470 quod
1615 4399 1800 4467 voluit,
1831 4400 1926 4456 de-

334 4489 438 4554 dit;
469 4489 614 4560 quod
642 4489 916 4560 proprium
947 4499 1060 4544 erat
1085 4531 1100 4556 ,
1127 4489 1228 4544 sibi
1272 4491 1522 4546 servavit.
1562 4491 1656 4546 Ille
1679 4493 1822 4548 enim
1849 4493 1926 4547 vi-

338 4597 470 4638 rens
497 4598 596 4654 per
621 4582 830 4638 clausas
854 4583 1044 4650 januas
1086 4581 1334 4647 intravit,
1363 4582 1452 4652 qui
1481 4583 1748 4638 nascendo
1785 4585 1924 4639 inte-

337 4677 586 4744 gritatem
609 4674 797 4728 matris
819 4687 926 4728 non
953 4673 1190 4727 violavit.
1220 4672 1364 4743 Ergo
1384 4715 1404 4738 ,
1429 4673 1618 4728 fratres
1637 4714 1654 4740 ,
1679 4673 1926 4730 admirati

341 4766 644 4832 credamus,
667 4764 949 4820 credentes
978 4763 1346 4832 obaudiamus,
1374 4765 1724 4822 obaudientes
1745 4783 1932 4837 Spere-

343 4873 458 4911 mus
497 4858 764 4928 promissa
787 4898 802 4922 ,
847 4857 890 4911 si
929 4855 1150 4912 facimus
1188 4857 1334 4926 iussa
1366 4859 1528 4928 :qnia
1575 4870 1632 4914 ut
1675 4858 1930 4916 faciamus

341 4947 507 5016 iussa.
536 4949 654 5017 ipse
683 4947 933 5018 adjuvat,
963 4964 990 5002 a
1018 4961 1124 5018 quo
1144 4963 1420 5019 speramus
1445 4952 1728 5019 promissa.

407 5038 637 5094 CAPUT
665 5038 729 5093 II.
761 5069 834 5078 -—
859 5037 914 5092 2.
949 5039 1152 5094 Octava:
1179 5037 1486 5110 Infanti-unt.
1529 5039 1678 5096 Vetus
1706 5051 1752 5096 et
1775 5057 1934 5096 novus

341 5133 508 5184 homo.
559 5129 730 5185 Hodie
768 5138 969 5188 octavae
1007 5129 1256 5184 dicuntur
1299 5129 1610 5196 infantium,
1643 5133 1934 5188 revelanda

338 5232 464 5279 sunt
487 5225 662 5292 capita
689 5237 877 5276 eorum
905 5263 922 5288 ,
949 5221 1092 5291 quod
1118 5230 1202 5278 est
1229 5221 1482 5278 indicium
1513 5223 1792 5280 libertatis.
1827 5224 1932 5278 Ila-

403 5335 422 5366 ¹
457 5339 598 5384 Forte
617 5333 905 5396 legendum,
929 5331 1182 5396 hodierno.

401 5397 425 5462 ξ
459 5401 599 5462 Forte
633 5395 922 5462 legendum,
935 5395 1190 5462 auditores
1213 5395 1344 5460 Legis
1364 5403 1410 5448 ct
1431 5395 1533 5448 sine
1557 5407 1692 5462 Lege.

399 5457 422 5478 θ
439 5465 540 5506 Non
563 5457 796 5508 inventus
817 5458 910 5506 nisi
935 5458 984 5506 in
1006 5458 1166 5507 editis.

303 5569 308 5574 ,
399 5518 476 5580 (a)
505 5517 652 5578 Alis,
675 5519 742 5568 de
763 5526 1003 5580 Tempore
1029 5519 1135 5569 160.

423 5580 476 5642 ι)
493 5581 660 5647 _Hujus
695 5581 940 5647 sermonis
993 5580 1245 5647 exemplar
1285 5581 1470 5647 calamo
1487 5585 1716 5647 scriptum
1753 5589 1940 5638 nullum

339 5653 488 5704 φρει

491 5643 635 5711 unus:
657 5643 812 5711 t'rima
837 5655 964 5711 pars,
986 5645 1064 5711 cui
1079 5645 1336 5705 sequentia
1351 5657 1456 5711 non
1465 5643 1730 5711 cohaerent,
1745 5649 1940 5701 aliunde

343 5701 524 5756 adscita
545 5703 768 5754 videtur.
791 5701 963 5755 mittier
985 5706 1044 5754 ad
1073 5701 1346 5756 sermonem
1367 5705 1477 5768 347,
1503 5721 1551 5756 η.
1578 5707 1624 5758 2.

1633 263 1860 322 SERMO
1896 263 2264 322 CCCLXXVII.

3453 276 3476 330 l
3487 275 3590 333 670

2011 379 2101 434 bet
2137 383 2280 437 enim
2317 381 2618 438 libertatem
2669 383 2768 440 ista
2809 385 3100 459 spiritualls
3143 387 3428 442 nativitas:
3463 405 3586 460 pro-

2007 473 2119 542 prie
2145 481 2320 528 antcm
2349 477 2526 529 carnis
2555 477 2804 532 nativitas
2825 477 3158 534 servitutem.
3185 479 3312 534 Dure
3341 491 3466 536 sunt
3494 491 3588 534 uti-

2003 579 2108 633 q-ne
2139 563 2370 618 hominis
2393 567 2728 632 nativitates,
2775 567 2924 622 nasci
2963 577 3016 622 et
3039 569 3271 626 renasci.
3312 569 3590 624 Nascimur

2006 655 2072 710 ad
2103 655 2339 711 laborem
2365 697 2380 722 ,
2430 659 2758 712 renascimur
2797 657 2867 712 ad
2907 659 3140 729 quietem
3173 661 3488 715 :nascimur
3522 661 3591 715 ad

2005 747 2284 814 miserias,
2316 749 2646 802 renascimur
2681 748 2748 803 ad
2784 755 3040 806 :eternam
3085 750 3416 806 felicitatem.
3457 750 3588 805 Nam

2007 837 2080 892 illi
2111 841 2258 908 pueri
2283 881 2298 906 ,
2332 841 2582 908 infantes,
2618 842 2838 911 parvuli,
2871 843 3150 908 lactentes,
3175 847 3432 900 maternis
3462 845 3588 900 ube-

2005 929 2152 984 ribus
2175 929 2521 997 inhaerentes,
2551 941 2606 986 et
2629 940 2884 1000 quantum
2913 934 2966 987 in
3003 949 3097 989 eos
3133 936 3318 1004 gratiae
3341 935 3588 991 confera-

2009 1030 2093 1076 tur
2117 1023 2438 1087 nescientes,
2477 1034 2534 1076 ut
2555 1023 2654 1092 ipsi
2677 1024 2888 1090 videtis,
2919 1027 3039 1094 quia
3063 1025 3290 1082 infantes
3311 1037 3586 1093 vocantur,

2006 1121 2062 1168 et
2085 1113 2182 1182 ipsi
2213 1113 2412 1168 habent
2431 1121 2646 1169 octavas
2666 1113 2826 1169 hodie
2857 1133 2870 1169 :
2897 1123 2950 1168 et
2981 1114 3066 1169 isti
3095 1132 3253 1171 senes
3277 1159 3291 1180 ,
3322 1117 3548 1186 juvenes
3573 1159 3588 1179 ,

2007 1203 2410 1271 adolescentuli,
2435 1219 2624 1259 omnes
2645 1202 2890 1259 infantes.
2918 1203 3034 1259 Una
3057 1205 3253 1276 quippe
3273 1207 3484 1261 illorum
3513 1209 3592 1260 in-

2009 1295 2166 1348 fantia
2199 1296 2430 1364 pertinet
2471 1295 2538 1349 ad
2567 1303 2884 1350 vetustatem
2907 1338 2920 1361 ,
2965 1297 3134 1350 altera
3177 1296 3244 1350 ad
3275 1299 3586 1352 novitatem.

2007 1385 2137 1440 Nam
2175 1401 2308 1456 quos
2347 1386 2540 1442 videtis
2562 1398 2809 1442 recentes
2836 1403 2866 1441 a
2897 1397 3048 1456 partu
3069 1431 3084 1453 ,
3117 1397 3328 1444 veteres
3355 1403 3587 1443 nascun-

2009 1487 2114 1532 tur.
2144 1477 2312 1534 Vetus
2339 1478 2500 1533 homo
2525 1487 2707 1534 noster
2725 1479 2898 1534 dictus
2923 1488 3006 1534 est
3031 1480 3198 1535 Adam
3220 1521 3236 1548 ,
3265 1497 3330 1536 ex
3359 1495 3467 1552 quo
3495 1497 3590 1534 na-

2007 1571 2207 1626 scimur
2240 1587 2252 1624 :
2283 1585 2452 1626 novus
2477 1571 2637 1626 homo
2657 1569 2924 1638 Christus,
2945 1586 3043 1642 per
3061 1587 3219 1642 quem
3243 1573 3590 1628 renaseimur.

2011 1659 2100 1716 Isti
2129 1677 2256 1731 ergo
2283 1671 2337 1716 et
2361 1663 2484 1716 novi
2511 1671 2655 1727 sunt,
2680 1671 2734 1716 et
2759 1663 2930 1717 renati
2961 1670 3085 1716 sunt
3107 1662 3173 1716 ad
3203 1663 3364 1718 aliam
3389 1663 3554 1716 vitam
3575 1705 3590 1728 ,

2007 1762 2062 1809 et
2085 1763 2168 1808 est
2196 1755 2250 1807 in
2277 1753 2402 1820 illis,
2430 1753 2476 1807 si
2499 1752 2602 1808 dici
2631 1762 2825 1824 potest,
2857 1753 3070 1823 quando
3099 1762 3408 1818 nascuntur,
3455 1770 3590 1808 nova

2009 1853 2264 1900 vetustas.

2079 1939 2135 1992 5.
2175 1937 2470 2008 Baptizatos
2507 1938 2739 1994 hortatur
2772 1956 2834 1992 ne
2860 1939 3116 1993 imitentur
3147 1939 3308 1993 malos
3345 1939 3582 1994 christia-

2012 2045 2126 2084 nos.
2161 2027 2226 2083 In
2257 2027 2490 2084 Ecclesia
2519 2031 2642 2084 mali
2669 2030 2808 2084 bonis
2843 2030 3096 2100 permixti.
3136 2030 3274 2086 Ecce
3305 2031 3594 2086 miscentur

2011 2119 2174 2176 hodie
2203 2120 2452 2176 fidelibus
2493 2121 2722 2176 infantes
2749 2121 2950 2186 nostri,
2979 2129 3032 2175 et
3072 2129 3323 2190 tanquam
3359 2120 3428 2176 de
3471 2121 3596 2176 nido

2012 2213 2214 2266 volant.
2245 2211 2476 2268 Necesse
2503 2220 2587 2268 est
2615 2227 2760 2282 ergo,
2786 2220 2846 2266 ut
2869 2212 3220 2280 parturientes
3239 2227 3332 2266 eos
3360 2212 3598 2283 alloqua—

2013 2320 2154 2359 mur.
2195 2305 2344 2360 Sicut
2370 2304 2516 2361 enim
2562 2305 2828 2370 recolitis,
2862 2305 3052 2359 fratres
3097 2305 3223 2370 mei,
3255 2305 3597 2360 hirundinum

2013 2397 2096 2452 vel
2121 2395 2540 2451 domesticorum
2569 2409 2840 2464 passerum
2873 2395 3066 2464 pullos,
3091 2394 3304 2464 quando
3325 2395 3506 2450 volare
3531 2395 3600 2450 de

2013 2485 2140 2541 nido
2166 2487 2450 2556 ceperint,
2480 2495 2676 2540 matres
2705 2501 2824 2540 cum
2853 2486 3081 2554 strepitu
3105 2485 3512 2552 circumvolant,
3543 2496 3598 2540 et

2013 2577 2232 2633 vocibus
2256 2578 2360 2648 piis
2391 2583 2656 2632 testantur
2685 2577 2916 2650 pericula
2949 2576 3198 2630 filiorum.

2091 2669 2318 2726 CAPUT
2355 2668 2544 2724 Ill.—
2591 2668 2802 2724 Scimus
2851 2683 2978 2739 ergo
3023 2671 3240 2736 multos,
3269 2669 3358 2739 qui
3410 2671 3598 2740 appel-

2014 2762 2190 2817 lantur
2203 2761 2410 2826 fideles,
2425 2761 2566 2816 male
2579 2761 2778 2826 vivere,
2798 2770 2848 2814 et
2863 2760 3068 2830 gratiae,
3085 2776 3243 2829 quam
3259 2771 3602 2830 acceperunt,

2016 2853 2254 2910 moribus
2289 2854 2402 2910 suis
2443 2869 2548 2908 non
2587 2852 2910 2916 convenire;
2957 2852 3178 2907 laudare
3207 2853 3372 2908 Deum
3405 2853 3600 2923 lingua,

2015 2945 2388 3016 blasphemare
2409 2945 2536 3000 vita.
2561 2945 2774 3000 Scimus
2801 2953 2979 3001 autem
3003 2945 3134 3000 alios
3155 2945 3296 3000 inter
3317 2945 3446 3000 istos
3467 2947 3606 3000 mul-

2017 3047 2121 3103 tos,
2163 3045 2414 3108 tanquam
2445 3038 2585 3092 inter
2619 3037 2838 3100 multam
2869 3046 2924 3092 et
2962 3035 3320 3092 abundantem
3361 3037 3602 3106 paleam,

2016 3130 2162 3186 velut
2183 3143 2348 3200 grana
2389 3139 2666 3200 gementes
2711 3128 2762 3181 in
2795 3128 2980 3182 tritura
3001 3168 3018 3192 ,
3065 3127 3158 3182 sed
3199 3141 3294 3196 spe
3338 3128 3514 3182 horrei
3545 3143 3604 3182 se

2018 3221 2376 3276 consolantes.
2421 3219 2536 3274 Duo
2578 3219 2676 3275 ista
2714 3233 2908 3288 genera
2955 3217 3230 3272 hominum
3259 3218 3458 3272 scimus
3486 3233 3606 3272 esse

2019 3313 2072 3366 in
2115 3311 2378 3366 Ecclesia.
2411 3311 2604 3366 Arcam
2633 3309 2953 3363 dominicam
2985 3307 3278 3362 Ecclesiam
3309 3307 3556 3362 novimus
3589 3327 3602 3362 :

2019 3402 2418 3458 ventilationem
2451 3401 2506 3455 in
2543 3400 2630 3455 die
2665 3398 2850 3469 judicii
2889 3413 3187 3468 speramus,
3231 3413 3460 3453 massam
3491 3397 3604 3453 fru-

2019 3494 2184 3550 menti
2217 3494 2268 3548 in
2297 3492 2690 3548 resurrectione
2715 3489 3102 3554 desideramus,
3136 3490 3386 3545 horreum
3417 3490 3468 3544 in
3501 3491 3606 3544 vita

2020 3594 2220 3640 :eterna
2247 3597 2462 3640 sumere
2485 3583 2748 3653 cupimus.
2785 3581 2861 3636 Ibi
2887 3582 3028 3636 nulla
3057 3581 3208 3652 palea
3231 3581 3356 3648 erit,
3387 3581 3527 3636 sicut
3553 3582 3604 3635 in

2023 3677 2272 3750 gehenna
2295 3675 2496 3732 nullum
2527 3691 2751 3746 granum
2777 3674 2898 3732 erit.
2921 3673 3071 3729 Nunc
3095 3689 3243 3744 ergo,
3267 3672 3458 3730 fratres
3481 3676 3608 3737 mei,

2024 3783 2147 3825 cum
2172 3769 2409 3826 sciamus
2429 3767 2536 3822 duo
2561 3769 2656 3822 ista
2681 3781 2874 3838 genera
2898 3765 3172 3821 hominum
3198 3781 3320 3822 esse
3341 3767 3400 3822 in
3427 3767 3610 3822 Eccle-

2026 3860 2104 3916 sia
2125 3900 2142 3927 ,
2173 3861 2382 3930 piorum
2409 3869 2464 3914 et
2493 3859 2772 3928 impiorum
2793 3899 2808 3922 ,
2837 3858 3098 3913 bonorum
3125 3867 3180 3912 et
3219 3859 3480 3912 malorum
3501 3900 3515 3922 ,
3547 3859 3610 3912 ti-
3698 3913 3702 3918 _

2024 3953 2284 4008 mentium
2307 3961 2361 4008 et
2381 3951 2854 4014 contemnentinm,
2877 3951 3070 4020 quibus
3091 3950 3480 4020 conjunganlur
3497 3951 3608 4015 isti,

2027 4044 2316 4100 nescimus.
2345 4043 2482 4110 Quid
2507 4051 2684 4096 autem
2711 4042 2958 4107 velimus,
2983 4051 3036 4097 et
3066 4043 3164 4112 ipsi
3193 4042 3370 4098 sciunt
3393 4060 3406 4096 :
3431 4051 3610 4097 utrum

2025 4137 2094 4196 de
2119 4137 2226 4193 illis
2250 4145 2368 4192 vota
2401 4143 2582 4190 nostra
2613 4133 3004 4204 compleantur,
3045 4133 3275 4188 humana
3313 4135 3608 4204 ignorantia

2025 4229 2386 4285 sollicitudine
2415 4227 2682 4298 fatigatur,
2727 4225 3012 4296 aliquando
3033 4233 3088 4281 ct
3115 4225 3260 4280 falsis
3293 4225 3612 4296 suspicioni-

2027 4323 2132 4378 bus
2153 4323 2408 4392 agitatur.
2437 4321 2516 4376 Ex
2543 4321 2626 4376 his
2665 4319 2890 4376 discitur
2915 4318 2968 4374 in
2999 4318 3099 4374 hac
3137 4327 3274 4374 terra
3299 4361 3313 4386 ,
3359 4319 3450 4374 ubi
3493 4319 3613 4375 sine

2029 4419 2320 4474 tentatione
2360 4433 2464 4472 non
2511 4405 2732 4472 vivitur.
2766 4417 3044 4472 Admoneo
3081 4429 3210 4486 ergo
3249 4429 3344 4470 vos
3369 4455 3386 4481 ,
3429 4422 3614 4469 sancta

2029 4511 2300 4582 germina;
2349 4511 2614 4564 admmeo
2649 4525 2776 4575 vos,
2818 4510 3040 4563 novella:
3079 4509 3130 4562 in
3175 4523 3304 4580 agro
3345 4507 3618 4563 dominico

2031 4603 2248 4673 planae.
2275 4617 2344 4656 ne
2371 4602 2437 4658 de
2465 4603 2614 4656 vobis
2643 4601 2852 4656 dicatur
2878 4601 3016 4670 quod
3048 4600 3116 4656 de
3140 4601 3289 4655 vinea
3323 4601 3516 4656 domus
3547 4600 3620 4656 Is-

2033 4695 2142 4748 rael
2167 4693 2366 4749 dictum
2385 4701 2488 4759 est,
2523 4691 2826 4762 Exspectaui
2851 4701 2904 4744 ut
2932 4693 3116 4762 faceret
3143 4708 3286 4759 tiens,
3309 4694 3428 4762 fecit
3451 4703 3618 4748 autem

2033 4789 2206 4858 spinas
2231 4785 2388 4857 (Isai.
2411 4803 2466 4850 ν,
2490 4785 2586 4857 2).
2615 4785 2832 4840 Botrum
2863 4785 2916 4840 in
2949 4786 3100 4844 vobis
3129 4785 3384 4854 inveniat,
3411 4787 3498 4857 qui
3523 4789 3624 4843 bo-

2034 4887 2150 4933 trus
2183 4893 2282 4949 pro
2315 4878 2467 4932 nobis
2495 4877 2730 4931 calcatus
2757 4885 2860 4930 est.
2896 4875 3064 4932 Uvam
3093 4875 3250 4944 ferte,
3280 4877 3414 4932 bene
3437 4877 3618 4932 vivite.

2036 4970 2258 5024 Fructus
2285 4969 2426 5023 enim
2454 4969 2660 5039 spiritus
2685 4977 2777 5032 cst,
2809 4967 2945 5022 sicut
2966 4969 3094 5024 dicit
3114 4969 3418 5038 Apostolus,
3448 4969 3622 5022 chari-

2038 5073 2134 5128 tas,
2161 5061 2422 5133 gaudium,
2471 5075 2592 5130 pax,
2647 5059 3022 5130 longanimitas,
3074 5061 3370 5131 benignitas,
3399 5059 3620 5125 bonitas,

2037 5151 2387 5216 mansuetudo,
2419 5151 2566 5220 ﬁdes,
2597 5150 2926 5214 continentia,
2958 5150 3162 5204 castitas
3183 5147 3376 5218 (Gutat.
3402 5163 3454 5214 v,
3485 5149 3557 5202 92
3579 5149 3622 5218 ).

2038 5243 2264 5312 Quando
2287 5243 2352 5296 ad
2382 5257 2481 5297 nos
2501 5242 2707 5297 venerit
2726 5242 2952 5312 agricola
2980 5249 3180 5305 noster,
3207 5239 3356 5309 cujus
3379 5255 3475 5294 nos
3496 5255 3625 5311 Ope.-

2040 5335 2165 5391 rarii
2205 5351 2422 5400 sumus,
2465 5335 2552 5390 illc
2592 5334 2682 5406 qui
2730 5334 2871 5388 intus
2911 5332 3004 5386 dat
3043 5333 3466 5388 incrementum:
3501 5347 3623 5387 nam

2041 5441 2142 5482 nos
2181 5426 2476 5481 forinSecus
2505 5425 2748 5496 plantare
2789 5423 3036 5479 novimus
3072 5432 3126 5480 et
3165 5425 3370 5494 rigare;
3411 5423 3504 5479 sed
3549 5425 3624 5480 ait

2044 5517 2354 5588 Apostolus,
2387 5515 2565 5586 Neque
2589 5515 2674 5586 qui
2705 5515 2898 5585 plantat
2921 5525 2994 5569 est
3019 5515 3234 5586 aliquid,
3265 5531 3420 5584 neque
3445 5515 3532 5586 qui
3557 5515 3628 5569 ri-

2044 5619 2166 5681 gat;
2191 5610 2278 5666 sed
2306 5609 2445 5663 Deus
2468 5607 2554 5677 qui
2581 5607 2946 5660 incrementum
2973 5606 3060 5660 dat
3085 5605 3142 5677 (I
3171 5604 3288 5660 Cor.
3315 5621 3394 5669 tn,
3419 5604 3512 5676 7);
3537 5605 3628 5676 qui

2047 5704 2207 5760 modo
2240 5701 2378 5756 videt
2403 5698 2666 5773 quomodo
2693 5699 2936 5769 audiatis,
2961 5701 3048 5772 qui
3080 5699 3239 5757 modo
3265 5699 3476 5774 inspicit
3495 5715 3632 5772 quo-
