3996 6180
462 267 587 324 1671

458 382 613 439 modo
642 380 889 443 timeatis,
914 388 1004 433 ant
1024 378 1131 448 jznn
1164 379 1348 431 timere
1374 374 1638 443 incipiatis
1663 392 1674 427 :
1700 388 1821 428 cum
1850 373 1915 427 ad
1947 386 2042 426 vos

456 476 545 530 ille
582 473 807 544 agricola
837 471 1062 535 venerit,
1102 469 1332 524 inveniat
1374 467 1424 520 in
1462 466 1612 520 vobis
1647 465 1789 534 quod
1837 465 2043 520 dixerat

459 567 761 637 Apostolus,
805 564 1058 619 Gaudium
1100 578 1262 615 meum
1299 571 1343 613 et
1374 575 1563 613 corona
1590 575 1723 622 mea,
1746 574 1917 612 onmcs
1957 557 2044 629 qui

454 660 600 712 statis
624 660 677 710 in
703 656 920 710 Domino
950 652 1217 725 (Philipp.
1251 666 1323 713 tv,
1357 649 1432 719 1).

524 748 749 804 CAPUT
790 747 877 801 ιν.
906 776 975 785 -
1014 746 1067 799 4.
1114 743 1243 797 Mali
1284 743 1351 795 ad
1397 742 1706 812 peccandum
1752 741 2044 795 inducente:

454 841 679 894 cavendi.
742 837 1153 891 Incantationnm
1212 834 1430 889 remedia
1493 833 1689 887 illicita.
1742 832 2039 901 Eleemosg-

456 948 543 984 na.
594 929 842 992 Fratres,
892 926 982 981 filii
1027 926 1354 987 dulcissimi,
1397 925 1490 977 ﬁlii
1541 923 1882 987 charissimi,
1921 920 2045 976 imi-

463 1021 644 1075 tamini
691 1020 893 1085 bonos,
941 1026 1124 1073 cavete
1164 1018 1349 1072 malos.
1394 1015 1518 1071 Scio
1566 1016 1709 1070 enim
1752 1016 1873 1085 quia
1911 1029 2043 1068 ven-

458 1112 562 1166 tnri
602 1117 725 1165 sunt
763 1109 827 1163 ad
875 1122 966 1163 vos
1014 1108 1258 1162 homines
1297 1108 1454 1171 tuadi,
1500 1114 1554 1161 et
1596 1106 1899 1175 persnasuri
1946 1118 2045 1158 vo-

456 1204 537 1258 bis
562 1202 927 1265 vinolentiam,
952 1211 1004 1256 et
1030 1200 1220 1256 dicturi
1256 1209 1380 1254 sunt
1414 1200 1579 1264 vobis,
1613 1199 1827 1267 Quare?
1858 1197 2045 1252 Nonne

457 1304 508 1349 et
540 1310 639 1349 nos
664 1310 847 1349 sumus
879 1293 1207 1346 fidelissimi?
1236 1290 1381 1356 Scio,
1426 1289 1549 1343 inde
1591 1290 1769 1355 doleo,
1816 1288 1940 1343 inde
1975 1288 2043 1342 ti—

457 1406 597 1444 meo.
641 1389 757 1443 .lam
803 1398 857 1442 tu
897 1388 939 1440 si
971 1386 1167 1440 dixeris
1206 1393 1551 1439 constanter:
1606 1382 1811 1447 Frater,
1857 1397 1956 1436 nec
1994 1390 2046 1436 te

456 1483 645 1536 vellem
676 1482 848 1536 facere
873 1480 1012 1551 quod
1039 1478 1187 1542 facis,
1210 1478 1303 1533 sed
1331 1478 1377 1531 si
1407 1487 1455 1532 te
1480 1494 1583 1531 non
1607 1492 1821 1546 possum
1844 1475 2044 1530 ducere

456 1576 511 1628 in
558 1575 752 1627 bonum
800 1587 975 1626 meum
1007 1614 1022 1637 ,
1066 1570 1148 1625 vel
1190 1571 1298 1624 noli
1345 1584 1433 1623 me
1477 1567 1689 1623 trahere
1729 1568 1795 1621 ad
1846 1568 2042 1621 malum

455 1675 626 1720 tuum.
662 1665 972 1719 Hominibus
1002 1664 1137 1726 istis,
1174 1672 1231 1716 ut
1268 1660 1382 1715 ﬁeri
1413 1661 1585 1724 Solet,
1629 1668 1788 1729 caput
1822 1658 2040 1713 dolebit.

455 1758 705 1811 Dicturus
729 1766 811 1811 est
842 1756 933 1809 tibi
955 1754 1160 1809 vicinus
1188 1762 1307 1806 tuus
1332 1760 1424 1806 aut
1451 1750 1622 1805 vicina
1657 1768 1670 1805 :
1713 1750 1807 1803 Est
1840 1749 1929 1803 hic
1957 1748 2043 1801 iu-

455 1857 715 1911 cantator,
743 1856 823 1902 est
850 1846 935 1899 hic
962 1844 1300 1906 remediator,
1320 1851 1374 1896 et
1396 1841 1577 1895 nescio
1600 1840 1686 1894 ubi
1710 1837 2043 1892 mathematio

455 1955 568 1995 cus.
596 1939 676 1993 Tu
703 1939 834 1993 dicis
860 1956 873 1991 :
904 1936 1236 1990 Christianus
1262 1950 1401 1999 sum,
1434 1948 1539 1988 non
1567 1932 1691 1987 licet
1717 1930 1868 1984 mihi.
1902 1931 1968 1983 lit
1997 1930 2042 1983 si

457 2033 548 2087 ille
572 2032 765 2086 dixerit
796 2030 907 2095 tibi,
942 2026 1153 2093 Quare?
1197 2040 1375 2080 nonne
1403 2040 1501 2095 ego
1529 2024 1851 2079 christianos
1882 2021 2042 2076 sum?

456 2134 512 2179 tu
552 2126 792 2179 dicturus
832 2140 907 2190 es,
943 2122 1049 2179 Sed
1079 2138 1178 2191 ego
1209 2121 1380 2175 ﬁdelis
1408 2135 1545 2173 sum.
1584 2120 1652 2173 Et
1686 2118 1777 2173 ille
1808 2117 1940 2170 tibi:
1976 2116 2043 2169 Et

455 2232 555 2288 ego
584 2217 876 2287 baptizatus
914 2229 1053 2271 smn.
1101 2212 1257 2268 Fiunt
1297 2213 1469 2283 angeli
1509 2210 1751 2278 diaboli,
1802 2207 2039 2263 membra

454 2307 670 2361 Christi.
697 2308 829 2373 Quia
861 2307 1031 2375 ipsum
1065 2304 1303 2376 possidet
1333 2303 1598 2367 inimicus,
1631 2301 1844 2355 trahere
1889 2315 2039 2370 quaa-

453 2399 523 2451 rit
551 2408 603 2453 et
630 2398 813 2450 alium.
846 2398 1082 2451 Inveniat
1110 2410 1202 2449 vos
1227 2402 1460 2464 paratos,
1488 2392 1579 2462 qui
1606 2393 1704 2445 ista
1729 2392 1877 2445 vobis
1902 2407 2040 2462 prte-

453 2487 677 2557 paravit.
706 2486 829 2541 Ideo
856 2488 1064 2557 loquor,
1095 2485 1214 2539 ideo
1243 2492 1533 2548 contestor,
1567 2482 1687 2536 ideo
1725 2496 1829 2535 non
1864 2488 2034 2548 taceo,

452 2578 572 2632 ideo
612 2580 925 2632 vestimenta
969 2593 1084 2631 mea
1125 2575 1358 2638 excutio,
1395 2573 1513 2627 ideo
1552 2573 1605 2626 in
1652 2573 1901 2627 tribunali
1943 2573 2036 2628 Dei

451 2670 556 2726 mei
584 2679 898 2725 excusatum
930 2686 1016 2726 me
1043 2669 1233 2724 habeo.
1259 2668 1439 2722 Dicam
1468 2671 1579 2723 Deo
1604 2683 1722 2723 meo
1747 2687 1761 2722 :
1791 2669 2033 2735 Domine,

456 2778 565 2817 non
598 2764 766 2828 tacui;
798 2764 1040 2828 Domine,
1074 2763 1325 2817 talentum
1366 2765 1506 2836 quod
1539 2764 1665 2817 mihi
1711 2763 1901 2818 dedisti
1928 2778 2033 2817 non

450 2854 724 2919 abscondi,
756 2854 849 2909 sed
875 2856 1106 2925 erogavi.
1135 2856 1245 2911 lloc
1268 2857 1457 2926 poterit
1485 2855 1613 2909 mihi
1635 2854 1810 2908 dicere
1838 2871 1851 2909 ε
1882 2853 2038 2908 Serve

449 2961 682 3014 nequam,
708 2953 762 2997 tu
790 2946 958 3009 dares,
990 2962 1078 3015 ego
1105 2947 1351 3017 exigerem
1381 2945 1593 3015 (Matth.
1626 2960 1748 3009 xxv,
1781 2943 1872 3009 ‘26,
1901 2943 1967 2997 27
1991 2943 2031 3013 ).

448 3039 608 3103 Ecce,
653 3038 893 3104 Domine,
925 3038 1081 3103 dedi,
1117 3047 1171 3092 tu
1210 3039 1382 3109 exige.
1429 3038 1494 3092 Et
1524 3039 1569 3093 si
1599 3038 1733 3090 torte
1762 3050 1858 3088 vos
1885 3044 2035 3089 vetus

448 3129 742 3184 titillaverit
784 3130 1155 3196 consuetudo,
1210 3130 1416 3185 habetis
1458 3145 1613 3200 quem
1660 3127 2030 3197 interpelletis.

448 3223 616 3292 Major
659 3231 741 3277 est
786 3222 997 3290 adjutor
1035 3239 1193 3292 quam
1235 3233 1585 3293 oppugnatur.
1632 3222 1757 3276 ideo
1800 3221 2028 3291 gemitis,

451 3314 572 3369 ideo
601 3315 785 3379 oratis,
816 3314 935 3368 idco
956 3314 1151 3380 dicitis,
1188 3314 1267 3368 Ne
1288 3332 1378 3368 nos
1398 3316 1585 3384 inferas
1613 3315 1664 3367 in
1691 3316 2030 3367 tentationem.

449 3403 741 3457 Observate
773 3404 897 3457 illud
930 3404 1118 3469 etiam,
1149 3402 1339 3457 fratres
1365 3405 1502 3468 mei,
1545 3404 1684 3474 quod
1709 3418 1868 3474 supra
1901 3404 2031 3459 dici-

448 3495 534 3558 tis,
568 3492 772 3547 Dimitte
800 3494 940 3546 nobis
967 3494 1131 3548 debita
1151 3504 1361 3558 nostra;
1388 3504 1445 3548 ut
1467 3493 1670 3548 faciatis
1690 3496 1829 3564 quod
1854 3496 2032 3565 sequi-

449 3594 557 3651 tur,
582 3586 708 3640 sicnt
725 3596 770 3638 et
787 3601 879 3639 nos
893 3585 1187 3639 dimittimus
1204 3586 1507 3639 debitoribus
1525 3587 1708 3639 nostris
1722 3585 1813 3654 (Id
1821 3628 1831 3639 .
1848 3601 1919 3648 vt,
1940 3587 2027 3651 13,

448 3678 561 3746 12).
584 3678 988 3748 Eleemosynam
1019 3677 1168 3743 facis,
1193 3677 1607 3748 elcemosyuam,
1633 3678 1846 3746 accipis.
1872 3676 2031 3747 igno-

448 3768 575 3833 scis,
595 3768 894 3836 ignoscetur
906 3768 1018 3822 tibi.
1043 3769 1262 3838 Erogas,
1277 3769 1583 3837 erogabitur
1597 3769 1707 3822 tibi.
1725 3769 1888 3822 Deum
1906 3768 2030 3823 audi

446 3859 733 3923 dicentem,
753 3858 1015 3926 Dimittite,
1048 3870 1094 3914 et
1113 3860 1389 3913 dimittetur
1412 3860 1583 3924 vobis;
1612 3859 1746 3925 date,
1762 3868 1809 3912 et
1828 3844 2029 3913 dabin/tr

448 3951 585 4005 vobis
620 3950 775 4015 (Luc.
799 3966 872 4015 vt,
894 3952 960 4006 57
991 3962 1037 4005 et
1066 3951 1177 4021 58).
1220 3949 1276 4004 ln
1322 3960 1501 4005 mente
1524 3949 1716 4005 habete
1740 3964 2027 4020 pauperes.

448 4043 706 4099 Omnibus
723 4042 843 4097 dico
858 4062 873 4097 :
890 4041 1045 4098 facile
1062 4042 1449 4112 cleemosynas,
1474 4041 1667 4095 fratres
1684 4041 1787 4096 mei
1805 4057 1819 4105 ;
1846 4040 2024 4106 facite,

450 4145 506 4192 et
534 4152 638 4192 non
671 4136 922 4205 perdctis.
952 4136 1058 4190 Deo
1096 4134 1315 4189 credite.
1339 4134 1455 4189 Non
1486 4134 1659 4189 solum
1697 4133 1817 4189 dico
1842 4133 1992 4188 vobis
2012 4174 2027 4200 ,

449 4246 555 4285 non
588 4230 806 4299 perditis
834 4228 976 4298 quod
1008 4228 1181 4282 facitis
1207 4229 1563 4296 pauperibus:
1592 4227 1685 4282 sed
1716 4228 1872 4297 plane
1908 4226 2029 4283 dico

449 4323 621 4387 vobis,
652 4320 752 4375 hoc
781 4321 951 4375 solum
995 4335 1099 4373 non
1130 4320 1371 4389 perditis,
1399 4330 1590 4376 etetera
1619 4320 1858 4390 perditis.
1890 4320 2032 4376 Ecce

448 4411 723 4467 videamus
747 4411 794 4466 si
820 4410 1128 4465 exhilaratis
1152 4425 1414 4480 pauperes
1442 4411 1634 4476 hodie;
1664 4410 1856 4467 horrea
1888 4412 2031 4482 ipso-

448 4519 567 4558 rum
593 4517 688 4558 vos
716 4504 866 4569 estis,
887 4512 947 4557 ut
970 4502 1062 4559 det
1086 4504 1236 4559 vobis
1258 4504 1399 4559 Deus
1425 4505 1566 4560 unde
1592 4505 1748 4572 detis,
1776 4514 1832 4561 et
1852 4505 2030 4561 dimit-

446 4602 523 4648 tat
569 4593 711 4663 quod
756 4592 893 4649 forte
935 4596 1184 4665 peccatis.
1230 4595 1489 4653 lncludite
1534 4598 1928 4669 eleemosynam
1974 4598 2029 4652 in

448 4683 612 4738 corde
631 4698 943 4754 pauperum,
968 4695 1023 4741 et
1046 4687 1158 4757 ipsa
1185 4702 1283 4758 pro
1304 4688 1454 4743 vobis
1479 4688 1720 4744 exorabit
1744 4689 2027 4744 Dominum

446 4772 633 4849 (Ereti.
676 4790 834 4842 xxix,
873 4775 973 4849 15)
999 4795 1012 4830 :
1041 4781 1126 4833 cui
1151 4788 1234 4835 est
1263 4779 1435 4835 honor
1458 4789 1515 4837 ct
1538 4780 1705 4851 gloria
1737 4780 1788 4834 in
1829 4780 2026 4836 sateula

444 4866 783 4924 surculorum.
811 4869 1004 4922 Amen.

831 5040 1060 5097 SERMO
1097 5040 1461 5098 CCCLXXVII
1485 5049 1502 5067 ο
1533 5046 1632 5116 (α).

888 5176 941 5221 In
961 5170 1253 5221 ascensione
1275 5172 1459 5220 Domini
1483 5170 1571 5235 (ό).

514 5313 569 5368 1.
600 5342 673 5354 -
715 5310 933 5367 Verbum
1008 5311 1101 5367 Dei
1153 5310 1304 5381 digne
1362 5328 1394 5365 α
1453 5310 1596 5365 nobis
1657 5311 1860 5366 laudari
1923 5328 2028 5368 non

455 5413 636 5472 potest.
673 5403 932 5468 Quomodo
971 5404 1240 5457 exsultavit
1286 5403 1357 5456 ad
1393 5403 1694 5456 cui-rendam
1737 5404 1887 5458 viam.
1921 5401 2026 5458 Cur

506 5595 524 5615 ‘
551 5594 838 5646 Emendatus
859 5596 918 5646 ad
944 5596 975 5645 Γ.
1000 5611 1075 5660 gr.
1110 5606 1164 5648 et
1191 5598 1252 5649 ad
1284 5605 1394 5651 Lor.

502 5675 576 5795 εἴ)
610 5678 747 5730 Alias.
768 5680 830 5728 de
853 5679 1062 5730 Diversis
1080 5682 1158 5731 57.

606 5740 788 5788 'n'tulus
807 5740 855 5788 in
896 5745 1090 5795 excusis
1128 5758 1157 5795 D

606 5740 788 5788 'n'tulus
807 5740 855 5788 in
896 5745 1090 5799 excusis
1127 5744 1351 5821 praeﬁxus
1376 5751 1497 5810 erat,
1532 5762 1554 5794 ς
1573 5753 1641 5797 De
1665 5747 1917 5799 nativitate
1942 5755 2026 5799 Do-

1694 260 1752 314 S.
1795 254 2159 314 AUCUSTIN!
2204 255 2499 311 lfl‘iSCOPl

3607 276 3742 334 1672

2151 391 2224 444 bis
2249 392 2299 445 in
2324 392 2532 447 Psntmo
2546 396 2753 459 dictum,
2780 395 2969 451 Tollite
2996 406 3196 470 portas,
3217 411 3385 455 ctc.--—
3407 404 3739 469 Dilectissimi

2151 480 2363 572 fratres,
2409 483 2476 538 dc
2522 484 2692 539 Verbo
2722 496 2921 541 :ctcrno
2953 492 3073 558 quis
3106 494 3399 561 temporale
3428 496 3585 568 digne
3615 518 3740 572 pro-

2152 570 2287 627 ferat
2338 574 2600 627 verbum?
2642 575 2844 646 Magnis
2894 578 3072 633 inﬁma
3118 586 3388 651 quomodo
3437 570 3740 648 sufﬁciant?

2149 661 2392 717 Laudant
2432 663 2573 730 cmli,
2604 664 2823 720 laudant
2848 668 3094 733 virtutes,
3138 672 3354 728 laudant
3381 678 3616 735 :etherize
3646 699 3740 753 po-

2153 760 2390 821 testates,
2435 755 2650 810 laudant
2689 759 2809 813 caeli
2856 759 3158 828 luminaria,
3203 765 3419 823 laudant
3461 771 3653 836 sidera.
3687 786 3741 830 ut

2150 854 2326 913 potest
2356 846 2536 900 laudat
2566 856 2620 901 et
2650 857 2791 902 terra
2836 867 2848 903 :
2887 866 2991 905 non
3025 864 3080 906 ut
3110 854 3268 925 digne
3297 856 3505 927 laudet,
3539 863 3633 918 sed
3676 882 3741 921 ne

2161 950 2221 990 se
2257 936 2458 1007 ingrata
2485 938 2826 994 condemnet.
2855 940 2987 1008 Quis
3016 944 3281 1013 explicat,
3324 950 3443 1018 quis
3490 951 3737 1022 loquitur,

2154 1029 2275 1098 quis
2296 1030 2379 1083 vel
2404 1030 2544 1099 sapit
2592 1046 2712 1085 eum
2739 1032 2825 1102 qui
2851 1033 3060 1104 attingit
3102 1051 3131 1088 a
3159 1036 3262 1091 ﬁne
3291 1055 3457 1109 usque
3483 1043 3547 1096 ad
3581 1045 3737 1099 ﬁnem

2151 1120 2382 1185 fortiter,
2416 1130 2470 1173 et
2502 1120 2735 1191 disponit
2778 1123 2957 1179 omnia
3000 1128 3236 1182 suaviter
3268 1128 3440 1201 (Sap.
3470 1149 3560 1189 vm
3584 1176 3598 1200 ,
3642 1137 3664 1190 1
3691 1137 3737 1208 ),

2158 1209 2427 1279 quomodo
2451 1212 2797 1267 exsultaverit
2824 1213 2890 1268 ad
2918 1216 3233 1272 currendum
3264 1220 3425 1289 viam,
3456 1232 3512 1277 ut
3538 1237 3674 1280 esset
3707 1244 3736 1281 a

2150 1316 2362 1356 summo
2386 1302 2522 1359 ctelo
2550 1304 2789 1374 egressio
2812 1306 2947 1376 ejus,
2972 1317 3025 1362 et
3053 1324 3298 1365 recursus
3327 1312 3443 1382 ejus
3476 1331 3642 1386 usque
3670 1319 3736 1373 ad

2149 1406 2414 1447 summum
2440 1393 2559 1447 coeli
2589 1393 2759 1461 (Psal.
2793 1412 2937 1462 xvtn,
2969 1398 3020 1461 6,
3048 1399 3143 1470 7)?
3169 1400 3224 1454 Si
3265 1403 3460 1473 ubique
3508 1408 3735 1477 attingrt,

2149 1483 2291 1537 unde
2318 1483 2464 1536 exit?
2495 1483 2549 1538 Si
2590 1485 2784 1555 ubique
2813 1488 3059 1558 attingit,
3096 1506 3200 1560 quo
3242 1492 3424 1547 vadit?
3448 1495 3602 1552 Locis
3632 1516 3738 1554 non

2148 1573 2489 1640 distenditur,
2523 1589 2693 1644 neque
2724 1578 3051 1647 temporibus
3084 1583 3340 1650 variatur,
3376 1601 3547 1656 neque
3581 1590 3740 1644 habet

2148 1682 2395 1721 accessus
2436 1675 2490 1722 et
2529 1682 2773 1723 recessus
2807 1688 2819 1722 :
2854 1670 2905 1724 in
2937 1686 2996 1725 se
3036 1688 3277 1738 manens,
3320 1677 3513 1747 ubique
3550 1680 3739 1736 circuit

2150 1767 2310 1813 totus.
2357 1759 2487 1826 Quae
2518 1766 2642 1812 sunt
2669 1761 2837 1829 spatia
2869 1777 2987 1830 qua:
3019 1750 3349 1821 non'habcnt
3393 1771 3737 1840 omnipoten-

2149 1861 2277 1915 tem,
2296 1866 2413 1920 qua:
2433 1866 2537 1905 non
2565 1861 2745 1907 tenent
2769 1853 3104 1918 immensum.
3125 1873 3243 1926 qua:
3271 1876 3374 1913 non
3401 1863 3417 1892 ί
3439 1865 3735 1932 suscipiunt

2146 1941 2489 1995 venientem?
2521 1942 2576 1997 Si
2603 1943 2824 1997 verbum
2854 1945 3076 2014 cogitas,
3107 1948 3238 2002 nihil
3269 1950 3517 2006 diximus.
3547 1954 3649 2009 Sed
3678 1967 3737 2010 ut

2147 2032 2213 2087 de
2240 2047 2298 2087 se
2336 2031 2564 2087 humiles
2594 2033 2807 2088 doceret
2839 2036 3038 2105 aliquid
3079 2040 3277 2107 dicere,
3321 2042 3618 2099 humiliavit
3647 2062 3736 2101 se-

2147 2125 2432 2193 metipsum
2466 2125 2687 2179 formam
2715 2128 2852 2181 servi
2883 2130 3149 2200 accipiens
3200 2133 3459 2206 (Philipp.
3483 2155 3539 2205 ll,
3568 2140 3644 2207 8).
3676 2142 3732 2195 ln

2147 2215 2247 2270 hac
2272 2216 2442 2270 forma
2467 2217 2773 2287 descendit,
2807 2221 2856 2274 in
2887 2222 2983 2276 hac
3011 2223 3201 2290 forma,
3236 2230 3522 2284 secundum
3554 2233 3735 2287 Evan-

2143 2306 2360 2377 gelium,
2390 2307 2663 2375 sapicnti:e
2698 2310 2874 2365 studio
2900 2314 3121 2380 profecit
3148 2315 3297 2384 (Luc.
3330 2334 3384 2383 ιε,
3415 2319 3527 2391 52),
3555 2323 3604 2376 in
3633 2322 3737 2378 hac

2143 2397 2315 2453 forma
2350 2396 2555 2469 patiens
2582 2401 2696 2465 fuit,
2729 2402 2779 2455 in
2812 2401 2908 2456 hac
2937 2402 3102 2458 forma
3134 2405 3339 2462 fortiter
3358 2409 3645 2477 dimicavit,
3673 2414 3729 2467 in

2144 2487 2244 2544 hac
2274 2489 2439 2544 forma
2470 2498 2710 2547 mortuus
2740 2500 2841 2558 est,
2874 2492 2924 2545 in
2954 2492 3054 2548 hac
3082 2495 3248 2550 forma
3286 2508 3509 2555 mortem
3534 2502 3651 2556 vicit
3678 2512 3734 2557 et

2141 2583 2453 2648 resurrexit,
2498 2584 2549 2637 in
2582 2584 2681 2638 hac
2704 2584 2871 2640 forma
2893 2588 2957 2640 ad
2980 2588 3172 2643 emtum
3202 2590 3376 2658 rediit,
3400 2593 3488 2662 qui
3516 2594 3584 2648 de
3612 2611 3733 2651 ca:—

2142 2670 2195 2726 lo
2236 2688 2504 2742 nunquam
2538 2676 2779 2730 recessit.
2824 2676 3139 2733 Benedictus
3169 2696 3297 2751 ergo
3323 2693 3405 2737 est
3443 2684 3495 2738 in
3527 2685 3734 2741 solida-

2144 2775 2328 2818 mento
2353 2765 2496 2830 coeli,
2522 2767 2609 2835 qui
2639 2769 2801 2837 factus
2831 2777 2912 2822 cst
2940 2786 3031 2836 pro
3058 2772 3220 2835 notis,
3263 2774 3554 2828 secundum
3585 2778 3735 2847 Apo-

2140 2855 2357 2922 stolum,
2401 2857 2716 2919 tnaledictus,
2745 2867 2800 2910 ut
2832 2859 2883 2911 in
2923 2858 3161 2915 Gentibus
3196 2862 3469 2919 benedictio
3512 2866 3731 2923 Abrahae

2141 2946 2284 3014 ﬁeret
2320 2946 2339 3017 (
2363 2946 2532 2999 Galat.
2575 2963 2629 3000 Ill
2649 2990 2662 3012 ,
2694 2948 2779 3010 15,
2814 2948 2934 3018 id).
2970 2948 3258 3005 Exsultarit
3288 2963 3341 3006 ut
3369 2956 3509 3025 gigas
3537 2956 3557 3029 (
3581 2958 3729 3014 I’sal.

2138 3052 2286 3102 xvm,
2308 3037 2353 3092 ‘6
2380 3038 2419 3108 ).
2449 3039 2629 3105 Qualis
2659 3040 2848 3110 gigas?
2875 3042 3097 3096 Mortem
3130 3046 3406 3101 moriendo
3436 3053 3725 3119 superavit.

2139 3126 2322 3196 Qualis
2349 3130 2530 3200 gigas?
2554 3132 2740 3185 Portas
2771 3132 2962 3187 inferni
2990 3134 3148 3205 fregit
3171 3154 3183 3189 :
3214 3138 3359 3205 exiit,
3384 3152 3437 3194 et
3463 3144 3724 3199 ascendit.

2137 3219 2267 3287 Quis
2296 3231 2377 3275 est
2408 3222 2508 3277 iste
2541 3238 2633 3277 rex
2673 3225 2856 3292 glorim
2881 3267 2895 3290 ,
2935 3237 3153 3296 propter
3196 3246 3352 3299 quem
3400 3233 3597 3289 dictum
3643 3248 3729 3292 est

2137 3310 2452 3380 quibusdam
2492 3313 2837 3383 principibus,
2881 3315 3066 3371 Tollite
3098 3329 3289 3388 portas,
3336 3324 3604 3395 principes,
3639 3344 3725 3380 ve-

2136 3412 2301 3467 stras;
2324 3412 2370 3456 et
2405 3403 2668 3457 elevamini
2686 3447 2700 3472 ,
2728 3417 2886 3475 porta:
2906 3418 3104 3462 (eterna:
3123 3409 3148 3463 Ξ)
3170 3411 3482 3480 Elevamini,
3506 3432 3727 3486 magnus

2137 3501 2257 3546 cst:
2300 3504 2537 3563 angustae
2578 3496 2739 3560 estis,
2774 3512 2878 3551 non
2918 3501 3135 3568 capitis,
3183 3503 3482 3558 elcvamini.
3528 3506 3725 3577 thuid

2138 3581 2275 3637 hoc?
2306 3583 2375 3638 Ut
2404 3586 2616 3638 introeat
2659 3602 2749 3640 rex
2788 3588 2982 3657 glorite.
3025 3591 3395 3660 EXpavescunt
3432 3613 3443 3647 :
3490 3597 3613 3663 Quis
3653 3609 3727 3652 est

2136 3672 2230 3726 iste
2249 3690 2341 3727 rea:
2362 3675 2576 3742 glorias?
2597 3675 2712 3729 Non
2741 3681 3063 3748 agnoscitur.
3097 3682 3210 3737 Non
3242 3686 3412 3739 solum
3444 3688 3582 3743 Deus
3608 3699 3688 3743 est
3709 3734 3723 3755 ,

2136 3763 2229 3817 scd
2258 3770 2311 3817 et
2336 3763 2536 3818 homo:
2571 3781 2675 3818 non
2705 3769 2874 3820 Solum
2900 3768 3063 3824 homo
3095 3783 3195 3835 est,
3229 3775 3323 3828 sed
3348 3785 3399 3829 ct
3430 3777 3584 3832 Dens.
3622 3780 3724 3833 Pa-

2142 3856 2290 3921 titur,
2316 3866 2463 3909 ccrte
2492 3856 2631 3910 Deus
2656 3856 2771 3911 est?
2799 3860 3046 3929 resurgit,
3075 3872 3221 3918 certe
3247 3865 3405 3920 homo
3429 3870 3544 3923 est?
3565 3872 3644 3924 An
3672 3881 3727 3926 et

2146 3945 2286 3999 Deus
2313 3953 2367 3999 et
2396 3945 2556 3999 homo
2580 3946 2701 3999 est?
2727 3945 2865 4001 Vere
2891 3949 3031 4002 enim
3063 3953 3277 4019 patitur,
3305 3965 3357 4009 et
3384 3973 3509 4012 vere
3541 3976 3722 4014 resur-

2137 4034 2234 4104 git.
2270 4035 2380 4089 lloc
2406 4044 2584 4090 autem
2616 4036 2668 4089 in
2699 4053 2804 4092 uno
2840 4039 3135 4111 eodemque
3172 4044 3374 4111 psalmo
3402 4047 3482 4101 bis
3508 4048 3722 4117 dicitur,

2136 4125 2325 4181 Tollite
2357 4135 2552 4198 portas,
2583 4129 2833 4200 principes
2854 4170 2868 4195 ,
2900 4141 3124 4197 vestras;
3166 4143 3212 4187 et
3252 4135 3534 4205 eleramini,
3566 4151 3729 4208 porta.-

2138 4228 2360 4284 clerate,
2384 4228 2430 4272 et
2460 4220 2681 4273 introibit
2706 4238 2796 4275 rea:
2822 4221 3018 4292 glorise.
3048 4223 3118 4278 Et
3140 4229 3394 4296 repetitur
3419 4229 3521 4284 hoc
3552 4232 3724 4301 ipsum

2136 4317 2259 4379 post
2298 4310 2484 4365 eadem
2509 4310 2707 4377 verba,
2737 4320 2985 4382 tanquam
3032 4325 3243 4385 putetur
3301 4321 3627 4390 superfluum
3672 4335 3727 4381 et

2138 4418 2244 4458 non
2276 4403 2658 4459 necessarium.
2687 4403 2791 4459 Sed
2822 4405 2873 4459 in
2907 4409 3222 4477 repetitione
3260 4413 3567 4469 eorumdem
3601 4432 3725 4471 ver-

2137 4493 2328 4549 borum
2360 4495 2494 4550 ﬁnes
2521 4495 2796 4559 attendite,
2830 4505 2883 4551 et
2915 4499 3174 4555 advertite
3213 4518 3377 4572 quare
3416 4506 3499 4561 bis
3525 4507 3723 4562 dictum

2145 4585 2324 4641 fuerit.
2372 4588 2646 4657 Tanquam
2689 4588 2829 4642 cnim
2874 4592 3042 4645 semel
3086 4596 3418 4663 resurgenti,
3458 4605 3513 4652 et
3557 4600 3724 4653 semel

2137 4677 2484 4745 ascendenti,
2513 4680 2594 4734 bis
2620 4688 2787 4749 portat
2815 4678 3107 4734 inferorum
3142 4693 3198 4737 et
3237 4686 3357 4740 creti
3395 4688 3721 4756 aperiuntur.

2139 4767 2247 4822 Res
2273 4770 2415 4823 enim
2444 4784 2601 4835 nova,
2637 4768 2820 4824 inferis
2857 4771 2993 4825 Deus
3020 4787 3257 4840 praesens
3283 4793 3295 4828 :
3324 4791 3411 4830 res
3438 4793 3594 4845 nova,
3618 4796 3721 4835 ca:-

2140 4859 2207 4915 lis
2236 4859 2396 4914 homo
2421 4871 2745 4930 assumptus.
2778 4860 3015 4933 Utroque
3047 4874 3306 4934 tempore,
3334 4876 3559 4938 utroque
3583 4872 3721 4936 loco,

2135 4960 2497 5022 expavescunt
2525 4952 2813 5022 principes.
2843 4942 2968 5020 Quis
2996 4966 3069 5008 est
3097 4957 3190 5010 iste
3211 4972 3299 5011 rex
3322 4960 3533 5029 gloria}?
3574 4963 3726 5020 Unde

2139 5041 2244 5094 hoc
2280 5040 2668 5097 discernimus?
2706 5042 2843 5096 Audi
2875 5043 3019 5119 quid.
3041 5046 3280 5117 utrisque
3318 5051 3721 5120 restiondeatur.

2134 5130 2245 5188 Illis
2268 5132 2718 5204 interrogantibus
2748 5134 2961 5202 dicitur,
2989 5135 3239 5194 Dominus
3267 5143 3412 5211 {ortis
3452 5154 3498 5197 et
3525 5156 3717 5213 potens,

2132 5222 2383 5279 Dominus
2427 5233 2602 5295 potens
2645 5226 2700 5280 in
2740 5226 2891 5282 bello.
2934 5227 3088 5296 Quali
3138 5230 3319 5287 bello?
3357 5232 3578 5290 Mortem
3628 5252 3719 5305 pro

2135 5316 2448 5371 mortalibus
2474 5316 2673 5383 subire,
2706 5318 2879 5373 solum
2917 5334 3017 5390 pro
3042 5323 3291 5379 omnibus
3319 5325 3457 5396 pati,
3491 5341 3597 5380 non
3640 5342 3721 5382 re-

2115 5484 2273 5561 .mini.
2305 5527 2322 5559 ι
2361 5513 2578 5563 Mutatus
2599 5510 2679 5573 hic
2699 5513 2777 5559 est
2805 5511 2868 5559 ad
2907 5511 3211 5573 exemplaria
3245 5513 3439 5563 vetera,
3460 5503 3507 5553 id
3538 5508 3633 5561 est,

2138 5576 2445 5632 lectiouaria,
2477 5576 2527 5623 in
2558 5570 2658 5633 quo
2680 5575 2788 5621 solo
2822 5566 3268 5633 manuscripton
3304 5580 3496 5633 genere
3527 5566 3719 5633 repel-i-

2137 5649 2245 5701 mus
2272 5638 2405 5685 hunc
2432 5626 2753 5701 sermonem,
2767 5633 2836 5701 ab
2869 5634 2985 5701 istis
3016 5626 3338 5701 incipientem
3379 5630 3612 5701 verbis,‘i
3643 5626 3717 5675 De

2137 5698 2297 5762 verbo
2330 5708 2537 5756 aeterno,
2565 5712 2583 5745 ι
2614 5688 2902 5762 etc._'llabet
2924 5688 3476 5762 aliquid'Augusttniani
3500 5688 3622 5762 stili.

2205 5761 2220 5791 ¹
2249 5760 2359 5814 Hoc
2383 5761 2490 5811 loco
2520 5759 2763 5823 particula
2801 5771 2991 5822 negans
3013 5758 3156 5809 abest
3178 5770 3205 5806 a
3230 5758 3594 5815 manuscriptis.
