3996 6180
363 265 394 319 1
405 261 522 319 673

357 381 568 433 sistere
595 373 1028 445 omnipotentem,
1067 381 1120 430 et
1161 379 1339 430 tamen
1379 375 1590 428 vincere
1621 373 1956 428 morientem.

361 468 598 536 Magnus
641 479 768 534 ergo
811 465 912 518 iste
957 479 1049 518 rex
1087 465 1306 534 gloriae,
1351 463 1508 518 etiam
1554 461 1690 533 apud
1739 461 1956 516 inferos.

361 557 658 626 Repetitur
685 555 845 610 etiam
887 553 990 610 hoc
1019 555 1327 610 cmlestibus
1357 553 1706 624 poteSIatibus
1731 569 1744 604 :
1781 551 1961 616 Tollite

359 657 568 714 partes,
614 646 886 716 principes,
925 654 1145 710 vestras;
1171 653 1216 697 et
1247 644 1525 707 elevamini,
1559 653 1715 712 portae
1735 651 1956 698 (sterilae.

357 741 566 790 Annon
611 746 736 790 sunt
765 746 932 806 porta:
975 745 1230 802 :cternae,
1273 749 1496 804 quarum
1540 735 1713 788 claves
1758 737 1962 803 accepit

359 819 604 882 Petrus?
642 826 746 880 Sed
791 827 912 895 quia
967 840 1150 880 secum
1195 826 1462 879 hominem
1508 824 1679 890 levat,
1721 823 1792 878 ibi
1839 833 1956 877 tan-

357 933 532 988 quam
561 932 668 971 non
707 917 916 987 agnitus
949 916 1146 971 dicitur
1184 933 1198 968 :
1249 915 1375 978 Quis
1404 924 1476 968 est
1504 915 1600 968 iste
1625 931 1715 968 rex
1741 914 1960 986 gloriae?

357 1007 476 1062 Sed
511 1008 578 1062 ibi
611 1007 732 1077 quia
771 1022 878 1061 non
918 1007 1026 1076 jam
1073 1015 1324 1072 certator,
1369 1005 1461 1060 sed
1491 1007 1661 1060 victor
1685 1017 1801 1071 est,
1834 1007 1958 1074 quia

358 1111 480 1152 non
526 1097 765 1163 dimicat,
815 1097 910 1152 sed
951 1097 1269 1166 triumphat;
1316 1113 1420 1150 non
1468 1097 1539 1150 ibi
1581 1097 1956 1166 respondetur,

361 1187 626 1242 Dominus
657 1199 832 1256 potens
861 1189 914 1240 in
942 1187 1070 1240 bello
1087 1204 1106 1252 ;
1147 1187 1264 1253 sed,
1293 1187 1538 1241 Dominus
1579 1187 1816 1240 uirtutum
1851 1187 1958 1259 ipse

360 1289 440 1331 est
471 1295 563 1332 rea:
585 1277 762 1348 gloria:
789 1275 968 1347 (Psat.
997 1293 1148 1344 χχιιι,
1178 1277 1306 1332 7-l0
1327 1277 1382 1348 )?

751 1457 981 1514 SERMO
1019 1455 1404 1512 CCCLXXVIII
1443 1461 1460 1479 ο
1485 1456 1580 1528 (α).

871 1621 919 1663 tn
940 1613 1022 1663 die
1045 1607 1360 1664 Pentecostes
1381 1612 1469 1677 (ὁ).

439 1757 676 1816 Charitas
701 1757 906 1824 effectus
939 1758 1216 1828 prwsentitc
1243 1758 1466 1828 Spiritus
1501 1757 1684 1810 sancti.
1732 1753 1954 1828 Spiritus

367 1863 580 1906 sanctus
605 1853 757 1904 arrlta
779 1852 891 1904 vita:
918 1861 1140 1905 αἰεί-ηαξ.
1173 1849 1391 1904 Arrham
1411 1852 1540 1904 inter
1571 1861 1618 1904 et
1643 1852 1822 1920 pignus
1847 1851 1954 1906 dis-

363 1947 579 1996 crimen.
615 1942 776 1996 Datur
805 1943 958 1996 arrlta
987 1943 1102 1996 vita:
1127 1951 1347 2006 ceterum,
1373 1951 1427 1994 ut
1456 1957 1566 1994 eam
1595 1939 1950 1996 desideremus.

365 2035 532 2089 Grata
578 2043 658 2087 cst
689 2035 796 2088 Deo
835 2031 1164 2098 solemnitas,
1191 2033 1276 2085 ubi
1311 2032 1451 2102 viget
1481 2031 1677 2101 pietas,
1707 2041 1758 2086 et
1786 2033 1954 2087 fervet

363 2124 618 2177 charitas.
659 2123 778 2192 lpse
819 2123 962 2176 enim
1005 2131 1087 2176 est
1134 2121 1352 2176 eﬂ‘ectus
1401 2123 1698 2191 praesentire
1724 2123 1954 2191 Spiritus

363 2214 537 2267 sancti
573 2232 586 2266 :
617 2212 763 2282 quod
801 2212 958 2266 docet
1000 2213 1286 2282 Apostolus
1324 2211 1540 2279 dicens,
1581 2213 1815 2266 Charitas
1855 2209 1956 2266 Dei

365 2303 560 2371 diffusa
582 2314 652 2358 est
673 2306 724 2357 in
755 2305 989 2358 cordibus
1015 2305 1198 2358 nostris
1220 2321 1308 2374 per
1335 2303 1588 2374 Spiritum
1610 2315 1840 2358 sanctum
1869 2307 1954 2376 qui

364 2397 516 2450 datus
551 2405 624 2448 est
653 2397 793 2448 nobis
829 2395 1006 2466 (Rom.
1039 2410 1074 2448 ν
1095 2435 1109 2461 ,
1151 2395 1230 2464 5).
1261 2393 1537 2450 Adventus
1563 2412 1690 2466 ergo
1723 2395 1954 2466 Spiritus

365 2489 536 2543 sancti
569 2502 672 2541 uno
701 2487 752 2540 in
779 2488 894 2542 loco
915 2495 1127 2542 centum
1157 2487 1340 2556 viginti
1368 2485 1610 2542 homines
1637 2489 1954 2542 constitutos

365 2579 626 2648 implevit.
658 2577 789 2632 Cum
832 2581 992 2632 Actus
1017 2578 1392 2648 Apostolorum
1433 2577 1767 2646 legerentur,
1801 2579 1952 2633 audi-

365 2671 576 2736 vimus,
620 2669 788 2722 Erant
829 2670 1130 2739 congregati
1173 2669 1230 2722 iu
1269 2684 1430 2722 unum
1475 2677 1688 2722 centum
1729 2669 1950 2737 viginti,

368 2774 613 2820 tenentes
654 2763 976 2832 promissum
1022 2761 1220 2815 Christi
1256 2761 1391 2832 (Act.
1427 2777 1440 2814 ι
1480 2771 1526 2814 ει
1569 2759 1653 2832 ιι).
1701 2759 1956 2815 Dixerunt

364 2855 510 2908 enim
540 2863 596 2907 ut
621 2862 803 2908 essent
832 2853 884 2906 in
909 2851 1140 2916 civitate,
1169 2867 1442 2921 quousque
1472 2849 1820 2905 induerentur
1843 2851 1954 2904 vir-

365 2955 481 3000 tute
517 2960 584 2999 ex
620 2944 751 2998 alto.
787 2938 900 3013 Ego
929 2943 1090 3008 enim,
1121 2941 1320 3012 inquit,
1349 2941 1546 2995 mittam
1575 2942 1954 3012 promissionem

365 3055 534 3091 meam
577 3037 628 3089 in
669 3037 804 3090 t-obis
833 3035 982 3106 (Luc.
1025 3051 1186 3103 XXIV,
1231 3035 1344 3102 49).
1384 3036 1584 3092 Fidelis
1625 3038 1950 3106 promissor,

367 3129 630 3197 benignus
661 3127 832 3182 dator.
860 3127 1010 3196 Quod
1050 3143 1172 3182 cum
1213 3127 1266 3181 in
1308 3136 1447 3182 terra
1490 3139 1633 3183 esset
1673 3130 1952 3198 promisit,

368 3223 420 3272 in
452 3221 648 3275 ('(Bltlm
685 3219 925 3274 ascendit
957 3229 1010 3274 et
1045 3219 1210 3274 misit.
1249 3217 1516 3274 Habemus
1551 3221 1738 3290 pignus
1763 3220 1953 3275 futurae

369 3313 490 3363 vita:
528 3319 744 3364 auorum
781 3309 1034 3380 regnique
1077 3309 1358 3364 etelorum.
1405 3309 1520 3364 Non
1557 3325 1658 3364 nos
1693 3309 1954 3364 fraudavit

368 3403 570 3457 recenti
599 3401 972 3472 promissione,
1005 3410 1060 3456 et
1087 3400 1423 3456 lraudaturus
1449 3411 1532 3457 est
1557 3403 1734 3456 futura
1765 3417 1954 3471 exspe-

369 3493 638 3548 statione?
665 3491 863 3546 Omnes
893 3491 1136 3546 homines
1175 3493 1388 3562 quando
1433 3492 1646 3562 aliquod
1685 3494 1953 3562 negotium

369 3588 512 3642 inter
549 3601 608 3640 se
648 3586 997 3651 contrahunt,
1028 3593 1084 3639 et
1119 3586 1410 3656 pecuniarii
1437 3585 1632 3655 negotii
1669 3586 1956 3655 sponsione

375 3679 712 3744 relaxantur,
746 3679 1060 3746 plerumque
1096 3678 1362 3746 accipiunt
1389 3677 1602 3732 arrham
1628 3719 1643 3745 ,
1671 3679 1754 3732 vel
1782 3679 1911 3732 dant
1939 3697 1953 3732 :

371 3780 426 3824 et
448 3769 606 3824 arrha
638 3770 758 3824 data
789 3769 948 3825 fidem
975 3770 1099 3824 facit
1117 3809 1133 3834 ,
1159 3769 1319 3826 etiam
1345 3785 1460 3826 rem
1487 3771 1630 3826 illam
1661 3786 1781 3826 esse
1807 3787 1959 3828 secu-

375 3873 586 3928 turam,
629 3863 780 3933 cujus
821 3863 978 3918 arrba
1017 3866 1310 3934 prtecessit.
1351 3865 1580 3920 Arrham
1621 3867 1773 3923 nobis
1813 3869 1958 3924 dedit

299 4005 308 4010 -
373 3952 620 4008 Christus
656 3953 910 4024 Spiritum
947 3965 1188 4010 sanctum
1221 3974 1235 4009 :
1264 3965 1320 4012 et
1361 3957 1450 4026 qui
1488 3957 1674 4014 fallere
1711 3973 1809 4014 nos
1851 3975 1958 4015 non

377 4044 580 4112 possit,
613 4059 832 4099 securos
872 4057 1047 4100 tamen
1089 4045 1248 4114 fecit,
1286 4047 1498 4116 quando
1537 4047 1749 4104 arrham
1779 4049 1956 4117 dedit,

378 4151 536 4203 quam
567 4136 668 4189 etsi
695 4151 801 4190 non
829 4135 1000 4203 daret,
1032 4137 1150 4192 sine
1173 4137 1334 4192 dubio
1359 4138 1499 4208 quod
1525 4139 1842 4208 promiserat
1866 4156 1960 4197 ex-

376 4227 603 4283 hiberet.
625 4228 760 4296 Quid
783 4229 1062 4298 promisit?
1087 4229 1262 4284 Vitam
1282 4239 1559 4298 anet-nam,
1575 4231 1725 4300 cujus
1745 4232 1963 4288 arrbam

375 4319 632 4390 Spiritum
665 4329 906 4374 sanctum
945 4319 1112 4375 dedit.
1149 4321 1266 4376 Vita
1295 4330 1494 4376 mterna
1518 4325 1786 4392 possessio
1812 4323 1962 4380 habi-

379 4412 604 4464 tantium
642 4428 653 4463 :
681 4410 840 4464 arrha
861 4411 1156 4466 consolatio
1177 4421 1258 4466 est
1280 4415 1748 4483 peregrinantium.
1773 4417 1962 4472 Melius

377 4504 522 4556 enim
554 4503 750 4556 dicitur
779 4503 937 4558 arrha
967 4519 1124 4574 quam
1149 4505 1358 4574 pignus.
1379 4505 1505 4562 llmc
1523 4508 1664 4562 enim
1691 4509 1796 4563 duo
1815 4511 1964 4564 simi-

377 4597 442 4650 lia
473 4595 726 4649 videntur
753 4596 890 4658 inter
913 4612 1005 4662 se;
1033 4596 1126 4651 sed
1155 4607 1332 4654 tamen
1363 4597 1560 4653 habent
1595 4601 1824 4670 aliquam
1855 4602 1962 4656 dil-

377 4686 658 4742 ferentiam
690 4701 796 4740 non
827 4687 1215 4758 negligendam.
1239 4691 1304 4744 Et
1328 4692 1516 4760 pignus
1537 4694 1749 4762 quando
1770 4694 1925 4748 datur
1943 4735 1960 4762 ,

377 4788 432 4832 et
467 4777 626 4832 arrha
656 4778 868 4848 quando
897 4779 1080 4846 datur,
1113 4779 1232 4834 ideo
1257 4779 1346 4846 lit,
1385 4791 1440 4835 ut
1472 4782 1614 4851 quod
1642 4785 1964 4852 promittitur

380 4872 665 4939 impleatur
695 4888 708 4922 :
737 4871 830 4926 sed
871 4871 1084 4941 quando
1120 4871 1276 4927 datur
1317 4876 1540 4944 pignus,
1589 4876 1762 4930 reddit
1804 4877 1964 4932 homo

381 4961 520 5030 quod
549 4962 790 5030 accepit,
831 4978 892 5017 re
924 4964 1186 5033 completa
1215 4975 1432 5034 propter
1459 4981 1616 5035 quam
1647 4969 1838 5038 pignus
1872 4985 1964 5025 ac-

381 5053 558 5122 cepit;
591 5053 750 5105 arrha
781 5060 959 5106 autem
985 5053 1196 5122 quando
1223 5054 1399 5122 datur,
1429 5071 1536 5110 non
1564 5059 1839 5126 recipitur,
1870 5061 1966 5115 sed

359 5144 762 5224 .supvradditur
791 5155 849 5198 ut
879 5147 1180 5214 impleatur.
1227 5147 1452 5201 Arrham
1497 5164 1624 5218 ergo
1665 5151 1919 5206 habemus
1950 5171 1961 5204 :

389 5237 558 5302 ipsum
587 5233 811 5300 fontem,
845 5235 984 5290 unde
1009 5235 1162 5288 arrha
1194 5246 1296 5302 est,
1324 5239 1582 5292 sitiemus.
1615 5241 1842 5296 Arrham
1869 5241 1964 5296 ha-

445 5409 462 5425 ⁶
499 5409 790 5459 Emendatus
813 5410 870 5459 ad
893 5410 955 5460 cl.
985 5424 1026 5460 r.
1053 5419 1090 5461 t.
1115 5423 1210 5460 vat.
1226 5428 1272 5462 v.
1295 5423 1346 5464 et
1367 5415 1426 5466 ad
1453 5418 1587 5481 \‘ign.

446 5489 520 5548 ta)
555 5487 679 5538 Alias
698 5524 712 5548 ,
733 5491 860 5540 inter
895 5493 1206 5556 Vigneriauos
1238 5495 1314 5544 24.

445 5569 836 5651 Silures}???
861 5579 1236 5651 διιεέιδευδιίηί
1263 5587 1337 5629 εει
1361 5615 1374 5638 ,
1397 5589 1483 5651 an
1504 5582 1705 5651 alicuius
1727 5587 1774 5636 in
1822 5589 1970 5651 ipsius

446 5599 520 5640 μμ
552 5599 630 5620 π·
643 5599 720 5619 usu
746 5599 836 5644 l3l'0
861 5599 944 5622 aut
989 5599 1236 5637 nuguauut
1263 5599 1337 5629 εει.
1361 5615 1374 5638 ,
1401 5599 1483 5631 aut.
1504 5599 1626 5636 aucu
1649 5599 1705 5634 us
1727 5601 1774 5636 ιιι
1822 5599 1970 5651 Ipsius

386 5629 616 5708 legione
637 5641 857 5708 versati.“
883 5635 1051 5684 uenter
1072 5649 1348 5690 sermonem
1393 5644 1470 5702 '23,
1494 5659 1598 5708 cap.
1624 5599 1672 5707 ὲ,
1699 5657 1750 5698 et
1784 5663 1970 5701 sermo-

389 5701 504 5739 nem
527 5691 634 5752 156,
667 5707 772 5756 cap.
801 5697 876 5744 15.

687 5785 952 5846 ΡΑτιιοι..
1007 5789 1056 5846 Χ
1070 5792 1118 5848 Χ
1135 5781 1180 5850 Κ
1193 5793 1292 5856 lX.

1709 263 1934 317 SEBMO
1972 259 2336 316 CCCLXXIX.

3518 271 3648 328 1676

2069 369 2256 423 bemus
2314 371 2674 440 aspersionem
2725 375 3006 444 quamdam
3059 376 3113 432 in
3162 379 3410 435 cordibus
3453 385 3650 436 nostris

2066 457 2295 527 Spiritus
2324 461 2492 514 sancti
2525 475 2538 514 :
2569 461 2614 516 si
2640 463 2756 532 quis
2782 465 2943 520 sentit
2972 464 3114 520 hunc
3143 482 3352 534 rorem,
3381 469 3649 526 desideret

2064 545 2286 602 fontem.
2319 547 2514 618 thuid
2539 551 2681 604 enim
2710 551 2966 608 habemus
2993 556 3234 622 arrham,
3277 558 3378 612 nisi
3407 575 3474 614 ne
3508 560 3648 614 fante

2063 649 2118 694 et
2155 641 2242 694 siti
2290 641 2344 694 in
2387 641 2486 695 hac
2527 644 2954 712 peregrinatione
2985 647 3329 702 deﬁciamus?
3371 650 3649 706 Esurimus

2061 730 2202 783 enim
2247 740 2301 784 et
2347 731 2588 795 sitimus,
2633 734 2674 785 si
2720 741 2894 788 tamen
2943 740 3340 804 peregrinantes
3387 755 3484 793 nos
3528 755 3650 796 esse

2060 819 2448 886 cognoscimus.
2493 821 2594 886 Qui
2633 824 3028 892 peregrinatur,
3062 836 3115 880 et
3149 829 3294 882 novit
3319 844 3376 883 se
3407 832 3646 901 peregri-

2062 908 2196 974 nari,
2220 909 2487 964 desiderat
2515 914 2765 978 patriam;
2789 931 2944 982 qutun
2968 915 3092 968 dum
3115 917 3400 988 desiderat,
3425 923 3646 978 molesta

2062 1009 2142 1052 est
2168 1001 2548 1068 peregrinatio.
2588 1001 2640 1055 Si
2672 1015 2813 1055 amat
2843 1005 3341 1074 peregrinationem,
3369 1012 3642 1066 oblivisci-

2063 1100 2147 1144 tur
2170 1093 2390 1160 patriam
2413 1134 2425 1156 ,
2457 1101 2508 1145 et
2542 1109 2642 1147 non
2677 1099 2787 1147 vult
2832 1097 3024 1151 redire.
3055 1099 3170 1154 NOII
3206 1111 3288 1156 est
3324 1105 3441 1157 talis
3479 1111 3641 1174 patria

2063 1191 2266 1248 nostra,
2291 1183 2374 1236 cui
2397 1184 2594 1252 aliquid
2625 1201 3016 1254 prmt-onamus.
3049 1191 3344 1260 Aliquando
3371 1196 3512 1250 enim
3545 1197 3646 1250 ho-

2059 1271 2228 1325 mines
2259 1272 2380 1324 dum
2411 1275 2849 1342 peregrinantur,
2881 1278 3071 1332 divites
3103 1283 3252 1334 tiunt.
3284 1281 3384 1347 Qui
3419 1286 3645 1352 egebant

2059 1361 2114 1414 in
2140 1363 2308 1431 patria
2335 1378 2451 1426 sua,
2487 1365 2911 1432 peregrinatione
2941 1367 3228 1437 ditescunt,
3258 1381 3310 1424 et
3335 1374 3512 1427 redire
3543 1391 3642 1428 no.

2059 1453 2191 1504 lunt.
2221 1449 2326 1504 Nos
2355 1469 2381 1504 a
2413 1453 2636 1508 Domino
2673 1463 2854 1509 nostro
2875 1498 2888 1520 ,
2919 1472 2985 1510 ex
3011 1475 3117 1527 quo
3157 1461 3432 1530 inSpiravit
3471 1465 3642 1532 primo

2059 1542 2262 1596 homini
2283 1543 2462 1597 flatum
2495 1547 2611 1598 vita}
2632 1587 2644 1610 ,
2671 1553 3068 1618 peregrinantes
3089 1566 3275 1607 omnes
3301 1555 3410 1608 nati
3436 1569 3640 1611 sumus.

2058 1633 2233 1688 Patria
2265 1645 2446 1688 nostra
2485 1636 2536 1688 in
2574 1637 2724 1690 coctis
2763 1647 2878 1705 est,
2920 1641 3068 1695 cives
3099 1643 3306 1712 Angeli.
3353 1645 3430 1700 De
3471 1649 3640 1715 patria

2057 1733 2259 1790 nostra,
2281 1735 2338 1778 ut
2355 1725 2422 1780 ad
2445 1726 2672 1780 reditum
2695 1729 3058 1797 exhortemur,
3079 1733 3268 1788 littera:
3291 1737 3444 1792 nobis
3465 1741 3641 1794 missu:
3711 1805 3716 1810 _

2055 1823 2208 1878 sunt,
2256 1831 2374 1884 qure
2420 1817 2654 1885 quotidie
2702 1819 2752 1871 in
2803 1823 3008 1890 populis
3052 1825 3368 1880 recitantur.
3413 1827 3643 1884 Vilcscat

2058 1903 2307 1970 mundus,
2336 1916 2544 1960 ametur
2573 1921 2602 1960 a
2627 1924 2732 1976 quo
2759 1910 2926 1966 factus
2955 1923 3036 1967 est
3067 1915 3296 1971 mundus
3323 1917 3422 1988 (a).

2449 2055 2678 2112 saeuo
2716 2058 3060 2118 CCCLXXIX
3091 2069 3109 2087 ο
3151 2065 3246 2138 (b).

2367 2195 2416 2236 tn
2439 2191 2692 2241 Nativitate
2725 2197 2918 2245 Joannis
2940 2199 3178 2260 Baptistzc,
3201 2216 3218 2250 ι
3243 2199 3330 2264 (c).

2127 2310 2354 2365 Joannes
2382 2323 2483 2365 tam
2505 2331 2717 2384 magnus
2744 2319 2922 2384 homo,
2955 2331 3008 2372 ut
3032 2321 3282 2376 Christum
3308 2325 3471 2380 Deum
3505 2347 3640 2398 pra:-

2055 2402 2269 2457 dicaret.
2321 2405 2421 2458 Cur
2444 2409 2703 2475 prophetia
2741 2419 2812 2462 tot
2847 2423 2963 2466 ante
3003 2432 3091 2482 per
3121 2415 3374 2470 Christum
3409 2424 3641 2489 prcemis-

2054 2495 2118 2547 si.
2160 2495 2352 2549 Beatus
2391 2496 2643 2564 Joannes,
2693 2503 2880 2555 fratres
2919 2501 3240 2572 charissimi,
3286 2509 3437 2578 cujus
3481 2511 3640 2566 hodie

2055 2585 2386 2639 nativitatem
2429 2587 2796 2656 celebramus,
2847 2601 2953 2644 tam
3002 2609 3222 2664 tuagnus
3263 2601 3466 2652 exstitit
3505 2601 3644 2656 inter

2055 2674 2334 2742 homines,
2365 2687 2422 2730 ut
2464 2678 2718 2732 Dominus
2759 2691 2938 2736 "03le
2967 2681 3123 2739 Jesus
3161 2685 3408 2743 Christus
3449 2692 3552 2745 tale
3589 2694 3638 2745 ci

2057 2766 2416 2821 testimonium
2437 2769 2764 2838 perhiberet,
2793 2771 2977 2827 dicens
3003 2791 3015 2826 :
3043 2773 3182 2828 Inter
3209 2786 3352 2832 natos
3373 2781 3640 2834 mulierum

2055 2867 2156 2908 non
2197 2857 2414 2910 surrexit
2457 2859 2622 2928 major
2659 2859 2863 2915 Joanne
2897 2859 3129 2934 Baptista
3157 2865 3368 2939 (Matth.
3406 2885 3492 2937 xI,
3525 2873 3636 2941 li).

2055 2945 2389 3013 Audivimus,
2415 2961 2538 3002 cum
2565 2951 2906 3022 Evangelium
2929 2957 3215 3028 legeretur,
3235 2977 3395 3030 quam
3428 2965 3640 3019 mirabi-

2057 3037 2178 3094 liter
2224 3039 2384 3094 fuerit
2425 3055 2489 3094 cx
2547 3042 2920 3114 desperatione
2970 3059 3298 3120 conceptus,
3343 3063 3398 3110 et
3443 3067 3642 3126 quanto

2054 3129 2284 3202 Spiritus
2318 3133 2486 3186 sancti
2535 3137 2836 3190 testimonio
2865 3149 3190 3206 proereatus.
3225 3143 3382 3216 Pater
3420 3148 3538 3216 ejus
3576 3163 3642 3202 en

2055 3219 2198 3288 quod
2235 3231 2342 3274 non
2387 3221 2648 3288 credidit,
2693 3226 2972 3281 obmutuit.
3007 3228 3364 3288 An'nuntiatus
3390 3249 3516 3305 ergo
3546 3251 3642 3305 per

2055 3310 2348 3379 Angelum,
2395 3321 2450 3365 et
2493 3328 2598 3366 non
2648 3315 2912 3381 creditus,
2960 3319 3123 3386 patris
3167 3336 3351 3376 vocem
3389 3325 3638 3389 abstulit,

2055 3409 2213 3454 natus
2243 3401 2474 3470 linguam
2505 3404 2722 3458 resolvit
2752 3405 2903 3476 (Luc.
2938 3405 3014 3479 I).
3034 3411 3273 3480 Accipite
3299 3429 3428 3484 ergo
3457 3415 3510 3470 in
3536 3417 3644 3471 hu-

2051 3489 2140 3558 jus
2165 3490 2242 3544 rei
2269 3493 2525 3560 mysterio
2556 3509 2802 3563 n‘iagnum
2844 3511 3256 3558 sacramentum.
3290 3505 3426 3561 Ante
3457 3505 3640 3562 Domi-

2057 3595 2182 3634 num
2219 3580 2400 3634 Jesum
2436 3581 2706 3638 Christum
2747 3586 2978 3644 Joannes
3017 3591 3323 3659 prannissus
3351 3605 3463 3662 est,
3493 3597 3642 3652 missi

2058 3677 2182 3723 sunt
2211 3669 2492 3739 Prophetee
2525 3689 2618 3742 per
2652 3677 2929 3745 superiora
2965 3681 3194 3748 smcula,
3225 3699 3325 3739 nec
3361 3685 3640 3743 defuerunt

2057 3759 2148 3828 qui
2177 3757 2448 3815 Christum
2480 3763 2850 3831 praedicarent.
2897 3765 3095 3825 Tantus
3134 3773 3275 3828 enim
3316 3775 3479 3844 judex
3507 3793 3628 3834 ven-

2059 3857 2209 3904 turus
2249 3861 2362 3905 erat
2385 3891 2400 3918 ,
2437 3861 2492 3905 ut
2521 3855 2672 3909 multi
2705 3855 2961 3914 deberent
3003 3865 3193 3930 prmire
3237 3882 3526 3934 praecones.
3562 3873 3646 3926 Ah

2060 3940 2177 4009 ipso
2222 3957 2438 4010 prorsus
2483 3945 2706 3998 exordio
2749 3952 2958 4017 generis
3001 3952 3218 4008 humani
3259 3973 3362 4012 non
3410 3965 3644 4017 cessavit

2060 4044 2120 4084 se
2159 4031 2404 4086 Christus
2442 4033 2798 4102 prophetare,
2842 4047 2896 4092 et
2933 4049 3214 4097 venturum
3259 4052 3640 4114 praenuntiam.

2059 4119 2360 4176 Novissime
2389 4123 2584 4178 missus
2610 4138 2692 4180 cst
2719 4126 2950 4185 Joannes
2981 4133 3160 4201 homo,
3185 4137 3280 4192 sed
3301 4155 3406 4208 quo
3425 4141 3644 4200 homine

2061 4213 2238 4266 nullus
2267 4213 2470 4268 exstitit
2494 4215 2683 4285 major.
2729 4218 2993 4278 Venturos
3027 4235 3144 4279 erat
3169 4229 3426 4288 Dominus
3449 4233 3604 4292 Jcsus
3627 4281 3639 4298 .

2064 4319 2170 4357 non
2206 4302 2364 4357 homo
2399 4313 2599 4359 tantum
2621 4345 2635 4372 ,
2674 4308 2766 4362 sed
2805 4320 2860 4366 et
2903 4313 3043 4370 Deus
3075 4333 3088 4370 :
3119 4318 3302 4388 utique
3329 4331 3384 4377 et
3415 4323 3553 4380 Deus
3591 4341 3646 4382 et

2066 4392 2226 4446 homo
2259 4409 2272 4458 ;
2310 4395 2450 4448 Deus
2479 4411 2722 4466 semper,
2765 4400 2830 4454 ad
2878 4411 3085 4474 tempus
3125 4407 3315 4474 homo;
3351 4413 3489 4469 Deus
3524 4431 3648 4474 ante

2066 4491 2328 4552 tempora,
2359 4486 2519 4541 homo
2551 4488 2600 4541 in
2631 4489 2733 4544 ﬁne
2757 4501 3092 4563 temporum;
3125 4499 3262 4556 Deus
3280 4515 3406 4559 ante
3429 4511 3644 4574 sarcula,

2067 4571 2227 4627 homo
2247 4573 2299 4627 in
2327 4573 2428 4629 line
2455 4579 2654 4631 saeculi.
2683 4579 2824 4634 Deus
2851 4583 2938 4651 qui
2967 4587 3235 4644 hominem
3257 4591 3400 4661 fecit,
3432 4571 3652 4668 propter

2067 4662 2336 4720 hominem
2361 4667 2604 4736 dignatus
2626 4681 2708 4724 est
2729 4673 2887 4727 homo
2910 4675 3044 4744 ﬁeri,
3069 4696 3224 4749 quem
3249 4685 3391 4740 fecit.
3416 4662 3650 4747 \Zenturo

2067 4769 2194 4825 ergo
2223 4751 2448 4810 Domino
2477 4758 2601 4812 Jesu
2631 4760 2845 4817 Christo
2866 4807 2878 4824 ,
2912 4768 3003 4835 qui
3035 4771 3148 4838 plus
3174 4784 3252 4828 est
3282 4793 3438 4847 quam
3465 4781 3645 4848 homo,

2067 4861 2134 4900 ne
2163 4855 2436 4914 putaretur
2463 4859 2665 4904 tantum
2692 4868 2812 4908 esse
2843 4856 3034 4923 homo,
3081 4866 3440 4924 testimonium
3469 4874 3650 4929 debuit

2068 4933 2145 5028 illi
2179 4935 2460 5004 perhibere
2489 4955 2708 5009 magnus
2740 4943 2919 5000 homo.
2949 4947 3191 5009 Christus
3213 4997 3225 5020 ,
3258 4958 3469 5028 inquam
3494 5003 3506 5026 .
3543 4963 3646 5018 Do-

2067 5024 2264 5092 minus,
2289 5041 2394 5079 non
2423 5036 2626 5084 tantum
2657 5032 2817 5096 Deus,
2847 5038 2940 5092 sed
2967 5049 3020 5093 et
3045 5042 3183 5100 Deus
3208 5057 3260 5099 et
3284 5024 3444 5106 homo
3469 5024 3650 5109 :Deus

2068 5115 2158 5183 qui
2199 5129 2297 5168 nos
2337 5116 2489 5180 fecit,
2521 5119 2682 5175 homo
2719 5126 2808 5193 qui
2851 5143 2948 5181 nos
2981 5132 3184 5188 refecit.
3216 5135 3446 5194 .lo:mnes
3473 5154 3649 5200 autem

2071 5203 2231 5257 homo
2261 5213 2485 5273 tantum,
2511 5209 2602 5264 sed
2634 5225 2860 5281 quantus
2891 5217 3092 5273 homo?
3123 5224 3259 5280 Audi
3291 5227 3358 5283 de
3393 5247 3458 5284 eo
3484 5233 3649 5289 Deum

2072 5305 2125 5350 et
2152 5297 2421 5353 hominem
2450 5301 2734 5358 dicentem.
2767 5307 2810 5360 Ο
2840 5307 3062 5365 Domine
3104 5313 3230 5370 Jesu
3259 5317 3472 5378 Christe
3491 5367 3504 5392 ,
3533 5327 3653 5396 quis
3689 5327 3694 5330 ’

2133 5455 2152 5470 ⁹
2185 5453 2472 5505 Emendatus
2497 5456 2556 5506 ad
2579 5471 2618 5506 r.
2647 5467 2682 5509 t.
2709 5474 2756 5510 v.
2785 5470 2836 5513 et
2857 5464 2916 5515 ad
2941 5467 3074 5530 \‘ign.

2379 5552 2534 5620 Serm:
2553 5541 2762 5620 degat).
2779 5546 2826 5606 8,
2855 5557 3076 5620 et_._serm.
3101 5553 3206 5614 156,
3229 5567 3332 5620 cap.
3365 5559 3437 5608 15.

2239 5596 2384 5672 alios,
2409 5603 2535 5651 inter
2577 5594 2956 5672 \‘i'gneriauo's'i

2072 5657 2384 5766 suEpizmtéujus
2405 5657 2654 5714 sermonis
2665 5667 2806 5716 stilus
2829 5657 2931 5718 non
2946 5657 3166 5722 multum
3187 5676 3388 5731 dissidet
3411 5683 3474 5732 ab
3496 5693 3660 5751 Augu-

2871 5814 3502 5898 {Ci-nquante-trois.)
