4036 6188
281 374 418 432 16⁸17

276 487 562 542 audiamus
603 482 730 554 quid
775 481 1006 538 Joannes
1045 481 1110 536 de
1152 477 1398 545 Christo,
1442 489 1496 534 et
1530 479 1721 534 deinde
1742 479 1866 550 quid

271 578 528 632 Christus
545 574 616 630 de
644 574 870 640 Joanne;
901 571 1124 642 priorem
1155 571 1448 632 audiamus,
1479 570 1574 624 sed
1605 570 1865 638 posterio-

275 683 396 722 rem
423 666 784 734 intelligamus
809 680 822 716 :
855 663 998 734 prior
1022 663 1266 732 loquatur
1289 661 1376 730 qui
1408 659 1551 730 prius
1573 669 1732 714 natus
1751 668 1865 726 est,

277 758 374 814 sed
404 757 762 812 conﬁrmetur
785 770 880 824 per
906 769 1027 808 eum
1070 769 1097 806 a
1126 767 1232 822 quo
1261 751 1429 806 factus
1461 762 1560 806 est.
1587 749 1712 806 Post
1750 767 1828 804 me
1851 792 1866 817 ,

278 849 472 918 inquit,
495 847 660 911 venit,
690 855 740 899 et
773 855 890 898 ante
921 861 1000 897 me
1025 847 1186 914 factus
1216 853 1305 896 est.
1336 843 1430 897 Hic
1448 846 1555 911 jam
1581 883 1596 907 ,
1629 843 1716 911 qui
1747 857 1868 896 ere-

278 940 414 992 dunt
441 938 636 991 factum
664 945 789 990 ante
816 944 1008 989 etetera
1035 950 1131 1004 per
1159 949 1312 1003 quem
1344 931 1479 987 facta
1505 941 1628 988 sunt
1654 933 1828 986 omnia
1848 973 1864 997 ,

277 1026 677 1081 calumniantur
703 1025 786 1079 his
824 1024 1001 1078 verbis
1026 1024 1108 1077 vel
1135 1039 1230 1092 per
1268 1022 1382 1076 hcce
1406 1023 1564 1076 verba
1597 1023 1746 1075 nobis
1771 1065 1785 1086 ,
1818 1030 1869 1076 et

277 1117 494 1180 dicunt,
525 1115 666 1170 Ecce
691 1113 813 1182 quia
842 1113 1011 1166 factus
1051 1122 1134 1167 est
1163 1131 1176 1167 :
1204 1112 1436 1166 Joannes
1457 1112 1606 1177 dicit,
1644 1111 1764 1164 Post
1793 1129 1870 1165 me

277 1211 432 1276 venit,
457 1217 504 1262 et
523 1217 640 1260 ante
659 1223 738 1260 me
765 1205 930 1274 [actus
951 1213 1041 1259 est.
1069 1203 1288 1273 Expone
1309 1203 1437 1256 mihi
1462 1203 1588 1272 quid
1621 1203 1724 1268 sit,
1753 1213 1870 1257 ante

275 1315 358 1352 me
379 1300 548 1369 [actus
571 1307 664 1350 est.
713 1295 887 1349 Verba
918 1295 1128 1348 illorum
1155 1293 1307 1354 dico.
1338 1301 1392 1347 et
1435 1308 1498 1346 ea
1537 1292 1866 1346 discutienda

275 1404 542 1459 propono.
572 1387 771 1442 Soletis
792 1426 806 1452 ,
855 1386 1132 1454 inquiunt,
1165 1384 1343 1438 dicere
1365 1425 1379 1448 ,
1423 1383 1634 1454 quando
1673 1383 1869 1452 aliquid

275 1483 384 1537 tale
411 1482 479 1534 de
499 1479 714 1535 Christo
743 1478 966 1543 dicitur,
995 1485 1052 1530 ut
1071 1491 1192 1531 eum
1223 1476 1378 1529 Patre
1405 1477 1662 1528 minorem
1689 1483 1870 1528 osten-

273 1572 404 1636 dat,
452 1571 596 1640 quod
626 1569 692 1624 ad
729 1569 998 1623 hominem
1043 1567 1112 1622 sit
1151 1565 1428 1621 referenda
1469 1565 1764 1630 sententia;
1812 1571 1869 1617 ut

273 1661 418 1731 quod
439 1661 494 1714 in
521 1660 694 1714 forma
721 1659 819 1713 Dei
848 1667 949 1724 est,
980 1657 1198 1726 aequalis
1225 1657 1299 1710 sit
1323 1656 1486 1719 Patri,
1519 1655 1659 1724 quod
1685 1664 1864 1710 autem

273 1751 628 1818 semetipsum
655 1748 944 1803 exinanivit
965 1747 1188 1801 formam
1214 1745 1353 1800 servi
1379 1746 1678 1814 accipiens,
1711 1747 1762 1800 in
1792 1746 1868 1800 si-

273 1841 632 1895 militudinem
663 1839 938 1893 hominum
979 1839 1146 1892 lactus
1166 1878 1180 1902 ,
1228 1846 1283 1893 et
1327 1836 1506 1892 habitu
1535 1839 1778 1893 inventus
1808 1847 1868 1893 ut

273 1929 472 1994 homo,
523 1929 696 1997 major
741 1929 812 1982 sit
855 1927 1032 1982 Pater.
1075 1927 1212 1994 Quid
1256 1943 1382 1996 ergo
1425 1927 1615 1982 dicetis
1644 1927 1707 1980 ad
1767 1929 1868 1983 hoc

273 2023 414 2093 quod
444 2022 680 2076 Joannes
705 2021 810 2083 ait,
833 2029 948 2072 ante
969 2036 1048 2072 me
1075 2023 1242 2089 factus
1268 2019 1380 2072 est?
1409 2018 1546 2072 Audi
1573 2018 1700 2088 quid
1719 2019 1864 2074 dica-

275 2128 394 2166 mus
428 2129 444 2164 :
473 2111 566 2166 sed
598 2112 744 2180 prius
767 2109 897 2164 illud
928 2108 1066 2174 vide,
1091 2109 1232 2176 quod
1261 2107 1552 2177 Apostolus
1578 2117 1862 2178 utrumque

273 2204 606 2273 distinguens
627 2243 640 2266 ,
683 2209 738 2256 et
761 2216 926 2255 unum
960 2209 1138 2253 tamen
1169 2199 1220 2252 in
1251 2207 1475 2266 utroque
1513 2197 1866 2267 eumdemque

275 2295 690 2356 commendans,
723 2307 828 2346 non
864 2291 1028 2354 dixit,
1061 2289 1306 2343 Formam
1337 2288 1432 2343 Dei
1471 2287 1758 2356 accipiens.
1793 2289 1866 2344 Dc

276 2386 442 2440 forma
472 2399 596 2438 vero
623 2383 713 2438 Dei
737 2382 860 2452 quid
881 2380 1045 2435 dixit?
1077 2379 1198 2434 Cum
1220 2379 1273 2432 in
1294 2379 1458 2448 forma
1480 2377 1574 2431 Dei
1595 2389 1720 2432 esset
1743 2395 1762 2432 :
1779 2395 1865 2433 re-

276 2477 506 2543 spiciens
531 2473 598 2527 ad
621 2473 769 2526 illum
797 2471 884 2539 qui
910 2477 1124 2524 vocatus
1149 2478 1263 2522 erat
1287 2476 1410 2521 ante
1433 2467 1577 2520 illum
1599 2508 1614 2532 ,
1645 2468 1694 2520 in
1715 2467 1865 2535 cujus

277 2565 564 2634 Evangelio
605 2571 722 2624 est,
755 2560 822 2614 In
858 2561 1106 2630 principio
1133 2567 1238 2612 erat
1269 2557 1526 2623 Verbum;
1556 2558 1662 2610 imo
1697 2561 1867 2626 respi-

275 2657 421 2710 ciens
450 2655 516 2708 ad
557 2653 680 2707 illud
731 2653 908 2706 lumen
929 2694 944 2718 ,
987 2650 1127 2705 unde
1157 2657 1210 2704 et
1241 2649 1328 2702 ille
1359 2648 1460 2702 hoc
1503 2647 1655 2701 dixit.
1687 2647 1866 2716 Neque

275 2748 417 2801 enim
442 2745 582 2798 dixit
611 2745 846 2798 Joannes
865 2784 879 2808 ,
907 2742 962 2796 ln
993 2741 1252 2811 principio
1275 2739 1399 2794 fecit
1428 2741 1566 2794 Deus
1589 2737 1820 2794 Verbum
1849 2757 1860 2792 :

273 2841 358 2908 qui
387 2845 572 2907 posset
590 2835 770 2890 dicere
796 2835 866 2888 ita
891 2875 904 2896 ,
935 2843 996 2888 ut
1023 2833 1155 2886 dixit
1187 2831 1394 2901 Moyses
1414 2873 1428 2894 ,
1467 2830 1586 2900 quia
1617 2830 1684 2884 de
1712 2843 1864 2882 crea-

275 2938 388 2981 tura
421 2927 558 2981 l’acta
589 2942 617 2979 a
643 2927 867 2980 Domino
891 2925 997 2978 Deo
1023 2923 1357 2993 loquebatur,
1385 2921 1452 2974 1η
1481 2922 1728 2991 principio
1749 2920 1865 2990 fecit

275 3018 414 3072 Deus
451 3019 631 3072 ctelum
659 3027 704 3071 et
735 3027 940 3070 terram.
967 3015 1098 3072 Cum
1123 3030 1249 3084 ergo
1278 3014 1394 3078 ille,
1426 3013 1472 3067 si
1516 3013 1614 3066 hoc
1643 3013 1866 3068 sentiret

273 3110 414 3179 quod
443 3109 624 3163 Ariani
654 3109 911 3172 sentiunt,
939 3114 1122 3175 posset
1149 3105 1347 3170 dicere,
1379 3104 1433 3156 ln
1457 3103 1716 3172 principio
1743 3102 1866 3158 fecit

277 3201 416 3257 Deus
447 3201 702 3264 Verbum;
733 3215 836 3252 non
865 3198 968 3252 hoc
994 3198 1066 3251 ait
1099 3215 1111 3249 :
1144 3197 1234 3251 sed
1262 3197 1354 3261 ait,
1387 3195 1452 3248 In
1480 3196 1728 3266 principio
1758 3203 1865 3248 erat

281 3289 518 3343 Verbum.
547 3289 698 3357 Quod
730 3290 780 3342 in
801 3288 1060 3356 principio
1089 3296 1221 3350 erat,
1247 3285 1441 3339 factum
1474 3301 1580 3338 non
1601 3293 1732 3339 erat.
1759 3282 1865 3339 Ne-

273 3395 374 3450 que
411 3381 558 3435 enim
602 3379 874 3448 praecessit
921 3377 1116 3446 aliquid
1163 3375 1230 3430 de
1272 3375 1411 3429 facto
1451 3375 1644 3429 Verbo.
1676 3374 1862 3429 Omnia

275 3471 410 3524 enim
438 3487 563 3539 qua:
589 3471 728 3524 Deus
759 3469 906 3535 fecit,
933 3467 1106 3522 Verbo
1129 3465 1256 3520 fecit
1284 3485 1296 3519 :
1321 3465 1485 3530 Dixit,
1514 3476 1558 3518 et
1575 3467 1708 3536 facta
1723 3473 1862 3527 sunt;

277 3562 530 3613 mandavit
551 3601 566 3626 ,
597 3568 646 3614 et
673 3570 841 3612 creata
865 3567 980 3610 sunt
1009 3555 1176 3626 (Psal.
1217 3571 1410 3610 cxnvm
1430 3595 1443 3617 ,
1492 3553 1569 3624 5).
1603 3553 1744 3607 Inter
1784 3553 1862 3606 di-

275 3661 478 3705 centem
513 3660 572 3703 ut
597 3651 704 3716 liat,
737 3657 790 3704 et
822 3648 962 3718 quod
992 3647 1188 3702 factum
1233 3655 1316 3701 est
1351 3661 1379 3698 a
1411 3645 1622 3700 dicente
1646 3686 1661 3710 ,
1690 3645 1860 3714 pluri-

275 3759 414 3795 mum
461 3741 628 3796 distat
657 3759 670 3794 ε
699 3741 794 3795 sed
838 3742 881 3794 si
919 3740 1103 3795 dicens
1142 3749 1258 3802 est,
1303 3739 1536 3794 Verbum
1579 3737 1768 3802 habet;
1814 3739 1860 3792 si

277 3831 506 3886 Verbum
531 3831 711 3893 habet,
736 3846 832 3900 per
855 3830 1084 3886 Verbum
1107 3828 1247 3892 fecit;
1272 3829 1316 3882 si
1345 3843 1438 3897 per
1459 3827 1686 3882 Verbum
1713 3825 1856 3893 fecit,

277 3921 508 3974 Verbum
542 3936 646 3974 non
672 3919 813 3974 fecit.

339 4011 394 4066 4.
429 4011 736 4065 Arianorum
764 4011 1015 4064 cavillatio
1045 4026 1064 4063 :
1091 4009 1320 4063 similiter
1345 4010 1533 4061 dictum
1551 4023 1656 4063 esse
1679 4009 1730 4060 in
1755 4007 1857 4061 Ge-

275 4101 380 4153 nesi
399 4141 414 4164 ,
441 4099 602 4154 Terra
629 4109 755 4153 erat.
781 4099 958 4167 Quare
976 4141 989 4163 ,
1019 4097 1310 4168 inquiunt?
1339 4099 1528 4151 Annon
1578 4097 1768 4150 audisti
1805 4105 1858 4150 et

273 4191 340 4246 de
365 4199 508 4245 terra
530 4232 546 4256 ,
575 4189 736 4245 Terra
763 4201 870 4244 erat
907 4191 1168 4244 invisibilis
1194 4200 1240 4243 et
1261 4189 1589 4258 incomposita
1618 4187 1766 4260 (Cen.
1797 4204 1814 4242 1
1839 4231 1866 4258 ,_

277 4285 298 4336 1
327 4324 344 4348 ,
369 4283 470 4352 2)?
503 4282 562 4336 Si
593 4291 870 4351 propterea
892 4325 906 4348 ,
933 4281 1207 4352 inquiunt,
1241 4280 1373 4334 dicis
1403 4279 1632 4332 Verbum
1661 4277 1856 4333 factum

275 4388 378 4428 non
426 4387 580 4438 esse,
625 4373 744 4442 quia
792 4372 990 4426 dictum
1027 4380 1141 4436 est,
1175 4369 1388 4424 Verbum
1417 4377 1564 4432 erat;
1593 4384 1690 4422 nec
1718 4377 1857 4422 terra

273 4461 406 4518 facta
432 4473 536 4524 est,
567 4464 688 4533 quia
717 4461 916 4516 dictum
940 4472 1051 4524 est,
1083 4461 1241 4514 Terra
1261 4467 1386 4513 erat.
1424 4457 1468 4512 0
1495 4472 1633 4510 czeca
1660 4467 1712 4510 et
1741 4456 1854 4510 hae-

271 4555 436 4609 retica
463 4555 706 4608 insania!
739 4554 966 4608 Attende
985 4595 1000 4620 ,
1029 4553 1072 4607 si
1099 4561 1182 4606 est
1211 4551 1348 4605 unde
1378 4549 1652 4614 attendas;
1689 4549 1850 4614 audi,

269 4645 312 4697 si
355 4654 442 4700 est
475 4645 618 4698 unde
643 4643 826 4697 audias
863 4661 876 4695 :
919 4659 986 4698 ne
1013 4657 1177 4697 sonus
1207 4642 1434 4694 inaniter
1456 4655 1638 4694 aurem
1671 4655 1858 4709 percu-

269 4733 364 4786 tiat
385 4774 402 4796 ,
439 4733 594 4802 cujus
633 4747 726 4786 cor
753 4733 950 4787 veritas
979 4749 1082 4785 non
1127 4732 1376 4786 illustrat.
1421 4729 1589 4784 Verba
1617 4729 1856 4798 ejusdem

267 4823 560 4894 Scriptura:
586 4824 824 4878 dicturus
844 4839 959 4877 sum
979 4866 994 4890 ,
1026 4839 1144 4894 quae
1173 4823 1244 4876 ibi
1283 4823 1526 4876 invenisti
1547 4837 1665 4875 cum
1708 4821 1854 4891 lege-

263 4930 382 4980 ns,
411 4925 466 4971 et
493 4917 876 4985 prtetermisisti
911 4932 1031 4971 cum
1063 4917 1318 4984 litigares.
1346 4915 1546 4982 Nempe
1577 4923 1853 4982 propterea

265 5017 424 5077 putas
453 5008 558 5062 tale
582 5007 776 5077 aliquid
819 5008 1016 5062 dictum
1046 5007 1112 5061 de
1143 5007 1317 5060 Verbo
1345 5007 1434 5060 Dei
1459 5049 1473 5070 ,
1503 5021 1622 5058 eum
1653 5005 1852 5058 dictum

265 5105 346 5150 est
369 5137 385 5160 ,
431 5093 500 5150 In
545 5097 800 5166 principio
829 5107 934 5150 erat
973 5095 1400 5165 Verbum;quale
1429 5095 1626 5149 dictum
1668 5103 1750 5148 est
1787 5094 1854 5149 tle

263 5195 438 5251 terra,
461 5187 584 5255 quia
625 5185 823 5240 dictum
845 5198 960 5251 est,
997 5187 1150 5240 Terra
1175 5197 1280 5240 erat
1300 5185 1560 5240 invisibilis
1586 5195 1631 5239 et
1657 5187 1853 5239 iuram-

261 5277 448 5344 posita.
473 5276 584 5346 Ego
617 5275 708 5330 tibi
741 5277 792 5329 in
827 5277 928 5330 hoc
949 5277 1083 5331 libro
1104 5277 1371 5332 Geneseos
1395 5277 1667 5346 superiora
1691 5277 1852 5331 verba

261 5367 500 5420 recitabo
519 5407 536 5431 ,
567 5366 709 5435 quod
739 5375 1020 5436 antequam
1047 5367 1249 5421 diceret
1287 5366 1514 5435 scriptor
1550 5367 1640 5419 Dei
1679 5365 1850 5419 famu-

258 5453 376 5520 lus,
415 5455 575 5509 Terra
601 5465 746 5520 erat;
787 5465 844 5509 ut
869 5466 1148 5524 appareret
1175 5457 1295 5526 quia
1335 5456 1470 5510 facta
1515 5465 1662 5522 erat,
1705 5456 1851 5524 prius

257 5547 428 5614 dixit,
465 5546 538 5601 In
569 5549 820 5616 principio
854 5549 969 5616 fecit
1005 5547 1142 5602 Deus
1167 5549 1344 5601 ctutum
1384 5557 1430 5601 et
1475 5559 1678 5601 terram.
1713 5547 1850 5601 Ecce

255 5651 358 5707 ego
381 5639 534 5708 prius
561 5637 656 5691 tibi
677 5637 818 5690 edidi
845 5635 919 5708 (a)
941 5643 1138 5692 terram
1153 5636 1342 5692 iactam
1361 5653 1374 5704 ;
1393 5645 1446 5691 et
1461 5636 1650 5692 laetam
1669 5637 1850 5706 utique

317 5745 398 5810 (a)
417 5753 582 5807 Forte,
607 5745 809 5796 ostendi.

1629 365 1856 422 SERMO
1893 366 2232 428 CCCLXXX.

3415 375 3436 429 1
3447 375 3550 431 678

1981 494 2010 534 a
2041 480 2150 536 Deo
2169 521 2184 547 ,
2212 489 2432 536 sonante
2456 480 2726 552 Scriptura
2758 493 2810 538 et
2841 483 2890 538 in
2935 500 3092 540 aures
3137 489 3432 542 recusantis
3471 491 3545 542 ir-

1980 579 2292 638 rumpente,
2343 569 2408 624 In
2453 571 2698 642 principio
2729 575 2844 644 fecit
2874 574 3008 628 Deus
3041 575 3218 630 calum
3261 587 3306 630 et
3345 587 3551 633 terram.

1979 658 2138 714 Facta
2167 669 2318 714 erant
2355 661 2502 724 haec;
2533 662 2627 716 sed
2667 665 2896 718 nondum
2939 676 3122 722 ornata
3143 709 3158 734 ,
3199 647 3429 724 nondum
3457 671 3556 726 (le-

1979 749 2176 804 clarata
2207 768 2219 804 :
2254 761 2390 806 terra
2419 752 2652 806 nondum
2683 753 2924 808 distincta
2945 796 2959 818 ,
2987 756 3080 810 sed
3123 767 3294 812 tamen
3331 759 3441 828 jam
3471 761 3552 816 fa-

1978 849 2082 894 cta.
2133 839 2209 893 Ne
2258 849 2430 894 autem
2480 851 2689 910 putares
2729 845 2976 896 continuo
3018 854 3210 900 terram
3257 847 3446 904 factam
3475 851 3554 904 sic

1979 929 2160 994 fuisse,
2190 939 2247 982 ut
2273 947 2378 984 non
2402 932 2452 983 in
2475 945 2536 985 ea
2562 941 2704 986 esset
2733 933 2872 1002 quod
2899 945 3177 988 ornaretur
3198 978 3212 1002 ,
3240 938 3554 994 sabsecutus

1979 1019 2050 1070 ait
2081 1036 2094 1072 :
2127 1019 2284 1072 Facta
2313 1029 2424 1072 erat
2461 1020 2674 1089 quidem
2697 1062 2710 1084 ,
2741 1023 2861 1090 quia
2906 1024 2959 1076 in
2995 1026 3241 1094 principio
3274 1029 3389 1096 fecit
3419 1029 3554 1083 Deus

1979 1109 2156 1162 malum
2186 1118 2228 1162 et
2251 1119 2469 1170 terram;
2495 1120 2624 1162 terra
2641 1121 2824 1177 autem,
2849 1127 3002 1180 quam
3032 1115 3155 1169 fecit
3183 1117 3346 1180 Deus.
3380 1119 3551 1174 adhuc

1977 1198 2235 1251 invisibilis
2261 1209 2365 1252 erat
2387 1209 2429 1252 et
2450 1201 2798 1268 incomposita.
2821 1201 3065 1258 Ostendit
3091 1206 3180 1259 tibi
3207 1209 3376 1276 qualis
3401 1219 3514 1265 erat
3533 1252 3546 1273 ,

1978 1301 2093 1355 quae
2126 1288 2258 1340 facta
2293 1297 2440 1353 erat;
2472 1304 2574 1343 non
2605 1291 2724 1359 quia
2769 1301 2882 1346 erat
2903 1333 2918 1357 ,
2949 1309 3064 1362 qua:
3091 1294 3224 1350 facta
3270 1313 3376 1352 non
3415 1311 3548 1354 erat.

1979 1378 2190 1432 Poterat
2229 1395 2354 1448 ergo
2383 1380 2560 1436 dicere
2584 1381 2814 1436 Joannes
2839 1425 2853 1448 ,
2884 1383 2938 1437 In
2968 1387 3225 1456 principio
3253 1387 3375 1444 fecit
3413 1393 3554 1446 Deus

1979 1466 2228 1530 Verbum,
2259 1469 2486 1524 Verbum
2513 1479 2687 1525 autem
2709 1482 2854 1538 erat;
2879 1476 3144 1542 quomodo
3164 1517 3177 1541 ,
3211 1475 3276 1531 In
3307 1480 3553 1550 principio

1977 1558 2093 1626 fecit
2122 1557 2256 1610 Deus
2286 1563 2463 1612 caelum
2495 1571 2539 1614 et
2565 1571 2786 1626 terram;
2811 1574 2942 1617 terra
2975 1577 3140 1620 autem
3175 1577 3278 1621 erat
3305 1585 3324 1623 :
3358 1580 3414 1624 ut
3454 1573 3554 1628 iste

1975 1655 2118 1701 esset
2146 1649 2277 1702 ordo
2301 1651 2582 1704 verborum
2609 1694 2624 1718 ,
2659 1652 2714 1706 ln
2765 1655 3020 1724 principio
3063 1657 3184 1712 fecit
3233 1659 3371 1714 Deus
3415 1660 3552 1716 Ver-

1975 1739 2100 1794 bum
2126 1780 2140 1804 ,
2171 1748 2227 1794 et
2253 1741 2480 1796 Verbum
2503 1753 2616 1796 erat
2642 1744 2780 1813 apud
2811 1747 3008 1812 Deum;
3041 1758 3094 1801 ut
3139 1749 3556 1818 intelligeremus

1974 1832 2096 1901 quia
2127 1833 2228 1886 hoc
2250 1833 2482 1888 Verbum
2511 1847 2624 1890 erat
2649 1837 2786 1907 apud
2822 1839 2981 1892 Deum
3005 1881 3020 1904 ,
3043 1841 3184 1910 quod
3217 1841 3444 1896 Verbum
3475 1844 3554 1898 fe-

1975 1933 2122 1978 cerat
2152 1926 2311 1980 Deus.
2341 1927 2490 1982 Nunc
2516 1943 2641 1982 vero
2665 1930 2814 1982 audis
2835 1971 2848 1992 ,
2879 1930 2947 1984 In
2987 1933 3234 2002 principio
3273 1945 3379 1988 erat
3429 1935 3549 1990 Ver-

1976 2014 2114 2067 bum.
2144 2014 2280 2081 Quid
2309 2018 2500 2085 qua‘ris
2527 2020 2790 2072 anteriora
2823 2019 2986 2074 factus
3013 2023 3338 2078 extremior?
3360 2023 3552 2080 Extre-

1975 2105 2113 2158 mior
2139 2106 2279 2160 enim
2307 2117 2361 2160 tu
2399 2108 2448 2160 in
2483 2123 2664 2162 errore
2697 2119 2784 2162 tuo
2821 2109 2985 2164 lactus
3013 2126 3069 2165 es
3102 2129 3114 2164 :
3141 2112 3206 2165 de
3236 2113 3340 2166 imo
3369 2114 3553 2184 loque-

1975 2196 2068 2262 ris,
2092 2205 2146 2250 et
2173 2197 2240 2251 ad
2263 2199 2366 2253 ima
2397 2201 2635 2268 respicis.
2663 2200 2864 2255 Vellem
2889 2243 2902 2268 ,
2935 2204 2980 2256 si
3007 2203 3074 2257 de
3100 2204 3206 2257 imo
3235 2206 3548 2274 loquereris,

1975 2297 2032 2342 ut
2058 2303 2266 2343 sursum
2298 2305 2392 2344 cor
2415 2291 2659 2346 tenderes
2683 2334 2696 2358 ,
2731 2303 2784 2348 et
2821 2294 3078 2350 clamares
3102 2295 3170 2350 de
3200 2297 3459 2366 profundo
3482 2299 3552 2353 ad

1977 2381 2258 2436 Dominum
2290 2403 2302 2438 :
2337 2395 2606 2454 rumperet
2640 2388 2806 2442 nubes
2827 2389 3062 2458 caliginis
3083 2391 3252 2444 carnis
3283 2401 3404 2458 tum,
3433 2409 3554 2463 ape-

1975 2472 2101 2526 riret
2140 2475 2323 2528 oculos
2361 2476 2636 2530 humilitati
2677 2478 2764 2531 lux
2801 2493 2918 2548 qua:
2947 2481 3092 2534 venit
3118 2481 3168 2534 in
3218 2481 3545 2549 humilitate;

1977 2560 2216 2627 videres,
2260 2563 2324 2616 In
2365 2566 2612 2634 principio
2655 2576 2760 2620 erat
2813 2566 3058 2634 Verbum,
3098 2579 3145 2623 et
3195 2569 3404 2624 Verbum
3441 2583 3550 2626 erat

1973 2654 2114 2722 apud
2137 2653 2320 2721 Deum,
2343 2666 2389 2709 et
2413 2656 2546 2710 Dens
2573 2668 2678 2710 erat
2707 2657 2920 2712 Verbum
2943 2677 2961 2722 ;
2987 2660 3080 2712 hoc
3107 2670 3214 2714 erat
3234 2663 3283 2714 in
3303 2645 3553 2733 principio

1975 2745 2112 2812 apud
2131 2745 2314 2798 Deum.
2341 2748 2488 2802 Dicat
2507 2758 2560 2802 et
2581 2749 2776 2804 Paulus
2797 2791 2809 2812 ,
2841 2751 2938 2818 Qui
2965 2769 3076 2804 cum
3093 2753 3142 2804 in
3175 2756 3336 2822 [arma
3359 2755 3452 2808 Dei
3477 2774 3554 2811 es-

1974 2844 2066 2888 set.
2117 2836 2252 2900 Quid
2303 2837 2370 2891 de
2424 2838 2652 2893 humana
2702 2841 2970 2894 nativitate
3009 2842 3134 2895 dicit
3180 2843 3444 2898 Joannes?
3489 2847 3556 2900 Et

1983 2921 2198 2978 Verbum
2221 2943 2337 2980 cura
2359 2932 2546 2997 factum
2571 2940 2642 2982 est
2668 2930 2844 2999 (Joan.
2865 2946 2902 2992 ι,
2935 2932 2985 2996 1,
3016 2932 3068 2998 2,
3100 2934 3132 2987 5
3151 2975 3166 2998 ,
3193 2933 3302 3004 14).
3334 2937 3477 2990 Dicat
3502 2946 3556 2993 et

1975 3013 2201 3080 Paulus,
2233 3019 2568 3088 Semetipsum
2589 3022 2880 3086 exinanivit,
2913 3023 3130 3090 formam
3158 3029 3285 3080 servi
3305 3030 3555 3098 accipiens

1979 3106 2230 3178 (Philipp.
2257 3126 2327 3174 tt,
2358 3113 2389 3166 6
2409 3153 2424 3176 ,
2459 3112 2532 3180 7).
2553 3111 2688 3178 Quid
2715 3129 2839 3182 ergo
2867 3115 3079 3170 dicebas
3102 3117 3168 3172 de
3198 3120 3371 3174 verbis
3390 3120 3553 3175 Joan-

1975 3197 2060 3250 nis
2083 3198 2366 3266 Baptistte?
2412 3200 2609 3254 Eadem
2641 3202 2769 3255 mihi
2796 3217 2937 3256 nunc
2965 3219 3024 3258 ea
3065 3217 3246 3275 repete
3267 3248 3280 3270 ,
3321 3225 3462 3264 nunc
3489 3226 3552 3266 ea

1973 3289 2210 3358 loquere.
2255 3290 2388 3356 Quid
2431 3293 2504 3344 ait
2541 3292 2770 3348 Joannes
2814 3294 3083 3364 Baptista?
3119 3297 3244 3352 Post
3287 3317 3366 3354 me
3403 3304 3550 3355 venit.

1972 3379 2216 3444 Agnosco
2259 3381 2606 3435 nativitatem.
2652 3383 2742 3436 Ille
2771 3383 2836 3437 de
2875 3385 3061 3450 sterili,
3091 3386 3180 3441 ille
3218 3387 3286 3442 de
3326 3389 3548 3458 virgine.

1971 3467 2228 3550 Sterilitas
2263 3483 2518 3522 conversa
2568 3479 2649 3524 est
2693 3472 2742 3525 in
2795 3471 3170 3530 fecunditatem
3217 3495 3231 3530 :
3280 3478 3549 3548 virginitas

1971 3559 2162 3614 mansit
2199 3569 2316 3628 post
2346 3560 2736 3617 fecunditatem.

2041 3650 2092 3704 5.
2131 3649 2354 3720 Objectio
2378 3668 2394 3705 :
2414 3651 2668 3708 Christum
2697 3657 2798 3709 dici
2825 3661 3014 3727 factum
3034 3699 3050 3725 ,
3079 3657 3132 3712 in
3152 3671 3394 3728 quantum
3427 3661 3552 3718 Ver-

1969 3742 2086 3794 bum
2113 3750 2202 3796 est.
2226 3743 2453 3798 Christus
2479 3754 2594 3799 ante
2613 3744 2864 3802 Joannem
2886 3751 3050 3820 {actus
3068 3792 3083 3817 ,
3105 3752 3160 3804 id
3179 3763 3251 3805 est
3269 3765 3384 3808 ante
3409 3755 3552 3825 posi-

1969 3841 2046 3884 tus
2068 3833 2164 3902 ipsi
2183 3843 2228 3886 et
2258 3833 2520 3903 pra’lttlus.
2547 3835 2648 3890 Sed
2676 3837 2928 3904 Joannes,
2960 3839 3160 3909 inquit,
3185 3842 3228 3895 si
3259 3845 3546 3898 secundum

1969 3923 2070 3978 hoc
2089 3924 2310 3978 dixisset
2336 3924 2554 3992 factum,
2583 3928 2872 3982 secundum
2895 3931 3035 3999 quod
3063 3947 3130 3986 ex
3163 3933 3365 4003 virgine
3393 3943 3548 3992 natus

1967 4023 2083 4074 est,
2111 4029 2214 4068 non
2241 4015 2478 4080 diceret,
2526 4027 2640 4069 ante
2662 4034 2741 4070 me
2777 4019 2940 4086 factus
2965 4030 3070 4083 est;
3098 4021 3218 4090 quia
3250 4039 3312 4076 ex
3345 4025 3546 4094 virgine

1967 4111 2084 4172 post
2113 4104 2258 4156 illum
2295 4103 2462 4160 factus
2486 4113 2618 4158 erat.
2643 4105 2781 4174 Ergo
2805 4147 2819 4171 ,
2843 4118 3052 4161 anteme
3087 4115 3250 4178 factus
3279 4124 3381 4178 est,
3415 4115 3542 4183 quid

1967 4202 2080 4259 est,
2115 4193 2216 4247 nisi
2243 4194 2362 4264 quia
2393 4196 2444 4248 in
2483 4195 2740 4263 principio
2770 4197 2994 4252 Verbum
3034 4197 3228 4254 factum
3268 4204 3418 4258 erat?
3456 4204 3543 4260 Sic

1967 4283 2107 4336 enim
2133 4293 2255 4338 ante
2282 4283 2540 4338 Joannem
2571 4293 2718 4350 erat;
2751 4301 2870 4340 nam
2897 4303 2961 4342 ex
3007 4289 3207 4359 virgine
3243 4302 3360 4360 post
3386 4292 3544 4348 Joan-

1968 4387 2087 4424 nem
2111 4383 2244 4426 erat.
2271 4373 2485 4444 Accipe,
2509 4382 2562 4428 et
2587 4375 2632 4428 si
2654 4390 2757 4428 non
2787 4375 3000 4444 rixaris,
3030 4379 3262 4434 adverte.
3288 4383 3542 4452 Aliquan-

1969 4470 2078 4515 tum
2103 4463 2243 4516 enim
2287 4463 2420 4518 forte
2448 4464 2832 4518 subobscuram
2854 4475 2934 4520 est
2960 4469 3097 4537 quod
3123 4471 3204 4525 vis
3229 4471 3540 4542 intelligere,

1968 4562 2025 4606 ut
2055 4554 2274 4608 rixando
2299 4555 2389 4608 tibi
2414 4571 2606 4624 augeas
2637 4556 2836 4612 fumum
2859 4599 2874 4622 ,
2915 4575 3018 4628 quo
3049 4562 3350 4631 imp'ediaris
3379 4565 3445 4620 ab
3475 4566 3546 4619 in-

1968 4645 2196 4700 tellectu.
2230 4645 2552 4714 Seripturam
2584 4647 2724 4700 illam
2753 4650 2922 4716 primo
2947 4651 3153 4706 intuere
3177 4692 3192 4718 ,
3223 4669 3340 4723 quae
3371 4665 3421 4710 te
3447 4653 3546 4711 do-
3631 4713 3638 4720 ,

1965 4745 2050 4789 cet
2076 4736 2336 4791 utdocilis
2365 4737 2480 4790 tias.
2507 4737 2626 4790 Esto
2665 4750 2952 4793 mansuetus
2985 4741 3052 4794 ad
3092 4745 3396 4800 audiendum
3434 4763 3546 4802 ver-

1967 4827 2104 4892 bum,
2122 4837 2178 4879 ut
2197 4827 2450 4896 intelligas
2475 4827 2658 4896 (Eccli.
2679 4845 2733 4891 v,
2758 4831 2870 4900 15).
2893 4831 3080 4888 Patere
3095 4849 3220 4904 ergo
3239 4838 3504 4906 paulisper
3523 4857 3542 4896 :

1965 4915 2099 4971 forte
2128 4918 2454 4972 inveniemus
2480 4919 2744 4988 quomodo
2765 4921 2962 4977 dictum
3001 4925 3102 4992 sit,
3131 4938 3248 4982 ante
3279 4946 3358 4983 me
3380 4933 3544 5000 [actus

1963 5018 2073 5071 est;
2093 5008 2218 5062 dum
2245 5017 2420 5062 tamen
2451 5025 2556 5064 non
2589 5011 2943 5082 intelligamus
2971 5013 3162 5071 factum
3190 5017 3418 5073 Verbum
3447 5035 3546 5090 per

1963 5100 2102 5170 quod
2123 5100 2256 5154 facta
2285 5111 2410 5153 sunt
2433 5102 2627 5155 omnia.
2656 5103 2936 5172 Quomodo
2955 5148 2968 5170 ,
3000 5107 3203 5176 inquit?
3232 5109 3285 5162 Si
3318 5120 3502 5178 potero
3524 5151 3540 5176 ,

1961 5189 2132 5246 dicam
2163 5209 2176 5246 :
2201 5191 2244 5244 si
2275 5191 2453 5246 dicere
2475 5208 2577 5246 non
2611 5202 2814 5261 potero,
2839 5211 2944 5249 non
2968 5207 3138 5250 tamen
3168 5213 3272 5252 non
3301 5209 3380 5253 est
3400 5203 3541 5270 quod

1961 5282 2101 5336 dicat
2120 5282 2208 5352 qui
2229 5281 2407 5336 dicere
2439 5284 2685 5352 potuerit.
2718 5285 2890 5341 Credo
2919 5296 3092 5342 autem
3120 5297 3172 5342 et
3191 5305 3367 5360 spero,
3398 5295 3538 5363 quod

1963 5372 2100 5425 illius
2129 5373 2376 5442 majestas
2410 5372 2702 5442 Uuigeuiti,
2735 5376 2967 5443 quicum
3001 5389 3144 5433 esset
3171 5379 3431 5447 Verbum,
3457 5384 3540 5438 in-

1961 5463 2077 5516 fans
2107 5461 2274 5516 factus
2295 5473 2396 5528 est,
2421 5464 2626 5531 aperiet
2651 5463 2921 5519 infantiam
2948 5467 3137 5537 linguae
3167 5483 3298 5526 mea:
3321 5513 3336 5538 ,
3369 5484 3422 5526 et
3463 5473 3539 5528 la-

1961 5551 2064 5606 ciet
2109 5554 2160 5604 in
2191 5567 2284 5606 ore
2323 5562 2557 5621 partum,
2597 5552 2690 5622 qui
2734 5553 2857 5608 fecit
2904 5555 2954 5608 in
2993 5557 3153 5610 corde
3198 5573 3534 5630 conceptum.

1960 5641 2100 5698 Ecce
2127 5641 2298 5696 dicam
2323 5650 2379 5696 ut
2407 5651 2594 5712 potero
2623 5659 2634 5694 :
2661 5643 2891 5713 intellige
2909 5655 2966 5698 ut
2995 5656 3166 5714 potes;
3186 5659 3240 5701 et
3263 5651 3402 5719 quod
3433 5668 3540 5709 non

1964 5733 2159 5803 poteris
2183 5732 2475 5802 intelligere
2495 5772 2510 5796 ,
2536 5733 2637 5786 noli
2667 5731 3085 5805 reprehendere,
3111 5739 3257 5808 quasi
3283 5741 3394 5811 jam
3423 5760 3537 5798 tua-
