3996 6180
509 371 530 424 1
546 366 644 423 679

503 498 642 554 gnns
659 482 752 548 sis;
777 482 868 536 sed
891 479 1065 546 dill'er,
1089 485 1146 532 ut
1161 487 1405 531 crescere
1427 471 1702 527 merearis.
1726 471 1882 525 Certe
1914 470 2013 523 hoc
2041 479 2092 522 te

496 587 718 643 movet,
758 573 1026 646 quomodo
1054 570 1251 624 dictum
1283 568 1377 631 sit,
1417 565 1517 632 Qui
1547 573 1658 634 post
1685 579 1762 616 me
1787 559 1916 615 venit
1937 602 1950 623 ,
1978 569 2094 612 ante

507 685 587 720 me
625 671 789 736 factus
816 673 907 718 est.
952 661 1157 715 Movent
1197 657 1352 728 plane
1395 663 1453 709 ut
1497 663 1863 724 qumrentem,
1893 665 1998 704 non
2037 659 2096 703 ut

507 763 790 814 rixantem.
819 756 977 810 Certe
1001 763 1055 807 et
1088 767 1187 822 ego
1215 765 1398 820 qurere
1422 758 1594 803 tecum
1629 765 1640 799 :
1675 746 1831 801 simul
1855 744 2094 799 invenie-

509 866 661 915 mus,
693 851 736 903 si
761 847 915 903 simul
939 858 1238 914 quaeramus
1262 858 1277 906 ;
1301 841 1458 895 ambo
1483 839 1835 908 accipiemus,
1872 835 1914 889 si
1940 833 2097 888 ambo

509 952 782 1012 petamus;
812 938 1025 1007 utrique
1054 944 1294 990 nostrum
1323 933 1591 1003 aperietur
1613 972 1628 997 ,
1652 931 1696 985 si
1731 929 1887 983 ambo
1918 927 2096 996 pulse-

510 1051 649 1088 mus.
682 1032 803 1085 Post
839 1047 916 1084 me
954 1031 1086 1083 venit
1109 1069 1123 1094 ,
1155 1027 1321 1096 inquit
1350 1045 1363 1078 :
1391 1039 1620 1095 agnosce
1663 1022 1988 1076 nativitatem
2031 1032 2096 1072 ex

510 1126 712 1194 virgine
743 1122 924 1176 Maria.
959 1121 1086 1173 Ante
1110 1135 1188 1172 me
1227 1120 1388 1185 {actus
1418 1125 1489 1169 est
1517 1131 1534 1168 :
1573 1113 1697 1184 quid
1723 1121 1836 1174 est,
1868 1118 1984 1162 ante
2022 1123 2101 1160 me

512 1220 675 1286 {actus
705 1214 818 1268 est?
860 1212 1140 1281 lntcllige,
1172 1214 1503 1279 antepositus
1550 1215 1633 1261 est
1680 1203 1832 1259 mihi.
1879 1201 1972 1256 llle
2010 1199 2101 1266 qui

511 1317 635 1378 post
664 1321 749 1360 me
773 1303 950 1370 venit,
985 1303 1151 1355 laetus
1197 1309 1279 1355 est
1306 1308 1429 1354 ante
1457 1312 1560 1351 me.
1590 1292 1869 1361 Quomodo
1914 1291 1957 1345 si
1996 1289 2102 1343 duo

514 1397 788 1451 ambulent
819 1395 870 1448 in
909 1394 1098 1446 itinere
1120 1434 1135 1458 ,
1171 1399 1225 1444 et
1254 1406 1389 1443 unus
1427 1388 1496 1442 sit
1525 1386 1726 1441 tardior
1749 1426 1763 1448 ,
1795 1384 1930 1438 alter
1959 1381 2105 1434 velo-

516 1490 658 1554 cior,
682 1495 735 1541 et
760 1483 1027 1554 przecedat
1067 1481 1266 1535 tardior
1294 1480 1616 1548 aliquantum
1641 1518 1655 1541 ,
1689 1483 1805 1543 post
1837 1471 2102 1542 paululum

517 1588 692 1632 autem
740 1584 990 1646 sequatur
1031 1573 1297 1637 velocior;
1331 1570 1547 1638 respicit
1577 1567 1774 1621 tardior
1800 1563 2106 1634 prmccdens

517 1668 835 1723 velociorem
867 1674 1205 1734 sequentem,
1247 1671 1300 1716 et
1343 1661 1503 1723 dicit,
1549 1659 1676 1712 Post
1711 1671 1798 1710 me
1836 1654 1998 1708 venit.
2045 1653 2110 1705 Et

519 1774 644 1814 ecce
673 1758 1004 1812 accelerante
1026 1755 1136 1819 illo,
1162 1762 1213 1807 et
1244 1751 1626 1822 propinquante
1651 1790 1666 1814 ,
1691 1757 1744 1800 et
1763 1745 2068 1799 adhmrente
2088 1783 2103 1807 ,

521 1862 574 1905 et
601 1857 927 1915 transeunte,
953 1847 1097 1900 videt
1122 1846 1209 1899 ille
1229 1844 1574 1905 anteriorem,
1607 1854 1763 1909 quem
1796 1835 2111 1906 respiciebat

524 1942 875 2012 posteriorem
921 1955 934 1990 :
985 1946 1133 1992 certe
1171 1935 1214 1989 si
1259 1933 1584 1988 celeritatem
1633 1929 1746 1999 ejus
1796 1933 2112 1996 expavescat

524 2033 752 2104 quodam
784 2028 943 2084 modo
974 2036 1027 2082 et
1055 2026 1367 2090 admiretur,
1391 2037 1566 2076 nonne
1592 2026 1842 2089 poterunt
1868 2030 1987 2070 esse
2013 2015 2112 2067 ista

527 2127 684 2180 verba
717 2124 836 2192 ejus
861 2139 873 2175 :
901 2122 1034 2174 Ecce
1065 2117 1223 2171 homo
1254 2123 1374 2186 post
1403 2130 1487 2167 me
1517 2122 1630 2166 erat
1651 2153 1664 2177 ,
1695 2121 1747 2165 et
1777 2117 1900 2162 ante
1928 2123 2012 2160 me
2041 2104 2116 2158 fa-

527 2228 643 2272 ctus
670 2215 788 2269 cst?
814 2212 952 2280 Quid
978 2219 1059 2265 est
1090 2210 1208 2274 hoc,
1238 2208 1328 2278 qui
1358 2214 1476 2276 post
1503 2219 1588 2258 me
1618 2212 1759 2266 erat,
1787 2209 1909 2254 ante
1933 2213 2018 2252 me
2042 2197 2117 2250 fa-

527 2320 642 2361 ctus
673 2305 794 2358 est?
822 2304 918 2368 Qui
947 2298 1248 2354 ambulabat
1284 2304 1402 2366 post
1433 2308 1548 2359 me,
1581 2292 1854 2345 celeritate
1893 2287 2006 2357 ejus
2036 2285 2114 2339 fa-

485 2405 488 2409 ‘
529 2407 671 2450 ctum
698 2402 779 2448 est
803 2401 857 2446 ut
886 2399 1030 2446 esset
1059 2398 1181 2442 ante
1209 2401 1316 2440 me.
1345 2384 1477 2438 Nam
1499 2382 1543 2436 si
1568 2381 1888 2448 ubicumque
1901 2377 2114 2447 legeris,

533 2489 691 2556 factus
717 2494 788 2538 est
811 2526 825 2549 ,
860 2497 965 2536 non
999 2478 1249 2548 intelligis
1287 2476 1389 2530 nisi
1417 2475 1695 2528 formatum
1739 2485 1857 2525 esse
1885 2470 1974 2539 qui
2012 2482 2118 2522 non

531 2586 664 2640 erat;
695 2584 747 2630 et
775 2573 1053 2628 Dominum
1088 2571 1253 2622 Deum
1286 2566 1526 2620 dicturus
1555 2579 1612 2616 es
1647 2561 1842 2615 factum
1865 2601 1878 2624 ,
1919 2560 1987 2614 de
2015 2573 2121 2628 quo

531 2673 728 2727 dictum
751 2677 853 2733 est,
878 2664 1069 2719 Factus
1085 2670 1155 2716 est
1185 2659 1308 2713 mihi
1331 2657 1577 2711 Dominus
1603 2656 1656 2708 in
1675 2654 1926 2724 refugium
1949 2650 2117 2722 (Psal.

533 2779 694 2828 xcnt,
740 2760 854 2829 2‘2).
893 2755 1080 2810 Factus
1127 2761 1196 2806 est
1236 2749 1482 2804 Dominus
1522 2747 1724 2816 adjutor
1755 2743 1923 2817 (Psal.
1955 2758 2077 2797 χχιχ
2103 2784 2118 2810 ,

536 2855 622 2923 il)
648 2869 662 2918 ;
693 2863 746 2906 et
765 2892 779 2916 ,
811 2848 1001 2902 Factus
1025 2854 1095 2900 est
1120 2842 1246 2897 nti/ti
1273 2842 1324 2895 in
1353 2840 1565 2895 salutent
1595 2837 1767 2908 (Psal.
1804 2851 1978 2900 cxvu,
2008 2835 2118 2904 14).

531 2944 751 3009 Quoties
791 2939 996 2994 tactus?
1027 2938 1094 2993 Et
1127 2937 1240 3006 ipse
1288 2932 1414 2988 fecit
1459 2931 1658 2984 omnia.
1706 2928 1845 2997 Ergo
1889 2926 2124 2995 intellige

532 3046 740 3086 mecum
767 3028 947 3084 verba.
975 3026 1158 3096 Neque
1187 3024 1330 3080 enim
1359 3020 1524 3076 tacuit
1550 3018 1689 3072 idem
1725 3016 1958 3071 Joannes
1983 3025 2036 3069 et
2062 3015 2125 3069 il-

536 3124 624 3180 lud
659 3121 802 3192 quod
841 3121 1071 3176 Verbqu
1116 3129 1264 3186 crat;
1301 3133 1370 3172 ne
1417 3115 1487 3171 ibi
1538 3122 1753 3184 putares
1803 3109 2127 3180 signiﬁcasse

534 3213 788 3280 Verbum,
819 3211 1032 3282 quando
1067 3210 1232 3277 dixit,
1265 3218 1382 3263 ante
1403 3222 1482 3260 me
1507 3205 1672 3276 [actus
1701 3211 1809 3255 est:
1836 3209 1889 3253 ut
1915 3199 2126 3253 noveris

531 3305 598 3358 ad
617 3305 717 3359 hoc
738 3303 1003 3375 pertinere
1029 3313 1145 3354 ante
1167 3318 1243 3354 me
1273 3303 1434 3371 factus
1454 3308 1542 3364 est,
1573 3296 1696 3368 quia
1720 3292 1994 3365 pralccssit
2020 3306 2123 3356 me,

533 3397 654 3467 quia
683 3394 1006 3466 gloriﬁcatus
1034 3401 1117 3448 est
1159 3392 1388 3461 amplius
1414 3405 1534 3456 me,
1575 3389 1695 3458 quia
1745 3401 1866 3440 cum
1909 3398 1997 3438 me
2041 3383 2126 3436 in-

536 3486 814 3541 tenderent
847 3485 1090 3538 homines
1125 3495 1510 3553 praecursorem
1533 3522 1548 3548 ,
1581 3483 1911 3549 agnoverunt
1949 3472 2128 3528 Domi-

535 3593 683 3641 num,
706 3591 863 3646 quem
895 3574 1160 3628 nascendo
1183 3587 1584 3643 prmcesseram,
1604 3587 1763 3642 quem
1786 3565 2128 3639 obsequendo

537 3670 939 3732 nuntiaverant;
979 3680 1207 3736 spesque
1257 3679 1440 3719 eorum
1466 3705 1481 3731 ,
1525 3677 1815 3718 concursus
1844 3675 2028 3716 corum
2076 3662 2128 3710 in

538 3759 822 3814 Dominum
851 3758 1017 3811 factus
1038 3767 1150 3822 est;
1184 3755 1507 3826 glorilicatus
1537 3762 1618 3809 est
1645 3754 1734 3808 ille
1760 3763 2010 3822 tanquam
2041 3750 2129 3805 Fio

540 3854 641 3909 lius
666 3853 754 3907 Dei
779 3894 793 3919 ,
825 3861 950 3904 ante
983 3865 1068 3904 me
1093 3847 1264 3902 factus
1285 3888 1298 3914 ,
1331 3847 1621 3902 secundum
1650 3846 1703 3900 id
1731 3844 1874 3916 quod
1903 3845 2130 3912 Aposto-

542 3949 624 4002 lus
662 3948 772 4011 ait,
803 3943 1082 4013 Propterea
1111 3939 1250 3995 Deus
1289 3939 1527 3993 exultavit
1552 3954 1697 4002 eum,
1743 3945 1787 3991 et
1814 3935 2015 3988 donarit
2052 3933 2130 3987 illi

541 4056 723 4096 nomen
743 4037 878 4108 quod
898 4045 968 4090 est
1007 4052 1158 4105 super
1191 4049 1338 4087 onme
1371 4046 1583 4096 nomen,
1611 4039 1664 4082 ut
1694 4030 1747 4082 in
1775 4028 1974 4082 nomine
2007 4025 2132 4080 Jesu

544 4149 692 4186 omne
719 4147 846 4202 genu
868 4131 1118 4198 ﬂectatur,
1142 4125 1435 4188 caelestium,
1457 4123 1786 4186 terrestrium,
1834 4131 1878 4174 et
1905 4121 2130 4188 inferno-

544 4241 657 4277 rum
687 4221 943 4292 (Philipp.
977 4235 1048 4282 tt,
1077 4217 1108 4272 9
1129 4226 1174 4270 et
1205 4214 1314 4286 10).
1347 4214 1528 4269 Gloria
1564 4227 1689 4282 ergo
1722 4211 1835 4280 ejus
1871 4225 1976 4264 non
2014 4222 2134 4263 esse

545 4315 707 4383 carpit
727 4355 741 4379 ,
783 4311 876 4366 sed
904 4309 1150 4363 innotuit.
1188 4306 1384 4360 Factus
1425 4314 1507 4359 est
1532 4313 1657 4359 ante
1685 4303 1943 4358 Joannem
1971 4342 1984 4366 ,
2012 4301 2134 4371 quia

548 4403 822 4477 prmcessit
848 4401 1050 4455 honore
1084 4398 1364 4452 Joannem.

619 4496 672 4549 6.
740 4492 887 4546 Datw
941 4486 1339 4558 interpretationi
1393 4490 1670 4537 consonare
1720 4484 1865 4537 verba
1919 4481 2136 4536 Joannis

550 4585 916 4656 subsequentia.
941 4581 1045 4638 Sed
1076 4581 1193 4635 vide
1220 4588 1393 4633 utrum
1425 4578 1634 4631 merito.
1668 4576 1936 4646 Interroga
1964 4577 2135 4646 ipsum

552 4679 810 4733 Joannem
838 4693 850 4728 :
880 4675 972 4730 Ille
1002 4673 1092 4743 qui
1124 4679 1244 4742 post
1275 4679 1324 4724 te
1353 4669 1517 4733 venit,
1549 4683 1713 4737 quare
1741 4677 1864 4721 ante
1891 4678 1940 4720 te
1969 4667 2138 4721 factus

553 4767 659 4822 est?
676 4767 773 4834 Qui
797 4775 846 4820 te
862 4763 1204 4834 sequebatur,
1227 4777 1392 4832 quare
1420 4760 1508 4813 tibi
1541 4758 1792 4828 praelatus
1820 4768 1899 4810 est
1914 4757 1936 4809 ?
1954 4757 2140 4826 Sequi-

555 4869 672 4922 tur,
707 4855 838 4922 Quia
875 4855 1013 4926 prior
1042 4870 1118 4906 me
1158 4861 1284 4906 erat.
1337 4851 1446 4905 1100
1488 4859 1602 4915 est,
1637 4846 1702 4902 In
1746 4849 1992 4918 principio
2036 4861 2140 4903 erat

565 4949 800 5004 Verbum.
851 4947 986 5015 Ergo
1016 4944 1206 4998 merito
1249 4952 1364 4996 ante
1392 4959 1470 4995 me
1505 4941 1668 5010 [actus
1711 4951 1810 5005 est,
1843 4942 1960 5010 quia
2003 4943 2143 5011 prior

556 5057 634 5093 me
663 5047 783 5091 erat.
822 5037 972 5090 Prior
997 5033 1202 5088 Joanne
1224 5074 1236 5095 ,
1270 5033 1413 5102 prior
1456 5031 1720 5085 Abraham
1742 5071 1756 5094 ,
1793 5033 1938 5100 prior
1984 5047 2141 5102 quam

557 5130 728 5185 Adam
754 5170 768 5195 ,
799 5127 944 5197 prior
971 5139 1127 5194 quam
1159 5121 1352 5176 emtum
1383 5129 1436 5174 et
1465 5130 1602 5174 terra
1625 5162 1638 5186 ,
1670 5121 1813 5189 prior
1840 5137 1997 5191 quam
2029 5122 2142 5175 An-

558 5221 695 5292 geli,
725 5206 910 5280 Sedes,
941 5213 1359 5276 Dominationcs,
1388 5209 1725 5279 Principatus
1751 5219 1805 5264 ct
1825 5209 2140 5266 Potestates.

561 5313 736 5379 Quare
766 5308 948 5378 prior?
973 5306 1105 5374 Quia
1137 5303 1304 5357 omnia
1333 5318 1419 5371 per
1443 5302 1608 5371 ipsum
1635 5305 1770 5370 facta
1800 5310 1936 5356 sunt.
1969 5303 2146 5371 Agno-

561 5412 675 5457 scat
715 5414 898 5455 servus
945 5396 1296 5450 humilitatem
1350 5407 1548 5447 suam:
1597 5391 1841 5446 ostendat
1891 5393 2147 5448 Dominus

567 5495 895 5560 maiestatem
928 5501 1096 5540 suam.
1130 5483 1276 5537 Dicat
1308 5481 1444 5536 idem
1479 5481 1742 5546 Joannes,
1775 5480 1894 5534 Non
1922 5499 2032 5537 sum
2071 5482 2150 5535 di-

569 5600 694 5652 gnus
741 5579 1007 5646 corrigiam
1048 5574 1372 5628 calceamenti
1415 5574 1524 5642 ejus
1571 5573 1780 5626 solvere.
1825 5573 2045 5627 Multum
2091 5589 2150 5628 se

571 5673 890 5733 humiliaret,
912 5667 954 5721 si
984 5667 1203 5729 diceret,
1228 5664 1428 5732 Dignus
1450 5677 1588 5716 sum.
1606 5662 1742 5728 Quid
1769 5663 1908 5717 enim
1941 5665 1984 5716 si
2009 5665 2151 5718 dice—

569 5757 914 5829 t'etdignum?
971 5753 1224 5825 numquid
1255 5753 1440 5808 sedere
1466 5752 1516 5806 in
1544 5751 1742 5822 judicio
1771 5752 1837 5808 ad
1877 5751 2146 5809 dexteram

1730 355 1786 412 S.
1829 353 2190 412 AUCUSTINI
2234 353 2528 412 EPISCOPI
2565 397 2568 400 μ

3652 363 3793 420 11580

2203 489 2410 545 Patris?
2436 491 2688 561 numquid
2718 491 2900 548 venire
2938 493 3005 548 ad
3028 493 3344 564 judicandos
3370 493 3521 550 vivos
3555 505 3610 552 et
3643 513 3792 553 mor-

2205 583 2354 636 tuos?
2381 583 2513 650 Quid
2545 584 2588 638 si
2625 584 2825 639 diceret
2852 585 3068 654 dignum
3107 587 3318 642 solvere
3353 588 3636 656 corrigiam
3677 593 3790 646 cal-

2203 677 2496 730 ceamenti?
2525 675 2708 746 Magna
2741 678 3026 743 lmmilitas,
3057 680 3100 733 si
3129 679 3230 734 hoc
3259 689 3338 734 est
3368 679 3560 750 dignus
3586 685 3788 737 amicus

2204 765 2404 833 Sponsi.
2433 767 2678 820 Dicturus
2705 768 2846 820 enim
2868 778 2980 822 erat
3001 770 3226 823 amicum
3255 785 3315 826 se
3340 786 3458 824 esse
3483 773 3664 841 sponsi
3691 792 3705 827 :
3737 785 3791 830 et

2204 871 2272 910 ne
2302 856 2355 909 in
2393 857 2478 910 illa
2521 859 2751 913 amicitia
2791 861 3061 929 aequalitas
3093 862 3228 918 forte
3256 865 3322 919 ab
3369 867 3548 936 aliquo
3586 868 3793 938 impru-

2206 947 2365 1002 dente
2389 949 2796 1019 intelligeretur;
2821 953 2946 1006 dicit
2969 969 3025 1008 se
3046 957 3270 1010 amicum
3297 969 3510 1027 propter
3531 977 3793 1028 amorem,

2207 1039 2382 1109 dejicit
2420 1055 2477 1096 se
2511 1043 2575 1097 ad
2614 1045 2832 1114 vestigia
2862 1056 3079 1114 propter
3107 1048 3372 1102 timorem.
3407 1053 3469 1105 Et
3503 1069 3684 1120 parum
3712 1068 3797 1112 est

2207 1131 2347 1200 quod
2393 1147 2450 1186 se
2494 1134 2557 1187 ad
2608 1136 2825 1204 vestigia
2869 1136 3116 1204 deponit;
3163 1155 3260 1194 nec
3308 1141 3523 1210 (lignum
3567 1159 3624 1198 se
3667 1147 3796 1201 dicit

2209 1222 2418 1277 solvere
2461 1224 2740 1293 corrigiam
2770 1227 3137 1282 calcearncnti.
3179 1229 3403 1284 Humilis
3433 1233 3703 1299 profecto,
3749 1237 3797 1290 si

2209 1312 2424 1381 dignum
2449 1315 2656 1369 solvere
2682 1333 2694 1379 ;
2721 1316 2812 1370 sed
2839 1319 2958 1386 quia
2984 1334 3081 1372 nec
3103 1320 3319 1389 dignum
3342 1337 3397 1375 se
3418 1321 3546 1376 dicit
3565 1325 3794 1392 solvere,

2210 1404 2397 1473 dignus
2439 1405 2525 1474 qui
2574 1407 2896 1460 exaltaretur
2949 1409 3016 1462 ab
3061 1409 3375 1466 hmnilitate.
3437 1413 3585 1468 Dicat
3635 1417 3798 1469 etiam

2210 1497 2476 1564 apertius,
2505 1496 2645 1550 dicat
2682 1497 2978 1552 distinctius
2998 1541 3011 1564 ,
3042 1501 3167 1569 quid
3206 1511 3287 1556 est
3308 1544 3321 1566 ,
3358 1502 3484 1558 Post
3514 1523 3591 1558 me
3629 1508 3756 1559 venit
3780 1548 3798 1571 ,

2211 1596 2328 1638 ante
2368 1603 2444 1638 me
2473 1590 2635 1656 factus
2663 1599 2754 1642 est.
2791 1590 2928 1643 Dixit
2957 1592 3096 1645 enim
3139 1601 3192 1646 et
3225 1609 3474 1661 causam,
3507 1598 3625 1663 quia
3654 1599 3800 1666 prior

2213 1692 2292 1728 me
2319 1685 2443 1729 erat.
2471 1678 2751 1744 Quoniam,
2785 1677 2849 1732 In
2881 1681 3130 1751 principio
3157 1693 3262 1735 erat
3301 1682 3545 1748 Verbum;
3569 1697 3642 1751 et,
3673 1687 3803 1743 Cum

2214 1765 2265 1817 in
2305 1767 2469 1837 forma
2510 1767 2617 1821 Dei-
2644 1780 2804 1834 esset,
2848 1786 2949 1824 non
2993 1772 3227 1841 rapinam
3267 1777 3539 1830 arbitratus
3585 1789 3656 1832 est
3697 1796 3805 1834 esse

2221 1858 2433 1925 wqualis
2467 1859 2590 1913 Deo.
2626 1860 2784 1914 Illum
2817 1875 3009 1932 oportet
3051 1883 3303 1940 crescere,
3337 1887 3413 1922 me
3451 1881 3615 1924 autem
3644 1873 3804 1925 minui

2218 1948 2397 2017 (Joan.
2430 1967 2516 2015 nt,
2546 1951 2657 2022 50).
2690 1953 2978 2023 Oportebat
3005 1967 3061 2010 ut
3100 1969 3366 2014 cresceret
3407 1962 3494 2030 qui
3541 1963 3804 2030 posterior

2218 2039 2383 2101 venit.
2415 2049 2470 2095 et
2499 2041 2827 2097 minueretur
2854 2046 2941 2115 qui
2971 2049 3207 2101 anterior
3236 2051 3397 2102 venit.
3428 2050 3480 2104 Si
3517 2052 3684 2104 cret-it
3713 2052 3803 2120 qui

2221 2131 2482 2200 posterior
2527 2133 2702 2199 venit,
2750 2145 2872 2188 ante
2929 2137 3099 2204 ipsum
3147 2138 3316 2194 factus
3359 2151 3442 2193 est
3487 2142 3803 2195 crescendo.

2220 2218 2377 2273 Illum
2397 2262 2410 2284 ,
2446 2221 2642 2290 inquit,
2676 2233 2868 2291 oportet
2895 2242 3144 2292 crescere,
3172 2245 3249 2280 me
3276 2239 3440 2281 autem
3480 2231 3663 2284 minui.
3699 2231 3808 2287 Hoc

2223 2318 2332 2374 est,
2362 2320 2478 2363 ante
2507 2328 2584 2364 me
2613 2312 2777 2380 {actus
2803 2324 2896 2366 est.
2932 2316 2996 2369 Et
3034 2318 3301 2385 quomodo
3333 2321 3496 2373 crevit
3524 2320 3769 2376 Christus
3789 2364 3807 2388 ,

2224 2405 2454 2455 minutus
2481 2412 2563 2456 est
2586 2402 2857 2457 Joannes?
2888 2405 3169 2461 Ρνιυςθδδίι
3195 2418 3348 2462 :etate
3373 2409 3606 2464 Joannes
3628 2413 3808 2466 Denti-

2224 2509 2349 2546 num
2383 2493 2432 2546 in
2464 2495 2735 2548 nativitate
2764 2495 3021 2561 humana;
3050 2508 3331 2552 creverunt
3356 2501 3512 2555 ambo
3541 2503 3692 2555 annis
3721 2519 3812 2557 ac-

2224 2583 2555 2646 cedentibus,
2588 2593 2790 2637 statura
2819 2587 3014 2649 carnis,
3047 2597 3101 2641 et
3131 2600 3484 2656 pervenerunt
3512 2591 3577 2644 ad
3606 2602 3811 2646 certum

2226 2672 2440 2726 modum
2481 2674 2618 2727 sicut
2648 2673 2908 2729 homines.
2943 2676 3046 2730 Sed
3075 2676 3307 2732 Joannes
3335 2678 3494 2734 homo
3517 2721 3530 2744 ,
3567 2679 3815 2736 Christus

2227 2763 2369 2818 Deus
2397 2773 2452 2818 et
2489 2764 2650 2818 homo
2682 2764 2777 2836 (a).
2809 2766 2864 2820 In
2891 2765 3166 2822 divinitate
3211 2767 3257 2822 si
3302 2768 3660 2840 intelligamus
3689 2771 3814 2840 quia

2225 2857 2393 2911 crevit
2419 2851 2699 2922 Christus,
2741 2858 2958 2914 absurdi
3000 2875 3219 2927 sumus,
3269 2872 3322 2916 et
3353 2863 3510 2917 nimis
3547 2866 3814 2918 erramus.

2225 2949 2432 3005 Crescit
2461 2951 2602 3006 enim
2641 2950 2838 3020 aliquid
2861 2993 2873 3015 ,
2906 2961 2964 3006 ut
2992 2954 3251 3022 proticiat.
3297 2955 3435 3009 Deus
3478 2970 3583 3024 quo
3611 2967 3817 3011 crescat

2228 3057 2335 3096 non
2376 3041 2573 3097 habet:
2607 3043 2651 3098 si
2691 3046 2834 3098 enim
2874 3043 3032 3098 habet
3060 3060 3166 3115 quo
3197 3055 3438 3112 crescat,
3485 3048 3658 3102 minor
3699 3058 3816 3104 erat

2229 3145 2512 3205 antequam
2559 3147 2842 3191 cresceret.
2891 3136 3192 3191 Redeamus
3235 3138 3300 3192 ad
3345 3137 3570 3192 formam
3613 3140 3814 3193 carnis.

2230 3225 2346 3294 Ipsa
2373 3241 2492 3280 cum
2519 3225 2723 3280 Joanne
2747 3227 2932 3292 crevit,
2960 3241 3066 3280 non
3096 3227 3185 3280 illo
3212 3227 3417 3281 minuto
3442 3230 3626 3282 crevit.
3656 3228 3816 3284 Rere.-

2231 3330 2411 3370 ramus
2456 3331 2584 3384 ergo
2628 3316 2869 3371 fortassis
2915 3317 2982 3370 ad
3023 3317 3281 3385 gloriam;
3333 3328 3387 3372 et
3435 3317 3816 3390 intelligamus,

2232 3404 2390 3458 Illum
2419 3415 2610 3476 oportet
2633 3422 2872 3471 crescere,
2902 3423 2979 3458 me
3004 3417 3170 3459 autem
3195 3409 3373 3472 minui,
3403 3409 3691 3462 secundum
3717 3408 3820 3464 hoc

2232 3497 2452 3563 dictum,
2503 3497 2643 3568 quod
2693 3509 2802 3567 post
2846 3514 2923 3551 nte
2964 3499 3114 3561 venit,
3164 3508 3208 3552 et
3238 3509 3352 3552 ante
3397 3517 3473 3552 me
3515 3504 3679 3570 fucms
3723 3511 3818 3553 est.

2233 3590 2469 3645 Joannes
2490 3590 2628 3644 enim
2655 3606 2938 3660 personam
2961 3592 3257 3644 sustinebat
3282 3591 3530 3656 hominis,
3555 3603 3609 3646 et
3637 3594 3821 3661 loque-

2233 3681 2390 3735 batur
2433 3697 2497 3735 ex
2543 3690 2667 3751 typo
2709 3683 2922 3751 generis
2952 3682 3201 3747 humani,
3231 3683 3293 3736 ad
3325 3684 3463 3752 quod
3508 3684 3822 3738 salvandum

2235 3780 2457 3826 venerat
2481 3769 2744 3824 Christus.
2778 3771 3092 3826 Dixeramus
3119 3783 3327 3839 autem,
3360 3774 3569 3840 fratres,
3605 3775 3822 3829 humilis

2235 3861 2377 3918 Deus
2415 3861 2560 3916 venit
2597 3860 2662 3914 ad
2704 3861 2994 3929 superbum
3029 3862 3320 3917 hominem.
3356 3866 3628 3934 Agnoscat
3662 3866 3826 3920 homo

2233 3971 2292 4012 se
2321 3955 2626 4019 hominem,
2656 3962 2908 4022 appareat
2948 3954 3088 4009 Deus
3117 3954 3338 4026 homini.
3375 3958 3584 4012 Etenim
3621 3959 3665 4012 si
3704 3959 3827 4014 ideo

2162 4111 2167 4116 ἢ
2235 4047 2377 4101 venit
2407 4044 2650 4100 Christus
2671 4084 2686 4109 ,
2715 4054 2772 4098 ut
2800 4044 3169 4099 humiliaretur
3198 4045 3357 4098 homo
3377 4087 3392 4109 ,
3423 4056 3480 4100 et
3509 4063 3573 4101 ex
3607 4049 3828 4103 humili-

2237 4146 2345 4192 tate
2367 4145 2633 4193 cresceret
2655 4136 2844 4200 homo;
2879 4137 3158 4204 oportebat
3181 4145 3238 4191 ut
3261 4137 3430 4206 gloria
3452 4141 3563 4207 jam
3583 4151 3829 4196 cessaret

2239 4227 2487 4295 hominis,
2511 4237 2565 4283 et
2585 4228 3054 4284 commendaretur
3081 4228 3248 4298 gloria
3273 4229 3362 4282 Dei
3389 4247 3402 4282 :
3433 4238 3489 4283 ut
3508 4245 3632 4300 spes
3659 4233 3832 4287 homi-

2239 4320 2322 4374 nis
2364 4330 2506 4374 esset
2546 4319 2599 4373 in
2637 4319 2800 4389 gloria
2833 4317 2957 4385 Dei,
3000 4333 3105 4372 non
3148 4319 3198 4372 in
3234 4318 3400 4388 gloria
3447 4335 3576 4386 sua,
3617 4321 3831 4378 dicente

2239 4409 2530 4479 Apostolo,
2565 4407 2664 4473 Qui
2701 4409 2979 4479 gloriatur,
3024 4410 3077 4459 in
3106 4407 3323 4461 Domino
3351 4409 3594 4478 glor'etur
3637 4411 3674 4472 ιι
3707 4410 3827 4464 Cor.

2241 4515 2293 4564 ι,
2323 4500 2437 4564 51).
2481 4500 2643 4554 lleete
2677 4515 2803 4568 ergo
2831 4499 3023 4553 dicitur
3065 4498 3303 4564 homini,
3338 4499 3474 4565 Quid
3519 4500 3668 4553 babes
3694 4504 3833 4566 quod

2243 4608 2343 4644 non
2369 4591 2602 4661 accepisti
2623 4591 2648 4644 ?
2675 4591 2736 4645 Si
2765 4602 2932 4644 autent
2956 4591 3226 4661 accepisti,
3258 4591 3379 4661 quid
3404 4593 3655 4661 gleriaris,
3684 4599 3832 4661 quasi

2243 4699 2345 4735 non
2389 4683 2639 4752 acceperis
2683 4681 2790 4748 (Id.
2829 4697 2914 4745 tv,
2961 4681 3054 4750 7)?
3099 4682 3250 4736 Hunc
3294 4692 3472 4753 typum
3520 4683 3836 4758 humilitatis

2247 4773 2489 4828 humanm
2510 4774 2741 4828 Joannes
2767 4773 3076 4838 ostendens,
3100 4774 3219 4842 quia
3242 4781 3494 4842 quantum
3523 4771 3834 4841 proﬁciebat

2245 4865 2424 4933 Opinio
2459 4873 2511 4918 et
2539 4864 2676 4917 fama
2705 4863 2934 4928 Christi,
2968 4879 3074 4917 non
3104 4872 3303 4917 statura
3332 4863 3550 4926 Christi,
3578 4879 3686 4918 non
3715 4879 3833 4918 ma-

2241 4953 2408 5022 jestas
2443 4953 2656 5018 Christi,
2700 4969 2802 5006 non
2843 4955 3121 5021 sapientia,
3161 4970 3266 5008 non
3301 4953 3527 5006 Verbum
3569 4954 3695 5018 Dei;
3739 4955 3833 5008 sed

2249 5041 2386 5096 fama
2418 5044 2503 5096 illa
2525 5085 2539 5108 ,
2568 5059 2686 5112 quae
2716 5044 2877 5112 erepit
2902 5060 2930 5097 a
2962 5045 3210 5106 minimo,
3251 5054 3298 5097 et
3328 5043 3436 5112 jam
3467 5053 3611 5099 tenet
3649 5045 3836 5098 orbem

2251 5141 2510 5186 terrarum
2536 5151 2548 5186 :
2571 5133 2735 5202 gloria
2758 5134 2974 5198 Christi,
3005 5149 3107 5188 non
3130 5135 3292 5203 gloria
3319 5134 3566 5198 hominis,
3597 5143 3654 5186 ut
3672 5149 3820 5203 agno

2253 5233 2367 5278 seat
2395 5223 2556 5278 homo
2587 5224 2935 5281 humilitatem
2963 5240 3112 5280 suam
3134 5267 3148 5290 ,
3183 5226 3449 5296 impertiat
3475 5225 3616 5280 Deus
3640 5224 3834 5278 divini-

2253 5323 2417 5371 tatem
2447 5331 2616 5370 suam.
2648 5317 2855 5371 Etenim
2881 5318 3047 5388 gloria
3078 5318 3192 5381 Dei,
3223 5316 3434 5380 fratres,
3461 5316 3623 5386 gloria
3655 5328 3840 5370 nostra

2255 5417 2354 5463 est.
2388 5407 2654 5474 Quantum
2680 5408 2888 5464 dulcius
2907 5409 3237 5479 gloriﬁcatur
3263 5409 3424 5476 Deus,
3457 5417 3660 5462 tantum
3685 5408 3849 5463 nobis

2318 5581 2390 5642 (α)
2423 5583 2664 5644 sermonis
2685 5581 2843 5644 series
2886 5584 3154 5644 interrupta
3179 5589 3283 5630 erat
3307 5581 3611 5644 transmsitis
3643 5581 3772 5644 hunc
3791 5580 3842 5630 in

2256 5640 2416 5711 locum
2431 5642 2746 5711 quadraginta
2770 5643 2876 5692 fere
2908 5640 3162 5711 versibits,
3189 5656 3312 5711 quos
3334 5644 3382 5692 in
3403 5640 3597 5711 propria
3614 5642 3735 5689 sede
3763 5654 3844 5711 re-

2259 5705 2425 5768 peries
2456 5704 2576 5751 intra
2594 5737 2608 5762 ,
2635 5718 2684 5753 n.
2710 5706 2757 5764 7,
2785 5706 3002 5768 proxime
3025 5705 3082 5753 ad
3108 5704 3244 5765 illud,
3272 5721 3295 5750 ι
3321 5704 3516 5753 Faunus
3555 5709 3599 5752 et
3642 5704 3839 5755 nasuti-

2258 5764 2469 5826 quando.
2494 5781 2516 5811 ι
2550 5773 2643 5816 etc.
