4036 6188
220 342 346 403 1381

221 458 458 528 prodest.
503 453 622 510 Non
651 454 798 510 enim
827 451 980 509 altior
1011 448 1112 508 erit
1138 448 1306 518 Deus,
1335 448 1454 521 quia
1489 445 1814 505 hoooramtIs

217 551 372 604 illum
397 565 410 599 ε
445 547 790 600 humiliemus
818 560 933 611 nos,
961 553 1014 598 et
1041 543 1336 598 exultamus
1363 543 1531 596 illum.
1550 541 1819 610 Scriptum

219 651 303 696 est
334 639 476 694 enim
499 679 512 699 ,
544 636 800 690 Exaltabo
830 647 875 689 te
895 677 908 699 ,
942 634 1153 688 Domine
1179 632 1346 703 (Psal.
1381 648 1505 686 xxrx
1525 673 1537 695 ,
1565 631 1645 700 2).
1685 629 1821 696 Quid

220 740 334 793 est,
372 728 627 781 Exaltabo
673 729 760 780 te?
791 727 847 780 ln
889 719 1024 779 terra
1057 735 1194 788 erat,
1228 734 1280 779 et
1327 739 1446 778 cum
1478 723 1529 776 in
1569 722 1705 776 cmlo
1729 736 1823 792 po-

223 821 418 876 suisti?
450 821 510 875 Et
535 819 698 871 homo
725 818 920 872 exaltat
945 817 1146 871 Deum?
1167 814 1301 882 Quid
1330 825 1431 877 est,
1464 813 1711 867 Exaltabo
1734 813 1822 866 te?

225 912 408 966 Altum
442 921 492 965 te
519 908 838 962 conﬁtebor.
868 906 1194 961 Contiteatur
1217 921 1343 975 ergo
1370 920 1428 958 se
1469 904 1628 957 homo
1658 903 1827 957 homi-

225 1018 392 1066 nem;
439 1001 720 1055 decrescat
774 999 954 1067 prius,
1011 1008 1066 1051 ut
1123 1005 1344 1050 crescat.
1394 995 1545 1048 Dicat
1592 993 1823 1048 Joannes

225 1095 591 1151 decrescendo
613 1093 679 1148 ad
707 1092 1080 1154 humilitatem,
1111 1106 1213 1144 non
1241 1104 1298 1143 se
1322 1102 1441 1143 esse
1468 1088 1705 1155 dignum,
1734 1086 1823 1155 qui

227 1189 400 1243 solvat
431 1186 716 1256 corrigiam
745 1183 1088 1240 calceamenti
1111 1224 1126 1250 ,
1155 1191 1209 1237 et
1237 1181 1495 1250 intelligat
1519 1195 1576 1234 se
1606 1177 1824 1248 partici-

226 1281 407 1350 pando
437 1279 791 1332 illuminatum
821 1275 957 1330 fieri.

296 1370 358 1423 7.
395 1368 627 1422 Joannes
667 1366 900 1437 Baptista
942 1382 1042 1418 non
1071 1373 1177 1417 erat
1219 1364 1419 1428 lumen,
1451 1360 1826 1430 comparatione

227 1461 422 1514 Christi
459 1461 560 1514 veri
599 1460 822 1512 luminis.
860 1456 1054 1510 Lumen
1086 1466 1248 1510 tamen
1282 1454 1506 1508 Joannes
1549 1451 1827 1522 participa-

232 1557 370 1607 tione
395 1554 680 1622 sapientitr.
705 1551 819 1605 Hoc
839 1549 980 1604 enim
1008 1549 1241 1603 Joannes
1265 1546 1586 1615 evangelista
1607 1544 1740 1598 dixit
1761 1542 1829 1598 de

232 1645 370 1701 illo:
404 1644 529 1699 Non
561 1655 668 1697 erat
691 1645 778 1697 ille
804 1644 991 1696 lumen.
1024 1640 1275 1709 lnjuriam
1302 1639 1434 1692 forte
1455 1636 1577 1691 fecit
1600 1635 1790 1691 Joauni
1812 1677 1826 1701 ,

233 1736 361 1806 quia
393 1735 468 1788 ait
487 1775 502 1795 ,
539 1731 661 1786 Non
697 1741 800 1786 erat
831 1732 916 1784 ille
945 1731 1149 1794 lumen;
1179 1743 1298 1782 cum
1329 1726 1598 1796 Apostolis
1627 1725 1830 1781 dictum

236 1825 308 1878 sit
339 1839 368 1877 a
397 1823 648 1886 Domino,
691 1821 786 1874 Vos
813 1822 930 1875 estis
959 1820 1126 1872 (uinea
1153 1817 1371 1871 mundi?
1400 1817 1753 1870 Praetulerunl
1773 1829 1832 1870 se

238 1915 485 1985 Apostoli
523 1914 752 1969 Joanni?
779 1912 894 1968 Non
935 1911 1166 1974 faciunt,
1202 1925 1267 1964 ne
1309 1909 1617 1964 mendacem
1660 1909 1832 1979 ipsum

240 2006 527 2060 Dominum
553 2005 819 2074 judicent,
846 2003 937 2074 qui
964 2002 1113 2068 dixit,
1146 2001 1212 2054 In
1237 2002 1368 2055 natis
1397 2002 1660 2055 mulierum
1687 2017 1833 2054 nemo

240 2097 523 2150 exsurrexit
552 2096 717 2164 major
739 2093 942 2147 Joanne
966 2091 1196 2160 Baptista
1225 2091 1432 2162 (Matth.
1463 2107 1517 2145 xl
1537 2133 1552 2157 ,
1582 2090 1694 2160 11).
1718 2089 1834 2143 Non

250 2188 432 2257 utique
463 2186 633 2255 major
661 2194 861 2239 statura
890 2183 1128 2252 corporis
1149 2225 1163 2250 ,
1194 2183 1287 2237 sed
1315 2183 1476 2252 gratia
1509 2181 1835 2251 participatte

250 2278 558 2348 sapientim,
588 2278 755 2348 gratia
786 2276 1111 2348 participaui:
1153 2275 1356 2329 salutis.
1391 2274 1528 2339 Quid
1565 2273 1664 2327 sibi
1707 2287 1836 2342 ergo

249 2371 388 2435 vult,
424 2369 546 2423 Non
577 2377 682 2422 erat
711 2369 798 2422 ille
824 2370 1012 2432 lumen,
1039 2375 1127 2422 sed
1161 2377 1215 2419 ut
1245 2367 1579 2420 testimonium
1607 2365 1837 2433 perhibe-

251 2471 323 2513 ret
362 2461 426 2512 de
452 2459 686 2512 lumine?
712 2459 887 2524 Quare
932 2459 1031 2512 hoc
1057 2457 1227 2512 dixit?
1267 2456 1432 2520 Novi,
1466 2455 1669 2524 inquit,
1711 2451 1837 2525 quid

249 2552 417 2606 dicam
445 2594 458 2613 ,
491 2551 854 2604 testimonium
885 2549 1167 2618 perhibere
1192 2547 1259 2601 de
1289 2547 1508 2601 lumine.
1542 2546 1666 2599 Erat
1697 2545 1837 2600 enim

249 2643 427 2697 lumen
467 2658 653 2696 verum
690 2641 996 2696 distinctum
1041 2655 1069 2692 a
1116 2639 1340 2703 Joanne,
1381 2653 1448 2692 ne
1487 2651 1705 2708 prorsus
1733 2653 1838 2692 non

250 2737 427 2790 lumen
451 2734 706 2797 Joannes,
737 2733 831 2788 sed
859 2741 915 2788 ut
944 2733 995 2786 in
1023 2731 1420 2801 comparatione
1446 2729 1602 2799 hujus
1628 2729 1840 2784 luminis

248 2825 446 2880 dictum
491 2823 851 2893 intelligatur,
886 2821 1007 2876 Non
1041 2832 1147 2876 erat
1187 2821 1274 2874 ille
1301 2821 1501 2883 lumen;
1547 2819 1839 2874 secundum

249 2915 386 2986 quod
417 2913 554 2968 dixit
577 2955 592 2980 ,
620 2913 744 2983 quia
776 2911 901 2965 Erat
929 2912 1094 2965 lumen
1117 2927 1308 2966 verum.
1338 2909 1614 2978 Quomodo
1642 2908 1843 2962 discer-

251 3007 329 3060 nis
357 3007 463 3059 hoc
490 3003 717 3059 verum?
750 3002 900 3069 Quod
925 3002 1202 3067 illuminat,
1233 3001 1422 3070 inquit,
1457 3015 1652 3052 onmem
1681 2998 1844 3050 homi-

251 3116 360 3153 nem
387 3099 669 3152 venientem
693 3098 745 3150 in
774 3097 909 3149 hunc
931 3095 1192 3148 mundum.
1221 3093 1278 3149 Si
1304 3109 1515 3148 omnem
1549 3093 1838 3156 hominem,

252 3205 375 3260 ergo
412 3199 468 3244 et
507 3189 789 3244 Joannem.
816 3187 921 3242 Sed
952 3196 1006 3241 ut
1034 3202 1138 3240 non
1164 3185 1438 3240 videamur
1468 3200 1563 3238 nos
1592 3185 1844 3253 colligere

253 3295 314 3334 cx
335 3280 520 3335 verbis
543 3278 682 3348 quod
709 3293 812 3332 non
837 3286 919 3332 est
941 3277 1162 3341 dictum,
1187 3276 1432 3345 quamvis
1455 3284 1844 3344 consequenter

255 3369 679 3439 intelligendum,
710 3369 824 3438 ipse
851 3367 1082 3422 Joannes
1111 3366 1251 3420 dicat
1277 3383 1288 3418 :
1318 3364 1429 3418 Nos
1460 3382 1630 3418 omnes
1656 3365 1716 3417 de
1739 3364 1845 3434 ple-

257 3460 481 3513 nitudine
509 3460 620 3528 ejus
649 3459 935 3528 accepimus
961 3455 1140 3526 (Joan.
1173 3472 1218 3519 ι,
1252 3455 1307 3520 8,
1339 3455 1392 3521 9,
1434 3454 1544 3521 16).
1575 3453 1845 3521 Eratergo

258 3551 429 3604 lumen
462 3565 673 3603 verum.
704 3548 938 3603 Joannes
968 3547 1148 3602 lumen
1177 3546 1529 3599 illuminatum
1550 3585 1564 3610 ,
1599 3543 1846 3597 Christus

259 3641 433 3696 lumen
481 3635 810 3694 illuminatus.
853 3638 984 3692 Nam
1023 3647 1078 3691 ut
1117 3637 1330 3692 noveris
1356 3637 1475 3706 quia
1512 3635 1692 3688 lumen
1733 3643 1848 3688 crat

256 3729 504 3793 Joannes,
538 3730 648 3799 jam
681 3729 956 3800 perhibeat
985 3729 1135 3783 etilli
1167 3728 1422 3782 Dominus
1463 3725 1844 3780 testimonium.

257 3821 536 3878 Perhibuit
568 3823 680 3891 ipse
705 3823 1063 3876 testimonium
1089 3821 1315 3874 Domino
1344 3835 1458 3883 suo,
1487 3818 1846 3874 testimonium

258 3915 498 3968 veritatis
518 3913 588 3967 de
616 3914 840 3966 Domino
863 3927 980 3977 suo,
1006 3912 1144 3982 quod
1170 3911 1399 3966 habebat
1427 3927 1455 3964 a
1481 3912 1705 3965 Domino
1727 3925 1842 3966 suo.

260 4007 558 4074 Acceperat
585 4005 724 4059 enim
753 4021 780 4057 a
812 4006 1034 4059 Domino
1073 4019 1190 4070 suo,
1219 4014 1275 4058 ut
1299 4003 1500 4058 diceret
1531 4003 1596 4077 de
1623 4004 1848 4057 Domino

257 4111 383 4152 suo:
428 4105 484 4150 ut
510 4105 688 4150 autem
720 4097 808 4151 ille
835 4096 1036 4150 diceret
1059 4095 1123 4150 de
1152 4111 1308 4150 servo
1338 4109 1465 4158 suo,
1492 4109 1598 4149 non
1624 4109 1848 4164 accepe-

258 4195 340 4240 rat
365 4201 395 4238 a
427 4200 588 4239 servo
627 4201 725 4240 suo
754 4203 766 4238 :
815 4192 871 4240 et
896 4186 948 4239 in
979 4201 1036 4239 se
1064 4185 1306 4240 Christus
1343 4185 1409 4239 de
1437 4185 1670 4249 Joanne,
1716 4195 1770 4240 et
1796 4186 1848 4239 in

261 4278 462 4333 Joanne
506 4279 752 4333 Christus
778 4279 846 4332 de
889 4292 967 4332 se.
1012 4277 1124 4347 Ipsa
1169 4293 1295 4348 ergo
1338 4277 1534 4332 veritas
1571 4277 1850 4347 perhibeat

262 4371 656 4436 testimonium,
685 4370 964 4424 audiamus
1004 4371 1125 4440 quia
1157 4371 1334 4424 lumen
1359 4369 1448 4424 'est
1471 4370 1722 4425 Joannes.
1753 4369 1851 4425 Ju-

263 4461 388 4515 datis
437 4460 633 4514 dicitur
672 4460 738 4514 de
766 4461 1007 4526 Joanne,
1048 4460 1148 4514 Ille
1192 4472 1296 4515 erat
1342 4462 1545 4515 lucerna
1584 4463 1765 4516 ardens
1805 4471 1852 4515 et

262 4554 431 4607 lucens
471 4553 582 4622 (Id.
610 4569 672 4617 ν,
703 4555 817 4624 55).
849 4556 911 4608 Et
947 4556 1127 4625 utique
1156 4556 1370 4611 lucerna
1413 4557 1588 4611 lumen
1615 4566 1716 4621 est,
1746 4571 1850 4610 non

261 4643 390 4697 sicut
416 4645 536 4697 dies
561 4686 574 4708 ,
609 4645 701 4698 sed
729 4653 903 4699 tamen
930 4645 1105 4700 lumen
1127 4653 1226 4700 est.
1259 4647 1400 4717 Ergo
1427 4647 1640 4702 lucerna
1666 4662 1853 4702 accen-

261 4735 401 4789 ditur
429 4745 490 4790 ut
530 4735 726 4802 luceat,
762 4744 815 4790 et
841 4735 1069 4791 Joannes
1101 4737 1427 4792 illuminatus
1461 4747 1544 4792 est
1572 4747 1630 4790 ut
1665 4737 1852 4806 loque-

264 4835 428 4881 retur.
461 4827 518 4882 Si
558 4841 686 4896 ergo
712 4826 948 4882 Joannes
973 4828 1298 4883 illuminatus
1323 4837 1406 4882 est
1433 4836 1488 4882 ut
1513 4828 1818 4896 loqueretur
1836 4867 1852 4893 ,

260 4925 511 4986 agnoscat
537 4933 596 4971 se
625 4917 862 4981 lucerna,
897 4933 963 4971 ne
988 4919 1250 4988 superbiae
1281 4927 1443 4973 vento
1468 4918 1850 4988 exstinguatur.

261 5005 363 5063 Sed
385 5007 525 5063 forte
555 5009 734 5063 lumen
765 5009 1030 5078 discipuli,
1061 5019 1113 5065 et
1135 5010 1351 5065 lucerna
1379 5010 1648 5065 Joannes?
1679 5008 1857 5063 Domi-

264 5114 362 5155 nus
389 5101 537 5155 enim
576 5100 644 5156 de
672 5101 880 5156 Joanne
908 5102 1014 5166 ait,
1056 5100 1156 5156 Ille
1183 5111 1288 5155 erat
1319 5103 1523 5156 lucerna
1560 5102 1744 5155 ardens
1764 5143 1778 5169 ,
1809 5110 1858 5154 et

271 5189 438 5244 hiccns
460 5208 479 5245 :
508 5191 581 5246 de
621 5191 896 5262 discipulis
935 5201 1109 5247 autem
1136 5233 1150 5257 ,
1189 5191 1288 5246 Vos
1316 5192 1432 5246 estis
1462 5192 1629 5245 lumen
1658 5192 1854 5245 mundi.

268 5280 566 5352 Discipulos
585 5297 713 5336 suos
731 5282 961 5351 praetulit
982 5281 1210 5337 Joanni?
1230 5281 1494 5352 Numquid
1512 5291 1564 5336 et
1584 5281 1767 5336 fideles
1783 5282 1858 5336 illi

265 5388 397 5441 quos
419 5373 716 5443 alloquitur
740 5375 953 5439 Paulus,
988 5375 1326 5445 prmponendi
1353 5383 1475 5429 sunt
1501 5374 1714 5442 Joanni,
1738 5376 1858 5445 qui-

268 5459 362 5518 bus
390 5466 499 5531 ait,
532 5464 732 5520 Fuistis
761 5465 895 5518 enim
935 5466 1209 5535 aliquando
1243 5465 1485 5533 tenebraz,
1519 5483 1652 5520 nunc
1696 5478 1862 5522 autem

274 5551 358 5610 lu:
380 5558 434 5611 in
463 5555 694 5612 Domino
729 5555 942 5629 (Ep/tes.
972 5550 1040 5624 v,
1083 5556 1172 5626 8)?
1201 5556 1313 5611 Lux
1339 5571 1466 5628 ergo
1495 5557 1735 5628 Apostoli
1758 5601 1773 5626 ,
1806 5567 1863 5614 et

269 5650 352 5705 lux
385 5651 580 5708 fideles
626 5665 696 5706 ex
726 5649 1091 5720 peccatoribus
1115 5649 1386 5720 iustificati
1408 5693 1423 5718 ,
1454 5665 1521 5706 ex
1561 5651 1861 5709 inlidelibus

269 5741 446 5802 ﬁdeles
477 5743 606 5800 facti
636 5760 651 5797 :
685 5750 863 5798 tamen
895 5741 1108 5798 lucerna
1137 5755 1244 5799 non
1280 5750 1403 5800 sunt
1437 5741 1561 5801 dicti
1595 5743 1856 5816 discipuli.

1570 331 1801 392 SERMO
1840 328 2178 390 CCCLXXX.
2249 355 2253 361 α

3379 339 3512 393 illi?!

1930 443 2178 516 Attende,
2228 443 2362 505 forte
2401 445 2557 517 dicti,
2589 459 2641 506 et
2681 466 2785 505 non
2831 449 2936 505 alio
2967 451 3106 517 loco,
3140 448 3235 507 sed
3288 447 3398 506 ibi:
3457 465 3512 506 ut

1927 541 2232 595 ostenderet
2272 543 2714 611 quemadmodum
2759 559 2850 598 eos
2899 542 3092 598 dixerit
3134 543 3348 609 lumen;
3391 541 3510 613 quia

1930 649 2034 689 non
2075 634 2250 689 lumen
2281 652 2462 690 verum
2485 679 2498 702 ,
2529 637 2666 707 quod
2699 636 2957 691 illuminat
2985 651 3198 690 omnem
3242 635 3510 689 hominem

1930 727 2226 780 venientem
2252 727 2301 780 in
2327 731 2462 782 hunc
2485 727 2735 781 mundum
2758 742 3010 796 ;sequere
3034 729 3188 781 verba
3208 727 3510 796 Evangelii:

1939 817 2042 872 Vos
2078 821 2194 873 estis
2235 821 2398 872 lumen
2447 821 2640 872 mundi.
2689 819 2807 872 Non
2855 830 3011 888 potest
3059 821 3232 874 civitas
3273 820 3516 873 abscondi

1929 928 2082 980 supra
2109 923 2325 965 montem
2353 914 2642 966 constituta.
2671 913 2776 968 Sed
2803 913 2870 967 de
2897 914 3109 967 civitate
3137 913 3288 976 dixit,
3319 929 3423 967 non
3448 913 3515 966 de

1930 1001 2170 1056 lumine?
2198 1002 2428 1073 Sequere
2453 1003 2625 1057 adhuc
2652 1021 2664 1056 :
2710 1001 2888 1072 Neque
2911 1003 3189 1056 accendunt
3215 1003 3470 1056 lucernam
3495 1044 3510 1067 ,

1931 1102 1978 1145 et
2020 1101 2208 1162 ponunt
2254 1110 2365 1145 eam
2407 1093 2497 1146 sub
2545 1093 2733 1146 modio.
2775 1092 2904 1145 Tale
2948 1092 3127 1146 lumen
3169 1094 3318 1158 estis,
3361 1093 3515 1162 quale

1931 1182 2162 1237 Joannes
2186 1202 2198 1236 :
2231 1183 2444 1236 lucerna
2472 1182 2784 1236 illuminata.
2812 1182 3086 1250 Tanquam
3108 1183 3256 1250 cujus
3282 1198 3405 1247 vox,
3434 1185 3514 1237 vel

1931 1289 2156 1344 quorum
2206 1289 2308 1328 vox
2355 1283 2734 1343 praecesserat,
2784 1273 2864 1327 Tu
2909 1273 3217 1326 illuminabis
3261 1275 3516 1327 lucernam

1934 1380 2129 1430 meam,
2173 1362 2423 1428 Domine;
2464 1363 2603 1418 Deus
2645 1381 2805 1429 meus,
2848 1365 3082 1417 illumina
3116 1365 3340 1416 tenebras
3383 1381 3520 1416 meas

1935 1455 2102 1527 (Psal.
2134 1472 2268 1525 xvn,
2299 1457 2411 1525 29).
2441 1456 2583 1524 Quas
2609 1456 2856 1511 tenebras
2887 1456 2938 1510 in
2967 1455 3272 1525 Apostolis?
3303 1453 3517 1508 Fuimus

1934 1559 1980 1605 et
2006 1567 2097 1604 nos
2132 1550 2404 1620 aliquando
2424 1592 2438 1618 ,
2468 1558 2572 1605 etc.
2622 1548 2720 1619 (a),
2750 1548 3014 1618 quomodo
3042 1548 3180 1602 illius
3210 1547 3425 1616 reprobi
3467 1558 3520 1600 et

1935 1641 2248 1712 blasphemi,
2279 1642 2377 1706 Qui
2406 1643 2545 1712 prius
2573 1642 2649 1711 fui
2675 1640 2996 1711 blasphemus
3016 1681 3030 1706 ,
3056 1649 3101 1694 et
3131 1636 3440 1710 persecutor,
3473 1650 3522 1691 et

1935 1733 2231 1801 injuriosus.
2277 1733 2413 1788 Ecce
2453 1734 2720 1796 tenebrae,
2766 1730 3087 1786 accendatur
3111 1731 3369 1784 lucerna:
3417 1729 3521 1784 Sed

1936 1823 2328 1876 misericordiam
2351 1832 2642 1876 consecutus
2667 1838 2778 1875 sum
2806 1822 2851 1892 (l
2871 1820 3004 1874 Tim.
3035 1835 3081 1884 ι,
3115 1817 3225 1892 15).
3255 1819 3320 1872 Et
3343 1827 3398 1872 ut
3423 1832 3519 1872 no-

1936 1915 2080 1970 veris
2107 1914 2175 1970 de
2211 1915 2340 1983 ipsis
2379 1914 2576 1969 dictum
2599 1959 2611 1979 ,
2644 1912 2824 1984 Neque
2848 1912 3124 1966 accendunt
3155 1912 3448 1974 lucernam,
3477 1917 3524 1962 et

1939 2014 2130 2076 ponunt
2158 2021 2268 2059 eam
2303 2006 2394 2059 sub
2419 2005 2618 2070 modio,
2647 2003 2734 2058 sed
2772 2020 2922 2073 super
2950 2002 3327 2067 candelabrum,
3357 2009 3408 2052 ut
3437 2001 3523 2053 lu-

1940 2106 2048 2152 ceat
2077 2098 2336 2165 omnibus,
2369 2097 2455 2167 qui
2479 2097 2532 2150 in
2562 2095 2710 2149 domo
2735 2104 2894 2158 sunt;
2923 2093 3101 2148 statim
3131 2091 3371 2161 sequitur
3391 2131 3404 2154 ,
3435 2089 3526 2144 Sic

1941 2189 2103 2243 luceat
2134 2189 2301 2242 lumen
2331 2196 2545 2242 vestrum
2571 2203 2739 2240 coram
2767 2185 3072 2249 hominibus,
3103 2192 3154 2237 ut
3178 2183 3375 2237 videant
3396 2181 3526 2236 bona

1941 2298 2097 2350 opera
2119 2291 2281 2335 vestra
2305 2297 2317 2334 :
2343 2280 2436 2336 sed
2459 2281 2511 2334 in
2532 2279 2849 2345 humilitate,
2878 2278 3000 2348 quia
3023 2276 3290 2330 hominem
3313 2283 3527 2343 oportet

1942 2373 2128 2428 minui.
2151 2372 2430 2440 Quomodo
2456 2382 2631 2426 autem
2662 2372 2826 2424 Deum
2846 2382 3089 2424 crescere
3107 2367 3132 2418 ?
3156 2365 3224 2419 Et
3244 2367 3524 2436 gloriﬁcent

1944 2462 2152 2516 Patrem
2185 2475 2427 2528 vestrum,
2460 2463 2544 2534 qui
2579 2464 2632 2516 in
2669 2461 2806 2515 caelis
2850 2469 2920 2514 est
2975 2457 3184 2530 (Matth.
3227 2473 3277 2519 ν,
3310 2455 3522 2524 14-16).

1943 2557 2275 2613 Glorificatur
2303 2557 2478 2622 Pater,
2509 2555 2831 2624 glorificatur
2861 2553 3024 2607 Filius
3049 2569 3060 2606 :
3089 2551 3208 2622 quia
3234 2551 3392 2605 Pater
3414 2549 3523 2618 glo-

1944 2651 2116 2705 rificat
2145 2649 2334 2704 Filium
2355 2691 2370 2716 ,
2401 2658 2454 2704 et
2497 2649 2660 2702 Filius
2688 2647 2947 2717 glorificat
2985 2645 3215 2699 Patrem.
3263 2643 3527 2712 Agnoscat

1946 2757 2006 2796 se
2053 2755 2180 2811 ergo
2222 2741 2382 2794 homo
2429 2739 2714 2803 humilem,
2759 2743 3012 2806 agnoscat
3048 2734 3316 2789 excelsum
3358 2731 3527 2786 Deum
3612 2776 3622 2785 .

1948 2837 2164 2900 propter
2191 2843 2250 2884 se
2274 2828 2605 2883 humiliatum
2627 2868 2640 2893 ,
2671 2835 2729 2881 ut
2754 2826 2935 2889 homo,
2963 2824 3052 2894 qui
3077 2823 3380 2876 humiliatus
3416 2830 3530 2876 erat

1949 2925 2000 2978 in
2023 2923 2358 2980 confessione
2377 2920 2602 2992 peccati,
2625 2919 2888 2974 exaltetur
2915 2918 2965 2972 in
2993 2916 3274 2986 adeptione
3291 2915 3526 2984 justitne.

1948 3015 2074 3069 Hmc
2097 3014 2236 3078 duo;
2270 3013 2525 3067 Dominus
2552 3019 2605 3066 et
2630 3011 2881 3075 Joannes,
2906 3009 3174 3062 humilitas
3200 3015 3252 3062 et
3281 3005 3493 3060 claritas
3516 3023 3531 3060 :

1954 3109 2090 3163 Deus
2116 3107 2332 3161 humilis
2373 3106 2423 3159 in
2455 3104 2696 3159 claritate
2721 3144 2735 3169 ,
2770 3103 2930 3156 homo
2968 3100 3183 3154 humilis
3213 3099 3262 3152 in
3308 3095 3534 3151 infirmi-

1952 3209 2097 3266 tate;
2129 3200 2270 3254 Deus
2305 3197 2518 3252 humilis
2548 3205 2766 3267 prepter
2794 3194 3063 3248 hominem
3083 3234 3098 3256 ,
3131 3192 3288 3246 homo
3318 3189 3534 3242 humilis

1951 3301 2169 3362 propter
2203 3292 2492 3346 hominem.
2538 3290 2680 3344 Deus
2723 3288 2865 3342 enim
2908 3286 3120 3339 humilis
3161 3293 3216 3338 ut
3259 3281 3536 3352 prodesset

1953 3383 2184 3448 homini,
2214 3382 2374 3436 homo
2402 3381 2617 3435 humilis
2643 3389 2699 3432 ut
2724 3393 2828 3430 non
2857 3376 2994 3430 obsit
3022 3374 3142 3428 sibi.

2025 3474 2076 3529 8.
2102 3472 2362 3526 Passionis
2382 3481 2425 3524 et
2447 3469 2718 3524 nativitatis
2740 3465 3042 3532 (li/Terentia.
3069 3464 3296 3519 Christus
3323 3464 3532 3529 crescit,

1951 3565 2175 3618 Joannes
2216 3562 2476 3616 minuitur.
2518 3563 2883 3630 Agnoscamus
2924 3572 3050 3627 ergo
3096 3556 3209 3609 lucc
3252 3555 3357 3609 duo
3401 3563 3454 3606 ct
3484 3554 3536 3606 in

1955 3659 2067 3727 ipsa
2093 3655 2389 3711 dillercntia
2413 3654 2739 3724 passionum.
2762 3651 3011 3720 Legimus
3039 3648 3292 3703 Joannem
3322 3660 3534 3714 passum

1955 3749 2264 3820 martyrium
2296 3761 2391 3817 pro
2429 3745 2650 3800 veritate
2678 3761 2691 3797 :
2721 3740 2973 3812 numquid
3021 3756 3116 3810 pro
3154 3736 3397 3793 Christo?
3424 3734 3539 3788 Non

1958 3856 2052 3910 pro
2071 3839 2316 3901 Christo,
2355 3837 2397 3891 si
2424 3852 2526 3890 non
2558 3835 2750 3888 veritas
2776 3831 3035 3887 Christus.
3064 3829 3178 3883 Non
3207 3828 3422 3881 omnino
3444 3840 3540 3894 pro

1957 3931 2118 4000 ipsius
2165 3929 2405 3990 nomine,
2445 3926 2537 3980 sed
2585 3935 2756 3978 tamen
2799 3939 2892 3991 pro
2936 3921 3047 3989 ipsa
3075 3917 3315 3974 veritate.
3361 3916 3542 3984 Neque

1956 4024 2096 4079 enim
2126 4021 2244 4076 ideo
2279 4019 2567 4074 decollatus
2595 4025 2676 4070 est
2699 4015 2930 4069 Joannes
2952 4053 2966 4076 ,
3005 4012 3124 4080 quia
3160 4009 3432 4064 confessus
3459 4018 3541 4062 est

1956 4113 2246 4169 Christum.
2274 4108 2377 4164 Sed
2426 4107 2675 4162 monebat
2706 4099 3107 4170 temperantiam
3134 4138 3150 4163 ,
3184 4096 3538 4166 monebatju-

1957 4203 2152 4258 stitiam
2185 4219 2197 4254 2
2229 4199 2469 4264 dicebat,
2499 4195 2617 4250 Non
2643 4194 2731 4248 tibi
2774 4193 2884 4246 licet
2906 4191 3086 4244 habere
3129 4205 3330 4242 uxorein
3369 4187 3539 4255 fratris

1957 4296 2030 4350 tui
2069 4293 2270 4366 (Marc.
2301 4308 2374 4356 γι,
2400 4290 2526 4358 18).
2563 4287 2669 4341 Lex
2711 4285 2852 4340 enim
2895 4298 3011 4353 qua!
3045 4282 3145 4335 hoc
3187 4280 3445 4349 jusserat,
3475 4277 3542 4330 de

1959 4386 2066 4442 illis
2102 4386 2334 4456 jusserat
2376 4383 2464 4452 qui
2504 4388 2840 4435 morerentur
2877 4379 2993 4430 sine
3022 4374 3223 4439 liberis,
3252 4382 3308 4426 ut
3335 4373 3536 4441 accipe-

1959 4486 2080 4532 rent
2105 4477 2294 4530 fratres
2320 4489 2513 4528 uxores
2554 4473 2773 4526 fratrum
2801 4482 3017 4523 suorum
3039 4507 3055 4532 ,
3088 4475 3140 4519 et
3165 4463 3546 4519 rcsuseitarent

1959 4583 2141 4623 semen
2159 4564 2412 4620 fratribus
2429 4564 2557 4617 suis.
2579 4562 2676 4616 Ubi
2705 4561 2802 4615 ista
2834 4574 2991 4612 causa
3011 4571 3115 4610 non
3137 4565 3270 4620 erat,
3295 4553 3423 4608 nihil
3445 4554 3542 4606 nisi

1961 4659 2124 4714 libido
2153 4667 2286 4714 erat.
2316 4657 2464 4711 llalic
2485 4654 2758 4709 libidinem
2785 4652 3016 4706 Joannes
3046 4649 3336 4719 arguebat,
3369 4655 3541 4701 castus

1962 4749 2218 4804 incestum
2246 4765 2258 4800 :
2290 4746 2409 4815 quia
2432 4756 2484 4799 et
2507 4743 2633 4798 illud
2655 4741 2794 4813 quod
2826 4741 3100 4811 figurabat,
3125 4739 3228 4794 tale
3257 4749 3355 4803 est,
3387 4737 3548 4790 Illum

1963 4849 2156 4911 oportet
2177 4855 2416 4902 crescere,
2446 4854 2523 4890 me
2551 4845 2717 4890 autem
2746 4836 2904 4888 minui
2930 4833 3100 4904 (Joan.
3138 4848 3225 4898 ιιι,
3259 4832 3374 4900 50).
3405 4831 3550 4884 Prm-

1964 4940 2172 5000 ceptum
2201 4930 2310 5000 jam
2339 4928 2548 4995 fuerat,
2579 4936 2636 4981 ut
2663 4927 2707 4981 si
2729 4925 2846 4995 quis
2866 4925 2979 4978 sine
2999 4923 3203 4978 semine
3231 4928 3543 4984 moreretur,

1963 5022 2053 5091 qui
2083 5020 2249 5090 magis
2289 5019 2616 5088 propinquus
2642 5024 2814 5082 esset,
2841 5015 3106 5084 acciperet
3133 5027 3352 5067 uxorem
3391 5011 3505 5077 ejus
3527 5043 3543 5071 ,

1964 5121 2019 5167 et
2044 5112 2324 5167 suscitaret
2344 5127 2527 5165 semen
2567 5109 2714 5164 fratri
2742 5123 2858 5163 suo.
2888 5105 3084 5176 thuid
3112 5105 3253 5158 enim
3283 5103 3383 5156 hoc
3411 5101 3550 5155 Deus

1975 5211 2334 5277 praeceperat,
2365 5202 2466 5256 nisi
2507 5209 2566 5255 ut
2611 5215 2676 5256 eo
2727 5199 2884 5254 modo
2936 5193 3323 5265 signiﬁcaretur
3364 5207 3550 5247 semen

1967 5297 2326 5353 suscitandum
2353 5295 2527 5350 fratris
2559 5293 2624 5348 ad
2653 5292 2826 5347 fratris
2856 5287 3074 5344 nomen?
3106 5285 3218 5340 [loc
3247 5285 3386 5339 enim
3412 5302 3550 5354 pra:-

1968 5399 2178 5459 ceptum
2209 5397 2357 5454 erat,
2385 5397 2440 5440 ut
2467 5385 2555 5456 qui
2603 5383 2724 5438 inde
2749 5389 3076 5444 nasceretur,
3103 5392 3295 5430 nomen
3334 5375 3552 5428 haheiet

2033 5565 2104 5627 (a)
2138 5569 2288 5627 Deest
2307 5559 2543 5627 nonnihil,
2565 5572 2661 5622 quo
2675 5557 2926 5627 superiora
2948 5549 3554 5627 nectebanturicu‘mgsub-

1971 5611 2294 5690 sequentibus
2315 5611 2638 5685 verbis,
2659 5611 2865 5670 antehac
2882 5617 3044 5690 locum
3067 5611 3556 5690 superiusﬁdes‘igna-

1973 5676 2076 5740 tum
2099 5693 2468 5750 occupaverant,
2492 5676 2843 5750 atqueeorum
2882 5679 2988 5750 loco
3009 5679 3059 5726 in
3083 5677 3191 5726 aliis
3213 5676 3362 5746 editis
3385 5681 3437 5750 et
3451 5687 3559 5750 pia-

1976 5734 2241 5814 Rudini;
2255 5734 2390 5798 libris
2413 5734 2594 5796 inserta
2617 5745 2695 5793 hic
2718 5749 2824 5792 erat
2847 5742 2998 5804 prima
3023 5752 3133 5804 pars
3155 5736 3392 5788 sermonis
3421 5734 3522 5786 liti.
