3996 6180
492 289 515 342 Ι
525 287 629 341 885

488 398 740 454 defunctl.
775 398 1060 453 Defunctus
1087 409 1167 453 est
1208 396 1485 461 Christus,
1511 403 1829 464 acceperunt
1873 392 2058 459 conju-

487 507 605 561 gem
635 491 750 559 ejus
771 490 1008 559 Apostoli
1037 489 1353 544 Ecclesium.
1371 488 1514 552 Quos
1544 486 1609 540 de
1635 486 1721 539 illa
1740 490 2058 554 genuerunt,

488 598 590 636 non
624 582 924 646 Paulianos,
950 592 1041 634 aut
1072 580 1347 634 Petrianos
1367 620 1380 643 ,
1410 578 1501 632 sed
1530 576 1859 630 Christianos
1894 572 2062 627 nomi-

487 684 761 728 naverunt.
794 673 1102 741 Loquantur
1129 684 1256 739 ergo
1276 669 1390 723 hinc
1417 669 1523 723 duo
1559 667 1728 720 amba:
1755 666 2057 734 passiones:

486 762 644 815 Illum
667 772 859 830 Oportet
879 777 1098 814 crescere
1121 802 1135 824 ,
1176 777 1255 813 me
1281 771 1447 813 autem
1495 758 1673 811 minui.
1704 756 1798 810 Ille
1823 755 1987 809 crevit
2010 755 2061 807 in

485 854 647 920 ligno,
678 852 761 905 hic
786 861 867 905 est
895 851 1185 905 diminutus
1210 851 1261 904 in
1295 851 1451 905 ferro.
1481 849 1695 903 Locutze
1717 855 1840 901 sunt
1868 858 1921 900 et
1944 861 2063 913 pas-

482 944 659 997 siones
690 944 789 997 hoc
832 944 1142 1015 mysterium
1170 986 1184 1009 ,
1229 944 1514 1012 loquantur
1560 951 1613 996 et
1654 941 1788 994 dies.
1820 939 2063 993 Nascitur

481 1030 745 1100 Christus,
774 1045 828 1088 et
854 1044 1143 1104 augentur;
1173 1035 1405 1088 nascitur
1445 1033 1697 1097 Joannes,
1728 1039 1782 1084 et
1809 1030 2060 1083 minuun-

481 1134 587 1179 tur.
646 1126 909 1181 Minuatur
950 1142 1076 1196 ergo
1120 1127 1292 1180 honor
1344 1125 1609 1188 hominis,
1662 1132 1914 1193 augeatur
1961 1120 2059 1173 ho-

482 1233 581 1270 nor
632 1218 761 1283 Dei;
811 1227 867 1272 ut
910 1218 1081 1272 honor
1127 1218 1354 1272 hominis
1403 1218 1701 1271 inveniatur
1749 1216 1799 1269 in
1856 1214 2058 1267 honore

484 1308 595 1361 Dei.

871 1443 1099 1497 SERMO
1136 1442 1476 1497 CCCLXXXI
1514 1447 1531 1465 ·
1572 1443 1664 1511 (α).

743 1586 807 1627 De
832 1578 973 1627 Natali
997 1577 1318 1640 apostolorum
1335 1580 1459 1629 Petri
1482 1586 1533 1629 et
1555 1578 1680 1627 Pauli
1698 1578 1786 1641 (ὁ).

555 1701 694 1755 l’ctri
720 1711 773 1756 et
797 1702 942 1756 Pauli
976 1704 1334 1770 apostolorum
1360 1704 1474 1758 dies
1495 1746 1509 1769 ,
1551 1704 1604 1756 in
1630 1718 1734 1772 quo
1761 1701 2056 1772 triumpha-

482 1792 585 1845 lem
611 1807 859 1847 coronam
878 1833 891 1856 ,
925 1793 1133 1847 devicto
1157 1794 1388 1858 diabolo,
1439 1803 1744 1849 meruerunt
1762 1835 1776 1857 ,
1804 1802 2057 1863 quantum

480 1881 617 1936 ﬁdes
658 1883 893 1937 Romana
946 1892 1197 1946 testatur,
1242 1885 1527 1939 hodiernus
1580 1895 1680 1939 est.
1726 1884 1928 1950 Quibus
1969 1898 2059 1939 so—

480 1972 670 2026 lemnis
717 1972 972 2027 festivitas
1020 1974 1334 2039 exhibetur,
1380 1975 1633 2029 solemnis
1669 1976 1828 2029 etiam
1878 1988 2057 2029 sermo

482 2063 753 2118 reddatur.
779 2065 987 2119 Laudes
1012 2066 1229 2119 audiant
1256 2081 1285 2119 a
1312 2066 1482 2131 nobis,
1512 2078 1698 2134 preces
1716 2065 1939 2120 fundant
1960 2080 2055 2135 pro

483 2153 655 2206 nobis.
682 2152 830 2208 Sicut
852 2154 1130 2209 traditione
1156 2164 1359 2224 patrum
1384 2156 1650 2225 cognitum
1680 2156 1933 2210 memoria
1966 2171 2053 2210 re-

481 2242 693 2305 tinetur,
725 2257 828 2295 non
862 2258 965 2296 uno
994 2243 1079 2297 die
1107 2244 1245 2311 passi
1268 2252 1389 2297 sunt
1416 2259 1510 2312 per
1528 2244 1648 2297 caeli
1675 2244 1841 2313 spatia
1863 2245 2054 2298 decur-

479 2337 648 2383 rente.
696 2329 945 2384 Natalitio
989 2347 1116 2400 ergo
1158 2332 1298 2386 Petri
1330 2348 1518 2401 passus
1565 2340 1648 2386 est
1688 2334 1914 2397 Paulus,
1948 2350 2055 2387 non

478 2437 582 2489 quo
612 2435 675 2474 ex
703 2429 852 2475 utero
877 2423 1061 2475 matris
1092 2423 1141 2475 iu
1184 2439 1456 2478 numerum
1486 2424 1632 2477 fusus
1656 2433 1735 2477 est
1758 2424 2051 2489 hominum,

478 2510 573 2562 sed
597 2525 702 2578 quo
728 2525 791 2563 ex
831 2512 1040 2564 vinculo
1086 2512 1260 2565 carnis
1307 2512 1356 2564 in
1386 2513 1555 2565 lucem
1588 2522 1740 2565 natus
1769 2524 1850 2566 est
1877 2514 2054 2581 Auge-

478 2602 691 2666 lorum;
721 2618 780 2654 ae
813 2618 904 2670 per
925 2601 1025 2656 hoc
1057 2603 1124 2654 ita
1150 2602 1341 2670 singuli
1380 2602 1494 2655 dies
1518 2602 1623 2654 dati
1663 2611 1786 2654 sunt
1813 2603 2053 2667 duobus,

479 2700 537 2743 ut
558 2706 698 2743 nunc
722 2706 857 2744 unus
889 2691 1187 2745 celebretur
1211 2691 1489 2744 ambobus.
1523 2690 1764 2759 Magnum
1796 2691 1898 2745 hoc
1923 2691 2053 2745 mihi

478 2780 686 2846 signum
730 2779 937 2832 videtur
965 2795 1083 2833 esse
1124 2780 1460 2834 concordiae:
1491 2782 1795 2849 eoapostolo
1822 2797 1920 2835 suo
1959 2798 2051 2836 no-

478 2870 730 2923 vissimus
758 2870 927 2938 primo
952 2912 966 2936 ,
998 2870 1085 2939 qui
1108 2870 1173 2923 ad
1202 2870 1445 2925 eumdem
1489 2871 1627 2924 diem
1655 2882 1871 2926 vocatus
1895 2874 2053 2928 adve-

477 2959 572 3021 nit,
601 2959 665 3013 ad
699 2959 941 3012 eumdem
972 2960 1111 3014 diem
1138 2969 1418 3015 coronatus
1450 2963 1697 3015 occurrit.
1730 2963 1949 3017 Electus
1972 2970 2069 3018 est'

478 3048 568 3103 ille
588 3058 711 3103 ante
742 3050 949 3102 Dotniui
996 3051 1295 3119 passionem
1320 3092 1333 3115 ,
1365 3052 1462 3105 iste
1509 3060 1627 3120 post
1663 3054 2049 3107 ascensionem.

474 3140 671 3195 Ordine
700 3144 947 3211 temporis
984 3143 1240 3211 impares,
1269 3144 1562 3198 :eternitate
1593 3144 1856 3199 fclicitatis
1885 3162 2055 3215 aequa-

474 3232 556 3285 ies
583 3250 595 3282 :
629 3232 715 3285 ille
740 3246 802 3285 ex
833 3233 1127 3300 piscatore,
1161 3234 1258 3286 iste
1282 3248 1346 3287 ex
1379 3244 1734 3302 persecutore.
1766 3235 1823 3289 In
1851 3236 1940 3289 illo
1966 3237 2051 3290 in-

475 3325 624 3377 firma
675 3324 855 3377 mundi
914 3325 1077 3378 electa
1127 3334 1287 3388 sunt,
1346 3333 1402 3378 ut
1460 3326 1853 3380 confundantur
1897 3327 2051 3382 fortia

477 3414 674 3483 (lCor.
709 3430 761 3476 t,
792 3413 892 3483 ‘27)
929 3432 942 3469 :
985 3414 1034 3467 iu
1085 3415 1185 3468 isto
1214 3415 1500 3468 abundavit
1543 3425 1838 3484 peccatum,
1872 3425 1929 3471 ut
1955 3431 2049 3471 su-

475 3503 862 3571 perabundaret
880 3504 1045 3571 gratia
1078 3504 1094 3569 (
1118 3504 1266 3556 Rom.
1299 3521 1332 3558 v
1353 3546 1367 3570 ,
1398 3505 1468 3558 ‘20
1490 3504 1532 3576 ).
1576 3506 1631 3559 In
1675 3516 1898 3576 utroque
1941 3524 2053 3562 ma-

473 3608 575 3661 gna
607 3593 698 3646 Dei
728 3594 892 3660 gratia
937 3602 1092 3662 atque
1122 3594 1237 3662 ejus
1262 3595 1426 3663 gloria
1472 3597 1691 3661 claruit,
1734 3600 1820 3667 qui
1865 3615 2050 3654 eorum

474 3682 601 3735 fecit
651 3682 834 3734 merita
859 3721 875 3747 ,
907 3697 1010 3735 non
1061 3684 1276 3737 invenit.
1306 3685 1439 3750 Quid
1482 3688 1619 3739 enim
1664 3688 1804 3742 aliud
1834 3689 2052 3744 demon-

475 3782 645 3825 strare
670 3772 913 3841 dignatus
931 3784 1044 3837 est,
1078 3774 1166 3842 qui
1191 3774 1254 3827 ad
1297 3791 1515 3842 regnum
1550 3778 1717 3845 primo
1748 3794 1936 3833 vocare
1960 3796 2053 3833 γοο

476 3862 571 3914 luit
598 3863 886 3930 piscatores
908 3905 922 3928 ,
954 3872 1133 3932 postea
1166 3873 1444 3919 vocaturus
1478 3867 1843 3935 imperatores,
1869 3870 1966 3923 nisi
1994 3883 2052 3926 ut

474 3954 559 4021 qui
584 3955 845 4024 gloriatur,
873 3955 924 4007 in
950 3954 1162 4008 Domino
1188 3956 1429 4023 glorietur
1449 3958 1466 4027 (
1490 3956 1510 4010 Ι
1540 3956 1654 4011 Cor.
1688 3976 1737 4024 ι,
1769 3961 1826 4014 51
1844 3961 1860 4030 )
1878 3962 1901 4013 ?
1920 3962 2051 4017 Nam

476 4046 654 4115 utique
685 4046 934 4100 nobilium
961 4086 975 4110 ,
1013 4046 1327 4112 doctorum,
1370 4058 1638 4117 potentum
1680 4065 1785 4104 non
1824 4052 2050 4108 salutem

474 4137 823 4205 contempsit.
852 4137 1043 4205 quibus
1080 4137 1332 4205 ignobiles
1353 4178 1367 4199 ,
1400 4136 1673 4207 imperitos
1710 4140 2051 4213 infirmosque

476 4226 778 4291 praeposuit.
800 4225 904 4278 Sed
928 4227 1023 4278 nisi
1044 4227 1188 4293 prius
1209 4227 1490 4295 eligeretur
1507 4227 1675 4283 vilitas
1698 4230 2048 4300 infirmorum,

476 4331 579 4366 non
604 4322 878 4368 sanaretur
905 4315 1104 4370 inflatio
1134 4316 1499 4385 superborum.
1530 4319 1585 4374 Si
1607 4322 1751 4390 prius
1780 4337 1809 4375 a
1841 4323 2051 4377 Christo

475 4405 662 4458 divites
708 4414 1056 4470 vocarentur,
1089 4416 1333 4474 putarent
1385 4418 1436 4461 et
1468 4409 1705 4465 dicerent
1754 4428 1857 4465 non
1898 4413 1948 4465 in
1993 4429 2051 4469 se

476 4495 697 4547 electam
726 4494 827 4547 nisi
855 4495 1176 4564 opulentiam
1200 4538 1212 4559 ,
1247 4497 1542 4553 facundiam
1568 4541 1580 4562 ,
1611 4501 1930 4571 eloquentia:
1950 4505 2048 4558 do-

476 4584 719 4649 ctrinam,
754 4586 988 4640 scientiae
1012 4588 1371 4657 splendorem,
1399 4590 1754 4657 nobilitatem,
1784 4599 2053 4664 generosi-

478 4683 637 4728 tatem
661 4715 677 4741 ,
710 4678 1153 4746 tranquillitatem
1180 4720 1195 4745 ,
1241 4682 1467 4750 regalem
1510 4693 1854 4752 potestatem;
1894 4698 2055 4758 atque

478 4766 545 4818 ita
580 4769 954 4836 temporalibus
983 4779 1037 4823 et
1076 4773 1416 4828 sweularibus
1462 4773 1800 4832 felicitatibus
1829 4781 2047 4846 tumidi,

477 4866 721 4925 tanquam
745 4858 841 4926 ipsi
875 4860 1016 4927 prius
1060 4860 1273 4915 Christo
1298 4862 1601 4919 conferrent
1650 4866 1789 4936 quod
1836 4879 2044 4933 essent,
2079 4910 2084 4927 .

470 4956 533 5000 ut
561 4947 636 5000 eis
665 4946 753 5001 ille
782 4948 1045 5003 videretur
1072 4951 1311 5017 reddere,
1344 4970 1446 5007 non
1477 4954 1695 5020 donare,
1727 4958 1865 5026 quod
1892 4958 2047 5013 futuri

473 5037 826 5107 rsseutgratia
842 5038 953 5102 Dei,
974 5056 1070 5093 nec
1084 5041 1447 5110 intelligerent,
1468 5061 1560 5099 nec
1573 5054 1827 5102 tenerent.
1845 5051 2050 5114 Quanto

475 5145 601 5199 ergo
633 5145 771 5184 nunc
792 5131 1016 5197 melius,
1050 5141 1247 5201 quanto
1286 5134 1611 5204 ordinatius,
1644 5140 1790 5208 prius
1812 5143 1961 5194 erexit
1990 5144 2051 5196 de

475 5231 604 5273 terra
631 5222 826 5291 inapem
846 5264 860 5287 ,
900 5224 1026 5277 etde
1051 5233 1264 5278 stercore
1292 5227 1527 5280 exultavit
1549 5246 1837 5298 pauperem,
1866 5241 1917 5283 ut
1942 5236 2049 5285 col-

473 5315 656 5367 locaret
673 5331 783 5368 eum
803 5331 912 5367 cum
932 5317 1208 5383 potentibus
1226 5320 1401 5389 populi
1421 5320 1501 5373 sui
1514 5318 1684 5390 (Psal.
1702 5324 1972 5393 cxu,7,8);
1995 5334 2052 5380 ut

1733 275 1787 329 S.
1820 273 2181 331 AUGUSTINI
2222 274 2518 330 EPISCOPI

3621 285 3763 343 i583

2170 405 2363 446 munus
2389 390 2748 461 intelligentiae
2782 400 2943 463 atque
2965 394 3221 450 doctrinae
3234 410 3340 450 non
3359 396 3531 453 solum
3556 413 3623 453 es
3648 399 3765 455 Deo

2168 498 2328 554 esset,
2360 488 2451 543 sed
2480 489 2638 543 etiam
2657 499 2713 544 ut
2730 504 2794 543 es
2820 489 2926 545 Deo
2942 506 3062 546 esse
3081 489 3528 561 appareretmum
3561 505 3758 563 quanta

2167 578 2343 647 itaque
2368 578 2549 632 lartitia
2571 588 2624 633 et
2641 588 2835 647 quanta
2849 579 2942 633 Dei
2958 580 3124 649 gloria
3154 591 3469 635 contuemur
3485 583 3552 637 ab
3578 583 3758 637 animo

2167 669 2441 737 piscatoris
2452 670 2718 722 contemni
2734 683 2864 738 opes
2890 669 3262 738 imperatoris?
3288 668 3432 723 fundi
3453 686 3636 739 preces
3652 672 3755 725 im-

2166 761 2430 829 peratoris
2465 760 2531 813 ad
2575 760 2880 815 Memoriam
2909 762 3224 829 piscatoris?
3246 771 3301 815 ut
3334 778 3433 816 nec
3461 764 3552 817 ille
3589 780 3658 819 ex
3688 779 3757 818 eo

2166 851 2307 920 quod
2355 868 2460 905 non
2509 851 2727 917 habuit,
2756 852 2997 921 jaceret;
3028 854 3245 908 neciste
3287 870 3349 907 ex
3388 870 3453 908 eo
3487 854 3627 924 quod
3658 854 3753 909 ha-

2165 941 2311 1007 buit,
2342 945 2661 1012 superbiret.
2694 944 2940 999 Jamvero
2963 946 3089 998 illud
3117 946 3257 1015 quod
3288 948 3504 1000 Paulum
3534 963 3598 1000 ex
3625 963 3749 1015 per-

2165 1044 2408 1089 secutore
2444 1049 2542 1089 suo
2584 1035 2985 1104 praedicatorem
3030 1052 3183 1090 suum
3224 1035 3467 1091 Christus
3498 1047 3751 1106 operatus

2164 1134 2245 1178 est
2265 1164 2280 1189 ,
2310 1124 2434 1193 quid
2462 1125 2634 1178 valeat
2655 1125 2719 1178 ad
2750 1126 2973 1179 salutem
3005 1125 3274 1179 hominum
3302 1168 3317 1192 ,
3357 1142 3423 1181 ne
3465 1128 3749 1197 quisquam

2165 1230 2473 1284 magnarum
2502 1215 2601 1269 sibi
2633 1216 2877 1270 conscius
2918 1217 3250 1286 iniquitatum
3278 1217 3344 1270 de
3382 1216 3744 1273 misericordia

2165 1305 2259 1359 Dei
2288 1305 2477 1360 debeat
2512 1305 2795 1374 deSpcrare
2825 1346 2840 1371 ,
2873 1305 2985 1375 ipse
3028 1306 3204 1374 potius
3229 1306 3498 1375 apostolus
3525 1307 3745 1376 eloqua-

2165 1405 2266 1449 tur.
2294 1394 2582 1461 Humanus,
2608 1395 2795 1464 inquit,
2815 1412 2977 1448 sermo
3003 1406 3047 1449 et
3065 1398 3200 1449 omni
3223 1397 3517 1465 acceptione
3539 1397 3743 1465 dignus,

2156 1487 2278 1556 'quia
2310 1484 2536 1540 Christus
2559 1485 2712 1540 Iesus
2754 1488 2886 1539 venit
2932 1488 2983 1539 in
3006 1486 3138 1540 hunc
3184 1488 3426 1540 mundum
3467 1498 3747 1556 peccatores

2162 1579 2324 1632 salvos
2351 1580 2549 1649 facere,
2584 1594 2797 1647 quorum
2823 1580 3014 1646 primus
3029 1595 3119 1647 ego
3145 1594 3277 1632 sum.
3312 1579 3418 1633 Sed
3443 1580 3555 1631 ideo
3594 1581 3746 1632 mise-

2162 1669 2433 1722 ricordiam
2471 1678 2761 1722 consecutus
2809 1679 3030 1735 sum,ut
3060 1670 3111 1721 in
3149 1685 3227 1722 me
3265 1669 3427 1738 primo
3467 1667 3748 1723 ostenderet

2162 1759 2391 1814 Christus
2409 1758 2441 1812 J
2446 1776 2557 1812 esus
2578 1764 2774 1813 omnem
2792 1760 3244 1829 longanimitatem,
3257 1761 3325 1813 ad
3344 1762 3748 1831 informationem

2162 1867 2332 1905 eorum
2360 1850 2445 1918 qui
2476 1850 2715 1903 credituri
2741 1859 2858 1903 sunt
2880 1851 2957 1903 illi
2990 1851 3042 1903 in
3065 1851 3219 1904 vitam
3243 1860 3483 1905 aeternam
3515 1850 3575 1922 (l
3614 1850 3747 1903 Tim.

2160 1957 2178 1994 ι
2198 1983 2213 2006 ,
2244 1940 2329 2005 15,
2364 1940 2476 2009 16).
2507 1941 2635 2007 Quis
2656 1940 2797 1994 enim
2834 1943 2933 1996 sub
2958 1956 3115 1995 manu
3144 1941 3520 2011 omnipotentis
3551 1942 3748 1997 medici

2161 2031 2227 2086 de
2260 2031 2429 2085 salute
2456 2030 2701 2100 desperet
2731 2040 2876 2085 tanto
2916 2031 3229 2085 informatus
3260 2033 3507 2102 exemplo
3527 2074 3541 2098 ,
3568 2034 3747 2087 consi-

2160 2121 2353 2176 derans
2394 2122 2843 2191 evangelizantem
2890 2121 3047 2176 tidem
3078 2138 3233 2192 quam
3261 2124 3547 2193 aliquando
3574 2135 3748 2180 vasta-

2160 2214 2249 2268 bat
2269 2256 2283 2279 ,
2312 2229 2418 2268 non
2448 2215 2617 2269 solum
2639 2215 2872 2269 evasisse
2901 2230 3110 2283 poenam
3144 2218 3495 2285 persecutoris
3514 2259 3527 2281 ,
3557 2234 3748 2274 verum

2160 2307 2318 2361 etiam
2341 2320 2591 2359 coronam
2620 2306 2875 2360 meruisse
2902 2306 3155 2372 doctoris,
3178 2315 3233 2361 et
3261 2308 3410 2376 cujus
3432 2310 3745 2378 sanguinem

2160 2396 2213 2449 in
2247 2395 2360 2465 ejus
2386 2396 2638 2449 membris
2660 2396 2908 2463 cupiebat
2928 2395 3195 2449 smviendo
3224 2395 3445 2451 fundere
3468 2438 3481 2461 ,
3512 2411 3605 2465 pro
3630 2398 3747 2465 ejus

2160 2486 2376 2540 nomine
2422 2500 2575 2538 suum
2622 2488 2933 2554 sanguinem
2983 2486 3254 2540 credendo
3294 2487 3533 2542 fudisse?
3571 2488 3743 2543 liabet

2160 2590 2286 2644 ergo
2314 2574 2481 2628 Roma
2530 2582 2690 2643 caput
2734 2574 2969 2643 gentium
2995 2614 3008 2637 ,
3040 2574 3147 2628 duo
3182 2574 3376 2628 lumina
3417 2577 3653 2645 gentium
3678 2577 3746 2631 ab

2159 2665 2249 2718 illo
2268 2679 2489 2719 accensa
2515 2706 2530 2731 ,
2563 2665 2651 2733 qui
2682 2665 2941 2718 illuminat
2973 2680 3185 2719 omnem
3218 2666 3485 2719 hominem
3517 2668 3738 2721 venien-

2160 2764 2264 2807 tem
2294 2754 2345 2807 in
2390 2754 2531 2808 hunc
2560 2753 2813 2807 mundum
2846 2772 2858 2805 :
2886 2770 3070 2819 unum,
3103 2755 3153 2808 in
3182 2770 3287 2824 quo
3319 2756 3456 2810 Deus
3482 2757 3743 2824 abjcctam

2158 2845 2408 2897 exultavit
2448 2843 2830 2911 humilitatem;
2858 2846 3081 2899 alterum
3107 2886 3122 2909 ,
3150 2846 3202 2898 in
3246 2861 3350 2915 quo
3392 2845 3745 2905 damnandam

2157 2936 2361 2989 sanavit
2390 2935 2740 3004 iniquitatem.
2777 2936 2831 2988 In
2866 2936 2954 2988 illo
2983 2935 3253 2989 discamus
3299 2951 3403 2989 non
3429 2936 3742 3005 superbire;

2158 3024 2210 3078 in
2240 3024 2361 3090 isto,
2393 3039 2502 3077 non
2530 3023 2833 3092 desperare.
2875 3023 3043 3090 Quam
3089 3024 3322 3078 breviter
3366 3041 3552 3094 magna
3591 3026 3746 3081 nobis

2157 3115 2399 3184 exempla
2425 3114 2698 3183 praemissa
2723 3124 2844 3167 sunt
2861 3155 2875 3179 ,
2906 3130 3062 3183 quam
3093 3115 3325 3169 salubria
3351 3132 3364 3180 ;
3390 3132 3507 3185 qua:
3529 3132 3745 3186 semper

2157 3220 2664 3272 commemoremus,
2711 3215 2764 3259 et
2802 3206 2850 3259 in
2891 3220 3075 3258 eorum
3121 3206 3276 3260 laude
3328 3207 3506 3262 lumen
3556 3224 3743 3263 verum

2157 3296 2572 3366 magnificemus.
2603 3296 2769 3350 Nemo
2808 3312 2934 3365 ergo
2963 3310 3021 3350 se
3051 3295 3118 3350 de
3141 3297 3297 3366 hujus
3320 3299 3496 3352 smculi
3524 3298 3742 3360 celsitu-

2156 3386 2278 3441 dine
2307 3386 2527 3441 extollat
2556 3404 2569 3439 :
2599 3386 2785 3440 Petrus
2815 3386 3044 3455 piscator
3071 3386 3183 3442 fuit.
3216 3386 3381 3440 Nemo
3412 3388 3741 3457 iniquitatem

2159 3478 2423 3547 propriam
2451 3476 2733 3546 cogitando
2756 3474 3173 3530 misericordiam
3198 3476 3290 3531 Dei
3320 3476 3578 3546 defugiat:
3600 3478 3741 3532 Pau~

2157 3567 2239 3620 lus
2265 3576 2571 3636 persecutor
2598 3566 2711 3621 fuit.
2744 3566 2834 3621 Ille
2872 3566 3038 3632 dicit,
3072 3566 3263 3621 Factus
3296 3578 3367 3620 est
3398 3566 3645 3622 Dominus
3660 3586 3743 3622 re-

2157 3655 2353 3724 fugium
2389 3672 2667 3725 pauperum
2710 3653 2879 3720 (Psal.
2908 3671 2962 3708 1X
2984 3696 2999 3720 ,
3031 3655 3118 3726 l0)
3152 3675 3164 3709 :
3191 3656 3289 3711 iste
3329 3656 3486 3722 dicit,
3519 3657 3743 3712 Doceam

2155 3746 2349 3815 iniquos
2370 3748 2475 3801 vias
2501 3755 2614 3800 tuas
2632 3788 2647 3810 ,
2688 3756 2733 3799 et
2769 3747 2912 3815 impii
2928 3748 2997 3800 ad
3022 3757 3067 3801 te
3086 3760 3433 3803 convertentur
3464 3749 3636 3823 (Psal.
3667 3766 3698 3807 ι.
3720 3791 3744 3818 ι

2158 3835 2268 3906 t5).

2542 3944 2772 4001 SERMO
2808 3943 3176 4001 CCCLXXXII
3206 3952 3221 3971 ο
3252 3949 3351 4017 (α).

2626 4064 2695 4106 De
2714 4063 2881 4107 saneto
2902 4058 3140 4119 Stephano
3161 4058 3253 4121 (lt).

2210 4181 2432 4236 CAPUT
2453 4181 2711 4236 PRIMUM
2720 4185 2833 4237 .—-l
2849 4223 2861 4235 .
2883 4182 3198 4251 Pra’ceptum
3216 4181 3276 4235 de
3290 4182 3558 4251 diligendis
3576 4186 3742 4241 inimi-

2156 4251 2245 4324 cis.
2267 4251 2419 4305 Jesus
2439 4250 2577 4324 filius
2593 4251 2734 4305 Nave
2753 4255 2802 4324 in
2820 4267 3003 4307 eremo
3017 4250 3296 4324 pugnabat,
3315 4263 3369 4307 et
3383 4250 3596 4324 Moyses
3612 4271 3739 4311 ora-

2156 4320 2248 4403 bat
2273 4339 2285 4373 :
2312 4337 2415 4374 non
2441 4320 2649 4403 quidem
2677 4322 2834 4376 ambo
2864 4320 3185 4403 pugnabant,
3213 4331 3265 4403 et
3288 4324 3446 4403 ambo
3473 4320 3737 4403 orabant;

2158 4391 2419 4464 sedimus
2462 4391 2761 4464 pugnabat,
2806 4403 2860 4446 et
2892 4391 3024 4464 alius
3051 4392 3256 4464 orabat.
3309 4393 3493 4446 Merito
3518 4397 3606 4463 qui
3635 4412 3736 4464 pu-

2158 4460 2381 4526 gnabat,
2422 4476 2525 4511 uun
2576 4461 2887 4527 delieiebat;
2931 4463 3051 4530 quia
3082 4463 3218 4515 alter
3240 4464 3443 4515 orando
3472 4460 3734 4519 vincebat.

2160 4530 2229 4582 Ita
2271 4539 2324 4582 et
2362 4546 2458 4599 ego
2504 4530 2648 4598 loqui
2690 4531 2901 4599 quidem
2930 4531 3147 4593 videor,
3172 4532 3265 4586 sed
3304 4533 3420 4586 aliis
3462 4534 3738 4589 orantibus

2158 4599 2347 4672 loquor
2369 4642 2396 4672 ,_
2434 4609 2508 4672 ut»
2530 4602 2772 4672 precibus
2801 4616 2983 4655 eorum
3018 4602 3287 4669 contingat
3314 4602 3438 4656 mihi
3464 4604 3604 4672 quod
3632 4604 3738 4657 Do-

2157 4670 2333 4723 tniuus
2354 4670 2444 4731 ait,
2476 4670 2632 4739 Aperi
2650 4687 2704 4722 os
2734 4680 2894 4731 tuum,
2926 4680 2969 4723 et
2990 4688 3080 4739 ego
3104 4671 3386 4739 adimplebo
3407 4670 3535 4725 illud
3558 4672 3735 4739 (Psal.

2158 4756 2291 4794 Lxxx
2313 4780 2326 4800 ,
2379 4740 2484 4807 il).
2543 4738 2599 4792 Si
2628 4739 2714 4793 ille
2740 4740 2805 4794 ab
2834 4755 2936 4793 uno
2968 4738 3167 4794 tantum
3208 4738 3389 4797 orante
3430 4743 3734 4813 juvabatur,

2218 4890 2235 4907 '
2261 4891 2546 4959 anendatus
2566 4892 2624 4940 ad
2640 4892 2761 4942 duos
2781 4906 2824 4941 c.
2847 4893 2899 4943 b.
2926 4901 2978 4944 et
2992 4894 3114 4943 duos
3134 4908 3183 4943 n.
3208 4894 3268 4944 ad
3289 4894 3350 4945 cl.
3371 4910 3443 4959 gr.
3464 4911 3502 4947 r.
3530 4914 3574 4947 ν.
3603 4908 3653 4950 et
3673 4902 3737 4951 ad

2156 4958 2255 4999 Am.
2282 4957 2350 4998 Er.
2389 4960 2489 5000 Par.
2513 4960 2621 5002 LO".

2220 5014 2291 5074 tu)
2328 5012 2467 5069 Alias,
2490 5013 2553 5062 de.
2577 5016 2756 5064 Sanctis
2777 5014 2825 5062 4.

2220 5072 2290 5135 (b)
2307 5075 2523 5135 Speciem
2538 5078 2766 5137 centenis
2789 5087 2887 5137 prae
2904 5088 2961 5124 se
2977 5077 3071 5126 fert
3091 5078 3355 5128 hicsermo.
3369 5081 3495 5130 Istud
3518 5082 3566 5130 in
3591 5095 3737 5131 exor-

2156 5135 2254 5194 dio,
2282 5136 2580 5201 eloquendo
2599 5138 2697 5201 jam
2724 5135 2816 5201 non
2842 5138 3031 5186 timebit
3052 5152 3133 5187 eor
3150 5154 3333 5198 meum,
3358 5158 3380 5185 ι
3414 5150 3527 5201 ete.,
3554 5156 3644 5191 nec
3666 5142 3729 5190 ad

2157 5198 2407 5265 superiora
2427 5230 2442 5253 ,
2467 5210 2558 5265 nec
2579 5198 2645 5265 ad
2672 5198 2896 5246 inferiora
2919 5202 3238 5265 connectitur.
3277 5201 3418 5250 Paulo
3451 5198 3556 5263 post
3600 5205 3733 5265 quod

2150 5256 2356 5319 legitur,
2389 5274 2410 5301 ι
2430 5259 2511 5325 uie
2532 5258 2754 5307 advertat
2772 5266 2933 5307 vestra
2950 5261 3195 5325 Sanctitas,
3214 5280 3236 5325 ν
3265 5256 3488 5324 usque,'¢
3512 5256 3732 5325 percepe-

2157 5317 2268 5385 runt
2303 5317 2575 5368 mercedem
2598 5333 2754 5379 suam,
2778 5336 2799 5363 ι
2830 5327 2991 5385 totum
3004 5320 3095 5385 hoc
3111 5317 3735 5385 \‘indinguseSSe'dieit'in-

2056 5400 2067 5403 ί
2157 5379 2513 5447 docuemanus
2544 5382 3086 5447 assutnentumatfobis,
3134 5379 3310 5444 [mter
3345 5384 3437 5433 alia
3478 5387 3729 5447 quaedam,

537 5491 553 5558 ς
590 5488 876 5558 fauendatus
898 5489 955 5538 ad
979 5489 1039 5558 e_l.
1065 5491 1114 5539 d.
1133 5505 1176 5558 ιζ.
1203 5500 1352 5558 rm.‘t.
1378 5501 1472 5544 vat.
1494 5500 1546 5546 et
1566 5494 1623 5543 ad
1646 5496 1779 5558 vign.

535 5548 609 5669 :0;
645 5548 786 5609 Alias,
811 5552 938 5599 inter
963 5553 1277 5615 Vignerianos
1293 5554 1341 5602 6.

559 5609 586 5656 b
644 5613 890 5669 Augustini
928 5626 1103 5662 nomen
1130 5616 1177 5664 in
1200 5624 1341 5665 veter

559 5609 608 5669 b)
644 5613 910 5683 Augustini.
928 5609 1103 5662 nomen
1130 5616 1177 5683 in
1200 5617 1452 5683 veteribus
1473 5619 1788 5683 _L_ectionarlis
1827 5620 2049 5683 praefert,

479 5681 639 5730 neque
662 5674 801 5721 stilus
816 5674 878 5722 ab
898 5674 1003 5735 ipso
1021 5678 1212 5726 omnino
1234 5677 1423 5727 ahenus
1441 5678 1646 5729 videtur.

2158 5442 2293 5490 venit
2315 5442 2364 5488 in
2387 5442 2708 5505 suspicionem
2731 5445 2875 5491 etiam
2898 5442 3013 5491 illud
3038 5444 3086 5492 in
3108 5442 3240 5493 num.
3255 5448 3302 5505 '5,
3327 5464 3347 5491 α
3362 5442 3729 5505 υἱδοοῖιιιεεηιζ

2165 5499 2715 5570 ᾳνιῖνρηςβιίειεξεεὺθι,
2736 5520 2759 5549 »
2791 5511 2884 5553 etc.
2927 5505 3110 5566 Quippe
3132 5499 3387 5570 Evangelia
3420 5510 3596 5570 scripta
3618 5499 3736 5570 ante

2157 5563 2381 5624 Stephani
2422 5563 2693 5631 passionem
2737 5578 2831 5614 non
2857 5563 3166 5631 eisuti—erunt.
3202 5563 3363 5631 simile
3382 5563 3636 5631 quidpiam
3663 5569 3737 5619 di-

2158 5633 2288 5672 ctum
2311 5631 2388 5673 est
2418 5636 2561 5686 supra
2585 5628 2633 5674 in
2656 5639 2882 5676 sermone
2900 5627 3010 5685 519,
3035 5642 3085 5676 n.
3101 5628 3149 5685 3,
3173 5629 3263 5678 sed
3285 5631 3351 5679 tbi
3374 5627 3561 5680 facilius
3581 5642 3734 5681 exat-

2161 5693 2307 5746 satur,
2333 5699 2426 5736 nec
2444 5686 2617 5737 sufﬁcit
2638 5695 2691 5738 ut
2711 5701 2871 5741 sermo
2888 5692 3148 5753 caeteroqui
3163 5692 3344 5753 probus
3364 5693 3666 5754 repudietur.
