4036 6188
407 306 543 364 £687

795 437 1022 493 SERMO
1050 435 1435 492 CCCLXXXI"
1461 441 1474 458 ‘
1509 438 1606 505 (α).

577 554 625 596 tn
647 547 729 597 die
752 549 1075 596 aimiversaria
1098 546 1408 594 ordinationis
1424 544 1708 607 episcOpalis
1727 547 1816 607 (b).

480 651 704 708 CAPUT
734 649 996 706 PRIMUM
1005 651 1118 703 .—-i
1134 689 1146 701 .
1172 648 1479 719 Episcopale
1493 667 1618 704 onus
1636 652 1884 719 quomodo
1901 669 1986 721 ge-

405 753 504 809 rat,
525 760 693 797 secum
707 743 1056 812 inquirendum
1074 741 1228 794 ducit.
1248 742 1339 795 Die
1357 742 1569 812 quidem
1587 743 1753 807 omni,
1771 752 1822 797 et
1839 745 2003 798 omni-

406 835 537 889 hora
563 877 578 901 ,
609 849 839 902 curaque
876 833 1094 887 omnino
1134 835 1386 888 continua
1408 876 1424 901 ,
1455 834 1783 889 dilectissimi
1803 877 1816 897 ,
1841 838 1984 905 cogi-

404 940 518 981 tare
545 927 705 980 debet
727 926 1025 994 episcopus,
1052 935 1261 994 quantae
1286 926 1695 995 dispensationis
1720 928 1981 982 sarcinam

404 1025 590 1084 gerat,
637 1016 844 1083 qualem
875 1015 942 1069 de
969 1016 1055 1070 illa
1093 1017 1351 1076 rationem
1383 1017 1608 1072 Domino
1633 1032 1730 1072 suo
1769 1018 1978 1072 reddat.

405 1103 784 1159 Verumtamen
813 1120 934 1160 cum
960 1104 1075 1159 dies
1113 1106 1506 1162 anniversarius
1531 1116 1728 1162 nostrae
1769 1108 1984 1161 ordina-

405 1197 567 1250 tionis
606 1197 843 1251 exoritur
863 1237 881 1265 ,
923 1207 1049 1251 tunc
1074 1199 1302 1253 maxime
1327 1213 1463 1254 onus
1494 1199 1648 1268 hujus
1675 1199 1835 1254 officii
1864 1210 1981 1254 tan-

402 1301 559 1353 quam
589 1295 712 1341 tunc
742 1288 969 1355 primum
1015 1286 1352 1356 imponatur,
1394 1289 1700 1342 attenditur.
1759 1289 1984 1344 Interest

405 1385 582 1429 autem
605 1374 748 1444 quod
768 1389 832 1428 eo
861 1375 948 1429 die
968 1417 983 1442 ,
1015 1389 1122 1444 quo
1145 1375 1196 1429 id
1224 1376 1370 1446 prius
1393 1378 1739 1446 suscepimus,
1777 1388 1980 1432 tantum

406 1465 857 1535 quemadmodum
882 1466 1171 1535 gerendum
1191 1476 1330 1522 esset
1355 1469 1706 1538 cogitavimus
1737 1487 1749 1522 :
1781 1477 1835 1523 at
1854 1485 1981 1524 vero

399 1558 848 1627 consequentibus
877 1557 1063 1613 diebus
1085 1599 1100 1624 ,
1151 1561 1522 1629 praecipueque
1566 1561 1656 1615 illo
1677 1601 1690 1625 ,
1723 1576 1828 1631 quo
1867 1562 1981 1631 ejus

400 1649 712 1703 solemnitas
762 1651 970 1720 agitur,
1013 1665 1120 1704 non
1165 1651 1336 1704 solum
1382 1651 1550 1708 futura
1596 1653 1744 1722 ejus,
1789 1669 1980 1726 quem-

398 1738 686 1794 admodum
732 1738 986 1808 deinceps
1029 1740 1142 1809 geri
1179 1740 1440 1805 debeant,
1484 1751 1634 1796 cauta
1668 1742 1984 1811 praevisione

397 1829 756 1895 consulimus;
788 1844 974 1884 verum
1013 1830 1173 1884 etiam
1203 1832 1468 1900 praeterita
1489 1873 1504 1896 ,
1534 1833 1979 1901 quemadmodum

397 1926 544 1985 gesta
573 1919 718 1984 sint,
759 1918 980 1972 sollicita
1009 1918 1376 1974 recordatione
1408 1920 1694 1975 recolimus
1729 1939 1741 1975 :
1772 1930 1830 1976 ut
1853 1937 1981 1977 nos-

399 2012 656 2081 metipsos
683 2012 734 2066 in
764 2011 1055 2066 benefactis
1095 2012 1364 2068 imitemur
1383 2055 1398 2078 ,
1427 2022 1482 2067 et
1516 2013 1560 2067 si
1591 2029 1692 2083 qua
1718 2013 1982 2084 culpanda

407 2104 770 2170 transierunt,
793 2120 864 2160 ne
887 2113 1196 2174 repetantur
1219 2120 1468 2160 curemus
1486 2148 1504 2173 ,
1549 2117 1606 2162 ut
1643 2108 1982 2177 ignoscantur

399 2211 650 2260 oremus;
679 2204 733 2250 et
758 2196 1149 2251 accusationem
1171 2197 1386 2262 diaboli,
1411 2197 1498 2253 ubi
1515 2213 1819 2268 possumus,
1836 2209 1983 2256 recte

398 2288 589 2358 agendi
618 2288 898 2348 sedulitate
913 2287 1210 2358 fugiamus;
1237 2290 1327 2346 ubi
1351 2300 1526 2346 autem
1545 2308 1649 2347 non
1674 2309 1982 2363 possumus,

399 2379 686 2434 confitendi
715 2380 908 2449 pietate
935 2381 1227 2436 vincamus.
1279 2381 1426 2437 Sicut
1454 2384 1596 2438 enim
1634 2385 1813 2440 futura
1850 2401 1979 2457 pec—

397 2479 514 2522 cata
535 2511 551 2536 ,
581 2469 898 2540 negligendo
918 2471 1178 2540 justitiam
1199 2514 1213 2536 ,
1242 2475 1680 2543 committuntur;
1729 2477 1800 2532 ita
1839 2493 1978 2546 prte-

402 2562 590 2626 terita,
621 2561 932 2631 injustitiam
961 2563 1293 2620 defendendo
1314 2606 1328 2629 ,
1360 2565 1654 2621 firmantur.
1679 2568 1827 2622 Sicut
1854 2585 1981 2640 ergo

397 2667 467 2706 ne
495 2652 623 2706 ﬁant
650 2654 908 2722 prospicit
931 2654 1184 2721 cbaritas,
1233 2656 1303 2708 ita
1329 2655 1465 2710 facta
1499 2657 1643 2711 delet
1669 2657 1978 2716 humilitas:

395 2753 455 2797 ut
491 2758 610 2810 quae
653 2744 762 2810 jam
810 2758 917 2797 non
964 2754 1188 2814 possunt
1213 2755 1358 2801 recte
1380 2747 1585 2816 agendo
1611 2763 1717 2803 non
1749 2750 1978 2819 admitti,

395 2833 604 2900 possint
639 2832 830 2888 saltem
877 2848 984 2888 non
1027 2835 1384 2904 su-perbiendo
1425 2836 1640 2892 dimitti.
1691 2839 1982 2896 Didicimus

395 2923 592 2993 quippe
618 2923 797 2979 dicere
827 2924 970 2978 Patri
1005 2936 1190 2981 nostro
1210 2969 1225 2994 ,
1253 2929 1348 2998 qui
1367 2937 1451 2984 est
1477 2930 1530 2984 in
1561 2931 1710 2986 caelis
1729 2973 1743 2995 ,
1774 2931 1983 2989 Dimitte

399 3018 542 3071 nobis
571 3019 738 3071 debita
766 3030 938 3073 nostra
959 3062 974 3086 ,
1019 3022 1144 3074 sicut
1169 3032 1214 3074 et
1237 3039 1328 3076 nos
1354 3024 1652 3078 dimittimus
1676 3025 1981 3080 debitoribus

397 3110 591 3163 nostris.
625 3109 836 3180 (Matth.
866 3126 941 3174 vr,
967 3110 1079 3180 12).
1117 3112 1271 3179 Quod
1293 3124 1350 3168 ut
1370 3116 1632 3170 veraciter
1654 3116 1831 3172 dicere
1860 3133 1982 3185 pos-

397 3202 585 3265 simus,
609 3202 767 3256 etiam
796 3202 1037 3257 inimicos
1064 3214 1276 3258 nostros
1323 3215 1532 3274 Oportet
1564 3209 1742 3277 utique
1786 3208 1977 3278 diliga-

395 3305 516 3344 mus
545 3307 556 3342 :
590 3306 723 3361 quos
749 3301 928 3347 tamen
955 3293 1156 3348 habere
1174 3335 1191 3361 ,
1220 3295 1319 3348 nisi
1347 3306 1568 3366 cogente
1603 3299 1805 3366 justitia
1827 3339 1844 3365 ,
1870 3315 1975 3354 non

395 3381 669 3435 debemus.
715 3382 846 3436 Nam
890 3383 934 3437 si
973 3383 1215 3438 homines
1256 3385 1409 3439 nobis
1450 3402 1546 3456 pro
1586 3390 1782 3442 nostris
1824 3392 1977 3444 malis

394 3473 607 3528 meritis.
629 3473 824 3528 inimici
852 3485 1009 3542 sunt,
1048 3491 1153 3530 non
1181 3479 1472 3532 curandum
1501 3489 1660 3535 estut
1693 3482 1770 3536 eis
1801 3482 1975 3538 debita

394 3562 741 3626 dimittamus,
771 3563 863 3617 sed
892 3564 1180 3619 timendum
1209 3568 1380 3634 potius
1407 3583 1474 3622 ne
1507 3569 1812 3624 reddamus.
1844 3571 1979 3638 Quo-

395 3651 536 3704 niam
566 3652 615 3704 si
661 3667 758 3706 nos
798 3655 988 3706 merito
1028 3665 1224 3708 nostra:
1255 3657 1548 3725 iniquitatis
1577 3659 1837 3728 oderunt,
1879 3677 1976 3717 nos

394 3755 579 3795 eorum
603 3781 619 3806 ,
657 3756 760 3795 non
791 3741 889 3810 ipsi
919 3744 1084 3797 nostri
1110 3753 1234 3797 sunt
1259 3745 1545 3804 debitores.

464 3830 688 3886 CAPUT
726 3831 789 3886 ll.
819 3864 888 3872 —
911 3833 965 3886 9..
998 3833 1316 3890 Debitoribus
1340 3839 1442 3893 suis
1465 3840 1696 3909 ignoscit.
1729 3843 1824 3898 Die
1850 3859 1980 3915 ergo

393 3924 497 3977 isto
525 3923 749 3978 solemni
790 3924 1129 3995 episcopatus
1168 3928 1304 3995 mei,
1339 3929 1485 3998 prius
1531 3933 1711 4000 paucis
1737 3934 1978 4005 alloquar

390 4013 663 4069 debitores
691 4030 862 4081 meos,
892 4015 983 4084 qui
1009 4015 1140 4071 mihi
1172 4019 1470 4077 nescientes
1494 4021 1631 4089 apud
1664 4022 1825 4078 Deum
1862 4025 1975 4078 suf-

391 4105 682 4175 fragantur,
716 4107 841 4161 dum
883 4106 1084 4162 faciunt
1112 4108 1289 4164 debita
1329 4127 1447 4180 qua:
1490 4112 1794 4182 dcmittam,
1835 4127 1892 4170 ut
1921 4127 1977 4172 et

393 4211 510 4248 mea
536 4195 664 4248 mihi
689 4196 864 4250 debita
901 4197 1100 4252 dimitti.
1119 4214 1444 4268 promerear.
1469 4202 1631 4258 Vobis
1657 4206 1833 4275 itaque
1853 4206 1974 4261 dico

351 4335 358 4341 ,
391 4287 507 4338 sive
538 4286 920 4354 pra-sentibus,
961 4289 1072 4342 sive
1115 4289 1452 4358 absentibus,
1495 4296 1686 4363 quibus
1730 4298 1974 4354 inimicus

391 4375 596 4429 efficior
622 4391 802 4430 verum
833 4377 1127 4444 przedicans
1151 4421 1166 4446 ,
1209 4381 1400 4449 quibus
1439 4387 1766 4441 consulendo
1792 4389 1975 4445 videor

392 4483 682 4534 onerosus,
727 4484 952 4548 quorum
987 4471 1263 4539 requirens
1304 4475 1580 4531 utilitatem
1619 4494 1780 4550 cogor
1808 4483 1976 4537 offen-

389 4557 517 4612 dere
540 4560 862 4613 volunlatcm
890 4579 901 4612 :
934 4561 1108 4616 Nolite
1130 4579 1237 4616 esse
1262 4570 1392 4618 sicut
1419 4583 1574 4636 equus
1593 4581 1640 4623 et
1662 4574 1847 4637 mulus,
1873 4592 1972 4629 non

391 4651 627 4705 habentes
657 4652 961 4706 intellectum
989 4655 1156 4723 (Psal.
1185 4672 1346 4720 xxxx,
1385 4656 1460 4730 9).
1492 4659 1622 4714 Nam
1657 4671 1709 4717 et
1747 4663 1861 4720 lure
1881 4667 1972 4735 ju-

389 4752 568 4797 menta
599 4757 692 4797 eos
721 4746 951 4799 maxime
978 4745 1120 4800 calce
1147 4763 1436 4818 morsuque
1481 4761 1755 4821 appetunt,
1791 4771 1820 4809 a
1851 4758 1968 4826 quio

379 4833 488 4892 bus
510 4845 785 4901 curantur,
819 4846 876 4890 ut
905 4847 1154 4892 curentur
1183 4855 1366 4896 eorum
1399 4843 1615 4898 vulnera
1637 4858 1972 4903 contrectan-

387 4937 492 4983 tur.
532 4924 647 4980 Non
679 4927 884 4996 parcis,
922 4916 1035 4982 ἰιοη
1067 4944 1225 4998 parco
1253 4951 1264 4985 :
1296 4933 1628 5001 adversaris,
1675 4938 1967 4996 adversor:

384 5019 590 5074 resistis
610 5061 624 5086 ,
657 5019 867 5074 resisto.
900 5020 1062 5075 Lucta
1094 5038 1191 5076 nos
1217 5037 1524 5096 comparat,
1556 5029 1652 5084 sed
1694 5047 1852 5086 causa
1880 5049 1966 5089 se-

384 5118 552 5178 parat.
584 5109 662 5164 Tu
691 5110 934 5167 inimicus
959 5125 1017 5166 es
1038 5112 1266 5180 medico,
1291 5130 1390 5186 ego
1411 5119 1598 5174 morbo
1624 5138 1636 5173 :
1666 5130 1720 5174 tu
1745 5121 1966 5193 diligen-

448 5249 462 5262 '
487 5246 775 5296 Fmendatus
797 5247 855 5296 ad
872 5247 994 5297 duos
1015 5247 1075 5298 cl.
1102 5246 1161 5298 ad
1181 5262 1253 5312 gr.
1275 5263 1340 5298 m.
1362 5264 1402 5298 r.
1428 5263 1519 5300 rm.
1546 5259 1581 5301 t.
1611 5261 1660 5303 et
1683 5255 1740 5304 ad
1768 5264 1865 5304 Am.
1892 5263 1965 5305 Er.

379 5314 483 5355 Par.
512 5314 620 5355 Lov.

440 5369 512 5427 (α)
547 5368 684 5427 Alias,
718 5368 780 5418 2i
803 5369 930 5418 inter
951 5370 1176 5420 Homilias
1196 5373 1274 5421 50.

442 5430 514 5491 (b)
541 5432 855 5497 Augustinum
889 5445 984 5497 non
1006 5435 1132 5493 sapit
1153 5434 1312 5493 stilus,
1337 5434 1554 5484 studiose
1580 5437 1776 5497 quidem
1799 5439 1966 5490 elabo-

379 5499 529 5558 ratus,
555 5493 643 5541 sed
669 5494 856 5558 inepte,
883 5494 1069 5558 absque
1091 5500 1198 5542 arte
1223 5503 1277 5544 et
1293 5498 1517 5558 ingenio;
1540 5493 1637 5558 quo
1655 5499 1707 5548 fit
1730 5508 1783 5549 ut
1806 5515 1967 5552 sermo

376 5553 704 5616 subobscurus
725 5553 803 5615 sit,
833 5554 956 5603 etin
982 5553 1039 5603 ea
1079 5567 1135 5602 re
1171 5567 1280 5616 qua:
1304 5553 1662 5608 commovendis
1697 5563 1966 5613 auditorum

376 5614 630 5683 affectibus
652 5615 717 5664 de
748 5627 810 5683 se
847 5617 1057 5683 maxime
1081 5614 1350 5683 comparata
1376 5627 1500 5676 erat,
1537 5619 1884 5683 frigidissimus.
1906 5653 1966 5662 -—

379 5674 520 5721 Aliter
547 5677 836 5746 Bossuetius.
855 5677 938 5746 qui
963 5689 1074 5746 eum
1098 5674 1225 5727 inter
1243 5674 1756 5746 genuinosaug'ustini
1780 5698 1964 5738 sermo-

382 5749 470 5796 nes
493 5735 851 5786 inscribendum
875 5735 1210 5790 arbitrabatur.
1245 5735 1253 5739 ’
1278 5748 1332 5793 lt.

1632 304 1690 360 s.
1732 260 2092 359 sucusriai
2134 301 2431 360 lZPlSCOPl

3540 320 3674 378 1688

2095 417 2180 473 tiae
2210 433 2369 485 mete,
2399 436 2497 490 ego
2527 425 2838 491 pestilentia:
2879 436 3002 481 ture.
3050 428 3434 500 Rctribuebant,
3473 435 3670 506 inquit,

2089 509 2214 562 mihi
2229 512 2363 564 mala
2379 529 2470 582 pro
2487 513 2650 578 bonis;
2667 531 2755 584 ego
2769 526 2935 570 autent
2948 519 3150 573 orabam
3169 520 3340 588 (Psal.
3359 541 3540 593 XXXIV,
3557 526 3647 602 12)
3659 571 3675 584 .

2089 599 2227 666 Quid
2257 603 2475 667 orabat,
2509 604 2640 670 nisi,
2678 605 2853 674 Pater,
2884 610 3083 679 ignosce
3123 613 3260 679 illis,
3301 617 3421 685 quia
3448 599 3677 675 nesciunt

2088 691 2210 758 quid
2234 693 2427 762 faciunt
2454 694 2603 763 (Luc.
2648 713 2783 750 χχιιι
2803 739 2817 764 ,
2855 699 2978 769 54)⁶2
3007 699 3132 755 Cum
3157 705 3293 758 vobis
3312 747 3326 770 ,
3361 706 3557 777 inquit,
3588 713 3674 766 de-

2089 785 2352 848 traxerint,
2385 795 2432 837 et
2461 787 2675 843 dixerint
2694 806 2840 842 omne
2866 792 3053 844 malum
3075 793 3337 851 adversum
3366 815 3449 852 vos
3471 813 3674 872 prapter

2077 874 2361 943 justitiam,
2394 878 2609 946 gaudete
2633 890 2680 933 et
2719 883 2966 937 exsultate
2988 925 3001 946 ,
3039 888 3280 955 quoniam
3306 906 3491 945 merces
3511 906 3674 949 vestra

2085 967 2243 1020 multa
2269 978 2340 1021 est
2365 970 2414 1022 in
2437 971 2573 1025 caelis
2598 971 2808 1040 (Matth.
2837 990 2894 1041 ν,
2930 977 2987 1029 Η
3017 987 3061 1031 et
3087 978 3197 1047 12).
3221 979 3328 1038 Vos
3359 993 3530 1042 tamen
3549 1002 3672 1046 cor-

2085 1056 2238 1126 rigite
2283 1062 2679 1126 perversitatem
2717 1073 2984 1130 vestram,
3034 1071 3305 1136 agnoscite
3350 1073 3670 1131 cliaritatem

2086 1158 2354 1215 nostram;
2413 1152 2620 1207 reddite
2668 1153 3007 1210 dilectionem
3054 1158 3374 1216 dilectioni:
3419 1166 3674 1222 nolumus

2085 1239 2338 1308 majorem
2367 1257 2486 1296 cum
2514 1252 2686 1298 vestra
2719 1245 3018 1314 perditione
3059 1251 3384 1305 mercedem.
3419 1255 3541 1310 Haec
3569 1257 3669 1312 de-

2084 1329 2343 1386 bitoribus
2384 1335 2544 1399 meis,
2580 1336 2769 1404 quibus
2798 1337 3038 1406 dimitto,
3084 1350 3141 1394 ut
3178 1341 3475 1399 dimittatur
3499 1348 3674 1417 mihi,

2085 1437 2225 1477 nunc
2254 1439 2421 1492 pauca
2448 1425 2780 1480 suffecerint.

2153 1513 2380 1570 CAPUT
2420 1516 2504 1570 Ill.
2537 1547 2607 1556 —
2634 1519 2685 1573 3.
2723 1517 2788 1572 In
2825 1522 3043 1590 gratiam
3081 1539 3193 1576 cum
3221 1525 3291 1577 eis
3317 1527 3481 1581 redire
3508 1533 3666 1600 cupit,

2084 1611 2137 1659 in
2180 1623 2393 1676 quorum
2441 1611 2568 1678 forte
2610 1609 2938 1676 o/I'ensionem
2959 1614 3191 1668 incurrit.
3234 1615 3492 1688 Deinceps
3540 1622 3669 1677 allo-

2083 1698 2278 1766 quendi
2311 1707 2436 1752 sunt
2464 1700 2736 1768 paululum
2769 1702 2929 1756 etiam
2967 1703 3041 1756 illi
3069 1705 3262 1773 quibus
3290 1707 3500 1764 debitor
3524 1728 3665 1768 sum.

2082 1788 2214 1843 Nam
2243 1789 2379 1843 sicut
2405 1791 2479 1844 ait
2504 1792 2808 1860 Apostolus,
2845 1791 3036 1847 Grarcis
3062 1805 3108 1847 et
3130 1796 3392 1864 Barbaris,
3424 1804 3673 1870 sapienti—

2083 1879 2173 1931 bus
2202 1888 2247 1932 et
2267 1880 2612 1949 insipientibus
2633 1883 2823 1936 debitor
2843 1901 2956 1936 sum
2985 1884 3157 1957 (Rom.
3182 1892 3220 1952 i,
3254 1890 3365 1954 14).
3397 1891 3526 1946 Nam
3551 1895 3676 1952 talis.

2082 1969 2292 2026 debitor
2319 1971 2477 2026 etiam
2503 1989 2602 2043 ego
2628 1989 2724 2043 pro
2752 1991 2989 2031 mearum
3023 1979 3216 2034 virium
3251 1983 3535 2052 exiguitate
3555 1985 3671 2040 dis-

2037 2087 2044 2096 -
2083 2063 2515 2132 pensationisqne
2537 2066 2890 2133 portiuncula.
2924 2083 3029 2121 non
3061 2071 3402 2138 quibusdam,
3431 2075 3526 2129 sed
3553 2090 3670 2130 om-

2083 2154 2239 2209 nibus
2268 2170 2405 2209 sum.
2437 2155 2633 2211 Verum
2673 2173 2813 2212 nunc
2851 2159 2918 2213 de
2951 2157 3035 2213 his
3075 2159 3266 2215 debitis
3292 2162 3497 2232 loquor,
3546 2182 3668 2235 quae

2082 2245 2211 2299 mihi
2241 2246 2468 2312 dimitti,
2501 2262 2606 2300 non
2647 2263 2675 2300 a
2703 2262 2790 2302 me
2831 2249 2970 2319 exigi
3000 2251 3174 2320 cupio.
3203 2251 3384 2322 Neque
3416 2255 3557 2308 enim
3587 2257 3666 2310 sic

2084 2343 2293 2390 tumore
2321 2351 2470 2390 vana:
2497 2338 2690 2391 mentis
2716 2338 2958 2401 extollor,
3006 2349 3064 2393 ut
3094 2340 3314 2395 audeam
3345 2343 3522 2398 dicere
3541 2387 3556 2409 ,
3598 2361 3668 2400 ex

2082 2441 2187 2496 quo
2217 2426 2374 2498 hujus
2402 2428 2639 2482 muneris
2666 2429 2928 2482 sarcinam
2962 2441 3134 2499 porto,
3165 2432 3363 2486 nullum
3396 2434 3675 2490 hominem-

2083 2533 2116 2572 a
2145 2533 2231 2572 me
2258 2533 2540 2588 perperam
2563 2519 2772 2573 laesum.
2804 2519 2914 2573 lloc
2939 2521 3157 2575 cuilibet
3177 2521 3375 2576 homini
3403 2533 3508 2578 tam
3533 2527 3668 2579 mul-

2084 2610 2152 2663 tis
2179 2618 2236 2664 et
2265 2619 2369 2664 tam
2411 2610 2652 2664 molestis
2676 2609 2881 2664 actibus
2916 2621 3174 2680 occupato
3212 2622 3372 2683 atque
3397 2615 3631 2670 distento
3648 2660 3672 2684 λ

2083 2716 2151 2754 ne
2177 2699 2348 2754 dicam
2375 2700 2722 2769 impossibile,
2754 2712 2898 2756 certe
2925 2702 3142 2757 difficile
3171 2715 3253 2758 est
3277 2723 3289 2757 :
3322 2715 3520 2775 quanto
3547 2724 3664 2762 ma-

2081 2793 2162 2862 gis
2190 2791 2349 2857 mihi,
2394 2793 2485 2862 qui
2530 2793 2655 2848 novi
2686 2793 3045 2850 infirmitatem
3091 2811 3297 2864 meam,
3341 2814 3499 2869 quam
3542 2816 3664 2856 cum

2083 2882 2216 2936 meis
2244 2891 2298 2936 et
2317 2898 2413 2952 pro
2434 2899 2522 2938 me
2551 2885 2738 2939 vestris
2762 2885 3090 2940 orationibus
3114 2885 3304 2943 diebus
3332 2903 3394 2943 ac
3421 2891 3671 2946 noctibus

2081 2974 2248 3029 offero
2288 2975 2577 3030 sanandam
2624 2976 2849 3030 Domino
2894 2977 3006 3031 Deo
3055 2979 3275 3033 nostro?
3326 2981 3663 3036 Diversarum

2082 3079 2209 3135 ergo
2232 3081 2476 3120 curarum
2507 3066 2724 3121 restibus
2756 3081 2816 3120 ac
2853 3065 3251 3124 difficultatibus
3281 3073 3625 3126 conturbatus
3647 3116 3659 3139 ,

2081 3157 2125 3208 si
2151 3172 2307 3226 quem
2336 3157 2470 3211 forte
2499 3174 2602 3212 non
2626 3167 2685 3212 ut
2712 3159 2962 3228 poscebat
2990 3159 3186 3227 audivi,
3219 3162 3264 3215 si
3285 3179 3439 3231 quem
3466 3165 3672 3218 tristius

2081 3264 2236 3318 quam
2275 3265 2409 3319 opus
2447 3261 2561 3304 erat
2597 3252 2808 3320 aspexi,
2852 3251 2894 3305 si
2939 3253 2990 3305 in
3027 3269 3183 3321 quem
3217 3255 3438 3307 verbum
3482 3255 3672 3310 durius

2081 3355 2238 3407 quam
2273 3341 2552 3408 oportebat
2576 3342 2757 3406 emisi,
2802 3342 2844 3394 si
2876 3358 3031 3411 quem
3058 3343 3219 3397 corde
3248 3345 3663 3400 contribulatum

2079 3439 2136 3485 et
2175 3432 2290 3500 opis
2325 3431 2557 3501 indigum
2599 3435 2947 3501 responsione
2984 3434 3269 3503 incongrua
3310 3437 3660 3502 conturbavi,

2078 3520 2124 3574 si
2149 3537 2305 3590 quem
2343 3537 2628 3591 pauperem
2657 3523 2785 3575 mihi
2818 3523 2949 3578 forte
2977 3525 3028 3577 in
3051 3525 3192 3578 aliud
3226 3526 3429 3580 intento
3462 3528 3660 3596 impor-

2080 3610 2256 3665 tunius
2281 3611 2568 3666 instantem
2595 3612 2678 3666 vel
2707 3613 3042 3680 praetermisi,
3066 3614 3148 3669 vel
3171 3614 3368 3680 distuli,
3396 3617 3475 3669 vel
3503 3617 3672 3670 ctiam-

2079 3711 2209 3758 nutu
2237 3717 2428 3772 aspero
2457 3703 2802 3766 contristavi;
2855 3705 2898 3757 si
2945 3705 3029 3758 cui
3075 3705 3142 3760 de
3189 3721 3272 3760 me
3311 3706 3426 3759 falsi
3465 3707 3661 3776 aliquid

2080 3799 2328 3861 tanquam
2359 3792 2560 3846 homini
2587 3792 2652 3846 de
2674 3793 2886 3846 homine
2927 3794 3216 3862 suspicanti
3239 3796 3384 3864 justo
3419 3797 3662 3850 acerbius

2077 3883 2379 3952 indignatus
2408 3898 2545 3949 smn,
2570 3882 2610 3936 si
2634 3882 2751 3950 quis
2773 3882 2826 3934 in
2855 3896 2946 3934 sua
2973 3884 3298 3937 conscientia
3322 3902 3426 3941 non
3449 3888 3662 3956 agnovit

2077 3973 2218 4043 quod
2257 3973 2324 4028 de
2368 3975 2455 4028 illo
2493 3974 2796 4026 humanitus
2835 3973 3130 4042 suspicatus
3157 3991 3312 4038 sum;
3347 3991 3440 4029 vos
3473 3978 3663 4046 quibus

2078 4080 2176 4136 pro
2197 4066 2281 4120 his
2303 4075 2461 4134 atque
2488 4065 2788 4134 hujnsmodi
2813 4064 3030 4119 offensis
3057 4081 3178 4119 esse
3207 4081 3291 4120 me
3319 4069 3487 4121 lateor
3509 4068 3661 4123 debi-

2076 4163 2246 4210 torem
2272 4197 2283 4220 ,
2315 4156 2473 4210 simul
2514 4171 2599 4209 me
2625 4165 2857 4210 vestrum
2888 4155 3086 4210 credite
3113 4155 3420 4210 dilectorem
3457 4159 3497 4210 ¹.
3527 4158 3672 4214 Nam

2077 4247 2278 4316 pullos,
2316 4263 2450 4318 quos
2481 4247 2652 4314 fovet,
2685 4264 2827 4318 srepe
2856 4250 2907 4302 in
2947 4249 3236 4318 angustiis,
3283 4249 3377 4303 sed
3413 4265 3516 4304 non
3551 4259 3663 4305 toto

2077 4339 2226 4407 pedis
2254 4338 2490 4407 pondere
2516 4339 2684 4392 calcat
2715 4348 2768 4393 et
2803 4341 2990 4406 mater,
3024 4354 3122 4393 nec
3152 4338 3270 4393 ideo
3308 4339 3504 4394 desinit
3541 4356 3661 4396 esse

2076 4439 2265 4486 mater.
2295 4429 2570 4494 Dimittite,
2595 4438 2650 4483 ut
2669 4429 2966 4484 dimittatur
2986 4430 3154 4484 vobis.
3179 4431 3439 4484 Dimittite
3461 4431 3666 4486 amanti.

2075 4538 2172 4577 vos
2201 4522 2377 4577 debita
2407 4522 2752 4589 difficultatis,
2783 4522 2872 4591 qui
2918 4536 3015 4576 nec
3057 4531 3243 4576 contra
3280 4521 3523 4576 inimicos
3560 4521 3660 4576 de-

2075 4617 2184 4671 bita
2215 4625 2400 4672 tenere
2425 4615 2630 4671 debetis
2659 4614 3009 4669 crudelitatis.
3042 4613 3121 4667 Ad
3150 4629 3442 4679 summam,
3473 4629 3662 4668 omnes

2077 4710 2320 4774 obsecro,
2349 4706 2743 4771 commendante,
2773 4722 2888 4773 vos,
2925 4707 3150 4762 Domino
3175 4721 3356 4760 curam
3383 4721 3479 4776 pro
3509 4706 3672 4760 vobis.

2075 4814 2284 4854 meam:
2319 4798 2442 4852 hinc
2471 4797 2614 4852 enim
2649 4797 2791 4866 juste
2827 4807 3017 4866 expeto
3048 4811 3146 4865 pro
3188 4812 3273 4851 me
3313 4805 3571 4861 vestram;
3604 4807 3662 4851 ut

2074 4888 2328 4959 quidquid
2355 4902 2593 4943 mearum
2625 4899 2708 4942 est
2735 4889 2787 4941 in
2819 4887 3141 4957 prmteritum
3169 4887 3519 4943 offensionum
3547 4904 3663 4957 pro-

2074 4980 2236 5049 pitius
2262 4979 2518 5049 ignoscat,
2549 4995 2655 5034 non
2683 4993 2904 5035 severus
2925 4988 3196 5049 agnoscat.
3222 4979 3374 5046 Quod
3405 4979 3533 5032 mihi
3559 4979 3658 5033 de-

2074 5071 2256 5138 inceps
2283 5070 2534 5139 temporis
2555 5069 2653 5124 sub
2675 5071 2772 5124 hac
2799 5071 3003 5124 sarcina
3029 5071 3149 5135 erit,
3182 5070 3282 5125 iter
3307 5078 3552 5139 agentem
3574 5085 3666 5124 reo.

2071 5169 2188 5230 gat,
2220 5169 2273 5215 et
2314 5162 2423 5214 suis
2448 5161 2616 5216 oculis
2643 5161 2939 5229 placentem
2971 5160 3225 5230 vobisque
3255 5161 3435 5214 utilem
3464 5159 3658 5224 faciat;

2072 5261 2132 5305 ut
2160 5268 2262 5306 non
2294 5251 2570 5306 horrorem
2609 5266 2672 5306 ac
2700 5267 2913 5322 poenam
2954 5268 3159 5318 meam,
3205 5252 3300 5308 sed
3326 5251 3575 5322 gaudium
3607 5263 3665 5313 ct

2072 5357 2323 5398 coronam
2350 5357 2523 5398 meam
2553 5358 2646 5399 vos
2681 5343 2796 5412 ejus
2821 5354 3141 5413 conspectus
3166 5345 3421 5401 inveniat.

2137 5503 2150 5532 ί
2189 5502 2259 5551 Sic
2290 5506 2395 5552 Mss.
2433 5509 2488 5551 Αι
2521 5501 2654 5563 editi,
2681 5499 2954 5551 debitorem.
