4036 6188
444 295 572 351 163i

452 414 588 468 enim
623 411 736 480 ipse
759 407 1012 462 Dominus
1037 404 1088 458 in
1118 398 1405 470 Evangelio
1434 397 1568 452 dixit
1592 415 1605 452 :
1633 395 1822 468 Diliges
1844 397 2023 464 proxi-

443 517 579 553 mum
593 511 829 567 tanquam
840 508 885 552 te
897 498 1060 566 ipsum
1075 491 1150 562 till
1158 493 1282 544 attlz.
1301 504 1428 554 χιιι,
1446 487 1556 559 59).
1572 487 2023 555 Tractemusergo

443 595 768 662 aliquantum
799 592 865 646 de
895 602 1076 642 amore
1103 585 1328 639 hominis
1351 584 1400 638 in
1425 582 1695 641 hominem
1723 599 1735 635 :
1761 581 1880 650 quia
1901 590 2024 634 sunt

441 701 654 739 amores
688 684 954 737 hominum
996 678 1250 748 perversi.
1285 676 1399 745 Ipse
1441 688 1690 744 perverse
1719 683 1860 725 amat
1887 673 2021 726 alte-

441 794 591 842 rum,
624 776 793 846 quiet
835 789 892 826 se
924 784 1172 840 perverse
1210 765 1504 834 amat:qui
1552 773 1731 818 autem
1775 773 1919 817 recte
1963 776 2023 816 se

441 880 613 932 amat,
661 878 714 922 et
769 867 992 918 alterum
1037 873 1181 916 recte
1225 869 1386 914 amat.
1439 858 1597 912 Verbi
1651 856 1852 926 gratia,
1899 865 2023 908 sunt

441 974 652 1013 amores
685 955 926 1024 ﬁagitiosi
947 997 962 1020 ,
993 951 1332 1007 detestabiles
1356 965 1369 1002 :
1397 963 1606 1003 amores
1634 947 2018 1008 adulterorum,
2047 1000 2049 1002 ,

439 1064 648 1103 amores
669 1058 1059 1116 corruptorum,
1086 1041 1343 1096 immundi
1370 1055 1599 1093 amores.
1626 1037 1792 1091 Malos
1809 1048 2019 1089 amores

439 1141 771 1194 detestantur
817 1153 1003 1191 omnes
1046 1138 1190 1204 leges
1236 1134 1508 1196 humanm,
1537 1141 1588 1184 et
1629 1130 1772 1198 leges
1801 1127 2015 1182 divinae.

438 1231 679 1285 Remove
701 1244 828 1298 ergo
856 1229 988 1282 istos
1018 1226 1228 1280 illicitos
1247 1267 1259 1289 ,
1287 1237 1586 1293 qumramus
1608 1221 1801 1274 licitos.

508 1321 561 1374 Ξ.
599 1320 746 1372 Liciti
774 1318 959 1371 amoris
987 1315 1192 1386 gradus.
1231 1312 1414 1382 Incipit
1441 1312 1614 1365 licitus
1648 1325 1798 1364 amor
1836 1324 1866 1362 a
1887 1323 2020 1362 con-

439 1413 621 1483 jugio;
655 1411 746 1464 sed
773 1409 942 1463 adhuc
968 1405 1196 1460 carnalis
1217 1413 1315 1458 est.
1342 1402 1547 1456 Videtis
1571 1400 1692 1470 quia
1722 1397 2022 1454 communis

438 1512 523 1557 est
545 1517 662 1556 cum
689 1500 965 1568 pecoribus
994 1515 1005 1548 :
1031 1505 1084 1550 et
1110 1509 1351 1564 passeres
1379 1493 1453 1546 illi
1484 1493 1571 1562 qui
1595 1499 1898 1561 personant,
1928 1488 2022 1542 ha-

439 1593 566 1646 bent
598 1590 838 1659 conjugia
861 1630 874 1652 ,
905 1596 957 1642 et
981 1587 1130 1640 nidos
1160 1585 1388 1649 faciunt,
1409 1582 1567 1636 simul
1597 1596 1694 1635 ova
1715 1578 2017 1644 confoveat,

439 1681 598 1736 simul
631 1681 802 1750 pullos
833 1680 1091 1733 nutriunt.
1139 1676 1340 1730 Licitus
1380 1673 1593 1744 quidem
1635 1686 1785 1725 amor
1824 1671 1924 1723 iste
1968 1669 2019 1722 in

440 1772 775 1836 hominibus,
807 1771 900 1824 sed
931 1769 1120 1822 videtis
1164 1768 1283 1836 quia
1328 1765 1554 1820 carnalis
1594 1772 1696 1818 est.
1741 1760 2018 1817 Secundus

439 1879 589 1918 amor
633 1863 861 1915 filiorum
904 1867 1020 1923 est;
1053 1859 1144 1913 sed
1173 1858 1347 1911 adhuc
1376 1857 1487 1924 ipse
1514 1855 1742 1909 carnalis
1771 1862 1873 1908 est.
1900 1852 2017 1906 Non

438 1954 580 2008 enim
610 1962 692 2007 est
718 1951 1011 2005 laudandus
1040 1949 1129 2018 qui
1166 1957 1308 2003 amat
1351 1945 1484 2000 ﬁlios
1505 1987 1518 2009 ,
1543 1943 1637 1999 sed
1678 1942 2020 1998 detestandus

439 2047 528 2114 qui
552 2060 654 2099 non
679 2053 838 2098 amat.
862 2044 967 2098 Pro
989 2057 1178 2110 magno
1205 2040 1344 2094 enim
1374 2037 1679 2092 laudaturus
1706 2051 1821 2090 sum
1851 2035 1903 2089 in
1925 2034 2023 2088 ho-

438 2135 614 2199 mine,
645 2133 783 2202 quod
814 2132 966 2186 video
997 2132 1048 2184 in
1081 2129 1303 2200 tigride?
1339 2128 1626 2197 Serpentes
1662 2133 1844 2179 amant
1885 2124 2020 2178 filios

439 2239 585 2291 suos,
601 2225 780 2278 leones
798 2232 852 2276 et
869 2222 974 2289 lupi
992 2229 1171 2272 amant
1193 2219 1328 2273 filios
1343 2233 1488 2272 suos.
1502 2217 1616 2271 Noli
1631 2232 1756 2285 ergo
1773 2230 2018 2284 maguum

438 2323 643 2383 putare,
662 2311 803 2381 quod
821 2326 965 2363 amas
983 2311 1117 2362 filios
1144 2319 1280 2363 tuos.
1309 2308 1496 2362 Adhuc
1519 2308 1570 2360 in
1589 2307 1693 2361 hoc
1705 2321 1886 2360 amore
1903 2320 2019 2359 ser-

440 2401 687 2472 pentibus
715 2399 1060 2468 compararis.
1093 2397 1146 2452 Si
1179 2412 1283 2450 non
1305 2396 1565 2450 amaveris
1584 2437 1600 2462 ,
1628 2410 1657 2448 a
1688 2394 2020 2464 serpentibus

441 2492 687 2546 vinceris.
713 2491 1196 2545 llonestosamores
1210 2487 1318 2556 jam
1340 2485 1492 2540 dico:
1515 2485 1631 2539 illos
1648 2486 1789 2539 enim
1806 2484 2022 2553 ﬂagitio-

440 2596 528 2636 sos
555 2581 780 2636 exclusi.
796 2580 944 2634 Alius
965 2594 1115 2632 amor
1131 2579 1218 2647 qui
1241 2585 1324 2631 est
1341 2577 1776 2646 propinquorum,
1793 2576 1901 2644 jam
1923 2575 2023 2629 iste

440 2674 645 2729 vids-tur
673 2673 918 2742 proprius
952 2671 1222 2724 hominum
1247 2711 1260 2735 ,
1289 2669 1330 2722 si
1358 2683 1461 2722 non
1489 2668 1560 2722 sit
1595 2667 2020 2736 consuetudinis.

441 2766 569 2820 Nam
595 2765 765 2833 major
786 2773 867 2818 est
891 2779 1043 2817 amor
1066 2763 1154 2832 qui
1183 2761 1484 2816 extenditur
1511 2761 1648 2815 ultra
1673 2760 2018 2830 propinquos,

440 2871 598 2925 quam
623 2856 708 2922 qui
734 2863 944 2908 tenetur
975 2854 1113 2907 inter
1142 2853 1484 2922 proninquos.
1511 2852 1610 2918 Qui
1637 2859 1779 2904 amat
1806 2850 2023 2920 propin-

440 2959 576 3012 quos
603 2957 760 3007 suos,
789 2943 964 2997 adhuc
989 2943 1298 3011 sanguinem
1327 2957 1477 2995 suum
1505 2949 1666 2995 amat.
1698 2942 1853 2994 Amet
1889 2941 2023 2995 alios

441 3037 528 3104 qui
575 3050 679 3088 non
723 3043 845 3088 sunt
877 3034 1185 3103 propinqui,
1215 3033 1466 3100 suscipiat
1505 3033 1872 3101 peregrinum;
1912 3032 2021 3100 jam

444 3126 663 3178 multum
685 3123 930 3179 dilatatus
952 3133 1032 3178 cst
1053 3139 1204 3176 amor
1226 3123 1344 3176 iste.
1364 3123 1590 3176 Tantum
1618 3132 1793 3176 autem
1811 3121 2022 3186 crescit,

443 3227 499 3268 ut
533 3232 559 3266 a
591 3214 815 3284 conjuge
841 3213 906 3266 ad
937 3214 1101 3273 ﬁlios,
1133 3229 1162 3265 a
1197 3212 1316 3264 filiis
1347 3212 1410 3264 ad
1443 3212 1793 3280 propinquos,
1824 3226 1852 3263 a
1897 3226 2026 3280 pro-

445 3306 653 3376 pinquis
687 3305 752 3360 ad
779 3314 1090 3370 extraneos,
1118 3304 1185 3356 ab
1213 3303 1480 3356 extraneis
1519 3302 1585 3355 ad
1617 3303 1860 3356 inimicos
1900 3317 2025 3370 per-

445 3398 640 3450 veniat.
672 3396 776 3452 Sed
819 3405 875 3449 ut
905 3394 1179 3464 perveniat
1210 3394 1369 3460 illuc,
1403 3393 1596 3446 multos
1624 3393 1783 3447 habet
1809 3393 2023 3463 gradus.

514 3485 739 3540 CAPUT
789 3484 851 3538 ll.
881 3515 951 3523 —
980 3485 1033 3538 5.
1066 3483 1300 3536 Amicitia
1338 3483 1441 3535 alia
1484 3483 1858 3536 consuetudinis
1881 3524 1894 3547 ,
1923 3482 2029 3534 alia

447 3577 676 3629 rationis.
706 3575 781 3627 De
823 3573 1053 3626 amicitia
1101 3588 1228 3641 ergo
1273 3573 1447 3627 videte
1492 3573 1617 3641 quid
1666 3573 1858 3626 dicam.
1892 3572 2028 3628 Sunt

446 3665 636 3725 amici,
662 3672 880 3730 excepta
924 3662 1184 3724 amicitia,
1211 3677 1328 3730 qu:e
1376 3677 1474 3716 nec
1519 3664 1748 3717 amicitia
1795 3663 2018 3719 dicenda

452 3764 565 3818 est,
596 3768 752 3821 quam
781 3751 907 3805 facit
928 3751 1062 3804 mala
1086 3750 1432 3805 conscientia.
1463 3753 1596 3807 Sunt
1623 3754 1765 3806 enim
1788 3752 2029 3809 homines

452 3844 540 3913 qui
588 3842 786 3912 pariter
817 3843 952 3895 mala
984 3841 1350 3907 committunt,
1381 3851 1435 3896 et
1473 3843 1592 3897 ideo
1637 3843 1880 3897 videntur
1929 3845 2029 3899 sibi

455 3933 758 4002 conjuncti,
789 3933 910 4002 quia
946 3932 1266 3986 conscientia
1293 3934 1429 3986 mala
1451 3932 1595 4001 ligati
1622 3939 1745 3985 sunt
1768 3949 1782 3986 :
1806 3942 2029 4002 excepta

451 4039 578 4094 ergo
604 4024 700 4078 ista
733 4022 931 4078 nefaria
960 4021 1188 4076 amicitia
1207 4061 1223 4089 ,
1241 4029 1322 4076 est
1349 4021 1588 4091 quaedam
1610 4021 1839 4076 amicitia
1860 4021 2033 4078 adhuc

452 4117 682 4170 carnalis
704 4131 798 4185 per
818 4113 1254 4170 consuetudinem
1281 4111 1615 4168 cohabitandi
1635 4154 1650 4180 ,
1673 4111 2030 4182 colloquendi,

451 4207 610 4265 simul
652 4205 1036 4270 conversa-udi;
1077 4213 1135 4259 ut
1187 4189 1536 4259 contristetur
1582 4204 1775 4272 homo,
1819 4204 2032 4275 quando

452 4297 721 4351 deseritur
757 4297 824 4349 ab
853 4296 1052 4361 amico,
1081 4309 1201 4347 cum
1233 4309 1336 4362 quo
1383 4295 1516 4349 solet
1557 4295 1822 4366 colloqui,
1851 4305 1904 4351 et
1935 4297 2031 4350 ha-

455 4384 582 4440 bere
607 4384 1029 4453 conjunctiones.
1058 4379 1387 4436 Conveniunt
1416 4382 1520 4436 duo
1542 4383 1816 4451 homines,
1848 4386 2035 4439 ambu-

456 4475 568 4530 lant
604 4489 785 4530 secum
828 4475 1034 4541 triduo,
1061 4483 1116 4529 et
1149 4473 1256 4543 jam
1288 4475 1474 4528 nolunt
1515 4490 1545 4528 a
1583 4491 1642 4531 se
1670 4477 1937 4533 recedere.
1967 4479 2034 4533 Et

457 4567 560 4620 ista
591 4566 831 4635 quaedam
865 4565 1114 4620 amicitia:
1143 4563 1367 4620 dulcedo
1393 4577 1474 4620 est
1498 4583 1511 4619 :
1537 4567 1756 4623 honesta
1782 4570 2029 4639 quidem;

456 4660 549 4714 sed
575 4659 748 4714 adhuc
772 4659 1120 4714 discutiamus
1145 4659 1285 4713 illam
1308 4701 1323 4726 ,
1356 4660 1477 4730 quia
1503 4661 1695 4730 gradus
1720 4663 1916 4719 amoris
1937 4662 2036 4717 hu-

453 4754 541 4824 jus
566 4753 884 4823 qurcrimus;
913 4760 966 4806 et
1003 4752 1275 4807 videamus
1299 4767 1571 4822 quousque
1611 4754 2030 4823 pervenerimus,

459 4861 625 4916 usque
651 4845 714 4898 ad
757 4845 1039 4898 amicitiam
1070 4845 1224 4898 talem
1252 4845 1461 4914 qualem
1490 4845 1619 4899 dixi.
1651 4846 1743 4900 Est
1781 4862 1910 4916 ergo
1935 4847 2032 4902 ista

458 4937 687 4993 amicitia
727 4935 1161 5000 consuetudinis,
1189 4951 1293 4988 non
1344 4937 1586 4990 rationis.
1634 4937 1840 4993 Habent
1890 4939 2033 4993 illam

457 5039 513 5085 et
537 5044 748 5099 pecora.
777 5027 890 5082 Duo
915 5026 1035 5095 equi
1060 5025 1380 5080 manducent
1399 5027 1578 5092 simul,
1607 5027 1911 5084 desiderant
1936 5045 1993 5086 se
2019 5049 2032 5085 :

459 5123 503 5176 si
533 5124 633 5178 alia
662 5122 749 5178 die
797 5119 1060 5191 prtecedat
1088 5133 1223 5172 unus
1243 5159 1257 5181 ,
1287 5117 1499 5172 festinat
1525 5119 1676 5184 alter,
1725 5119 2036 5178 desiderans

459 5213 609 5282 quasi
636 5212 862 5267 amicum
909 5225 1060 5266 suum
1087 5229 1100 5265 :
1125 5209 1207 5264 vix
1241 5209 1441 5278 regitur
1482 5224 1511 5262 a
1557 5223 1793 5275 sessore;
1819 5219 1872 5265 et
1899 5220 2035 5266 tam-

459 5303 548 5358 diu
593 5303 788 5372 impetu
817 5317 913 5355 suo
945 5309 1221 5371 provocat,
1252 5315 1527 5371 quousque
1575 5302 1867 5370 perveniat.
1903 5302 2036 5357 Cum

460 5395 760 5461 pervenerit
794 5391 860 5446 ad
907 5407 1026 5446 eum
1070 5392 1157 5460 qui
1208 5389 1513 5461 prtecessit,
1551 5388 1807 5445 sedatur:
1834 5391 2040 5460 pondus

463 5485 609 5538 illum
640 5486 876 5550 ferebat,
906 5484 1138 5554 pondere
1173 5483 1370 5537 amoris
1397 5483 1684 5553 urgebatur
1703 5475 1894 5548 ;‘venit
1919 5495 2040 5540 tan-

462 5591 616 5643 quam
649 5577 712 5630 ad
755 5576 927 5630 locum
961 5590 1113 5630 suum
1137 5616 1151 5642 ,
1185 5582 1240 5630 et
1273 5573 1594 5644 conquievit.
1637 5573 1823 5629 Adhuc
1851 5585 1904 5629 et
1941 5575 2039 5628 ista

467 5665 689 5722 amicitia
733 5667 1132 5723 consuetudinis
1178 5675 1259 5723 est
1306 5667 1357 5720 in
1411 5666 1728 5738 pecoribus:
1761 5680 2038 5737 surgamus

1671 280 1730 337 S.
1770 277 2133 337 AUGUSTINI
2175 276 2472 335 EPISCOPI

3580 286 3716 343 169!

2131 393 2302 448 adhuc
2325 405 2378 450 et
2403 395 2470 450 ab
2497 397 2613 450 ista.
2647 397 2744 452 Est
2761 398 2862 454 alia
2897 401 3140 470 superior
3159 401 3416 469 amicitia,
3447 418 3552 458 non
3579 419 3680 459 con
3704 435 3712 440 -

2131 485 2461 552 suetudinis,
2515 488 2608 542 sed
2657 490 2908 554 rationis,
2955 507 3057 562 qua
3108 491 3374 563 diligimus
3438 493 3709 550 hominem

2133 587 2348 645 promer
2378 579 2533 633 fidem
2566 590 2617 634 ct
2649 592 2884 635 mutuam
2923 583 3344 638 benevolentiam
3373 587 3424 640 in
3466 588 3564 641 ista
3605 588 3707 641 vita

2132 669 2363 721 mortali.
2409 669 2519 724 llac
2566 673 2809 741 superius
2855 674 3106 744 quidquid
3154 676 3262 744 jam
3319 678 3707 744 invenerimus,

2129 761 2364 815 divinum
2413 773 2513 817 est.
2571 763 2790 834 Incipiat
2833 768 2992 820 homo
3035 782 3216 823 amare
3269 770 3467 833 Deum,
3499 780 3550 824 et
3605 784 3711 826 non

2127 855 2327 908 amabit
2346 855 2394 907 in
2429 855 2639 911 homine
2663 858 2760 911 nisi
2793 859 2979 912 Deum.

2199 943 2422 1002 CAPUT
2455 947 2539 1000 Ill.
2562 964 2642 988 ‘—-
2666 951 2717 1003 4.
2740 945 3005 1004 Ἀιηὶοἱιὶω
3043 967 3185 1003 amor
3211 953 3474 1021 gratuitas.
3523 954 3723 1010 Videat:

2128 1039 2268 1090 enim
2299 1037 2546 1092 Charitas
2567 1049 2740 1093 vestra
2773 1041 3000 1108 primum
3025 1041 3271 1094 amicitim
3299 1058 3449 1094 amor
3479 1044 3710 1112 qualiter

2126 1126 2317 1180 debeat
2362 1143 2490 1182 esse
2531 1131 2811 1198 gratuitus.
2861 1131 2976 1184 Non
3024 1133 3164 1186 enim
3215 1144 3491 1201 promerui
3541 1135 3708 1190 debes

2127 1215 2325 1271 habere
2348 1219 2608 1281 amicum,
2639 1221 2722 1274 vel
2770 1231 3071 1287 ama_re,.ut
3118 1222 3315 1290 aliquid
3351 1223 3707 1292 libiprmstct.

2128 1307 2183 1362 Si
2228 1317 2506 1376 propterea
2550 1309 2692 1362 illum
2732 1325 2913 1376 amas,
2946 1321 3002 1364 ut
3049 1319 3274 1380 praestet.
3312 1313 3403 1366 tibi
3435 1314 3514 1367 vel
3547 1329 3710 1383 pecu-

2127 1399 2267 1452 niam
2290 1439 2304 1463 ,
2339 1399 2416 1452 vel
2459 1399 2668 1468 aliquod
2709 1402 3046 1455 commodum
3078 1404 3398 1472 temporale;
3429 1420 3533 1458 non
3562 1406 3723 1461 illum-

2127 1503 2303 1555 amas,
2333 1490 2426 1543 sed
2457 1490 2584 1544 illud
2616 1491 2754 1560 quod
2803 1502 3037 1560 prmstat.
3079 1494 3298 1548 Amicus
3339 1495 3502 1564 gratis
3529 1512 3718 1552 aman~~

2125 1581 2225 1636 dus
2269 1593 2380 1640 est.
2417 1595 2632 1653 propter
2675 1600 2824 1648 sese,
2859 1601 2964 1639 non
3010 1596 3230 1656 prepter
3256 1587 3422 1641 aliud.
3453 1589 3507 1643 Si
3542 1589 3710 1644 Immi-

2127 1687 2248 1726 nem
2277 1682 2327 1726 te
2358 1673 2603 1727 hortatur
2647 1675 2894 1730 amicitiae
2944 1677 3153 1744 regula,
3185 1686 3240 1731 ut
3281 1679 3444 1746 gratis
3487 1679 3709 1749 diligas;

2126 1777 2282 1831 quam
2299 1763 2460 1831 gratis
2475 1763 2735 1818 amandus
2756 1773 2837 1819 est
2871 1765 3009 1820 Deus
3030 1809 3044 1833 ,
3074 1768 3162 1837 qui
3180 1767 3331 1835 jubet
3352 1778 3409 1822 ut
3439 1769 3709 1825 hominem

2126 1851 2349 1921 diligas?
2373 1853 2511 1906 Nihil
2539 1854 2904 1909 delcctabilius
2933 1857 3061 1912 Deo.
3097 1857 3228 1912 Nam
3261 1860 3312 1912 in
3347 1860 3560 1915 homine
3587 1871 3710 1917 sunt

2126 1956 2244 2010 qua:
2261 1941 2563 2007 ofTendant;
2586 1959 2680 2012 per
2697 1945 2981 1998 amicitiam
3006 1955 3180 2001 tamen
3206 1949 3354 2016 cogis
3374 1957 3448 2014 te,
3469 1961 3524 2003 ut
3547 1951 3707 2005 etiam

2126 2031 2214 2086 illa
2231 2049 2347 2102 qum
2363 2034 2633 2088 offendunt
2650 2035 2698 2088 in
2716 2035 2927 2090 homine
2947 2037 3140 2092 toleres
3156 2047 3372 2107 propter
3387 2040 3703 2094 amicitiam:

2125 2123 2169 2176 si
2187 2138 2312 2192 ergo
2333 2141 2436 2177 non
2455 2124 2618 2179 debes
2636 2135 2850 2194 propter
2865 2127 3104 2195 quredam
3128 2129 3393 2182 toleranda
3412 2129 3706 2186 dissolvere

2127 2212 2354 2267 hominis
2389 2216 2703 2282 amicitiam;
2737 2217 2826 2271 Dei
2859 2218 3084 2272 amicitia
3113 2219 3303 2288 quibus
3344 2221 3504 2274 rebus
3542 2221 3706 2278 debet

2126 2302 2264 2372 cogi,
2281 2313 2336 2356 ut
2348 2303 2664 2359 dissolvatur
2676 2321 2703 2358 a
2720 2308 2803 2360 te?
2819 2307 2953 2361 Nihil
2970 2309 3171 2362 invenis
3187 2309 3552 2364 delcctabilius
3572 2313 3702 2368 Deo.

2127 2394 2268 2448 Deus
2287 2409 2389 2448 non
2407 2404 2491 2449 est
2507 2397 2643 2450 unde
2662 2407 2712 2451 te
2732 2398 2982 2465 offendat,
3002 2400 3044 2453 si
3076 2407 3127 2452 tu
3147 2415 3265 2454 eum
3295 2416 3398 2455 non
3426 2401 3663 2456 offendas
3687 2421 3700 2456 :

2127 2485 2259 2540 nihil
2286 2487 2376 2540 illo
2411 2487 2712 2557 pulchrius,
2747 2490 2877 2542 nihil
2910 2491 2996 2544 illo
3037 2489 3246 2544 dulcius
3277 2493 3312 2543 ί.
3338 2492 3440 2546 Sed
3465 2493 3705 2548 dicturus

2126 2590 2186 2631 es
2213 2576 2516 2632 mihi:Non
2562 2579 2706 2631 illurn
2747 2580 2931 2646 video;
2972 2582 3240 2650 quomodo
3279 2597 3392 2635 sum
3434 2593 3714 2639 amaturus

2125 2683 2284 2737 quem
2325 2683 2429 2721 non
2457 2668 2642 2723 video?
2671 2669 2810 2724 Ecce
2848 2671 3116 2740 quomodo
3142 2671 3301 2724 discis
3340 2686 3520 2733 amare
3547 2688 3703 2742 quem

2126 2776 2231 2814 non
2259 2759 2408 2813 vides
2432 2777 2444 2812 :
2472 2761 2629 2815 modo
2658 2762 2882 2816 ostendo
2921 2762 3059 2817 unde
3084 2763 3291 2817 coneris
3317 2763 3496 2817 videre
3515 2805 3527 2827 ,
3561 2764 3705 2833 quod

2128 2850 2243 2904 istis
2271 2852 2439 2904 oculis
2486 2867 2591 2904 non
2639 2861 2790 2920 potes
2831 2853 3034 2908 videre.
3075 2853 3215 2908 Ecce
3258 2869 3406 2908 amas
3444 2854 3702 2920 amicum;

2127 2940 2252 3009 quid
2274 2941 2324 2994 in
2359 2941 2447 2995 illo
2473 2941 2658 2995 amas?
2685 2942 2861 2996 Gratis
2886 2959 3007 2996 eum
3034 2959 3202 2997 amas.
3225 2943 3329 2999 Sed
3351 2945 3485 2999 forte
3508 2945 3710 2998 amicus

2128 3032 2229 3085 iste
2272 3041 2425 3097 tuus,
2459 3039 2516 3086 ut
2561 3033 2661 3085 alia
2707 3033 2944 3086 omittam
2969 3075 2982 3099 ,
3012 3048 3173 3087 senex
3229 3034 3388 3090 homo
3437 3044 3521 3089 est
3549 3053 3562 3086 :
3595 3035 3709 3088 ﬁeri

2128 3121 2270 3176 enim
2303 3131 2472 3192 potest
2505 3131 2560 3176 ut
2590 3123 2785 3177 habeas
2814 3126 3039 3179 amicum
3083 3142 3287 3180 senem.
3321 3127 3456 3194 Quid
3486 3144 3630 3181 amas
3658 3128 3710 3180 in

2129 3212 2296 3266 sene?
2351 3212 2630 3267 Incurvum
2681 3229 2904 3283 corpus,
2957 3214 3134 3269 album
3205 3228 3394 3284 caput,
3447 3231 3604 3284 rugas
3655 3217 3708 3269 in

2130 3301 2335 3366 fronte,
2365 3310 2691 3356 contractam
2717 3305 3027 3357 maxillam?
3055 3303 3109 3358 Si
3136 3320 3330 3374 corpus
3358 3305 3499 3375 quod
3527 3305 3673 3358 vides
3692 3346 3708 3370 ,

2131 3392 2261 3446 nihil
2308 3392 2600 3448 deformius
2660 3409 2768 3462 prze
2829 3403 3232 3448 senectutezet
3289 3405 3460 3448 tamen
3513 3395 3710 3464 aliquid

2131 3495 2279 3536 amas
2297 3521 2311 3546 ,
2341 3490 2394 3536 et
2417 3496 2610 3550 corpus
2635 3482 2776 3552 quod
2809 3483 2959 3538 vides
2987 3499 3090 3537 non
3115 3498 3262 3537 amas
3280 3525 3294 3548 ,
3325 3485 3446 3552 quia
3472 3483 3726 3537 deforme

2132 3579 2233 3626 est.
2273 3570 2428 3626 Unde
2453 3571 2604 3626 vides
2633 3572 2771 3641 quod
2818 3572 3004 3626 amas?
3035 3573 3090 3628 Si
3121 3574 3262 3627 enim
3307 3589 3542 3642 qumram
3571 3589 3599 3626 a
3629 3584 3710 3636 te,

2133 3662 2308 3729 Quare
2336 3664 2519 3717 amas?
2547 3677 2898 3731 responsurus
2924 3679 2981 3718 es
3013 3664 3170 3729 mihi,
3204 3663 3374 3718 Homo
3399 3673 3481 3718 est
3521 3663 3709 3717 fidelis.

2134 3753 2274 3823 Ergo
2323 3752 2481 3807 ﬁdem
2532 3768 2701 3810 amas.
2755 3753 2812 3808 Si
2863 3753 3021 3808 ﬁdem
3074 3770 3257 3819 amas;
3306 3756 3498 3826 quibus
3547 3755 3717 3810 oculis

2133 3842 2343 3896 videtur
2385 3842 2546 3908 ﬁdes,
2581 3843 2709 3911 ipsis
2756 3844 2924 3897 oculis
2972 3844 3179 3898 videtur
3220 3845 3360 3900 Deus
3414 3845 3508 3916 (a).
3542 3845 3719 3914 Incipe

2135 3946 2263 4001 ergo
2321 3947 2502 3987 amare
2559 3933 2764 4001 Deum,
2813 3941 2869 3988 et
2919 3934 3121 3988 ama'bis
3176 3933 3446 3988 hominem
3503 3943 3720 4005 propter

2136 4022 2325 4077 Deum.

2209 4111 2433 4167 CAPUT
2473 4111 2558 4166 IV.
2599 4141 2673 4154 -—
2714 4113 2768 4167 5.
2810 4111 2948 4166 Deus
2991 4113 3145 4183 gratis
3185 4112 3490 4182 diligendus.
3521 4114 3740 4170 Audite--

2138 4217 2386 4273 magnum
2403 4203 2783 4258 testimonium.
2799 4202 3050 4258 Diabolus
3061 4211 3204 4258 certe
3216 4211 3496 4256 accusator
3508 4212 3722 4258 sancto-

2137 4310 2256 4349 rum
2287 4303 2370 4349 est
2394 4311 2406 4348 :
2431 4301 2486 4349 et
2504 4294 2624 4364 quia
2646 4309 2751 4350 non
2778 4294 2914 4364 apud
2947 4295 3106 4350 talem
3129 4294 3362 4363 jndicem
3385 4296 3526 4364 cogit
3553 4310 3726 4364 quem-

2138 4385 2318 4451 fallat,
2350 4400 2453 4440 non
2495 4393 2669 4455 potest
2698 4387 2750 4440 in
2792 4401 2889 4441 nos
2913 4386 3135 4441 crimina
3168 4387 3293 4440 falsa
3335 4387 3534 4442 dicere.
3564 4387 3732 4442 Noviti-

2139 4475 2279 4546 apud
2308 4491 2464 4545 quem
2494 4476 2655 4531 dicat.
2686 4475 2821 4544 Quia
2846 4491 2973 4545 ergo
2999 4475 3126 4529 falsa
3156 4485 3340 4530 contra
3364 4491 3462 4530 nos
3487 4493 3590 4530 non
3620 4491 3722 4547 po-

2139 4576 2245 4622 test
2267 4567 2482 4635 dicere,
2511 4568 2700 4637 quterit
2747 4581 2870 4622 vera
2915 4582 3034 4637 qua:
3079 4567 3240 4621 dicat.
3296 4567 3419 4622 Ideo
3466 4577 3631 4623 tentat
3666 4577 3725 4622 ut

2138 4658 2331 4715 habeat
2358 4659 2498 4730 quod
2528 4659 2688 4714 dicat.
2719 4659 2816 4713 Hic
2858 4673 2986 4729 ergo
3030 4657 3366 4712 adversarius
3393 4668 3594 4723 noster,
3629 4658 3725 4729 qui

2138 4753 2291 4809 nobis
2350 4753 2550 4808 invidet
2609 4768 2830 4823 regnum
2874 4752 3167 4817 caelorum,
3213 4751 3302 4819 qui
3356 4765 3460 4804 non
3504 4750 3617 4803 vult
3665 4759 3725 4804 ut

2141 4844 2211 4898 ibi
2241 4845 2434 4910 simus,
2465 4844 2605 4898 unde
2635 4843 2748 4914 ipse
2773 4843 3011 4913 dejectus
3040 4851 3122 4896 est
3147 4858 3160 4894 :
3193 4841 3455 4912 Numquid
3476 4883 3490 4907 ,
3520 4843 3722 4912 inquit,

2139 4936 2239 4991 Job
2265 4939 2420 5008 gratis
2447 4937 2565 4990 colit
2601 4937 2762 4990 Deum
2784 4927 2925 5006 (Job.
2955 4951 3006 5001 ι,
3036 4933 3131 5006 9)?
3161 4934 3348 4988 Adhuc
3376 4933 3440 4988 ad
3470 4933 3570 4988 hoc
3601 4949 3727 5003 pro—

2142 5044 2396 5084 vocamur
2440 5028 2508 5082 ab
2555 5029 2897 5092 adversario,
2929 5035 2986 5080 ut
3029 5026 3192 5096 gratis
3243 5025 3406 5079 Deum
3453 5026 3722 5088 colamus,

2143 5121 2354 5190 quando
2379 5121 2466 5176 ille
2493 5135 2738 5190 quaarens
2765 5119 2905 5189 quod
2929 5119 3147 5187 objiciat
3165 5157 3180 5184 ,
3215 5132 3311 5186 pro
3331 5131 3520 5187 magno
3550 5131 3608 5171 se
3628 5133 3727 5186 pu-

2145 5211 2275 5265 tavit
2318 5211 2580 5266 invenisse
2620 5213 2739 5280 quia
2765 5211 2930 5276 dixit,
2962 5209 3228 5280 Numquid
3270 5211 3426 5280 gratis
3463 5208 3564 5262 Job
3606 5208 3728 5261 colit

2147 5302 2346 5356 Deum?
2367 5303 2482 5358 Non
2512 5303 2635 5373 quia
2673 5302 2877 5357 viderat
2901 5318 2994 5358 cor
3019 5302 3215 5373 ipsius,
3243 5301 3336 5356 sed
3367 5301 3488 5371 quia
3515 5299 3725 5355 videbat

2146 5395 2355 5450 divitias
2386 5395 2521 5466 ejus.
2547 5393 2748 5451 Cavere
2774 5395 3029 5451 debemus
3049 5411 3118 5452 ne
3146 5394 3212 5452 ad
3235 5395 3511 5465 praemium
3531 5392 3727 5464 diliga-

2214 5551 2227 5612 t
2259 5549 2440 5612 Aliquot
2463 5556 2590 5608 Mss,
2619 5548 2843 5612 timidius.

2151 5687 2183 5722 η
2211 5611 2283 5722 (ἓ)
2310 5599 2424 5662 vide
2447 5599 2605 5662 suae.
2625 5611 2656 5662 2
2677 5613 2726 5662 in
2749 5599 2867 5662 ραι.
2885 5610 2964 5671 32,
2982 5623 3132 5660 serm.
3159 5611 3202 5668 l,
3227 5607 3350 5670 n.6,
3369 5617 3421 5660 et
3443 5610 3493 5659 tn
3511 5599 3706 5657 rsatst
