3996 6180
317 277 462 335 ίόω

315 406 446 446 Inus
474 390 662 445 Deum.
692 385 828 454 Quid
853 384 1034 440 enim?
1062 383 1283 453 Propter
1301 379 1581 452 praemium
1603 377 1892 432 dilecturus

316 497 379 537 es
410 479 622 536 Deum?
647 478 814 546 Quale
842 476 1112 546 praemium
1144 485 1226 529 est
1253 472 1394 544 quod
1439 472 1533 526 tibi
1575 470 1795 525 daturus
1819 479 1898 524 est

323 570 508 627 Deus?
535 566 798 638 Quidquid
841 566 931 620 tibi
971 564 1110 620 aliud
1153 562 1391 627 dederit,
1433 561 1608 614 minus
1634 568 1715 614 est
1743 573 1900 627 quam

323 663 460 732 ipse.
506 657 648 714 Colis
686 673 790 712 non
832 657 1030 726 gratis,
1058 665 1126 709 ut.
1154 653 1349 724 aliquid
1388 653 1454 706 ab
1496 652 1610 721 ipso
1648 651 1899 719 accipias.

322 752 502 807 Gratis
541 747 686 812 cole,
709 756 763 801 et
792 747 964 814 ipsum
1002 744 1249 812 accipies.
1287 741 1358 797 Se
1395 741 1536 796 enim
1581 747 1762 794 servat
1809 739 1900 792 tibi

326 845 500 907 Deus,
533 857 638 911 quo
673 840 887 894 fruaris.
935 839 1000 893 Et
1029 839 1072 892 si
1101 852 1246 891 amas
1273 852 1391 906 quze
1433 835 1590 898 fecit,
1622 834 1792 904 qualis
1821 841 1904 886 est

325 936 412 990 ille
443 934 531 1003 qui
565 932 720 986 fecit?
742 932 798 985 Si
832 930 1053 1000 pulcher
1092 939 1174 984 est
1214 928 1438 982 mundus
1458 970 1473 990 ,
1502 927 1672 996 qualis
1707 934 1789 980 est
1812 940 1902 978 ar-

325 1023 455 1078 tifex
486 1022 706 1077 mundi?
731 1020 911 1076 Evelle
940 1035 1065 1088 ergo
1094 1033 1186 1072 cor
1214 1028 1358 1072 tuum
1387 1017 1455 1070 ab
1480 1032 1661 1071 amore
1695 1025 1902 1069 creatu-

323 1129 399 1168 ra
420 1154 438 1176 ,
469 1123 528 1167 ut
573 1112 831 1166 inhzereas
860 1109 1127 1174 Creatori,
1159 1119 1214 1164 et
1237 1109 1381 1162 dicas
1418 1107 1558 1177 quod
1600 1106 1650 1160 in
1691 1106 1904 1159 Psalmo

326 1205 584 1272 scriptum
617 1211 727 1262 est,
761 1201 894 1254 Mihi
921 1211 1087 1253 autem
1130 1201 1387 1252 adhazrere
1429 1197 1568 1261 Deo,
1600 1199 1781 1251 bonum
1809 1207 1900 1250 est.

397 1292 625 1348 CAPUT
668 1291 733 1345 Υ.
765 1321 836 1331 -
865 1290 915 1345 6.
963 1290 1254 1343 Creaturum
1285 1292 1478 1343 deserto
1507 1289 1740 1343 Creatore
1780 1289 1902 1341 dili-

327 1402 471 1455 gere,
493 1385 782 1436 adnlterare
810 1393 898 1438 est.
927 1383 981 1436 Si
1009 1393 1182 1436 autem
1205 1382 1406 1436 deseris
1426 1397 1544 1436 eum
1572 1383 1657 1450 qui
1682 1390 1732 1435 te
1761 1381 1900 1446 fecit,

329 1485 383 1528 et
412 1489 563 1528 amas
590 1475 672 1526 illa
703 1489 820 1542 qua:
854 1472 976 1526 fecit
995 1514 1008 1535 ,
1041 1473 1254 1526 deserto
1280 1474 1368 1526 illo
1391 1474 1478 1542 qui
1507 1481 1558 1526 te
1582 1471 1723 1536 fecit,
1757 1472 1906 1526 adul-

328 1575 412 1619 ter
441 1560 519 1619 ἐς.
553 1563 637 1618 Sic
667 1564 858 1616 clamat
903 1562 1136 1632 Epistola
1172 1562 1383 1623 Jacobi,
1412 1563 1680 1616 adulteros
1719 1563 1904 1631 appel-

328 1657 447 1710 lans
467 1698 480 1718 ,
510 1656 754 1707 Adulteri.
791 1654 856 1708 Et
897 1655 1035 1708 unde
1075 1655 1336 1708 adulteri?
1361 1655 1564 1722 Quaeris
1591 1655 1768 1709 unde?
1798 1654 1906 1708 Ne-

327 1748 500 1808 scitis,
525 1747 727 1814 inquit,
759 1747 876 1814 quia
916 1747 1136 1799 amicitia
1181 1747 1336 1815 hujus
1380 1747 1553 1798 mundi
1591 1747 1793 1800 inimica
1833 1757 1906 1800 est

234 1889 240 1894 .
329 1838 429 1892 Dei
445 1842 469 1891 ?
498 1839 807 1903 Quicumque
825 1854 940 1906 ergo
961 1837 1170 1890 voluerit
1191 1837 1380 1890 amicus
1403 1853 1506 1890 esse
1523 1838 1695 1890 swculi
1716 1838 1867 1908 hujus
1886 1878 1900 1901 ,

329 1931 566 1982 inimicus
604 1927 698 1982 Dei
718 1928 1033 1982 constituitur
1059 1927 1268 1997 (Jacobi
1298 1943 1368 1990 tv,
1400 1928 1433 1982 4
1452 1938 1494 1981 et
1521 1929 1598 1996 5).
1633 1928 1908 1996 Expressit

329 2021 458 2090 quid
487 2019 639 2085 dixit,
669 2019 922 2072 Adulteri.
950 2019 1157 2082 Anima,
1185 2019 1396 2073 deserto
1426 2019 1695 2081 Creatorc.
1723 2034 1906 2073 amans

329 2119 630 2165 creaturam
661 2109 895 2163 adultera
927 2117 1028 2162 est.
1063 2109 1209 2161 Illius
1232 2110 1373 2161 enim
1414 2123 1596 2161 amore
1643 2109 1770 2161 nihil
1813 2123 1908 2161 ca-

329 2201 500 2263 stius,
530 2200 660 2254 nihil
711 2200 1092 2254 delectabilius.
1144 2198 1236 2252 Illo
1264 2199 1505 2264 deserto,
1553 2199 1654 2253 hoc
1707 2199 1908 2268 ample-

331 2290 559 2355 ctendo,
589 2289 817 2344 efficeris
858 2287 1145 2343 immunda.
1199 2289 1244 2342 Ο
1284 2287 1490 2353 anima,
1524 2297 1581 2342 ut
1622 2289 1760 2342 illius
1787 2304 1903 2343 am-

332 2383 575 2452 plexibus
603 2381 759 2451 digna
788 2381 861 2434 sis
881 2421 895 2446 ,
921 2380 1126 2434 dimitte
1153 2380 1248 2432 ista
1270 2420 1284 2445 ,
1314 2389 1365 2432 et
1396 2379 1468 2432 illi
1498 2378 1695 2431 iulnere
1717 2379 1900 2448 gratis.

333 2473 460 2526 Nam
494 2473 617 2526 inde
644 2473 775 2526 dixit
802 2472 1041 2526 Psalmus
1066 2488 1077 2522 :
1107 2469 1237 2523 Mihi
1262 2479 1427 2522 autem
1462 2470 1719 2522 adhwrere
1766 2468 1904 2534 Deo,

333 2563 517 2616 bonum
543 2571 634 2616 est.
673 2561 841 2616 Versu
888 2562 1062 2631 priore
1113 2562 1189 2616 sic
1232 2561 1400 2615 dixit:
1426 2559 1700 2613 Perdidisti
1741 2576 1909 2614 omnes

333 2655 415 2723 qui
438 2654 755 2723 fornicamur
781 2653 868 2705 abs
893 2662 939 2704 te
974 2650 1142 2722 (Psal.
1172 2666 1317 2705 Lxxu
1337 2691 1350 2712 ,
1379 2650 1450 2705 28
1469 2693 1482 2715 ,
1513 2649 1627 2719 27).
1657 2649 1724 2703 Et
1761 2650 1908 2719 quasi

333 2744 638 2800 ostenderet
673 2759 790 2812 qua:
839 2744 907 2796 sit
945 2743 1221 2796 fornicatio
1243 2783 1258 2807 ,
1292 2742 1551 2810 subjecit:
1585 2741 1714 2793 Mihi
1741 2749 1909 2794 autem

334 2837 590 2887 ard/terere
616 2831 752 2898 Deo,
780 2833 960 2886 bonum
981 2843 1072 2886 est.
1101 2832 1240 2887 Nihil
1261 2832 1402 2885 aliud
1428 2832 1568 2895 volo,
1597 2831 1687 2886 sed
1716 2831 1906 2900 ipsum.

336 2924 625 2978 Adlizerere
655 2923 762 2988 illi,
792 2923 890 2976 hoc
921 2931 1001 2977 est
1036 2923 1230 2977 bonum
1262 2938 1470 2989 meum,
1504 2923 1603 2977 hoc
1626 2922 1908 2992 gratuitum

337 3017 529 3069 bonum
557 3029 754 3068 meum.
789 3014 910 3068 ldeo
937 3025 990 3067 et
1009 3015 1175 3083 gratia
1204 3014 1418 3078 dicitur,
1441 3016 1562 3084 quia
1589 3015 1753 3085 gratis
1779 3029 1910 3068 con-

335 3114 456 3158 stat.
479 3104 612 3158 Cum
638 3119 764 3174 ergo
790 3105 1016 3174 cmperis
1039 3105 1204 3158 Deum
1225 3119 1404 3159 amare
1427 3106 1588 3174 gratis
1607 3147 1622 3171 ,
1654 3106 1911 3161 securitas

335 3196 602 3264 estzquia
645 3204 698 3249 et
747 3196 975 3248 amicum
1019 3195 1182 3264 gratis
1228 3211 1410 3262 amas,
1438 3206 1492 3250 et
1537 3197 1604 3251 ad
1649 3197 1748 3251 hoc
1787 3213 1908 3253 eum

337 3302 482 3341 amas
502 3328 516 3349 ,
549 3296 606 3340 ut
651 3296 825 3342 tecum
869 3296 1012 3343 amet
1062 3287 1247 3340 Deum.
1275 3287 1544 3342 Attendite
1573 3288 1714 3342 enim
1745 3289 1911 3357 ipsam

339 3379 626 3432 amicitiam
655 3379 923 3447 vulgarem
944 3419 959 3443 ,
993 3377 1132 3432 unde
1170 3379 1454 3447 cmpimus,
1481 3393 1578 3448 per
1605 3393 1760 3446 quam
1786 3392 1911 3446 gra-

339 3469 436 3522 dus
465 3468 725 3532 fecimus;
759 3468 1016 3523 attendite
1044 3468 1209 3522 illam.
1243 3471 1400 3523 Amat
1419 3475 1638 3522 maritus
1667 3484 1910 3537 uxorem,

341 3569 394 3615 et
420 3576 558 3614 uxor
585 3560 830 3613 maritum
861 3561 1013 3614 :sine
1039 3559 1201 3614 dubio
1244 3569 1298 3614 et
1341 3560 1427 3613 ille
1457 3560 1626 3621 illam,
1659 3569 1712 3614 et
1737 3559 1822 3612 illa
1854 3560 1916 3613 il-

342 3651 448 3705 lum
470 3651 680 3705 salvum
708 3651 836 3704 vult.
871 3650 996 3704 Vult
1024 3651 1169 3704 illum
1207 3650 1400 3704 habere
1427 3650 1773 3712 incolumem,
1803 3649 1915 3702 vult

342 3743 486 3796 illum
531 3741 729 3796 habere
770 3741 1000 3796 felicem.
1039 3741 1120 3796 Ad
1157 3741 1257 3796 hoc
1281 3751 1450 3805 amat,
1489 3743 1610 3811 quia
1652 3742 1762 3810 ipsa
1805 3741 1918 3796 vult

342 3832 626 3886 incolumis
655 3847 774 3887 esse
800 3842 853 3886 et
878 3832 1002 3886 felix
1029 3849 1042 3885 :
1069 3832 1208 3902 quod
1249 3832 1347 3886 sibi
1376 3832 1519 3898 vult,
1551 3831 1650 3886 hoc
1677 3831 1752 3886 illi
1783 3832 1913 3886 vult.

346 3925 503 3976 Amat
549 3922 985 3991 filioszquisnam
1033 3923 1175 3984 vult,
1208 3923 1307 3976 nisi
1346 3923 1520 3976 salvos
1560 3922 1755 3976 habere
1784 3921 1919 3977 filios

345 4027 470 4066 suos
483 4012 509 4064 ?
529 4016 682 4066 Amat
699 4014 926 4069 amicum
946 4014 1088 4082 :quis
1106 4013 1204 4067 nisi
1231 4013 1548 4067 incolumem
1567 4013 1760 4068 habere
1778 4013 1920 4068 vult?

347 4103 479 4159 adeo
501 4112 588 4171 ut,
617 4104 661 4159 si
693 4104 826 4160 forte
857 4105 1128 4176 conlingat
1155 4104 1227 4158 illi
1270 4105 1484 4174 aliquid,
1515 4106 1918 4172 contremiscat,

349 4195 708 4259 contristetur,
739 4195 1104 4258 conturbetur,
1147 4204 1356 4258 currat,
1385 4195 1636 4249 accedat:
1659 4209 1778 4248 cum
1827 4208 1921 4248 ac-

350 4286 597 4349 cesserit,
629 4286 847 4356 plangit.
878 4285 1013 4353 Quid
1043 4301 1170 4355 ergo
1200 4285 1349 4339 vult?
1378 4285 1588 4339 Salvum
1618 4287 1835 4340 habere.
1865 4285 1923 4340 Si

351 4389 478 4443 ergo
508 4376 686 4429 omnis
705 4375 793 4443 qui
824 4383 985 4439 amat,
1005 4375 1208 4429 salvum
1231 4375 1341 4429 vult
1364 4375 1560 4429 habere
1588 4375 1725 4444 quod
1748 4384 1922 4441 amat;

351 4465 398 4520 si
420 4466 680 4534 intelligat
707 4481 824 4535 qua:
850 4467 917 4519 sit
942 4481 1064 4520 vera
1091 4466 1262 4532 salus,
1294 4466 1477 4534 incipit
1506 4466 1648 4519 illam
1673 4481 1852 4521 amare
1873 4466 1924 4520 in

352 4570 410 4611 se
429 4597 443 4619 ,
477 4565 532 4610 et
560 4557 728 4624 ipsam
757 4556 964 4626 cogitur
986 4571 1162 4610 veram
1192 4572 1370 4610 amare
1396 4566 1449 4611 et
1478 4557 1528 4610 in
1556 4557 1748 4611 amico.

421 4645 650 4701 CAPUT
678 4645 892 4700 Vl.—7.
917 4646 1072 4701 Salus
1087 4647 1199 4700 vita:
1219 4646 1369 4716 hujus
1387 4663 1537 4716 quam
1558 4664 1702 4701 vana.
1729 4647 1783 4702 Si
1804 4662 1926 4703 ccu—

357 4738 421 4792 lis
441 4739 651 4792 carneis
675 4739 867 4808 quatris
897 4739 1081 4806 Deum,
1103 4739 1220 4793 vide
1251 4750 1355 4794 tres
1386 4754 1576 4809 pueros
1611 4740 1678 4794 de
1717 4740 1834 4810 igne
1864 4740 1927 4793 li-

357 4829 567 4883 beratos
580 4827 737 4899 (Dan.
754 4830 854 4897 tu).
872 4828 926 4884 Si
945 4829 1047 4884 fide
1063 4831 1257 4899 quaeris
1280 4831 1588 4896 Deum,vide
1601 4831 1930 4886 blacliabaeos

358 4923 410 4978 in
427 4922 547 4992 igne
557 4932 838 4976 coronatos
856 4921 919 4992 (ll
944 4921 1179 4976 Machab.
1200 4922 1314 4991 vn).
1329 4921 1480 4976 Salus
1495 4938 1622 4992 ergo
1640 4923 1727 4976 illa
1749 4937 1932 4978 aman-

359 5011 424 5065 da
454 5021 578 5079 est,
622 5013 719 5066 ista
765 5012 978 5067 utenda.
1009 5012 1132 5066 llaec
1169 5012 1310 5068 enim
1353 5011 1418 5066 ad
1446 5027 1600 5066 usum
1637 5013 1933 5068 necessaria

360 5117 443 5160 est
492 5123 508 5159 :
555 5121 677 5160 nam
706 5106 989 5159 transitura
1016 5113 1116 5160 est.
1157 5104 1272 5158 Non
1301 5105 1440 5158 enim
1478 5120 1600 5159 vera
1641 5107 1782 5160 salus
1810 5114 1930 5173 est,

362 5195 588 5261 fratres,
633 5211 790 5264 quam
835 5195 1018 5249 dicunt
1064 5194 1276 5248 medici.
1322 5192 1662 5264 Egrotamus
1703 5195 1932 5264 quodam

363 5286 522 5340 modo
556 5304 569 5340 :
598 5301 720 5339 nam
767 5285 1024 5356 mgritudo
1049 5294 1298 5355 perpetua
1325 5294 1406 5339 est
1435 5285 1486 5338 in
1524 5285 1621 5339 ista
1652 5285 1935 5356 fragilitate

361 5379 557 5432 carnis.
591 5377 793 5432 Putatis
815 5378 954 5431 enim
996 5387 1118 5432 tunc
1158 5375 1426 5431 hominem
1452 5385 1739 5447 mgrotare,
1768 5394 1933 5448 quan-

362 5469 433 5523 do
455 5467 774 5532 frebricitat;
800 5477 857 5523 et
882 5483 1066 5522 sanum
1107 5482 1263 5531 esse,
1288 5468 1500 5539 quando
1520 5469 1718 5524 esurit?
1761 5469 1936 5525 Sanus

363 5569 472 5622 est,
500 5559 712 5614 dicitur.
747 5559 838 5614 \‘is
863 5561 1040 5616 videre
1068 5570 1322 5630 quantum
1361 5561 1555 5617 malum
1581 5571 1661 5617 est
1687 5563 1933 5618 esurire?

366 5649 580 5706 Dimitte
609 5649 755 5706 illum
781 5652 894 5708 sine
918 5652 1302 5709 medicamento
1328 5663 1530 5723 septem
1556 5653 1768 5718 diebus,
1793 5654 1934 5712 occi-

1643 257 1870 320 SERMO
1907 251 2289 316 CCCLXXXV.

3447 275 3471 328 ί
3481 273 3584 334 694

2009 377 2173 431 ditur.
2200 376 2304 433 Sed
2334 379 2454 448 quia
2479 381 2631 450 ponis
2663 383 2898 452 quotidie
2928 385 3402 454 medicamentum,
3431 389 3580 445 vivit.

2005 465 2440 523 Medicamentum
2454 481 2628 524 autem
2648 471 2820 539 famis,
2840 474 2988 530 cibus
3003 485 3084 530 est
3099 492 3112 541 ;
3133 477 3577 534 medicamentum

2007 557 2156 625 sitis,
2186 567 2340 628 potus
2365 569 2482 624 est;
2512 561 2953 617 medicamentum
2976 565 3298 621 lassitudinis
3316 609 3331 630 ,
3357 583 3581 624 somnus

2008 658 2120 711 eSt;
2150 649 2590 705 medicamentum
2637 654 2915 718 sessionis,
2945 655 3300 712 deambulatio
3325 669 3434 724 est;
3468 676 3581 716 me-

2007 737 2361 792 dicamentum
2392 740 2832 798 deambulationis
2852 786 2866 806 ,
2896 747 3063 800 sessio
3087 757 3198 811 est;
3226 749 3581 805 medicamen-

2009 837 2119 881 tum
2194 829 2552 898 fatigationis,
2631 833 2878 888 dormitio
2945 846 3064 902 est;
3132 839 3577 894 medicamentum

2008 920 2370 989 dormitionis,
2418 925 2646 992 vigilatio
2673 936 2772 979 est.
2825 928 2888 979 Et
2932 929 3051 982 vide
3100 933 3274 998 quam'
3317 931 3580 986 imbecille

2009 1013 2078 1064 sit
2139 1027 2330 1080 corpus
2388 1012 2674 1068 humanum
2753 1033 2764 1065 :
2827 1016 2924 1071 hnc
2988 1020 3156 1086 ipsum
3222 1020 3578 1088 atljutorium,

2009 1101 2147 1168 quod
2202 1101 2343 1167 dixi,
2388 1103 2476 1171 qui
2528 1106 2778 1168 assumit,
2825 1106 2868 1158 si
2912 1107 2960 1159 in
3011 1123 3074 1161 eo
3126 1111 3576 1176 perseveraverit,

2009 1191 2206 1246 deficit.
2300 1194 2596 1250 Esuriendo
2668 1197 2772 1250 cibi
2852 1200 3126 1266 quaerebas
3203 1202 3578 1270 adiutorium:

2009 1296 2132 1336 ecce
2175 1283 2325 1337 adest
2379 1285 2696 1352 adjutorium
2741 1287 2876 1351 cihi;
2923 1289 3241 1356 manducas,
3309 1293 3579 1357 reticeris;

2008 1371 2052 1425 si
2118 1372 2236 1442 plus
2295 1372 2515 1440 feceris,
2595 1377 2712 1444 plus
2774 1377 2976 1431 deficis.
3043 1379 3374 1447 Adjutorium
3461 1383 3580 1438 sitis

2009 1465 2284 1532 qumrebas
2322 1475 2502 1533 potum
2558 1483 2570 1518 :
2626 1467 2848 1521 multum
2885 1469 3112 1524 bibendo
3164 1473 3445 1536 offocaris,
3492 1476 3580 1543 qui

2010 1553 2237 1607 sitiendo
2263 1555 2552 1624 urgebaris.
2582 1557 2807 1612 Lassasti
2849 1560 3198 1625 ambulando,
3233 1563 3422 1617 sedere
3457 1566 3536 1618 vis
3565 1583 3578 1618 :

2009 1645 2137 1700 sede
2166 1656 2458 1715 perpetuo,
2487 1647 2606 1701 vide
2647 1649 2691 1701 si
2736 1665 2838 1702 non
2873 1650 3112 1705 lassabis.
3143 1651 3407 1721 Quidquid
3453 1670 3580 1724 ergo

2009 1737 2384 1804 assumpserit,
2419 1747 2475 1792 ut
2497 1737 2635 1792 aliud
2665 1739 2861 1808 pellat,
2895 1741 2945 1794 in
2974 1756 3037 1796 eo
3067 1743 3180 1812 ipso
3205 1743 3249 1797 si
3273 1759 3580 1814 persevcra-

2001 1827 2143 1882 .‘.'erit
2158 1866 2173 1890 ,
2204 1826 2380 1880 deficit
2408 1828 2505 1897 (α).

2080 1915 2162 1970 (ΖΑ
2175 1917 2304 1971 PUT
2330 1917 2434 1972 \‘ll.
2466 1949 2533 1958 —
2559 1919 2612 1974 8.
2658 1919 2788 1974 Vera
2817 1923 2953 1976 salus
2981 1924 3082 1976 vita
3114 1934 3321 1980 (eterna.
3366 1927 3571 1982 Amicus

2011 2005 2078 2057 ad
2131 2007 2342 2060 salutem
2396 2018 2634 2062 cateruam
2677 2011 2978 2081 diligendus.
3045 2015 3278 2070 Charitas
3339 2021 3580 2088 perfecta.

2010 2099 2191 2164 Qualis
2212 2110 2291 2153 est
2320 2115 2445 2169 ergo
2476 2101 2572 2154 ista
2615 2102 2758 2156 salus
2777 2143 2792 2166 ,
2822 2104 3010 2178 fratres
3031 2149 3044 2169 ,
3073 2109 3359 2163 transitura
3381 2151 3396 2174 ,
3425 2111 3582 2179 fragi-

2011 2188 2077 2243 lis
2096 2232 2110 2253 ,
2144 2191 2372 2258 peritura
2393 2231 2408 2255 ,
2438 2191 2606 2243 vana?
2648 2193 2784 2247 Vere
2805 2197 3069 2262 quomodo
3095 2197 3293 2252 dictum
3315 2209 3425 2265 est,
3459 2201 3584 2267 Quae

2012 2281 2143 2332 enim
2177 2290 2250 2334 est
2287 2282 2386 2335 vita
2425 2286 2627 2337 vestra?
2675 2284 2841 2352 Vapor
2873 2296 2978 2346 est,
3015 2286 3084 2337 ad
3125 2289 3374 2340 modicum
3404 2307 3584 2357 parens

2014 2369 2212 2441 (Jacobi
2256 2389 2342 2433 Iv.
2375 2373 2484 2442 15).
2531 2374 2630 2438 Qui
2657 2389 2784 2444 ergo
2822 2376 2871 2428 in
2911 2377 3015 2428 vita
3062 2377 3159 2430 ista
3187 2387 3322 2430 amat
3362 2379 3584 2433 animam

2012 2476 2154 2512 suam
2175 2501 2188 2524 ,
2222 2462 2392 2529 perdet
2424 2479 2552 2515 eam.
2587 2463 2687 2529 Qui
2710 2473 2875 2516 autem
2913 2464 2968 2518 in
2995 2463 3095 2520 hoc
3119 2467 3314 2519 smculo
3338 2467 3455 2520 odio
3492 2469 3586 2521 ha-

2012 2547 2170 2601 buerit
2199 2551 2418 2603 animam
2447 2568 2624 2616 suam,
2657 2553 2710 2606 in
2747 2553 2897 2607 vitam
2934 2564 3172 2608 internum
3215 2557 3427 2609 custodit
3473 2575 3584 2611 eam

2015 2637 2190 2711 (Joan.
2220 2656 2325 2705 xu,
2351 2639 2464 2710 25).
2497 2643 2625 2707 Quae
2651 2650 2735 2696 est
2773 2643 2878 2698 vita
2903 2646 3139 2698 mterna?
3166 2645 3298 2700 Vera
3325 2647 3485 2701 salus.
3520 2649 3587 2702 Et

2014 2731 2058 2783 si
2078 2729 2304 2784 amicum
2336 2739 2480 2784 tuum
2508 2732 2721 2796 videris,
2770 2748 2927 2802 quem
2955 2734 3170 2788 amabas
3197 2736 3246 2788 in
3270 2735 3370 2790 hoc
3392 2738 3588 2793 szeculo

2015 2828 2072 2872 ut
2096 2819 2275 2873 salvus
2301 2831 2475 2885 esset,
2503 2822 2622 2890 quia
2655 2831 2707 2875 tu
2739 2821 2847 2892 jam
2873 2823 3031 2878 talem
3062 2825 3285 2879 salutem
3315 2825 3589 2884 desideras

2013 2925 2132 2978 qua:
2176 2920 2370 2964 aaterna
2415 2919 2528 2975 est,
2575 2912 2639 2966 ad
2690 2915 2859 2982 ipsam
2902 2915 3126 2969 salutem
3154 2917 3327 2987 diligis
3359 2920 3587 2974 amicum

2017 3007 2198 3063 tuum;
2231 3009 2285 3054 et
2307 3008 2472 3056 totum
2503 3001 2755 3072 quidquid
2785 3003 2862 3056 vis
2890 3005 3061 3058 amico
3091 3014 3181 3059 tno
3209 3015 3459 3074 prmstare
3478 3048 3493 3070 ,
3521 3007 3590 3063 ad

2016 3089 2117 3145 hoc
2161 3091 2242 3146 vis
2287 3102 2571 3161 praestare,
2604 3103 2663 3148 ut
2700 3094 2840 3147 illam
2894 3103 3065 3148 tecum
3124 3105 3299 3150 teneat
3341 3099 3587 3152 salutem.

2017 3183 2179 3236 Amas
2213 3183 2354 3237 enim
2381 3183 2670 3253 justitiam,
2719 3185 2800 3239 vis
2827 3185 2970 3239 illum
3011 3201 3128 3240 esse
3167 3187 3368 3256 justum
3399 3203 3412 3240 :
3441 3203 3590 3243 amas

2017 3275 2116 3329 sub
2146 3275 2254 3330 Deo
2278 3290 2398 3331 esse
2415 3317 2430 3340 ,
2461 3277 2540 3330 vis
2565 3287 2617 3332 et
2637 3278 2781 3330 illum
2805 3292 2923 3331 esse
2947 3278 3048 3331 sub
3074 3279 3182 3332 Deo
3211 3296 3224 3331 :
3254 3294 3400 3332 amas
3426 3280 3590 3334 vitam

2016 3377 2304 3430 mternam,
2338 3367 2444 3420 illic
2480 3382 2600 3421 eum
2626 3368 2705 3421 vis
2745 3376 2915 3421 tecum
2962 3383 3185 3438 regnare
3224 3369 3278 3422 in
3307 3379 3587 3424 aeternum.

2016 3455 2290 3511 Inimicum
2356 3467 2501 3512 tuum
2558 3458 2706 3512 vides
2762 3459 2909 3514 illum
2977 3461 2993 3493 ¹
3051 3462 3294 3531 persequi
3334 3471 3418 3526 te,
3484 3463 3592 3517 ini-

2018 3547 2189 3616 quitas
2236 3557 2319 3602 est
2369 3563 2487 3618 quae
2517 3558 2568 3603 te
2619 3551 2968 3619 persequitur.
3001 3551 3055 3604 In
3107 3551 3196 3606 illo
3245 3553 3399 3607 irasci
3426 3553 3593 3611 debes

2020 3637 2408 3701 misericordia,
2442 3637 2601 3693 febrit
2627 3640 2676 3692 in
2707 3640 2904 3696 anima.
2927 3641 3206 3706 Quomodo
3235 3657 3362 3714 ergo
3386 3643 3592 3699 amicus

2020 3726 2177 3796 hujus
2227 3728 2405 3782 smculi
2467 3728 2754 3784 secundum
2812 3730 3064 3785 saeculum
3124 3747 3310 3787 amans
3365 3733 3596 3788 animam

2021 3826 2205 3876 suam,
2236 3811 2435 3867 febrem
2461 3814 2574 3866 vult
2601 3813 2869 3882 expellere
2889 3814 2956 3869 de
2983 3815 3155 3868 amico
3174 3830 3299 3880 suo,
3328 3831 3485 3885 quem
3524 3816 3598 3871 si-

2022 3902 2218 3956 militer
2252 3911 2394 3956 amat
2420 3911 2476 3956 ut
2500 3917 2592 3967 se,
2623 3915 2838 3972 propter
2877 3912 3189 3972 pra-sentem
3221 3905 3444 3959 salutem
3474 3921 3488 3956 :
3519 3905 3598 3960 sic

2025 3999 2078 4044 tu
2123 4005 2506 4059 quemcumque
2547 3991 2755 4058 diligis,
2790 4001 3005 4061 propter
3042 3993 3199 4046 vitam
3226 4003 3482 4048 mternam
3511 3995 3598 4049 di-

2025 4079 2154 4147 lige;
2199 4093 2316 4134 cum
2355 4079 2619 4134 inveneris
2662 4081 2830 4146 iram,
2876 4081 3288 4151 indignationem
3314 4125 3329 4150 ,
3374 4085 3595 4152 odium,

2027 4169 2392 4238 iniquitatem,
2422 4169 2498 4223 sic
2537 4171 2747 4226 coneris
2789 4173 3055 4241 expellere
3101 4173 3344 4228 morbum
3387 4175 3590 4241 animi,

2028 4262 2293 4333 quomodo
2333 4266 2536 4320 amicus
2577 4264 2755 4318 saeculi
2804 4265 3046 4320 morbum
3075 4267 3314 4335 corporis
3349 4265 3458 4321 :ad
3497 4266 3599 4322 hoc

2028 4355 2168 4409 enim
2199 4369 2344 4409 amas
2364 4396 2380 4422 ,
2413 4363 2470 4409 ut
2499 4355 2658 4409 facias
2678 4355 2816 4425 quod
2837 4365 2892 4411 et
2913 4364 2966 4410 tu
2989 4371 3048 4411 es
3078 4375 3091 4411 :
3121 4366 3176 4411 et
3198 4357 3300 4411 erit
3323 4358 3374 4411 in
3403 4365 3454 4410 te
3479 4373 3595 4427 pen-

2031 4445 2164 4500 fecta
2203 4445 2451 4500 cbaritas.
2484 4447 2595 4501 Hoc
2625 4447 2668 4500 si
2695 4447 2992 4514 inveneris,
3025 4446 3090 4500 ad
3132 4446 3234 4502 hoc
3266 4462 3383 4501 ama
3409 4447 3602 4518 conju-

2029 4553 2147 4607 gem
2174 4579 2188 4603 ,
2217 4537 2282 4592 ad
2312 4539 2411 4592 hoc
2447 4553 2564 4592 ama
2594 4538 2789 4604 filium,
2818 4539 2882 4592 ad
2925 4539 3028 4593 hoc
3069 4554 3184 4592 ama
3208 4539 3558 4609 propinquum
3583 4579 3600 4608 ,

2031 4631 2262 4684 vicinum
2284 4672 2296 4691 ,
2325 4629 2559 4700 ignotum
2581 4671 2594 4693 ,
2629 4630 2896 4685 inimicum
2917 4672 2931 4693 ,
2975 4638 3030 4685 et
3057 4631 3157 4685 erit
3185 4631 3236 4684 in
3277 4641 3330 4686 te
3368 4629 3604 4700 perfecta

2033 4719 2284 4776 Charitas.
2315 4721 2444 4788 Quae
2463 4722 2506 4775 si
2533 4723 2691 4776 fuerit
2719 4723 2769 4775 in
2793 4731 2864 4785 te,
2898 4723 3068 4776 vincis
3089 4721 3342 4776 mundum
3361 4762 3377 4788 ,
3409 4730 3464 4776 et
3492 4721 3606 4790 pel—

2034 4812 2158 4868 litur
2200 4811 2340 4868 foras
2387 4812 2632 4882 princeps
2669 4812 2873 4866 mundi.
2919 4811 3155 4866 Audistis
3196 4811 3336 4866 enim
3375 4811 3516 4880 quod
3535 4811 3609 4865 ait

2035 4904 2310 4967 Dominus,
2340 4903 2584 4974 Princeps
2608 4903 2760 4973 hujus
2781 4903 2954 4956 mundi
2979 4905 3159 4957 missus
3188 4911 3259 4957 est
3283 4906 3422 4972 foras
3444 4900 3609 4972 (Ibid.

2036 4997 2125 5068 51)
2161 5013 2174 5050 :
2207 4997 2327 5066 quia
2355 4998 2468 5066 ipse
2495 5010 2745 5066 passurus
2767 5004 2883 5049 erat
2901 5035 2915 5059 ,
2939 5002 2994 5048 et
3018 5009 3112 5062 per
3136 4992 3432 5062 passionem
3458 5004 3608 5044 suam

2038 5087 2268 5142 facturus
2305 5087 2357 5141 in
2398 5086 2700 5140 hominibus
2726 5085 3081 5140 dilectionem.
3128 5082 3374 5150 Majorem
3399 5081 3495 5133 hac
3523 5079 3610 5133 di-

2037 5179 2293 5232 lectionem
2313 5193 2456 5231 nemo
2481 5177 2654 5242 habet,
2677 5191 2827 5244 quam
2847 5183 2900 5227 ut
2924 5174 3142 5226 animant
3165 5186 3306 5224 suam
3330 5177 3486 5240 ponat
3516 5185 3608 5239 pro

2037 5268 2209 5322 amicis
2252 5269 2355 5322 suis
2382 5265 2492 5338 (Id.
2536 5283 2640 5332 xv,
2686 5265 2798 5334 15).
2830 5263 2898 5319 Ut
2939 5277 3065 5331 ergo
3106 5269 3408 5326 amaretur,
3457 5259 3603 5328 prior

2037 5359 2272 5414 amavit:
2301 5367 2360 5413 ut
2386 5358 2438 5412 in
2467 5357 2680 5413 nomine
2703 5354 2818 5424 ejus
2845 5367 3002 5408 nemo
3030 5351 3164 5405 mori
3189 5351 3421 5415 timeret,
3453 5349 3600 5418 prior

2099 5541 2119 5571 ί
2146 5537 2273 5599 Apud
2298 5543 2370 5584 Er.
2399 5513 2557 5598 ‘tugd.
2578 5543 2692 5582 ven.
2733 5541 2784 5582 et
2815 5539 2923 5581 Lov.
2954 5533 3121 5588 abest,
3145 5527 3383 5588 illtmt;et
3408 5525 3599 5588 melius.

1985 5635 1988 5638 ~
2036 5609 2090 5650 ut
2112 5601 2318 5648 videtur.
2385 5604 2441 5645 Μ.

2098 5662 2170 5714 (α)
2205 5657 2321 5710 vide
2338 5664 2496 5711 Enarr.
2521 5659 2568 5706 in
2593 5657 2710 5708 Psal.
2739 5657 2841 5716 122,
2869 5668 2950 5704 nn.
2980 5655 3030 5705 ll
3060 5659 3112 5702 et
3131 5651 3207 5704 12.
