4036 6188
365 350 383 399 1
396 343 498 398 693i

362 473 459 525 pro
485 455 730 510 onmibus
772 463 1010 507 mortuus
1030 460 1128 505 est.
1162 449 1241 503 Ad
1268 449 1367 502 boc
1417 462 1542 514 ergo
1572 457 1623 500 ut
1654 446 1938 500 tediiiearet

362 553 414 605 in
438 551 686 604 cordibus
715 549 982 602 hominum
1014 545 1323 598 charitatem
1348 583 1362 607 ,
1392 542 1534 593 misit
1561 539 1828 593 diabolum
1863 536 1939 590 fo-

361 659 468 696 ras.
502 643 616 709 Quo
645 642 822 695 foras?
857 641 925 692 Do
954 637 1204 692 cordibus
1247 635 1539 687 hominum.
1563 633 1836 701 Cupiditas
1863 632 1942 684 in-

361 741 444 785 tro
478 733 622 784 illum
652 732 837 792 mittit,
870 728 1102 782 cbaritas
1134 724 1274 778 foras
1296 740 1416 778 eum
1452 723 1628 776 mittil.

431 821 657 874 CAPUT
701 818 828 871 VIII.
859 817 1006 870 με).
1049 815 1332 868 Conclusio.
1363 814 1470 868 Nos
1513 829 1674 875 vero,
1717 811 1938 874 fratres,

361 919 518 971 supra
545 903 771 969 scriptos
813 900 1086 954 charitatis
1119 897 1311 967 gradus
1343 912 1462 951 cum
1509 895 1693 966 grandi
1725 895 1944 963 diligen-

360 995 430 1046 tia
458 994 748 1062 cogitantes
769 1034 781 1056 ,
825 1007 928 1044 non
958 990 1242 1043 reddamus
1272 988 1492 1041 Domino
1518 1001 1614 1054 pro
1641 985 1793 1038 bonis
1833 999 1945 1036 ma-

362 1085 432 1138 la.
469 1085 532 1138 Et
561 1085 680 1152 quia
731 1084 818 1136 ille
847 1080 1070 1135 veniens
1113 1079 1344 1149 alligavit
1370 1077 1559 1130 fortem
1582 1118 1596 1142 ,
1631 1075 1679 1128 id
1719 1083 1801 1128 est
1828 1073 1943 1128 dia«

361 1174 540 1228 bolum
564 1216 576 1234 .
609 1183 663 1228 et
701 1187 798 1227 nos
843 1185 1030 1225 omnes
1053 1171 1139 1238 qui
1173 1184 1295 1222 vasa
1328 1168 1442 1236 ejus
1481 1167 1674 1220 fuimus
1699 1165 1764 1217 de
1795 1174 1945 1233 pote-

359 1273 496 1318 state
526 1265 666 1318 illius
702 1264 946 1323 abstulit,
993 1277 1086 1329 per
1111 1260 1332 1330 gratiam
1375 1259 1540 1327 ipsius
1568 1256 1803 1311 evacuati
1829 1269 1946 1306 om-

362 1356 518 1410 nibus
558 1357 711 1409 malis
732 1397 746 1419 ,
779 1355 1086 1408 studeamus
1122 1351 1316 1420 repleri
1343 1349 1732 1404 abundantibus
1758 1346 1942 1409 bonis,

362 1446 614 1500 timentes
647 1445 773 1498 illud
801 1444 938 1514 quod
975 1444 1087 1510 ipse
1113 1442 1368 1495 Dominus
1396 1439 1528 1494 dixit
1559 1437 1632 1510 (a)
1664 1455 1675 1489 :
1707 1437 1946 1491 Cumim~

363 1537 584 1589 mundus
616 1536 822 1603 spiritus
851 1535 1023 1587 exierit
1071 1534 1132 1586 ab
1181 1532 1409 1594 homine,
1440 1529 1664 1582 ambulat
1700 1544 1787 1596 per
1838 1527 1948 1578 loca

363 1628 538 1690 arida,
584 1642 811 1691 qumreus
849 1625 1095 1693 requiem,
1142 1633 1187 1676 et
1216 1639 1313 1675 non
1342 1621 1558 1684 invenit;
1593 1628 1702 1689 post
1729 1619 1835 1670 licet:
1871 1632 1950 1669 re-

363 1733 533 1770 versus
571 1717 824 1769 imumieus
865 1717 1102 1778 domum,
1136 1715 1268 1767 unde
1288 1714 1433 1777 exiit,
1465 1727 1705 1777 vacuam,
1739 1710 1950 1762 adduxit

365 1825 530 1860 secum
561 1817 748 1877 septem
777 1807 983 1876 spiritus
1009 1806 1270 1874 nequiores
1297 1820 1347 1857 se
1373 1819 1390 1856 :
1417 1815 1461 1856 et
1489 1803 1622 1870 facta
1645 1809 1758 1854 sunt
1785 1799 1948 1852 Itami-

363 1899 444 1951 nis
474 1899 611 1950 illius
639 1898 912 1965 posteriora
953 1892 1125 1964 pejora
1167 1894 1414 1963 prioribus
1445 1892 1590 1964 (Luc.
1624 1907 1676 1944 ιιι
1699 1933 1713 1956 ,
1739 1888 1947 1958 21-26).

367 1988 445 2042 Ne
475 2003 600 2058 ergo
627 1997 680 2042 et
713 2004 810 2042 nos
841 1988 942 2041 tale
983 1986 1178 2056 aliquid
1227 1986 1522 2054 patiamur,
1557 1991 1805 2052 quantum
1830 1994 1952 2049 pos-

365 2095 552 2134 sumus
596 2080 965 2145 elaboremus,
1027 2078 1079 2132 in
1137 2077 1267 2132 locis
1311 2077 1559 2128 vitiorum
1610 2073 1830 2126 virtutes
1869 2072 1951 2125 in-

364 2170 561 2226 ducere
579 2213 591 2235 ,
617 2180 671 2224 ut
694 2171 958 2240 possimus
977 2168 1041 2221 ad
1069 2168 1158 2221 Dei
1182 2165 1596 2220 misericordiam
1620 2163 1914 2233 pervenire.

733 2276 962 2333 διεκιιο
1000 2274 1394 2330 CCCLXXXVI
1435 2278 1451 2296 σ
1493 2272 1594 2343 (b).

745 2389 824 2443 De
845 2390 1108 2443 dilectione
1132 2389 1445 2442 inimicorum
1475 2386 1568 2457 (c).

441 2503 492 2557 1.
525 2501 758 2554 Charitas
795 2501 945 2554 etiam
973 2500 1040 2553 ad
1081 2498 1316 2552 inimicos
1353 2497 1553 2551 extendi
1602 2497 1765 2552 debet.
1829 2496 1956 2549 Pre-

365 2609 447 2646 ces
501 2593 562 2645 ab
617 2593 727 2662 ipso
755 2591 932 2660 judice
969 2589 1168 2645 Christo
1224 2589 1442 2642 traditis.
1487 2587 1854 2640 Dimittendum
1900 2596 1954 2638 ut

366 2685 649 2738 dimittatur
674 2682 837 2736 nobis.
884 2682 1107 2736 Securus
1145 2680 1284 2749 apud
1304 2679 1496 2740 Deum,
1525 2677 1606 2730 cui
1630 2677 1829 2748 roganti
1861 2693 1953 2729 ne-

366 2781 517 2842 gatur
543 2773 686 2825 venia
707 2789 737 2823 α
763 2775 938 2842 fratre.
975 2769 1237 2824 Orandum
1262 2785 1354 2838 pro
1381 2785 1480 2821 non
1505 2775 1713 2837 rogante
1737 2766 1952 2819 veniam.

369 2855 660 2921 Intendite,
708 2853 900 2909 fratres
955 2852 1088 2916 mei,
1147 2852 1214 2906 ad
1267 2851 1613 2915 cbaritatem,
1667 2863 1826 2918 quam
1879 2849 1958 2903 sic

370 2947 548 3003 laudat
571 2947 842 3016 Scriptura
869 2946 1048 3001 divina
1065 2989 1079 3006 ,
1101 2953 1162 3000 ut
1182 2945 1308 2998 nihil
1336 2945 1384 2998 ei
1414 2952 1674 3012 eomquet.
1699 2941 1830 2996 Cum
1857 2955 1955 2996 nos

369 3045 586 3092 moneat
640 3037 809 3102 Deus,
857 3044 915 3090 ut
945 3051 1041 3089 nos
1069 3035 1292 3088 invicem
1336 3033 1648 3102 diligamus,
1697 3030 1954 3101 numquid

371 3131 474 3181 Itoc
500 3135 700 3180 tantum
741 3135 948 3191 monet,
977 3133 1036 3178 ut
1067 3124 1253 3195 diligas
1281 3123 1584 3193 diligentem
1610 3123 1692 3176 te?
1723 3122 1848 3176 Ilaec
1875 3129 1960 3176 est

370 3227 548 3273 mutua
571 3219 783 3273 dilectio
802 3261 815 3281 ,
841 3219 942 3271 hoc
968 3233 1072 3270 non
1101 3216 1293 3270 sufficit
1318 3216 1428 3270 Deo
1463 3233 1476 3268 :
1504 3214 1785 3285 pervenire
1813 3213 1954 3266 enim

369 3309 538 3364 voluit
564 3324 728 3379 usque
755 3308 819 3362 ad
842 3308 1098 3362 inimicos
1124 3306 1450 3376 diligendos,
1483 3305 1668 3359 dicens
1700 3321 1714 3359 :
1748 3302 1958 3373 Diligite

369 3400 597 3454 inimicos
617 3409 802 3453 vestros
822 3441 835 3462 ,
864 3398 1137 3468 benefacite
1158 3399 1228 3451 eis
1247 3397 1333 3466 qui
1361 3397 1571 3450 oderunt
1598 3411 1682 3448 vos
1701 3435 1716 3460 ,
1747 3403 1792 3447 et
1820 3404 1960 3447 orate

373 3505 465 3558 pro
495 3491 566 3544 eis
597 3491 682 3560 qui
708 3505 793 3542 vos
821 3498 1227 3558 persequuntur;
1265 3495 1318 3541 ut
1351 3487 1459 3539 sitis
1482 3485 1576 3552 ﬁlii
1605 3483 1778 3537 Patris
1810 3483 1958 3537 vestri

371 3581 459 3649 qui
483 3580 534 3632 in
563 3580 699 3634 caelis
721 3589 826 3644 est,
855 3580 940 3648 qui
969 3580 1129 3630 solem
1159 3594 1304 3630 suum
1333 3578 1455 3628 oriri
1483 3576 1604 3644 facit
1631 3591 1784 3642 super
1804 3573 1959 3628 bonos

369 3680 420 3724 et
443 3669 604 3722 malos
624 3709 638 3732 ,
670 3669 752 3735 qui
788 3667 915 3736 pluit
953 3683 1104 3735 super
1125 3668 1290 3735 justas
1307 3674 1354 3716 et
1381 3665 1594 3732 injustas
1634 3662 1842 3731 (Matth.
1887 3677 1955 3728 ν,

373 3759 444 3813 44
462 3768 508 3811 et
522 3758 634 3825 45).
659 3756 796 3822 Quid
823 3755 1178 3824 dicis?diligis
1204 3753 1474 3807 inimicum
1505 3752 1686 3805 tuum?
1713 3752 1959 3820 Respon-

372 3849 525 3904 debis
553 3847 688 3902 forte
720 3865 732 3900 :
763 3847 863 3901 Per
890 3846 1252 3900 infirmitatem
1289 3859 1392 3898 non
1423 3857 1657 3913 possum.
1699 3841 1804 3896 Sed
1835 3857 1961 3912 pro-

373 3939 474 3994 fice
494 3979 509 4005 ,
535 3947 590 3993 et
617 3953 714 4007 age
754 3946 811 3991 ut
848 3937 1021 4007 possis
1049 3953 1062 3988 :
1095 3934 1324 3988 maxime
1353 3933 1475 4002 quia
1517 3940 1761 3986 oraturus
1790 3945 1850 3984 es
1871 3930 1961 3999 ju-

371 4029 577 4095 dicem,
622 4044 779 4098 quem
831 4028 1011 4082 fallere
1050 4039 1208 4080 nemo
1236 4032 1435 4094 potest,
1493 4024 1581 4092 qui
1631 4032 1845 4077 acturus
1878 4031 1963 4077 est

371 4136 586 4175 causam
613 4130 776 4174 tuam.
805 4117 1084 4187 lnterpella
1112 4132 1240 4186 ergo
1267 4116 1409 4170 hunc
1432 4116 1662 4184 judicem
1683 4155 1698 4180 ,
1731 4115 1818 4169 ubi
1845 4115 1963 4169 nul-

377 4211 460 4266 lus
492 4212 796 4265 tabellarius
839 4209 1148 4272 conturbat,
1206 4208 1381 4261 nullus
1409 4205 1651 4261 officialis
1698 4213 1957 4268 removet,

374 4302 551 4354 nullus
595 4301 788 4353 emitur
817 4299 1104 4352 advocatus
1129 4299 1220 4366 qui
1257 4298 1424 4366 possit
1450 4312 1543 4364 pro
1582 4304 1634 4349 te
1663 4310 1848 4364 preces
1876 4295 1961 4349 el-

379 4391 624 4452 fundere,
656 4397 748 4442 aut
772 4389 930 4442 verba
955 4388 1134 4440 dicere
1155 4402 1273 4455 quae
1301 4401 1405 4440 non
1428 4386 1656 4440 didicisti
1690 4403 1702 4438 :
1734 4386 1826 4440 sed
1849 4386 1962 4454 ipse

378 4482 546 4536 Filius
574 4481 668 4535 Dei
693 4481 878 4534 unicus
908 4478 1127 4548 aequalis
1156 4477 1331 4542 Patri,
1369 4478 1560 4532 sedens
1593 4478 1657 4531 ad
1685 4477 1962 4532 dexteram

377 4573 586 4637 Patris,
625 4572 764 4625 illius
810 4585 1078 4634 assessor,
1108 4579 1226 4623 tuus
1257 4569 1454 4638 judex,
1495 4568 1675 4622 docuit
1707 4578 1757 4622 te
1797 4583 1961 4638 pauca

381 4665 540 4720 verba
561 4707 575 4729 ,
605 4679 722 4733 quae
769 4664 940 4733 quivis
973 4663 1132 4717 idiota
1165 4671 1341 4732 potest
1372 4672 1553 4716 tenere
1591 4670 1645 4715 et
1668 4660 1846 4714 dicere
1867 4702 1879 4720 .
1911 4670 1964 4716 et

378 4757 432 4809 in
454 4755 528 4810 eis
556 4754 830 4809 constituit
871 4755 963 4808 tibi
995 4769 1208 4808 causam
1241 4762 1384 4808 tuam
1407 4770 1419 4817 ;
1442 4752 1624 4807 docuit
1655 4761 1704 4806 te
1736 4751 1822 4820 jus
1851 4766 1964 4806 caa-

380 4846 514 4901 leste
544 4847 561 4877 ¹
589 4829 854 4914 quomodo
884 4846 1137 4913 preceris.
1184 4844 1289 4899 Sed
1328 4844 1545 4898 forsitan
1577 4842 1960 4910 respondebis:

380 4936 484 4992 Per
511 4952 668 5003 quem
713 4936 870 5004 peto?
902 4949 996 5001 per
1023 4949 1138 5000 me,
1171 4949 1236 4987 an
1288 4949 1382 5002 per
1417 4933 1617 4987 alium?
1641 4933 1744 5000 Qtti
1787 4943 1838 4986 te
1863 4932 1963 4986 do-

382 5028 491 5082 cuit
519 5041 706 5091 orare,
740 5027 852 5094 ipse
893 5038 991 5092 pro
1019 5032 1070 5077 te
1115 5023 1307 5092 allegat
1335 5038 1580 5092 precem,
1612 5023 1734 5091 quia
1762 5031 1814 5076 tu
1842 5036 1966 5076 rcus

388 5133 523 5177 eras.
549 5118 767 5185 Gaude,
799 5118 920 5188 quia
950 5117 1039 5171 ille
1064 5116 1166 5170 erit
1195 5125 1321 5170 tunc
1345 5116 1506 5185 jndex
1546 5125 1667 5170 tuus
1687 5157 1700 5181 ,
1734 5116 1821 5186 qui
1851 5129 1959 5168 mo-

387 5209 459 5264 do
480 5209 766 5265 advocatus
786 5218 905 5263 tuus
925 5217 1024 5263 est.
1056 5207 1179 5262 Ideo
1199 5222 1326 5277 ergo
1352 5206 1472 5275 quia
1490 5215 1735 5260 oraturus
1765 5221 1843 5271 es,
1877 5220 1966 5259 ac—

445 5320 464 5354 ¹
488 5329 646 5383 Forte,
671 5320 833 5372 doc-uit
855 5327 900 5371 te
913 5318 1229 5430 {urisperitus
1252 5316 1472 5393 cmlestis.

448 5386 467 5402 ⁹
492 5386 778 5430 Fmendatus
795 5383 853 5430 ad
890 5396 918 5430 c
941 5417 952 5430 .
990 5390 1042 5430 et
1073 5383 1131 5430 ad
1201 5391 1301 5429 Am.
1326 5387 1398 5428 tr.
1427 5387 1472 5428 Pa

448 5386 467 5402 '
492 5386 778 5434 Fmendatus
795 5383 853 5431 ad
890 5383 952 5432 cl.
990 5390 1042 5430 et
1073 5383 1131 5430 ad
1201 5391 1301 5429 Am.
1326 5387 1398 5428 Er.
1427 5387 1528 5428 Par.
1554 5386 1664 5429 ιον.

467 5445 519 5507 a)
545 5444 668 5495 Vile
689 5444 903 5507 Append.
925 5456 1073 5507 serm.
1104 5443 1178 5507 l6,
1204 5457 1251 5491 ιι.
1279 5442 1325 5490 4.

464 5505 514 5573 b)
547 5508 686 5573 Alias,
705 5505 769 5555 de
791 5513 1030 5568 Tempore
1057 5505 1164 5573 _l'7_0_.
1362 5570 1374 5573 Α
1521 5564 1529 5573 _
1743 5569 1777 5573 __
1837 5560 1869 5573 υ

463 5560 512 5618 cl
543 5573 611 5614 De
635 5560 725 5618 boc
767 5560 997 5617 sermone
1039 5565 1320 5614 dubitarunt
1362 5564 1703 5613 Lovanienses.
1743 5560 1968 5611 verlinus

379 5625 700 5735 pronuntiavit
738 5628 856 5701 nibil
881 5629 1065 5702 habere
1106 5627 1371 5691 Augustini.
1406 5633 1578 5699 contra
1603 5625 1867 5696 vindingus
1888 5636 1967 5673 so-

400 5703 479 5735 um
504 5691 660 5735 excipi
685 5690 833 5735 voluit
857 5689 1110 5735 exordium
1135 5697 1186 5735 et
1208 5688 1586 5735 conclusnonem.
1605 5685 1852 5735 reliquum
1876 5693 1967 5735 Au-

400 5703 479 5736 um
504 5691 660 5749 exctpl
685 5690 833 5738 voluit
857 5689 1110 5739 exordium
1135 5685 1200 5740 ef
1208 5688 1586 5748 conclusionem,
1605 5685 1852 5749 reliquum
1876 5693 1967 5735 Au-

379 5750 559 5809 gustini
585 5761 694 5798 esse
713 5752 967 5801 afﬁrmans.

1559 333 1615 388 S.
1650 327 2014 388 AUGUS'I‘INI
2057 325 2350 385 EPISCOT’I

3497 333 3630 390 1696

2057 451 2203 496 turns
2227 457 2284 496 es
2314 457 2524 495 causam
2550 451 2688 496 tuam
2727 443 2907 512 paucis
2949 443 3142 508 verbis,
3166 453 3420 500 venturus
3458 447 3523 502 ad
3546 449 3632 504 illa

2050 530 2208 585 verba
2226 548 2238 584 :
2263 530 2467 585 Dimitte
2485 533 2625 586 nobis
2642 532 2806 586 debita
2823 544 3011 598 nostra,
3032 535 3157 587 sicut
3176 545 3221 588 et
3235 553 3324 588 nos
3336 537 3634 593 dimittimus

2049 622 2350 676 debitoribus
2377 625 2558 677 nostris
2579 622 2787 694 (Matth.
2807 641 2881 691 vt,
2904 625 3012 694 η).
3033 626 3168 680 Dicit
3185 627 3326 680 enim
3343 629 3432 680 tibi
3454 630 3594 684 Deus
3618 649 3632 686 τ

2049 712 2184 780 Quid
2216 715 2342 767 mibi
2369 715 2464 768 das
2486 758 2500 780 ,
2527 726 2582 769 ut
2603 732 2700 783 ego
2725 716 2988 770 dimittam
3021 718 3112 771 tibi
3138 718 3312 772 debita
3343 719 3467 774 tua?
3490 721 3634 788 Qua-

2050 802 2100 856 le
2143 819 2335 858 munus
2376 805 2562 870 offers,
2614 807 2768 875 quale
2799 807 3112 861 sacrificium
3145 810 3490 865 conscientia)
3530 821 3635 868 ture

2049 891 2278 962 imponis
2304 895 2558 950 altaribus
2589 897 2757 949 meis?
2790 896 3053 952 Continuo
3084 896 3264 952 docuit
3305 910 3355 954 te
3381 901 3506 970 quid
3538 919 3632 970 pe-

2049 993 2130 1038 tas
2153 994 2204 1039 et
2227 987 2350 1056 quid
2382 987 2593 1040 offeras.
2624 988 2765 1042 Petis
2787 1029 2802 1053 ,
2835 987 3039 1041 Dimitte
3065 991 3206 1042 nobis
3232 989 3397 1043 debita
3420 1003 3590 1045 nostra
3616 1009 3634 1048 :

2048 1085 2102 1130 et
2129 1085 2180 1130 tu
2217 1077 2374 1131 offers
2396 1121 2410 1143 ,
2440 1079 2604 1147 quid?
2631 1078 2774 1132 Sicut
2809 1089 2854 1132 et
2891 1097 2982 1134 nos
3009 1080 3304 1135 dimittimus
3333 1083 3634 1135 debitoribus

2049 1171 2249 1219 nostris.
2280 1167 2496 1221 Debitor
2523 1183 2580 1220 es
2604 1168 2655 1221 ei
2683 1171 2768 1236 qui
2803 1167 2908 1222 falli
2939 1185 3042 1223 non
3069 1180 3244 1239 potest
3272 1189 3284 1223 :
3317 1171 3482 1226 babes
3499 1181 3554 1226 et
3576 1183 3630 1226 tu

2049 1257 2363 1313 debitorem.
2399 1260 2535 1313 Dicit
2563 1261 2653 1314 libi
2688 1261 2826 1313 Deus
2860 1278 2871 1311 :
2896 1261 2975 1314 Tu
3003 1260 3210 1315 debitor
3237 1275 3387 1316 mens
3409 1276 3500 1328 es,
3545 1263 3630 1316 ille

2049 1346 2255 1402 debitor
2286 1357 2436 1413 tuus;
2483 1350 2584 1402 hoc
2630 1349 2764 1403 facio
2793 1365 2892 1419 ego
2939 1350 3032 1403 tibi
3059 1350 3284 1405 debitori
3312 1367 3463 1416 meo,
3492 1353 3630 1422 quod

2052 1450 2106 1494 tu
2135 1440 2323 1495 feceris
2346 1440 2574 1495 debitori
2604 1451 2714 1494 tuo.
2738 1440 2862 1495 Inde
2887 1441 3047 1497 offers
3075 1443 3202 1496 mihi
3236 1459 3459 1510 munus,
3489 1444 3631 1500 unde

2050 1531 2350 1600 peperceris
2391 1531 2616 1586 debitori
2643 1541 2752 1585 tuo.
2791 1532 2964 1602 Rogas
3000 1548 3086 1586 me
3110 1548 3206 1601 pro
3231 1533 3594 1594 misericordia
3614 1573 3632 1594 .

2053 1631 2104 1675 tu
2137 1621 2242 1676 noli
2273 1636 2390 1674 esse
2414 1623 2562 1690 piger
2591 1622 2642 1675 in
2671 1622 3051 1676 misericordia.
3081 1623 3308 1677 Attende
3325 1625 3464 1694 quod
3489 1625 3636 1679 Scri-

2052 1720 2204 1779 ptura
2251 1710 2408 1776 dicit,
2458 1710 2862 1764 Miscricordiam
2907 1713 3019 1766 volo
3049 1715 3208 1781 magis
3252 1730 3404 1783 quam
3439 1715 3636 1783 sacriﬁ-

2053 1801 2182 1852 cium
2213 1799 2364 1871 (Osee
2391 1817 2480 1865 v1,
2516 1800 2592 1871 (i).
2626 1801 2739 1855 Noli
2768 1802 2959 1856 offerre
2989 1803 3308 1858 sacrificium
3326 1805 3442 1860 sine
3474 1807 3635 1860 miseo

2052 1892 2312 1957 ricordia;
2342 1892 2460 1961 quia
2492 1908 2595 1946 non
2629 1894 2968 1947 remittuntur
2993 1894 3085 1948 tibi
3125 1905 3340 1964 peccata
3373 1905 3461 1950 tua
3485 1937 3499 1961 ,
3533 1897 3634 1951 nisi

2053 1982 2245 2037 offeras
2267 1997 2385 2037 cum
2415 1985 2798 2039 misericordia.
2828 1985 2932 2040 Sed
2966 1986 3100 2041 forte
3122 1987 3253 2042 dicis
3278 2006 3290 2040 :
3320 1989 3434 2043 Non
3465 1990 3634 2044 habeo

2052 2083 2288 2143 peccata.
2337 2073 2685 2141 Quantumvis
2729 2085 2914 2131 cautus
2960 2078 3062 2143 sis,
3112 2077 3303 2145 frater,
3351 2089 3526 2134 tamen
3583 2082 3634 2134 in

2054 2177 2214 2218 carne
2241 2165 2423 2218 vivens
2451 2166 2502 2219 in
2534 2165 2760 2231 sarculo,
2784 2169 2897 2237 agis
2927 2168 3065 2223 inter
3094 2185 3370 2238 prcssuras
3396 2182 3449 2225 et
3469 2188 3640 2240 angu-

2055 2256 2220 2318 stias,
2263 2265 2316 2310 et
2360 2257 2499 2311 inter
2545 2257 2952 2312 innumerabilia
3002 2267 3324 2314 tentamenta
3367 2265 3636 2327 versaris;

2056 2345 2388 2412 non‘poleris
2416 2361 2533 2401 esse
2577 2348 2692 2402 sine
2732 2357 2970 2416 peccato.
2999 2347 3156 2403 Certe
3179 2349 3308 2403 dicit
3333 2349 3425 2403 tibi
3459 2351 3596 2406 Deus
3622 2367 3636 2405 :

2057 2434 2286 2491 Securus
2347 2445 2462 2491 esto
2509 2436 2575 2491 de
2637 2446 2892 2506 peccato,
2958 2438 3067 2492 noli
3114 2437 3380 2494 dimittere
3425 2438 3472 2494 si
3533 2455 3639 2494 non

2057 2526 2222 2582 babes
2250 2527 2389 2597 quod
2416 2543 2515 2597 ego
2544 2528 2634 2582 tibi
2664 2528 2923 2582 dimittam
2945 2568 2960 2590 ,
2990 2528 3083 2583 sed
3117 2529 3284 2600 magis
3311 2529 3462 2600 exige
3487 2530 3530 2583 si
3561 2531 3642 2583 ni-

2058 2615 2133 2670 bil
2157 2617 2319 2671 debes
2363 2634 2374 2668 :
2421 2618 2464 2671 si
2504 2627 2680 2672 autem
2729 2619 3046 2686 debitores,
3075 2623 3239 2689 magis
3269 2621 3540 2689 gratulare
3589 2629 3642 2674 le

2060 2706 2258 2761 habere
2286 2706 2602 2775 debitorem,
2637 2709 2687 2761 in
2719 2722 2824 2777 quo
2850 2708 3014 2764 facias
3037 2710 3175 2779 quod
3206 2711 3292 2765 fiat
3316 2710 3371 2764 in
3401 2720 3474 2765 te.
3505 2711 3640 2766 Audi

2057 2812 2174 2861 me,
2203 2805 2256 2850 et
2282 2796 2486 2850 discute
2525 2807 2575 2851 te
2596 2839 2610 2865 ,
2642 2798 2763 2868 quia
2787 2799 2872 2852 vel
2905 2798 2972 2853 de
2997 2800 3073 2870 (τι)
3105 2800 3284 2869 paucis
3315 2801 3522 2870 probis,
3552 2801 3643 2870 qui

2059 2896 2282 2956 possunt
2307 2887 2324 2918 ¹
2354 2887 2615 2942 veraciter
2653 2903 2808 2942 orare
2835 2889 3132 2943 orationem
3160 2889 3510 2957 dominicam,
3546 2905 3642 2945 ve-

2059 2977 2256 3053 raciter
2297 2975 2476 3031 dicere
2497 3019 2511 3044 ,
2563 2978 2783 3032 Domine
2809 3021 2824 3045 ,
2853 2977 3059 3034 dimitte
3088 2979 3250 3044 mibi,
3294 2979 3431 3034 sicut
3467 2988 3520 3033 et
3546 2995 3643 3050 ego

2059 3068 2286 3122 dimitto.
2315 3068 2428 3122 Non
2459 3069 2747 3134 fallaciter,
2781 3085 2886 3125 non
2911 3071 3057 3135 ficte,
3089 3088 3154 3126 ex
3184 3071 3344 3126 corde
3366 3087 3492 3126 vero
3522 3071 3601 3125 fac
3623 3114 3640 3138 ,

2061 3169 2117 3214 ut
2146 3169 2199 3213 et
2226 3161 2278 3214 in
2307 3168 2356 3216 te
2381 3175 2567 3214 verum
2598 3161 2706 3214 fiat.
2735 3161 2788 3216 Si
2813 3163 2953 3215 enim
2984 3164 3069 3232 qui
3105 3171 3154 3217 te
3181 3163 3319 3217 lmsit
3339 3205 3354 3231 ,
3385 3166 3471 3233 qui
3505 3164 3554 3216 in
3592 3174 3642 3216 te

2061 3251 2333 3319 peccavit,
2375 3252 2508 3320 petit
2537 3267 2565 3304 a
2611 3260 2662 3306 te
2705 3252 2946 3319 veniam,
2975 3262 3028 3308 et
3058 3254 3320 3323 ignoscis;
3353 3255 3461 3323 jam
3495 3263 3644 3323 potes

2063 3358 2281 3397 securus
2325 3342 2536 3409 dicere,
2569 3342 2778 3397 Dimitte
2821 3345 2962 3398 nobis
3009 3345 3172 3397 debita
3203 3355 3407 3411 nostra,
3440 3345 3562 3398 sicut
3597 3353 3643 3397 et

2062 3451 2151 3488 nos
2195 3435 2492 3488 dimittimus
2521 3435 2822 3491 debitoribus
2861 3438 3063 3490 nostris.
3095 3437 3223 3491 Nam
3255 3439 3297 3491 si
3329 3438 3532 3491 resistis
3557 3451 3644 3490 ro-

2063 3525 2225 3595 ganti,
2256 3527 2609 3580 contemncris
2635 3536 2686 3581 et
2709 3535 2762 3580 tu
2785 3543 2903 3581 cum
2926 3528 3217 3597 rogaveris.
3238 3528 3484 3582 Clausisti
3511 3542 3642 3581 con-

2066 3628 2144 3672 tra
2193 3620 2523 3687 pulsantem.
2572 3620 2808 3674 clausum
2855 3621 3126 3689 invenies,
3168 3636 3286 3676 cum
3329 3622 3641 3690 pulsaveris.

2064 3705 2192 3760 Nam
2224 3707 2266 3760 si
2290 3708 2562 3776 aperueris
2591 3709 2790 3763 viscera
2821 3710 3159 3780 indulgentiae
3184 3712 3387 3781 roganti
3415 3721 3494 3775 te,
3517 3728 3644 3780 ape-

2063 3798 2167 3852 riet
2187 3807 2241 3852 et
2261 3799 2350 3852 tibi
2385 3801 2540 3865 Deus,
2574 3816 2694 3854 eum
2719 3803 2987 3870 rogaveris
3012 3819 3151 3856 eum.
3185 3804 3340 3858 Modo
3360 3805 3499 3859 enim
3528 3806 3645 3861 illos

2063 3891 2334 3961 alloquor,
2365 3893 2452 3962 qui
2482 3901 2670 3962 petunt
2699 3894 2903 3947 veniam
2931 3911 2959 3946 a
2991 3894 3239 3948 fratribus
3267 3898 3376 3950 suis
3403 3897 3645 3951 christia-

2065 3983 2177 4048 nis,
2222 3993 2276 4037 et
2321 4000 2424 4038 non
2455 3986 2742 4055 accipiunt.
2769 3986 2902 4039 Ecce
2933 3994 2984 4039 tu
3014 3986 3055 4039 si
3082 3991 3411 4042 concesseris
3432 4032 3446 4056 ,
3481 4005 3639 4044 secu-

2065 4089 2156 4127 rus
2185 4075 2378 4129 orabis.
2431 4075 2518 4129 Ilie
2544 4092 2707 4144 vero,
2753 4077 2796 4130 si
2826 4086 2876 4131 te
2918 4079 3208 4147 rogaverit,
3231 4088 3284 4130 et
3304 4079 3346 4132 si
3377 4095 3484 4132 non
3515 4096 3647 4133 con-

2064 4167 2324 4230 cesseris,
2357 4167 2623 4237 quomodo
2667 4183 2885 4222 securus
2915 4170 3019 4224 eris
3048 4170 3102 4222 ’ἲ
3141 4170 3389 4239 Quisquis
3415 4171 3555 4225 enim
3589 4188 3649 4228 es

2065 4257 2152 4326 qui
2178 4259 2438 4326 peccasti,
2472 4267 2526 4313 et
2571 4261 2777 4313 veniam
2826 4276 2932 4313 non
2964 4261 3233 4328 meruisti,
3283 4263 3389 4316 noli
3417 4262 3606 4318 timere
3631 4305 3646 4329 ,

2067 4349 2343 4419 interpella
2384 4351 2548 4405 Deum
2577 4352 2742 4421 ipsius
2785 4363 2836 4406 et
2865 4363 3009 4407 tuum
3047 4371 3059 4406 :
3091 4354 3265 4408 debita
3306 4356 3447 4410 enim
3484 4367 3644 4412 sunt:

2066 4439 2322 4508 numquid
2352 4443 2546 4512 poterit
2570 4442 2748 4497 debita
2776 4445 2989 4518 exigere
3019 4460 3204 4500 servus
3225 4487 3238 4510 ,
3269 4463 3388 4515 qua:
3410 4447 3647 4504 donave-

2067 4531 2135 4584 rit
2163 4531 2409 4587 dominus
2436 4532 2550 4603 (b)?
2593 4533 2649 4588 Si
2680 4533 2815 4589 forte
2844 4551 2946 4590 non
2981 4546 3031 4590 te
3074 4539 3342 4606 rogaverit
3387 4540 3474 4608 qui
3518 4541 3567 4592 in
3596 4547 3648 4594 te

2068 4623 2332 4690 peccavit,
2375 4622 2418 4677 si
2467 4624 2675 4678 veniam
2712 4640 2815 4679 non
2864 4625 3210 4694 deprecatur;
3245 4628 3285 4682 si
3321 4630 3646 4696 peccaverit,

2069 4713 2284 4782 insuper
2311 4715 2482 4769 adlutc
2509 4725 2563 4769 et
2606 4717 2880 4782 irascitur,
2916 4727 2967 4771 tu
2997 4719 3123 4789 quid
3163 4719 3362 4775 facies?
3388 4720 3609 4775 dimittis
3632 4764 3648 4786 ,

2068 4819 2133 4856 an
2163 4821 2268 4858 non
2291 4805 2547 4860 dimittis?
2573 4807 2708 4861 Ecce
2734 4823 2838 4862 non
2865 4809 3132 4863 dimisisti.
3155 4810 3367 4878 Quare?
3388 4811 3519 4876 Quia
3545 4828 3651 4867 non

2069 4896 2289 4965 rogavit.
2349 4895 2405 4949 Si
2448 4907 2725 4966 propterea
2766 4914 2870 4952 non
2921 4899 3197 4966 dimisisti,
3240 4901 3361 4971 quia
3404 4916 3510 4955 non
3558 4917 3652 4956 ro-

2068 4987 2244 5056 gavit,
2302 4987 2407 5040 noli
2464 4988 2690 5042 titubare
2730 4989 2782 5042 in
2839 4989 3103 5044 dominica
3161 4994 3441 5059 oratione,
3501 5009 3654 5047 secu-

2071 5091 2163 5130 rus
2201 5077 2342 5131 illam
2383 5077 2500 5140 die,
2545 5094 2647 5131 non
2690 5079 2783 5133 tibi
2825 5089 3008 5149 pectus
3045 5083 3347 5150 percutias,
3383 5083 3504 5152 quia
3549 5099 3663 5138 non

2071 5169 2277 5237 roganti
2329 5184 2434 5221 non
2481 5169 2748 5224 dimisisti.
2795 5171 2936 5241 Ergo
2981 5172 3069 5226 ille
3116 5174 3203 5240 qui
3266 5189 3367 5228 non
3420 5177 3654 5244 rogavit,

2072 5261 2326 5316 remansit
2365 5277 2377 5314 :
2421 5263 2685 5332 exigitur,
2723 5279 2945 5344 prorsus
2984 5266 3211 5335 exigitur
3260 5267 3327 5320 ab
3364 5267 3454 5322 illo
3497 5284 3511 5320 :
3564 5282 3663 5321 ve-

2137 5437 2158 5505 ξ
2175 5441 2281 5510 Ειι.Ἰ
2295 5434 2409 5510 quia
2427 5434 2500 5485 eet
2517 5436 2577 5506 de
2596 5437 3001 5510 paucrsprodest,
3021 5437 3104 5502 qui
3114 5439 3316 5510 possint.
3342 5439 3490 5510 Lugd.
3517 5448 3660 5510 ven,

2073 5497 2188 5559 quia
2203 5497 2282 5566 pel
2303 5497 2568 5568 de__pauci_s
2585 5497 2798 5559 prodest,
2823 5499 2907 5562 qui
2929 5497 3142 5564 possunt.
3186 5508 3317 5565 Lov.,
3359 5497 3472 5567 quia
3503 5503 3577 5554 uel
3598 5497 3660 5556 dé

2074 5559 2237 5622 paucis
2258 5559 2442 5622 prodis,
2467 5559 2550 5622 qui
2572 5568 2782 5624 possunt.
2836 5559 2906 5612 Μ.

2138 5621 2159 5652 ²
2181 5627 2338 5671 Forte.
2356 5620 2465 5671 erit.

2139 5656 2400 5806 éd)vi"-&"tg,
2487 5688 2538 5734 tu
2557 5696 2608 5735 es
2631 5685 2710 5734 de.

2165 5744 2213 5806 ιγ)
2249 5746 2362 5796 vide
2385 5756 2534 5798 Serm.
2560 5746 2671 5806 2U,
2697 5761 2710 5796 ι

2165 5744 2213 5808 b)
2249 5746 2362 5796 vide
2385 5756 2534 5798 Serm.
2560 5746 2671 5809 211,
2697 5760 2776 5796 nn.
2803 5747 2834 5797 5
2858 5755 2910 5798 et
2933 5747 2981 5797 ι.
