1998 3090
177 167 249 195 ιῦξΠ

179 227 333 250 remtameu
353 220 379 247 in
399 223 425 246 te
444 218 478 245 sit
498 215 616 257 perfecta
635 213 762 245 charitas,
782 218 846 246 roga
861 216 909 245 pro
925 216 978 236 non

179 272 310 303 rogante;
326 266 386 299 quia
400 271 479 298 rogas
490 271 537 297 pro
550 261 661 288 multum
676 258 853 294 periclitante.

215 302 244 341 Ξ.
263 312 355 339 Chriin
373 310 514 344 exciiiplum
534 307 629 335 orantis
648 313 693 341 pro
715 302 891 330 insultantibus
904 305 927 326 et
941 302 981 326 in-

181 358 373 393 lerﬁcientibus.
403 355 552 389 Eretitplum
572 351 706 386 Stephani.
729 349 776 376 llic
799 348 853 382 jam
874 345 981 372 attende

183 407 336 441 Magistrum
355 408 381 429 et
408 401 548 428 Dominum
570 403 658 429 tuum,
675 404 727 423 non
744 395 770 421 in
793 392 918 420 cathedra
941 398 980 418 se-

181 452 302 482 d‘ntem,
323 449 369 476 sed
395 449 420 474 in
442 447 513 481 ligno
533 444 702 479 pendentem,
718 438 916 473 circumspectis
931 445 981 463 uu-

182 498 262 532 dique
295 495 378 522 turbis
410 493 575 519 iuimicarum
613 493 638 516 et
679 488 809 514 dicentem
846 494 852 511 :
886 483 982 514 Pater,

183 545 286 577 ignosce
306 541 356 566 illis
370 560 376 571 ,
390 539 449 573 quia
468 537 577 563 nesciunt
597 534 658 569 quid
675 533 770 569 faciunt
792 530 872 567 (Luc.
895 535 963 555 χχιιι
975 548 982 560 ,

184 588 219 615 Si
236 588 254 620 ).
278 584 346 612 Vide
371 583 545 617 magistratu,
569 580 630 606 audi
654 578 824 605 itnitatoretn.
852 573 984 607 Numquid

186 637 249 659 tunc
273 630 400 657 Dominus
423 628 544 655 Christus
570 633 617 660 pro
643 623 798 658 rogantibus
824 620 936 655 rogavit,
960 623 986 645 ct

186 687 240 705 non
272 677 358 712 politis
386 682 433 710 pro
464 672 652 700 insultantihns
680 675 707 697 et.
736 665 985 696 interlicientilins?

186 723 320 759 Numquid
335 721 451 749 deseruit
465 719 583 747 medicus
594 717 710 744 ofﬁciunt
727 724 815 746 suum,
833 714 893 749 quia
908 712 986 746 phre-

188 770 293 797 neticus
313 767 438 793 smvicbat
453 766 465 792 '?
480 766 525 792 Dic
543 765 629 796 enim,
646 762 752 798 Ignosce
769 760 831 792 illis,
853 759 911 793 quia
932 766 987 784 nes-

188 816 259 842 ciunt
270 815 330 848 quid
341 814 448 848 faciunt.
470 812 632 839 Salvalorcin
647 808 783 840 occidunt,
799 806 858 840 quia
874 804 987 831 salutem

191 869 244 888 non
269 863 399 894 quaerunt.
418 858 438 885 E
459 862 551 884 contra
566 861 592 882 ct
617 859 642 881 tu
663 854 773 880 forsitan
795 852 913 878 dicturus
938 856 986 875 cs:

190 907 225 933 Et
248 905 354 940 quando
376 911 425 938 ego
440 903 490 929 hoc
513 909 620 936 possum
638 899 708 935 quod
730 898 857 925 Dominus
880 894 988 931 potuit?

189 939 281 985 Quare
292 950 342 977 hoc
354 949 420 976 dicis
435 948 446 975 ?
461 946 574 974 Attende
586 945 629 973 tibi
648 945 697 971 hoc
711 943 771 970 facit
788 951 795 974 ;
809 941 915 968 attende
928 939 988 974 quia

154 1026 158 1028 ,
191 998 220 1024 in
236 1004 316 1023 cruce
337 996 386 1022 hoc
399 995 476 1025 iecit,
498 1001 549 1020 non
566 993 591 1018 in
615 991 693 1019 cutio.
710 990 822 1024 Semper
835 988 905 1015 enim
919 987 989 1014 Deus

193 1043 221 1070 iu
237 1042 306 1069 c0210
327 1049 386 1067 cutn
403 1040 481 1066 Patre
499 1048 505 1065 :
523 1039 548 1064 in
563 1045 641 1064 cruce
663 1041 750 1063 atttctu
774 1041 821 1069 pro
847 1038 872 1060 te
898 1032 988 1064 homo,

192 1088 237 1115 ubi
252 1096 281 1114 se
294 1086 450 1113 imitandum
467 1084 578 1119 pra-buit
593 1082 727 1109 omnibus.
743 1081 795 1108 Pro
812 1085 836 1107 te
856 1079 927 1106 enim
942 1078 991 1105 m-i-

194 1134 228 1160 sit
245 1133 329 1167 ipsam
345 1139 449 1163 vocem,
466 1134 490 1156 ιιι
513 1130 546 1156 ab
564 1128 687 1155 omnibus
703 1127 848 1154 audiretur.
864 1125 930 1152 Nam
944 1131 992 1158 po-

195 1179 245 1205 tuit
264 1186 313 1212 pro
339 1177 391 1203 illis
412 1184 488 1202 orare
502 1176 527 1201 iu
547 1175 663 1205 silentio,
685 1172 731 1200 sed
748 1177 774 1199 tu
803 1179 855 1198 non
879 1170 993 1197 haberes

195 1224 359 1257 exemplum.
376 1222 427 1249 Sed
450 1221 471 1247 si
492 1220 603 1247 tnultntn
619 1223 659 1246 est
678 1218 710 1245 ad
726 1222 751 1245 te
777 1216 917 1247 Dominus,
939 1222 992 1241 non

196 1270 230 1296 sit
243 1269 276 1295 ad
294 1273 319 1295 te
344 1267 456 1294 multum
472 1273 575 1292 servus.
588 1264 644 1291 Non
658 1269 734 1298 potes
744 1262 840 1289 itnitari
853 1261 993 1287 Dominum

198 1321 287 1346 tuum,
312 1321 372 1340 eum
396 1312 523 1347 penderet
542 1311 567 1337 in
590 1316 667 1348 cruce
681 1309 692 1336 ?
708 1308 871 1343 Stephanum
887 1313 994 1333 servum

198 1361 266 1395 ejus,
283 1367 343 1386 cum
365 1359 378 1385 ι.
390 1359 538 1393 pidarctnr,
552 1355 669 1383 attende.
684 1354 802 1381 Primum
817 1353 854 1379 ait
870 1356 994 1386 tanquam

197 1414 291 1433 servus
312 1404 344 1432 ad
370 1403 527 1435 Dotninnm,
548 1401 656 1428 Domine
669 1399 748 1432 Iesu,
771 1398 857 1433 accipe
878 1397 997 1432 spiritum

204 1459 286 1478 meum
303 1460 311 1483 ;
338 1455 365 1477 et
379 1454 438 1484 post
459 1448 515 1475 haec
530 1455 599 1482 genu
615 1446 683 1473 licxo
703 1445 748 1476 ait,
766 1443 884 1475 Domine,
900 1450 930 1468 ne
942 1446 996 1468 sta-

201 1503 257 1523 tuas
269 1497 321 1522 illis
334 1496 381 1522 hoc
400 1498 529 1529 peccatum
543 1492 619 1527 (Act.
639 1499 691 1523 vn,
714 1490 752 1523 58,
763 1493 786 1515 et
799 1488 850 1522 59)
868 1496 873 1515 :
888 1491 915 1514 et
936 1493 997 1513 cum

201 1543 252 1570 hoc
269 1542 392 1572 dixisset,
407 1538 568 1567 obdormivit
581 1538 606 1564 iu
622 1536 714 1571 requie
726 1533 885 1562 dilectionis.
900 1532 997 1559 Pacem

202 1589 402 1623 pinguissimam
427 1585 542 1617 invenit,
556 1583 616 1618 quia
640 1589 731 1617 pacem
753 1580 866 1607 initnicis
888 1577 997 1613 optavit.

202 1633 336 1669 Numquid
352 1638 378 1660 et
394 1632 450 1667 ipse
464 1636 526 1658 tunc
542 1638 588 1665 pro
603 1628 757 1663 rogantibus
769 1626 886 1661 rogavit,
906 1629 933 1651 et
946 1632 999 1651 non

203 1690 250 1717 pro
264 1681 446 1711 suvientibus,
464 1686 511 1713 pro
524 1676 703 1711 lapidautihus
716 1679 743 1702 et
760 1670 1000 1700 interlicientibus?

205 1728 292 1755 Habes
308 1726 471 1760 exemplum,
486 1724 569 1756 disce,
591 1721 652 1749 vide
671 1719 805 1755 quomodo
824 1725 873 1753 pro
886 1725 915 1744 se
929 1722 1001 1744 stans

205 1774 301 1805 oravit,
317 1777 344 1799 et
360 1779 408 1806 pro
422 1771 473 1797 illis
482 1777 551 1805 genu
569 1768 655 1795 ﬂexit.
672 1767 808 1797 Putamus,
822 1764 924 1794 fratres,
941 1762 1002 1796 quia

206 1819 265 1854 plus
278 1825 326 1845 eos
338 1817 422 1851 diligit
435 1837 442 1849 ,
457 1823 536 1850 qualn
554 1821 583 1841 se
598 1814 684 1847 ipsum
706 1811 717 1837 ?
738 1811 790 1837 Pro
810 1816 840 1836 se
852 1816 916 1835 vero
930 1812 1003 1833 stans

207 1869 333 1899 tauquam
346 1864 445 1898 justus,
459 1861 535 1888 facile
550 1858 752 1887 exaudiebatur.
768 1856 832 1883 Nam
848 1863 896 1890 pro
907 1854 1004 1889 iniquis

207 1919 276 1946 genu
295 1910 427 1944 ﬁgendum
446 1911 513 1934 erat.
528 1905 650 1933 Ostendit
662 1911 725 1938 ergo
740 1902 909 1930 dilectionetn
920 1907 1005 1934 usque

209 1956 242 1983 ad
254 1956 376 1982 inimicos
390 1954 493 1981 veniam
506 1956 631 1987 rogantes
641 1951 660 1976 ¹.
677 1950 758 1984 Ergo,
775 1948 881 1981 fratres,
898 1950 1006 1982 propter

210 2003 382 2031 securitatem
395 2000 537 2028 dominicas
550 1996 680 2026 orationis
690 2016 697 2028 ,
714 1995 866 2030 rogantibus
880 2001 912 2020 ex
926 1992 1007 2020 corde

211 2049 344 2080 dimittite,
358 2053 385 2075 et
400 2051 430 2074 ut
446 2045 573 2073 Dominus
582 2044 657 2071 vobis
671 2046 758 2069 vestra
772 2044 879 2075 peccata
893 2039 1009 2066 dimittat

210 2095 237 2122 in
253 2094 304 2122 hoc
317 2093 422 2121 mortali
436 2099 547 2126 corpore
562 2095 589 2118 et
607 2089 696 2116 futuro
704 2095 787 2122 usque
796 2087 822 2114 in
831 2085 939 2119 srecula,
955 2089 1006 2112 etc.

397 2146 512 2175 SERMO
530 2143 737 2172 CCCLxxxvn
757 2144 766 2154 ο
782 2142 833 2177 (a).

408 2192 446 2219 De
460 2191 616 2226 correptione
634 2189 742 2223 proximi
764 2186 813 2223 (b).

249 2244 276 2268 l.
302 2238 461 2274 Corripiendi
488 2245 550 2263 cura
578 2234 750 2263 sacerdotibus
772 2232 899 2267 imposita.
920 2231 1010 2258 Sermo

213 2286 264 2314 Dei
277 2284 440 2312 aduersarius
451 2287 545 2310 noster.
560 2281 726 2315 Frequenter
739 2279 766 2305 in
780 2276 924 2312 Scripturis
935 2283 1012 2303 sanc-

215 2333 251 2359 tis
275 2330 377 2358 audivit
397 2329 520 2356 Charitas
543 2331 647 2358 vestra,
672 2325 767 2352 fratres
787 2321 968 2353 dilectissimi,
985 2321 1012 2348 in

215 2384 271 2411 quo
285 2376 339 2403 sint
358 2374 512 2402 sacerdotes
528 2371 645 2407 periculo
660 2369 807 2401 constituti,
832 2368 855 2395 si
879 2367 1013 2394 noluerint

217 2423 329 2456 implere
351 2421 414 2448 illud
436 2419 506 2455 quod
530 2421 694 2445 contestatur
714 2414 875 2449 Apostolus,
897 2412 1013 2439 Prwdica

217 2468 329 2498 verbum,
348 2467 412 2493 insta
427 2469 578 2500 opportune,
604 2463 771 2497 importune;
790 2467 878 2494 argue,
899 2459 1012 2491 increpa,

220 2514 320 2540 obsecra
333 2520 389 2539 cum
403 2511 470 2538 onmi
484 2509 603 2545 patientia
615 2512 638 2535 et
653 2506 767 2533 doctrina
790 2505 830 2539 (ll
846 2503 909 2530 Tim.
924 2511 958 2535 tv,
972 2502 1012 2536 2).

221 2558 256 2586 Et
275 2558 335 2593 quia
362 2562 413 2584 tam
435 2564 514 2591 grave
528 2554 630 2590 pondus
654 2552 774 2580 imminet
794 2549 941 2578 cervicibus
965 2555 1013 2575 no-

222 2605 297 2637 stris,
315 2603 411 2638 quibus
433 2602 546 2634 dicitur,
561 2601 592 2628 Si
611 2607 662 2626 non
673 2596 860 2625 annuntiaveris
871 2595 957 2629 iniquo
968 2593 1016 2620 ini-

254 2661 262 2675 ¹
272 2662 352 2687 Forte,
364 2664 411 2682 non
423 2660 542 2688 rogantes.
575 2685 581 2688 _
638 2684 644 2688 _
778 2671 781 2674 .

255 2691 262 2699 '
273 2680 428 2713 Ηὲιέῐιὶιᾶίιιέ
487 2680 549 2711 duos
561 2685 591 2711 cl.
616 2684 645 2710 ad
661 2691 699 2716 gr.
722 2690 768 2708 rm.
779 2689 802 2706 v.
822 2685 848 2706 et
868 2680 898 2705 ad
916 2683 965 2703 Am.
978 2682 1013 2702 Er.

221 2724 277 2746 Par.
287 2724 342 2744 MV.

255 2750 293 2810 (ag
311 2749 380 2779 Alias,
392 2745 482 2774 S'inter
494 2748 606 2773 Homiiias
617 2747 655 2771 50.

255 2781 281 2810 (b
309 2782 441 2810 Augustino
456 2786 502 2804 nec
518 2779 645 2810 exordium

255 2772 292 2811 ὣς
309 2772 502 2811 augustino-nec
518 2779 645 2811 exordium
666 2776 796 2811 convenit,
818 2780 864 2799 nec
876 2772 1016 2811 ‘conclusio.

225 2804 275 2837 Res
280 2804 386 2836 interuse
396 2812 525 2835 invenuste
536 2809 668 2837 mitterent.
678 2812 704 2832 et
715 2807 813 2831 nimium
825 2804 938 2836 neglecta
948 2808 985 2827 est
994 2804 1017 2827 in

225 2843 296 2867 dictis
308 2842 467 2873 perspicuitas
484 2845 509 2865 et
521 2839 651 2871 elegantia.
663 2842 782 2870 Congesta
798 2836 837 2860 hic
850 2839 960 2867 iutamus
973 2840 1017 2858 au-

226 2874 318 2904 gustiui
327 2877 369 2897 aut
379 2873 462 2902 verba,
471 2875 512 2896 aut
523 2877 619 2895 sensus.

838 150 952 181 SERMO
971 148 1189 178 CCCLXXXVH.

1757 151 1765 177 l
1772 150 1822 178 698

1032 208 1151 241 quitatem
1171 214 1254 240 suam,
1268 207 1414 242 sanguinem
1428 208 1482 243 ejus
1496 207 1526 235 de
1541 216 1618 235 manu
1637 212 1680 234 tua
1698 209 1823 244 requiram

1034 253 1042 287 (
1058 252 1149 279 Ezech.
1164 260 1202 285 ιιι,
1218 252 1268 288 18)
1282 261 1288 285 ;
1306 261 1415 280 necesse
1429 254 1506 280 nobis
1526 259 1567 281 est
1582 262 1763 290 quoscumque
1776 264 1824 283 ne~

1034 297 1163 332 gligeutes
1174 303 1218 324 aut.
1231 303 1332 325 secrete
1346 303 1390 325 aut
1404 300 1508 333 publice
1524 299 1662 334 castigare.
1678 301 1730 328 Sed
1743 309 1825 336 quano

1034 343 1068 369 do
1089 343 1257 377 corripimus,
1279 344 1323 369 ille
1343 352 1420 377 quem
1447 345 1617 379 Corripimus,
1632 345 1653 371 si
1675 347 1759 372 malus
1774 351 1825 378 est,

1034 388 1144 415 attendit
1166 397 1179 415 ο
1195 396 1247 423 quo
1261 389 1419 423 corripiatur
1436 399 1442 420 ι
1465 395 1492 416 et
1511 391 1611 417 facilius
1630 393 1655 418 in
1675 398 1827 427 corrcptore

1035 441 1083 460 suo
1099 441 1175 467 quam
1194 434 1219 460 in
1238 442 1267 460 se
1290 434 1404 461 libenter
1423 436 1541 469 agnoscit
1562 437 1631 470 quod
1648 438 1772 472 corrigat.
1796 440 1826 466 lit

1035 481 1056 506 si
1074 488 1133 507 vera
1155 480 1299 511 invenerit,
1316 489 1374 514 qua:
1393 484 1419 507 et
1435 481 1490 516 ipse
1510 482 1579 508 dicat
1601 482 1626 508 in
1651 491 1711 510 eum
1739 491 1754 510 a
1775 492 1828 519 quo

1036 526 1195 560 corripitur,
1212 526 1318 560 gaudet.
1340 526 1450 559 Quando
1472 528 1566 554 melius
1587 529 1714 562 gauderet
1734 530 1768 556 de
1782 538 1828 557 sua

1036 572 1150 599 sanitale
1175 578 1320 603 cnrrcetus,
1336 580 1414 606 quain
1435 573 1468 599 de
1484 573 1571 600 alieno
1595 575 1720 609 languore
1735 584 1828 604 corre-

1037 624 1097 652 ptus
1108 619 1118 644 ἱ)
1129 618 1197 644 Ecce
1214 623 1274 651 puta
1289 626 1378 645 rerum
1393 626 1452 646 esse
1467 619 1537 653 quod
1551 620 1632 651 dicis;
1648 621 1769 649 invenisti
1783 624 1830 650 ali-

1037 664 1099 698 quid
1121 664 1146 690 in
1170 664 1277 690 homine
1298 672 1312 690 a
1337 672 1387 698 quo
1407 665 1585 699 reprehensus
1606 674 1655 693 es:
1675 672 1761 694 tamen
1784 676 1830 702 per

1038 710 1111 736 illum
1133 710 1178 736 tibi
1194 710 1290 736 veritas
1316 710 1495 744 loquebatur;
1520 719 1566 744 per
1588 712 1697 744 malum,
1711 720 1757 746 per
1779 713 1830 740 ini-

1038 763 1119 790 quum
1138 756 1182 781 tibi
1198 756 1293 782 veritas
1309 755 1471 790 loquebatur.
1492 756 1594 790 Qumris
1608 757 1670 790 quid
1686 758 1831 791 reprehen-

1038 801 1086 828 das
1100 801 1124 827 in
1146 801 1253 828 homine
1280 810 1286 827 :
1312 802 1399 828 inveni
1419 802 1506 836 potius
1528 802 1590 836 quid
1610 804 1789 837 reprehendas
1805 806 1830 832 in

1039 846 1159 873 veritate.
1186 846 1256 873 Veiis
1272 847 1353 879 nolis,
1370 847 1413 873 illa
1428 851 1468 873 est
1482 847 1631 874 adversaria
1647 853 1688 874 tua
1699 869 1706 879 ,
1732 849 1757 875 in
1780 857 1831 884 qua

1040 900 1094 918 non
1111 892 1213 919 invenis
1225 892 1295 926 quod
1315 899 1432 919 accuses.
1454 892 1526 919 lllatn
1547 893 1587 920 fac
1610 894 1732 927 amicam,
1748 895 1769 921 si
1786 903 1833 929 po-

1042 942 1090 964 tes.
1108 937 1282 964 Adversarius
1309 943 1368 964 tuus
1387 944 1475 964 sermo
1492 938 1538 965 Dei
1559 943 1598 965 est
1616 948 1621 965 :
1638 939 1754 973 proferat
1771 948 1832 966 cum

1041 987 1174 1018 peccator,
1194 983 1309 1018 proferat
1320 991 1379 1010 eum
1393 983 1479 1017 justus
1494 991 1500 1015 ;
1516 992 1604 1010 sermo
1619 984 1663 1011 Dei
1681 989 1731 1016 est,
1750 985 1837 1012 incul-

1043 1029 1136 1063 pabilis
1148 1033 1198 1055 est.
1213 1028 1271 1062 ipse
1285 1032 1325 1054 cst
1338 1028 1505 1055 adversarius
1522 1034 1582 1055 tuus
1599 1037 1605 1054 :
1622 1030 1753 1056 concorda
1773 1038 1834 1057 cuin

1042 1083 1085 1107 eo,
1101 1083 1160 1102 cum
1172 1082 1201 1101 cs
1213 1082 1272 1101 cum
1287 1074 1331 1101 illo
1341 1075 1366 1101 in
1381 1075 1432 1100 via.
1446 1074 1492 1100 Via
1504 1074 1554 1101 vita
1571 1074 1620 1102 ista
1634 1079 1683 1101 est.
1700 1075 1834 1102 Adversa-

1043 1121 1098 1147 rius
1118 1121 1236 1147 omniutn
1260 1121 1408 1155 iniquorum
1429 1127 1517 1146 sermo
1539 1121 1583 1147 Dei
1599 1126 1649 1147 est.
1672 1121 1769 1148 Parum
1789 1121 1836 1149 tibi

1043 1172 1084 1194 cst
1102 1168 1171 1202 quod
1187 1175 1246 1193 cum
1259 1171 1329 1193 esset
1344 1173 1454 1192 manens
1470 1166 1496 1193 in
1513 1174 1559 1193 stta
1578 1166 1729 1193 beatissima
1746 1172 1773 1194 et
1790 1175 1834 1194 se-

1044 1214 1192 1240 cretiSsitna
1214 1212 1288 1245 sedc,
1303 1213 1373 1239 venit
1389 1212 1421 1238 ad
1434 1217 1458 1239 te
1471 1233 1477 1244 ,
1502 1217 1529 1238 ιιι
1552 1217 1623 1239 esset
1645 1217 1731 1239 tecum
1745 1213 1770 1239 in
1784 1213 1837 1247 via,

1045 1263 1072 1285 et
1092 1262 1178 1284 tecum
1192 1257 1274 1284 voluit
1288 1257 1408 1284 comitari
1424 1257 1435 1282 ‘i
1450 1261 1478 1283 ut
1489 1264 1549 1283 cum
1565 1257 1695 1290 ambulas,
1709 1262 1736 1285 et
1750 1258 1776 1285 in
1790 1266 1838 1293 po-

1046 1307 1141 1330 testate
1163 1302 1262 1336 ltabes,
1286 1310 1432 1337 componas
1458 1310 1564 1329 causam
1591 1307 1673 1335 tuam,
1701 1308 1727 1330 et
1746 1303 1838 1337 dicas,

1047 1350 1158 1383 Quando
1174 1349 1295 1376 finiturus
1310 1356 1339 1376 es
1354 1348 1444 1375 viam?
1457 1353 1484 1374 et
1498 1356 1558 1375 cum
1575 1347 1675 1376 ﬁnieris
1691 1349 1771 1382 viain,
1786 1356 1840 1376 non

1047 1397 1099 1424 erit
1112 1403 1171 1423 cum
1187 1403 1240 1430 quo
1254 1402 1360 1422 causam
1376 1399 1446 1421 tuam
1462 1401 1622 1429 componere
1634 1389 1720 1428 possis
1732 1404 1738 1421 :
1754 1399 1782 1421 et
1794 1395 1841 1421 ad-

1047 1442 1182 1469 versarius
1199 1441 1285 1468 tradet
1300 1439 1427 1475 tejudici,
1443 1439 1523 1474 iudex
1539 1444 1627 1466 autem
1643 1440 1774 1473 ministro,
1789 1440 1842 1466 mi-

1048 1488 1133 1515 nister
1146 1492 1234 1514 autem
1246 1487 1271 1513 in
1285 1493 1431 1514 carcerem.
1446 1485 1504 1513 Non
1516 1486 1589 1512 exics
1601 1486 1671 1516 inde,
1687 1485 1772 1512 donec
1782 1486 1840 1512 red-

1050 1533 1148 1561 dideris
1164 1532 1336 1559 novissimum
1351 1531 1524 1566 quadrantem
1542 1532 1551 1566 (
1564 1530 1656 1557 Matth.
1668 1539 1695 1562 v,
1710 1530 1757 1563 25,
1770 1530 1805 1558 26
1819 1531 1841 1566 ).

1050 1579 1098 1606 Est
1113 1582 1199 1606 tecum
1213 1578 1322 1605 verbum
1345 1577 1401 1610 Dei,
1417 1577 1491 1612 quasi
1503 1577 1672 1603 adversarius
1683 1577 1708 1603 iu
1721 1577 1761 1603 via
1774 1585 1780 1602 :
1796 1576 1844 1603 ha-

1051 1625 1098 1652 bes
1113 1625 1139 1651 in
1154 1628 1296 1659 potestate,
1311 1631 1451 1657 compone.
1466 1622 1534 1656 Quid
1547 1630 1561 1648 a
1574 1627 1598 1649 te
1612 1622 1706 1656 quaerit
1719 1621 1845 1649 adversa—

1052 1669 1107 1696 rius
1122 1670 1183 1701 istc,
1206 1673 1233 1695 ut
1246 1668 1392 1695 concordes
1411 1675 1472 1694 cum
1488 1667 1531 1694 illo
1546 1667 1557 1693 ?
1576 1666 1649 1701 quid,
1665 1667 1715 1693 nisi
1731 1666 1845 1694 salutem

1052 1719 1124 1742 tuam
1139 1715 1151 1741 ?
1165 1714 1289 1741 Ambuiat
1308 1722 1367 1740 cum
1385 1714 1544 1740 adversariis
1562 1714 1617 1739 suis
1627 1734 1634 1745 ,
1650 1717 1676 1739 et
1689 1713 1753 1739 dicit
1764 1713 1803 1740 eis
1818 1718 1847 1740 ut

1053 1760 1217 1788 concordent
1240 1768 1299 1787 cum
1320 1760 1375 1786 illo.
1397 1759 1455 1786 Fiat
1475 1767 1482 1785 :
1499 1759 1615 1786 nondum
1640 1759 1710 1785 ﬁnita
1731 1763 1773 1786 est
1793 1759 1846 1786 via.

1054 1805 1130 1840 Quod
1144 1806 1201 1833 heri
1216 1813 1268 1832 non
1282 1810 1323 1832 est
1337 1805 1444 1837 factum,
1460 1805 1505 1832 ﬁat
1524 1805 1611 1832 hodie.
1632 1804 1755 1832 Nondum
1776 1804 1848 1831 [inita

1055 1858 1098 1880 est
1110 1853 1150 1880 via
1163 1862 1169 1879 :
1182 1852 1245 1887 quid
1259 1852 1420 1887 exspectatis
1432 1858 1569 1886 quousque
1584 1850 1689 1878 finiatur
1702 1851 1714 1877 ?
1733 1851 1800 1878 Cum
1820 1851 1850 1877 ti-

1056 1900 1111 1927 nita
1127 1899 1222 1932 fuerit,
1239 1906 1291 1925 non
1302 1898 1352 1925 erit
1368 1897 1419 1924 alia
1434 1897 1479 1924 ubi
1495 1905 1556 1924 cum
1570 1896 1725 1924 adversario
1739 1903 1851 1923 concor-

1057 1946 1135 1973 detis.
1149 1944 1233 1971 .ludcx
1252 1947 1345 1976 restat,
1366 1942 1488 1969 ministcr
1509 1946 1534 1969 et
1556 1949 1657 1969 carcer.
1684 1941 1772 1968 Multis
1793 1940 1852 1967 lucc

1059 1991 1099 2018 via
1114 2000 1120 2017 :
1132 1998 1192 2017 cum
1206 1989 1255 2016 sibi
1268 1988 1359 2022 plures
1372 1988 1559 2022 promitterent
1572 1988 1596 2013 in
1612 1994 1642 2013 ea
1653 1994 1747 2019 annos,
1762 1986 1851 2014 subito

1060 2037 1132 2063 ﬁnita
1157 2041 1207 2063 est.
1232 2033 1285 2061 Sed
1306 2040 1370 2061 ecce
1390 2032 1430 2059 fac
1443 2033 1503 2067 quia
1519 2032 1595 2067 longa
1611 2032 1662 2059 erit
1686 2032 1726 2058 via
1744 2036 1804 2064 tua,
1825 2037 1853 2058 et.

1060 2089 1165 2116 semper
1186 2085 1272 2107 tecum
1287 2078 1456 2106 adversarius
1471 2082 1531 2104 tuus
1555 2077 1693 2104 ambulet:
1713 2084 1765 2104 non
1789 2085 1852 2104 ern-

1060 2127 1157 2160 beseis,
1173 2129 1246 2153 tanto
1259 2130 1377 2160 tempore
1387 2132 1448 2152 cum
1463 2124 1507 2151 tali
1520 2123 1673 2151 adversario
1689 2123 1787 2150 habere
1799 2123 1853 2150 dis-

1061 2173 1202 2201 cordiam?
1217 2173 1311 2200 Sermo
1334 2171 1391 2204 Dei,
1414 2176 1541 2206 quantum
1564 2170 1643 2197 estin
1664 2170 1732 2205 ipso,
1753 2169 1854 2197 amicus

1063 2224 1124 2246 tuus
1137 2223 1178 2245 est
1198 2224 1205 2243 :
1227 2216 1407 2244 adversariutn
1427 2221 1453 2243 tn
1468 2216 1513 2243 tibi
1528 2223 1588 2243 eum
1612 2215 1686 2242 facis.
1708 2215 1767 2249 ipse
1784 2216 1855 2242 enim

1063 2264 1110 2292 tibi
1127 2264 1196 2291 bene
1209 2263 1274 2296 vult,
1292 2267 1318 2290 tu
1342 2263 1387 2290 tibi
1408 2270 1423 2289 e
1447 2262 1581 2289 contrario
1608 2261 1686 2288 male.
1708 2261 1753 2288 ille
1771 2261 1855 2295 jubet,

1064 2310 1121 2337 Non
1137 2309 1254 2340 fureris;
1280 2315 1305 2334 tu
1326 2307 1441 2334 feraris:
1460 2307 1600 2341 illejnbet,
1622 2307 1678 2333 Non
1702 2307 1856 2340 adulteros;

1065 2361 1092 2383 tu
1105 2356 1237 2382 adulteras
1253 2363 1259 2381 :
1276 2354 1319 2381 ille
1330 2354 1421 2388 jubet,
1438 2353 1568 2380 Fraudem
1591 2361 1642 2379 non
1658 2353 1739 2380 facias
1755 2361 1762 2385 ;
1778 2357 1804 2379 tu
1818 2352 1856 2380 fa-

1065 2402 1103 2429 cis
1124 2405 1216 2428 :vetat
1238 2405 1263 2427 te
1277 2400 1366 2434 iurare
1383 2408 1390 2432 ;
1415 2405 1441 2425 tu
1458 2399 1551 2426 lalsum
1565 2399 1638 2433 juras
1654 2407 1661 2425 :
1682 2398 1746 2426 facis
1765 2403 1857 2426 contra

1065 2447 1153 2474 omnia
1169 2454 1227 2480 qtnc
1241 2445 1304 2472 dicit
1319 2453 1326 2477 ;
1344 2450 1370 2472 tu
1387 2444 1433 2471 tibi
1455 2452 1605 2472 sermonem
1620 2445 1666 2471 Dei
1684 2444 1748 2471 facis
1772 2444 1858 2470 iniiini-

1066 2501 1136 2520 cum.
1153 2492 1207 2519 Nec
1226 2492 1339 2524 mirum,
1364 2491 1470 2525 quando
1484 2495 1511 2517 ιιι
1534 2491 1579 2517 tibi
1604 2491 1660 2524 ipse
1678 2490 1800 2517 inimicus
1818 2498 1856 2517 es.

1068 2538 1118 2571 Qui
1131 2537 1201 2564 enim
1214 2537 1297 2571 diligit
1314 2537 1479 2571 iniquitatem,
1500 2536 1552 2562 odit
1563 2536 1674 2561 quintam
1686 2543 1757 2561 suam
1773 2534 1857 2569 (Psal.
1891 2550 1899 2559 ι

1067 2592 1094 2616 x,
1121 2583 1158 2619 6).
1180 2583 1207 2610 Si
1226 2590 1289 2618 ergo
1310 2582 1444 2617 diligendo
1464 2581 1628 2615 iniquitatem
1646 2580 1725 2608 odisti
1743 2581 1858 2608 animam

1068 2634 1150 2661 tuam,
1173 2629 1279 2656 miraris
1290 2628 1351 2663 quia
1372 2627 1450 2654 odisti
1473 2633 1624 2653 sermonem
1642 2626 1699 2659 Dei,
1722 2626 1766 2662 qui
1792 2626 1825 2654 he
1846 2633 1860 2652 e

1068 2676 1123 2703 vult
1137 2675 1232 2701 animus
1243 2678 1294 2701 tua:
1309 2674 1320 2700 ?

1103 2722 1130 2748 Ξ.
1154 2721 1285 2755 Correptio
1306 2719 1422 2754 proximo
1444 2727 1493 2745 non
1508 2726 1540 2745 ex
1552 2718 1609 2745 odio
1624 2717 1774 2745 adhibenda.
1791 2717 1863 2750 Ergo

1069 2768 1232 2798 tacebimus,
1253 2770 1280 2792 et
1302 2765 1436 2792 neminem
1454 2764 1563 2790 omnino
1582 2763 1758 2797 corripiemus
1770 2762 1781 2781 ⁸³
1794 2762 1862 2789 Cor-

1069 2813 1196 2848 ripiamus
1210 2812 1297 2846 plane,
1313 2811 1359 2838 sed
1376 2810 1448 2844 prius
1469 2817 1528 2836 nos.
1552 2809 1702 2837 Proximum
1719 2809 1759 2836 vis
1778 2809 1864 2835 corri-

1070 2865 1135 2895 pere
1152 2866 1158 2885 :
1172 2857 1234 2885 nihil
1249 2861 1290 2884 est
1305 2855 1352 2883 tibi
1372 2859 1397 2882 te
1416 2854 1474 2889 ipso
1489 2855 1582 2889 propin
1594 2855 1671 2890 μιίιιε.
1688 2853 1755 2887 Quid
1770 2853 1790 2880 is
1806 2852 1863 2879 lon-
