3996 6180
396 338 527 393 1639

391 468 454 521 ge
493 451 618 506 ?Te
640 447 805 505 habes
853 458 975 503 ante
1030 455 1098 500 te.
1144 443 1278 512 Quid
1319 442 1457 496 enim
1507 442 1758 496 Dominus
1784 443 1855 496 ait
1880 456 1975 511 per

391 545 719 613 Scripturam
749 542 772 593 ?
807 540 997 609 Diliges
1041 538 1323 605 proximum
1351 544 1491 587 tuum
1532 543 1768 601 tanquam
1807 542 1854 586 te
1893 533 1975 602 ip-

393 652 502 688 sum
526 633 749 699 (Matth.
781 648 910 695 xxn,
938 628 1063 697 59).
1089 627 1143 682 Si
1174 640 1300 695 ergo
1326 635 1376 679 te
1402 626 1575 693 ipsum
1618 638 1721 677 non
1766 622 1962 690 diligis,

395 726 691 794 proximum
732 719 997 791 quomodo
1031 716 1203 785 diligis
1233 717 1255 767 ?
1293 715 1547 783 Regulam
1582 712 1882 765 dilectionis
1919 712 1970 764 in

395 815 693 884 proximum
728 826 793 865 ex
829 818 879 861 te
917 807 1187 874 accepisti.
1214 805 1379 873 Diligo
1413 818 1557 865 eum,
1589 802 1815 870 inquies.
1847 801 1972 854 ldeo

392 908 532 968 dico,
558 908 702 973 prius
734 913 785 956 te
819 902 997 970 dilige,
1030 908 1082 953 et
1105 899 1193 953 dic
1218 898 1332 951 libi.
1353 897 1408 951 Si
1448 904 1620 949 autem
1647 909 1772 947 vere
1797 908 1859 947 ex
1887 891 1972 945 di-

395 996 620 1051 lectione
657 993 809 1056 dieis,
843 990 1175 1044 manifestum
1204 995 1285 1039 est
1310 985 1447 1055 quod
1479 986 1618 1038 intus
1643 984 1749 1051 egit
1775 980 1972 1051 aliquid

391 1088 610 1141 verbum
646 1085 785 1155 quod
824 1083 1080 1152 procedit.
1110 1080 1215 1134 Sed
1248 1078 1535 1132 timendum
1575 1084 1658 1129 est
1692 1090 1758 1128 ne
1788 1082 1840 1128 te
1866 1088 1970 1126 non

390 1178 607 1247 diligas.
649 1186 702 1231 et
731 1175 865 1229 velis
896 1174 1055 1226 alium
1091 1171 1380 1238 corripere,”
1413 1177 1465 1221 et
1509 1167 1668 1221 facias
1715 1165 1815 1219 hoc
1851 1180 1969 1218 cum

389 1268 535 1321 odio.
577 1267 633 1321 Si
671 1275 846 1318 autem
876 1263 1033 1317 odisti
1080 1262 1316 1323 fratrem,
1350 1259 1546 1312 leviora
1589 1256 1775 1324 obiicis
1814 1272 1969 1325 quam

390 1358 537 1411 facis.
565 1357 663 1420 Qui
692 1355 794 1408 odit
815 1356 1019 1423 fratrem
1046 1367 1213 1415 suum,
1247 1350 1493 1402 homicida
1527 1359 1599 1402 est
1626 1348 1859 1419 (lJoan.
1893 1365 1967 1412 ιιι,

390 1449 518 1515 15).
553 1446 806 1509 Audistis,
831 1443 987 1495 hodie
1032 1441 1167 1495 lecta
1206 1450 1288 1493 est
1334 1439 1565 1506 Epistola
1603 1439 1839 1493 Joannis.
1886 1440 1972 1493 Ait

389 1536 684 1603 Scriptura,
717 1548 783 1600 ne
822 1537 1221 1585 contemnerent
1268 1528 1510 1581 homines
1550 1542 1667 1596 qua:
1700 1528 1844 1581 intus
1872 1526 1969 1580 ha-

391 1627 517 1679 bent
556 1626 606 1677 in
650 1622 832 1686 corde,
860 1630 911 1675 et
955 1621 1042 1673 illa
1074 1626 1386 1673 accusarent
1424 1633 1542 1687 qua:
1586 1616 1716 1670 fiunt
1742 1633 1833 1685 per
1853 1632 1973 1671 cor-

394 1730 514 1782 pus,
531 1714 639 1782 jam
662 1712 746 1780 qui
763 1712 867 1763 odit
882 1714 1267 1781 fratremsuum,
1285 1708 1436 1773 dixit,
1457 1708 1708 1760 homicida
1722 1717 1812 1761 est.
1828 1707 1970 1762 Non-

387 1805 512 1857 dum
540 1815 731 1855 manus
759 1809 961 1854 armata
996 1806 1098 1863 est,
1131 1798 1365 1852 nondum
1394 1799 1595 1852 faucem
1630 1798 1709 1867 (a)
1739 1797 1963 1863 obsedit,

386 1894 624 1949 nondum
651 1891 867 1946 insidias
893 1890 1229 1959 praeparavit,
1272 1888 1505 1942 nondum
1536 1903 1740 1943 venena
1770 1888 1966 1957 quaesi-

384 1987 477 2049 vit,
522 1994 576 2040 et
609 2000 730 2038 reus
757 1984 808 2036 in
845 1981 1014 2036 oculis
1043 1981 1133 2034 Dei
1161 1989 1418 2048 concepto
1447 1979 1569 2033 odio
1590 1980 1700 2048 jam
1735 1986 1965 2034 tenetur.

384 2078 572 2132 Adhuc
602 2077 732 2130 vivit
776 2090 932 2144 quem
968 2074 1156 2144 quaerit
1191 2073 1452 2137 occidere,
1494 2080 1548 2127 et
1568 2072 1826 2126 occidisse
1848 2073 1958 2140 jam

382 2166 668 2235 iudicatur.
711 2165 765 2219 Si
797 2179 923 2232 ergo
949 2177 1068 2216 cum
1097 2162 1220 2216 odio
1262 2161 1503 2230 corripis,
1541 2161 1708 2215 audes
1735 2162 1963 2229 aliquem

385 2254 645 2309 homicida
698 2254 967 2321 corripere
995 2252 1119 2304 ?An
1145 2252 1264 2319 quia
1296 2266 1398 2304 non
1424 2259 1473 2304 te
1503 2258 1683 2305 tenent
1703 2250 1962 2317 homines,

383 2355 438 2401 et
476 2345 674 2399 ducunt
718 2353 769 2397 te
804 2342 870 2397 ad
907 2342 1163 2410 judicem,
1214 2342 1332 2395 ideo
1368 2342 1418 2394 in
1446 2342 1613 2394 oculis
1652 2341 1842 2393 sunnui
1873 2341 1963 2394 Dei

382 2449 439 2493 et
482 2438 673 2507 judicis
726 2452 831 2489 non
877 2436 1121 2504 agnoscis
1163 2433 1361 2487 crimen
1405 2438 1551 2486 tuum
1585 2433 1608 2484 ?
1642 2432 1697 2486 Si
1746 2448 1850 2484 non
1888 2432 1966 2485 vis

382 2544 669 2601 agnoscere
721 2528 920 2581 crimen
978 2534 1158 2587 tuum,
1216 2538 1471 2593 agnosces
1524 2538 1733 2591 poenam
1800 2531 1962 2576 tuam.

382 2622 499 2675 Non
536 2621 675 2675 enim
704 2620 792 2674 ille
827 2619 995 2688 parcit
1024 2616 1322 2670 homicidis.
1352 2615 1457 2670 Sed
1488 2616 1698 2686 corrigo
1744 2630 1850 2681 me,
1880 2616 1964 2669 in-

381 2713 520 2782 quis,
553 2727 671 2765 cum
703 2725 818 2763 sum
846 2709 898 2762 in
934 2709 1037 2761 via.
1067 2706 1282 2775 Corrige
1308 2721 1437 2775 ergo
1460 2714 1528 2771 te,
1558 2714 1615 2761 et
1657 2713 1783 2760 tunc
1822 2713 1967 2775 pote-

387 2803 461 2855 ris
492 2788 709 2855 fratrcin
739 2798 1029 2865 corripere.
1058 2797 1279 2850 Leviora
1315 2796 1521 2865 objicis,
1554 2796 1791 2866 graviora
1821 2811 1966 2851 com-

385 2892 571 2946 mittis.
604 2890 875 2943 chtucam
903 2888 1036 2940 vides
1066 2888 1119 2939 in
1144 2887 1285 2940 oculo
1317 2887 1490 2954 fratris
1528 2888 1619 2954 tui,
1657 2889 1844 2940 trabem
1868 2904 1963 2940 au-

383 2994 483 3037 tem
506 2984 558 3036 in
588 2984 732 3037 oculo
760 2993 843 3035 tuo
868 3000 969 3036 non
1001 2983 1135 3036 vides
1166 2982 1393 3052 (Matth.
1421 2998 1511 3047 vn,
1537 2980 1632 3052 5).
1673 2982 1785 3036 Hoc
1822 2982 1963 3037 enim

383 3073 516 3126 dixit
558 3072 811 3126 Dominus
832 3081 1065 3141 propter
1095 3071 1337 3125 homines
1362 3071 1451 3140 qui
1492 3086 1612 3125 cum
1641 3070 1764 3125 odio
1790 3071 1963 3123 corri-

383 3165 553 3232 piunt.
597 3164 913 3218 lrascentem
947 3164 1191 3232 corripis,
1231 3172 1285 3217 et
1324 3171 1378 3215 tu
1422 3162 1545 3216 odio
1586 3161 1963 3215 contabescis?

382 3256 637 3326 Appende
681 3257 731 3308 in
759 3265 955 3310 statera
992 3254 1435 3310 considerationis
1480 3256 1613 3308 iram
1659 3263 1713 3310 et
1757 3254 1959 3309 odium.

382 3349 519 3417 Quid
560 3357 639 3402 est
664 3349 739 3402 ira
766 3348 788 3401 ?
814 3347 1013 3402 Fervor
1036 3348 1248 3415 quidam
1270 3347 1455 3401 animi.
1488 3347 1570 3401 Ad
1593 3362 1827 3416 prazsens
1854 3347 1965 3402 dis-

383 3440 543 3510 plicet
565 3439 676 3493 tibi.
708 3438 822 3492 Jam
845 3439 894 3491 in
927 3448 978 3492 te
1007 3439 1083 3491 ira
1108 3438 1206 3491 ista
1233 3438 1521 3491 inveterata
1550 3446 1652 3499 est,
1694 3439 1812 3492 ideo
1841 3437 1964 3492 fecit

383 3531 583 3584 odium.
612 3530 691 3583 Ira
725 3528 918 3583 festuca
962 3538 1063 3593 est,
1094 3530 1269 3582 trahes
1300 3528 1471 3582 futura
1504 3529 1812 3584 crescendo.
1843 3529 1961 3583 Sic-

386 3632 444 3675 ut
496 3621 639 3675 enim
672 3620 872 3673 festuca
905 3619 1098 3673 crescit
1128 3620 1178 3671 in
1210 3619 1431 3683 trabem,
1462 3620 1539 3672 sic
1568 3620 1642 3672 ira
1674 3620 1962 3674 inveterata

387 3712 444 3766 ftt
472 3711 672 3765 odium.
700 3710 815 3764 1am
847 3718 901 3762 tu
922 3708 1100 3773 odisti,
1131 3718 1183 3762 et
1217 3709 1439 3776 corripis
1467 3709 1779 3763 irascentem
1810 3727 1823 3761 :
1852 3710 1961 3777 jam

386 3804 439 3857 in
484 3803 574 3855 illo
602 3804 796 3855 festuca
835 3800 1098 3867 displicet,
1140 3799 1192 3853 in
1237 3807 1286 3852 te
1333 3798 1505 3852 adhuc
1550 3799 1726 3854 trabes
1771 3800 1959 3868 placet.

388 3893 562 3947 Vultis
586 3893 723 3946 scire
749 3901 1002 3960 quantum
1029 3889 1236 3944 intersit
1265 3890 1288 3941 ?
1312 3889 1463 3958 Smpe
1490 3890 1783 3944 invenimus
1808 3889 1962 3943 irasci

388 3994 564 4054 patres
604 3984 725 4039 filiis
767 4001 779 4037 :
812 3994 1009 4051 patrem
1045 3983 1222 4037 odisse
1262 3982 1425 4036 filium
1455 3983 1667 4037 difficile
1706 3982 1961 4037 invenies.

386 4075 521 4130 Filio
563 4090 719 4143 quem
763 4073 949 4143 diligit,
996 4075 1146 4128 irasci
1180 4082 1353 4142 potest
1396 4084 1545 4142 pater
1588 4090 1600 4125 :
1636 4073 1886 4127 Irascitur
1910 4080 1963 4125 et

386 4175 549 4232 amat,
583 4174 755 4234 potest
780 4164 881 4218 diei
913 4182 926 4229 ;
954 4165 1330 4227 Oditetamat,
1360 4180 1462 4219 non
1500 4172 1674 4233 potest
1702 4163 1825 4217 dici.
1852 4162 1965 4217 Hoc

386 4256 493 4310 dixi
521 4265 734 4325 propter
775 4256 1016 4310 homines
1043 4256 1130 4325 qui
1159 4257 1364 4309 minora
1396 4255 1447 4309 in
1475 4255 1591 4308 aliis
1632 4256 1876 4324 puniunt,
1910 4255 1964 4309 in

388 4363 447 4402 se
473 4348 670 4416 majora
697 4363 802 4400 non
836 4347 1078 4416 puniunt.

458 4439 510 4493 '5.
536 4437 821 4492 Conclusio.
845 4439 970 4492 Hatc
995 4452 1150 4507 ergo,
1192 4435 1383 4490 fratres
1428 4434 1725 4491 charissimi
1756 4478 1771 4502 ,
1820 4436 1965 4491 salu-

392 4529 555 4583 briter
580 4530 892 4598 cogitantes,
921 4527 1174 4582 faciamus
1198 4526 1458 4580 amicitias
1496 4541 1617 4579 cum
1660 4526 1963 4580 adversario

391 4629 591 4683 nostro,
620 4620 743 4673 dum
775 4635 958 4673 sumus
983 4620 1035 4671 in
1064 4618 1145 4672 via
1174 4632 1294 4672 cum
1322 4617 1441 4682 illo;
1470 4616 1573 4671 hoc
1598 4626 1700 4681 est,
1733 4631 1963 4671 consen-

392 4710 585 4765 tiamus
606 4714 767 4764 verbo
791 4711 902 4774 Dei,
917 4710 1041 4764 dum
1063 4710 1235 4764 adhuc
1256 4724 1438 4764 sumus
1464 4710 1515 4762 in
1554 4708 1652 4761 hac
1674 4709 1776 4761 vita
1803 4726 1815 4761 :
1840 4706 1966 4776 quia

392 4811 573 4872 postea
600 4818 720 4856 cum
747 4802 813 4856 de
842 4802 942 4857 hoc
968 4804 1161 4859 smculo
1192 4803 1559 4857 transierimus
1582 4841 1597 4863 ,
1632 4801 1774 4854 nulla
1816 4814 1957 4851 como

395 4895 586 4963 positio
613 4893 695 4947 vel
717 4893 888 4959 aliqua
917 4893 1204 4947 satisfactio
1233 4893 1544 4947 remanebit.
1577 4890 1743 4945 Judcx
1774 4898 1960 4954 restat,

392 4995 445 5039 et
476 4985 734 5047 minister.
766 4993 819 5037 et
843 4997 1045 5036 carcer.
1091 4982 1161 5038 Ut
1189 4998 1314 5051 ergo
1363 4982 1479 5036 hate
1511 4984 1709 5045 omnia,
1741 4980 1966 5035 Domino

393 5075 702 5139 auxiliante,
733 5074 996 5144 possimus
1021 5072 1261 5141 implere,
1316 5071 1596 5142 diligamus
1653 5079 1765 5125 toto
1803 5068 1966 5125 corde

394 5182 497 5219 non
525 5166 694 5220 solum
725 5166 924 5219 amicos
947 5204 962 5229 ,
992 5164 1085 5218 sed
1116 5164 1272 5217 etiam
1319 5163 1561 5217 inimicos
1589 5180 1602 5214 :
1634 5172 1692 5216 ut
1714 5163 1765 5215 in
1812 5162 1966 5218 nobis

394 5256 676 5324 impleatur
705 5255 829 5310 illud
856 5255 993 5324 quod
1043 5255 1294 5323 scriptum
1324 5262 1424 5319 est,
1458 5253 1641 5306 Omnis
1679 5253 1760 5307 lea:
1783 5253 1834 5306 in
1864 5270 1965 5306 uno

393 5361 621 5405 sermone
645 5343 912 5411 impleatur
936 5344 988 5396 in
1016 5344 1172 5410 vobis,
1203 5343 1399 5413 Diliges
1438 5342 1725 5415 proximum
1780 5351 1919 5395 tuum
1949 5383 1964 5406 ,

394 5444 633 5504 tanquam
660 5443 706 5487 te
724 5433 891 5501 ipsum
918 5431 935 5500 (
961 5430 1131 5485 Galat.
1164 5447 1217 5498 v,
1269 5433 1335 5485 M
1360 5434 1378 5502 )
1404 5447 1419 5495 ;
1460 5441 1514 5485 et
1540 5430 1664 5485 illud
1686 5472 1701 5497 ,
1733 5430 1966 5485 Charitas

396 5525 553 5588 aperit
579 5523 948 5577 multitudinem
975 5532 1291 5592 peccatorum
1323 5522 1375 5592 (Ι
1404 5521 1545 5575 Petr.
1578 5537 1651 5589 tv,
1678 5521 1772 5593 8).
1797 5521 1965 5588 Quam

458 5696 527 5755 (a)
553 5698 599 5743 Id
625 5705 717 5757 est,
736 5700 891 5747 locum
910 5699 1090 5749 insidiis
1109 5708 1441 5761 opportunum.

1624 326 1682 380 S.
1726 322 2089 381 AUGUSTINI
2129 323 2434 383 EPISCOPI

3525 337 3663 394 1700

2082 456 2194 495 rem
2225 444 2337 511 ipse
2365 444 2451 510 qui
2485 453 2567 499 est
2594 457 2717 499 vera
2739 444 2997 511 charitas,
3022 444 3176 502 nobis
3203 451 3660 522 praesmredigne-

2085 538 2190 595 tur,
2221 533 2305 597 qui
2334 546 2452 585 cum
2484 534 2638 588 Patre
2659 541 2713 588 et
2736 533 2935 603 Spiritu
2983 545 3167 590 sancto
3205 538 3335 592 vivit
3379 552 3433 595 et
3476 548 3662 612 regnat

2080 619 2217 674 Deus
2249 620 2299 673 iu
2328 622 2544 686 saecula,
2567 631 2674 676 etc.

2446 733 2672 789 SERMO
2707 733 3148 790 CCCLXXXVIII
3181 737 3279 809 (a).

2422 822 2499 875 De
2525 826 2769 893 faciendis
2795 827 3138 896 eleemosynis,
3170 845 3183 882 ι
3213 830 3312 898 (b).

2148 932 2198 984 1.
2232 930 2304 984 De
2329 933 2450 984 solis
2489 933 2811 1002 elcemosynis
2852 938 3034 989 mentio
3064 939 3121 1004 ﬁt
3152 939 3203 990 in
3233 939 3413 993 ultimo
3431 942 3658 1011 judicio.

2078 1022 2256 1076 Lectio
2285 1024 2403 1088 ista,
2451 1024 2661 1089 fratres,
2694 1043 2851 1095 quam
2897 1029 3053 1081 modo
3093 1032 3388 1087 audivimus
3415 1036 3481 1090 de
3528 1052 3659 1090 san-

2076 1125 2160 1167 cto
2199 1116 2516 1184 Evangelio,
2562 1117 2627 1171 ad
2670 1118 3037 1189 eleemosynas
3078 1120 3345 1177 faciendas
3387 1140 3484 1179 nos
3533 1126 3657 1181 hor-

2078 1215 2261 1259 tatur:
2299 1217 2353 1261 et
2396 1208 2472 1262 sic
2512 1208 2774 1275 hortatur,
2822 1220 2877 1263 ut
2920 1212 2971 1263 in
3017 1212 3216 1280 judicio
3264 1230 3361 1267 suo
3400 1216 3657 1273 Dominus

2076 1298 2171 1351 has
2197 1299 2339 1353 solas
2384 1299 2543 1353 factas
2572 1301 2793 1369 imputet
2839 1301 3039 1356 dextris
3063 1344 3079 1368 ,
3132 1304 3228 1357 has
3258 1305 3399 1360 solas
3444 1324 3547 1362 non
3575 1309 3655 1362 fa-

2074 1399 2185 1444 ctas
2214 1391 2437 1459 imputet
2478 1392 2703 1446 sinistris
2735 1393 2950 1462 (Matth.
3004 1411 3132 1460 xxv,
3174 1397 3262 1461 51,
3303 1397 3395 1467 46)
3425 1397 3517 1468 (ε).
3539 1400 3653 1455 Non

2073 1497 2180 1552 quo
2225 1491 2414 1537 cartera
2465 1483 2599 1537 facta
2646 1483 2914 1537 hominum
2963 1486 3044 1539 vel
3090 1486 3227 1539 bona
3255 1488 3337 1541 vel
3381 1489 3517 1542 mala
3549 1507 3653 1546 non

2075 1575 2287 1627 veniant
2348 1574 2400 1627 iu
2461 1573 2760 1642 judicium;
2823 1575 3076 1643 scriptum
3127 1586 3207 1630 est
3258 1578 3434 1643 enim,
3476 1581 3654 1635 omnia

2075 1673 2293 1723 ventura
2344 1666 2410 1717 ad
2458 1665 2714 1733 judicium
2755 1662 2963 1735 (Eccle.
3019 1682 3110 1731 xu,
3169 1666 3322 1737 i4):
3369 1678 3419 1723 et
3477 1680 3651 1725 tamen

2074 1768 2179 1807 non
2206 1754 2365 1823 elegit
2392 1755 2643 1808 Dominus
2668 1764 2853 1808 noster
2887 1755 3041 1810 Jesus
3087 1754 3350 1823 Christus,
3401 1774 3650 1828 prmnun-

2074 1843 2209 1896 tians
2260 1843 2415 1897 nobis
2459 1843 2714 1912 judicium
2771 1859 2923 1897 sumn
2976 1854 3289 1911 venturum;
3342 1861 3445 1901 neu
3493 1849 3651 1917 elegit

2076 1934 2216 1988 unde
2239 1950 2336 1988 nos
2358 1934 2690 2001 admoneret,
2718 1936 2816 1988 nisi
2871 1936 3013 1989 solas
3057 1937 3443 2007 eleemosynas.
3488 1939 3651 1994 Num-

2073 2027 2198 2097 quid
2227 2027 2428 2082 dextris
2471 2042 2576 2080 non
2606 2028 2705 2081 erit
2732 2026 3010 2080 dicendum
3042 2044 3053 2079 :
3078 2026 3210 2094 Quia
3236 2039 3379 2083 caste
3410 2031 3611 2085 vixistis
3633 2074 3648 2097 ,

2072 2119 2194 2188 quia
2232 2133 2319 2173 res
2362 2119 2560 2171 alienas
2612 2133 2715 2171 non
2768 2118 3013 2187 rapuistis
3041 2159 3057 2185 ,
3099 2121 3219 2188 quia
3272 2121 3427 2176 fidem
3476 2139 3649 2178 mean:

2074 2226 2239 2279 usque
2287 2210 2351 2264 ad
2401 2212 2711 2279 sanguinem
2777 2210 3006 2265 confessi
3074 2212 3227 2266 estis?
3274 2212 3463 2268 Omnia
3506 2217 3647 2269 enim

2073 2298 2205 2353 facta
2239 2301 2337 2352 ista
2368 2300 2508 2353 bona
2544 2314 2761 2353 necesse
2782 2308 2866 2354 est
2895 2299 3146 2355 honorari
3178 2302 3229 2355 in
3271 2302 3473 2371 judicio
3523 2305 3647 2359 Jesu

2074 2389 2291 2443 Christi.
2322 2389 2525 2443 Rursus
2554 2390 2747 2458 putatis
2768 2406 2871 2443 non
2901 2405 3020 2445 esse
3055 2391 3339 2447 dicendum
3373 2396 3600 2450 sinistris
3632 2414 3644 2448 :

2071 2478 2202 2546 Quia
2228 2479 2398 2534 fuistis
2441 2480 2691 2550 impudici
2712 2523 2726 2545 ,
2758 2481 2880 2550 quia
2930 2482 3171 2537 fornicati
3201 2485 3328 2539 estis
3354 2527 3368 2549 ,
3410 2487 3533 2555 quia
3562 2502 3649 2542 res

2071 2572 2272 2626 alienas
2299 2572 2547 2641 rapuistis
2566 2615 2582 2637 ,
2615 2575 2733 2643 quia
2761 2574 3006 2642 superbia
3040 2584 3212 2629 vestra
3261 2586 3316 2630 et
3345 2579 3496 2631 malis
3527 2595 3646 2633 mo-

2069 2663 2215 2717 ribus
2245 2678 2437 2717 nomen
2483 2680 2655 2717 meum
2702 2664 3052 2733 blasphemari
3088 2664 3317 2733 fecistis,
3362 2676 3417 2722 et
3453 2678 3645 2724 emtera

2070 2769 2295 2823 quisque
2351 2755 2652 2808 enumerat?
2697 2755 2856 2809 Tacet
2912 2766 3087 2809 tamen
3142 2758 3396 2813 Dominus
3443 2770 3643 2828 noster,

2070 2845 2434 2915 pramuntians
2489 2846 2637 2900 nobis
2681 2846 2937 2915 judicium
2998 2863 3188 2915 suum,
3238 2851 3415 2903 omnia
3455 2862 3646 2906 caetera

2069 2946 2212 2990 recta
2231 2935 2363 2990 facta
2389 2936 2676 3005 justorum,
2693 2946 2745 2990 et
2769 2938 2908 2990 solas
2925 2938 3290 3009 eleemosynas
3308 2955 3483 2994 comm
3494 2957 3643 2995 emo-

2070 3027 2448 3097 rare'dignatus
2470 3037 2569 3082 est.
2610 3027 2795 3081 Tacuit
2847 3030 3024 3082 omnia
3072 3030 3206 3083 mala
3260 3030 3397 3084 facta
3438 3033 3644 3102 iniquo-

2075 3132 2212 3183 rum,
2236 3127 2289 3172 et
2314 3118 2481 3171 solam
2512 3118 2841 3172 sterilitatem
2885 3121 3240 3190 elecmosynze
3270 3121 3643 3191 increpandam

2069 3224 2188 3264 esse
2209 3208 2486 3278 judicavit,
2510 3209 2719 3263 nonnisi
2760 3209 2824 3261 ad
2852 3225 2949 3262 nos
2985 3211 3417 3264 commonendos.
3474 3212 3647 3279 Quare

2073 3302 2209 3355 hoc?
2238 3301 2371 3369 Quia
2401 3304 2577 3357 omnia
2626 3302 2846 3356 crimina
2890 3302 3247 3370 eleemosynis
3294 3303 3643 3357 redimuntur.

2070 3390 2192 3446 Ideo
2210 3391 2352 3444 illam
2377 3390 2611 3444 laudavit
2657 3390 3069 3455 fecunditatem,
3118 3391 3272 3444 istam
3320 3392 3548 3459 culpavit
3591 3401 3647 3447 et

2069 3482 2342 3536 damnavit
2369 3482 2692 3535 ariditatem.

2140 3571 2194 3624 2.
2229 3571 2579 3641 Eleemosyna:
2630 3587 2722 3640 pro
2770 3571 3080 3640 gravioribus
3126 3573 3339 3639 peccatis
3381 3588 3479 3624 non
3530 3589 3647 3643 pro-

2068 3670 2204 3724 sunt,
2235 3661 2332 3714 nisi
2358 3677 2519 3713 niores
2546 3669 2817 3713 mutentur.
2845 3659 3006 3714 Nemo
3048 3661 3127 3713 hic
3155 3663 3262 3714 sine
3291 3673 3510 3732 peccato.
3540 3663 3645 3717 Sed

2067 3750 2207 3820 quod
2228 3750 2453 3803 audistis
2472 3790 2486 3811 ,
2515 3749 2691 3801 omnia
2724 3749 3018 3803 malefacta
3046 3751 3400 3821 eleemosynis
3436 3754 3643 3817 redimi,

2069 3841 2233 3896 nolite
2257 3840 2335 3894 sic
2357 3840 2670 3908 intelligere,
2702 3847 2756 3891 ut
2780 3839 3078 3907 intelligunt
3119 3843 3331 3909 quidam
3390 3846 3642 3911 perversi.

2072 3933 2436 4001 Eleemosynae
2458 3931 2598 3985 enim
2627 3940 2847 3999 possunt
2887 3931 2979 3985 tibi
3020 3932 3272 4000 prodesse
3317 3936 3381 3989 ad
3424 3937 3644 3992 delenda

2069 4018 2281 4092 peccata
2323 4022 2613 4092 prmterita,
2645 4023 2687 4075 si
2732 4037 2909 4076 mores
2956 4024 3260 4077 mutaveris.
3291 4024 3344 4078 Si
3367 4035 3545 4080 autem
3593 4029 3642 4081 in

2070 4113 2270 4168 eisdem
2301 4113 2453 4166 malis
2483 4126 2813 4181 perseveras,
2834 4112 3187 4182 elcemosyuis
3236 4113 3338 4165 tuis
3375 4130 3479 4167 non
3526 4130 3649 4169 cor-

2068 4204 2272 4272 rumpis
2294 4202 2547 4272 judicem.
2582 4203 2691 4271 Ego
2711 4202 2829 4255 dico
2860 4210 3077 4271 propter
3107 4203 3191 4255 illa
3218 4203 3419 4256 scelera
3463 4213 3518 4258 ct
3543 4205 3650 4258 cri-

2070 4295 2233 4360 mina,
2258 4309 2376 4363 quce
2401 4307 2585 4346 omnes
2609 4292 2767 4346 modo
2783 4292 2950 4346 vitare
2969 4292 3164 4347 debent
3187 4333 3200 4357 ,
3244 4293 3331 4362 qui
3379 4293 3643 4362 accipiunt

2069 4399 2264 4454 corpus
2289 4383 2487 4438 Christi
2516 4393 2569 4438 et
2594 4382 2924 4453 sanguinem.
2973 4383 3235 4436 Caeterum
3292 4399 3397 4437 nou
3446 4400 3530 4439 me
3567 4384 3644 4437 lac

2070 4482 2166 4539 tet,
2206 4476 2364 4528 vitam
2393 4475 2545 4527 istam
2591 4472 2866 4526 mortalem
2907 4481 2961 4525 et
3009 4473 3060 4525 in
3103 4488 3262 4527 carne
3317 4474 3641 4541 corruptibili

2070 4565 2434 4627 constitutam,
2461 4564 2575 4616 sine
2603 4563 2835 4632 peccatis
2881 4577 3001 4617 esse
3028 4579 3132 4618 non
3181 4578 3337 4632 posse
3364 4580 3377 4616 :
3408 4564 3502 4618 sed
3557 4564 3643 4617 illa

2071 4654 2373 4723 quotidiana
2400 4662 2455 4707 et
2482 4653 2617 4707 levia
2662 4654 2857 4707 habent
2904 4654 3066 4707 etiam
3092 4668 3185 4707 sua
3231 4655 3436 4708 lavacra
3467 4655 3643 4722 quoti~

2070 4744 2246 4800 diana.
2277 4744 2387 4798 Hoc
2408 4752 2491 4798 cst
2507 4743 2647 4812 quod
2676 4752 2857 4811 pectus
2883 4743 3152 4797 tundimus
3176 4786 3188 4805 ,
3235 4750 3291 4797 et
3317 4743 3541 4796 dicimus
3592 4743 3644 4797 itt

2072 4838 2311 4891 oratione
2340 4836 2563 4889 Domino
2598 4836 2704 4889 Deo
2734 4844 2935 4895 nostro,
2968 4834 3176 4888 Dimitte
3202 4835 3342 4887 nobis
3372 4835 3535 4888 debita
3556 4851 3644 4887 no-

2072 4940 2196 4995 stra,
2223 4929 2350 4983 sicut
2378 4937 2423 4980 et
2455 4943 2544 4980 nos
2570 4926 2868 4979 dimittimus
2895 4926 3199 4980 debitoribus
3224 4927 3406 4979 nostris
3427 4924 3640 4995 (Matth.

2136 5090 2154 5110 ⁶
2176 5086 2461 5137 Emendatus
2482 5085 2541 5134 ad
2578 5085 2701 5133 duos
2729 5082 2791 5133 cl.
2824 5083 2882 5132 ad
2904 5096 2979 5145 gr.
3004 5096 3046 5131 r.
3081 5095 3234 5131 rm.v.
3255 5084 3307 5129 et
3329 5080 3389 5129 ad
3432 5089 3533 5128 Am.
3570 5085 3644 5128 Er.

2074 5158 2175 5201 Par.
2195 5158 2301 5198 Lor.

2135 5212 2207 5272 (a)
2234 5208 2372 5266 Alias,
2399 5207 2461 5272 19_
2476 5209 2606 5272 inter
2630 5203 2943 5272 HomiliasESO.
2981 5271 3005 5272 η
3070 5262 3099 5272 __
3309 5262 3319 5271 ο
3439 5262 3449 5271 ,

2139 5214 2186 5272 (a
2234 5214 2372 5266 Alias,
2399 5214 2456 5256 19
2476 5214 2606 5256 inter
2630 5214 2943 5254 Honnt‘taso’u.

2139 5214 2207 5333 (b;
2242 5272 2421 5319 Dubius
2442 5269 2551 5333 fuit‘
2568 5267 2956 5333 Lovaniensihus,
2977 5262 3168 5333 vet-lino
3191 5262 3385 5333 spurius
3406 5262 3536 5309 visus
3548 5269 3645 5333 est.

2075 5318 2308 5394 viridingo
2340 5338 2503 5379 autem
2539 5325 2854 5394 interpolatus
2880 5318 2951 5374 ct’
2972 5325 3183 5394 vitiatus.
3220 5318 3380 5394 verba
3422 5318 3643 5394 manulla

2076 5383 2332 5455 improtiie
2375 5397 2621 5451 usurpata,
2663 5383 2816 5455 veluti
2852 5400 2977 5455 ctth
3004 5385 3175 5455 dicitur
3198 5398 3246 5432 ιι.
3283 5383 3338 5441 2,
3370 5402 3393 5428 α
3417 5384 3647 5455 extinguo

2082 5447 2279 5503 «omnia
2305 5447 2527 5512 peccata,
2555 5466 2576 5493 ι»
2609 5462 2694 5509 pro
2715 5448 2900 5512 redimo
2935 5454 2985 5494 et
3019 5447 3219 5503 aboleo;
3263 5456 3502 5512 moxque,
3530 5459 3555 5512 ξ
3580 5448 3650 5511 ta-

2082 5535 2104 5563 α
2128 5502 2240 5581 men
2265 5502 2551 5581 cistinguis,
2576 5502 2836 5581 {proditus
2859 5515 3052 5567 [siccata
3069 5538 3082 5563 ,
3107 5519 3197 5555 seu
3210 5502 3415 5577 peccare

2077 5585 2128 5627 et
2158 5566 2587 5623 universim'stilus
2630 5566 2805 5618 indicat
2843 5566 3119 5617 Sermonem
3142 5566 3238 5615 non
3269 5567 3396 5614 omni
3423 5578 3485 5627 ex
3510 5566 3649 5624 parte

2078 5626 2190 5687 esse
2215 5633 2621 5689 augustlnianum.
2640 5630 2910 5679 simillimus
2930 5642 3045 5678 vero
3066 5635 3141 5677 est
3160 5628 3304 5676 trium
3325 5626 3646 5689 superiorum.

2143 5699 2211 5758 (c)
2247 5691 2359 5745 Vide
2383 5707 2529 5743 serm.
2556 5693 2633 5751 60,
2657 5706 2705 5739 ιι.
2727 5691 2774 5740 9.
