3996 6180
308 354 433 408 ΠΜ

305 491 377 538 vi,
410 473 520 542 12).
552 470 668 526 Νοη
697 471 840 526 enim
870 471 984 525 sine
1008 485 1168 525 causa
1209 469 1309 524 hoc
1346 468 1596 529 dicimus,
1626 477 1717 520 aut
1769 474 1901 515 vero

305 569 420 632 ipse
446 543 682 617 caelestis
709 561 960 631 magister
979 561 1199 615 doceret
1223 561 1378 614 istam
1428 561 1722 614 orationem
1746 601 1761 625 ,
1794 558 1896 613 nisi

302 652 402 709 nos
429 663 739 724 peccatores
769 667 888 709 esse
910 653 1244 724 przevideret.
1278 652 1424 707 Vidit
1452 652 1594 707 enim
1642 667 1759 721 qum
1804 665 1898 706 ca-

303 759 433 800 vere
463 745 774 810 debeamus,
801 754 853 798 ct
881 745 1144 814 viditquzr
1173 759 1363 798 cavere
1391 742 1610 797 difﬁcile
1640 743 1726 797 sit.
1760 743 1894 797 0m-

303 838 392 892 nia
429 845 609 891 autem
653 851 847 891 cavere
893 835 1218 903 impossibile
1265 849 1384 889 esse
1431 834 1748 904 judicavit‘,
1807 833 1899 903 qui

305 929 464 985 istam
493 929 792 983 orationem
820 927 1178 998 quotidianam
1207 967 1222 990 ,
1278 942 1383 980 non
1435 925 1700 995 quoslibet
1737 923 1896 978 Chri-

303 1020 535 1085 stianos,
565 1019 661 1074 sed
690 1020 832 1087 ipsos
874 1019 1070 1073 arietes
1109 1020 1388 1088 Apostolus
1415 1018 1612 1071 docuit.
1647 1016 1746 1072 Ubi
1795 1033 1892 1071 au-

305 1121 415 1166 tem
443 1111 681 1180 Apostoli
707 1121 887 1177 pectus
915 1110 1158 1174 tundunt,
1184 1120 1236 1164 et
1261 1110 1462 1172 dicunt,
1495 1109 1706 1163 Dimitte
1753 1111 1895 1164 nobis

304 1203 476 1255 debita
500 1213 690 1262 nostra,
715 1200 815 1254 hoc
866 1210 967 1265 est,
1023 1210 1241 1270 peccata
1293 1212 1471 1256 nostra
1493 1241 1508 1266 ,
1537 1201 1694 1255 audet
1722 1201 1896 1270 aliqua

302 1292 516 1346 oricula
561 1291 840 1360 superbire
890 1291 958 1345 de
1006 1291 1249 1360 justitia?
1279 1290 1466 1346 Videte
1515 1291 1686 1360 qualis
1739 1291 1898 1344 fuerit

305 1381 544 1437 Joannes
564 1382 839 1449 apostolus
874 1399 886 1434 :
919 1397 1078 1449 supra
1112 1390 1296 1450 pectus
1342 1381 1548 1435 Domini
1595 1381 1897 1435 discumbe-

307 1474 420 1539 bat,
449 1473 515 1528 de
534 1475 642 1526 alto
672 1474 761 1526 illo
775 1472 918 1528 fonte
941 1473 1216 1541 sapientiae
1263 1484 1466 1528 secreta
1503 1474 1737 1529 bibebat.
1768 1473 1897 1530 Inde

304 1566 450 1619 enim
479 1565 612 1620 bibit
635 1563 776 1634 quod
821 1565 873 1617 in
909 1564 1194 1634 Evangelio
1233 1564 1515 1630 eructavit,
1548 1564 1615 1618 In
1646 1565 1896 1634 principio

305 1668 413 1712 erat
453 1657 686 1721 Verbum,
715 1667 764 1712 et
801 1656 1015 1711 Verbum
1039 1667 1146 1711 erat
1175 1656 1314 1727 apud
1343 1655 1534 1719 Deum,
1567 1667 1612 1711 et
1630 1657 1766 1712 Deus
1789 1667 1898 1711 erat

315 1751 537 1806 Verbum
583 1751 774 1821 (Joan.
805 1766 843 1814 ι,
875 1749 963 1821 l).
1022 1750 1088 1804 Et
1136 1750 1349 1805 assidue
1390 1759 1615 1805 testatur
1657 1751 1898 1819 Evange-

303 1843 455 1908 lium,
485 1841 628 1912 quod
660 1841 913 1894 Dominus
941 1841 1205 1910 praecipue
1248 1841 1422 1910 ipsum
1471 1841 1724 1911 diligebat
1767 1841 1889 1910 (Id.

303 1949 421 1996 xm,
445 1934 518 1988 εδ
547 1942 592 1985 et
615 1947 732 1997 ut,
760 1932 876 1999 20).
909 1932 973 1986 Et
1019 1941 1195 1985 tamen
1225 1933 1328 1997 ait,
1377 1931 1439 1987 Si
1473 1933 1748 1986 dixerimus
1776 1934 1895 1999 quia

304 2036 569 2096 peccatum
612 2041 715 2078 non
759 2024 995 2077 habemus
1015 2064 1028 2084 ,
1081 2041 1172 2077 nos
1200 2025 1336 2094 ipsos
1365 2024 1663 2092 decipimus,
1691 2035 1738 2078 et
1767 2026 1894 2078 reri-

301 2131 379 2175 tas
407 2120 460 2173 in
497 2119 640 2172 nobis
670 2134 772 2172 non
803 2129 875 2172 est
932 2117 980 2188 (1
1005 2116 1162 2171 Joan.
1200 2134 1235 2180 ι.
1259 2117 1338 2184 8).
1390 2117 1498 2172 Nec
1543 2127 1718 2172 tamen
1768 2119 1889 2193 quia

305 2213 401 2265 ista
425 2210 696 2276 dicuntur,
718 2209 880 2264 debet
905 2210 1181 2280 quisquam
1206 2224 1426 2264 securus
1449 2226 1572 2270 esse
1600 2211 1886 2281 homicida,

303 2303 347 2354 si
377 2311 598 2371 propter
625 2300 964 2370 quotidianas
991 2300 1366 2360 fornicationes
1402 2315 1455 2360 et
1475 2305 1748 2360 latrocinia
1793 2319 1886 2359 sua

301 2391 507 2445 venerit
534 2390 734 2455 dicere,
761 2389 972 2450 Dimitte
991 2390 1131 2449 nobis
1157 2395 1322 2450 debita
1353 2405 1542 2448 nostra.
1567 2395 1716 2461 Quod
1749 2397 1889 2450 enim

304 2481 444 2537 Deus
470 2482 662 2542 statuit
691 2487 926 2557 quotidie
950 2487 1054 2542 dici
1099 2497 1313 2557 propter
1360 2487 1494 2541 levia
1523 2496 1771 2556 peccata,
1802 2488 1891 2542 ille

305 2586 452 2645 putat
477 2577 547 2632 ad
575 2577 664 2631 illa
694 2579 873 2648 gravia
900 2579 998 2632 sibi
1023 2593 1179 2645 posse
1208 2577 1452 2646 opitulari
1475 2619 1489 2641 ,
1513 2593 1540 2630 a
1565 2578 1756 2646 quibus
1782 2594 1888 2633 non

303 2667 412 2721 vult
430 2665 734 2729 discedere,
763 2667 857 2721 sed
886 2669 937 2721 in
966 2667 1050 2722 liis
1086 2668 1232 2736 cupit
1259 2677 1519 2737 perpetuo
1548 2683 1884 2737 permanere.

304 2756 516 2811 Tundat
540 2766 595 2812 et
620 2757 689 2813 de
721 2757 800 2812 liis
829 2766 1033 2826 pectus,
1067 2757 1222 2813 faciat
1246 2766 1299 2812 et
1328 2773 1426 2826 pro
1470 2758 1552 2811 liis
1590 2758 1888 2829 elecmosy-

303 2862 416 2911 nas,
443 2846 541 2902 sed
571 2847 678 2900 vita
711 2857 908 2901 mutata
942 2870 955 2900 :
987 2847 1110 2901 inde
1148 2848 1382 2914 recedat,
1424 2858 1478 2902 et
1520 2848 1621 2902 huc
1647 2850 1886 2904 accedat.

302 2939 356 2995 Si
385 2951 566 2994 autem
593 2941 791 2995 dixerit
811 2942 863 2995 iu
886 2941 1067 2996 animo
1094 2956 1214 3008 suo,
1245 2942 1301 2998 Si
1338 2943 1642 3011 quotidiana
1701 2942 1887 2998 faciam

304 3031 604 3097 latrocinia,
624 3039 680 3086 et
703 3032 746 3086 si
773 3032 1095 3101 quotidianis
1125 3033 1552 3101 corruptiouibus
1577 3033 1889 3090 adulterinis

302 3139 385 3178 me
412 3125 795 3187 contaminem,
825 3137 878 3177 et
907 3125 950 3176 si
978 3125 1258 3194 sortilegos
1289 3140 1525 3194 qumram
1551 3167 1565 3189 ,
1611 3126 1768 3180 idolis
1800 3141 1889 3180 sa-

302 3213 566 3274 crificem,
597 3212 1008 3268 mathematicos
1036 3215 1329 3280 consulam,
1370 3224 1470 3269 cta
1497 3216 1584 3269 tali
1622 3217 1726 3270 vita
1769 3232 1888 3272 om-

303 3304 424 3357 nino
455 3319 564 3357 non
592 3304 838 3358 recedam
866 3347 880 3370 ,
911 3304 1110 3359 faciens
1153 3315 1327 3358 tamen
1367 3307 1697 3375 quotidianas
1739 3308 1886 3362 clee-

302 3410 553 3466 mosynas
577 3394 865 3463 exstinguo
882 3397 1056 3448 omnia
1088 3406 1302 3466 peccata
1331 3414 1344 3448 :
1378 3406 1552 3450 tamen
1571 3399 1885 3467 exstinguis,

302 3486 391 3539 sed
417 3501 543 3540 cum
572 3487 946 3554 exstingueris.
980 3487 1068 3540 Sic
1122 3487 1262 3540 enim
1314 3487 1405 3540 tibi
1443 3489 1542 3540 erit
1593 3488 1690 3540 ista
1735 3502 1887 3542 com-

302 3577 525 3632 mutatio
548 3586 636 3631 tua
671 3577 834 3639 mala,
869 3585 925 3631 ut
955 3593 1060 3630 non
1083 3577 1220 3631 desit
1259 3578 1348 3646 qui
1393 3577 1460 3631 de
1515 3589 1564 3633 te
1609 3579 1772 3640 dicat.
1820 3580 1886 3635 Et

301 3668 466 3720 adhuc
493 3668 756 3737 pusillum,
781 3678 826 3721 et
847 3684 943 3720 non
970 3669 1062 3720 erit
1091 3681 1320 3736 peccator
1336 3684 1354 3730 ;
1405 3678 1450 3721 et
1479 3685 1671 3737 qutrres
1721 3673 1887 3725 locum

301 3760 424 3827 ejus,
455 3769 503 3811 et
534 3775 636 3810 non
657 3759 893 3812 invenies.
939 3758 1052 3811 Vidi
1081 3761 1292 3830 impium
1323 3777 1474 3826 super
1500 3763 1674 3814 cedros
1707 3762 1886 3817 Libani

301 3849 620 3902 czaltari:et
665 3849 894 3914 transivi,
923 3859 969 3902 et
999 3867 1108 3902 ecce
1141 3867 1238 3902 non
1270 3860 1416 3913 erat;
1457 3861 1502 3904 et
1549 3853 1753 3921 qua'sivi
1773 3895 1786 3912 ,
1839 3863 1886 3908 et

301 3958 400 3992 non
429 3951 503 3994 est
531 3942 760 3994 inventus
789 3940 926 3994 locus
953 3942 1062 4009 ejus
1089 3940 1108 4010 (
1131 3940 1270 3994 l’sul.
1294 3957 1478 4004 xxxvi,
1508 3943 1574 3996 10
1593 3984 1605 4006 ,
1637 3945 1726 4007 55,
1753 3945 1820 3998 56
1839 3943 1882 4014 ).

301 4031 534 4086 Pereunt
572 4047 700 4103 ergo
750 4043 963 4102 peccata
1004 4043 1112 4098 tua,
1143 4033 1234 4087 sed
1278 4043 1471 4088 tecum.
1522 4034 1636 4089 Non
1661 4037 1802 4090 enim
1833 4037 1885 4093 in

302 4122 544 4190 gebeuna
569 4138 792 4192 peccare
823 4124 1163 4192 permitteris,
1191 4132 1282 4176 aut
1304 4139 1424 4178 cum
1455 4135 1505 4179 te
1535 4128 1756 4195 cmperit
1779 4136 1890 4183 tor-

303 4212 891 4283 quereignisceternus,
922 4213 988 4268 de
1033 4214 1286 4268 satiandis
1336 4215 1642 4271 libidinibus
1684 4219 1885 4290 cogita-

304 4305 402 4358 bis.
437 4305 668 4359 Pereunt
687 4321 815 4375 ergo
839 4313 1073 4374 peccata,
1108 4305 1201 4360 sed
1255 4315 1450 4360 tecum.
1492 4307 1546 4363 Si
1598 4319 1778 4364 autem
1809 4312 1888 4364 vi-

305 4404 410 4448 tam
437 4396 753 4462 mutaveris,
783 4396 870 4448 illa
901 4404 1144 4464 pereunt,
1180 4405 1232 4449 tu
1261 4396 1567 4465 invenieris,
1599 4409 1654 4454 et
1682 4399 1889 4454 dicetur

299 4487 368 4540 de
400 4497 450 4540 te
486 4505 501 4539 :
534 4485 771 4540 Mortuus
791 4497 930 4554 erat,
963 4498 1009 4541 et
1055 4489 1266 4552 revixit;
1314 4491 1553 4560 perierat,
1588 4502 1634 4546 et
1661 4493 1889 4547 inventus

301 4587 374 4630 est
402 4576 564 4646 [Lua
600 4593 694 4644 xv,
719 4577 836 4646 Si).

688 4689 920 4744 seut-to
957 4687 1352 4746 CCCLXXXI};
1383 4695 1395 4713 ο
1421 4690 1518 4764 (a).

637 4803 712 4856 De
735 4806 980 4874 faciendis
1009 4808 1357 4878 eleemosynis,
1387 4824 1438 4862 ιιι
1469 4805 1567 4878 (b).

375 4917 426 4970 1.
480 4915 637 4970 I’anis
702 4917 910 4972 ctelestis
956 4931 1001 4972 et
1064 4922 1211 4990 panis
1285 4933 1528 4974 terrenus.
1610 4919 1888 4974 Consilium

301 5007 459 5058 dandi
542 5023 726 5074 panem
802 5019 1052 5062 terrenum
1087 5051 1102 5073 ,
1169 5021 1223 5063 ut
1301 5011 1510 5064 cazlestis
1576 5011 1888 5080 impetretur.

303 5098 573 5149 Admouet
637 5112 736 5151 nos
808 5098 1061 5152 Dominus
1127 5098 1193 5152 de
1251 5100 1478 5154 lectione
1543 5101 1887 5170 evangelica,

302 5197 359 5238 ut
419 5187 703 5255 loquamur
755 5187 905 5241 vobis
951 5187 1016 5241 de
1061 5189 1398 5258 impetrando
1459 5205 1597 5260 pane
1663 5191 1887 5246 caelesti.

302 5277 404 5331 [ste
447 5279 594 5332 enim
646 5280 797 5348 panis
845 5287 1089 5335 terrenus
1139 5292 1294 5336 terra:
1340 5283 1673 5338 necessarius
1705 5323 1721 5349 ,
1765 5284 1888 5354 quia

367 5413 381 5443 ²
411 5419 573 5471 Forte,
597 5413 846 5466 indicarit.

365 5479 381 5492 '
410 5477 702 5525 Emendatus
717 5479 774 5526 ad
799 5491 862 5526 m.
889 5491 930 5526 r.
955 5493 1003 5526 v.
1027 5485 1079 5528 et
1101 5477 1158 5526 ad
1181 5479 1318 5527 Sirm.

363 5535 438 5656 Ec)
477 5537 618 5596 Alias,
640 5540 768 5588 inter
790 5539 1140 5589 siruioudianos
1163 5540 1239 5590 40.

387 5597 437 5656 b)
472 5605 639 5647 Sermo
663 5602 824 5656 irolxe
849 5608 976 5650 uota:
1001 5609 1051 5650 ct
1094 5611 1239 5656 Angit:

387 5597 437 5659 b)
472 5605 644 5666 seruio
663 5614 674 5660 ι
692 5602 824 5651 robae
849 5608 976 5650 nota:
1001 5609 1051 5650 ct
1094 5602 1356 5666 Augustino
1377 5601 1558 5666 dignus
1581 5615 1594 5651 :
1620 5602 1708 5666 sed
1731 5610 1892 5664 [roste-

298 5659 399 5704 rior
419 5670 531 5724 pars
553 5659 730 5724 eadem
752 5669 825 5710 est
848 5674 957 5710 cum
972 5659 1241 5724 posteriore
1267 5671 1403 5724 parte
1426 5659 1664 5714 sermonis
1681 5659 1774 5724 60;
1798 5666 1889 5716 nisi

295 5723 434 5788 quad
452 5720 515 5766 ibi
541 5722 714 5788 omissa
740 5731 815 5772 est
840 5729 940 5771 tota
963 5720 1169 5773 narratio
1204 5720 1486 5774 de'bomiue
1523 5727 1606 5788 qui
1644 5728 1708 5777 de
1731 5720 1888 5788 pretio

295 5791 342 5825 δι
357 5781 434 5828 lidi
459 5783 758 5844 pauperibus
779 5791 1019 5848 erogat-at.

1629 339 1860 398 SERth
1897 339 2314 400 CCCLXXXIX.

3457 369 3595 428 i702

2009 478 2134 518 caro
2165 475 2344 520 nostra
2369 475 2506 522 terra
2524 478 2624 524 est.
2653 471 2790 528 Fieri
2817 487 2995 532 autem
3021 495 3126 534 non
3166 493 3338 552 potest
3379 497 3438 542 ut
3489 505 3585 558 pa-

2009 571 2130 610 nem
2159 571 2312 612 suum
2343 575 2468 614 caro
2498 573 2678 618 nostra
2710 565 2947 633 haberet,
2972 581 3026 626 et
3056 588 3244 642 panem
3291 592 3442 632 suum
3475 583 3592 635 ani-

2010 662 2093 699 ma
2121 664 2223 702 non
2255 649 2495 706 haberet.
2530 653 2738 710 Etenim
2770 669 2824 715 et
2848 662 3022 716 anima
3055 675 3236 720 nostra
3275 668 3325 722 in
3364 671 3593 740 quadam

2008 751 2242 810 egestate
2271 743 2320 796 in
2349 743 2450 798 hoc
2478 749 2672 801 sreculo
2695 761 2814 818 eget
2840 769 2975 823 pane
3008 773 3125 824 suo,
3161 760 3295 814 sicut
3315 777 3441 816 caro
3471 779 3592 818 suo.

2007 832 2136 886 Nam
2168 835 2252 903 qui
2273 852 2375 890 non
2403 847 2520 907 eget
2546 855 2703 907 pane,
2734 843 2873 898 Deus
2919 855 3018 900 est.
3072 849 3214 920 Ergo
3246 852 3393 908 solus
3440 858 3594 923 panis

2009 941 2110 978 non
2139 937 2257 996 eget
2286 943 2446 996 pane.
2471 929 2586 997 lpse
2618 940 2700 986 est
2727 934 2866 988 enim
2919 940 3068 1005 panis
3117 943 3306 996 auimre
3360 956 3587 1011 nostra},

2006 1018 2094 1084 qui
2120 1032 2254 1098 pane
2281 1019 2450 1072 altero
2477 1035 2579 1073 non
2609 1033 2747 1090 eget,
2771 1024 2864 1077 sed
2911 1027 3010 1080 sibi
3042 1029 3313 1086 sufficiens
3348 1035 3511 1088 nutrit
3536 1045 3588 1092 et

2006 1121 2122 1158 nos.
2156 1107 2461 1164 Manifestus
2481 1120 2561 1164 est
2602 1111 2778 1182 itaque
2813 1116 2966 1184 panis
3005 1120 3257 1185 caelestis,
3286 1139 3392 1192 quo
3417 1127 3588 1193 pascio

2007 1206 2090 1250 tur
2117 1199 2291 1251 anima
2325 1210 2525 1254 nostra.
2553 1202 2656 1257 Sed
2687 1206 2952 1274 quomodo
2979 1208 3044 1262 ad
3075 1225 3195 1264 eum
3224 1216 3584 1283 perveniatur,

2006 1295 2062 1339 ut
2085 1302 2150 1341 co
2179 1290 2504 1359 sagiuemur,
2533 1293 2672 1349 unde
2695 1295 2852 1350 modo
2887 1299 2973 1352 vix
3025 1301 3193 1355 micas
3246 1304 3545 1375 colligimus
3567 1351 3583 1372 ,

2006 1393 2071 1431 nc
2099 1378 2148 1431 in
2185 1379 2280 1433 ista
2309 1379 2554 1437 famelica
2584 1400 2764 1439 eremo
2792 1401 3108 1456 pereamus;
3142 1395 3408 1461 quomodo
3457 1413 3582 1468 ergo

2003 1470 2345 1536 perveniatur
2373 1472 2436 1525 ad
2464 1474 2700 1544 saginam
2721 1477 2878 1544 liujus
2901 1481 3069 1548 panis,
3103 1481 3168 1536 de
3197 1500 3302 1553 quo
3331 1486 3586 1542 Dominus

2002 1559 2095 1624 ait,
2129 1557 2325 1614 Panem
2348 1563 2481 1616 hunc
2503 1565 2590 1634 qui
2619 1567 3016 1632 manducauerit,
3047 1588 3145 1624 non
3169 1575 3392 1638 esuriet;
3420 1587 3464 1629 et
3481 1595 3582 1648 po-

2002 1661 2110 1704 tum
2137 1669 2282 1722 quem
2307 1670 2398 1724 ego
2425 1656 2608 1710 dedero
2635 1659 2721 1727 qui
2745 1658 2942 1721 biberit,
2959 1677 3059 1714 non
3097 1663 3226 1715 sitiet
3263 1665 3315 1717 in
3341 1675 3586 1720 wternum

2002 1740 2192 1811 (Joan.
2219 1760 2292 1809 vi,
2325 1746 2438 1814 51),
2462 1747 2697 1816 saginam
2726 1749 3008 1817 quamdam
3034 1753 3347 1820 promittens
3402 1765 3456 1812 et
3497 1771 3584 1814 sa-

2001 1834 2235 1888 tietatem
2287 1836 2403 1891 sine
2434 1837 2647 1892 fastidio
2682 1857 2694 1892 :
2728 1841 2996 1909 quomodo
3039 1858 3170 1916 ergo
3207 1851 3582 1916 perveniamus

1971 1926 2065 1994 .ad
2121 1917 2257 1984 hanc
2306 1929 2607 1988 satietatem
2641 1932 2825 2006 panis,
2864 1937 3021 2008 longe
3051 1938 3118 1992 ab
3165 1955 3226 1994 ea
3257 1942 3500 1997 satietate
3529 1943 3583 1999 in

1999 2018 2096 2074 bac
2125 2019 2264 2079 fame
2284 2023 2460 2096 positi,
2490 2028 2718 2083 consilio
2749 2044 2882 2099 opus
2915 2039 3017 2086 est.
3051 2031 3203 2098 Quod
3237 2036 3514 2089 consilium
3538 2036 3582 2092 si

1998 2114 2410 2186 neglexerimus,
2441 2117 2506 2172 ad
2526 2133 2716 2188 panem
2748 2121 2893 2175 illum
2924 2123 3040 2176 sine
3087 2137 3245 2178 causa
3284 2125 3582 2194 pulsamus.

1998 2205 2110 2262 lmo
2136 2225 2262 2263 vero
2286 2211 2563 2264 consilium
2593 2211 2694 2266 hoc
2721 2212 2860 2282 quod
2883 2214 3100 2268 daturus
3133 2216 3372 2279 sum,vel
3404 2217 3580 2286 potius

1996 2297 2136 2366 quod
2184 2309 2697 2355 commemoraturus
2723 2321 2735 2355 :
2765 2317 2869 2354 non
2891 2303 3032 2356 enim
3061 2318 3091 2356 a
3121 2320 3206 2358 me
3229 2305 3402 2358 dicam
3439 2305 3582 2374 quod

1995 2390 2266 2444 vobiscum
2281 2391 2438 2446 didici
2457 2409 2469 2444 :
2486 2393 2764 2447 consilium
2777 2408 2904 2463 ergo
2919 2393 3019 2447 hoc
3033 2394 3173 2463 quod
3190 2395 3424 2450 dicturus
3437 2411 3579 2463 sum,

1995 2497 2100 2536 non
2129 2481 2248 2536 dico
2274 2483 2514 2552 quisquis
2535 2485 2959 2553 contempserit,
2999 2485 3114 2538 sine
3157 2500 3317 2539 causa
3367 2487 3576 2555 pulsat;

1995 2572 2089 2626 sed
2141 2573 2382 2642 quisquis
2409 2574 2813 2642 contempserit,
2845 2574 3062 2628 omnino
3093 2589 3196 2628 non
3227 2575 3418 2645 pulsat.
3470 2577 3582 2631 tloe

1995 2663 2137 2717 enim
2189 2662 2470 2716 consilium
2493 2664 2641 2731 sequi
2689 2673 2744 2717 et
2807 2679 3004 2734 agere,
3059 2664 3160 2720 hoc
3207 2675 3290 2720 est
3345 2667 3577 2735 pulsare.

1994 2753 2131 2820 Quid
2153 2755 2295 2809 enim
2324 2755 2541 2822 putatis,
2573 2754 2762 2808 fratres
2791 2755 2915 2818 mei,
2949 2756 3070 2824 quia
3112 2772 3236 2810 vere
3264 2760 3414 2826 quasi
3458 2773 3582 2813 eor-

1995 2843 2248 2914 poraliter
2274 2844 2433 2899 liabet
2467 2845 2603 2899 Deus
2626 2845 2908 2914 quamdam
2935 2846 3153 2914 januam
3177 2847 3385 2909 duram,
3420 2865 3579 2918 quam

1994 2935 2206 2990 claudat
2225 2945 2410 2990 contra
2441 2935 2685 2990 homines
2705 2979 2717 3000 ,
2751 2945 2807 2992 et
2834 2938 2952 2991 ideo
2973 2929 3125 2991 nobis
3150 2939 3318 3004 dixit,
3345 2939 3576 3007 Pulsate,

1995 3037 2051 3082 ut
2087 3030 2361 3083 veniamus
2400 3038 2454 3083 et
2481 3028 2766 3082 tundamus
2801 3029 3018 3094 ostium,
3051 3046 3327 3100 quousque
3359 3033 3574 3101 pulsan-

1993 3121 2062 3175 do
2092 3123 2365 3189 perveniat
2389 3122 2454 3175 ad
2477 3136 2635 3175 aures
2671 3120 3066 3190 patrisfamilias
3111 3124 3164 3177 in
3211 3133 3416 3176 secreto
3446 3140 3578 3193 quo-

1994 3213 2114 3266 dam
2145 3214 2263 3267 loco
2288 3214 2583 3275 constituti,
2614 3213 2868 3281 etjubcat
2897 3213 3049 3266 nobis
3070 3214 3286 3280 aperiri,
3318 3214 3573 3280 dicendo,

1993 3304 2121 3371 Quis
2142 3313 2223 3358 est
2248 3305 2334 3372 qui
2359 3303 2567 3372 pulsat?
2598 3305 2716 3373 quis
2737 3313 2818 3357 est
2843 3305 2931 3372 qui
2961 3304 3180 3357 auribus
3209 3305 3340 3358 meis
3361 3305 3573 3359 ltedium

1992 3394 2155 3450 facit?
2175 3397 2301 3449 Date
2332 3395 2403 3448 illi
2426 3394 2566 3464 quod
2592 3397 2742 3464 petit,
2764 3394 2978 3448 recedat
3019 3394 3176 3448 hinc?
3212 3395 3326 3450 Non
3374 3397 3444 3450 ita
3471 3407 3574 3452 est.

1995 3487 2372 3540 Verumtamen
2395 3493 2479 3540 est
2505 3485 2703 3554 aliquid
2734 3485 2931 3538 simile.
2961 3486 3113 3538 Certe
3140 3487 3353 3554 quando
3397 3489 3578 3556 pulsas

1993 3577 2057 3631 ad
2089 3577 2340 3646 aliquem,
2375 3576 2619 3630 manibus
2646 3577 2778 3646 agis.
2811 3577 2900 3630 Est
2947 3577 3088 3646 quod
3115 3592 3238 3647 agas
3287 3580 3529 3634 manibus
3559 3621 3575 3646 ,

1992 3669 2204 3739 quando
2239 3669 2420 3737 pulsas
2439 3667 2503 3721 ad
2553 3668 2856 3721 Dominum.
2895 3667 3120 3721 Prorsus
3167 3669 3412 3724 manibus
3436 3686 3576 3740 age,

1994 3760 2238 3814 manibus
2267 3759 2432 3826 pulsa.
2465 3759 2518 3812 Si
2539 3758 2638 3812 lioc
2668 3773 2772 3812 non
2818 3757 3010 3829 egeris,
3039 3774 3142 3811 non
3189 3757 3310 3814 dico
3330 3802 3345 3826 ,
3381 3760 3578 3817 frustra

1995 3850 2208 3918 pulsas;
2243 3849 2336 3902 sed
2379 3848 2519 3911 dico,
2553 3864 2653 3902 non
2703 3849 2902 3918 pulsas.
2944 3848 3066 3902 Ideo
3104 3864 3210 3902 non
3258 3853 3571 3916 merebcris,

1995 3944 2114 3998 ideo
2143 3960 2245 3998 non
2268 3944 2496 4011 accipies
2519 3983 2532 4006 ,
2584 3943 2706 4011 quia
2744 3958 2847 3995 non
2891 3943 3090 4011 pulsas.
3123 3944 3401 4009 Quomodo
3431 3987 3446 4009 ,
3495 3946 3577 3998 in-

1991 4035 2126 4104 quit,
2156 4035 2235 4088 vis
2261 4034 2539 4101 utpulscm
2561 4034 2583 4085 ?
2609 4047 2734 4086 ecce
2787 4033 3025 4100 quotidie
3068 4048 3218 4102 rogo.
3249 4034 3390 4088 Bene
3423 4035 3573 4089 facis.

1993 4127 2125 4182 Nam
2147 4124 2323 4182 ethoc
2351 4127 2550 4178 dictum
2567 4133 2674 4186 est,
2701 4121 2890 4186 Petite,
2918 4133 2965 4176 et
2994 4122 3194 4176 dabitur
3220 4125 3354 4180 vobis
3376 4143 3392 4189 ;
3430 4142 3573 4194 qua:-

1993 4221 2106 4285 rite,
2125 4229 2171 4273 et
2188 4219 2482 4283 invenietis;
2515 4217 2730 4286 pulsate,
2767 4227 2813 4270 et
2861 4217 3117 4287 aperietur
3163 4217 3296 4271 vobis
3345 4217 3572 4289 (Matth.

1994 4327 2086 4374 vu,
2121 4311 2196 4380 7).
2221 4309 2405 4364 Omnia
2437 4308 2576 4362 dicta
2601 4316 2742 4372 sunt,
2777 4307 2905 4362 Pete
2930 4349 2945 4374 ,
2991 4323 3192 4377 quaere,
3226 4308 3394 4376 pulsa.
3431 4308 3576 4363 Petis

1993 4403 2216 4468 orando,
2269 4402 2465 4472 quaeris
2514 4399 2853 4473 disputando,
2907 4401 3083 4468 pulsas
3121 4399 3409 4468 crogaudo.
3458 4400 3576 4455 Non

1995 4511 2124 4566 ergo
2144 4496 2383 4565 quiescat
2410 4510 2616 4548 manus.
2644 4492 2954 4561 Apostolus,
2980 4508 3099 4546 cum
3127 4492 3194 4545 de
3219 4493 3576 4564 eleemosynis

1995 4587 2206 4656 plebem
2227 4596 2467 4642 moneret
2497 4605 2508 4638 :
2538 4585 2850 4648 Consilium,
2875 4583 3042 4651 inquit
3061 4623 3076 4648 ,
3123 4584 3172 4636 in
3218 4583 3310 4636 hoc
3337 4583 3401 4636 do
3433 4599 3451 4636 :
3482 4585 3576 4637 hoc

1995 4682 2129 4735 enim
2172 4682 2308 4735 vobis
2357 4681 2598 4751 prodest,
2640 4679 2724 4747 qui
2752 4693 2851 4730 non
2877 4676 3039 4729 solum
3067 4691 3264 4746 sapere,
3293 4677 3381 4728 sed
3427 4677 3576 4730 etiam

1997 4773 2122 4826 uelle
2138 4773 2355 4842 cepistis
2383 4771 2444 4822 ab
2462 4786 2593 4822 anno
2615 4769 2782 4838 priore
2829 4766 2910 4835 (ll
2934 4765 3052 4820 Cor.
3084 4782 3203 4830 vui,
3240 4768 3346 4836 10).
3385 4768 3450 4822 Ει
3480 4768 3577 4821 Da-

1996 4865 2102 4919 nicl
2125 4865 2234 4934 regi
2264 4861 2756 4918 Nabuchodonosor
2783 4861 2858 4914 sic
2889 4860 3024 4914 dixit
3057 4879 3070 4914 :
3100 4861 3379 4917 Consilium
3406 4875 3571 4911 meum

1997 4957 2168 5025 accipe
2201 4997 2214 5019 ,
2263 4971 2354 5008 rex
2380 4996 2396 5020 ,
2451 4963 2496 5006 ct
2548 4963 2752 5023 peccata
2832 4963 2921 5007 tua
2994 4954 3318 5024 elcemosynis
3385 4952 3575 5004 redime

1998 5045 2176 5120 (Dan.
2209 5062 2280 5106 iv,
2310 5044 2379 5099 9.4
2400 5047 2436 5115 ).

2065 5137 2120 5191 2.
2155 5135 2206 5189 Ν
2212 5153 2238 5190 e
2265 5153 2319 5190 se
2341 5135 2545 5190 extollat
2572 5136 2659 5206 qui
2681 5136 2769 5188 dat
2797 5135 3026 5204 pauperi.
3057 5133 3261 5202 Pauper
3285 5133 3576 5203 accipiendo

1997 5228 2110 5298 plus
2135 5227 2274 5281 diviti
2295 5235 2520 5295 prwstat,
2539 5242 2688 5290 quam
2717 5226 2801 5278 ille
2820 5225 2916 5294 ipsi
2935 5224 3208 5293 eroganda.
3227 5224 3282 5278 Si
3309 5239 3576 5293 ergocou-

1995 5320 2172 5375 silium
2202 5319 2451 5388 estquod
2499 5318 2788 5386 accipimus
2811 5357 2826 5381 ,
2873 5316 3087 5385 quando
3129 5317 3282 5371 nobis
3318 5317 3572 5386 iubetur,

1995 5411 2080 5466 vel
2104 5410 2316 5480 quando
2355 5425 2634 5464 monemur
2661 5418 2716 5462 ut
2739 5407 2934 5478 aliquid
2964 5423 3031 5463 ex
3057 5423 3123 5463 eo
3151 5407 3291 5477 quod
3320 5409 3575 5464 habemus

1996 5501 2354 5572 indigentibus
2395 5500 2762 5569 prmbcamus,
2811 5513 2916 5553 non
2961 5499 3327 5568 superbiamus
3364 5500 3577 5568 quando

1994 5595 2202 5650 damus.
2225 5594 2282 5649 Si
2303 5595 2444 5650 enim
2471 5594 2750 5648 consilium
2775 5602 2857 5648 est
2878 5592 3018 5663 quod
3039 5591 3310 5660 accepisti,
3336 5591 3427 5647 tibi
3455 5606 3574 5661 pro-

1992 5688 2115 5744 dest
2136 5689 2252 5758 plus
2280 5703 2435 5756 quam
2461 5687 2531 5741 illi
2558 5687 2640 5741 cui
2672 5686 2884 5740 dedisti.
2917 5685 3032 5739 Non
3057 5701 3185 5757 ergo
3215 5702 3313 5742 nos
3351 5686 3576 5742 extolla-

1998 5795 2114 5835 mus
2144 5794 2304 5850 super
2347 5794 2507 5847 Opera
2552 5788 2762 5845 nostra,
2802 5787 2853 5833 et
2883 5779 3031 5849 quasi
3079 5779 3379 5849 placeamus
3425 5775 3576 5833 nobis
