4036 6188
489 328 629 386 Ποὸ

480 437 624 510 quod
661 430 914 490 beneficia
957 435 1269 500 praestamus
1293 422 1484 492 quibus
1512 419 1717 474 damus.
1757 417 2047 510 consilium

485 509 575 600 qui
596 527 705 581 vult
737 524 974 593 accipere
997 561 1012 586 ,
1040 521 1138 572 hoc
1167 517 1275 570 vult
1300 515 1539 582 accipere
1563 511 1700 581 quod
1723 509 1821 564 sibi
1849 509 2054 600 prosit;

486 599 539 674 et
565 617 838 673 consilium
861 613 949 682 qui
970 611 1058 664 dat
1083 650 1098 672 ,
1125 607 1370 662 consulit.
1398 605 1452 659 Si
1474 603 1702 659 Consulit
1727 644 1739 666 ,
1763 602 1810 655 ei
1842 599 2058 670 prodest

488 711 569 764 cui
591 707 835 763 consulit.
859 703 1064 770 Accipit
1083 701 1302 768 quisque
1321 713 1350 752 a
1376 708 1425 753 le
1451 697 1671 766 supplex
1695 710 1910 764 pauper;
1937 693 2058 761 quia

489 802 530 854 si
562 811 610 854 te
639 797 864 866 superbe
891 795 1017 847 dare
1045 807 1148 846 non
1175 790 1346 853 decet,
1378 797 1573 858 quanto
1601 785 1765 855 magis
1795 783 1939 838 illum
1973 798 2060 836 su-

493 890 651 960 perbe
680 903 781 941 non
804 884 991 940 deceat
1013 882 1290 950 accipere!
1325 879 1528 947 Accipit
1550 876 1839 938 humiliter,
1871 873 2062 941 accipit

491 981 684 1050 gratias
711 991 892 1046 agens.
917 975 959 1028 Τ
965 991 996 1028 ιι
1027 984 1203 1027 tamen
1233 971 1366 1026 scito
1386 978 1439 1023 et
1464 969 1823 1029 reminiscere,
1847 979 1954 1018 non
1976 979 2062 1018 so-

495 1075 599 1126 lum
628 1070 752 1140 quid
778 1069 902 1134 des,
932 1066 1023 1121 sed
1051 1067 1207 1119 etiam
1233 1062 1355 1132 quid
1386 1060 1633 1128 accipias.
1663 1057 1720 1111 Si
1746 1057 1889 1110 enim
1919 1054 2060 1108 acci-

495 1165 604 1232 piat
638 1163 734 1215 iste
760 1175 957 1228 pauper
992 1155 1286 1210 libertatem
1309 1151 1662 1221 respondendi
1692 1148 1782 1203 tibi
1810 1190 1824 1213 ,
1856 1148 1898 1201 si
1932 1147 2064 1200 forte

495 1252 719 1307 senserit
743 1260 792 1302 te
812 1246 1200 1315 superbientem
1227 1257 1386 1312 super
1413 1255 1492 1305 se,
1524 1250 1577 1293 et
1602 1239 1743 1292 dicat
1773 1237 1880 1297 tibi,
1917 1233 2066 1290 Unde

495 1339 780 1410 superbis?
811 1337 947 1390 unde
993 1332 1260 1389 extoilcris
1286 1372 1301 1397 ,
1333 1332 1452 1400 quia
1499 1329 1690 1383 dedisti
1731 1325 1901 1380 mihi?
1929 1324 2066 1391 Quid

497 1431 624 1484 mihi
647 1426 877 1482 dedisti?
909 1426 1126 1478 Panem.
1153 1422 1300 1474 llunc
1323 1434 1510 1489 panem
1533 1418 1576 1472 si
1610 1418 1660 1470 in
1683 1416 1840 1469 domo
1867 1424 1952 1466 tua
1974 1427 2068 1479 po-

498 1537 653 1576 neres
680 1529 732 1573 et
753 1527 1120 1572 contemneres
1145 1554 1158 1577 ,
1189 1515 1287 1566 iret
1309 1513 1360 1565 in
1384 1510 1669 1578 mruginem
1698 1548 1711 1572 ,
1740 1523 1807 1561 ex
1837 1505 2068 1573 :cruginc

499 1612 549 1664 in
581 1608 906 1679 putredincm
940 1620 1035 1668 ,ex
1064 1601 1343 1670 putredine
1372 1600 1422 1653 in
1449 1607 1647 1652 terram
1674 1638 1687 1660 ,
1721 1605 1859 1648 terra
1884 1607 2067 1645 rever-

500 1709 698 1754 teretur
726 1699 775 1750 in
806 1707 1023 1749 terram.
1053 1693 1117 1746 Et
1143 1700 1197 1744 tu
1222 1690 1431 1760 quidem
1455 1697 1709 1757 porrectae
1740 1681 1914 1736 manui
1938 1694 2069 1734 mete

499 1801 556 1844 ut
597 1791 897 1857 acciperet,
931 1783 1206 1854 porrexisti
1239 1796 1448 1835 manmn
1491 1787 1634 1831 tuam
1665 1787 1722 1829 ut
1749 1775 1924 1828 dares.
1957 1771 2068 1824 Me-

500 1893 678 1936 mento
704 1880 844 1935 nnde
875 1878 1028 1930 fuerit
1052 1874 1185 1928 facta
1215 1885 1401 1926 manus
1431 1880 1537 1932 tua,
1571 1878 1623 1922 et
1654 1865 1791 1920 unde
1818 1866 1868 1917 in
1898 1876 2069 1915 meam

500 1970 826 2041 apposuisti:
860 1977 1076 2030 terram,
1110 1963 1174 2017 de
1203 1972 1358 2025 terra,
1395 1962 1448 2013 in
1481 1969 1693 2013 terram.
1727 1953 1924 2008 Deinde
1945 1949 2070 2022 quid

502 2063 633 2116 facio
670 2059 737 2114 de
775 2075 908 2128 pane
935 2057 1067 2111 tuo?
1096 2053 1328 2109 Comedo
1353 2094 1367 2118 ,
1400 2051 1694 2105 molestiam
1740 2048 1892 2101 fatuis
1919 2059 2068 2099 corn-

503 2170 661 2223 pesco
694 2172 706 2206 :
739 2151 1050 2206 beucficium
1097 2147 1336 2214 accipio;
1382 2160 1487 2198 non
1518 2158 1634 2197 smn
1667 2142 1918 2210 ingratus.
1965 2136 2071 2189 Ve-

502 2251 798 2296 rumtamen
830 2249 885 2293 tu
930 2239 1100 2307 cogita
1130 2237 1257 2305 quid
1299 2245 1350 2288 te
1394 2233 1650 2288 Dominus
1690 2231 1803 2298 ipse
1831 2227 2073 2282 Salvator

501 2330 885 2385 commonuerit
917 2345 930 2379 :
965 2329 1081 2396 quia
1112 2343 1256 2378 onme
1291 2324 1423 2394 quod
1461 2325 1514 2374 in
1555 2339 1610 2374 οδ
1645 2321 1833 2383 intrat,
1862 2319 1912 2370 in
1951 2332 2072 2368 vcn-

503 2431 627 2473 trem
667 2418 801 2472 cadit
824 2460 839 2485 ,
867 2426 912 2471 et
939 2417 991 2469 in
1033 2431 1277 2469 secessum
1304 2412 1538 2467 emittitur
1577 2408 1787 2481 (Matth.
1823 2423 1889 2461 xv
1914 2448 1928 2472 ,
1961 2403 2070 2476 17).

503 2513 810 2579 Rursusque
857 2507 1126 2577 apostolus
1156 2505 1349 2559 Paulus
1384 2501 1513 2572 quid
1547 2501 1639 2555 tibi
1670 2499 1860 2552 dixerit
1893 2515 1905 2549 :
1943 2497 2076 2550 Esca

502 2603 657 2656 ventri
681 2644 695 2665 ,
727 2611 774 2654 et
807 2609 969 2653 venter
1002 2599 1124 2652 escis
1146 2615 1165 2661 ;
1198 2596 1332 2649 Deus
1358 2604 1522 2646 autem
1551 2601 1593 2646 et
1622 2593 1753 2644 hunc
1779 2599 1824 2643 et
1849 2607 1932 2643 cas
1958 2606 2074 2641 eva-

501 2693 668 2744 cuabit
719 2691 758 2763 (l
790 2691 906 2745 Cor.
952 2706 1000 2742 vr
1026 2729 1041 2754 ,
1076 2689 1187 2757 15).
1219 2687 1377 2740 Panis
1407 2699 1533 2752 ergo
1557 2725 1571 2748 ,
1605 2692 1662 2736 ut
1706 2682 1859 2746 dixi,
1895 2691 2030 2733 terra
2057 2720 2072 2744 ,

504 2786 569 2840 de
598 2795 733 2838 terra
756 2825 770 2848 ,
806 2784 856 2835 in
888 2790 1081 2835 terram
1109 2796 1122 2844 ;
1155 2789 1210 2831 ut
1251 2777 1492 2831 fulciatnr
1519 2784 1658 2828 terra
1682 2814 1696 2836 ,
1725 2781 1777 2826 et
1810 2771 2078 2826 reficiatur

505 2883 664 2929 terra.
694 2872 828 2940 Quid
858 2870 1048 2926 dedisti
1089 2868 1289 2938 cogitas
1312 2906 1327 2931 ,
1360 2864 1486 2934 quid
1528 2871 1842 2934 accepturus
1885 2875 1943 2914 es
1970 2873 2076 2913 non

503 2965 721 3032 cogitas.
754 2961 890 3016 Vide
921 2975 1048 3030 ergo
1076 2974 1141 3012 ne
1173 2957 1288 3026 plus
1317 2955 1407 3009 tibi
1441 2961 1684 3023 prmstem
1725 2949 2030 3019 accipiendo
2057 2989 2074 3014 ,

503 3071 659 3126 quant
689 3064 740 3108 tu
764 3052 892 3107 mihi
921 3050 1113 3105 dando.
1145 3048 1200 3102 Si
1227 3046 1367 3101 enim
1396 3061 1498 3098 non
1527 3050 1666 3097 esset
1692 3042 1777 3110 qui
1806 3055 1836 3094 a
1867 3049 1916 3094 te
1940 3037 2079 3094 acci-

507 3156 674 3218 peret,
707 3159 812 3199 non
834 3155 1080 3212 erogares
1111 3147 1326 3203 terram,
1358 3146 1411 3191 et
1439 3151 1540 3189 non
1569 3133 1836 3201 acciperes
1861 3130 2076 3185 caelum.

507 3239 664 3293 Pulso
690 3236 755 3289 ad
787 3236 1002 3304 januam
1036 3241 1198 3294 tuam,
1230 3238 1283 3283 et
1306 3225 1456 3280 audis
1483 3240 1586 3285 me.
1615 3223 1768 3292 jubes
1793 3221 1921 3275 mihi
1953 3235 2078 3288 por-

506 3329 602 3399 rigi
642 3326 781 3382 unde
807 3325 974 3379 fames
997 3337 1112 3376 mea
1139 3325 1460 3374 sustentetur
1484 3357 1498 3380 ,
1532 3323 1586 3368 ct
1621 3313 1689 3366 ab
1715 3312 1813 3364 hac
1838 3307 2080 3363 molestia

507 3434 666 3488 quam
707 3415 834 3470 mihi
877 3414 1102 3484 ingerit,
1133 3405 1704 3479 cempescatur.‘Bene
1748 3401 1936 3456 fecisti.
1968 3400 2082 3453 Au-

509 3509 626 3564 dire
664 3521 748 3561 me
779 3506 1072 3576 pulsantem
1102 3502 1210 3555 noli
1235 3543 1248 3564 ,
1292 3499 1335 3553 si
1375 3497 1558 3550 audes.
1585 3495 1640 3548 Si
1668 3501 1946 3562 rogaturus
1976 3503 2083 3542 non

511 3617 570 3654 es
594 3641 608 3665 ,
640 3607 920 3653 contemne
948 3603 1240 3663 rogantem.
1273 3591 1567 3643 Contemnc
1597 3601 1682 3639 me
1706 3626 1719 3649 ,
1748 3585 1791 3638 si
1827 3582 1960 3636 nihil
1986 3595 2080 3650 pe-

511 3688 578 3742 tis
615 3688 682 3741 ab
708 3700 773 3740 eo
811 3685 900 3754 qui
931 3683 1053 3737 fecit
1074 3692 1125 3734 et
1154 3695 1238 3734 me
1265 3688 1319 3734 et
1346 3687 1416 3730 te.
1443 3677 1497 3730 Si
1539 3684 1713 3730 autem
1742 3674 1999 3743 petiturus
2024 3686 2083 3726 es

511 3777 641 3832 illud
669 3775 809 3845 quod
836 3773 964 3828 mihi
990 3773 1084 3826 das
1108 3763 1137 3836 ς’
1155 3771 1276 3840 quia
1307 3783 1392 3824 me
1415 3765 1673 3820 exaudisti
1697 3806 1711 3831 ,
1743 3765 1835 3818 tibi
1861 3772 2085 3831 praestas

512 3877 571 3922 ut
607 3866 929 3923 exaudiaris.
973 3865 1084 3934 Age
1110 3863 1184 3917 illi
1207 3861 1402 3932 gratias
1426 3902 1440 3924 ,
1471 3858 1560 3929 qui
1604 3874 1714 3912 rem
1745 3865 1848 3911 tam
1886 3856 2084 3925 pretio-

513 3977 625 4014 sam
657 3971 760 4014 tam
790 3959 879 4013 vili
908 3957 1076 4028 pretio
1104 3966 1154 4009 te
1185 3954 1310 4008 facit
1345 3968 1544 4008 emere.
1575 3952 1677 4005 Das
1703 3951 1845 4020 quod
1868 3951 1916 4003 in
1947 3957 2085 4003 tem-

513 4067 640 4121 pore
662 4049 796 4120 perit
818 4065 831 4100 :
857 4048 1052 4117 accipis
1073 4045 1212 4116 quod
1235 4053 1412 4098 manet
1439 4043 1490 4097 in
1518 4051 1794 4096 aeternum.
1820 4040 1924 4094 Das
1943 4038 2085 4109 quod

512 4144 557 4197 si
589 4158 690 4197 non
720 4143 874 4196 dares
899 4182 912 4205 ,
945 4148 1065 4208 post
1089 4137 1357 4207 paululum
1392 4135 1675 4205 projiceres
1708 4150 1720 4185 :
1755 4132 1953 4200 accipis
1981 4147 2086 4200 quo

513 4236 566 4289 in
612 4245 869 4289 aiternum
897 4231 1199 4302 perfruaris.
1246 4231 1348 4283 Das
1391 4227 1530 4282 unde
1559 4233 1882 4280 sustentetur
1919 4223 2086 4278 fames

514 4327 788 4388 hominum
823 4343 835 4377 :
869 4327 1064 4393 accipis
1103 4323 1245 4378 unde
1272 4324 1346 4376 sis
1392 4323 1567 4376 socius
1593 4322 1935 4390 Angelorum.
1983 4319 2087 4374 Das

514 4417 655 4471 unde
682 4433 784 4470 non
811 4415 1009 4469 esuriat
1035 4414 1194 4466 homo
1235 4421 1353 4482 post
1377 4411 1644 4480 paululum
1673 4411 1867 4464 famem
1895 4411 2086 4464 iterum

516 4522 769 4578 passurus
795 4523 805 4558 :
830 4505 1026 4572 accipis
1052 4504 1191 4558 unde
1220 4503 1410 4556 famem
1433 4517 1700 4570 nunquam
1728 4502 1977 4570 sitimque
1998 4516 2088 4568 pa-

519 4597 684 4650 tiaris.
712 4596 843 4648 Cum
871 4610 998 4664 ergo
1020 4594 1167 4648 vides
1186 4593 1308 4664 quid
1332 4593 1445 4659 des,
1471 4601 1525 4647 et
1553 4591 1678 4661 quid
1707 4593 1956 4661 accipias,
1981 4591 2088 4645 noli

515 4685 664 4750 dare,
689 4685 732 4738 si
754 4685 937 4738 audes.
961 4683 1248 4738 Videamus
1269 4682 1606 4753 quismajore
1627 4682 1822 4735 damno
1850 4681 2086 4747 feriatur,

516 4789 635 4843 ego,
661 4774 744 4828 cui
768 4789 871 4828 non
891 4773 986 4827 das
1008 4785 1230 4840 terram;
1255 4783 1344 4827 aut
1375 4783 1454 4839 tu,
1479 4773 1566 4843 qui
1598 4789 1701 4827 non
1725 4773 2004 4842 pervenies
2023 4771 2091 4826 ad

518 4880 640 4919 eum
667 4865 754 4933 qui
787 4865 909 4918 fecit
935 4865 1127 4923 cmlum
1157 4872 1210 4918 et
1240 4875 1452 4918 terram.

589 4968 642 5021 3.
677 4965 952 5019 Consilium
977 4963 1162 5018 Christi
1188 4965 1249 5019 de
1275 4966 1540 5036 erogandi:
1566 4966 1769 5031 divitiis,
1795 4983 1856 5020 ne
1881 4967 1960 5020 hic
1977 4983 2091 5036 per-

523 5069 655 5113 eant.
694 5057 747 5112 Si
785 5071 911 5126 ergo
937 5056 1211 5110 consilium
1239 5058 1526 5125 accipimus
1549 5097 1564 5123 ,
1595 5058 1846 5111 faciamus
1875 5067 2092 5126 propter

523 5166 654 5215 nos;
687 5157 739 5205 ct
765 5163 920 5202 nemo
962 5147 1102 5200 dicat
1136 5146 1256 5215 quia
1289 5157 1501 5214 prmstat
1541 5150 1774 5217 pauperi.
1808 5148 1919 5202 Sibi
1950 5149 2092 5202 enim

523 5241 637 5307 plus
667 5249 883 5308 prmstat
907 5279 921 5303 ,
966 5254 1123 5309 quam
1169 5238 1406 5307 pauperi.
1441 5237 1495 5292 Si
1537 5254 1718 5292 verum
1759 5241 2052 5308 cogitemus
2076 5281 2090 5303 ,

526 5330 715 5385 fratres
739 5332 841 5385 mei
867 5373 880 5394 ,
912 5341 966 5385 et
991 5331 1279 5386 secundum
1311 5329 1468 5383 verba
1500 5331 1704 5384 Domini
1735 5333 1898 5384 nostri
1923 5333 2096 5402 sapia-

528 5437 678 5482 mus;
712 5421 864 5475 aliter
890 5422 1027 5474 enim
1053 5422 1098 5474 si
1124 5421 1453 5488 sapuerimus
1476 5461 1490 5482 ,
1522 5420 1753 5488 perimus
1784 5439 1796 5474 :
1829 5423 1872 5474 si
1902 5437 2004 5474 non
2029 5438 2094 5477 ex

528 5519 707 5564 nostro
735 5510 976 5575 consilio,
1006 5510 1100 5564 sed
1138 5527 1201 5564 ex
1230 5511 1392 5580 ipsius
1415 5511 1674 5577 vivamus,
1703 5519 1828 5567 tunc
1855 5526 1980 5566 vere
2019 5511 2097 5566 vi-

531 5598 715 5652 vimus.
745 5599 801 5654 Si
842 5600 1097 5654 habemus
1134 5602 1326 5670 aliquid
1354 5601 1493 5673 quod
1523 5602 1841 5670 pauperibus
1868 5603 2056 5657 demus
2078 5645 2091 5668 ,

525 5689 570 5740 si
599 5705 703 5742 non
729 5693 1028 5746 dederimus
1056 5735 1070 5760 ,
1103 5691 1188 5746 hic
1213 5696 1523 5750 dimittimus
1547 5711 1560 5761 ;
1589 5707 1679 5750 aut
1715 5694 1847 5752 forte
1876 5709 1995 5750 cum
2025 5695 2099 5749 vi-

1709 306 1772 359 S.
1812 301 2173 361 AUGUSTINI
2218 298 2514 356 EPISCOPI

3599 301 3738 358 17(Ιῦ

2159 413 2332 466 vimus
2355 451 2368 474 ,
2399 411 2484 464 hic
2504 409 2815 464 amittimus.
2843 408 3012 477 Quam
3044 411 3191 466 multi
3221 414 3361 469 enim
3402 413 3576 473 subito
3596 419 3738 474 bona

2160 502 2336 555 omnia
2361 500 2739 568 perdiderunt,
2773 517 2893 569 quae
2918 501 3305 560 studiosissime
3334 509 3692 565 recondebam
3715 515 3742 564 ?

2161 590 2279 646 Uno
2324 591 2519 659 impetu
2547 591 2725 645 hostili
2767 591 3000 645 universi
3034 592 3264 648 thesauri
3301 596 3521 652 divitum
3562 601 3738 668 perie-

2161 691 2304 735 runt.
2333 681 2499 735 Nemo
2527 682 2662 734 dixit
2702 681 2838 734 hosti
2870 699 2883 734 ε
2916 681 3062 736 Filiis
3087 686 3220 738 meis
3244 701 3425 742 servo.
3468 689 3623 744 Certe
3657 693 3747 744 vi-

2164 771 2300 824 detis
2327 772 2448 839 quia
2474 773 2489 802 ι
2513 755 2563 825 si
2589 782 2671 825 est
2699 772 2750 824 in
2783 771 2887 825 illis
2913 773 3084 842 aliqua
3121 774 3270 829 fides.
3305 777 3378 831 De
3405 778 3469 833 iis
3497 781 3638 834 enim
3665 782 3747 835 ιο-

2165 860 2431 928 quendum
2461 869 2542 915 est
2564 903 2578 925 ,
2611 861 2700 930 qui
2725 861 2999 915 christiani
3040 863 3138 917 hoc
3179 868 3314 932 passi
3343 879 3480 920 sunt.
3519 869 3647 924 Nam
3674 871 3746 927 de

2166 949 2528 1017 ignorantibus
2555 951 2720 1004 Deum
2751 951 2892 1004 nulla
2923 954 3123 1006 mentio
3149 964 3250 1008 est.
3278 956 3355 1010 illi
3381 959 3520 1011 enim
3561 959 3612 1012 in
3644 962 3750 1018 hac

2166 1040 2271 1093 vita
2293 1040 2432 1109 quod
2457 1055 2550 1108 pro
2577 1056 2766 1109 magno
2794 1041 3056 1095 [rubebant
3083 1045 3423 1110 perdiderunt
3447 1089 3460 1112 ,
3493 1050 3646 1103 aliam
3667 1053 3748 1104 vi-

2169 1137 2273 1182 tam
2297 1143 2400 1182 non
2433 1141 2798 1197 spcraverunt.
2825 1131 3082 1185 Tenebra:
3109 1132 3235 1187 foris
3260 1175 3272 1198 ,
3308 1138 3537 1190 tenebras
3565 1139 3704 1194 intus
3729 1158 3744 1193 :

2170 1231 2452 1289 paupertas
2492 1221 2544 1273 in
2575 1235 2693 1274 arca
2720 1262 2734 1286 ,
2765 1221 2934 1290 major
2961 1233 3172 1291 egestas
3213 1224 3266 1277 in
3295 1228 3636 1281 conscientia.
3671 1231 3748 1284 De

2171 1309 2252 1363 his
2272 1325 2398 1379 ergo
2421 1351 2435 1373 ,
2468 1319 2525 1364 ut
2549 1311 2654 1364 dixi
2683 1352 2696 1374 ,
2729 1327 2938 1380 quoquo
2961 1313 3118 1366 modo
3144 1330 3249 1369 non
3276 1325 3358 1369 est
3383 1317 3703 1385 loquendum
3729 1337 3744 1384 ;

2171 1399 2264 1452 sed
2290 1400 2356 1453 de
2383 1401 2445 1453 iis
2471 1401 2664 1468 potius,
2691 1402 2740 1454 in
2767 1403 2954 1470 quibus
2974 1414 3056 1457 est
3079 1403 3209 1459 fides
3229 1407 3401 1476 aliqua
3432 1408 3745 1464 christiana.

2172 1489 2295 1542 Ideo
2321 1490 2428 1543 dixi
2454 1530 2468 1555 ,
2500 1491 2672 1560 aliqua
2698 1532 2712 1556 ,
2749 1507 2852 1545 non
2883 1493 3094 1547 robusta
3122 1535 3135 1556 ,
3167 1502 3272 1550 non’
3310 1499 3466 1566 plena
3492 1516 3505 1564 ;
3539 1502 3659 1569 quia
3699 1504 3750 1556 si

2171 1578 2385 1631 robusta
2425 1588 2478 1631 et
2505 1579 2654 1646 plena
2697 1591 2877 1646 esset,
2909 1583 3189 1636 consilium
3221 1586 3424 1638 Domini
3461 1603 3566 1642 non
3592 1603 3748 1657 spre-

2173 1668 2389 1721 vissent.
2418 1668 2572 1723 Certe
2614 1680 2828 1736 tamen,
2861 1672 3160 1726 charissimi
3186 1713 3200 1739 ,
3233 1690 3353 1728 cum
3390 1677 3630 1732 viderent
3651 1679 3751 1734 do-

2173 1775 2290 1814 mos
2313 1776 2438 1815 suas
2465 1762 2648 1814 inanes
2675 1803 2689 1827 ,
2723 1772 2815 1816 aut
2839 1762 2972 1817 forte
2996 1780 3095 1818 nec
3119 1765 3284 1834 ipsam
3317 1767 3616 1823 inanitatem
3647 1769 3748 1823 do-

2174 1865 2382 1903 morum
2408 1865 2622 1903 suarum
2651 1851 2828 1905 videre
2860 1853 3101 1919 permissi
3142 1865 3303 1920 sunt,
3337 1871 3456 1909 cum
3502 1858 3622 1913 inde
3654 1874 3752 1913 ca-

2175 1942 2302 2011 ptivi
2330 1943 2472 1995 ducti
2512 1951 2670 2006 sunt,
2705 1957 2823 1996 cum
2851 1944 2928 1996 eis
2955 1943 3346 2000 discedentibus
3373 1947 3583 2002 finitima
3629 1965 3752 2005 suc-

2173 2031 2334 2086 cessit
2359 2050 2370 2084 :
2394 2047 2514 2085 cum
2535 2047 2661 2100 ergo
2691 2047 2750 2085 se
2773 2033 3108 2087 attenderent
3134 2035 3339 2101 inanes,
3372 2038 3634 2105 quomodo
3654 2055 3751 2094 eos

2175 2123 2440 2191 puanituit,
2463 2124 2580 2191 quin
2610 2139 2714 2177 non
2744 2125 3017 2179 audierant
3040 2127 3244 2181 Domini
3267 2129 3586 2183 consilium?
3614 2129 3752 2197 Quid

2177 2217 2319 2268 enim
2354 2215 2606 2268 Dominus
2638 2224 2819 2268 noster
2854 2215 3009 2270 Jesus
3047 2217 3284 2272 Christus
3308 2259 3322 2282 ,
3356 2218 3546 2273 fratres
3570 2261 3584 2283 ,
3617 2221 3753 2274 dixit

2176 2304 2324 2358 diviti
2347 2305 2419 2358 illi
2442 2306 2698 2373 quaerenti
2720 2307 2994 2358 consilium
3025 2307 3090 2360 de
3114 2309 3435 2376 capessenda
3461 2311 3564 2363 vita
3593 2320 3753 2365 teter-

2178 2399 2276 2453 na?
2303 2399 2435 2465 Quid
2460 2399 2508 2452 ei
2534 2398 2695 2452 dixit?
2727 2399 2864 2452 Dixit
2888 2398 2958 2463 ei,
2985 2399 3152 2454 Perde
3179 2401 3316 2468 quod
3341 2401 3536 2455 habes?
3567 2403 3750 2463 Plane,

2177 2490 2383 2543 etiamsi
2415 2488 2514 2542 hoc
2539 2488 2757 2553 diceret,
2791 2488 2958 2543 Perde
2980 2492 3308 2558 temporalia,
3339 2492 3540 2546 diceret
3569 2503 3627 2546 ut
3662 2509 3752 2546 ac-

2177 2579 2355 2647 quiras
2393 2586 2589 2632 mterna
2610 2579 2650 2630 '.
2678 2578 2793 2631 Non
2815 2579 2864 2632 ei
2893 2588 3069 2633 tamen
3098 2580 3266 2644 dixit,
3299 2581 3468 2636 Perde
3491 2583 3630 2651 quod
3660 2584 3756 2636 ha-

2177 2668 2290 2722 bes.
2314 2668 2536 2722 Videbat
2555 2669 2696 2723 enim
2717 2670 2860 2724 illum
2881 2679 3169 2725 amatorem
3185 2687 3360 2725 rerum
3381 2688 3616 2728 suarum.
3635 2674 3752 2729 Non

2177 2757 2273 2824 ait,
2301 2757 2469 2811 Perde
2493 2775 2506 2821 ;
2539 2758 2630 2812 sed
2659 2759 2750 2822 ait,
2779 2759 2942 2828 Migra
2971 2761 3055 2815 ubi
3079 2775 3183 2814 non
3214 2761 3422 2831 perdas.
3455 2765 3615 2818 Amas
3637 2764 3755 2820 the-

2177 2859 2364 2901 sauros
2387 2848 2535 2901 tuos?
2554 2864 2702 2902 amas
2722 2851 2997 2917 pecuniam
3023 2853 3197 2904 tuam?
3217 2867 3364 2906 amas
3383 2852 3590 2908 divitias
3613 2857 3756 2909 tuas?

2178 2951 2326 2992 amas
2349 2938 2545 3007 praedia
2573 2941 2702 2993 tua?
2730 2940 3000 3010 Quidquid
3024 2958 3192 3008 amas,
3226 2944 3276 2998 in
3306 2952 3442 2999 terra
3468 2945 3649 3002 habes.
3679 2946 3756 3001 lbi

2181 3029 2346 3085 habes
2373 3031 2512 3099 quod
2533 3046 2700 3096 amas,
2725 3032 2810 3086 ubi
2834 3032 3021 3100 perdas
3047 3042 3100 3087 et
3123 3049 3323 3102 pereas.
3353 3036 3639 3091 Consilium
3659 3037 3755 3104 do,

2181 3118 2347 3188 migra
2368 3118 2421 3172 in
2438 3120 2651 3173 cmlum.
2679 3120 2772 3174 llic
2789 3121 2832 3174 si
2850 3119 3032 3184 habes,
3059 3123 3247 3190 perdes
3266 3125 3406 3193 quod
3433 3126 3613 3192 habes,
3636 3142 3762 3196 per-

2182 3207 2284 3262 ibis
2309 3225 2429 3262 cum
2469 3223 2534 3262 eo
2556 3209 2693 3277 quod
2716 3210 2913 3277 perdis.
2940 3211 3012 3264 lbi
3035 3224 3209 3266 autem
3234 3213 3280 3268 si
3300 3213 3486 3281 habes,
3509 3231 3612 3270 non
3633 3219 3760 3272 ami-

2183 3295 2322 3361 sisti,
2335 3297 2428 3351 sed
2445 3299 2684 3367 sequeris
2698 3315 2804 3368 quo
2820 3300 3009 3354 misisti
3031 3299 3245 3368 (Matth.
3273 3319 3380 3366 nx,
3402 3304 3598 3376 iii-2|).
3619 3306 3731 3361 Con
3744 3338 3762 3347 -

2184 3387 2357 3442 silium
2384 3403 2508 3458 ergo
2537 3388 2607 3442 do
2630 3429 2644 3453 ,
2677 3399 2782 3445 etc.
2812 3390 2998 3464 (a).....
3027 3392 3204 3460 Quare
3230 3396 3647 3464 contempsimus
3668 3412 3764 3466 pa-

2187 3486 2319 3532 trem
2365 3489 2670 3533 moncntem
2694 3519 2709 3546 ,
2756 3489 2814 3535 et
2841 3480 3047 3535 hostem
3089 3484 3352 3538 sensimus
3383 3485 3761 3540 invadentem?

2188 3569 2400 3641 [Multos
2438 3587 2565 3641 ergo
2591 3572 2836 3641 puruitet.
2861 3573 2992 3628 Nam
3019 3574 3231 3644 quidam
3260 3576 3422 3645 (quod
3456 3593 3637 3631 revera
3678 3578 3765 3631 di-

2186 3663 2323 3718 citur
2344 3663 2620 3734 accidisse)
2652 3665 2810 3718 homo
2840 3681 2943 3719 non
2977 3667 3125 3720 dives
3149 3709 3162 3731 ,
3192 3668 3285 3722 sed
3314 3677 3486 3724 tamen
3514 3668 3669 3722 etiam
3697 3669 3766 3722 de

2189 3755 2334 3809 tenui
2357 3754 2606 3809 facultate
2635 3756 2842 3825 pinguis
2868 3756 3022 3826 adipe
3048 3759 3342 3824 charitatis,
3367 3775 3485 3813 cum
3509 3759 3762 3825 solidum,

2189 3853 2245 3897 ut
2269 3843 2482 3908 assolet,
2512 3845 2836 3898 vendidisset
2856 3845 2955 3913 (ιν).
2980 3856 3192 3899 centum
3222 3847 3376 3902 folles
3399 3867 3464 3904 ex
3491 3851 3659 3919 pretio
3681 3866 3768 3903 so-

2187 3933 2280 3987 lidi
2321 3934 2814 4003 pauperibusjussit
2842 3936 3050 4005 erogari
3075 3934 3165 4008 (c).
3203 3938 3420 3994 Factum
3453 3951 3551 3995 est.
3580 3941 3656 3995 lbi
3680 3943 3769 3997 illc

2254 4068 2427 4176 ξ)
2449 4069 2585 4176 slum.
2609 4069 2769 4127 deest,
2809 4067 2952 4132 quia;
2975 4081 3118 4132 quam
3141 4084 3306 4120 vocem
3331 4081 3573 4133 prmterea
3595 4087 3774 4125 sensus

2189 4142 2403 4188 τερειιιι.
2470 4142 2525 4176 Μ.

2225 4248 2236 4259 ι
2254 4193 2272 4221 ²
2291 4192 2425 4259 sirm.
2452 4192 2520 4238 sic
2548 4190 2696 4259 habet
2719 4191 3039 4259 huncnlocum
3059 4205 3071 4240 :
3094 4189 3224 4259 Quid
3245 4192 3390 4259 enim,
3437 4193 3609 4259 dixit?
3639 4195 3773 4246 Dixit

2191 4249 2254 4309 ei,
2281 4249 2434 4314 Perde
2458 4249 2582 4314 quod
2607 4249 2748 4314 [tabes
2769 4251 2791 4307 ξ)
2811 4251 3044 4310 Placeret,
3063 4253 3105 4302 si
3121 4249 3212 4303 hoc
3237 4249 3435 4306 diceret.
3467 4256 3622 4306 t'erde
3647 4263 3770 4307 tem—

2191 4311 2396 4374 poralia,
2422 4311 2479 4359 ut
2496 4311 2722 4374 acquiras
2744 4319 2944 4362 (eterna.
3011 4321 3066 4362 ait.

2255 4373 2327 4494 ξαζ
2358 4375 2540 4444 Omissa
2563 4373 2737 4445 repete
2762 4387 2824 4422 ex
2849 4387 3079 4424 sermone
3096 4376 3174 4433 60,
3190 4389 3241 4423 n.
3265 4376 3316 4423 7.

2268 4433 2305 4494 Vb
2360 4441 2530 4491 Quanti
2553 4433 2754 4482 solidum
2778 4448 2979 4483 aureum
3003 4437 3274 4485 vendiderit
3298 4451 3316 4484 r

2279 4433 2342 4498 (ι)
2360 4434 2530 4491 Quanti
2553 4433 2754 4482 solidum
2778 4448 2979 4498 aureum
3003 4437 3274 4485 vendiderit
3298 4451 3394 4485 non
3428 4435 3672 4498 declarat;
3699 4441 3776 4488 in-

2192 4493 2348 4564 telligi
2370 4503 2532 4543 autem
2549 4503 2709 4556 potest
2731 4510 2795 4544 ex
2815 4496 3008 4546 novella
3027 4498 3338 4564 Valentiniani
3366 4513 3459 4547 xxv
3487 4500 3610 4548 inter
3625 4493 3778 4564 Theo-

2192 4555 2414 4619 dosianas
2431 4589 2443 4612 ,
2468 4569 2563 4617 qua
2584 4563 2773 4619 cautum
2794 4566 2887 4614 est,
2921 4575 2942 4602 ιι
2976 4566 3042 4606 Ne
3066 4571 3274 4619 unquam
3300 4561 3422 4606 intra
3445 4569 3635 4619 septem
3669 4561 3777 4610 mil-

2201 4633 2223 4660 (ι
2247 4615 2306 4662 lia
2332 4615 2628 4665 nummorum
2653 4617 2833 4666 solidus
2854 4615 3164 4666 distrahaturf
3180 4635 3202 4662 ν
3225 4615 3524 4668 mssiodorus
3545 4634 3636 4669 sex
3659 4622 3778 4672 olim

2193 4675 2404 4742 millibus
2421 4678 2667 4742 venditum
2685 4679 2827 4742 docet
2843 4678 2926 4726 lib.
2955 4680 3262 4742 1__\'ariarum,
3292 4682 3433 4742 epist.
3459 4682 3513 4729 10
3536 4695 3547 4730 :
3575 4699 3597 4726 ι
3616 4690 3730 4742 sex,
3750 4703 3772 4729 ο

2195 4738 2365 4798 inquit,
2393 4755 2414 4783 α
2429 4737 2577 4798 millia
2601 4739 2909 4786 denariorum
2931 4737 3134 4787 solidum
3158 4753 3269 4787 esse
3295 4737 3565 4790 voluerunt.
3589 4759 3612 4786 ι
3642 4737 3776 4793 sinu.

2279 4752 2365 4798 un,
2393 4755 2414 4783 α
2431 4752 2577 4785 mnua
2601 4752 2909 4786 denariorum
2931 4752 3134 4787 seuuum
3158 4753 3269 4787 esse
3295 4752 3565 4790 vetuerunt.
3589 4759 3612 4786 ν
3642 4753 3776 4793 sinu.

2246 4752 2325 4906 (ie)
2363 4797 2516 4847 Folles
2557 4811 2713 4847 aereos
2735 4799 2877 4856 dicit,
2920 4812 3017 4846 non
3051 4807 3327 4860 argenteus.
3378 4805 3604 4863 argentei
3645 4807 3780 4854 enim

2246 4857 2338 4906 les
2359 4867 2554 4906 centum
2592 4872 2701 4906 iars
2736 4858 2870 4906 solidi
2897 4859 3074 4906 exigua
3111 4873 3208 4906 non
3241 4869 3422 4906 essent.
3466 4870 3519 4906 ιιι
3552 4864 3780 4906 denarius

2194 4856 2338 4907 folles
2359 4867 2554 4920 centum
2592 4872 2701 4919 lars
2736 4858 2870 4908 solidi
2897 4859 3074 4920 exigua
3109 4856 3208 4907 non
3241 4856 3519 4910 essent.'tlt
3552 4864 3784 4913 denarios

2198 4931 2319 4980 ergo
2339 4919 2664 4982 appellabant,
2692 4928 2792 4982 tum
2815 4919 3096 4982 argenteos,
3123 4930 3224 4968 tum
3242 4934 3427 4982 aereos;
3453 4924 3520 4971 sic
3536 4922 3678 4972 folles
3698 4924 3779 4974 alii

2196 4980 2416 5043 argentei
2440 4980 2671 5040 fuerunt,
2715 4980 2792 5028 alii
2827 4981 2960 5027 terei.
2987 4981 3181 5043 Follium
3211 4980 3448 5030 meorum
3495 4984 3655 5043 valor,
3696 4996 3784 5036 aut

2198 5040 2325 5088 idem
2349 5041 2437 5088 fuit
2461 5051 2860 5104 acnummorum,
2885 5042 3322 5104 seudcnariorum,
3347 5057 3550 5104 quorum
3573 5040 3661 5093 sev
3695 5059 3780 5094 se-

2197 5108 2394 5160 ptemve
2419 5100 2566 5148 millia
2590 5103 2639 5166 in
2662 5101 2814 5150 solido
2831 5103 3176 5166 censebantur.
3200 5111 3281 5151 aut
3303 5100 3559 5165 utriusque
3575 5108 3784 5166 generis

2197 5173 2293 5208 non
2317 5175 2544 5226 magnum
2577 5162 2854 5226 discrimen.
2903 5161 3058 5211 Pelles
3080 5171 3242 5212 autem
3265 5161 3492 5225 argentei
3533 5161 3782 5226 Augustini

2199 5232 2303 5285 sevo
2327 5222 2439 5285 quid
2475 5222 2712 5280 valerent,
2739 5225 2962 5271 a-stimari
2987 5231 3147 5284 potest
3171 5237 3233 5271 ex
3253 5222 3379 5285 Lege
3401 5241 3447 5273 ιιι
3463 5226 3572 5273 Cod.
3597 5222 3783 5274 'i‘beod.

2199 5281 2501 5344 deSuariis,
2534 5296 2645 5344 qua:
2670 5286 2877 5343 porcina:
2903 5281 3110 5344 pretium
3133 5286 3184 5333 in
3219 5281 3432 5344 singulas
3467 5285 3613 5334 libras
3645 5289 3786 5336 senis

2199 5341 2392 5406 follibus
2413 5341 2578 5392 definit
2599 5377 2613 5399 ,
2655 5341 2706 5392 et
2735 5359 2808 5406 ex
2847 5341 2914 5392 iis
2944 5358 3052 5406 qua:
3078 5346 3127 5392 in
3167 5345 3249 5392 lib.
3274 5341 3334 5393 22
3354 5347 3418 5394 de
3440 5347 3639 5396 Civitate
3661 5349 3744 5396 Dei
3769 5382 3785 5404 ,

2199 5416 2305 5463 cap.
2337 5404 2382 5469 _8
2401 5441 2414 5462 ,
2443 5413 2694 5469 narrantur
2716 5405 2781 5454 de
2825 5404 3062 5469 Florentio
3102 5415 3306 5469 sartore
3326 5408 3617 5469 Hipponensi
3637 5441 3652 5464 ,
3699 5411 3785 5469 qui

2200 5465 2434 5571 grandem
2461 5466 2640 5525 piscem
2666 5467 2900 5514 trecentis
2923 5465 3118 5515 follibus
3137 5465 3627 5517 vendidisse—dicitur.
3653 5465 3790 5517 Utica

2222 5526 2349 5571 naue
2368 5529 2499 5571 etim
2516 5540 2796 5571 cormruere
2820 5529 2979 5571 omnia
3014 5536 3237 5571 Losstmt-
3266 5530 3304 5571 si
3326 5542 3411 5571 nm
3436 5527 3632 5571 follibus
3649 5541 3790 5571 asses

2222 5526 2349 5585 iique
2368 5529 2499 5589 enjm
2516 5540 2796 5588 congruere
2820 5529 2979 5575 omnia
3014 5530 3305 5589 possuntksi
3326 5542 3411 5589 pro
3436 5527 3632 5578 follibus
3649 5541 3792 5579 asses

2200 5597 2304 5650 sive
2325 5585 2462 5650 solidi
2488 5585 2737 5650 sumantur
2757 5595 2966 5650 intinctae
2987 5585 3162 5638 nostra:
3185 5585 3450 5638 Gallicanae.
3476 5598 3588 5638 nam
3609 5598 3658 5639 et
3679 5604 3790 5650 por-

2201 5647 2322 5693 cina:
2348 5647 2395 5693 in
2418 5645 2633 5712 singulas
2648 5646 2794 5697 libras
2807 5645 3069 5697 ‘solidorum
3083 5663 3171 5698 sex
3191 5650 3371 5709 justum
3393 5645 3790 5712 fueritpretium,

2211 5713 2262 5752 et
2285 5708 2514 5768 grandem
2539 5710 2718 5770 piscem
2744 5712 2975 5759 trecentis
2997 5708 3384 5760 assihus’nostris
3402 5708 3690 5761 νευόῘήϋῶ
3715 5723 3793 5762 est
