4036 6188
360 332 505 391 I709

348 438 446 497 rit.
478 435 589 507 Nec
609 434 677 492 de
700 435 892 507 vestris
913 434 1110 491 divitiis
1144 435 1257 493 lucc
1284 443 1596 507 ornamenta
1627 437 1939 507 proferatis:

346 509 477 582 quia
498 506 896 582 gdit‘superbos
919 516 976 582 _et
1003 508 1153 582 quasi
1194 507 1264 561 de
1290 520 1389 561 suo
1414 522 1473 582 se
1493 506 1699 582 jactare
1718 511 1943 582 cupient

489 577 629 643 Quid
652 585 820 651 autem
844 576 994 651 habgs
1174 593 1275 631 non
1296 578 1530 651 accepisti
1548 576 1599 647 (l
1618 576 1735 651 Cor.
1758 576 1830 645 tv,
1851 580 1944 651 7)?

359 650 481 719 Ipsa
508 662 641 719 ergo
668 647 831 701 donat
850 646 1080 719 undeilli
1106 649 1335 716 placeas.
1363 646 1593 719 Tantum
1619 647 1778 719 dilige
1800 646 1940 717 eam,

347 717 404 774 et
432 717 669 773 servabit
697 725 782 782 te;
814 717 1082 771 circumda
1114 732 1252 783 eam,
1273 726 1326 772 et
1352 717 1604 772 exaltabit
1631 725 1712 782 te;
1741 718 1942 773 honora

346 803 503 851 eam,
529 786 999 857 etamplexabitur
1026 795 1078 841 te
1109 805 1121 840 :
1154 794 1212 840 ut
1237 787 1327 842 det
1364 787 1524 857 capiti
1562 795 1652 841 tuo
1689 802 1942 843 coronam

347 859 644 928 gratiarum
676 856 865 928 (Prov.
890 872 963 923 tv,
1005 856 1081 926 9).
1128 856 1281 928 Clara
1317 866 1390 911 est
1432 856 1483 910 et
1524 873 1640 927 ante
1686 875 1945 927 nunquam

348 927 624 981 marcescat
652 927 902 997 sapientia
919 968 936 993 ,
968 936 1015 980 et
1041 927 1192 997 facile
1215 928 1464 981 invenitur
1500 929 1563 997 ab
1592 928 1671 981 his
1708 929 1794 997 qui
1823 929 1943 982 dili-

348 1007 478 1080 gunt
521 996 869 1080 ἤραρε-(Βίῳ.
909 1013 982 1078 vi,
1018 994 1142 1080 i5).
1182 997 1472 1080 Rroponite
1499 994 1943 1080 hancadjungere

346 1065 524 1130 vobis,
556 1068 611 1120 in
636 1065 782 1137 illam
806 1065 1163 1137 Suspirate,in
1185 1065 1328 1121 illam
1350 1066 1700 1133 exardescite,
1722 1065 1772 1121 in
1798 1065 1941 1122 illam

345 1137 615 1218 deperite.
657 1136 948 1218 Teuipsuj'n
988 1137 1192 1218 abnega
1238 1137 1329 1191 tibi
1352 1137 1582 1218 λης.ἰίιί
1619 1146 1671 1192 te
1707 1137 1943 1218 abneges

345 1204 479 1262 duiu
511 1208 691 1277 places
719 1204 834 1261 tibi.
870 1204 991 1277 Νοζι
1032 1204 1177 1261 habet
1218 1207 1606 1277 amaritudinem
1637 1204 1942 1263 conversatio

347 1277 491 1331 illius
513 1274 631 1346 ’(Ιά.
663 1275 917 1346 ιίιιλίϋ).
945 1274 1002 1331 Si
1028 1286 1290 1331 amatores
1316 1277 1464 1342 estis,
1494 1276 1632 1333 hanc
1658 1287 1864 1341 amate;
1895 1279 1942 1335 si

347 1345 575 1400 formesi
601 1346 749 1409 estis,
777 1345 888 1400 Deo
910 1346 1145 1415 placate;
1174 1348 1216 1400 si
1245 1347 1467 1415 juvenes
1496 1348 1646 1412 estis,
1674 1348 1941 1403 diabolum

348 1416 568 1486 vincite.
602 1415 788 1469 Daniel
815 1415 884 1486 ab
908 1416 1097 1486 angelo
1121 1417 1203 1471 vir
1227 1415 1616 1471 desideriorum
1648 1419 1943 1486 appellatus

347 1485 629 1558 est(Dan.
659 1485 857 1558 x,_ii).
889 1485 1018 1558 Quae
1043 1486 1152 1558 _illa
1185 1487 1302 1558 ejus
1334 1498 1486 1558 erant
1525 1485 1810 1553 desideria,
1840 1489 1942 1543 nisi

347 1555 611 1626 quibusin
630 1555 904 1626 sapientia:
921 1555 1363 1626 pulchritudinem
1388 1557 1637 1612 ardenter
1667 1557 1939 1624 inhiabat;

345 1622 475 1696 quia
501 1627 633 1698 etin
658 1622 882 1698 juvenili
903 1622 1059 1698 aetate
1078 1626 1302 1680 calcavit
1328 1627 1599 1698 lasciviam
1621 1669 1634 1692 ,
1667 1637 1720 1698 et
1758 1622 1940 1698 regum

343 1695 659 1822 siperbjam
690 1695 883 1765 pressit
908 1696 1175 1766 captivus,
1207 1704 1261 1751 e‘t
1290 1711 1381 1751 ora
1411 1696 1621 1751 leonum
1651 1695 1841 1753 clausit
1864 1698 1945 1752 in-

404 1780 533 1821 usus
1852 1786 1862 1797 -

404 1780 533 1821 usus
552 1780 576 1818 ἵ
1852 1786 1862 1797 ⁸

423 1835 480 1891 6.
509 1834 740 1890 Feminis
764 1835 913 1889 etiam
944 1836 1233 1906 junioribus
1261 1836 1394 1890 dicta
1417 1837 1732 1891 conveniunt.
1764 1835 1832 1890 In
1858 1854 1942 1891 ec-

348 1905 520 1960 clesiis
562 1922 665 1960 non
706 1921 759 1959 se
796 1905 1057 1959 ostentent.
1088 1906 1198 1960 Nec
1238 1922 1334 1961 vos
1354 1948 1367 1970 ,
1394 1907 1602 1961 femina:
1628 1906 1941 1962 adolescen-

349 1977 477 2030 tulae
500 2015 516 2040 ,
558 1977 792 2030 alienum
820 1991 849 2028 a
881 1976 1034 2030 vobis
1061 1976 1394 2031 arbitremini
1420 1977 1564 2031 hunc
1592 1991 1713 2031 esse
1740 1992 1943 2032 sermo.

350 2060 498 2116 nem.
516 2044 615 2116 AAd
644 2060 740 2100 vos
766 2045 906 2116 enim
928 2085 959 2116 ,ί
984 2061 1089 2099 non
1134 2055 1307 2100 tamen
1358 2055 1417 2100 ut
1458 2045 1776 2100 confundam
1803 2063 1895 2102 vos
1923 2089 1939 2116 ,

353 2115 473 2171 tunc
496 2114 640 2182 dico,
687 2114 783 2171 sed
831 2122 890 2169 ut
932 2115 1072 2168 ﬁlias
1113 2130 1260 2169 meas
1305 2116 1646 2173 charissimas
1690 2132 1882 2172 moneo
1924 2114 1937 2171 ὲ

346 2184 611 2256 juvenilia
648 2183 1135 2256 desideria__fugite.
1181 2184 1369 2253 Nuptae
1409 2184 1738 2256 Susannam,
1771 2187 1943 2242 viduae

352 2254 588 2318 Annam,
619 2255 857 2325 virgines
898 2254 1123 2325 Mariam,
1151 2256 1398 2324 cogitate.
1434 2254 1544 2311 Nec
1580 2257 1634 2309 in
1673 2257 1941 2325 publicum

353 2333 638 2395 propterea
667 2324 983 2393 procedatis,
1020 2335 1077 2378 ut
1104 2324 1292 2380 ﬂorem
1320 2326 1425 2379 feni
1453 2328 1614 2380 vestri
1644 2327 1813 2381 oculis
1841 2328 1941 2381 Ιιο-

354 2395 558 2450 minum
599 2403 870 2463 ostentare
909 2394 1203 2463 cupientes,
1243 2396 1299 2449 in
1340 2396 1500 2450 domo
1548 2395 1668 2449 vitae
1712 2408 1939 2451 mortem

353 2464 643 2535 quaeratis,
661 2462 838 2535 Omnis
876 2462 1018 2519 enim
1048 2480 1166 2535 cara
1194 2468 1392 2535 frenant,
1420 2474 1466 2518 et
1492 2465 1697 2535 claritas
1726 2466 1942 2520 hominis

354 2534 410 2587 ut
433 2535 589 2604 ﬂores
602 2534 742 2658 geni.
770 2534 904 2603 Quid
936 2550 1063 2606 ergo
1091 2534 1294 2590 facietis
1320 2551 1442 2589 cum
1481 2534 1660 2589 fenum
1701 2539 1900 2590 aruerit
1923 2578 1939 2602 ,

356 2603 455 2658 ﬂos
480 2604 599 2658 deci
641 2602 782 2658 erit?
818 2605 1048 2658 Verbum
1093 2614 1269 2658 autem
1311 2606 1555 2658 Domini.
1594 2605 1735 2658 uuod
1765 2612 1939 2658 manet

356 2602 455 2659 flos
480 2602 782 2673 deciderit?
818 2602 1048 2660 Verbum
1093 2614 1269 2659 autem
1311 2606 1555 2670 Domini,
1594 2605 1735 2673 quod
1765 2612 1945 2660 manet

354 2672 408 2746 in
433 2683 695 2729 aeternum
728 2672 880 2746 (Isai.
904 2690 988 2739 XL,
1013 2674 1153 2746 6-8),
1175 2677 1385 2730 cineres
1411 2672 1629 2730 vestros
1651 2692 1755 2729 non
1787 2675 1943 2731 facile

359 2744 700 2815 inventurum
739 2744 956 2814 putatis,
997 2745 1138 2815 quod
1168 2761 1309 2800 nunc
1338 2746 1575 2815 superba
1606 2746 1778 2801 aetatis
1812 2746 1941 2801 viri-

356 2813 521 2885 ditate
543 2815 925 2885 contemnitis?
948 2813 1083 2869 Ecce
1109 2816 1295 2868 iterum
1319 2813 1440 2869 dico
1459 2825 1617 2885 atque
1643 2823 1936 2883 contestor,

355 2883 612 2953 juvenilia
654 2883 919 2939 desideria
964 2884 1146 2955 fugite.
1192 2885 1246 2940 Si
1291 2885 1483 2940 auditis
1508 2883 1630 2949 hoc,
1663 2885 1707 2938 si
1738 2885 1945 2939 obtem-

357 2954 597 3023 peratis,
653 2954 700 3009 si
772 2954 1158 3023 tanquam’Dei
1205 2956 1422 3009 verbum
1466 2970 1588 3009 cum
1636 2955 1839 3009 honore
1890 2963 1945 3010 et

360 3024 552 3094 timore
575 3024 868 3094 suscipitis,
899 3040 1005 3078 non
1032 3025 1203 3078 solum
1231 3025 1435 3093 pulchri
1462 3033 1586 3079 ante
1613 3026 1796 3078 oculos
1824 3024 1940 3090 Dei,

357 3092 455 3148 sed
480 3095 639 3149 etiam
664 3092 782 3148 sani
809 3094 980 3148 eritis.
1013 3094 1071 3148 Si
1107 3092 1284 3149 autem
1324 3095 1389 3148 de
1431 3095 1529 3148 hac
1578 3094 1944 3151 admonitione

358 3171 539 3233 nostra
574 3163 737 3233 etiam
763 3163 916 3233 jocos
955 3161 1179 3233 fortasse
1204 3165 1492 3233 amatorios
1513 3162 1664 3216 vobis
1696 3162 1940 3233 faciatis;

356 3232 435 3304 de
473 3233 604 3304 ipsis
646 3228 982 3304 ferramentis
1023 3232 1213 3287 medici
1242 3232 1517 3287 mortifera
1544 3228 1943 3304 vobisvulnera

361 3302 628 3383 innisum.
661 3303 831 3383 _Certe
867 3302 1036 3383 tudini
1085 3304 1174 3383 qui
1231 3303 1509 3383 Dominum
1534 3302 1945 3383 .cruciﬁxerunt

358 3368 532 3445 [cuin
574 3372 840 3445 audimus,
877 3368 1244 3445 horrescimus
1270 3382 1325 3428 et
1351 3373 1546 3445 ingenti
1577 3373 1944 3445 exsecratione

358 3441 771 3525 prosequimur),
797 3441 889 3496 sed
923 3452 1096 3497 tamen
1127 3444 1199 3496 illi
1222 3441 1548 3525 cumdesua
1577 3443 1780 3525 luxnria
1799 3444 1945 3525 engi-

360 3512 956 3583 tareut;_deliciosorutn
987 3526 1233 3583 agrorum
1264 3512 1577 3583 solitudines
1613 3512 1943 3567 meditaban-

359 3591 446 3639 tur
460 3624 483 3654 ,ν
507 3575 750 3654 dicentes
780 3599 796 3636 :
830 3581 881 3636 Ν
886 3575 1048 3654 ιιιιιιηῖ
1076 3594 1277 3654 pratum
1304 3584 1369 3637 sit
1394 3582 1661 3654 quodnon
1684 3593 1943 3653 pertrans—

358 3663 441 3708 eat
467 3653 673 3725 tuguria
719 3662 893 3707 nostra
919 3652 1084 3725 (sap;
1103 3669 1160 3719 ιι,
1193 3653 1273 3722 8).
1305 3653 1582 3720 Quomodo
1607 3652 1735 3725 ergo
1763 3668 1945 3725 parce-

358 3732 440 3778 ret
466 3721 716 3789 Christo,
748 3724 791 3778 si
823 3721 943 3777 eum
988 3721 1278 3777 invenisset
1327 3725 1377 3775 in
1423 3732 1584 3789 terra,
1613 3721 1702 3792 qui
1730 3723 1943 3791 quidem

360 3807 465 3848 non
488 3793 724 3848 solitaria
751 3802 897 3862 prata
920 3794 1192 3846 irritandis
1223 3792 1530 3846 libidinibus
1557 3794 1686 3854 suis,
1716 3792 1808 3846 sed
1836 3793 1944 3847 fre-

359 3864 735 3935 quentissimas
760 3864 1013 3935 ecclesias
1034 3863 1198 3935 elegit
1224 3863 1494 3935 regnantis
1524 3863 1577 3916 in
1604 3863 1782 3935 cretei
1809 3863 1945 3935 Ecce

361 3932 928 4014 tet-tioncoutesturet
965 3932 1421 4014 dico,'de's‘ideria
1463 3932 1716 4014 juvenilia
1756 3932 1942 4002 fugite.

360 4002 592 4058 Danielis
635 4002 916 4058 desideriis
944 4012 1183 4059 azstuate.
1217 4002 1370 4069 Filii,
1401 4019 1430 4056 a
1456 4002 1730 4072 juventute
1771 4012 1945 4056 vestra

360 4072 537 4146 eligite
583 4073 906 4146 doctrinam,
953 4080 1201 4146 et_usque
1230 4072 1296 4127 ad
1325 4087 1488 4127 canos
1537 4073 1944 4146 invenietissa-

362 4143 611 4212 pieutiam
644 4143 832 4214 (Eccli.
861 4159 932 4209 vt,
962 4143 1077 4213 18).

798 4232 1026 4290 SEBMO
1062 4232 1326 4290 cccxcu
1350 4238 1368 4258 ·
1398 4231 1495 4306 (α).

892 4325 974 4378 Ad
993 4327 1290 4396 eonjugatos
1314 4324 1411 4397 (ὁ).

418 4413 654 4472 CAPUT
690 4412 979 4470 PRIMUM.
1022 4443 1096 4455 -—
1132 4416 1183 4469 1.
1219 4414 1408 4468 Mulier
1432 4423 1637 4468 curvata
1663 4413 1946 4485 symbolum

357 4506 552 4576 meris
575 4505 807 4559 Intumui.
833 4504 1144 4574 Apostolum
1161 4504 1458 4560 audivimus
1478 4505 1634 4559 nobis
1656 4505 1941 4570 dicentem,

358 4595 631 4668 Legatione
673 4599 933 4669 fungimur
960 4612 1054 4668 pro
1078 4597 1281 4652 Christo
1299 4637 1314 4660 ,
1362 4597 1681 4651 emhortantes
1717 4597 1944 4650 reconci-

356 4687 473 4742 liari
498 4687 609 4743 Deo
636 4687 721 4759 (ll
745 4687 865 4742 Cor.
893 4703 948 4755 v,
976 4687 1093 4760 ω).
1126 4688 1240 4742 Non
1271 4688 1645 4743 exhortaretur
1671 4696 1727 4742 ut
1750 4701 1944 4743 recon-

355 4779 700 4845 ciliarentur,
750 4779 852 4835 nisi
898 4780 1099 4835 inimici
1140 4780 1445 4835 fuissemus.
1486 4780 1631 4849 Ergo
1659 4787 1772 4834 erat
1804 4786 1944 4836 totus

357 4872 589 4927 mundus
620 4872 865 4927 inimicus
896 4872 1159 4929 Salvatori
1181 4911 1196 4937 ,
1227 4872 1430 4927 amicus
1461 4871 1776 4941 captivatori
1802 4889 1815 4924 :
1840 4870 1944 4925 hoc

354 4972 458 5030 aut,
500 4964 754 5019 inimicus
784 4964 913 5029 Deo,
945 4965 1149 5019 amicus
1175 4963 1407 5018 diabolo.
1454 4963 1520 5017 Et
1564 4971 1729 5017 totum
1772 4977 1943 5033 genus

417 5137 438 5159 ⁶
460 5136 755 5189 mandatus
789 5138 851 5189 ad
870 5137 994 5190 duos
1014 5137 1077 5190 el.
1101 5138 1163 5189 ad
1184 5150 1261 5202 gr.
1290 5137 1374 5201 ph.
1393 5150 1487 5188 rm.
1512 5150 1560 5188 v.
1587 5136 1716 5188 etad
1736 5143 1837 5189 Am.
1861 5143 1936 5188 Er.

357 5205 460 5250 γε.
484 5206 597 5249 Lov.

439 5261 492 5327 ᾳ)
527 5259 669 5327 Alias,
691 5260 755 5310 49
777 5260 1147 5327 internqmilias
1167 5259 1246 5311 56.
1548 5320 1560 5327 _
1731 5320 1740 5327 .

439 5320 490 5383 Ιι)
522 5326 575 5370 In
610 5325 948 5383 manuscriptls
982 5321 1118 5372 libris
1152 5321 1458 5383 Homiliarum
1478 5320 1829 5383 quinquaginta
1861 5320 1939 5371 ln-

350 5382 603 5441 sa'ibitur,
634 5401 657 5429 ι
678 5390 747 5433 De
763 5382 973 5434 muliere
994 5396 1159 5433 curva.
1185 5399 1208 5428 ι
1237 5390 1288 5431 ιιι
1303 5382 1422 5431 Flori
1445 5382 1607 5431 autem
1624 5382 1936 5441 Collectione,

354 5444 449 5511 adt
469 5451 576 5493 cor.
601 5458 684 5511 vn,
701 5443 1019 5511 appellatur}
1036 5452 1202 5493 sermo
1231 5442 1292 5511 ad
1313 5444 1625 5511 coniugatos:
1649 5457 1674 5486 ν
1698 5443 1769 5511 sic
1792 5444 1939 5511 etiam

359 5506 414 5554 in
436 5502 780 5556 venistissiuio'
807 5513 874 5556 Its
904 5506 1295 5558 I’himareoueusi
1334 5512 1387 5555 et
1403 5502 1516 5553 aliis
1536 5503 1795 5566 uoumtllis,
1824 5504 1940 5566 _qui—

356 5566 451 5616 bus
471 5567 520 5614 in
538 5567 784 5617 codicibus
803 5568 968 5627 incipit
989 5568 1049 5618 ad
1072 5567 1240 5617 isthmc
1262 5566 1440 5625 verba,
1467 5576 1573 5627 cap.
1597 5563 1704 5627 2,}
1737 5563 1936 5627 Audite,

362 5643 387 5674 ι
407 5627 675 5677 clarissimi
693 5662 711 5697 ,_
742 5644 769 5674 ι
798 5622 1152 5697 neehabeutur
1173 5640 1285 5697 quae
1324 5622 1604 5697 praesederit
1634 5622 1700 5674 de
1723 5622 1940 5697 mulieris

356 5701 519 5740 curvae
555 5691 827 5740 sanatione.
858 5696 924 5737 Ex
953 5689 1143 5739 duobus
1175 5687 1349 5739 saltem
1366 5687 1673 5737 sermonibus
1702 5698 1830 5736 unus
1843 5687 1939 5736 iste

359 5751 600 5799 conflatus
621 5758 735 5812 est,
756 5752 894 5812 cujus
931 5756 1097 5812 partes
1115 5750 1340 5800 dubitare
1364 5749 1443 5799 vix
1469 5746 1583 5798 licet
1612 5748 1732 5810 quin
1767 5758 1940 5799 omnes

358 5814 647 5868 pertineant
661 5810 721 5861 ad
744 5810 1071 5873 Augustinum.

1699 325 1927 382 SERMO
1963 327 2252 388 CCCXC“.

3495 350 3637 413 1710

2057 440 2371 516 humanum,
2404 453 2653 519 tanquam
2695 448 2794 505 ista
2840 454 3049 523 mulier,
3096 467 3371 516 curvatum
3417 471 3531 518 erat
3566 463 3636 522 ad

2053 539 2273 589 terram.
2302 535 2419 591 Jam
2450 537 2752 610 intelligens
2788 543 3000 611 quidam
3044 547 3287 605 inimicos
3326 551 3476 623 istos,
3527 557 3639 615 cla-

2052 633 2164 678 mat
2191 625 2446 682 adversus
2476 642 2592 698 eos,
2621 639 2675 685 et
2698 630 2826 686 dicit
2853 632 2965 690 Deo
2992 654 3007 693 :
3035 634 3377 697 Curvaverunt
3412 646 3635 705 animam

2051 730 2216 805 meum
2241 714 2410 789 (Psal.
2444 734 2550 785 LVI,
2592 722 2670 793 7).
2716 723 2969 782 Diabolus
3011 736 3065 784 et
3092 733 3264 803 angeli
3293 734 3410 805 ejus
3433 738 3639 796 animas

2052 803 2327 863 hominum
2369 822 2723 869 eurvaverunt
2759 816 2825 871 ad
2859 826 3046 888 terras,
3076 822 3129 878 id
3157 832 3258 893 est,
3290 803 3347 881 ut
3374 843 3558 898 prona:
3584 832 3637 887 in

2051 910 2112 950 ea
2141 913 2259 967 qua:
2289 903 2599 971 temporalia
2627 915 2750 960 sunt
2775 916 2829 962 et
2850 917 3081 979 terrena,
3101 928 3328 985 superna
3357 935 3462 973 non
3486 936 3637 990 qum-

2052 997 2254 1043 rerent.
2301 990 2432 1046 Nam
2475 995 2655 1064 utique
2701 997 2801 1053 hoc
2844 1000 2970 1057 dicit
3008 1005 3265 1062 Dominus
3303 1008 3372 1065 de
3413 1012 3637 1069 muliere

2052 1077 2153 1133 ista
2180 1121 2193 1144 ,
2242 1098 2400 1152 quam
2443 1086 2750 1156 alligaverat
2790 1101 3002 1149 satanas
3040 1112 3165 1153 ecce
3208 1099 3393 1156 decem
3433 1113 3486 1158 et
3513 1115 3638 1161 octo

2052 1173 2204 1265 annis
2234 1190 2247 1225 :
2279 1184 2329 1228 et
2355 1176 2464 1245 jam
2492 1182 2773 1248 oportebat
2799 1199 2918 1238 eam
2944 1187 3078 1243 solvi
3101 1204 3132 1243 a
3162 1192 3373 1249 vinculo
3414 1209 3547 1265 suo,
3581 1206 3637 1254 et

2050 1262 2183 1317 solvi
2213 1264 2265 1317 in
2292 1265 2378 1320 die
2404 1268 2629 1324 sabbati.
2659 1271 3129 1334 Calumniabantur
3156 1292 3334 1338 autem
3361 1262 3585 1358 erigeuti
3613 1328 3631 1356 ,

2051 1354 2162 1446 qui,
2192 1355 2293 1409 nisi
2322 1358 2470 1414 curvi
2501 1356 2649 1431 (Luc.
2682 1380 2797 1431 χιιι,
2841 1367 3079 1440 il-iﬁ)?
3114 1354 3550 1446 Quandoquidem
3580 1354 3637 1439 et

2050 1444 2165 1515 ipsa
2188 1462 2306 1516 qua:
2332 1448 2469 1505 Deus
2500 1466 2827 1525 praeceperat
2866 1474 2970 1514 non
3014 1444 3397 1534 intelligentes,
3422 1478 3637 1527 terreno

2050 1535 2213 1590 corde
2239 1537 2599 1597 intuebantur.
2621 1543 3021 1605 Sacramentum
3039 1553 3180 1608 enim
3204 1555 3459 1626 Baptismi
3483 1562 3498 1591 '
3517 1576 3637 1619 car-

2050 1627 2242 1682 naliter
2264 1631 2623 1699 celebrabant,
2652 1638 2996 1707 Spiritualiter
3016 1661 3119 1700 non
3139 1648 3403 1706 videbant.

2120 1716 2347 1813 CdPUT
2386 1722 2450 1777 ll.
2482 1754 2555 1766 --
2580 1724 2636 1780 2.
2683 1727 2996 1788 Concubinas
3022 1736 3205 1792 habere
3231 1756 3332 1796 non
3361 1744 3515 1813 licet;
3543 1763 3635 1804 nec

2050 1808 2314 1863 maritatas
2338 1827 2520 1868 uxores
2549 1816 2765 1884 ducere;
2794 1837 2884 1875 nec
2908 1838 2939 1875 α
2967 1827 3147 1881 marito
3177 1808 3633 1900 repudiatasiAu-

2050 1896 2178 1987 dite,
2208 1900 2526 1969 charissimi,
2559 1910 2795 1965 membra
2822 1911 3020 1970 Christi
3049 1926 3105 1973 et
3132 1896 3318 1976 matris
3346 1924 3635 1987 Catholicae

2048 1986 2164 2089 ﬁlii.
2376 1994 2498 2050 dico
2519 2003 2942 2069 competentibus
2963 2047 2978 2073 ,
3004 2007 3221 2065 audiant
3242 2013 3456 2083 ﬁdeles;
3489 2021 3634 2089 quod

2048 2078 2454 2183 dico-ﬁdelibus,-
2468 2090 2682 2183 audiant
2708 2108 3093 2168 competentes;
3116 2105 3256 2173 quod
3281 2107 3402 2164 dico
3419 2078 3637 2183 compe-

2050 2174 2281 2271 tentibus
2305 2187 2360 2232 et
2385 2178 2657 2249 ﬁdelibus,
2700 2188 2918 2243 audiant
2964 2195 3317 2265 paenitentes;
3344 2203 3485 2271 quod
3508 2174 3635 2262 dico

2049 2260 2293 2355 ﬁdelibus
2334 2276 2390 2321 et
2432 2275 2855 2341 competentibus
2875 2288 2927 2334 et
2951 2260 3378 2355 paenitentibus:
3416 2260 3636 2349 audiant

2049 2354 2439 2419 catechumeni,
2463 2361 2681 2417 audiant
2707 2379 2893 2422 omnes
2925 2387 2940 2423 :
2974 2387 3161 2430 omnes
3192 2377 3447 2446 timeant,
3474 2398 3634 2439 nemo

2049 2455 2373 2501 contemnat.
2402 2449 2483 2505 Sit
2511 2453 2639 2508 mihi
2667 2455 2717 2509 in
2744 2461 3157 2520 consolationem
3183 2479 3361 2524 vester
3387 2472 3596 2530 auditus
3615 2517 3631 2542 ,

2047 2549 2115 2634 ne
2159 2537 2228 2590 sit
2273 2538 2422 2594 vobis
2463 2542 2512 2595 in
2555 2545 2913 2605 testimonium
2940 2540 3094 2609 dolor
3122 2573 3289 2613 meus.
3316 2537 3638 2634 Competen;

2050 2623 2187 2680 tibtts
2216 2627 2357 2696 dico,
2388 2630 2661 2688 Fornicari
2690 2638 2841 2694 vobis
2876 2657 2983 2697 non
3012 2645 3156 2700 licet.
3184 2623 3464 2708 Sufﬁciani
3484 2656 3636 2712 vobis

2047 2724 2138 2768 aut
2166 2733 2359 2773 uxores
2384 2730 2475 2788 apt
2504 2739 2600 2778 nec
2630 2742 2827 2783 uxores
2859 2748 2872 2785 :
2902 2736 3224 2793 concubinas
3254 2743 3405 2797 vobis
3434 2743 3635 2803 habere

2048 2820 2154 2899 non
2181 2808 2323 2862 licet.
2376 2812 2571 2870 Audiat
2620 2817 2778 2886 Deus,
2823 2822 2870 2877 si
2914 2840 3008 2880 vos
3051 2830 3197 2883 surdi
3226 2834 3387 2899 estis;
3418 2837 3637 2895 audiant

2048 2897 2236 2968 Angeli
2283 2901 2418 2971 ejus,
2464 2905 2509 2959 si
2550 2922 2646 2962 vos
2693 2915 3054 2971 contemnitis.
3105 2897 3442 2980 Concubinas
3484 2929 3636 2986 vobis

2050 2987 2248 3078 habere
2278 3006 2384 3045 non
2414 2992 2557 3049 licet.
2588 2996 2723 3069 Etsi
2754 3017 2855 3057 non
2887 3002 3096 3060 habetis
3125 3025 3335 3078 uxores,
3374 3029 3479 3070 non
3511 3017 3638 3074 licet

2048 3076 2200 3174 vobis
2247 3078 2448 3137 habere
2488 3088 2845 3158 concubinas,
2878 3108 3008 3163 quas
3041 3108 3219 3166 postea
3248 3076 3545 3174 dimittatis,
3578 3118 3638 3164 ut

2048 3166 2255 3267 ducetis
2290 3187 2482 3227 uxores
2512 3176 2567 3240 ’ς
2608 3190 2806 3247 quanto
2836 3185 3002 3253 magis
3028 3186 3299 3245 damnatio
3326 3195 3476 3251 vobis
3500 3166 3632 3267 erit,

2048 3257 2092 3311 si
2139 3258 2336 3315 habere
2381 3264 2651 3320 volueritis
2681 3278 2732 3323 et
2761 3274 3086 3331 concubinas
3123 3288 3174 3333 et
3218 3296 3409 3337 uxores
3432 3284 3488 3339 ‘i
3515 3257 3634 3345 Noti

2048 3350 2198 3405 vobis
2252 3352 2374 3407 licet
2419 3355 2614 3411 habere
2656 3377 2888 3431 uxores,
2930 3382 3152 3435 quarum
3200 3373 3404 3440 priores
3455 3380 3635 3435 mariti

2049 3443 2231 3496 vivunt
2261 3461 2274 3495 :
2303 3460 2403 3499 nec
2430 3446 2599 3510 vobis,
2630 3450 2858 3517 feminae,
2889 3453 3086 3512 habere
3117 3460 3260 3517 viros
3287 3463 3412 3519 licet
3438 3507 3453 3532 ,
3498 3483 3635 3538 quo-

2049 3549 2164 3586 rum
2194 3535 2396 3604 priores
2422 3554 2615 3593 uxores
2640 3542 2839 3600 vivunt.
2872 3545 3177 3606 Adulterina
3222 3564 3347 3611 sunt
3371 3557 3469 3612 ista
3498 3535 3634 3616 cou-

2044 3624 2209 3695 jugia,
2244 3642 2346 3681 non
2380 3628 2500 3700 jure
2544 3631 2639 3687 lori
2660 3674 2675 3700 ,
2722 3636 2815 3690 sed
2849 3636 2970 3707 jure
2996 3642 3114 3697 caeli
3147 3641 3243 3718 (a).
3273 3644 3383 3703 Nec
3407 3664 3524 3705 eam
3549 3650 3633 3708 fe-

2050 3721 2248 3775 minam
2288 3739 2406 3791 quce
2457 3739 2553 3794 per
2588 3730 2867 3798 repudium
2908 3734 3152 3792 discessit
3195 3755 3226 3794 a
3271 3745 3483 3809 marito,
3511 3745 3637 3803 licet

2049 3812 2200 3865 Vobis
2227 3812 2424 3869 ducere
2465 3818 2587 3872 vivo
2626 3820 2836 3877 marito.
2879 3823 3056 3881 Solius
3082 3828 3445 3891 fornicationis
3472 3852 3632 3894 causa

2050 3901 2175 3956 licet
2221 3908 2453 3960 uxorem
2482 3908 2777 3964 adulteram
2821 3912 3090 3972 dimittere
3119 3936 3135 3974 :
3169 3921 3262 3974 sed
3292 3922 3381 3977 illa
3422 3913 3634 3983 vivente

2050 4010 2155 4049 non
2187 3996 2312 4051 licet
2335 3999 2554 4053 alterum
2582 4001 2797 4056 ducere.
2829 4004 2895 4057 Et
2924 4007 3093 4071 vobis,
3124 4008 3354 4077 feminm,
3387 4030 3486 4070 nec
3512 4017 3633 4074 illos

2049 4087 2193 4143 viros
2243 4104 2272 4143 a
2317 4089 2511 4159 quibus
2556 4106 2650 4160 per
2701 4095 2978 4162 repudium
3028 4097 3385 4158 discesserunt
3431 4121 3633 4163 uxores

2049 4192 2231 4232 eorum
2257 4219 2272 4247 ,
2315 4181 2532 4236 maritos
2569 4180 2764 4236 habere
2784 4184 3125 4253 conceditur;
3153 4204 3256 4244 non
3283 4192 3406 4247 licet
3432 4212 3449 4248 :
3475 4194 3631 4251 adul-

2052 4271 2180 4325 teria
2223 4279 2345 4326 sunt
2367 4313 2383 4339 ,
2435 4288 2539 4327 non
2581 4274 2843 4346 conjugia.
2873 4274 3239 4335 Contemnitnr
3263 4286 3588 4353 Augustinus
3611 4330 3629 4356 ,

2052 4362 2299 4417 timeatur
2342 4363 2426 4418 vel
2469 4363 2733 4419 Christus.
2778 4366 2952 4424 Nolite
2981 4368 3175 4427 imitari
3218 4374 3425 4429 turbam
3462 4377 3633 4435 malo-

2050 4469 2165 4507 rum
2190 4494 2207 4520 ,
2258 4453 2545 4511 inﬁdelium
2566 4497 2583 4522 ,
2638 4456 2729 4511 ﬁlii
2780 4460 2884 4514 mei
2920 4478 2934 4515 :
2964 4461 3126 4516 nolite
3155 4464 3305 4534 sequi
3335 4466 3446 4521 vias
3471 4467 3631 4539 latas,

2049 4560 2273 4615 quarum
2303 4545 2422 4601 ﬁnis
2443 4548 2506 4601 ad
2532 4549 2801 4604 interitum
2822 4549 2986 4606 ducit.
3005 4552 3104 4620 Qui
3128 4554 3421 4625 baptizatus
3446 4550 3628 4628 fuerit,

2048 4648 2140 4693 aut
2187 4640 2565 4694 continentiam
2611 4638 2723 4696 Deo
2771 4652 2979 4707 voveat,
3033 4653 3121 4700 aut
3168 4660 3479 4716 permaneat
3506 4667 3630 4710 cum

2048 4746 2216 4786 uxore
2240 4746 2355 4797 sua,
2384 4741 2475 4786 ant
2503 4733 2546 4786 si
2576 4747 2680 4787 non
2711 4732 2891 4798 habet,
2921 4735 3078 4791 ducat
3104 4754 3342 4796 uxorem.

2117 4821 2345 4877 CAPUT
2385 4820 2469 4875 lll.
2493 4853 2561 4862 —
2581 4823 2634 4878 5.
2678 4821 2979 4879 Ptenitentia
2999 4828 3060 4882 iis
3080 4830 3166 4897 qui
3190 4848 3221 4884 a
3242 4835 3486 4889 castitatis
3510 4854 3631 4906 pro-

2049 4916 2210 4985 posito
2260 4913 2391 4984 lapsi
2449 4922 2566 4966 sunt
2612 4914 2981 4984 amplectenda.
3048 4916 3262 4975 Publica
3313 4925 3625 4993 pwnitentia.

2050 5008 2317 5065 Theodosii
2341 5007 2651 5079 paenitentia.
2691 5008 2883 5064 Audite
2909 5026 3013 5075 tne,
3045 5011 3247 5077 ﬁdeles,
3278 5015 3328 5069 id
3350 5025 3432 5071 est
3458 5016 3630 5087 bapti-

2045 5105 2165 5160 zati.
2211 5102 2386 5170 Quare
2418 5098 2718 5154 moriemini
2739 5101 2848 5170 jam
2889 5103 3097 5161 renati?
3129 5104 3348 5172 Quando
3374 5107 3626 5177 baptizati

2046 5211 2139 5266 per
2169 5194 2280 5247 vias
2306 5201 2572 5246 tortuosas
2599 5200 2655 5245 et
2682 5191 2911 5247 lubricas
2947 5202 3001 5248 et
3042 5192 3339 5249 immundus
3368 5196 3478 5265 itis,
3524 5216 3623 5255 ne-

2042 5285 2188 5342 scitis
2234 5283 2356 5356 quia
2400 5283 2628 5356 peritis?
2664 5283 2874 5349 Peritis,
2922 5282 3014 5337 ﬁlii
3064 5283 3191 5353 mei,
3235 5287 3456 5344 credite.
3502 5289 3624 5361 Non

2045 5381 2205 5437 vultis
2233 5379 2454 5436 credere
2474 5378 2499 5433 τ
2522 5376 2661 5447 Quid
2688 5375 2837 5433 vobis
2856 5374 3028 5432 facio?
3055 5376 3155 5447 Qui
3182 5377 3370 5435 ﬁdeles
3388 5382 3543 5450 estis.
3568 5393 3623 5440 et

2107 5493 2428 5561 {tegendum
2471 5491 2682 5561 videtur,
3073 5555 3085 5561 _
3202 5549 3213 5561 _
3314 5549 3346 5561 Α,

2105 5548 2412 5619 «ιείονοιηηςεε
2432 5561 2538 5619 uss.
2564 5558 2621 5601 At.
2652 5548 2802 5612 editi,
2826 5563 2945 5612 quas
2981 5555 3145 5614 postea
3178 5549 3368 5604 ducetis
3407 5565 3620 5619 uxores;

2107 5681 2127 5711 ³
2144 5671 2291 5752 mliti,
2321 5682 2369 5728 et
2404 5688 2581 5727 uxores
2619 5671 2884 5726 dimittatis.
2930 5672 3078 5724 Abest
3093 5707 3109 5736 ,
3144 5671 3410 5740 ditttittatis,
3464 5691 3492 5726 ι
3522 5693 3624 5729 ma-

2042 5746 2315 5801 nuseriptts.

2109 5801 2180 5863 ta)
2213 5808 2365 5851 Serm.
2388 5798 2498 5858 355,
2518 5810 2570 5848 ιι.
2592 5798 2641 5850 5.
