3996 6180
362 266 491 321 ΠΗ

357 379 552 434 auditis
581 394 684 444 me,
716 379 760 434 si
802 378 936 435 forte
967 379 1086 435 talia
1113 378 1472 441 commisistis,
1517 378 1677 432 nolite
1705 375 1899 431 addere
1925 393 1938 440 ;

357 480 412 523 et
461 479 516 524 ut
563 469 711 525 vobis
743 471 881 524 Deus
925 454 1182 539 ignoscat,
1227 478 1396 524 orate.
1449 467 1504 522 Si
1551 484 1655 522 non
1703 469 1946 536 potuistis

285 594 292 598 -
358 563 578 628 habere,
606 563 691 618 vel
719 563 977 626 noluistis,
1007 562 1312 632 pudicitiam
1335 561 1666 630 coniugalem
1698 576 1790 614 seu
1815 575 1946 613 con-

361 654 656 719 tinentiam,
700 663 754 708 et
781 651 1027 708 deviastis
1056 668 1086 705 a
1117 653 1388 722 proposito
1417 652 1496 707 vel
1525 651 1719 704 vinculi
1756 651 1946 717 conju-

356 745 488 814 gulis
517 747 597 801 vel
641 745 844 800 devota-2
887 744 1226 798 continentia:
1258 744 1296 811 ²,
1329 743 1398 798 sit
1441 743 1492 797 in
1526 743 1672 796 vobis
1703 741 1853 795 dolor
1893 750 1948 795 et

359 834 632 890 humilitas
679 836 1023 905 paenitentia
1071 836 1320 904 Apertius
1366 834 1530 889 dico:
1563 847 1720 901 nemo
1767 831 1942 898 dicat,

358 924 473 979 Non
523 925 792 979 intellexi.
842 925 941 994 Qui
985 935 1103 995 post
1149 941 1340 980 uxores
1380 933 1587 978 vestras
1628 937 1723 977 vos
1763 922 1948 977 illicito

359 1015 640 1071 concubitu
677 1017 1001 1080 maculastis,
1036 1017 1077 1070 si
1120 1024 1312 1086 prceter
1352 1030 1546 1069 uxores
1584 1022 1788 1068 vestras
1825 1028 1946 1067 cum

360 1107 540 1175 aliqua
567 1105 925 1161 concubuistis
950 1124 961 1169 ;
993 1108 1130 1176 agite
1164 1106 1549 1175 paenitentiam,
1576 1105 1748 1174 qualis
1775 1103 1948 1173 agitur

363 1196 412 1250 in
459 1196 714 1262 Ecclesia,
749 1207 803 1250 ut
833 1205 948 1251 oret
993 1213 1087 1266 pro
1131 1197 1281 1254 vobis
1329 1197 1583 1251 Ecclesia.
1633 1194 1801 1249 Nemo
1846 1193 1946 1248 sibi

361 1288 520 1352 dir-at,
553 1289 769 1343 Occalte
796 1304 913 1359 ago,
962 1289 1100 1358 apud
1135 1290 1297 1342 Deum
1330 1287 1429 1358 ago
1457 1306 1470 1342 :
1518 1289 1662 1341 novit
1691 1289 1831 1342 Deus
1859 1286 1948 1356 qui

361 1381 488 1434 mihi
537 1382 795 1450 ignoscat,
842 1382 960 1450 quia
1006 1382 1056 1434 in
1101 1379 1262 1435 corde
1311 1394 1431 1434 meo
1476 1395 1594 1448 ago.
1647 1379 1785 1448 Ergo
1832 1379 1949 1431 sine

362 1485 516 1524 causa
546 1470 745 1525 dictum
775 1479 874 1536 est,
922 1471 1047 1534 Qua:
1077 1471 1320 1524 solveritis
1347 1471 1397 1523 in
1424 1480 1576 1535 terra,
1608 1470 1771 1523 soluta
1801 1476 1949 1520 erunt

360 1561 413 1614 in
443 1561 566 1615 cazlo
594 1562 802 1631 (Matth.
844 1577 998 1627 xvnt,
1032 1562 1164 1630 18)?
1197 1563 1334 1630 Ergo
1363 1561 1478 1616 sine
1505 1575 1663 1616 causa
1685 1570 1809 1614 sunt
1836 1560 1948 1613 cla-

360 1666 454 1704 ves
504 1651 640 1705 datu:
698 1652 951 1706 Ecclesiae
1001 1653 1090 1706 Dei
1113 1654 1135 1703 ?
1185 1652 1499 1705 frustratnus
1561 1650 1946 1718 Evangelium,

361 1740 677 1795 frustrantus
719 1742 879 1796 verba
923 1741 1162 1796 Christi?
1215 1741 1575 1794 Promittimus
1617 1740 1762 1793 vobis
1808 1738 1951 1808 quod

361 1831 451 1886 ille
482 1832 675 1900 negat?
705 1831 888 1886 Nonne
921 1847 1017 1886 vos
1044 1833 1338 1900 decipimus
1358 1832 1381 1882 ?
1409 1832 1508 1886 .lob
1552 1830 1700 1894 dicit,
1755 1830 1815 1883 Si
1837 1846 1951 1882 eru-

361 1922 446 1975 bui
467 1923 517 1976 in
538 1933 803 1993 conspectu
825 1925 999 1993 populi
1017 1924 1247 1992 conﬁteri
1271 1933 1473 1994 peccata
1492 1939 1601 1975 mea
1646 1920 1766 1993 (Job
1794 1937 1946 1986 xxzu,

361 2013 475 2083 ⁸55).
507 2013 652 2068 Talis
691 2014 887 2082 justus,
939 2015 1173 2069 thesauri
1213 2015 1380 2069 divini
1429 2015 1706 2084 obryzum,
1742 2012 1830 2066 tali
1861 2027 1951 2066 ea-

361 2104 508 2158 mino
536 2105 788 2173 probatus
815 2105 911 2159 ista
951 2105 1078 2159 dicit
1103 2124 1115 2171 ;
1151 2114 1202 2158 rt
1232 2106 1431 2158 resistit
1458 2104 1584 2157 mihi
1614 2105 1754 2156 filius
1785 2103 1952 2172 pesti-

362 2196 557 2260 lentim,
593 2205 645 2251 et
670 2197 938 2252 erubescit
975 2214 1108 2267 genu
1144 2198 1302 2266 figere
1329 2197 1427 2249 sub
1456 2195 1827 2251 benedictione
1858 2194 1952 2248 Dei

362 2289 588 2357 superba
619 2289 817 2352 cervix,
865 2303 1017 2342 mens
1049 2289 1328 2342 tortuosa?
1361 2288 1643 2348 Fortassis,
1679 2288 1786 2339 imo
1811 2285 1951 2355 quod

363 2393 472 2433 non
514 2379 803 2444 dubitatur,
837 2388 1116 2449 propterea
1164 2379 1302 2433 Deus
1328 2379 1495 2432 voluit
1539 2387 1595 2432 ut
1621 2377 1953 2432 Theodosius

365 2471 654 2539 imperator
681 2480 862 2540 ageret
890 2471 1251 2539 pmnitentiam
1284 2471 1548 2540 publicam
1579 2471 1632 2524 in
1664 2478 1954 2538 conspectu

367 2563 565 2632 pepuli,
594 2564 828 2617 maxime
849 2565 968 2632 quia
995 2571 1268 2633 peceatum
1299 2562 1413 2630 ejus
1440 2562 1600 2615 celari
1629 2577 1735 2614 non
1761 2561 1951 2631 potuit;

366 2663 420 2708 et
463 2655 729 2710 erubescit
773 2665 1010 2721 senator,
1061 2655 1199 2724 quod
1243 2669 1346 2707 non
1387 2655 1599 2708 erubuit
1628 2653 1954 2722 imperator?

366 2745 664 2812 Erubescit,
711 2761 809 2801 nec
849 2754 1094 2811 senator,
1142 2747 1238 2801 sed
1281 2755 1480 2798 tantum
1531 2745 1766 2809 curialis,
1815 2745 1955 2814 quod

366 2855 473 2892 non
503 2839 712 2893 erubuit
740 2839 1067 2908 imperatur?
1099 2839 1379 2892 Erubescit
1423 2838 1666 2908 plebeius
1708 2837 1819 2891 sive
1863 2852 1956 2891 ne-

365 2929 616 2998 gotiator,
643 2930 784 2999 quod
828 2945 932 2985 non
963 2931 1175 2986 erubuit
1216 2929 1548 3000 imperator?
1579 2930 1706 2997 Qua:
1733 2930 1830 2983 ista
1864 2944 1954 2982 Stt-

368 3022 550 3090 perbia
580 3023 698 3078 est?
743 3023 930 3082 Nonne
959 3025 1070 3080 sala
1119 3023 1391 3079 sufﬁceret
1419 3023 1698 3094 gehennae,
1745 3023 1955 3076 etiamsi

365 3112 684 3169 adulterium
714 3116 914 3170 nullum
942 3117 1124 3171 esset?

437 3203 666 3260 CAPUT
704 3206 794 3260 IV.
814 3207 954 3261 -λι,
1001 3207 1303 3263 Christiana:
1328 3209 1562 3264 mulieres
1589 3209 1838 3280 quomodo
1866 3224 1954 3261 ze—

368 3297 475 3352 lara
493 3296 705 3351 debeant
721 3299 854 3354 viros
882 3316 1020 3354 suos.
1045 3301 1344 3369 Postremo,
1375 3303 1565 3358 fratres
1592 3301 1717 3367 mei,
1737 3301 1957 3355 audiunt

354 3402 456 3443 me
483 3388 602 3456 viri,
644 3389 866 3445 audiunt
887 3406 976 3446 mc
1004 3390 1235 3456 feminae,
1263 3392 1388 3462 quid
1418 3392 1485 3447 ad
1515 3409 1600 3448 me
1631 3393 1956 3447 irascimini?

366 3477 583 3532 Utinam
613 3479 816 3534 faciatis
845 3481 986 3551 quod
1016 3482 1269 3552 scriptum
1298 3494 1400 3550 est,
1439 3481 1751 3548 Irascimini,
1787 3494 1833 3537 et
1865 3501 1956 3538 no—

368 3568 456 3620 lite
481 3584 686 3636 peccare
713 3568 882 3642 (Psal.
923 3587 999 3637 tv,
1032 3572 1107 3641 5).
1137 3572 1346 3627 Timere
1376 3572 1566 3639 debeo,
1595 3589 1662 3627 ne
1687 3574 1957 3644 contingat

367 3657 501 3712 mihi
545 3660 686 3728 quod
728 3661 952 3731 contigit
979 3663 1220 3731 apostolo
1262 3663 1447 3730 Paulo,
1479 3665 1620 3733 quod
1647 3665 1805 3720 modo
1833 3681 1953 3720 cum

361 3749 653 3819 tegeretur,
700 3751 746 3805 si
794 3751 982 3806 intenti
1026 3752 1217 3818 fuistis,
1250 3752 1512 3808 audistis:
1549 3755 1683 3827 Ergo
1720 3757 1954 3811 inimicus

367 3839 532 3903 factus
553 3840 821 3912 sunthvobis
848 3856 1015 3896 verum
1041 3843 1325 3912 praedicans
1359 3842 1557 3913 (Galat.
1601 3861 1676 3913 tv,
1722 3846 1846 3919 16)?
1889 3848 1956 3902 Et

366 3928 511 3982 ‘si-ita
537 3937 638 3996 est,
683 3931 792 3985 fiat.
813 3930 878 3988 Si
906 3946 1126 3988 necesse
1154 3941 1236 3988 est
1264 3942 1323 3988 ut
1347 3934 1593 3990 inimicus
1627 3936 1728 3990 sim
1760 3936 1908 3992 vobis
1932 3978 1946 4003 ,

367 4021 558 4077 melius
578 4023 730 4078 vobis
754 4032 879 4093 opto
906 4039 1047 4092 esse,
1068 4040 1225 4095 quam
1243 4025 1483 4095 juStitiae.
1510 4024 1838 4082 Commendo
1862 4043 1955 4084 vos

345 4112 744 4170 custodiendos
766 4116 925 4170 etiam
950 4116 1207 4171 uxoribus
1232 4116 1446 4171 vestris.
1481 4116 1627 4172 Filiae
1651 4133 1785 4174 mete
1804 4128 1948 4181 sunt,

357 4205 506 4259 sicut
528 4213 583 4260 et
606 4221 707 4262 vos
736 4205 829 4260 filii
857 4207 964 4262 mei
990 4209 1137 4263 estis.
1184 4207 1420 4263 Audiant
1443 4224 1527 4264 me
1557 4228 1571 4264 :
1599 4211 1773 4266 zelent
1807 4211 1953 4267 viros

365 4311 528 4363 suos;
569 4313 674 4352 non
705 4298 805 4352 sibi
844 4308 1060 4354 servent
1086 4315 1273 4354 vanam
1298 4300 1543 4370 gloriam,
1589 4318 1693 4371 qua
1719 4302 1893 4357 solent
1920 4318 1950 4357 a

369 4387 876 4461 maritis‘tmpudicis
898 4401 1156 4446 matrona:
1181 4392 1405 4458 laudari,
1428 4395 1549 4464 quia
1575 4394 1950 4463 impudicitiam

367 4479 604 4534 virorum
635 4494 852 4534 suorum
881 4495 1035 4551 atquo
1059 4481 1238 4536 animo
1280 4481 1476 4537 ferunt.
1509 4483 1640 4538 Nolo
1671 4485 1826 4539 talem
1852 4501 1950 4556 pa-

367 4569 605 4624 tientiam
633 4570 860 4626 habeant
879 4570 1186 4627 christiana;
1212 4573 1462 4628 mulieres
1492 4591 1504 4626 :
1536 4590 1753 4643 prorsus
1779 4577 1952 4633 zelent

367 4659 514 4713 viros
551 4675 715 4727 suos;
748 4676 851 4716 non
882 4671 1100 4733 propter
1139 4677 1356 4719 carnem
1387 4679 1559 4732 suam,
1601 4665 1694 4720 sed
1732 4679 1950 4736 propter

367 4748 573 4802 animus
614 4749 849 4804 illorum.
880 4751 1108 4806 Omnino
1147 4767 1247 4823 ego
1277 4768 1488 4820 moneo,
1517 4770 1616 4825 ego
1659 4758 1908 4827 praecipio
1930 4800 1946 4824 ,

360 4856 466 4911 ego
495 4841 657 4912 jubeo
687 4859 700 4896 :
731 4842 1014 4914 episcopus
1051 4844 1220 4914 jubet,
1269 4844 1512 4901 Christus
1560 4848 1614 4901 in
1655 4864 1742 4903 me
1775 4848 1946 4918 jubet.

367 4932 520 4988 Novit
543 4933 634 4989 ille
657 4934 710 4988 in
736 4934 886 5005 cujus
923 4945 1212 5006 conspectu
1248 4937 1400 4993 ardet
1425 4953 1520 4994 cor
1542 4955 1742 4995 meum.
1791 4941 1905 5010 Ego
1929 4984 1943 5008 ,

348 5023 598 5095 inquam,
627 5026 810 5095 iubeo.
842 5025 1015 5084 Nolite
1039 5029 1184 5084 viros
1207 5041 1414 5086 vestros
1441 5033 1747 5102 permittere
1777 5032 1945 5087 forni-

361 5116 493 5172 cari.
532 5116 872 5187 lnterpellate
901 5126 1084 5173 contra
1125 5119 1244 5174 illos
1283 5121 1598 5177 Ecclesium.
1644 5123 1759 5178 Non
1787 5123 1941 5190 dico,

353 5203 561 5271 judices
587 5205 846 5274 publicos,
865 5221 973 5262 non
995 5209 1388 5278 proconsulem,
1407 5227 1512 5266 non
1533 5212 1815 5282 vicarium,
1840 5231 1944 5269 non

353 5295 628 5360 comitem,
660 5312 766 5352 non
798 5299 1212 5368 imperatorem;
1257 5301 1351 5357 sed
1376 5303 1667 5358 Christum.
1700 5305 1756 5360 In
1785 5316 1946 5362 caete-

356 5384 430 5442 ris
457 5384 706 5442 omnibus
742 5387 948 5443 ancilla
977 5398 1148 5446 estote
1179 5391 1419 5446 virorum
1465 5403 1783 5462 vestrorum,
1813 5397 1943 5452 sub-

358 5471 484 5531 ditae
527 5474 595 5531 ad
623 5476 955 5550 obsequium.
995 5477 1150 5535 Nulla
1191 5481 1262 5536 sit
1288 5481 1345 5536 in
1389 5481 1539 5537 vobis
1585 5487 1900 5552 protervitas
1924 5531 1939 5556 ,

348 5583 789 5720 ,εαξη
813 5623 951 5677 vero,
973 5612 1048 5666 vel
1083 5612 1272 5668 vinculo
1308 5615 1566 5683 conjugali,
1589 5619 1662 5673 vel
1699 5622 1942 5677 devotione

1607 263 1660 321 S.
1704 258 2070 322 AUCUSTINI
2111 261 2406 321 EPISCOPI

3505 273 3639 333 (712

2053 375 2194 429 nulla
2226 377 2492 445 superbia,
2539 395 2641 434 non
2674 384 3060 439 contumeliosa
3090 385 3289 452 eervix,
3332 401 3439 440 non
3465 388 3637 458 aliqua

2055 465 2408 520 inohedientia
2439 487 2450 522 :
2482 486 2700 538 prorsus
2744 483 2993 545 tanquam
3035 477 3240 530 ancillae
3285 478 3501 532 scrvite.
3534 478 3638 534 Sed

2056 556 2142 608 ubi
2173 566 2387 610 ventum
2423 558 2580 613 fuerit
2629 561 2692 615 ad
2725 563 2848 616 illud
2889 567 3177 634 negotium,
3221 567 3308 621 ubi
3335 583 3429 622 vos
3455 570 3641 626 beatus

2055 648 2342 715 Apostolus
2369 653 2613 720 tequavit,
2645 653 2846 720 dicens,
2879 654 3039 709 Uxori
3075 659 3147 710 vir
3176 659 3397 712 debitum
3429 664 3602 714 rit/ttat
3622 703 3638 727 ,

2053 739 2284 792 similiter
2311 749 2353 792 et
2393 759 2518 795 uxor
2561 744 2664 797 viro
2681 763 2702 811 ;
2731 746 3027 811 subintulit,
3075 747 3217 802 Uxor
3250 767 3350 802 non
3377 749 3524 804 habet
3549 769 3639 820 po-

2054 836 2279 882 testalem
2308 831 2533 899 corporis
2560 834 2658 898 sui,
2691 834 2780 887 sed
2809 835 2901 888 vir.
2949 836 3084 903 Quid
3113 847 3163 891 te
3209 840 3462 894 extollis?
3506 842 3639 896 Audi

2055 921 2192 988 quod
2224 923 2462 990 sequitur
2488 941 2502 977 :
2538 923 2785 978 Similiter
2811 936 2858 980 et
2886 928 2959 980 vir
2985 945 3083 981 non
3121 928 3264 984 habet
3299 932 3525 1000 corporis
3562 932 3641 986 sui

2056 1023 2368 1082 potestatem,
2400 1015 2487 1068 sed
2527 1018 2704 1070 mulier
2734 1019 2787 1090 (l
2817 1019 2932 1073 Cor.
2971 1037 3062 1083 vn.
3094 1023 3146 1085 '5,
3177 1024 3210 1077 4
3233 1025 3270 1093 ).
3303 1023 3401 1080 Ubi
3443 1025 3509 1078 ad
3539 1025 3638 1089 hoc

2054 1114 2268 1160 ventum
2313 1107 2489 1173 fuerit,
2518 1109 2740 1165 clamate
2785 1128 2878 1181 pro
2906 1129 2963 1167 re
3005 1124 3198 1169 vestra.
3247 1117 3444 1171 Aurum
3489 1129 3636 1173 tuum

2055 1199 2232 1252 vendit
2275 1201 2494 1254 maritus
2538 1215 2636 1270 pro
2680 1204 2994 1259 necessitate
3038 1221 3131 1259 sua
3165 1223 3178 1260 :
3209 1206 3362 1272 ferto,
3403 1208 3634 1275 femina;

2057 1291 2210 1350 ferto.
2243 1292 2472 1356 ancilla;
2518 1293 2626 1346 noli
2672 1292 2896 1363 litigare,
2947 1297 3051 1349 noli
3084 1298 3468 1354 contradicere.
3500 1301 3633 1354 Con.

2057 1391 2285 1452 temptus
2327 1384 2440 1436 auri
2468 1384 2560 1448 tui,
2594 1384 2808 1439 dilectio
2835 1395 2916 1440 est
2946 1387 3044 1440 viri
3076 1388 3171 1441 tui.
3203 1388 3258 1444 Si
3287 1390 3464 1443 villam
3494 1400 3637 1444 tuam

2056 1489 2150 1542 pro
2178 1475 2491 1529 necessitate
2519 1490 2612 1530 sua
2643 1476 2854 1541 vendat,
2888 1493 3004 1546 qum
3034 1487 3114 1533 est
3143 1488 3197 1533 et
3225 1489 3310 1533 tua
3343 1479 3468 1549 (non
3495 1481 3637 1535 enim

2056 1574 2224 1632 potest
2255 1581 2372 1620 esse
2401 1567 2583 1634 ipsius,
2610 1584 2727 1636 qua:
2765 1581 2867 1621 non
2894 1569 2962 1622 sit
2989 1575 3075 1622 tua
3098 1611 3112 1635 ,
3143 1570 3186 1624 si
3217 1579 3299 1624 est
3323 1570 3555 1624 Charitas
3587 1571 3636 1627 in

2056 1667 2127 1723 te,
2159 1673 2274 1727 quae
2304 1658 2462 1712 debet
2505 1673 2624 1712 esse
2672 1659 2726 1712 in
2758 1657 2970 1729 uxore),
3014 1659 3150 1714 ferto
3189 1662 3482 1730 patienter;
3516 1671 3570 1716 et
3595 1664 3639 1718 si

2056 1748 2278 1812 dubitat,
2310 1758 2363 1803 tu
2405 1749 2536 1803 offer
2567 1767 2579 1802 :
2613 1760 2894 1804 contemne
2939 1753 3117 1804 omnia
3159 1763 3374 1821 prOpter
3403 1769 3638 1808 amorem

2055 1839 2154 1892 viri
2183 1841 2278 1893 tui.
2305 1839 2407 1894 Sed
2436 1850 2641 1895 castum
2667 1851 2812 1911 cpta,
2847 1858 2941 1911 pro
2968 1843 3210 1898 castitate
3239 1844 3401 1914 Iitiga.
3432 1845 3640 1900 Patien-

2058 1938 2138 1983 ter
2181 1939 2364 1999 pereat
2405 1931 2524 1984 villa
2568 1940 2690 1999 tua,
2733 1947 2840 1987 non
2887 1936 3062 1988 anima
3109 1934 3274 2004 ipsius
3320 1945 3369 1990 te
3412 1938 3640 2005 patiente

2058 2032 2257 2091 pereat.

2129 2113 2354 2169 CAPUT
2397 2114 2457 2166 V.
2483 2145 2552 2154 —-
2578 2116 2630 2170 5.
2674 2115 2839 2186 Caput
2874 2119 3098 2172 mulieris
3142 2119 3233 2172 vir.
3279 2119 3441 2173 Ducat
3467 2120 3547 2174 ltic
3588 2123 3638 2174 in

2058 2203 2262 2270 bommt,
2305 2206 2396 2257 illa
2423 2218 2679 2275 sequatur.
2711 2208 2822 2262 Non
2851 2207 2971 2262 dico
2997 2210 3141 2275 viris,
3173 2219 3230 2264 ut
3269 2212 3319 2264 in
3359 2211 3458 2265 hac
3481 2228 3640 2266 causa

2058 2297 2230 2350 zelent
2261 2312 2458 2352 uxores
2484 2313 2628 2352 suas.
2658 2299 2781 2354 Scio
2803 2301 2925 2369 quia
2953 2301 3167 2366 faciunt,
3188 2301 3328 2355 novi.
3359 2302 3487 2368 Quis
3506 2301 3642 2356 ferat

2059 2402 2277 2441 uxorem
2323 2387 2653 2443 adulteram?
2711 2391 2776 2443 Et
2819 2391 3110 2459 imperatur
3153 2391 3362 2446 feminze
3407 2401 3462 2445 ut
3509 2391 3642 2445 ferat

2059 2476 2354 2531 adulterum
2386 2477 2588 2535 virum!
2614 2479 2875 2548 Ojustitia
2902 2481 2914 2534 ι
2947 2481 3142 2548 Quare,
3173 2497 3301 2551 rogo
3328 2483 3417 2537 te?
3437 2481 3641 2550 quare?

2059 2567 2190 2635 Quia
2231 2584 2328 2639 ego
2363 2585 2479 2623 sum
2510 2570 2609 2624 vir.
2648 2570 2743 2624 Vir
2771 2571 2871 2625 es?
2902 2572 2952 2624 in
2985 2572 3289 2625 fortitudine
3317 2580 3402 2626 tua
3449 2570 3641 2639 probe-

2061 2676 2199 2725 mus,
2227 2662 2345 2729 quia
2384 2662 2462 2714 vir
2490 2675 2567 2715 es.
2614 2660 2706 2714 Vir
2735 2662 2829 2714 es?
2855 2663 3005 2715 vince
3040 2661 3332 2715 libidinem.
3363 2662 3643 2728 Quomodo

2060 2752 2159 2815 vir,
2184 2769 2289 2821 quo
2320 2768 2452 2806 uxor
2477 2762 2558 2806 est
2597 2753 2823 2808 fortior?
2860 2752 2937 2806 Tu
2973 2768 3032 2808 es
3057 2763 3212 2822 caput
3244 2754 3502 2822 mulieris,
3527 2755 3607 2808 vir
3625 2797 3638 2817 ,

2061 2857 2242 2895 verum
2270 2852 2368 2896 est.
2417 2843 2472 2896 Si
2513 2851 2668 2912 caput
2694 2851 2796 2908 est,
2829 2842 3006 2909 ducat,
3050 2858 3184 2897 uxor
3213 2852 3484 2912 sequatur.
3536 2843 3641 2898 Sed

2062 2934 2149 2986 ubi
2177 2945 2317 2988 recta
2342 2943 2423 2988 est
2448 2933 2656 2998 domus,
2683 2943 2842 3003 caput
2875 2935 3112 2989 mulieris
3135 2935 3234 2987 vir.
3269 2935 3325 2988 Si
3351 2943 3510 3003 caput
3548 2949 3604 2988 es
3623 2975 3639 3000 ,

2060 3023 2163 3077 duc
2197 3033 2488 3093 :sequatur
2529 3024 2615 3078 illa
2658 3033 2816 3093 caput
2853 3040 3026 3079 suum.
3071 3024 3174 3080 Sed
3221 3024 3341 3079 vide
3381 3039 3485 3093 quo
3527 3040 3640 3080 eas.

2059 3113 2176 3168 Noli
2227 3115 2302 3169 ire
2329 3129 2435 3184 quo
2460 3130 2565 3168 non
2596 3115 2673 3168 vis
2702 3122 2759 3168 ut
2797 3122 3049 3184 sequatur
3072 3132 3091 3166 ε»
3118 3115 3224 3168 noli
3254 3114 3329 3168 ire
3359 3129 3464 3184 quo
3491 3115 3643 3169 times

2061 3206 2453 3276 pedissequam,
2489 3221 2554 3260 ne
2585 3207 2634 3258 in
2665 3207 2870 3260 foveam
2899 3205 3141 3260 adulterii
3171 3207 3324 3260 simul
3349 3207 3510 3261 ruatis
3540 3224 3552 3258 :
3579 3222 3644 3262 ne

2061 3312 2180 3351 eum
2207 3304 2262 3350 tu
2287 3296 2433 3361 facis,
2467 3297 2663 3352 doceas
2690 3296 2830 3365 quod
2856 3295 2984 3350 facis
3015 3295 3113 3366 (a).
3146 3296 3297 3350 Dolet
3324 3297 3413 3350 tibi
3444 3298 3639 3363 anima,

2061 3386 2106 3440 si
2133 3386 2186 3440 in
2216 3386 2419 3440 foveam
2455 3386 2697 3440 adulterii
2723 3386 2878 3441 ambo
2903 3385 3060 3441 simul
3090 3385 3254 3439 ruatis
3283 3403 3295 3438 :
3327 3385 3506 3440 doleat
3529 3387 3640 3453 tibi,

2061 3479 2104 3533 si
2138 3489 2189 3533 tu
2215 3480 2358 3534 solus
2393 3495 2535 3534 ruas.
2565 3478 2742 3547 Zelus,
2775 3494 2880 3534 non
2903 3480 2984 3533 vis
3010 3487 3070 3533 ut
3097 3487 3215 3533 ruat
3240 3479 3326 3533 illa
3362 3495 3374 3531 :
3411 3478 3556 3560 time,
3589 3491 3643 3532 tu

2060 3571 2170 3624 noli
2195 3586 2368 3624 ruere.
2398 3570 2569 3626 Nolite
2589 3579 2788 3638 autem,
2816 3569 3170 3640 pudicissima:
3195 3569 3424 3634 feminae,
3448 3567 3640 3622 imitari

2061 3659 2357 3730 impudicos
2376 3661 2518 3715 viros
2543 3670 2770 3715 vestros.
2803 3659 2957 3714 Absit
2981 3675 3012 3714 a
3044 3659 3210 3714 vobis.
3240 3660 3345 3714 Aut
3369 3659 3642 3714 vobiscum

2059 3753 2259 3819 vivant,
2306 3763 2396 3806 aut
2422 3753 2520 3808 soli
2551 3761 2788 3821 pereant.
2819 3751 3090 3820 lmpudico
3127 3753 3320 3806 marito
3347 3768 3451 3807 non
3481 3751 3642 3806 debet

2061 3843 2250 3896 mulier
2273 3841 2600 3911 pudicitiam,
2625 3840 2719 3894 sed
2747 3841 2859 3894 Deo
2887 3841 3030 3893 illam
3058 3839 3234 3906 debet,
3260 3841 3472 3896 Christo
3502 3842 3640 3894 illam

2059 3932 2235 3988 debet.
2263 3932 2378 3986 Non
2406 3939 2622 4000 propter
2647 3931 2792 3985 illum
2815 3929 2989 3995 faciat,
3018 3931 3106 4000 qui
3131 3947 3234 3985 non
3259 3943 3525 3998 meretur;
3549 3936 3640 3988 sed

2059 4031 2275 4093 pr0pter
2312 4020 2576 4077 Christum
2607 4019 2785 4078 faciat.
2817 4021 3049 4076 Pretium
3079 4037 3231 4075 suum
3271 4023 3528 4089 attendat,
3561 4033 3637 4078 ta-

2058 4113 2208 4167 bulas
2251 4127 2374 4167 suas
2418 4112 2577 4183 legat.
2628 4113 2905 4180 Postremo
2943 4111 3084 4181 quod
3125 4111 3254 4167 libet
3295 4113 3508 4178 sentiat,
3551 4114 3641 4183 qui

2057 4203 2193 4257 forte
2221 4203 2541 4274 indignatur,
2591 4205 2712 4274 quia
2763 4203 2885 4258 talia
2931 4204 3144 4273 diSputo
3175 4221 3190 4258 :
3223 4219 3343 4257 nam
3374 4205 3507 4271 scio,
3550 4206 3641 4276 qui

2057 4297 2290 4365 sapiunt,
2319 4304 2499 4350 ainant
2519 4295 2639 4350 inde
2657 4311 2741 4349 me
2761 4311 2775 4359 ;
2803 4295 2926 4364 quia
2949 4309 3053 4349 non
3077 4295 3194 4349 sine
3209 4309 3365 4349 causa
3383 4296 3638 4366 scriptum

2056 4397 2157 4454 est,
2177 4385 2385 4454 Corripe
2402 4386 2695 4456 sapientem,
2716 4395 2763 4439 et
2781 4385 2968 4439 amabit
2984 4395 3066 4450 te;
3087 4386 3281 4456 corripe
3300 4386 3636 4457 insipientem,

2054 4489 2100 4532 et
2125 4479 2331 4550 adjiciat
2365 4478 2529 4532 odisse
2555 4488 2601 4532 te
2630 4476 2809 4547 (Prov.
2837 4494 2917 4542 ιι,
2945 4475 3023 4551 8).
3055 4477 3169 4532 Non
3197 4478 3348 4556 dixit,
3381 4478 3634 4549 lncipiet;

2055 4569 2169 4634 sed,
2197 4571 2400 4639 adjiciet
2428 4585 2446 4624 :
2469 4569 2589 4639 quia
2614 4569 2724 4638 jam
2751 4569 2954 4625 oderat.
2983 4569 3127 4639 Ergo
3151 4569 3263 4624 scio
3283 4570 3402 4640 quia
3429 4571 3636 4640 sapien-

2055 4670 2136 4717 tes
2163 4671 2342 4716 amant
2369 4677 2454 4716 me
2484 4663 2536 4716 in
2575 4661 2696 4716 hoc.
2741 4662 2787 4716 A
2824 4661 3197 4716 communione
3223 4676 3282 4716 se
3310 4661 3594 4718 cobibeant
3623 4706 3633 4731 ε

2055 4755 2144 4823 qui
2169 4754 2343 4808 sciunt
2368 4753 2489 4824 quia
2511 4753 2633 4808 novi
2659 4764 2874 4824 peccata
2897 4754 3168 4824 ipsorum;
3200 4769 3266 4808 ne
3291 4752 3359 4808 de
3388 4756 3636 4809 cancellis

2055 4845 2421 4914 proiiciantur.
2465 4843 2702 4910 Quorum
2729 4853 2909 4900 autem
2953 4828 3153 4909 nescio,
3176 4843 3292 4915 .hos
3321 4859 3501 4899 coram
3531 4845 3634 4900 Deo

2053 4937 2335 4992 convenio.
2368 4937 2536 5006 Agunt
2564 4937 2722 4992 etiam
2749 4937 2848 5006 ipsi
2879 4936 3265 5006 paenitentiam,
3304 4945 3358 4992 et
3387 4936 3639 5007 deinceps

2052 5028 2119 5081 ab
2149 5027 2478 5081 itnmunditia
2507 5027 2806 5082 abstineant
2829 5028 3230 5082 fornicationum
3257 5042 3493 5083 suarum.

2123 5118 2348 5173 CAPUT
2389 5117 2475 5170 Vl.
2497 5147 2570 5156 —
2585 5117 2636 5171 6.
2664 5116 2969 5172 Paenitentes
2989 5127 3262 5173 mutentur.
3283 5117 3640 5174 Catecltumeni

2051 5210 2308 5263 imitentur
2349 5207 2502 5262 bonos
2531 5209 2593 5261 de
2636 5207 2882 5265 Ecclesia.
2913 5209 3298 5266 Ptenitentibus
3323 5211 3444 5266 dico
3471 5230 3485 5264 :
3511 5213 3636 5282 quid

2050 5301 2300 5371 estquod
2341 5300 2537 5369 agitis?
2580 5299 2801 5368 Scitote,
2844 5301 2973 5356 nihil
3015 5303 3190 5372 agitis.
3237 5303 3373 5368 Quid
3422 5305 3640 5372 prodest

2049 5393 2171 5462 quia
2217 5389 2584 5457 humiliamini,
2632 5391 2676 5445 si
2717 5406 2822 5446 non
2869 5393 3188 5447 mutamini?
3228 5392 3637 5449 Catechumenis

2048 5485 2169 5541 dico
2191 5502 2203 5537 :
2223 5481 2549 5538 exardescite
2575 5482 2848 5539 voluntate
2879 5485 2945 5540 ad
2969 5485 3363 5554 percipiendam
3386 5485 3635 5555 gratiam.

2048 5575 2155 5633 Sed
2189 5575 2368 5645 eligite
2393 5573 2543 5628 vobis
2567 5573 2618 5628 in
2661 5572 2901 5630 Ecclesia
2944 5575 3038 5632 Dei
3067 5590 3202 5648 quos
3230 5574 3531 5633 imitemini.
3578 5575 3636 5633 Si

2111 5687 2182 5750 (a)
2215 5693 2367 5737 Serm.
2397 5685 2502 5748 132,
2525 5697 2630 5748 cap.
2656 5682 2706 5748 2,
2730 5697 2780 5734 u.
2802 5682 2850 5737 2»
