  <div class='ocr_page' id='page_1' title='image "/cluster/home/n/w/nwhite01/storage/ocr_20150623/39/hvd.32044096580618/120.png"; bbox 0 0 4036 6188; ppageno 0'>
   <div class='ocr_carea' id='block_1_1' title="bbox 369 367 511 424">
    <p class='ocr_par' dir='ltr' id='par_1_1' title="bbox 369 367 511 424">
     <span class='ocr_line' id='line_1_1' title="bbox 369 367 511 424; baseline 0.028 -4"><span class='ocrx_word' id='word_1_1' title='bbox 369 367 511 424; x_wconf 74' lang='grc' dir='ltr'><strong>Πίό</strong></span> 
     </span>
    </p>
   </div>
   <div class='ocr_carea' id='block_1_2' title="bbox 367 481 1946 555">
    <p class='ocr_par' dir='ltr' id='par_1_2' title="bbox 367 481 1946 555">
     <span class='ocr_line' id='line_1_2' title="bbox 367 481 1946 555; baseline 0.002 -17"><span class='ocrx_word' id='word_1_2' title='bbox 367 499 474 538; x_wconf 84' lang='lat' dir='ltr'><strong>non</strong></span> <span class='ocrx_word' id='word_1_3' title='bbox 501 483 816 538; x_wconf 73' lang='lat' dir='ltr'><strong>inveneritis</strong></span> <span class='ocrx_word' id='word_1_4' title='bbox 843 499 858 537; x_wconf 87' lang='lat'><strong>:</strong></span> <span class='ocrx_word' id='word_1_5' title='bbox 885 485 990 537; x_wconf 87' lang='lat' dir='ltr'><strong>heu</strong></span> <span class='ocrx_word' id='word_1_6' title='bbox 1008 482 1157 544; x_wconf 87' lang='lat' dir='ltr'><strong>mihi,</strong></span> <span class='ocrx_word' id='word_1_7' title='bbox 1183 481 1325 537; x_wconf 90' lang='lat' dir='ltr'><strong>Deus</strong></span> <span class='ocrx_word' id='word_1_8' title='bbox 1341 485 1521 538; x_wconf 84' lang='lat' dir='ltr'><strong>meus!</strong></span> <span class='ocrx_word' id='word_1_9' title='bbox 1554 484 1678 554; x_wconf 86' lang='lat' dir='ltr'><strong>quid</strong></span> <span class='ocrx_word' id='word_1_10' title='bbox 1699 494 1782 540; x_wconf 87' lang='lat' dir='ltr'><strong>est</strong></span> <span class='ocrx_word' id='word_1_11' title='bbox 1806 487 1946 555; x_wconf 84' lang='lat' dir='ltr'><strong>quod</strong></span> 
     </span>
    </p>
   </div>
   <div class='ocr_carea' id='block_1_3' title="bbox 364 572 1952 646">
    <p class='ocr_par' dir='ltr' id='par_1_3' title="bbox 364 572 1952 646">
     <span class='ocr_line' id='line_1_3' title="bbox 364 572 1952 646; baseline 0.003 -16"><span class='ocrx_word' id='word_1_12' title='bbox 364 575 512 640; x_wconf 84' lang='lat' dir='ltr'><strong>dico,</strong></span> <span class='ocrx_word' id='word_1_13' title='bbox 540 572 598 630; x_wconf 90' lang='lat' dir='ltr'><strong>Si</strong></span> <span class='ocrx_word' id='word_1_14' title='bbox 623 589 731 628; x_wconf 87' lang='lat' dir='ltr'><strong>non</strong></span> <span class='ocrx_word' id='word_1_15' title='bbox 760 575 1107 629; x_wconf 77' lang='lat' dir='ltr'><strong>inveneritis?</strong></span> <span class='ocrx_word' id='word_1_16' title='bbox 1134 575 1272 644; x_wconf 85' lang='lat' dir='ltr'><strong>Ergo</strong></span> <span class='ocrx_word' id='word_1_17' title='bbox 1295 575 1348 629; x_wconf 92' lang='lat' dir='ltr'><strong>in</strong></span> <span class='ocrx_word' id='word_1_18' title='bbox 1379 577 1568 646; x_wconf 90' lang='lat' dir='ltr'><strong>populo</strong></span> <span class='ocrx_word' id='word_1_19' title='bbox 1592 576 1822 632; x_wconf 78' lang='lat' dir='ltr'><strong>fidelium</strong></span> <span class='ocrx_word' id='word_1_20' title='bbox 1848 595 1952 634; x_wconf 92' lang='lat' dir='ltr'><strong>non</strong></span> 
     </span>
    </p>
   </div>
   <div class='ocr_carea' id='block_1_4' title="bbox 367 663 1955 733">
    <p class='ocr_par' dir='ltr' id='par_1_4' title="bbox 367 663 1955 733">
     <span class='ocr_line' id='line_1_4' title="bbox 367 663 1955 733; baseline 0.004 -13"><span class='ocrx_word' id='word_1_21' title='bbox 367 673 452 720; x_wconf 90' lang='lat' dir='ltr'><strong>est</strong></span> <span class='ocrx_word' id='word_1_22' title='bbox 479 679 634 733; x_wconf 88' lang='lat' dir='ltr'><strong>quem</strong></span> <span class='ocrx_word' id='word_1_23' title='bbox 659 663 980 718; x_wconf 77' lang='lat' dir='ltr'><strong>inveniatis?</strong></span> <span class='ocrx_word' id='word_1_24' title='bbox 1005 665 1108 719; x_wconf 92' lang='lat' dir='ltr'><strong>Per</strong></span> <span class='ocrx_word' id='word_1_25' title='bbox 1138 673 1213 719; x_wconf 90' lang='lat' dir='ltr'><strong>tot</strong></span> <span class='ocrx_word' id='word_1_26' title='bbox 1238 679 1426 732; x_wconf 88' lang='lat' dir='ltr'><strong>annos,</strong></span> <span class='ocrx_word' id='word_1_27' title='bbox 1456 675 1528 720; x_wconf 90' lang='lat' dir='ltr'><strong>tot</strong></span> <span class='ocrx_word' id='word_1_28' title='bbox 1557 666 1802 722; x_wconf 86' lang='lat' dir='ltr'><strong>homines</strong></span> <span class='ocrx_word' id='word_1_29' title='bbox 1841 670 1955 726; x_wconf 86' lang='lat' dir='ltr'><strong>sine</strong></span> 
     </span>
    </p>
   </div>
   <div class='ocr_carea' id='block_1_5' title="bbox 365 754 1952 830">
    <p class='ocr_par' dir='ltr' id='par_1_5' title="bbox 365 754 1952 830">
     <span class='ocr_line' id='line_1_5' title="bbox 365 754 1952 830; baseline 0.004 -20"><span class='ocrx_word' id='word_1_30' title='bbox 365 771 528 810; x_wconf 89' lang='lat' dir='ltr'><strong>causa</strong></span> <span class='ocrx_word' id='word_1_31' title='bbox 555 754 960 824; x_wconf 81' lang='lat' dir='ltr'><strong>baptizavimus,</strong></span> <span class='ocrx_word' id='word_1_32' title='bbox 993 755 1038 810; x_wconf 88' lang='lat' dir='ltr'><strong>si</strong></span> <span class='ocrx_word' id='word_1_33' title='bbox 1064 771 1168 810; x_wconf 90' lang='lat' dir='ltr'><strong>non</strong></span> <span class='ocrx_word' id='word_1_34' title='bbox 1201 757 1270 810; x_wconf 90' lang='lat' dir='ltr'><strong>ibi</strong></span> <span class='ocrx_word' id='word_1_35' title='bbox 1303 765 1426 812; x_wconf 90' lang='lat' dir='ltr'><strong>sunt</strong></span> <span class='ocrx_word' id='word_1_36' title='bbox 1453 758 1541 826; x_wconf 92' lang='lat' dir='ltr'><strong>qui</strong></span> <span class='ocrx_word' id='word_1_37' title='bbox 1569 769 1784 814; x_wconf 89' lang='lat' dir='ltr'><strong>servent</strong></span> <span class='ocrx_word' id='word_1_38' title='bbox 1811 762 1952 830; x_wconf 89' lang='lat' dir='ltr'><strong>quod</strong></span> 
     </span>
    </p>
   </div>
   <div class='ocr_carea' id='block_1_6' title="bbox 363 845 1958 916">
    <p class='ocr_par' dir='ltr' id='par_1_6' title="bbox 363 845 1958 916">
     <span class='ocr_line' id='line_1_6' title="bbox 363 845 1958 916; baseline 0.005 -18"><span class='ocrx_word' id='word_1_39' title='bbox 363 853 708 915; x_wconf 84' lang='lat' dir='ltr'><strong>acceperunt,</strong></span> <span class='ocrx_word' id='word_1_40' title='bbox 731 845 822 914; x_wconf 88' lang='lat' dir='ltr'><strong>qui</strong></span> <span class='ocrx_word' id='word_1_41' title='bbox 843 845 1144 900; x_wconf 78' lang='lat' dir='ltr'><strong>custodiant</strong></span> <span class='ocrx_word' id='word_1_42' title='bbox 1172 846 1310 916; x_wconf 92' lang='lat' dir='ltr'><strong>quod</strong></span> <span class='ocrx_word' id='word_1_43' title='bbox 1329 847 1627 901; x_wconf 88' lang='lat' dir='ltr'><strong>audierunt.</strong></span> <span class='ocrx_word' id='word_1_44' title='bbox 1655 849 1806 904; x_wconf 82' lang='lat' dir='ltr'><strong>Absit</strong></span> <span class='ocrx_word' id='word_1_45' title='bbox 1822 865 1849 901; x_wconf 92' lang='lat' dir='ltr'><strong>a</strong></span> <span class='ocrx_word' id='word_1_46' title='bbox 1873 866 1958 906; x_wconf 90' lang='lat' dir='ltr'><strong>me</strong></span> 
     </span>
    </p>
   </div>
   <div class='ocr_carea' id='block_1_7' title="bbox 366 935 1948 1011">
    <p class='ocr_par' dir='ltr' id='par_1_7' title="bbox 366 935 1948 1011">
     <span class='ocr_line' id='line_1_7' title="bbox 366 935 1948 1011; baseline 0.003 -21"><span class='ocrx_word' id='word_1_47' title='bbox 366 944 428 992; x_wconf 83' lang='lat' dir='ltr'><strong>ut</strong></span> <span class='ocrx_word' id='word_1_48' title='bbox 456 938 558 992; x_wconf 83' lang='lat' dir='ltr'><strong>hoc</strong></span> <span class='ocrx_word' id='word_1_49' title='bbox 582 935 818 991; x_wconf 82' lang='lat' dir='ltr'><strong>credam.</strong></span> <span class='ocrx_word' id='word_1_50' title='bbox 852 937 1041 992; x_wconf 84' lang='lat' dir='ltr'><strong>Melius</strong></span> <span class='ocrx_word' id='word_1_51' title='bbox 1077 953 1181 992; x_wconf 91' lang='lat' dir='ltr'><strong>non</strong></span> <span class='ocrx_word' id='word_1_52' title='bbox 1231 939 1380 993; x_wconf 84' lang='lat' dir='ltr'><strong>vobis</strong></span> <span class='ocrx_word' id='word_1_53' title='bbox 1429 954 1602 993; x_wconf 89' lang='lat' dir='ltr'><strong>essem</strong></span> <span class='ocrx_word' id='word_1_54' title='bbox 1647 941 1948 1011; x_wconf 73' lang='lat' dir='ltr'><strong>episcopus,</strong></span> 
     </span>
    </p>
   </div>
   <div class='ocr_carea' id='block_1_8' title="bbox 363 1027 1958 1098">
    <p class='ocr_par' dir='ltr' id='par_1_8' title="bbox 363 1027 1958 1098">
     <span class='ocr_line' id='line_1_8' title="bbox 363 1027 1958 1098; baseline 0.005 -16"><span class='ocrx_word' id='word_1_55' title='bbox 363 1029 410 1082; x_wconf 90' lang='lat' dir='ltr'><strong>si</strong></span> <span class='ocrx_word' id='word_1_56' title='bbox 443 1027 550 1084; x_wconf 87' lang='lat' dir='ltr'><strong>hoc</strong></span> <span class='ocrx_word' id='word_1_57' title='bbox 595 1027 665 1082; x_wconf 91' lang='lat' dir='ltr'><strong>ita</strong></span> <span class='ocrx_word' id='word_1_58' title='bbox 695 1037 794 1083; x_wconf 90' lang='lat' dir='ltr'><strong>est.</strong></span> <span class='ocrx_word' id='word_1_59' title='bbox 829 1027 936 1083; x_wconf 87' lang='lat' dir='ltr'><strong>Sed</strong></span> <span class='ocrx_word' id='word_1_60' title='bbox 965 1045 1126 1098; x_wconf 87' lang='lat' dir='ltr'><strong>spero</strong></span> <span class='ocrx_word' id='word_1_61' title='bbox 1163 1045 1302 1096; x_wconf 90' lang='lat' dir='ltr'><strong>esse,</strong></span> <span class='ocrx_word' id='word_1_62' title='bbox 1333 1031 1496 1085; x_wconf 91' lang='lat' dir='ltr'><strong>credo</strong></span> <span class='ocrx_word' id='word_1_63' title='bbox 1524 1045 1660 1087; x_wconf 88' lang='lat' dir='ltr'><strong>esse.</strong></span> <span class='ocrx_word' id='word_1_64' title='bbox 1709 1033 1836 1089; x_wconf 88' lang='lat' dir='ltr'><strong>lude</strong></span> <span class='ocrx_word' id='word_1_65' title='bbox 1875 1044 1958 1090; x_wconf 90' lang='lat' dir='ltr'><strong>est</strong></span> 
     </span>
    </p>
   </div>
   <div class='ocr_carea' id='block_1_9' title="bbox 363 1118 1957 1194">
    <p class='ocr_par' dir='ltr' id='par_1_9' title="bbox 363 1118 1957 1194">
     <span class='ocr_line' id='line_1_9' title="bbox 363 1118 1957 1194; baseline 0.004 -23"><span class='ocrx_word' id='word_1_66' title='bbox 363 1127 548 1172; x_wconf 83' lang='lat' dir='ltr'><strong>autem</strong></span> <span class='ocrx_word' id='word_1_67' title='bbox 589 1119 782 1174; x_wconf 88' lang='lat' dir='ltr'><strong>misera</strong></span> <span class='ocrx_word' id='word_1_68' title='bbox 831 1118 1066 1174; x_wconf 92' lang='lat' dir='ltr'><strong>conditio</strong></span> <span class='ocrx_word' id='word_1_69' title='bbox 1095 1135 1248 1187; x_wconf 91' lang='lat' dir='ltr'><strong>mea,</strong></span> <span class='ocrx_word' id='word_1_70' title='bbox 1279 1121 1400 1190; x_wconf 92' lang='lat' dir='ltr'><strong>quia</strong></span> <span class='ocrx_word' id='word_1_71' title='bbox 1441 1121 1752 1192; x_wconf 87' lang='lat' dir='ltr'><strong>plerumque</strong></span> <span class='ocrx_word' id='word_1_72' title='bbox 1795 1139 1957 1194; x_wconf 87' lang='lat' dir='ltr'><strong>cogor</strong></span> 
     </span>
    </p>
   </div>
   <div class='ocr_carea' id='block_1_10' title="bbox 365 1211 1949 1282">
    <p class='ocr_par' dir='ltr' id='par_1_10' title="bbox 365 1211 1949 1282">
     <span class='ocr_line' id='line_1_10' title="bbox 365 1211 1949 1282; baseline 0.004 -18"><span class='ocrx_word' id='word_1_73' title='bbox 365 1211 642 1266; x_wconf 85' lang='lat' dir='ltr'><strong>adulteros</strong></span> <span class='ocrx_word' id='word_1_74' title='bbox 664 1225 842 1275; x_wconf 89' lang='lat' dir='ltr'><strong>nosse,</strong></span> <span class='ocrx_word' id='word_1_75' title='bbox 869 1221 1044 1266; x_wconf 85' lang='lat' dir='ltr'><strong>castos</strong></span> <span class='ocrx_word' id='word_1_76' title='bbox 1073 1228 1230 1267; x_wconf 90' lang='lat' dir='ltr'><strong>nosse</strong></span> <span class='ocrx_word' id='word_1_77' title='bbox 1257 1227 1359 1267; x_wconf 92' lang='lat' dir='ltr'><strong>non</strong></span> <span class='ocrx_word' id='word_1_78' title='bbox 1392 1228 1628 1282; x_wconf 88' lang='lat' dir='ltr'><strong>possum.</strong></span> <span class='ocrx_word' id='word_1_79' title='bbox 1661 1214 1716 1268; x_wconf 91' lang='lat' dir='ltr'><strong>ln</strong></span> <span class='ocrx_word' id='word_1_80' title='bbox 1740 1216 1949 1270; x_wconf 89' lang='lat' dir='ltr'><strong>occulto</strong></span> 
     </span>
    </p>
   </div>
   <div class='ocr_carea' id='block_1_11' title="bbox 363 1301 1952 1375">
    <p class='ocr_par' dir='ltr' id='par_1_11' title="bbox 363 1301 1952 1375">
     <span class='ocr_line' id='line_1_11' title="bbox 363 1301 1952 1375; baseline 0.003 -19"><span class='ocrx_word' id='word_1_81' title='bbox 363 1311 453 1356; x_wconf 84' lang='lat' dir='ltr'><strong>est</strong></span> <span class='ocrx_word' id='word_1_82' title='bbox 495 1301 636 1356; x_wconf 90' lang='lat' dir='ltr'><strong>unde</strong></span> <span class='ocrx_word' id='word_1_83' title='bbox 675 1302 956 1372; x_wconf 83' lang='lat' dir='ltr'><strong>gaudeam,</strong></span> <span class='ocrx_word' id='word_1_84' title='bbox 1009 1302 1060 1356; x_wconf 91' lang='lat' dir='ltr'><strong>in</strong></span> <span class='ocrx_word' id='word_1_85' title='bbox 1109 1302 1321 1372; x_wconf 90' lang='lat' dir='ltr'><strong>publico</strong></span> <span class='ocrx_word' id='word_1_86' title='bbox 1367 1312 1449 1358; x_wconf 91' lang='lat' dir='ltr'><strong>est</strong></span> <span class='ocrx_word' id='word_1_87' title='bbox 1498 1303 1638 1359; x_wconf 90' lang='lat' dir='ltr'><strong>unde</strong></span> <span class='ocrx_word' id='word_1_88' title='bbox 1685 1313 1952 1375; x_wconf 85' lang='lat' dir='ltr'><strong>torquear.</strong></span> 
     </span>
    </p>
   </div>
   <div class='ocr_carea' id='block_1_12' title="bbox 365 1391 1942 1464">
    <p class='ocr_par' dir='ltr' id='par_1_12' title="bbox 365 1391 1942 1464">
     <span class='ocr_line' id='line_1_12' title="bbox 365 1391 1942 1464; baseline 0.003 -18"><span class='ocrx_word' id='word_1_89' title='bbox 365 1391 512 1462; x_wconf 83' lang='lat' dir='ltr'><strong>Ergo</strong></span> <span class='ocrx_word' id='word_1_90' title='bbox 539 1392 840 1448; x_wconf 85' lang='lat' dir='ltr'><strong>desiderate</strong></span> <span class='ocrx_word' id='word_1_91' title='bbox 865 1393 1088 1463; x_wconf 81' lang='lat' dir='ltr'><strong>gratiam</strong></span> <span class='ocrx_word' id='word_1_92' title='bbox 1121 1393 1235 1459; x_wconf 89' lang='lat' dir='ltr'><strong>Dei,</strong></span> <span class='ocrx_word' id='word_1_93' title='bbox 1279 1393 1458 1463; x_wconf 79' lang='lat' dir='ltr'><strong>eligite</strong></span> <span class='ocrx_word' id='word_1_94' title='bbox 1481 1411 1615 1464; x_wconf 89' lang='lat' dir='ltr'><strong>quos</strong></span> <span class='ocrx_word' id='word_1_95' title='bbox 1643 1395 1942 1464; x_wconf 90' lang='lat' dir='ltr'><strong>imitemini,</strong></span> 
     </span>
    </p>
   </div>
   <div class='ocr_carea' id='block_1_13' title="bbox 367 1483 1947 1556">
    <p class='ocr_par' dir='ltr' id='par_1_13' title="bbox 367 1483 1947 1556">
     <span class='ocr_line' id='line_1_13' title="bbox 367 1483 1947 1556; baseline 0.004 -20"><span class='ocrx_word' id='word_1_96' title='bbox 367 1499 492 1536; x_wconf 88' lang='lat' dir='ltr'><strong>cum</strong></span> <span class='ocrx_word' id='word_1_97' title='bbox 518 1483 708 1553; x_wconf 84' lang='lat' dir='ltr'><strong>quibus</strong></span> <span class='ocrx_word' id='word_1_98' title='bbox 740 1484 950 1548; x_wconf 82' lang='lat' dir='ltr'><strong>vivatis,</strong></span> <span class='ocrx_word' id='word_1_99' title='bbox 1000 1493 1056 1539; x_wconf 90' lang='lat' dir='ltr'><strong>et</strong></span> <span class='ocrx_word' id='word_1_100' title='bbox 1095 1500 1216 1539; x_wconf 90' lang='lat' dir='ltr'><strong>cum</strong></span> <span class='ocrx_word' id='word_1_101' title='bbox 1258 1487 1448 1555; x_wconf 87' lang='lat' dir='ltr'><strong>quibus</strong></span> <span class='ocrx_word' id='word_1_102' title='bbox 1474 1487 1734 1556; x_wconf 89' lang='lat' dir='ltr'><strong>colloquia</strong></span> <span class='ocrx_word' id='word_1_103' title='bbox 1775 1487 1947 1542; x_wconf 85' lang='lat' dir='ltr'><strong>dulcia</strong></span> 
     </span>
    </p>
   </div>
   <div class='ocr_carea' id='block_1_14' title="bbox 363 1573 1958 1634">
    <p class='ocr_par' dir='ltr' id='par_1_14' title="bbox 363 1573 1958 1634">
     <span class='ocr_line' id='line_1_14' title="bbox 363 1573 1958 1634; baseline 0.005 -8"><span class='ocrx_word' id='word_1_104' title='bbox 363 1573 644 1628; x_wconf 84' lang='lat' dir='ltr'><strong>charitatis</strong></span> <span class='ocrx_word' id='word_1_105' title='bbox 665 1573 924 1629; x_wconf 85' lang='lat' dir='ltr'><strong>habeatis.</strong></span> <span class='ocrx_word' id='word_1_106' title='bbox 955 1575 1130 1630; x_wconf 85' lang='lat' dir='ltr'><strong>Nolite</strong></span> <span class='ocrx_word' id='word_1_107' title='bbox 1151 1575 1430 1632; x_wconf 89' lang='lat' dir='ltr'><strong>admittere</strong></span> <span class='ocrx_word' id='word_1_108' title='bbox 1444 1579 1836 1634; x_wconf 83' lang='lat' dir='ltr'><strong>susurrationes</strong></span> <span class='ocrx_word' id='word_1_109' title='bbox 1855 1595 1958 1634; x_wconf 89' lang='lat' dir='ltr'><strong>ma-</strong></span> 
     </span>
    </p>
   </div>
   <div class='ocr_carea' id='block_1_15' title="bbox 365 1665 1954 1741">
    <p class='ocr_par' dir='ltr' id='par_1_15' title="bbox 365 1665 1954 1741">
     <span class='ocr_line' id='line_1_15' title="bbox 365 1665 1954 1741; baseline 0.002 -22"><span class='ocrx_word' id='word_1_110' title='bbox 365 1665 468 1719; x_wconf 81' lang='lat' dir='ltr'><strong>las.</strong></span> <span class='ocrx_word' id='word_1_111' title='bbox 499 1665 836 1736; x_wconf 83' lang='lat' dir='ltr'><strong>Corrumpunt</strong></span> <span class='ocrx_word' id='word_1_112' title='bbox 865 1683 1026 1720; x_wconf 80' lang='lat' dir='ltr'><strong>mores</strong></span> <span class='ocrx_word' id='word_1_113' title='bbox 1046 1667 1200 1722; x_wconf 81' lang='lat' dir='ltr'><strong>bonos</strong></span> <span class='ocrx_word' id='word_1_114' title='bbox 1230 1669 1480 1738; x_wconf 63' lang='lat' dir='ltr'><strong>coltoeuia</strong></span> <span class='ocrx_word' id='word_1_115' title='bbox 1501 1671 1634 1723; x_wconf 83' lang='lat' dir='ltr'><strong>mala</strong></span> <span class='ocrx_word' id='word_1_116' title='bbox 1658 1671 1700 1741; x_wconf 89' lang='lat' dir='ltr'><strong>(I</strong></span> <span class='ocrx_word' id='word_1_117' title='bbox 1722 1669 1840 1725; x_wconf 88' lang='lat' dir='ltr'><strong>Cor.</strong></span> <span class='ocrx_word' id='word_1_118' title='bbox 1864 1687 1954 1738; x_wconf 81' lang='lat' dir='ltr'><strong>xv,</strong></span> 
     </span>
    </p>
   </div>
   <div class='ocr_carea' id='block_1_16' title="bbox 364 1754 1956 1826">
    <p class='ocr_par' dir='ltr' id='par_1_16' title="bbox 364 1754 1956 1826">
     <span class='ocr_line' id='line_1_16' title="bbox 364 1754 1956 1826; baseline 0.005 -18"><span class='ocrx_word' id='word_1_119' title='bbox 364 1754 496 1822; x_wconf 74' lang='grc'><strong>55).</strong></span> <span class='ocrx_word' id='word_1_120' title='bbox 530 1755 702 1810; x_wconf 87' lang='lat' dir='ltr'><strong>Vivite</strong></span> <span class='ocrx_word' id='word_1_121' title='bbox 725 1757 1038 1826; x_wconf 80' lang='lat' dir='ltr'><strong>sicutSpicae</strong></span> <span class='ocrx_word' id='word_1_122' title='bbox 1062 1758 1200 1812; x_wconf 89' lang='lat' dir='ltr'><strong>inter</strong></span> <span class='ocrx_word' id='word_1_123' title='bbox 1227 1759 1427 1813; x_wconf 83' lang='lat' dir='ltr'><strong>zizania</strong></span> <span class='ocrx_word' id='word_1_124' title='bbox 1458 1777 1470 1812; x_wconf 92' lang='lat'>:</span> <span class='ocrx_word' id='word_1_125' title='bbox 1507 1759 1640 1814; x_wconf 82' lang='lat' dir='ltr'><strong>ferte</strong></span> <span class='ocrx_word' id='word_1_126' title='bbox 1669 1761 1956 1816; x_wconf 91' lang='lat' dir='ltr'><strong>tribulatio-</strong></span> 
     </span>
    </p>
   </div>
   <div class='ocr_carea' id='block_1_17' title="bbox 363 1846 1956 1918">
    <p class='ocr_par' dir='ltr' id='par_1_17' title="bbox 363 1846 1956 1918">
     <span class='ocr_line' id='line_1_17' title="bbox 363 1846 1956 1918; baseline 0.005 -18"><span class='ocrx_word' id='word_1_127' title='bbox 363 1861 465 1901; x_wconf 87' lang='lat' dir='ltr'><strong>nes</strong></span> <span class='ocrx_word' id='word_1_128' title='bbox 493 1846 650 1916; x_wconf 80' lang='lat' dir='ltr'><strong>hujus</strong></span> <span class='ocrx_word' id='word_1_129' title='bbox 673 1847 876 1914; x_wconf 67' lang='lat' dir='ltr'><strong>surculi,</strong></span> <span class='ocrx_word' id='word_1_130' title='bbox 911 1850 1048 1903; x_wconf 91' lang='lat' dir='ltr'><strong>sicut</strong></span> <span class='ocrx_word' id='word_1_131' title='bbox 1075 1863 1237 1918; x_wconf 84' lang='lat' dir='ltr'><strong>grana</strong></span> <span class='ocrx_word' id='word_1_132' title='bbox 1266 1849 1318 1903; x_wconf 92' lang='lat' dir='ltr'><strong>in</strong></span> <span class='ocrx_word' id='word_1_133' title='bbox 1341 1865 1484 1904; x_wconf 86' lang='lat' dir='ltr'><strong>area.</strong></span> <span class='ocrx_word' id='word_1_134' title='bbox 1513 1850 1703 1906; x_wconf 83' lang='lat' dir='ltr'><strong>Veniet</strong></span> <span class='ocrx_word' id='word_1_135' title='bbox 1729 1853 1956 1908; x_wconf 87' lang='lat' dir='ltr'><strong>ventila-</strong></span> 
     </span>
    </p>
   </div>
   <div class='ocr_carea' id='block_1_18' title="bbox 365 1938 1714 2010">
    <p class='ocr_par' dir='ltr' id='par_1_18' title="bbox 365 1938 1714 2010">
     <span class='ocr_line' id='line_1_18' title="bbox 365 1938 1714 2010; baseline 0.002 -18"><span class='ocrx_word' id='word_1_136' title='bbox 365 1947 454 1993; x_wconf 86' lang='lat' dir='ltr'><strong>tor</strong></span> <span class='ocrx_word' id='word_1_137' title='bbox 479 1953 495 1992; x_wconf 89' lang='lat'><strong>:</strong></span> <span class='ocrx_word' id='word_1_138' title='bbox 526 1951 686 1994; x_wconf 87' lang='lat' dir='ltr'><strong>nemo</strong></span> <span class='ocrx_word' id='word_1_139' title='bbox 711 1938 780 1992; x_wconf 89' lang='lat' dir='ltr'><strong>sit</strong></span> <span class='ocrx_word' id='word_1_140' title='bbox 809 1939 1002 2006; x_wconf 83' lang='lat' dir='ltr'><strong>passim</strong></span> <span class='ocrx_word' id='word_1_141' title='bbox 1027 1939 1128 1994; x_wconf 88' lang='lat' dir='ltr'><strong>isto</strong></span> <span class='ocrx_word' id='word_1_142' title='bbox 1155 1947 1392 2009; x_wconf 90' lang='lat' dir='ltr'><strong>tempore</strong></span> <span class='ocrx_word' id='word_1_143' title='bbox 1423 1949 1714 2010; x_wconf 84' lang='lat' dir='ltr'><strong>separatur.</strong></span> 
     </span>
    </p>
   </div>
   <div class='ocr_carea' id='block_1_19' title="bbox 796 2045 1522 2120">
    <p class='ocr_par' dir='ltr' id='par_1_19' title="bbox 796 2045 1522 2120">
     <span class='ocr_line' id='line_1_19' title="bbox 796 2045 1522 2120; baseline 0.001 -18"><span class='ocrx_word' id='word_1_144' title='bbox 796 2045 1027 2102; x_wconf 69' lang='lat' dir='ltr'><strong>suane</strong></span> <span class='ocrx_word' id='word_1_145' title='bbox 1059 2045 1350 2102; x_wconf 81' lang='lat' dir='ltr'><strong>cccxcut</strong></span> <span class='ocrx_word' id='word_1_146' title='bbox 1383 2049 1522 2120; x_wconf 81' lang='lat' dir='ltr'><strong>‘(a).</strong></span> 
     </span>
    </p>
   </div>
   <div class='ocr_carea' id='block_1_20' title="bbox 863 2139 1431 2212">
    <p class='ocr_par' dir='ltr' id='par_1_20' title="bbox 863 2139 1431 2212">
     <span class='ocr_line' id='line_1_20' title="bbox 863 2139 1431 2212; baseline 0.004 -20"><span class='ocrx_word' id='word_1_147' title='bbox 863 2139 940 2194; x_wconf 88' lang='lat' dir='ltr'><strong>De</strong></span> <span class='ocrx_word' id='word_1_148' title='bbox 961 2141 1312 2210; x_wconf 58' lang='lat' dir='ltr'><strong>penitentibus</strong></span> <span class='ocrx_word' id='word_1_149' title='bbox 1335 2140 1431 2212; x_wconf 89' lang='lat' dir='ltr'><strong>(b).</strong></span> 
     </span>
    </p>
   </div>
   <div class='ocr_carea' id='block_1_21' title="bbox 437 2229 1956 2299">
    <p class='ocr_par' dir='ltr' id='par_1_21' title="bbox 437 2229 1956 2299">
     <span class='ocr_line' id='line_1_21' title="bbox 437 2229 1956 2299; baseline 0.007 -15"><span class='ocrx_word' id='word_1_150' title='bbox 437 2229 742 2285; x_wconf 65' lang='lat' dir='ltr'><strong>Pwnitentia</strong></span> <span class='ocrx_word' id='word_1_151' title='bbox 763 2249 863 2286; x_wconf 85' lang='lat' dir='ltr'><strong>non</strong></span> <span class='ocrx_word' id='word_1_152' title='bbox 889 2249 1026 2299; x_wconf 82' lang='lat' dir='ltr'><strong>vera,</strong></span> <span class='ocrx_word' id='word_1_153' title='bbox 1055 2234 1098 2286; x_wconf 79' lang='lat' dir='ltr'><strong>si</strong></span> <span class='ocrx_word' id='word_1_154' title='bbox 1128 2249 1227 2287; x_wconf 85' lang='lat' dir='ltr'><strong>non</strong></span> <span class='ocrx_word' id='word_1_155' title='bbox 1256 2235 1356 2287; x_wconf 86' lang='lat' dir='ltr'><strong>vita</strong></span> <span class='ocrx_word' id='word_1_156' title='bbox 1386 2245 1625 2289; x_wconf 87' lang='lat' dir='ltr'><strong>mutatur.</strong></span> <span class='ocrx_word' id='word_1_157' title='bbox 1657 2237 1956 2294; x_wconf 76' lang='lat' dir='ltr'><strong>I’mnitentia</strong></span> 
     </span>
    </p>
   </div>
   <div class='ocr_carea' id='block_1_22' title="bbox 363 2321 1954 2398">
    <p class='ocr_par' dir='ltr' id='par_1_22' title="bbox 363 2321 1954 2398">
     <span class='ocr_line' id='line_1_22' title="bbox 363 2321 1954 2398; baseline 0.006 -24"><span class='ocrx_word' id='word_1_158' title='bbox 363 2321 416 2375; x_wconf 84' lang='lat' dir='ltr'><strong>in</strong></span> <span class='ocrx_word' id='word_1_159' title='bbox 444 2324 676 2376; x_wconf 69' lang='lat' dir='ltr'><strong>extremis</strong></span> <span class='ocrx_word' id='word_1_160' title='bbox 701 2338 848 2391; x_wconf 78' lang='lat' dir='ltr'><strong>quam</strong></span> <span class='ocrx_word' id='word_1_161' title='bbox 875 2323 1084 2376; x_wconf 81' lang='lat' dir='ltr'><strong>incerta.</strong></span> <span class='ocrx_word' id='word_1_162' title='bbox 1103 2323 1452 2390; x_wconf 85' lang='lat' dir='ltr'><strong>Poenitentes,</strong></span> <span class='ocrx_word' id='word_1_163' title='bbox 1477 2327 1816 2393; x_wconf 71' lang='lat' dir='ltr'><strong>paznitentcs,</strong></span> <span class='ocrx_word' id='word_1_164' title='bbox 1837 2344 1954 2398; x_wconf 67' lang='lat' dir='ltr'><strong>pat-</strong></span> 
     </span>
    </p>
   </div>
   <div class='ocr_carea' id='block_1_23' title="bbox 363 2410 1951 2483">
    <p class='ocr_par' dir='ltr' id='par_1_23' title="bbox 363 2410 1951 2483">
     <span class='ocr_line' id='line_1_23' title="bbox 363 2410 1951 2483; baseline 0.005 -19"><span class='ocrx_word' id='word_1_165' title='bbox 363 2410 597 2468; x_wconf 86' lang='lat' dir='ltr'><strong>nitentes</strong></span> <span class='ocrx_word' id='word_1_166' title='bbox 619 2413 686 2483; x_wconf 92' lang='lat' dir='ltr'><strong>(si</strong></span> <span class='ocrx_word' id='word_1_167' title='bbox 713 2424 884 2467; x_wconf 88' lang='lat' dir='ltr'><strong>tamen</strong></span> <span class='ocrx_word' id='word_1_168' title='bbox 904 2414 1033 2468; x_wconf 89' lang='lat' dir='ltr'><strong>estis</strong></span> <span class='ocrx_word' id='word_1_169' title='bbox 1053 2415 1392 2483; x_wconf 73' lang='lat' dir='ltr'><strong>ptenitentes,</strong></span> <span class='ocrx_word' id='word_1_170' title='bbox 1425 2424 1479 2470; x_wconf 90' lang='lat' dir='ltr'><strong>et</strong></span> <span class='ocrx_word' id='word_1_171' title='bbox 1521 2431 1623 2470; x_wconf 91' lang='lat' dir='ltr'><strong>non</strong></span> <span class='ocrx_word' id='word_1_172' title='bbox 1655 2418 1783 2472; x_wconf 89' lang='lat' dir='ltr'><strong>estis</strong></span> <span class='ocrx_word' id='word_1_173' title='bbox 1829 2420 1951 2473; x_wconf 83' lang='lat' dir='ltr'><strong>irri-</strong></span> 
     </span>
    </p>
   </div>
   <div class='ocr_carea' id='block_1_24' title="bbox 364 2501 1954 2572">
    <p class='ocr_par' dir='ltr' id='par_1_24' title="bbox 364 2501 1954 2572">
     <span class='ocr_line' id='line_1_24' title="bbox 364 2501 1954 2572; baseline 0.006 -17"><span class='ocrx_word' id='word_1_174' title='bbox 364 2501 806 2572; x_wconf 89' lang='lat' dir='ltr'><strong>dentes),mutate</strong></span> <span class='ocrx_word' id='word_1_175' title='bbox 823 2505 1008 2569; x_wconf 90' lang='lat' dir='ltr'><strong>vitam,</strong></span> <span class='ocrx_word' id='word_1_176' title='bbox 1027 2505 1442 2559; x_wconf 86' lang='lat' dir='ltr'><strong>reconciliamini</strong></span> <span class='ocrx_word' id='word_1_177' title='bbox 1467 2506 1598 2560; x_wconf 92' lang='lat' dir='ltr'><strong>Deo.</strong></span> <span class='ocrx_word' id='word_1_178' title='bbox 1623 2507 1688 2560; x_wconf 83' lang='lat' dir='ltr'><strong>Et</strong></span> <span class='ocrx_word' id='word_1_179' title='bbox 1704 2523 1796 2562; x_wconf 92' lang='lat' dir='ltr'><strong>vos</strong></span> <span class='ocrx_word' id='word_1_180' title='bbox 1812 2509 1954 2564; x_wconf 89' lang='lat' dir='ltr'><strong>enim</strong></span> 
     </span>
    </p>
   </div>
   <div class='ocr_carea' id='block_1_25' title="bbox 364 2595 1953 2669">
    <p class='ocr_par' dir='ltr' id='par_1_25' title="bbox 364 2595 1953 2669">
     <span class='ocr_line' id='line_1_25' title="bbox 364 2595 1953 2669; baseline 0.004 -22"><span class='ocrx_word' id='word_1_181' title='bbox 364 2609 484 2647; x_wconf 91' lang='lat' dir='ltr'><strong>cum</strong></span> <span class='ocrx_word' id='word_1_182' title='bbox 507 2603 694 2648; x_wconf 89' lang='lat' dir='ltr'><strong>catena</strong></span> <span class='ocrx_word' id='word_1_183' title='bbox 726 2595 961 2664; x_wconf 87' lang='lat' dir='ltr'><strong>pascitis.</strong></span> <span class='ocrx_word' id='word_1_184' title='bbox 983 2595 1116 2662; x_wconf 84' lang='lat' dir='ltr'><strong>Qua,</strong></span> <span class='ocrx_word' id='word_1_185' title='bbox 1149 2595 1343 2664; x_wconf 86' lang='lat' dir='ltr'><strong>inquis,</strong></span> <span class='ocrx_word' id='word_1_186' title='bbox 1364 2598 1589 2649; x_wconf 87' lang='lat' dir='ltr'><strong>catena?</strong></span> <span class='ocrx_word' id='word_1_187' title='bbox 1617 2598 1744 2664; x_wconf 69' lang='lat' dir='ltr'><strong>Quae</strong></span> <span class='ocrx_word' id='word_1_188' title='bbox 1765 2598 1953 2669; x_wconf 82' lang='lat' dir='ltr'><strong>ligave-</strong></span> 
     </span>
    </p>
   </div>
   <div class='ocr_carea' id='block_1_26' title="bbox 361 2685 1948 2758">
    <p class='ocr_par' dir='ltr' id='par_1_26' title="bbox 361 2685 1948 2758">
     <span class='ocr_line' id='line_1_26' title="bbox 361 2685 1948 2758; baseline 0.002 -21"><span class='ocrx_word' id='word_1_189' title='bbox 361 2685 474 2738; x_wconf 78' lang='lat' dir='ltr'><strong>ritis</strong></span> <span class='ocrx_word' id='word_1_190' title='bbox 491 2685 544 2738; x_wconf 86' lang='lat' dir='ltr'><strong>in</strong></span> <span class='ocrx_word' id='word_1_191' title='bbox 579 2693 732 2750; x_wconf 78' lang='lat' dir='ltr'><strong>terra,</strong></span> <span class='ocrx_word' id='word_1_192' title='bbox 761 2695 908 2738; x_wconf 81' lang='lat' dir='ltr'><strong>erunt</strong></span> <span class='ocrx_word' id='word_1_193' title='bbox 933 2685 1089 2753; x_wconf 81' lang='lat' dir='ltr'><strong>ligata</strong></span> <span class='ocrx_word' id='word_1_194' title='bbox 1117 2694 1162 2738; x_wconf 84' lang='lat' dir='ltr'><strong>et</strong></span> <span class='ocrx_word' id='word_1_195' title='bbox 1188 2686 1240 2738; x_wconf 89' lang='lat' dir='ltr'><strong>in</strong></span> <span class='ocrx_word' id='word_1_196' title='bbox 1269 2685 1392 2739; x_wconf 63' lang='lat' dir='ltr'><strong>certe</strong></span> <span class='ocrx_word' id='word_1_197' title='bbox 1419 2685 1628 2755; x_wconf 79' lang='lat' dir='ltr'><strong>(Matth.</strong></span> <span class='ocrx_word' id='word_1_198' title='bbox 1657 2704 1804 2752; x_wconf 82' lang='lat' dir='ltr'><strong>xvm,</strong></span> <span class='ocrx_word' id='word_1_199' title='bbox 1840 2689 1948 2758; x_wconf 76' lang='grc'><strong>18).</strong></span> 
     </span>
    </p>
   </div>
   <div class='ocr_carea' id='block_1_27' title="bbox 361 2774 1953 2846">
    <p class='ocr_par' dir='ltr' id='par_1_27' title="bbox 361 2774 1953 2846">
     <span class='ocr_line' id='line_1_27' title="bbox 361 2774 1953 2846; baseline 0.005 -18"><span class='ocrx_word' id='word_1_200' title='bbox 361 2774 528 2828; x_wconf 79' lang='lat' dir='ltr'><strong>Audis</strong></span> <span class='ocrx_word' id='word_1_201' title='bbox 555 2775 856 2844; x_wconf 88' lang='lat' dir='ltr'><strong>ligaturam,</strong></span> <span class='ocrx_word' id='word_1_202' title='bbox 879 2782 931 2830; x_wconf 89' lang='lat' dir='ltr'><strong>et</strong></span> <span class='ocrx_word' id='word_1_203' title='bbox 949 2775 1056 2829; x_wconf 92' lang='lat' dir='ltr'><strong>Deo</strong></span> <span class='ocrx_word' id='word_1_204' title='bbox 1072 2784 1225 2846; x_wconf 86' lang='lat' dir='ltr'><strong>putas</strong></span> <span class='ocrx_word' id='word_1_205' title='bbox 1244 2776 1416 2830; x_wconf 77' lang='lat' dir='ltr'><strong>facere</strong></span> <span class='ocrx_word' id='word_1_206' title='bbox 1435 2777 1780 2846; x_wconf 85' lang='lat' dir='ltr'><strong>imposturam</strong></span> <span class='ocrx_word' id='word_1_207' title='bbox 1795 2779 1817 2831; x_wconf 88' lang='lat'><strong>?</strong></span> <span class='ocrx_word' id='word_1_208' title='bbox 1833 2779 1953 2836; x_wconf 69' lang='lat' dir='ltr'><strong>Pa:-</strong></span> 
     </span>
    </p>
   </div>
   <div class='ocr_carea' id='block_1_28' title="bbox 361 2865 1951 2941">
    <p class='ocr_par' dir='ltr' id='par_1_28' title="bbox 361 2865 1951 2941">
     <span class='ocr_line' id='line_1_28' title="bbox 361 2865 1951 2941; baseline 0.005 -23"><span class='ocrx_word' id='word_1_209' title='bbox 361 2865 644 2919; x_wconf 88' lang='lat' dir='ltr'><strong>niteutiam</strong></span> <span class='ocrx_word' id='word_1_210' title='bbox 675 2865 808 2934; x_wconf 84' lang='lat' dir='ltr'><strong>agis,</strong></span> <span class='ocrx_word' id='word_1_211' title='bbox 831 2880 973 2935; x_wconf 87' lang='lat' dir='ltr'><strong>genu</strong></span> <span class='ocrx_word' id='word_1_212' title='bbox 1016 2865 1152 2934; x_wconf 78' lang='lat' dir='ltr'><strong>figis,</strong></span> <span class='ocrx_word' id='word_1_213' title='bbox 1177 2875 1230 2920; x_wconf 91' lang='lat' dir='ltr'><strong>et</strong></span> <span class='ocrx_word' id='word_1_214' title='bbox 1257 2867 1418 2934; x_wconf 86' lang='lat' dir='ltr'><strong>rides,</strong></span> <span class='ocrx_word' id='word_1_215' title='bbox 1448 2876 1501 2921; x_wconf 78' lang='lat' dir='ltr'><strong>et</strong></span> <span class='ocrx_word' id='word_1_216' title='bbox 1532 2869 1826 2924; x_wconf 89' lang='lat' dir='ltr'><strong>subsannas</strong></span> <span class='ocrx_word' id='word_1_217' title='bbox 1857 2888 1951 2941; x_wconf 86' lang='lat' dir='ltr'><strong>pa-</strong></span> 
     </span>
    </p>
   </div>
   <div class='ocr_carea' id='block_1_29' title="bbox 360 2955 1950 3032">
    <p class='ocr_par' dir='ltr' id='par_1_29' title="bbox 360 2955 1950 3032">
     <span class='ocr_line' id='line_1_29' title="bbox 360 2955 1950 3032; baseline 0.008 -27"><span class='ocrx_word' id='word_1_218' title='bbox 360 2955 602 3010; x_wconf 88' lang='lat' dir='ltr'><strong>tientiam</strong></span> <span class='ocrx_word' id='word_1_219' title='bbox 633 2955 760 3009; x_wconf 85' lang='lat' dir='ltr'><strong>Dei?</strong></span> <span class='ocrx_word' id='word_1_220' title='bbox 781 2955 836 3010; x_wconf 94' lang='lat' dir='ltr'><strong>Si</strong></span> <span class='ocrx_word' id='word_1_221' title='bbox 859 2957 1122 3024; x_wconf 61' lang='lat' dir='ltr'><strong>paenitens</strong></span> <span class='ocrx_word' id='word_1_222' title='bbox 1138 2971 1216 3020; x_wconf 90' lang='lat' dir='ltr'><strong>es,</strong></span> <span class='ocrx_word' id='word_1_223' title='bbox 1249 2957 1501 3025; x_wconf 70' lang='lat' dir='ltr'><strong>paeniteat</strong></span> <span class='ocrx_word' id='word_1_224' title='bbox 1525 2967 1575 3013; x_wconf 90' lang='lat' dir='ltr'><strong>te</strong></span> <span class='ocrx_word' id='word_1_225' title='bbox 1601 2978 1613 3013; x_wconf 91' lang='lat'><strong>:</strong></span> <span class='ocrx_word' id='word_1_226' title='bbox 1637 2961 1680 3014; x_wconf 92' lang='lat' dir='ltr'><strong>si</strong></span> <span class='ocrx_word' id='word_1_227' title='bbox 1713 2977 1816 3015; x_wconf 92' lang='lat' dir='ltr'><strong>non</strong></span> <span class='ocrx_word' id='word_1_228' title='bbox 1838 2979 1950 3032; x_wconf 74' lang='lat' dir='ltr'><strong>pte-</strong></span> 
     </span>
    </p>
   </div>
   <div class='ocr_carea' id='block_1_30' title="bbox 361 3047 1950 3124">
    <p class='ocr_par' dir='ltr' id='par_1_30' title="bbox 361 3047 1950 3124">
     <span class='ocr_line' id='line_1_30' title="bbox 361 3047 1950 3124; baseline 0.006 -24"><span class='ocrx_word' id='word_1_229' title='bbox 361 3047 512 3112; x_wconf 89' lang='lat' dir='ltr'><strong>nitct,</strong></span> <span class='ocrx_word' id='word_1_230' title='bbox 542 3047 809 3115; x_wconf 67' lang='lat' dir='ltr'><strong>paenitens</strong></span> <span class='ocrx_word' id='word_1_231' title='bbox 832 3063 937 3102; x_wconf 90' lang='lat' dir='ltr'><strong>non</strong></span> <span class='ocrx_word' id='word_1_232' title='bbox 958 3063 1034 3102; x_wconf 92' lang='lat' dir='ltr'><strong>es.</strong></span> <span class='ocrx_word' id='word_1_233' title='bbox 1055 3047 1108 3102; x_wconf 91' lang='lat' dir='ltr'><strong>Si</strong></span> <span class='ocrx_word' id='word_1_234' title='bbox 1131 3061 1258 3117; x_wconf 88' lang='lat' dir='ltr'><strong>ergo</strong></span> <span class='ocrx_word' id='word_1_235' title='bbox 1285 3050 1523 3117; x_wconf 80' lang='lat' dir='ltr'><strong>pceuitet,</strong></span> <span class='ocrx_word' id='word_1_236' title='bbox 1548 3067 1642 3104; x_wconf 91' lang='lat' dir='ltr'><strong>cur</strong></span> <span class='ocrx_word' id='word_1_237' title='bbox 1657 3051 1785 3107; x_wconf 80' lang='lat' dir='ltr'><strong>facis</strong></span> <span class='ocrx_word' id='word_1_238' title='bbox 1809 3055 1950 3124; x_wconf 91' lang='lat' dir='ltr'><strong>quod</strong></span> 
     </span>
    </p>
   </div>
   <div class='ocr_carea' id='block_1_31' title="bbox 361 3136 1950 3206">
    <p class='ocr_par' dir='ltr' id='par_1_31' title="bbox 361 3136 1950 3206">
     <span class='ocr_line' id='line_1_31' title="bbox 361 3136 1950 3206; baseline 0.008 -19"><span class='ocrx_word' id='word_1_239' title='bbox 361 3137 496 3190; x_wconf 91' lang='lat' dir='ltr'><strong>male</strong></span> <span class='ocrx_word' id='word_1_240' title='bbox 523 3136 736 3192; x_wconf 82' lang='lat' dir='ltr'><strong>fecisti?</strong></span> <span class='ocrx_word' id='word_1_241' title='bbox 784 3137 836 3193; x_wconf 94' lang='lat' dir='ltr'><strong>Si</strong></span> <span class='ocrx_word' id='word_1_242' title='bbox 861 3137 1050 3192; x_wconf 81' lang='lat' dir='ltr'><strong>fecisse</strong></span> <span class='ocrx_word' id='word_1_243' title='bbox 1075 3139 1314 3206; x_wconf 66' lang='lat' dir='ltr'><strong>paenitet,</strong></span> <span class='ocrx_word' id='word_1_244' title='bbox 1347 3141 1454 3193; x_wconf 90' lang='lat' dir='ltr'><strong>noli</strong></span> <span class='ocrx_word' id='word_1_245' title='bbox 1483 3141 1674 3195; x_wconf 81' lang='lat' dir='ltr'><strong>facere.</strong></span> <span class='ocrx_word' id='word_1_246' title='bbox 1700 3142 1754 3196; x_wconf 90' lang='lat' dir='ltr'><strong>Si</strong></span> <span class='ocrx_word' id='word_1_247' title='bbox 1777 3143 1950 3200; x_wconf 90' lang='lat' dir='ltr'><strong>adhuc</strong></span> 
     </span>
    </p>
   </div>
   <div class='ocr_carea' id='block_1_32' title="bbox 361 3226 1944 3300">
    <p class='ocr_par' dir='ltr' id='par_1_32' title="bbox 361 3226 1944 3300">
     <span class='ocr_line' id='line_1_32' title="bbox 361 3226 1944 3300; baseline 0.004 -20"><span class='ocrx_word' id='word_1_248' title='bbox 361 3226 512 3292; x_wconf 82' lang='lat' dir='ltr'><strong>facis,</strong></span> <span class='ocrx_word' id='word_1_249' title='bbox 541 3237 690 3282; x_wconf 68' lang='lat' dir='ltr'><strong>certe</strong></span> <span class='ocrx_word' id='word_1_250' title='bbox 728 3242 833 3281; x_wconf 91' lang='lat' dir='ltr'><strong>non</strong></span> <span class='ocrx_word' id='word_1_251' title='bbox 865 3243 923 3282; x_wconf 93' lang='lat' dir='ltr'><strong>es</strong></span> <span class='ocrx_word' id='word_1_252' title='bbox 968 3229 1251 3296; x_wconf 67' lang='lat' dir='ltr'><strong>paenitens.</strong></span> <span class='ocrx_word' id='word_1_253' title='bbox 1297 3229 1578 3298; x_wconf 84' lang='lat' dir='ltr'><strong>Equidem,</strong></span> <span class='ocrx_word' id='word_1_254' title='bbox 1624 3230 1944 3300; x_wconf 88' lang='lat' dir='ltr'><strong>charissimi,</strong></span> 
     </span>
    </p>
   </div>
   <div class='ocr_carea' id='block_1_33' title="bbox 358 3317 1949 3390">
    <p class='ocr_par' dir='ltr' id='par_1_33' title="bbox 358 3317 1949 3390">
     <span class='ocr_line' id='line_1_33' title="bbox 358 3317 1949 3390; baseline 0.006 -22"><span class='ocrx_word' id='word_1_255' title='bbox 358 3324 620 3386; x_wconf 42' lang='lat' dir='ltr'><strong>aegrotant</strong></span> <span class='ocrx_word' id='word_1_256' title='bbox 641 3317 905 3378; x_wconf 86' lang='lat' dir='ltr'><strong>homines.</strong></span> <span class='ocrx_word' id='word_1_257' title='bbox 923 3319 1131 3371; x_wconf 90' lang='lat' dir='ltr'><strong>mittunt</strong></span> <span class='ocrx_word' id='word_1_258' title='bbox 1151 3317 1217 3371; x_wconf 86' lang='lat' dir='ltr'><strong>ad</strong></span> <span class='ocrx_word' id='word_1_259' title='bbox 1243 3319 1548 3385; x_wconf 88' lang='lat' dir='ltr'><strong>ecclesiam,</strong></span> <span class='ocrx_word' id='word_1_260' title='bbox 1569 3321 1648 3375; x_wconf 84' lang='lat' dir='ltr'><strong>vel</strong></span> <span class='ocrx_word' id='word_1_261' title='bbox 1671 3333 1949 3390; x_wconf 86' lang='lat' dir='ltr'><strong>portantur</strong></span> 
     </span>
    </p>
   </div>
   <div class='ocr_carea' id='block_1_34' title="bbox 362 3409 1947 3478">
    <p class='ocr_par' dir='ltr' id='par_1_34' title="bbox 362 3409 1947 3478">
     <span class='ocr_line' id='line_1_34' title="bbox 362 3409 1947 3478; baseline 0.006 -18"><span class='ocrx_word' id='word_1_262' title='bbox 362 3409 428 3462; x_wconf 87' lang='lat' dir='ltr'><strong>ad</strong></span> <span class='ocrx_word' id='word_1_263' title='bbox 458 3409 760 3473; x_wconf 88' lang='lat' dir='ltr'><strong>ecclesiam,</strong></span> <span class='ocrx_word' id='word_1_264' title='bbox 788 3419 842 3464; x_wconf 90' lang='lat' dir='ltr'><strong>et</strong></span> <span class='ocrx_word' id='word_1_265' title='bbox 865 3410 1214 3478; x_wconf 86' lang='lat' dir='ltr'><strong>baptizantur,</strong></span> <span class='ocrx_word' id='word_1_266' title='bbox 1238 3420 1291 3464; x_wconf 85' lang='lat' dir='ltr'><strong>et</strong></span> <span class='ocrx_word' id='word_1_267' title='bbox 1318 3421 1657 3474; x_wconf 87' lang='lat' dir='ltr'><strong>renovantur,</strong></span> <span class='ocrx_word' id='word_1_268' title='bbox 1684 3423 1736 3467; x_wconf 90' lang='lat' dir='ltr'><strong>et</strong></span> <span class='ocrx_word' id='word_1_269' title='bbox 1763 3413 1947 3469; x_wconf 81' lang='lat' dir='ltr'><strong>felices</strong></span> 
     </span>
    </p>
   </div>
   <div class='ocr_carea' id='block_1_35' title="bbox 359 3498 1945 3572">
    <p class='ocr_par' dir='ltr' id='par_1_35' title="bbox 359 3498 1945 3572">
     <span class='ocr_line' id='line_1_35' title="bbox 359 3498 1945 3572; baseline 0.004 -20"><span class='ocrx_word' id='word_1_270' title='bbox 359 3499 484 3554; x_wconf 86' lang='lat' dir='ltr'><strong>hinc</strong></span> <span class='ocrx_word' id='word_1_271' title='bbox 522 3508 698 3554; x_wconf 90' lang='lat' dir='ltr'><strong>erunt.</strong></span> <span class='ocrx_word' id='word_1_272' title='bbox 731 3498 836 3555; x_wconf 89' lang='lat' dir='ltr'><strong>Sed</strong></span> <span class='ocrx_word' id='word_1_273' title='bbox 869 3515 972 3554; x_wconf 90' lang='lat' dir='ltr'><strong>non</strong></span> <span class='ocrx_word' id='word_1_274' title='bbox 1005 3501 1116 3568; x_wconf 87' lang='lat' dir='ltr'><strong>ipsa</strong></span> <span class='ocrx_word' id='word_1_275' title='bbox 1144 3509 1226 3554; x_wconf 91' lang='lat' dir='ltr'><strong>est</strong></span> <span class='ocrx_word' id='word_1_276' title='bbox 1255 3516 1412 3555; x_wconf 86' lang='lat' dir='ltr'><strong>causa</strong></span> <span class='ocrx_word' id='word_1_277' title='bbox 1457 3503 1800 3571; x_wconf 70' lang='grc' dir='ltr'><strong>ρωιιίιοιιιὶερ.</strong></span> <span class='ocrx_word' id='word_1_278' title='bbox 1845 3504 1945 3572; x_wconf 84' lang='lat' dir='ltr'><strong>Qui</strong></span> 
     </span>
    </p>
   </div>
   <div class='ocr_carea' id='block_1_36' title="bbox 359 3593 1944 3666">
    <p class='ocr_par' dir='ltr' id='par_1_36' title="bbox 359 3593 1944 3666">
     <span class='ocr_line' id='line_1_36' title="bbox 359 3593 1944 3666; baseline 0.001 -20"><span class='ocrx_word' id='word_1_279' title='bbox 359 3593 595 3648; x_wconf 89' lang='lat' dir='ltr'><strong>nondum</strong></span> <span class='ocrx_word' id='word_1_280' title='bbox 621 3594 826 3663; x_wconf 87' lang='lat' dir='ltr'><strong>accepit</strong></span> <span class='ocrx_word' id='word_1_281' title='bbox 856 3593 1204 3660; x_wconf 83' lang='lat' dir='ltr'><strong>Baptismuut,</strong></span> <span class='ocrx_word' id='word_1_282' title='bbox 1251 3593 1482 3666; x_wconf 81' lang='lat' dir='ltr'><strong>nondum</strong></span> <span class='ocrx_word' id='word_1_283' title='bbox 1509 3594 1724 3648; x_wconf 73' lang='lat' dir='ltr'><strong>violavit</strong></span> <span class='ocrx_word' id='word_1_284' title='bbox 1753 3595 1944 3650; x_wconf 90' lang='lat' dir='ltr'><strong>Sacra-</strong></span> 
     </span>
    </p>
   </div>
   <div class='ocr_carea' id='block_1_37' title="bbox 356 3683 1946 3752">
    <p class='ocr_par' dir='ltr' id='par_1_37' title="bbox 356 3683 1946 3752">
     <span class='ocr_line' id='line_1_37' title="bbox 356 3683 1946 3752; baseline 0.001 -14"><span class='ocrx_word' id='word_1_285' title='bbox 356 3691 645 3739; x_wconf 89' lang='lat' dir='ltr'><strong>mentum:</strong></span> <span class='ocrx_word' id='word_1_286' title='bbox 693 3683 779 3752; x_wconf 88' lang='lat' dir='ltr'><strong>qui</strong></span> <span class='ocrx_word' id='word_1_287' title='bbox 805 3692 980 3738; x_wconf 90' lang='lat' dir='ltr'><strong>autem</strong></span> <span class='ocrx_word' id='word_1_288' title='bbox 1007 3683 1222 3736; x_wconf 81' lang='lat' dir='ltr'><strong>violavit</strong></span> <span class='ocrx_word' id='word_1_289' title='bbox 1264 3683 1664 3737; x_wconf 89' lang='lat' dir='ltr'><strong>Sacramentum</strong></span> <span class='ocrx_word' id='word_1_290' title='bbox 1711 3685 1848 3739; x_wconf 88' lang='lat' dir='ltr'><strong>male</strong></span> <span class='ocrx_word' id='word_1_291' title='bbox 1892 3695 1946 3739; x_wconf 91' lang='lat' dir='ltr'><strong>ct</strong></span> 
     </span>
    </p>
   </div>
   <div class='ocr_carea' id='block_1_38' title="bbox 353 3775 1942 3844">
    <p class='ocr_par' dir='ltr' id='par_1_38' title="bbox 353 3775 1942 3844">
     <span class='ocr_line' id='line_1_38' title="bbox 353 3775 1942 3844; baseline -0.001 -14"><span class='ocrx_word' id='word_1_292' title='bbox 353 3775 564 3844; x_wconf 89' lang='lat' dir='ltr'><strong>perdite</strong></span> <span class='ocrx_word' id='word_1_293' title='bbox 583 3775 828 3840; x_wconf 87' lang='lat' dir='ltr'><strong>vivendo,</strong></span> <span class='ocrx_word' id='word_1_294' title='bbox 868 3783 921 3829; x_wconf 92' lang='lat' dir='ltr'><strong>et</strong></span> <span class='ocrx_word' id='word_1_295' title='bbox 943 3775 1061 3829; x_wconf 89' lang='lat' dir='ltr'><strong>ideo</strong></span> <span class='ocrx_word' id='word_1_296' title='bbox 1085 3784 1320 3829; x_wconf 89' lang='lat' dir='ltr'><strong>remotus</strong></span> <span class='ocrx_word' id='word_1_297' title='bbox 1356 3785 1436 3830; x_wconf 89' lang='lat' dir='ltr'><strong>est</strong></span> <span class='ocrx_word' id='word_1_298' title='bbox 1464 3775 1530 3828; x_wconf 90' lang='lat' dir='ltr'><strong>ab</strong></span> <span class='ocrx_word' id='word_1_299' title='bbox 1556 3776 1728 3840; x_wconf 81' lang='lat' dir='ltr'><strong>altari,</strong></span> <span class='ocrx_word' id='word_1_300' title='bbox 1763 3791 1830 3830; x_wconf 88' lang='lat' dir='ltr'><strong>ne</strong></span> <span class='ocrx_word' id='word_1_301' title='bbox 1856 3776 1942 3844; x_wconf 87' lang='lat' dir='ltr'><strong>ju-</strong></span> 
     </span>
    </p>
   </div>
   <div class='ocr_carea' id='block_1_39' title="bbox 353 3867 1944 3936">
    <p class='ocr_par' dir='ltr' id='par_1_39' title="bbox 353 3867 1944 3936">
     <span class='ocr_line' id='line_1_39' title="bbox 353 3867 1944 3936; baseline 0 -14"><span class='ocrx_word' id='word_1_302' title='bbox 353 3867 554 3922; x_wconf 88' lang='lat' dir='ltr'><strong>dicium</strong></span> <span class='ocrx_word' id='word_1_303' title='bbox 583 3867 683 3921; x_wconf 88' lang='lat' dir='ltr'><strong>sibi</strong></span> <span class='ocrx_word' id='word_1_304' title='bbox 711 3867 992 3921; x_wconf 87' lang='lat' dir='ltr'><strong>manducet</strong></span> <span class='ocrx_word' id='word_1_305' title='bbox 1018 3877 1072 3921; x_wconf 93' lang='lat' dir='ltr'><strong>et</strong></span> <span class='ocrx_word' id='word_1_306' title='bbox 1100 3867 1281 3932; x_wconf 86' lang='lat' dir='ltr'><strong>bibat;</strong></span> <span class='ocrx_word' id='word_1_307' title='bbox 1315 3878 1479 3921; x_wconf 88' lang='lat' dir='ltr'><strong>mutet</strong></span> <span class='ocrx_word' id='word_1_308' title='bbox 1503 3867 1686 3930; x_wconf 88' lang='lat' dir='ltr'><strong>vitam,</strong></span> <span class='ocrx_word' id='word_1_309' title='bbox 1716 3869 1944 3936; x_wconf 76' lang='lat' dir='ltr'><strong>corrigat</strong></span> 
     </span>
    </p>
   </div>
   <div class='ocr_carea' id='block_1_40' title="bbox 352 3957 1943 4034">
    <p class='ocr_par' dir='ltr' id='par_1_40' title="bbox 352 3957 1943 4034">
     <span class='ocr_line' id='line_1_40' title="bbox 352 3957 1943 4034; baseline 0.001 -22"><span class='ocrx_word' id='word_1_310' title='bbox 352 3971 429 4022; x_wconf 86' lang='lat' dir='ltr'><strong>se,</strong></span> <span class='ocrx_word' id='word_1_311' title='bbox 459 3967 514 4012; x_wconf 88' lang='lat' dir='ltr'><strong>et</strong></span> <span class='ocrx_word' id='word_1_312' title='bbox 537 3959 932 4024; x_wconf 87' lang='lat' dir='ltr'><strong>reconcilietur,</strong></span> <span class='ocrx_word' id='word_1_313' title='bbox 957 3974 1080 4012; x_wconf 89' lang='lat' dir='ltr'><strong>cum</strong></span> <span class='ocrx_word' id='word_1_314' title='bbox 1106 3959 1256 4034; x_wconf 61' lang='lat' dir='ltr'><strong>vivit,</strong></span> <span class='ocrx_word' id='word_1_315' title='bbox 1275 3957 1398 4013; x_wconf 89' lang='lat' dir='ltr'><strong>dum</strong></span> <span class='ocrx_word' id='word_1_316' title='bbox 1423 3973 1583 4011; x_wconf 90' lang='lat' dir='ltr'><strong>sanus</strong></span> <span class='ocrx_word' id='word_1_317' title='bbox 1610 3966 1707 4012; x_wconf 91' lang='lat' dir='ltr'><strong>est.</strong></span> <span class='ocrx_word' id='word_1_318' title='bbox 1739 3960 1943 4028; x_wconf 84' lang='lat' dir='ltr'><strong>Exspe-</strong></span> 
     </span>
    </p>
   </div>
   <div class='ocr_carea' id='block_1_41' title="bbox 354 4047 1938 4118">
    <p class='ocr_par' dir='ltr' id='par_1_41' title="bbox 354 4047 1938 4118">
     <span class='ocr_line' id='line_1_41' title="bbox 354 4047 1938 4118; baseline -0.001 -15"><span class='ocrx_word' id='word_1_319' title='bbox 354 4057 462 4103; x_wconf 84' lang='lat' dir='ltr'><strong>ctat</strong></span> <span class='ocrx_word' id='word_1_320' title='bbox 482 4050 643 4104; x_wconf 83' lang='lat' dir='ltr'><strong>etiam</strong></span> <span class='ocrx_word' id='word_1_321' title='bbox 671 4049 782 4118; x_wconf 91' lang='lat' dir='ltr'><strong>ipse</strong></span> <span class='ocrx_word' id='word_1_322' title='bbox 805 4059 928 4102; x_wconf 82' lang='lat' dir='ltr'><strong>tunc</strong></span> <span class='ocrx_word' id='word_1_323' title='bbox 951 4047 1302 4112; x_wconf 84' lang='lat' dir='ltr'><strong>reconciliari,</strong></span> <span class='ocrx_word' id='word_1_324' title='bbox 1321 4048 1532 4116; x_wconf 85' lang='lat' dir='ltr'><strong>quando</strong></span> <span class='ocrx_word' id='word_1_325' title='bbox 1557 4049 1739 4116; x_wconf 86' lang='lat' dir='ltr'><strong>incipit</strong></span> <span class='ocrx_word' id='word_1_326' title='bbox 1765 4051 1898 4102; x_wconf 91' lang='lat' dir='ltr'><strong>mori</strong></span> <span class='ocrx_word' id='word_1_327' title='bbox 1916 4051 1938 4101; x_wconf 70' lang='grc' dir='ltr'><strong>’ἰ</strong></span> 
     </span>
    </p>
   </div>
   <div class='ocr_carea' id='block_1_42' title="bbox 357 4139 1938 4212">
    <p class='ocr_par' dir='ltr' id='par_1_42' title="bbox 357 4139 1938 4212">
     <span class='ocr_line' id='line_1_42' title="bbox 357 4139 1938 4212; baseline 0 -16"><span class='ocrx_word' id='word_1_328' title='bbox 357 4139 572 4212; x_wconf 81' lang='lat' dir='ltr'><strong>Experti</strong></span> <span class='ocrx_word' id='word_1_329' title='bbox 615 4157 800 4196; x_wconf 88' lang='lat' dir='ltr'><strong>sumus</strong></span> <span class='ocrx_word' id='word_1_330' title='bbox 840 4141 1035 4194; x_wconf 90' lang='lat' dir='ltr'><strong>multos</strong></span> <span class='ocrx_word' id='word_1_331' title='bbox 1075 4139 1395 4208; x_wconf 84' lang='lat' dir='ltr'><strong>exspirasse,</strong></span> <span class='ocrx_word' id='word_1_332' title='bbox 1436 4148 1806 4208; x_wconf 87' lang='lat' dir='ltr'><strong>exspectantes</strong></span> <span class='ocrx_word' id='word_1_333' title='bbox 1849 4157 1938 4196; x_wconf 87' lang='lat' dir='ltr'><strong>re-</strong></span> 
     </span>
    </p>
   </div>
   <div class='ocr_carea' id='block_1_43' title="bbox 355 4229 1938 4308">
    <p class='ocr_par' dir='ltr' id='par_1_43' title="bbox 355 4229 1938 4308">
     <span class='ocr_line' id='line_1_43' title="bbox 355 4229 1938 4308; baseline -0.001 -20"><span class='ocrx_word' id='word_1_334' title='bbox 355 4233 644 4288; x_wconf 86' lang='lat' dir='ltr'><strong>cenciliari.</strong></span> <span class='ocrx_word' id='word_1_335' title='bbox 679 4232 879 4287; x_wconf 89' lang='lat' dir='ltr'><strong>Deinde</strong></span> <span class='ocrx_word' id='word_1_336' title='bbox 909 4231 1067 4284; x_wconf 88' lang='lat' dir='ltr'><strong>etiam</strong></span> <span class='ocrx_word' id='word_1_337' title='bbox 1095 4229 1214 4284; x_wconf 91' lang='lat' dir='ltr'><strong>dico</strong></span> <span class='ocrx_word' id='word_1_338' title='bbox 1235 4229 1287 4283; x_wconf 89' lang='lat' dir='ltr'><strong>in</strong></span> <span class='ocrx_word' id='word_1_339' title='bbox 1316 4240 1599 4298; x_wconf 86' lang='lat' dir='ltr'><strong>conspectu</strong></span> <span class='ocrx_word' id='word_1_340' title='bbox 1621 4231 1732 4296; x_wconf 88' lang='lat' dir='ltr'><strong>Dei,</strong></span> <span class='ocrx_word' id='word_1_341' title='bbox 1758 4232 1938 4308; x_wconf 85' lang='lat' dir='ltr'><strong>timeri</strong></span> 
     </span>
    </p>
   </div>
   <div class='ocr_carea' id='block_1_44' title="bbox 355 4321 1942 4392">
    <p class='ocr_par' dir='ltr' id='par_1_44' title="bbox 355 4321 1942 4392">
     <span class='ocr_line' id='line_1_44' title="bbox 355 4321 1942 4392; baseline 0 -16"><span class='ocrx_word' id='word_1_342' title='bbox 355 4337 554 4392; x_wconf 87' lang='lat' dir='ltr'><strong>vestro,</strong></span> <span class='ocrx_word' id='word_1_343' title='bbox 587 4325 829 4380; x_wconf 89' lang='lat' dir='ltr'><strong>timorem</strong></span> <span class='ocrx_word' id='word_1_344' title='bbox 859 4339 1052 4377; x_wconf 90' lang='lat' dir='ltr'><strong>meum.</strong></span> <span class='ocrx_word' id='word_1_345' title='bbox 1088 4321 1188 4387; x_wconf 88' lang='lat' dir='ltr'><strong>Qui</strong></span> <span class='ocrx_word' id='word_1_346' title='bbox 1213 4330 1388 4375; x_wconf 89' lang='lat' dir='ltr'><strong>autem</strong></span> <span class='ocrx_word' id='word_1_347' title='bbox 1419 4337 1522 4374; x_wconf 88' lang='lat' dir='ltr'><strong>non</strong></span> <span class='ocrx_word' id='word_1_348' title='bbox 1555 4322 1723 4388; x_wconf 87' lang='lat' dir='ltr'><strong>timet,</strong></span> <span class='ocrx_word' id='word_1_349' title='bbox 1759 4323 1942 4376; x_wconf 90' lang='lat' dir='ltr'><strong>timen-</strong></span> 
     </span>
    </p>
   </div>
   <div class='ocr_carea' id='block_1_45' title="bbox 355 4411 1936 4481">
    <p class='ocr_par' dir='ltr' id='par_1_45' title="bbox 355 4411 1936 4481">
     <span class='ocr_line' id='line_1_45' title="bbox 355 4411 1936 4481; baseline -0.002 -10"><span class='ocrx_word' id='word_1_350' title='bbox 355 4425 456 4472; x_wconf 89' lang='lat' dir='ltr'><strong>tem</strong></span> <span class='ocrx_word' id='word_1_351' title='bbox 483 4431 570 4471; x_wconf 91' lang='lat' dir='ltr'><strong>me</strong></span> <span class='ocrx_word' id='word_1_352' title='bbox 595 4415 906 4478; x_wconf 88' lang='lat' dir='ltr'><strong>contemnit,</strong></span> <span class='ocrx_word' id='word_1_353' title='bbox 939 4413 1028 4466; x_wconf 91' lang='lat' dir='ltr'><strong>sed</strong></span> <span class='ocrx_word' id='word_1_354' title='bbox 1063 4411 1201 4465; x_wconf 89' lang='lat' dir='ltr'><strong>malo</strong></span> <span class='ocrx_word' id='word_1_355' title='bbox 1233 4427 1350 4465; x_wconf 91' lang='lat' dir='ltr'><strong>suo.</strong></span> <span class='ocrx_word' id='word_1_356' title='bbox 1393 4411 1528 4465; x_wconf 84' lang='lat' dir='ltr'><strong>Audi</strong></span> <span class='ocrx_word' id='word_1_357' title='bbox 1569 4427 1714 4481; x_wconf 87' lang='lat' dir='ltr'><strong>ergo.</strong></span> <span class='ocrx_word' id='word_1_358' title='bbox 1749 4412 1936 4468; x_wconf 89' lang='lat' dir='ltr'><strong>Certus</strong></span> 
     </span>
    </p>
   </div>
   <div class='ocr_carea' id='block_1_46' title="bbox 351 4505 1940 4577">
    <p class='ocr_par' dir='ltr' id='par_1_46' title="bbox 351 4505 1940 4577">
     <span class='ocr_line' id='line_1_46' title="bbox 351 4505 1940 4577; baseline -0.001 -15"><span class='ocrx_word' id='word_1_359' title='bbox 351 4523 467 4562; x_wconf 85' lang='lat' dir='ltr'><strong>sum</strong></span> <span class='ocrx_word' id='word_1_360' title='bbox 493 4507 616 4577; x_wconf 89' lang='lat' dir='ltr'><strong>quia</strong></span> <span class='ocrx_word' id='word_1_361' title='bbox 641 4506 804 4560; x_wconf 85' lang='lat' dir='ltr'><strong>homo</strong></span> <span class='ocrx_word' id='word_1_362' title='bbox 823 4505 1138 4574; x_wconf 87' lang='lat' dir='ltr'><strong>baptizatus,</strong></span> <span class='ocrx_word' id='word_1_363' title='bbox 1166 4505 1210 4559; x_wconf 90' lang='lat' dir='ltr'><strong>si</strong></span> <span class='ocrx_word' id='word_1_364' title='bbox 1229 4505 1410 4571; x_wconf 87' lang='lat' dir='ltr'><strong>vitam,</strong></span> <span class='ocrx_word' id='word_1_365' title='bbox 1443 4521 1547 4558; x_wconf 91' lang='lat' dir='ltr'><strong>non</strong></span> <span class='ocrx_word' id='word_1_366' title='bbox 1570 4505 1741 4560; x_wconf 86' lang='lat' dir='ltr'><strong>audeo</strong></span> <span class='ocrx_word' id='word_1_367' title='bbox 1763 4506 1940 4561; x_wconf 87' lang='lat' dir='ltr'><strong>dicere</strong></span> 
     </span>
    </p>
   </div>
   <div class='ocr_carea' id='block_1_47' title="bbox 349 4597 1940 4668">
    <p class='ocr_par' dir='ltr' id='par_1_47' title="bbox 349 4597 1940 4668">
     <span class='ocr_line' id='line_1_47' title="bbox 349 4597 1940 4668; baseline -0.001 -14"><span class='ocrx_word' id='word_1_368' title='bbox 349 4600 464 4655; x_wconf 82' lang='lat' dir='ltr'><strong>sine</strong></span> <span class='ocrx_word' id='word_1_369' title='bbox 492 4607 730 4667; x_wconf 89' lang='lat' dir='ltr'><strong>peccato,</strong></span> <span class='ocrx_word' id='word_1_370' title='bbox 761 4598 880 4668; x_wconf 87' lang='lat' dir='ltr'><strong>quis</strong></span> <span class='ocrx_word' id='word_1_371' title='bbox 909 4599 1049 4652; x_wconf 89' lang='lat' dir='ltr'><strong>enim</strong></span> <span class='ocrx_word' id='word_1_372' title='bbox 1077 4598 1192 4650; x_wconf 87' lang='lat' dir='ltr'><strong>sine</strong></span> <span class='ocrx_word' id='word_1_373' title='bbox 1220 4599 1477 4665; x_wconf 84' lang='lat' dir='ltr'><strong>peccato?</strong></span> <span class='ocrx_word' id='word_1_374' title='bbox 1505 4597 1599 4652; x_wconf 90' lang='lat' dir='ltr'><strong>sed</strong></span> <span class='ocrx_word' id='word_1_375' title='bbox 1633 4599 1793 4651; x_wconf 90' lang='lat' dir='ltr'><strong>vitam</strong></span> <span class='ocrx_word' id='word_1_376' title='bbox 1825 4600 1940 4653; x_wconf 90' lang='lat' dir='ltr'><strong>sine</strong></span> 
     </span>
    </p>
   </div>
   <div class='ocr_carea' id='block_1_48' title="bbox 349 4687 1937 4760">
    <p class='ocr_par' dir='ltr' id='par_1_48' title="bbox 349 4687 1937 4760">
     <span class='ocr_line' id='line_1_48' title="bbox 349 4687 1937 4760; baseline -0.001 -14"><span class='ocrx_word' id='word_1_377' title='bbox 349 4691 572 4746; x_wconf 86' lang='lat' dir='ltr'><strong>crimine</strong></span> <span class='ocrx_word' id='word_1_378' title='bbox 599 4689 828 4754; x_wconf 87' lang='lat' dir='ltr'><strong>duxerit,</strong></span> <span class='ocrx_word' id='word_1_379' title='bbox 859 4696 912 4742; x_wconf 92' lang='lat' dir='ltr'><strong>et</strong></span> <span class='ocrx_word' id='word_1_380' title='bbox 957 4689 1078 4742; x_wconf 90' lang='lat' dir='ltr'><strong>talia</strong></span> <span class='ocrx_word' id='word_1_381' title='bbox 1113 4696 1324 4758; x_wconf 88' lang='lat' dir='ltr'><strong>peccata</strong></span> <span class='ocrx_word' id='word_1_382' title='bbox 1364 4687 1625 4754; x_wconf 80' lang='lat' dir='ltr'><strong>habuerit,</strong></span> <span class='ocrx_word' id='word_1_383' title='bbox 1657 4706 1775 4759; x_wconf 77' lang='lat' dir='ltr'><strong>qua:</strong></span> <span class='ocrx_word' id='word_1_384' title='bbox 1803 4705 1937 4760; x_wconf 91' lang='lat' dir='ltr'><strong>quo-</strong></span> 
     </span>
    </p>
   </div>
   <div class='ocr_carea' id='block_1_49' title="bbox 350 4777 1938 4842">
    <p class='ocr_par' dir='ltr' id='par_1_49' title="bbox 350 4777 1938 4842">
     <span class='ocr_line' id='line_1_49' title="bbox 350 4777 1938 4842; baseline -0.001 -8"><span class='ocrx_word' id='word_1_385' title='bbox 350 4781 474 4836; x_wconf 83' lang='lat' dir='ltr'><strong>tidie</strong></span> <span class='ocrx_word' id='word_1_386' title='bbox 511 4781 851 4834; x_wconf 84' lang='lat' dir='ltr'><strong>dimittuntur</strong></span> <span class='ocrx_word' id='word_1_387' title='bbox 893 4780 944 4833; x_wconf 93' lang='lat' dir='ltr'><strong>in</strong></span> <span class='ocrx_word' id='word_1_388' title='bbox 990 4779 1230 4833; x_wconf 81' lang='lat' dir='ltr'><strong>oratione</strong></span> <span class='ocrx_word' id='word_1_389' title='bbox 1273 4778 1491 4842; x_wconf 86' lang='lat' dir='ltr'><strong>dicenti,</strong></span> <span class='ocrx_word' id='word_1_390' title='bbox 1543 4777 1755 4832; x_wconf 79' lang='lat' dir='ltr'><strong>Dimitte</strong></span> <span class='ocrx_word' id='word_1_391' title='bbox 1797 4781 1938 4834; x_wconf 81' lang='lat' dir='ltr'><strong>nobis</strong></span> 
     </span>
    </p>
   </div>
   <div class='ocr_carea' id='block_1_50' title="bbox 349 4869 1938 4936">
    <p class='ocr_par' dir='ltr' id='par_1_50' title="bbox 349 4869 1938 4936">
     <span class='ocr_line' id='line_1_50' title="bbox 349 4869 1938 4936; baseline 0 -11"><span class='ocrx_word' id='word_1_392' title='bbox 349 4872 513 4927; x_wconf 83' lang='lat' dir='ltr'><strong>debita</strong></span> <span class='ocrx_word' id='word_1_393' title='bbox 533 4881 726 4936; x_wconf 80' lang='lat' dir='ltr'><strong>nostra,</strong></span> <span class='ocrx_word' id='word_1_394' title='bbox 763 4871 892 4925; x_wconf 79' lang='lat' dir='ltr'><strong>sicut</strong></span> <span class='ocrx_word' id='word_1_395' title='bbox 916 4881 962 4924; x_wconf 77' lang='lat' dir='ltr'><strong>et</strong></span> <span class='ocrx_word' id='word_1_396' title='bbox 988 4887 1079 4924; x_wconf 81' lang='lat' dir='ltr'><strong>nos</strong></span> <span class='ocrx_word' id='word_1_397' title='bbox 1103 4870 1401 4923; x_wconf 84' lang='lat' dir='ltr'><strong>dimittimus</strong></span> <span class='ocrx_word' id='word_1_398' title='bbox 1427 4869 1731 4924; x_wconf 82' lang='lat' dir='ltr'><strong>debitoribus</strong></span> <span class='ocrx_word' id='word_1_399' title='bbox 1755 4873 1938 4927; x_wconf 77' lang='lat' dir='ltr'><strong>nostris</strong></span> 
     </span>
    </p>
   </div>
   <div class='ocr_carea' id='block_1_51' title="bbox 349 4960 1932 5034">
    <p class='ocr_par' dir='ltr' id='par_1_51' title="bbox 349 4960 1932 5034">
     <span class='ocr_line' id='line_1_51' title="bbox 349 4960 1932 5034; baseline -0.001 -16"><span class='ocrx_word' id='word_1_400' title='bbox 349 4965 368 5032; x_wconf 92' lang='lat'><strong>(</strong></span> <span class='ocrx_word' id='word_1_401' title='bbox 401 4962 484 5018; x_wconf 82' lang='lat' dir='ltr'><strong>Id.</strong></span> <span class='ocrx_word' id='word_1_402' title='bbox 516 4980 589 5030; x_wconf 73' lang='grc' dir='ltr'><strong>γι,</strong></span> <span class='ocrx_word' id='word_1_403' title='bbox 639 4963 705 5017; x_wconf 74' lang='grc'><strong>12</strong></span> <span class='ocrx_word' id='word_1_404' title='bbox 731 4961 790 5034; x_wconf 90' lang='grc'><strong>);</strong></span> <span class='ocrx_word' id='word_1_405' title='bbox 823 4961 1034 5032; x_wconf 88' lang='lat' dir='ltr'><strong>quando</strong></span> <span class='ocrx_word' id='word_1_406' title='bbox 1081 4961 1220 5016; x_wconf 90' lang='lat' dir='ltr'><strong>diem</strong></span> <span class='ocrx_word' id='word_1_407' title='bbox 1243 4961 1458 5026; x_wconf 82' lang='lat' dir='ltr'><strong>ﬁnierit,</strong></span> <span class='ocrx_word' id='word_1_408' title='bbox 1487 4961 1648 5015; x_wconf 88' lang='lat' dir='ltr'><strong>vitam</strong></span> <span class='ocrx_word' id='word_1_409' title='bbox 1671 4977 1773 5014; x_wconf 90' lang='lat' dir='ltr'><strong>non</strong></span> <span class='ocrx_word' id='word_1_410' title='bbox 1801 4960 1932 5028; x_wconf 85' lang='lat' dir='ltr'><strong>ﬁnit,</strong></span> 
     </span>
    </p>
   </div>
   <div class='ocr_carea' id='block_1_52' title="bbox 407 5073 1932 5136">
    <p class='ocr_par' dir='ltr' id='par_1_52' title="bbox 407 5073 1932 5136">
     <span class='ocr_line' id='line_1_52' title="bbox 407 5073 1932 5136; baseline -0.001 -10"><span class='ocrx_word' id='word_1_411' title='bbox 407 5077 428 5095; x_wconf 85' lang='lat'><strong>’</strong></span> <span class='ocrx_word' id='word_1_412' title='bbox 449 5073 658 5126; x_wconf 75' lang='lat' dir='ltr'><strong>Collatus</strong></span> <span class='ocrx_word' id='word_1_413' title='bbox 677 5075 740 5126; x_wconf 86' lang='lat' dir='ltr'><strong>ad</strong></span> <span class='ocrx_word' id='word_1_414' title='bbox 763 5073 941 5125; x_wconf 84' lang='lat' dir='ltr'><strong>trescl.</strong></span> <span class='ocrx_word' id='word_1_415' title='bbox 965 5075 1022 5125; x_wconf 87' lang='lat' dir='ltr'><strong>ad</strong></span> <span class='ocrx_word' id='word_1_416' title='bbox 1059 5087 1128 5124; x_wconf 92' lang='lat' dir='ltr'><strong>cr.</strong></span> <span class='ocrx_word' id='word_1_417' title='bbox 1153 5074 1231 5124; x_wconf 92' lang='lat' dir='ltr'><strong>cb.</strong></span> <span class='ocrx_word' id='word_1_418' title='bbox 1270 5073 1303 5122; x_wconf 85' lang='lat' dir='ltr'><strong>f.</strong></span> <span class='ocrx_word' id='word_1_419' title='bbox 1329 5086 1404 5136; x_wconf 80' lang='lat' dir='ltr'><strong>gr.</strong></span> <span class='ocrx_word' id='word_1_420' title='bbox 1425 5085 1466 5122; x_wconf 91' lang='lat' dir='ltr'><strong>r.</strong></span> <span class='ocrx_word' id='word_1_421' title='bbox 1490 5085 1582 5122; x_wconf 88' lang='lat' dir='ltr'><strong>rm.</strong></span> <span class='ocrx_word' id='word_1_422' title='bbox 1608 5085 1650 5122; x_wconf 92' lang='lat' dir='ltr'><strong>s.</strong></span> <span class='ocrx_word' id='word_1_423' title='bbox 1678 5079 1730 5124; x_wconf 90' lang='lat' dir='ltr'><strong>et</strong></span> <span class='ocrx_word' id='word_1_424' title='bbox 1750 5073 1808 5123; x_wconf 90' lang='lat' dir='ltr'><strong>ad</strong></span> <span class='ocrx_word' id='word_1_425' title='bbox 1831 5079 1932 5124; x_wconf 83' lang='lat' dir='ltr'><strong>Am.</strong></span> 
     </span>
    </p>
   </div>
   <div class='ocr_carea' id='block_1_53' title="bbox 345 5145 676 5189">
    <p class='ocr_par' dir='ltr' id='par_1_53' title="bbox 345 5145 676 5189">
     <span class='ocr_line' id='line_1_53' title="bbox 345 5145 676 5189; baseline -0.003 -1"><span class='ocrx_word' id='word_1_426' title='bbox 345 5145 420 5188; x_wconf 73' lang='grc' dir='ltr'><strong>ΕΓ.</strong></span> <span class='ocrx_word' id='word_1_427' title='bbox 443 5147 550 5189; x_wconf 84' lang='lat' dir='ltr'><strong>Par.</strong></span> <span class='ocrx_word' id='word_1_428' title='bbox 563 5145 676 5187; x_wconf 72' lang='grc' dir='ltr'><strong>ιον.</strong></span> 
     </span>
    </p>
   </div>
   <div class='ocr_carea' id='block_1_54' title="bbox 427 5195 1880 5270">
    <p class='ocr_par' dir='ltr' id='par_1_54' title="bbox 427 5195 1880 5270">
     <span class='ocr_line' id='line_1_54' title="bbox 427 5195 1880 5270; baseline -0.001 -24"><span class='ocrx_word' id='word_1_429' title='bbox 427 5201 478 5270; x_wconf 74' lang='grc' dir='ltr'><strong>ᾳ)</strong></span> <span class='ocrx_word' id='word_1_430' title='bbox 512 5199 654 5270; x_wconf 52' lang='grc' dir='ltr'><strong>μίξις),</strong></span> <span class='ocrx_word' id='word_1_431' title='bbox 678 5199 734 5248; x_wconf 78' lang='grc'><strong>41</strong></span> <span class='ocrx_word' id='word_1_432' title='bbox 764 5198 894 5270; x_wconf 72' lang='lat' dir='ltr'><strong>inter</strong></span> <span class='ocrx_word' id='word_1_433' title='bbox 915 5195 1238 5270; x_wconf 77' lang='lat' dir='ltr'><strong>Homilias_50.</strong></span> <span class='ocrx_word' id='word_1_434' title='bbox 1307 5265 1342 5270; x_wconf 88' lang='lat'>__</span> <span class='ocrx_word' id='word_1_435' title='bbox 1403 5256 1432 5270; x_wconf 45' lang='grc' dir='ltr'>μ</span> <span class='ocrx_word' id='word_1_436' title='bbox 1603 5264 1614 5270; x_wconf 80' lang='lat'>_</span> <span class='ocrx_word' id='word_1_437' title='bbox 1779 5263 1791 5270; x_wconf 78' lang='lat'>_</span> 
     </span>
    </p>
   </div>
   <div class='ocr_carea' id='block_1_55' title="bbox 429 5201 1938 5324">
    <p class='ocr_par' dir='ltr' id='par_1_55' title="bbox 429 5201 1938 5324">
     <span class='ocr_line' id='line_1_55' title="bbox 429 5201 1238 5256; baseline -0.006 -6"><span class='ocrx_word' id='word_1_438' title='bbox 429 5213 458 5250; x_wconf 82' lang='grc' dir='ltr'><em>α</em></span> <span class='ocrx_word' id='word_1_439' title='bbox 513 5201 654 5256; x_wconf 73' lang='lat' dir='ltr'><strong>Alias,</strong></span> <span class='ocrx_word' id='word_1_440' title='bbox 678 5201 734 5248; x_wconf 78' lang='grc'><strong>41</strong></span> <span class='ocrx_word' id='word_1_441' title='bbox 764 5201 894 5248; x_wconf 86' lang='lat' dir='ltr'><strong>inter</strong></span> <span class='ocrx_word' id='word_1_442' title='bbox 915 5201 1140 5248; x_wconf 79' lang='lat' dir='ltr'><strong>Homitias</strong></span> <span class='ocrx_word' id='word_1_443' title='bbox 1160 5201 1238 5246; x_wconf 82' lang='lat'><strong>50.</strong></span> 
     </span>
     <span class='ocr_line' id='line_1_56' title="bbox 429 5201 1938 5324; baseline -0.002 -14"><span class='ocrx_word' id='word_1_444' title='bbox 429 5201 478 5324; x_wconf 63' lang='lat' dir='ltr'><strong>bi</strong></span> <span class='ocrx_word' id='word_1_445' title='bbox 511 5261 695 5324; x_wconf 67' lang='lat' dir='ltr'><strong>Dubius</strong></span> <span class='ocrx_word' id='word_1_446' title='bbox 718 5267 824 5309; x_wconf 85' lang='lat' dir='ltr'><strong>erat</strong></span> <span class='ocrx_word' id='word_1_447' title='bbox 863 5259 1266 5324; x_wconf 81' lang='lat' dir='ltr'><strong>Lovaniensibus,</strong></span> <span class='ocrx_word' id='word_1_448' title='bbox 1307 5256 1503 5324; x_wconf 73' lang='lat' dir='ltr'><strong>Verlino</strong></span> <span class='ocrx_word' id='word_1_449' title='bbox 1538 5264 1702 5324; x_wconf 75' lang='lat' dir='ltr'><strong>autem</strong></span> <span class='ocrx_word' id='word_1_450' title='bbox 1745 5263 1797 5308; x_wconf 91' lang='lat' dir='ltr'><strong>et</strong></span> <span class='ocrx_word' id='word_1_451' title='bbox 1831 5257 1938 5324; x_wconf 72' lang='lat' dir='ltr'><strong>\jn—</strong></span> 
     </span>
    </p>
   </div>
   <div class='ocr_carea' id='block_1_56' title="bbox 341 5319 1932 5384">
    <p class='ocr_par' dir='ltr' id='par_1_56' title="bbox 341 5319 1932 5384">
     <span class='ocr_line' id='line_1_57' title="bbox 341 5319 1932 5384; baseline -0.002 -14"><span class='ocrx_word' id='word_1_452' title='bbox 341 5319 489 5384; x_wconf 75' lang='lat' dir='ltr'><strong>dirigo</strong></span> <span class='ocrx_word' id='word_1_453' title='bbox 507 5321 662 5384; x_wconf 70' lang='lat' dir='ltr'><strong>falsus</strong></span> <span class='ocrx_word' id='word_1_454' title='bbox 675 5327 760 5370; x_wconf 86' lang='lat' dir='ltr'><strong>aut</strong></span> <span class='ocrx_word' id='word_1_455' title='bbox 779 5322 1002 5384; x_wconf 83' lang='lat' dir='ltr'><strong>centenis</strong></span> <span class='ocrx_word' id='word_1_456' title='bbox 1021 5321 1072 5368; x_wconf 91' lang='lat' dir='ltr'><strong>in</strong></span> <span class='ocrx_word' id='word_1_457' title='bbox 1095 5320 1286 5384; x_wconf 81' lang='lat' dir='ltr'><strong>modum</strong></span> <span class='ocrx_word' id='word_1_458' title='bbox 1305 5332 1368 5367; x_wconf 87' lang='lat' dir='ltr'><strong>ex</strong></span> <span class='ocrx_word' id='word_1_459' title='bbox 1389 5319 1533 5384; x_wconf 74' lang='lat' dir='ltr'><strong>variis</strong></span> <span class='ocrx_word' id='word_1_460' title='bbox 1547 5319 1736 5384; x_wconf 76' lang='lat' dir='ltr'><strong>laciniis</strong></span> <span class='ocrx_word' id='word_1_461' title='bbox 1753 5319 1932 5368; x_wconf 79' lang='lat' dir='ltr'><strong>caulla-</strong></span> 
     </span>
    </p>
   </div>
   <div class='ocr_carea' id='block_1_57' title="bbox 343 5380 1936 5441">
    <p class='ocr_par' dir='ltr' id='par_1_57' title="bbox 343 5380 1936 5441">
     <span class='ocr_line' id='line_1_58' title="bbox 343 5380 1936 5441; baseline -0.001 -11"><span class='ocrx_word' id='word_1_462' title='bbox 343 5380 489 5432; x_wconf 43' lang='lat' dir='ltr'><strong>tus‘vi</strong></span> <span class='ocrx_word' id='word_1_463' title='bbox 505 5383 716 5431; x_wconf 72' lang='lat' dir='ltr'><strong>labatur.</strong></span> <span class='ocrx_word' id='word_1_464' title='bbox 740 5387 904 5431; x_wconf 79' lang='lat' dir='ltr'><strong>Exstat</strong></span> <span class='ocrx_word' id='word_1_465' title='bbox 927 5383 1073 5430; x_wconf 89' lang='lat' dir='ltr'><strong>etiam</strong></span> <span class='ocrx_word' id='word_1_466' title='bbox 1106 5382 1235 5428; x_wconf 88' lang='lat' dir='ltr'><strong>inter</strong></span> <span class='ocrx_word' id='word_1_467' title='bbox 1257 5380 1486 5441; x_wconf 82' lang='lat' dir='ltr'><strong>opuscula</strong></span> <span class='ocrx_word' id='word_1_468' title='bbox 1510 5380 1738 5428; x_wconf 79' lang='lat' dir='ltr'><strong>Ambrosii</strong></span> <span class='ocrx_word' id='word_1_469' title='bbox 1761 5391 1816 5428; x_wconf 86' lang='lat' dir='ltr'><strong>ac</strong></span> <span class='ocrx_word' id='word_1_470' title='bbox 1836 5387 1936 5429; x_wconf 67' lang='lat' dir='ltr'><strong>Cm-</strong></span> 
     </span>
    </p>
   </div>
   <div class='ocr_carea' id='block_1_58' title="bbox 339 5441 1932 5512">
    <p class='ocr_par' dir='ltr' id='par_1_58' title="bbox 339 5441 1932 5512">
     <span class='ocr_line' id='line_1_59' title="bbox 339 5441 1932 5512; baseline -0.003 -20"><span class='ocrx_word' id='word_1_471' title='bbox 339 5445 473 5512; x_wconf 71' lang='lat' dir='ltr'><strong>sarii,</strong></span> <span class='ocrx_word' id='word_1_472' title='bbox 496 5443 732 5512; x_wconf 23' lang='lat' dir='ltr'><strong>sedAcum_</strong></span> <span class='ocrx_word' id='word_1_473' title='bbox 748 5444 934 5512; x_wconf 76' lang='lat' dir='ltr'><strong>insigni</strong></span> <span class='ocrx_word' id='word_1_474' title='bbox 946 5441 1199 5512; x_wconf 71' lang='lat' dir='ltr'><strong>varietate.</strong></span> <span class='ocrx_word' id='word_1_475' title='bbox 1213 5441 1357 5512; x_wconf 69' lang='lat' dir='ltr'><strong>_Apud</strong></span> <span class='ocrx_word' id='word_1_476' title='bbox 1381 5441 1698 5512; x_wconf 47' lang='lat' dir='ltr'><strong>ambrosium-</strong></span> <span class='ocrx_word' id='word_1_477' title='bbox 1713 5447 1764 5489; x_wconf 87' lang='lat' dir='ltr'><strong>et</strong></span> <span class='ocrx_word' id='word_1_478' title='bbox 1778 5447 1932 5512; x_wconf 57' lang='lat' dir='ltr'><strong>Casa—</strong></span> 
     </span>
    </p>
   </div>
   <div class='ocr_carea' id='block_1_59' title="bbox 337 5501 1932 5564">
    <p class='ocr_par' dir='ltr' id='par_1_59' title="bbox 337 5501 1932 5564">
     <span class='ocr_line' id='line_1_60' title="bbox 337 5501 1932 5564; baseline -0.003 -12"><span class='ocrx_word' id='word_1_479' title='bbox 337 5501 466 5553; x_wconf 85' lang='lat' dir='ltr'><strong>rinm</strong></span> <span class='ocrx_word' id='word_1_480' title='bbox 487 5505 830 5561; x_wconf 61' lang='lat' dir='ltr'><strong>praetermissis</strong></span> <span class='ocrx_word' id='word_1_481' title='bbox 845 5501 1106 5564; x_wconf 60' lang='lat' dir='ltr'><strong>&#39;prioribus</strong></span> <span class='ocrx_word' id='word_1_482' title='bbox 1129 5501 1298 5564; x_wconf 74' lang='lat' dir='ltr'><strong>viginti</strong></span> <span class='ocrx_word' id='word_1_483' title='bbox 1321 5503 1536 5564; x_wconf 86' lang='lat' dir='ltr'><strong>quinque</strong></span> <span class='ocrx_word' id='word_1_484' title='bbox 1555 5501 1793 5560; x_wconf 79' lang='lat' dir='ltr'><strong>versibus,</strong></span> <span class='ocrx_word' id='word_1_485' title='bbox 1817 5501 1932 5564; x_wconf 87' lang='lat' dir='ltr'><strong>inci-</strong></span> 
     </span>
    </p>
   </div>
   <div class='ocr_carea' id='block_1_60' title="bbox 339 5563 1936 5626">
    <p class='ocr_par' dir='ltr' id='par_1_60' title="bbox 339 5563 1936 5626">
     <span class='ocr_line' id='line_1_61' title="bbox 339 5563 1936 5626; baseline -0.002 -13"><span class='ocrx_word' id='word_1_486' title='bbox 339 5567 406 5626; x_wconf 88' lang='lat' dir='ltr'><strong>pit</strong></span> <span class='ocrx_word' id='word_1_487' title='bbox 437 5571 486 5618; x_wconf 77' lang='lat' dir='ltr'><strong>in</strong></span> <span class='ocrx_word' id='word_1_488' title='bbox 505 5564 614 5613; x_wconf 68' lang='lat' dir='ltr'><strong>haec</strong></span> <span class='ocrx_word' id='word_1_489' title='bbox 631 5565 780 5613; x_wconf 88' lang='lat' dir='ltr'><strong>verba</strong></span> <span class='ocrx_word' id='word_1_490' title='bbox 792 5577 813 5626; x_wconf 13' lang='lat'><strong>:7</strong></span> <span class='ocrx_word' id='word_1_491' title='bbox 827 5563 1121 5626; x_wconf 3' lang='lat' dir='ltr'><strong>(«’Admoneo</strong></span> <span class='ocrx_word' id='word_1_492' title='bbox 1139 5563 1240 5620; x_wconf 83' lang='lat' dir='ltr'><strong>vos,</strong></span> <span class='ocrx_word' id='word_1_493' title='bbox 1259 5563 1453 5618; x_wconf 82' lang='lat' dir='ltr'><strong>fratres,</strong></span> <span class='ocrx_word' id='word_1_494' title='bbox 1479 5563 1527 5608; x_wconf 91' lang='lat' dir='ltr'><strong>in</strong></span> <span class='ocrx_word' id='word_1_495' title='bbox 1542 5569 1805 5626; x_wconf 63' lang='lat' dir='ltr'><strong>conspectu</strong></span> <span class='ocrx_word' id='word_1_496' title='bbox 1827 5563 1936 5619; x_wconf 76' lang='lat' dir='ltr'><strong>Dei,</strong></span> 
     </span>
    </p>
   </div>
   <div class='ocr_carea' id='block_1_61' title="bbox 344 5621 1932 5692">
    <p class='ocr_par' dir='ltr' id='par_1_61' title="bbox 344 5621 1932 5692">
     <span class='ocr_line' id='line_1_62' title="bbox 344 5621 1932 5692; baseline 0 -22"><span class='ocrx_word' id='word_1_497' title='bbox 344 5621 366 5670; x_wconf 70' lang='grc' dir='ltr'><strong>ἱ</strong></span> <span class='ocrx_word' id='word_1_498' title='bbox 389 5626 737 5692; x_wconf 70' lang='lat' dir='ltr'><strong>tneoriyestro</strong></span> <span class='ocrx_word' id='word_1_499' title='bbox 761 5625 1032 5692; x_wconf 70' lang='lat' dir='ltr'><strong>adiungere</strong></span> <span class='ocrx_word' id='word_1_500' title='bbox 1049 5625 1269 5672; x_wconf 89' lang='lat' dir='ltr'><strong>timorem</strong></span> <span class='ocrx_word' id='word_1_501' title='bbox 1293 5634 1475 5692; x_wconf 69' lang='lat' dir='ltr'><strong>meum,</strong></span> <span class='ocrx_word' id='word_1_502' title='bbox 1503 5627 1599 5692; x_wconf 71' lang='lat' dir='ltr'><strong>etc.</strong></span> <span class='ocrx_word' id='word_1_503' title='bbox 1617 5621 1786 5692; x_wconf 80' lang='lat' dir='ltr'><strong>Audite</strong></span> <span class='ocrx_word' id='word_1_504' title='bbox 1811 5633 1932 5682; x_wconf 86' lang='lat' dir='ltr'><strong>ergo</strong></span> 
     </span>
    </p>
   </div>
   <div class='ocr_carea' id='block_1_62' title="bbox 343 5682 1930 5752">
    <p class='ocr_par' dir='ltr' id='par_1_62' title="bbox 343 5682 1930 5752">
     <span class='ocr_line' id='line_1_63' title="bbox 343 5682 1930 5752; baseline -0.003 -18"><span class='ocrx_word' id='word_1_505' title='bbox 343 5703 366 5730; x_wconf 84' lang='grc' dir='ltr'>ι</span> <span class='ocrx_word' id='word_1_506' title='bbox 532 5685 753 5752; x_wconf 72' lang='lat' dir='ltr'><strong>dicturps</strong></span> <span class='ocrx_word' id='word_1_507' title='bbox 772 5682 1092 5752; x_wconf 50' lang='lat' dir='ltr'><strong>stimJCertus</strong></span> <span class='ocrx_word' id='word_1_508' title='bbox 1113 5695 1235 5752; x_wconf 77' lang='lat' dir='ltr'><strong>sum,</strong></span> <span class='ocrx_word' id='word_1_509' title='bbox 1257 5697 1279 5725; x_wconf 61' lang='grc' dir='ltr'><strong>θ</strong></span> <span class='ocrx_word' id='word_1_510' title='bbox 1312 5687 1407 5752; x_wconf 67' lang='lat' dir='ltr'><strong>etc.</strong></span> <span class='ocrx_word' id='word_1_511' title='bbox 1432 5682 1505 5730; x_wconf 84' lang='lat' dir='ltr'><strong>sic</strong></span> <span class='ocrx_word' id='word_1_512' title='bbox 1543 5682 1595 5752; x_wconf 87' lang='lat' dir='ltr'><strong>in</strong></span> <span class='ocrx_word' id='word_1_513' title='bbox 1625 5683 1782 5752; x_wconf 75' lang='lat' dir='ltr'><strong>veteri</strong></span> <span class='ocrx_word' id='word_1_514' title='bbox 1808 5693 1930 5752; x_wconf 76' lang='lat' dir='ltr'><strong>quo-</strong></span> 
     </span>
    </p>
   </div>
   <div class='ocr_carea' id='block_1_63' title="bbox 333 5745 1929 5807">
    <p class='ocr_par' dir='ltr' id='par_1_63' title="bbox 333 5745 1929 5807">
     <span class='ocr_line' id='line_1_64' title="bbox 333 5745 1929 5807; baseline -0.004 -11"><span class='ocrx_word' id='word_1_515' title='bbox 333 5745 432 5807; x_wconf 77' lang='lat' dir='ltr'><strong>que</strong></span> <span class='ocrx_word' id='word_1_516' title='bbox 451 5745 831 5807; x_wconf 78' lang='lat' dir='ltr'><strong>libro_Ecclesite</strong></span> <span class='ocrx_word' id='word_1_517' title='bbox 852 5745 1178 5806; x_wconf 82' lang='lat' dir='ltr'><strong>Carnutensis,</strong></span> <span class='ocrx_word' id='word_1_518' title='bbox 1205 5745 1254 5792; x_wconf 92' lang='lat' dir='ltr'><strong>in</strong></span> <span class='ocrx_word' id='word_1_519' title='bbox 1277 5753 1378 5805; x_wconf 87' lang='lat' dir='ltr'><strong>quo</strong></span> <span class='ocrx_word' id='word_1_520' title='bbox 1396 5749 1557 5794; x_wconf 84' lang='lat' dir='ltr'><strong>tamen</strong></span> <span class='ocrx_word' id='word_1_521' title='bbox 1579 5745 1827 5804; x_wconf 82' lang='lat' dir='ltr'><strong>Augustini</strong></span> <span class='ocrx_word' id='word_1_522' title='bbox 1847 5755 1929 5791; x_wconf 84' lang='lat' dir='ltr'><strong>no-</strong></span> 
     </span>
    </p>
   </div>
   <div class='ocr_carea' id='block_1_64' title="bbox 335 5805 690 5870">
    <p class='ocr_par' dir='ltr' id='par_1_64' title="bbox 335 5805 690 5870">
     <span class='ocr_line' id='line_1_65' title="bbox 335 5805 690 5870; baseline -0.003 -10"><span class='ocrx_word' id='word_1_523' title='bbox 335 5805 451 5860; x_wconf 67' lang='lat' dir='ltr'><strong>men</strong></span> <span class='ocrx_word' id='word_1_524' title='bbox 470 5805 690 5870; x_wconf 66' lang='lat' dir='ltr'><strong>praefert.</strong></span> 
     </span>
    </p>
   </div>
   <div class='ocr_carea' id='block_1_65' title="bbox 1746 371 2315 435">
    <p class='ocr_par' dir='ltr' id='par_1_65' title="bbox 1746 371 2315 435">
     <span class='ocr_line' id='line_1_66' title="bbox 1746 371 2315 435; baseline 0.011 -11"><span class='ocrx_word' id='word_1_525' title='bbox 1746 371 1972 428; x_wconf 71' lang='lat' dir='ltr'><strong>SERMO</strong></span> <span class='ocrx_word' id='word_1_526' title='bbox 2010 371 2315 435; x_wconf 84' lang='lat' dir='ltr'><strong>CCCXClli.</strong></span> 
     </span>
    </p>
   </div>
   <div class='ocr_carea' id='block_1_66' title="bbox 3503 395 3652 456">
    <p class='ocr_par' dir='ltr' id='par_1_66' title="bbox 3503 395 3652 456">
     <span class='ocr_line' id='line_1_67' title="bbox 3503 395 3652 456; baseline 0.04 -6"><span class='ocrx_word' id='word_1_527' title='bbox 3503 395 3652 456; x_wconf 70' lang='grc' dir='ltr'><strong>17Ιὸ</strong></span> 
     </span>
    </p>
   </div>
   <div class='ocr_carea' id='block_1_67' title="bbox 2075 491 3641 582">
    <p class='ocr_par' dir='ltr' id='par_1_67' title="bbox 2075 491 3641 582">
     <span class='ocr_line' id='line_1_68' title="bbox 2075 491 3641 582; baseline 0.015 -38"><span class='ocrx_word' id='word_1_528' title='bbox 2075 491 2169 546; x_wconf 85' lang='lat' dir='ltr'><strong>sed</strong></span> <span class='ocrx_word' id='word_1_529' title='bbox 2201 495 2386 548; x_wconf 87' lang='lat' dir='ltr'><strong>transit</strong></span> <span class='ocrx_word' id='word_1_530' title='bbox 2409 493 2475 550; x_wconf 89' lang='lat' dir='ltr'><strong>de</strong></span> <span class='ocrx_word' id='word_1_531' title='bbox 2502 495 2605 550; x_wconf 86' lang='lat' dir='ltr'><strong>vita</strong></span> <span class='ocrx_word' id='word_1_532' title='bbox 2635 499 2684 553; x_wconf 87' lang='lat' dir='ltr'><strong>in</strong></span> <span class='ocrx_word' id='word_1_533' title='bbox 2709 501 2892 569; x_wconf 88' lang='lat' dir='ltr'><strong>vitam,</strong></span> <span class='ocrx_word' id='word_1_534' title='bbox 2920 501 2986 558; x_wconf 86' lang='lat' dir='ltr'><strong>de</strong></span> <span class='ocrx_word' id='word_1_535' title='bbox 3011 503 3273 562; x_wconf 90' lang='lat' dir='ltr'><strong>laboriosa</strong></span> <span class='ocrx_word' id='word_1_536' title='bbox 3301 507 3368 563; x_wconf 88' lang='lat' dir='ltr'><strong>ad</strong></span> <span class='ocrx_word' id='word_1_537' title='bbox 3388 510 3641 582; x_wconf 85' lang='lat' dir='ltr'><strong>quietam,</strong></span> 
     </span>
    </p>
   </div>
   <div class='ocr_carea' id='block_1_68' title="bbox 2069 581 3646 660">
    <p class='ocr_par' dir='ltr' id='par_1_68' title="bbox 2069 581 3646 660">
     <span class='ocr_line' id='line_1_69' title="bbox 2069 581 3646 660; baseline 0.016 -26"><span class='ocrx_word' id='word_1_538' title='bbox 2069 581 2136 635; x_wconf 89' lang='lat' dir='ltr'><strong>de</strong></span> <span class='ocrx_word' id='word_1_539' title='bbox 2170 583 2360 639; x_wconf 87' lang='lat' dir='ltr'><strong>misera</strong></span> <span class='ocrx_word' id='word_1_540' title='bbox 2399 585 2466 640; x_wconf 90' lang='lat' dir='ltr'><strong>ad</strong></span> <span class='ocrx_word' id='word_1_541' title='bbox 2498 587 2707 644; x_wconf 88' lang='lat' dir='ltr'><strong>beatam</strong></span> <span class='ocrx_word' id='word_1_542' title='bbox 2733 607 2746 645; x_wconf 88' lang='lat'><strong>:</strong></span> <span class='ocrx_word' id='word_1_543' title='bbox 2787 591 2901 648; x_wconf 84' lang='lat' dir='ltr'><strong>sive</strong></span> <span class='ocrx_word' id='word_1_544' title='bbox 2927 593 3028 649; x_wconf 90' lang='lat' dir='ltr'><strong>iste</strong></span> <span class='ocrx_word' id='word_1_545' title='bbox 3057 595 3322 653; x_wconf 87' lang='lat' dir='ltr'><strong>voluntate</strong></span> <span class='ocrx_word' id='word_1_546' title='bbox 3348 614 3441 654; x_wconf 88' lang='lat' dir='ltr'><strong>sua</strong></span> <span class='ocrx_word' id='word_1_547' title='bbox 3467 581 3646 660; x_wconf 79' lang='lat' dir='ltr'><strong>currat</strong></span> 
     </span>
    </p>
   </div>
   <div class='ocr_carea' id='block_1_69' title="bbox 2067 673 3642 765">
    <p class='ocr_par' dir='ltr' id='par_1_69' title="bbox 2067 673 3642 765">
     <span class='ocr_line' id='line_1_70' title="bbox 2067 673 3642 765; baseline 0.017 -39"><span class='ocrx_word' id='word_1_548' title='bbox 2067 673 2132 728; x_wconf 90' lang='lat' dir='ltr'><strong>ad</strong></span> <span class='ocrx_word' id='word_1_549' title='bbox 2156 675 2503 744; x_wconf 88' lang='lat' dir='ltr'><strong>Baptismum,</strong></span> <span class='ocrx_word' id='word_1_550' title='bbox 2523 679 2633 735; x_wconf 89' lang='lat' dir='ltr'><strong>sive</strong></span> <span class='ocrx_word' id='word_1_551' title='bbox 2650 680 2702 736; x_wconf 89' lang='lat' dir='ltr'><strong>in</strong></span> <span class='ocrx_word' id='word_1_552' title='bbox 2731 685 2964 752; x_wconf 89' lang='lat' dir='ltr'><strong>periculo</strong></span> <span class='ocrx_word' id='word_1_553' title='bbox 2987 688 3307 746; x_wconf 89' lang='lat' dir='ltr'><strong>constitutus</strong></span> <span class='ocrx_word' id='word_1_554' title='bbox 3328 692 3642 765; x_wconf 75' lang='lat' dir='ltr'><strong>baptizetur&#39;,</strong></span> 
     </span>
    </p>
   </div>
   <div class='ocr_carea' id='block_1_70' title="bbox 2067 768 3643 855">
    <p class='ocr_par' dir='ltr' id='par_1_70' title="bbox 2067 768 3643 855">
     <span class='ocr_line' id='line_1_71' title="bbox 2067 768 3643 855; baseline 0.015 -38"><span class='ocrx_word' id='word_1_555' title='bbox 2067 773 2119 819; x_wconf 88' lang='lat' dir='ltr'><strong>et</strong></span> <span class='ocrx_word' id='word_1_556' title='bbox 2144 775 2299 820; x_wconf 85' lang='lat' dir='ltr'><strong>exeat</strong></span> <span class='ocrx_word' id='word_1_557' title='bbox 2328 768 2390 821; x_wconf 91' lang='lat' dir='ltr'><strong>de</strong></span> <span class='ocrx_word' id='word_1_558' title='bbox 2419 768 2517 823; x_wconf 84' lang='lat' dir='ltr'><strong>hac</strong></span> <span class='ocrx_word' id='word_1_559' title='bbox 2543 771 2668 836; x_wconf 89' lang='lat' dir='ltr'><strong>vita,</strong></span> <span class='ocrx_word' id='word_1_560' title='bbox 2709 773 2775 827; x_wconf 89' lang='lat' dir='ltr'><strong>ad</strong></span> <span class='ocrx_word' id='word_1_561' title='bbox 2805 775 3083 832; x_wconf 87' lang='lat' dir='ltr'><strong>Dominum</strong></span> <span class='ocrx_word' id='word_1_562' title='bbox 3113 781 3276 848; x_wconf 85' lang='lat' dir='ltr'><strong>vadit,</strong></span> <span class='ocrx_word' id='word_1_563' title='bbox 3315 784 3380 837; x_wconf 87' lang='lat' dir='ltr'><strong>ad</strong></span> <span class='ocrx_word' id='word_1_564' title='bbox 3407 787 3643 855; x_wconf 89' lang='lat' dir='ltr'><strong>requiem</strong></span> 
     </span>
    </p>
   </div>
   <div class='ocr_carea' id='block_1_71' title="bbox 2065 855 3645 934">
    <p class='ocr_par' dir='ltr' id='par_1_71' title="bbox 2065 855 3645 934">
     <span class='ocr_line' id='line_1_72' title="bbox 2065 855 3645 934; baseline 0.018 -28"><span class='ocrx_word' id='word_1_565' title='bbox 2065 855 2226 909; x_wconf 85' lang='lat' dir='ltr'><strong>vadit.</strong></span> <span class='ocrx_word' id='word_1_566' title='bbox 2279 857 2582 928; x_wconf 85' lang='lat' dir='ltr'><strong>Baptizatus</strong></span> <span class='ocrx_word' id='word_1_567' title='bbox 2631 871 2809 920; x_wconf 89' lang='lat' dir='ltr'><strong>autem</strong></span> <span class='ocrx_word' id='word_1_568' title='bbox 2851 866 3094 925; x_wconf 85' lang='lat' dir='ltr'><strong>desertor</strong></span> <span class='ocrx_word' id='word_1_569' title='bbox 3143 880 3198 927; x_wconf 88' lang='lat' dir='ltr'><strong>et</strong></span> <span class='ocrx_word' id='word_1_570' title='bbox 3243 873 3470 931; x_wconf 85' lang='lat' dir='ltr'><strong>violator</strong></span> <span class='ocrx_word' id='word_1_571' title='bbox 3514 881 3645 934; x_wconf 85' lang='lat' dir='ltr'><strong>tanti</strong></span> 
     </span>
    </p>
   </div>
   <div class='ocr_carea' id='block_1_72' title="bbox 2065 945 3646 1034">
    <p class='ocr_par' dir='ltr' id='par_1_72' title="bbox 2065 945 3646 1034">
     <span class='ocr_line' id='line_1_73' title="bbox 2065 945 3646 1034; baseline 0.016 -35"><span class='ocrx_word' id='word_1_572' title='bbox 2065 945 2416 1017; x_wconf 86' lang='lat' dir='ltr'><strong>Sacramenti,</strong></span> <span class='ocrx_word' id='word_1_573' title='bbox 2462 953 2507 1006; x_wconf 90' lang='lat' dir='ltr'><strong>si</strong></span> <span class='ocrx_word' id='word_1_574' title='bbox 2560 963 2680 1024; x_wconf 81' lang='lat' dir='ltr'><strong>agat</strong></span> <span class='ocrx_word' id='word_1_575' title='bbox 2727 959 3093 1025; x_wconf 68' lang='lat' dir='ltr'><strong>paenitentiam</strong></span> <span class='ocrx_word' id='word_1_576' title='bbox 3124 978 3190 1018; x_wconf 82' lang='lat' dir='ltr'><strong>ex</strong></span> <span class='ocrx_word' id='word_1_577' title='bbox 3238 973 3347 1021; x_wconf 89' lang='lat' dir='ltr'><strong>toto</strong></span> <span class='ocrx_word' id='word_1_578' title='bbox 3389 969 3569 1034; x_wconf 89' lang='lat' dir='ltr'><strong>corde,</strong></span> <span class='ocrx_word' id='word_1_579' title='bbox 3601 970 3646 1026; x_wconf 91' lang='lat' dir='ltr'><strong>si</strong></span> 
     </span>
    </p>
   </div>
   <div class='ocr_carea' id='block_1_73' title="bbox 2063 1044 3640 1128">
    <p class='ocr_par' dir='ltr' id='par_1_73' title="bbox 2063 1044 3640 1128">
     <span class='ocr_line' id='line_1_74' title="bbox 2063 1044 3640 1128; baseline 0.015 -36"><span class='ocrx_word' id='word_1_580' title='bbox 2063 1049 2182 1108; x_wconf 85' lang='lat' dir='ltr'><strong>agat</strong></span> <span class='ocrx_word' id='word_1_581' title='bbox 2203 1044 2564 1111; x_wconf 64' lang='lat' dir='ltr'><strong>paenitentiam</strong></span> <span class='ocrx_word' id='word_1_582' title='bbox 2591 1047 2678 1102; x_wconf 88' lang='lat' dir='ltr'><strong>ubi</strong></span> <span class='ocrx_word' id='word_1_583' title='bbox 2704 1049 2844 1104; x_wconf 90' lang='lat' dir='ltr'><strong>Deus</strong></span> <span class='ocrx_word' id='word_1_584' title='bbox 2864 1051 3022 1116; x_wconf 87' lang='lat' dir='ltr'><strong>videt,</strong></span> <span class='ocrx_word' id='word_1_585' title='bbox 3056 1055 3143 1124; x_wconf 89' lang='lat' dir='ltr'><strong>qui</strong></span> <span class='ocrx_word' id='word_1_586' title='bbox 3175 1057 3306 1111; x_wconf 89' lang='lat' dir='ltr'><strong>vidit</strong></span> <span class='ocrx_word' id='word_1_587' title='bbox 3333 1074 3426 1113; x_wconf 90' lang='lat' dir='ltr'><strong>cor</strong></span> <span class='ocrx_word' id='word_1_588' title='bbox 3455 1061 3640 1128; x_wconf 86' lang='lat' dir='ltr'><strong>David,</strong></span> 
     </span>
    </p>
   </div>
   <div class='ocr_carea' id='block_1_74' title="bbox 2063 1134 3638 1220">
    <p class='ocr_par' dir='ltr' id='par_1_74' title="bbox 2063 1134 3638 1220">
     <span class='ocr_line' id='line_1_75' title="bbox 2063 1134 3638 1220; baseline 0.015 -36"><span class='ocrx_word' id='word_1_589' title='bbox 2063 1134 2274 1202; x_wconf 86' lang='lat' dir='ltr'><strong>quando</strong></span> <span class='ocrx_word' id='word_1_590' title='bbox 2301 1135 2600 1205; x_wconf 88' lang='lat' dir='ltr'><strong>increpatus</strong></span> <span class='ocrx_word' id='word_1_591' title='bbox 2629 1153 2657 1192; x_wconf 90' lang='lat' dir='ltr'><strong>a</strong></span> <span class='ocrx_word' id='word_1_592' title='bbox 2685 1141 2964 1210; x_wconf 85' lang='lat' dir='ltr'><strong>propheta,</strong></span> <span class='ocrx_word' id='word_1_593' title='bbox 2987 1154 3040 1198; x_wconf 92' lang='lat' dir='ltr'><strong>et</strong></span> <span class='ocrx_word' id='word_1_594' title='bbox 3067 1147 3297 1214; x_wconf 84' lang='lat' dir='ltr'><strong>graviter</strong></span> <span class='ocrx_word' id='word_1_595' title='bbox 3315 1150 3638 1220; x_wconf 89' lang='lat' dir='ltr'><strong>increpatus,</strong></span> 
     </span>
    </p>
   </div>
   <div class='ocr_carea' id='block_1_75' title="bbox 2064 1227 3642 1314">
    <p class='ocr_par' dir='ltr' id='par_1_75' title="bbox 2064 1227 3642 1314">
     <span class='ocr_line' id='line_1_76' title="bbox 2064 1227 3642 1314; baseline 0.011 -38"><span class='ocrx_word' id='word_1_596' title='bbox 2064 1235 2183 1292; x_wconf 90' lang='lat' dir='ltr'><strong>post</strong></span> <span class='ocrx_word' id='word_1_597' title='bbox 2206 1227 2646 1284; x_wconf 90' lang='lat' dir='ltr'><strong>comminationes</strong></span> <span class='ocrx_word' id='word_1_598' title='bbox 2675 1230 2766 1284; x_wconf 89' lang='lat' dir='ltr'><strong>Dei</strong></span> <span class='ocrx_word' id='word_1_599' title='bbox 2792 1233 3054 1288; x_wconf 89' lang='lat' dir='ltr'><strong>terribiles</strong></span> <span class='ocrx_word' id='word_1_600' title='bbox 3080 1237 3414 1305; x_wconf 86' lang='lat' dir='ltr'><strong>exclamavit,</strong></span> <span class='ocrx_word' id='word_1_601' title='bbox 3439 1241 3642 1314; x_wconf 76' lang='lat' dir='ltr'><strong>dicens,</strong></span> 
     </span>
    </p>
   </div>
   <div class='ocr_carea' id='block_1_76' title="bbox 2064 1313 3640 1404">
    <p class='ocr_par' dir='ltr' id='par_1_76' title="bbox 2064 1313 3640 1404">
     <span class='ocr_line' id='line_1_77' title="bbox 2064 1313 3640 1404; baseline 0.015 -37"><span class='ocrx_word' id='word_1_602' title='bbox 2064 1313 2308 1380; x_wconf 84' lang='lat' dir='ltr'><strong>Peccavi;</strong></span> <span class='ocrx_word' id='word_1_603' title='bbox 2353 1325 2408 1372; x_wconf 90' lang='lat' dir='ltr'><strong>et</strong></span> <span class='ocrx_word' id='word_1_604' title='bbox 2434 1333 2556 1373; x_wconf 85' lang='lat' dir='ltr'><strong>mox</strong></span> <span class='ocrx_word' id='word_1_605' title='bbox 2582 1322 2800 1390; x_wconf 89' lang='lat' dir='ltr'><strong>audivit,</strong></span> <span class='ocrx_word' id='word_1_606' title='bbox 2847 1323 3095 1381; x_wconf 82' lang='lat' dir='ltr'><strong>Dominus</strong></span> <span class='ocrx_word' id='word_1_607' title='bbox 3138 1328 3340 1384; x_wconf 78' lang='lat' dir='ltr'><strong>abstulit</strong></span> <span class='ocrx_word' id='word_1_608' title='bbox 3384 1313 3640 1404; x_wconf 75' lang='lat' dir='ltr'><strong>peccatum</strong></span> 
     </span>
    </p>
   </div>
   <div class='ocr_carea' id='block_1_77' title="bbox 2064 1404 3643 1496">
    <p class='ocr_par' dir='ltr' id='par_1_77' title="bbox 2064 1404 3643 1496">
     <span class='ocr_line' id='line_1_78' title="bbox 2064 1404 3643 1496; baseline 0.015 -39"><span class='ocrx_word' id='word_1_609' title='bbox 2064 1413 2202 1460; x_wconf 87' lang='lat' dir='ltr'><strong>tuum</strong></span> <span class='ocrx_word' id='word_1_610' title='bbox 2231 1404 2315 1480; x_wconf 93' lang='lat' dir='ltr'><strong>(ll</strong></span> <span class='ocrx_word' id='word_1_611' title='bbox 2346 1407 2473 1480; x_wconf 86' lang='lat' dir='ltr'><strong>Reg.</strong></span> <span class='ocrx_word' id='word_1_612' title='bbox 2506 1427 2598 1476; x_wconf 83' lang='lat' dir='ltr'><strong>xu,</strong></span> <span class='ocrx_word' id='word_1_613' title='bbox 2647 1411 2714 1466; x_wconf 79' lang='lat' dir='ltr'><strong>l5</strong></span> <span class='ocrx_word' id='word_1_614' title='bbox 2737 1413 2776 1483; x_wconf 93' lang='lat'><strong>).</strong></span> <span class='ocrx_word' id='word_1_615' title='bbox 2808 1413 3033 1469; x_wconf 89' lang='lat' dir='ltr'><strong>Tantum</strong></span> <span class='ocrx_word' id='word_1_616' title='bbox 3063 1417 3240 1474; x_wconf 87' lang='lat' dir='ltr'><strong>valent</strong></span> <span class='ocrx_word' id='word_1_617' title='bbox 3271 1429 3378 1476; x_wconf 89' lang='lat' dir='ltr'><strong>tres</strong></span> <span class='ocrx_word' id='word_1_618' title='bbox 3407 1424 3643 1496; x_wconf 63' lang='lat' dir='ltr'><strong>syllabae.</strong></span> 
     </span>
    </p>
   </div>
   <div class='ocr_carea' id='block_1_78' title="bbox 2063 1496 3643 1586">
    <p class='ocr_par' dir='ltr' id='par_1_78' title="bbox 2063 1496 3643 1586">
     <span class='ocr_line' id='line_1_79' title="bbox 2063 1496 3643 1586; baseline 0.014 -35"><span class='ocrx_word' id='word_1_619' title='bbox 2063 1496 2196 1554; x_wconf 89' lang='lat' dir='ltr'><strong>Tres</strong></span> <span class='ocrx_word' id='word_1_620' title='bbox 2219 1499 2433 1570; x_wconf 72' lang='lat' dir='ltr'><strong>syllaba:</strong></span> <span class='ocrx_word' id='word_1_621' title='bbox 2460 1511 2604 1570; x_wconf 90' lang='lat' dir='ltr'><strong>sunt,</strong></span> <span class='ocrx_word' id='word_1_622' title='bbox 2631 1502 2844 1559; x_wconf 84' lang='lat' dir='ltr'><strong>Peccavi</strong></span> <span class='ocrx_word' id='word_1_623' title='bbox 2868 1523 2886 1560; x_wconf 92' lang='lat'><em>:</em></span> <span class='ocrx_word' id='word_1_624' title='bbox 2906 1507 3000 1561; x_wconf 85' lang='lat' dir='ltr'><strong>sed</strong></span> <span class='ocrx_word' id='word_1_625' title='bbox 3023 1509 3073 1563; x_wconf 90' lang='lat' dir='ltr'><strong>in</strong></span> <span class='ocrx_word' id='word_1_626' title='bbox 3103 1509 3185 1565; x_wconf 85' lang='lat' dir='ltr'><strong>his</strong></span> <span class='ocrx_word' id='word_1_627' title='bbox 3213 1513 3380 1568; x_wconf 91' lang='lat' dir='ltr'><strong>tribus</strong></span> <span class='ocrx_word' id='word_1_628' title='bbox 3406 1517 3643 1586; x_wconf 82' lang='lat' dir='ltr'><strong>syllabis,</strong></span> 
     </span>
    </p>
   </div>
   <div class='ocr_carea' id='block_1_79' title="bbox 2063 1587 3647 1679">
    <p class='ocr_par' dir='ltr' id='par_1_79' title="bbox 2063 1587 3647 1679">
     <span class='ocr_line' id='line_1_80' title="bbox 2063 1587 3647 1679; baseline 0.014 -38"><span class='ocrx_word' id='word_1_629' title='bbox 2063 1587 2274 1644; x_wconf 87' lang='lat' dir='ltr'><strong>ﬂamma</strong></span> <span class='ocrx_word' id='word_1_630' title='bbox 2307 1591 2551 1647; x_wconf 78' lang='lat' dir='ltr'><strong>sacrificii</strong></span> <span class='ocrx_word' id='word_1_631' title='bbox 2580 1594 2758 1648; x_wconf 89' lang='lat' dir='ltr'><strong>cordis</strong></span> <span class='ocrx_word' id='word_1_632' title='bbox 2783 1597 3019 1652; x_wconf 90' lang='lat' dir='ltr'><strong>ascendit</strong></span> <span class='ocrx_word' id='word_1_633' title='bbox 3045 1598 3096 1653; x_wconf 92' lang='lat' dir='ltr'><strong>in</strong></span> <span class='ocrx_word' id='word_1_634' title='bbox 3126 1601 3340 1656; x_wconf 61' lang='lat' dir='ltr'><strong>caelum.</strong></span> <span class='ocrx_word' id='word_1_635' title='bbox 3388 1605 3528 1675; x_wconf 86' lang='lat' dir='ltr'><strong>Ergo</strong></span> <span class='ocrx_word' id='word_1_636' title='bbox 3556 1609 3647 1679; x_wconf 88' lang='lat' dir='ltr'><strong>qui</strong></span> 
     </span>
    </p>
   </div>
   <div class='ocr_carea' id='block_1_80' title="bbox 2062 1680 3645 1768">
    <p class='ocr_par' dir='ltr' id='par_1_80' title="bbox 2062 1680 3645 1768">
     <span class='ocr_line' id='line_1_81' title="bbox 2062 1680 3645 1768; baseline 0.013 -35"><span class='ocrx_word' id='word_1_637' title='bbox 2062 1680 2231 1748; x_wconf 86' lang='lat' dir='ltr'><strong>egerit</strong></span> <span class='ocrx_word' id='word_1_638' title='bbox 2257 1683 2521 1737; x_wconf 86' lang='lat' dir='ltr'><strong>veraciter</strong></span> <span class='ocrx_word' id='word_1_639' title='bbox 2548 1685 2930 1754; x_wconf 82' lang='lat' dir='ltr'><strong>paenitentiam,</strong></span> <span class='ocrx_word' id='word_1_640' title='bbox 2961 1699 3012 1742; x_wconf 89' lang='lat' dir='ltr'><strong>et</strong></span> <span class='ocrx_word' id='word_1_641' title='bbox 3039 1691 3246 1747; x_wconf 87' lang='lat' dir='ltr'><strong>solutus</strong></span> <span class='ocrx_word' id='word_1_642' title='bbox 3275 1693 3428 1750; x_wconf 83' lang='lat' dir='ltr'><strong>fuerit</strong></span> <span class='ocrx_word' id='word_1_643' title='bbox 3456 1712 3486 1750; x_wconf 90' lang='lat' dir='ltr'><strong>a</strong></span> <span class='ocrx_word' id='word_1_644' title='bbox 3513 1697 3645 1768; x_wconf 80' lang='lat' dir='ltr'><strong>liga—</strong></span> 
     </span>
    </p>
   </div>
   <div class='ocr_carea' id='block_1_81' title="bbox 2063 1775 3647 1858">
    <p class='ocr_par' dir='ltr' id='par_1_81' title="bbox 2063 1775 3647 1858">
     <span class='ocr_line' id='line_1_82' title="bbox 2063 1775 3647 1858; baseline 0.016 -38"><span class='ocrx_word' id='word_1_645' title='bbox 2063 1779 2244 1824; x_wconf 88' lang='lat' dir='ltr'><strong>mento</strong></span> <span class='ocrx_word' id='word_1_646' title='bbox 2273 1785 2377 1839; x_wconf 91' lang='lat' dir='ltr'><strong>quo</strong></span> <span class='ocrx_word' id='word_1_647' title='bbox 2403 1779 2516 1826; x_wconf 90' lang='lat' dir='ltr'><strong>erat</strong></span> <span class='ocrx_word' id='word_1_648' title='bbox 2541 1775 2860 1831; x_wconf 89' lang='lat' dir='ltr'><strong>constrictus</strong></span> <span class='ocrx_word' id='word_1_649' title='bbox 2889 1786 2940 1831; x_wconf 85' lang='lat' dir='ltr'><strong>et</strong></span> <span class='ocrx_word' id='word_1_650' title='bbox 2965 1793 2993 1830; x_wconf 89' lang='lat' dir='ltr'><strong>a</strong></span> <span class='ocrx_word' id='word_1_651' title='bbox 3021 1777 3214 1836; x_wconf 85' lang='lat' dir='ltr'><strong>Christi</strong></span> <span class='ocrx_word' id='word_1_652' title='bbox 3242 1797 3464 1853; x_wconf 88' lang='lat' dir='ltr'><strong>corpore</strong></span> <span class='ocrx_word' id='word_1_653' title='bbox 3489 1802 3647 1858; x_wconf 83' lang='lat' dir='ltr'><strong>sepa-</strong></span> 
     </span>
    </p>
   </div>
   <div class='ocr_carea' id='block_1_82' title="bbox 2061 1859 3645 1938">
    <p class='ocr_par' dir='ltr' id='par_1_82' title="bbox 2061 1859 3645 1938">
     <span class='ocr_line' id='line_1_83' title="bbox 2061 1859 3645 1938; baseline 0.015 -29"><span class='ocrx_word' id='word_1_654' title='bbox 2061 1865 2229 1922; x_wconf 89' lang='lat' dir='ltr'><strong>ratus,</strong></span> <span class='ocrx_word' id='word_1_655' title='bbox 2263 1867 2315 1913; x_wconf 86' lang='lat' dir='ltr'><strong>et</strong></span> <span class='ocrx_word' id='word_1_656' title='bbox 2344 1859 2478 1915; x_wconf 89' lang='lat' dir='ltr'><strong>bene</strong></span> <span class='ocrx_word' id='word_1_657' title='bbox 2525 1871 2645 1930; x_wconf 89' lang='lat' dir='ltr'><strong>post</strong></span> <span class='ocrx_word' id='word_1_658' title='bbox 2673 1865 3036 1933; x_wconf 67' lang='lat' dir='ltr'><strong>paenitentiam</strong></span> <span class='ocrx_word' id='word_1_659' title='bbox 3081 1869 3290 1938; x_wconf 85' lang='lat' dir='ltr'><strong>vixerit,</strong></span> <span class='ocrx_word' id='word_1_660' title='bbox 3339 1873 3475 1930; x_wconf 91' lang='lat' dir='ltr'><strong>sicut</strong></span> <span class='ocrx_word' id='word_1_661' title='bbox 3519 1887 3645 1934; x_wconf 86' lang='lat' dir='ltr'><strong>ante</strong></span> 
     </span>
    </p>
   </div>
   <div class='ocr_carea' id='block_1_83' title="bbox 2063 1949 3642 2027">
    <p class='ocr_par' dir='ltr' id='par_1_83' title="bbox 2063 1949 3642 2027">
     <span class='ocr_line' id='line_1_84' title="bbox 2063 1949 3642 2027; baseline 0.015 -26"><span class='ocrx_word' id='word_1_662' title='bbox 2063 1949 2424 2016; x_wconf 79' lang='lat' dir='ltr'><strong>pmnitentiam</strong></span> <span class='ocrx_word' id='word_1_663' title='bbox 2480 1953 2656 2008; x_wconf 88' lang='lat' dir='ltr'><strong>vivere</strong></span> <span class='ocrx_word' id='word_1_664' title='bbox 2709 1956 2928 2023; x_wconf 90' lang='lat' dir='ltr'><strong>debuit,</strong></span> <span class='ocrx_word' id='word_1_665' title='bbox 2986 1967 3105 2027; x_wconf 87' lang='lat' dir='ltr'><strong>post</strong></span> <span class='ocrx_word' id='word_1_666' title='bbox 3155 1965 3642 2024; x_wconf 88' lang='lat' dir='ltr'><strong>reconciliationem</strong></span> 
     </span>
    </p>
   </div>
   <div class='ocr_carea' id='block_1_84' title="bbox 2061 2040 3643 2127">
    <p class='ocr_par' dir='ltr' id='par_1_84' title="bbox 2061 2040 3643 2127">
     <span class='ocr_line' id='line_1_85' title="bbox 2061 2040 3643 2127; baseline 0.015 -34"><span class='ocrx_word' id='word_1_667' title='bbox 2061 2040 2500 2112; x_wconf 87' lang='lat' dir='ltr'><strong>quandocumque</strong></span> <span class='ocrx_word' id='word_1_668' title='bbox 2529 2045 2806 2102; x_wconf 81' lang='lat' dir='ltr'><strong>defunctus</strong></span> <span class='ocrx_word' id='word_1_669' title='bbox 2853 2047 3028 2116; x_wconf 82' lang='lat' dir='ltr'><strong>fuerit,</strong></span> <span class='ocrx_word' id='word_1_670' title='bbox 3057 2050 3125 2104; x_wconf 91' lang='lat' dir='ltr'><strong>ad</strong></span> <span class='ocrx_word' id='word_1_671' title='bbox 3173 2055 3338 2110; x_wconf 90' lang='lat' dir='ltr'><strong>Deum</strong></span> <span class='ocrx_word' id='word_1_672' title='bbox 3369 2058 3533 2127; x_wconf 87' lang='lat' dir='ltr'><strong>vadit,</strong></span> <span class='ocrx_word' id='word_1_673' title='bbox 3575 2061 3643 2116; x_wconf 86' lang='lat' dir='ltr'><strong>ad</strong></span> 
     </span>
    </p>
   </div>
   <div class='ocr_carea' id='block_1_85' title="bbox 2061 2130 3638 2218">
    <p class='ocr_par' dir='ltr' id='par_1_85' title="bbox 2061 2130 3638 2218">
     <span class='ocr_line' id='line_1_86' title="bbox 2061 2130 3638 2218; baseline 0.015 -37"><span class='ocrx_word' id='word_1_674' title='bbox 2061 2130 2300 2198; x_wconf 89' lang='lat' dir='ltr'><strong>requiem</strong></span> <span class='ocrx_word' id='word_1_675' title='bbox 2345 2133 2508 2196; x_wconf 86' lang='lat' dir='ltr'><strong>vadit,</strong></span> <span class='ocrx_word' id='word_1_676' title='bbox 2541 2151 2704 2205; x_wconf 86' lang='lat' dir='ltr'><strong>regno</strong></span> <span class='ocrx_word' id='word_1_677' title='bbox 2737 2137 2828 2192; x_wconf 90' lang='lat' dir='ltr'><strong>Dei</strong></span> <span class='ocrx_word' id='word_1_678' title='bbox 2875 2153 2978 2192; x_wconf 92' lang='lat' dir='ltr'><strong>non</strong></span> <span class='ocrx_word' id='word_1_679' title='bbox 3011 2140 3323 2208; x_wconf 89' lang='lat' dir='ltr'><strong>privabitur,</strong></span> <span class='ocrx_word' id='word_1_680' title='bbox 3372 2161 3402 2200; x_wconf 90' lang='lat' dir='ltr'><strong>a</strong></span> <span class='ocrx_word' id='word_1_681' title='bbox 3445 2149 3638 2218; x_wconf 87' lang='lat' dir='ltr'><strong>populo</strong></span> 
     </span>
    </p>
   </div>
   <div class='ocr_carea' id='block_1_86' title="bbox 2061 2219 3644 2303">
    <p class='ocr_par' dir='ltr' id='par_1_86' title="bbox 2061 2219 3644 2303">
     <span class='ocr_line' id='line_1_87' title="bbox 2061 2219 3644 2303; baseline 0.013 -29"><span class='ocrx_word' id='word_1_682' title='bbox 2061 2219 2257 2276; x_wconf 89' lang='lat' dir='ltr'><strong>diaboli</strong></span> <span class='ocrx_word' id='word_1_683' title='bbox 2283 2226 2634 2292; x_wconf 90' lang='lat' dir='ltr'><strong>separabitur.</strong></span> <span class='ocrx_word' id='word_1_684' title='bbox 2667 2226 2722 2282; x_wconf 93' lang='lat' dir='ltr'><strong>Si</strong></span> <span class='ocrx_word' id='word_1_685' title='bbox 2765 2229 2883 2297; x_wconf 91' lang='lat' dir='ltr'><strong>quis</strong></span> <span class='ocrx_word' id='word_1_686' title='bbox 2910 2240 3084 2286; x_wconf 90' lang='lat' dir='ltr'><strong>autem</strong></span> <span class='ocrx_word' id='word_1_687' title='bbox 3114 2235 3318 2303; x_wconf 86' lang='lat' dir='ltr'><strong>positus</strong></span> <span class='ocrx_word' id='word_1_688' title='bbox 3359 2237 3412 2291; x_wconf 92' lang='lat' dir='ltr'><strong>in</strong></span> <span class='ocrx_word' id='word_1_689' title='bbox 3457 2239 3644 2296; x_wconf 77' lang='lat' dir='ltr'><strong>ultima</strong></span> 
     </span>
    </p>
   </div>
   <div class='ocr_carea' id='block_1_87' title="bbox 2061 2313 3642 2399">
    <p class='ocr_par' dir='ltr' id='par_1_87' title="bbox 2061 2313 3642 2399">
     <span class='ocr_line' id='line_1_88' title="bbox 2061 2313 3642 2399; baseline 0.015 -36"><span class='ocrx_word' id='word_1_690' title='bbox 2061 2313 2377 2369; x_wconf 83' lang='lat' dir='ltr'><strong>necessitate</strong></span> <span class='ocrx_word' id='word_1_691' title='bbox 2418 2317 2745 2386; x_wconf 75' lang='lat' dir='ltr'><strong>:rgritudinis</strong></span> <span class='ocrx_word' id='word_1_692' title='bbox 2785 2335 2916 2388; x_wconf 74' lang='lat' dir='ltr'><strong>sum,</strong></span> <span class='ocrx_word' id='word_1_693' title='bbox 2947 2325 3174 2378; x_wconf 89' lang='lat' dir='ltr'><strong>voluerit</strong></span> <span class='ocrx_word' id='word_1_694' title='bbox 3197 2327 3439 2396; x_wconf 86' lang='lat' dir='ltr'><strong>accipere</strong></span> <span class='ocrx_word' id='word_1_695' title='bbox 3465 2332 3642 2399; x_wconf 73' lang='lat' dir='ltr'><strong>paeni-</strong></span> 
     </span>
    </p>
   </div>
   <div class='ocr_carea' id='block_1_88' title="bbox 2061 2404 3642 2480">
    <p class='ocr_par' dir='ltr' id='par_1_88' title="bbox 2061 2404 3642 2480">
     <span class='ocr_line' id='line_1_89' title="bbox 2061 2404 3642 2480; baseline 0.013 -24"><span class='ocrx_word' id='word_1_696' title='bbox 2061 2404 2298 2469; x_wconf 89' lang='lat' dir='ltr'><strong>tentiam,</strong></span> <span class='ocrx_word' id='word_1_697' title='bbox 2341 2413 2395 2460; x_wconf 90' lang='lat' dir='ltr'><strong>et</strong></span> <span class='ocrx_word' id='word_1_698' title='bbox 2423 2409 2632 2476; x_wconf 91' lang='lat' dir='ltr'><strong>accipit,</strong></span> <span class='ocrx_word' id='word_1_699' title='bbox 2664 2421 2712 2463; x_wconf 92' lang='lat' dir='ltr'><strong>et</strong></span> <span class='ocrx_word' id='word_1_700' title='bbox 2742 2426 2863 2465; x_wconf 85' lang='lat' dir='ltr'><strong>mox</strong></span> <span class='ocrx_word' id='word_1_701' title='bbox 2904 2414 3375 2480; x_wconf 49' lang='lat' dir='ltr'><strong>reconciliaturg&#39;et</strong></span> <span class='ocrx_word' id='word_1_702' title='bbox 3401 2418 3525 2474; x_wconf 91' lang='lat' dir='ltr'><strong>hinc</strong></span> <span class='ocrx_word' id='word_1_703' title='bbox 3550 2437 3642 2476; x_wconf 56' lang='lat' dir='ltr'><strong>va.</strong></span> 
     </span>
    </p>
   </div>
   <div class='ocr_carea' id='block_1_89' title="bbox 2058 2491 3640 2576">
    <p class='ocr_par' dir='ltr' id='par_1_89' title="bbox 2058 2491 3640 2576">
     <span class='ocr_line' id='line_1_90' title="bbox 2058 2491 3640 2576; baseline 0.013 -31"><span class='ocrx_word' id='word_1_704' title='bbox 2058 2491 2172 2558; x_wconf 90' lang='lat' dir='ltr'><strong>dit;</strong></span> <span class='ocrx_word' id='word_1_705' title='bbox 2203 2492 2372 2549; x_wconf 81' lang='lat' dir='ltr'><strong>fateor</strong></span> <span class='ocrx_word' id='word_1_706' title='bbox 2411 2497 2582 2562; x_wconf 88' lang='lat' dir='ltr'><strong>vobis,</strong></span> <span class='ocrx_word' id='word_1_707' title='bbox 2615 2513 2718 2552; x_wconf 90' lang='lat' dir='ltr'><strong>non</strong></span> <span class='ocrx_word' id='word_1_708' title='bbox 2765 2499 2836 2554; x_wconf 89' lang='lat' dir='ltr'><strong>illi</strong></span> <span class='ocrx_word' id='word_1_709' title='bbox 2877 2515 3131 2570; x_wconf 81' lang='lat' dir='ltr'><strong>negamus</strong></span> <span class='ocrx_word' id='word_1_710' title='bbox 3175 2505 3316 2574; x_wconf 91' lang='lat' dir='ltr'><strong>quod</strong></span> <span class='ocrx_word' id='word_1_711' title='bbox 3345 2508 3498 2576; x_wconf 89' lang='lat' dir='ltr'><strong>petit,</strong></span> <span class='ocrx_word' id='word_1_712' title='bbox 3544 2511 3640 2566; x_wconf 89' lang='lat' dir='ltr'><strong>sed</strong></span> 
     </span>
    </p>
   </div>
   <div class='ocr_carea' id='block_1_90' title="bbox 2058 2585 3636 2665">
    <p class='ocr_par' dir='ltr' id='par_1_90' title="bbox 2058 2585 3636 2665">
     <span class='ocr_line' id='line_1_91' title="bbox 2058 2585 3636 2665; baseline 0.013 -29"><span class='ocrx_word' id='word_1_713' title='bbox 2058 2597 2166 2636; x_wconf 89' lang='lat' dir='ltr'><strong>non</strong></span> <span class='ocrx_word' id='word_1_714' title='bbox 2193 2585 2561 2653; x_wconf 64' lang='lat' dir='ltr'><strong>praesumimus</strong></span> <span class='ocrx_word' id='word_1_715' title='bbox 2581 2589 2701 2656; x_wconf 88' lang='lat' dir='ltr'><strong>quia</strong></span> <span class='ocrx_word' id='word_1_716' title='bbox 2727 2589 2864 2643; x_wconf 88' lang='lat' dir='ltr'><strong>bene</strong></span> <span class='ocrx_word' id='word_1_717' title='bbox 2891 2591 3012 2645; x_wconf 88' lang='lat' dir='ltr'><strong>hinc</strong></span> <span class='ocrx_word' id='word_1_718' title='bbox 3038 2594 3163 2646; x_wconf 87' lang='lat' dir='ltr'><strong>exit.</strong></span> <span class='ocrx_word' id='word_1_719' title='bbox 3197 2594 3312 2648; x_wconf 84' lang='lat' dir='ltr'><strong>Non</strong></span> <span class='ocrx_word' id='word_1_720' title='bbox 3341 2613 3636 2665; x_wconf 64' lang='lat' dir='ltr'><strong>prmsumo:</strong></span> 
     </span>
    </p>
   </div>
   <div class='ocr_carea' id='block_1_91' title="bbox 2058 2676 3638 2755">
    <p class='ocr_par' dir='ltr' id='par_1_91' title="bbox 2058 2676 3638 2755">
     <span class='ocr_line' id='line_1_92' title="bbox 2058 2676 3638 2755; baseline 0.01 -29"><span class='ocrx_word' id='word_1_721' title='bbox 2058 2687 2162 2727; x_wconf 87' lang='lat' dir='ltr'><strong>non</strong></span> <span class='ocrx_word' id='word_1_722' title='bbox 2197 2689 2290 2728; x_wconf 80' lang='lat' dir='ltr'><strong>vos</strong></span> <span class='ocrx_word' id='word_1_723' title='bbox 2337 2676 2479 2742; x_wconf 82' lang='lat' dir='ltr'><strong>fallo,</strong></span> <span class='ocrx_word' id='word_1_724' title='bbox 2533 2693 2634 2730; x_wconf 88' lang='lat' dir='ltr'><strong>non</strong></span> <span class='ocrx_word' id='word_1_725' title='bbox 2668 2693 2950 2746; x_wconf 69' lang='lat' dir='ltr'><strong>prmsumo.</strong></span> <span class='ocrx_word' id='word_1_726' title='bbox 2999 2683 3193 2737; x_wconf 87' lang='lat' dir='ltr'><strong>Fidelis</strong></span> <span class='ocrx_word' id='word_1_727' title='bbox 3233 2683 3369 2739; x_wconf 85' lang='lat' dir='ltr'><strong>bene</strong></span> <span class='ocrx_word' id='word_1_728' title='bbox 3419 2688 3638 2755; x_wconf 78' lang='lat' dir='ltr'><strong>vivens,</strong></span> 
     </span>
    </p>
   </div>
   <div class='ocr_carea' id='block_1_92' title="bbox 2057 2766 3636 2838">
    <p class='ocr_par' dir='ltr' id='par_1_92' title="bbox 2057 2766 3636 2838">
     <span class='ocr_line' id='line_1_93' title="bbox 2057 2766 3636 2838; baseline 0.009 -19"><span class='ocrx_word' id='word_1_729' title='bbox 2057 2779 2276 2820; x_wconf 87' lang='lat' dir='ltr'><strong>securus</strong></span> <span class='ocrx_word' id='word_1_730' title='bbox 2301 2766 2422 2821; x_wconf 88' lang='lat' dir='ltr'><strong>hinc</strong></span> <span class='ocrx_word' id='word_1_731' title='bbox 2451 2768 2577 2821; x_wconf 82' lang='lat' dir='ltr'><strong>exit.</strong></span> <span class='ocrx_word' id='word_1_732' title='bbox 2607 2768 2908 2837; x_wconf 85' lang='lat' dir='ltr'><strong>Baptizatus</strong></span> <span class='ocrx_word' id='word_1_733' title='bbox 2935 2771 3000 2826; x_wconf 89' lang='lat' dir='ltr'><strong>ad</strong></span> <span class='ocrx_word' id='word_1_734' title='bbox 3027 2772 3232 2838; x_wconf 89' lang='lat' dir='ltr'><strong>horam,</strong></span> <span class='ocrx_word' id='word_1_735' title='bbox 3265 2789 3484 2830; x_wconf 88' lang='lat' dir='ltr'><strong>securus</strong></span> <span class='ocrx_word' id='word_1_736' title='bbox 3511 2779 3636 2834; x_wconf 87' lang='lat' dir='ltr'><strong>hinc</strong></span> 
     </span>
    </p>
   </div>
   <div class='ocr_carea' id='block_1_93' title="bbox 2057 2857 3640 2938">
    <p class='ocr_par' dir='ltr' id='par_1_93' title="bbox 2057 2857 3640 2938">
     <span class='ocr_line' id='line_1_94' title="bbox 2057 2857 3640 2938; baseline 0.008 -28"><span class='ocrx_word' id='word_1_737' title='bbox 2057 2857 2184 2911; x_wconf 82' lang='lat' dir='ltr'><strong>exit.</strong></span> <span class='ocrx_word' id='word_1_738' title='bbox 2215 2859 2391 2926; x_wconf 84' lang='lat' dir='ltr'><strong>Agens</strong></span> <span class='ocrx_word' id='word_1_739' title='bbox 2417 2861 2799 2928; x_wconf 82' lang='lat' dir='ltr'><strong>pamitcntiam,</strong></span> <span class='ocrx_word' id='word_1_740' title='bbox 2825 2869 2877 2915; x_wconf 90' lang='lat' dir='ltr'><strong>et</strong></span> <span class='ocrx_word' id='word_1_741' title='bbox 2906 2863 3276 2918; x_wconf 86' lang='lat' dir='ltr'><strong>reconciliatus</strong></span> <span class='ocrx_word' id='word_1_742' title='bbox 3303 2864 3378 2938; x_wconf 81' lang='grc' dir='ltr'><strong>(α)</strong></span> <span class='ocrx_word' id='word_1_743' title='bbox 3405 2883 3526 2920; x_wconf 93' lang='lat' dir='ltr'><strong>cum</strong></span> <span class='ocrx_word' id='word_1_744' title='bbox 3551 2884 3640 2922; x_wconf 88' lang='lat' dir='ltr'><strong>sa-</strong></span> 
     </span>
    </p>
   </div>
   <div class='ocr_carea' id='block_1_94' title="bbox 2055 2953 3642 3018">
    <p class='ocr_par' dir='ltr' id='par_1_94' title="bbox 2055 2953 3642 3018">
     <span class='ocr_line' id='line_1_95' title="bbox 2055 2953 3642 3018; baseline 0.009 -16"><span class='ocrx_word' id='word_1_745' title='bbox 2055 2964 2154 3002; x_wconf 89' lang='lat' dir='ltr'><strong>nus</strong></span> <span class='ocrx_word' id='word_1_746' title='bbox 2194 2957 2293 3015; x_wconf 78' lang='lat' dir='ltr'><strong>est,</strong></span> <span class='ocrx_word' id='word_1_747' title='bbox 2327 2959 2380 3005; x_wconf 89' lang='lat' dir='ltr'><strong>et</strong></span> <span class='ocrx_word' id='word_1_748' title='bbox 2427 2959 2607 3018; x_wconf 89' lang='lat' dir='ltr'><strong>postca</strong></span> <span class='ocrx_word' id='word_1_749' title='bbox 2657 2953 2791 3007; x_wconf 88' lang='lat' dir='ltr'><strong>bene</strong></span> <span class='ocrx_word' id='word_1_750' title='bbox 2834 2953 3034 3016; x_wconf 89' lang='lat' dir='ltr'><strong>vivens,</strong></span> <span class='ocrx_word' id='word_1_751' title='bbox 3083 2970 3304 3012; x_wconf 86' lang='lat' dir='ltr'><strong>securus</strong></span> <span class='ocrx_word' id='word_1_752' title='bbox 3347 2959 3470 3014; x_wconf 90' lang='lat' dir='ltr'><strong>hinc</strong></span> <span class='ocrx_word' id='word_1_753' title='bbox 3510 2962 3642 3016; x_wconf 81' lang='lat' dir='ltr'><strong>exit.</strong></span> 
     </span>
    </p>
   </div>
   <div class='ocr_carea' id='block_1_95' title="bbox 2055 3039 3640 3116">
    <p class='ocr_par' dir='ltr' id='par_1_95' title="bbox 2055 3039 3640 3116">
     <span class='ocr_line' id='line_1_96' title="bbox 2055 3039 3640 3116; baseline 0.009 -24"><span class='ocrx_word' id='word_1_754' title='bbox 2055 3039 2231 3108; x_wconf 83' lang='lat' dir='ltr'><strong>Agens</strong></span> <span class='ocrx_word' id='word_1_755' title='bbox 2277 3040 2642 3110; x_wconf 80' lang='lat' dir='ltr'><strong>paenitentiam</strong></span> <span class='ocrx_word' id='word_1_756' title='bbox 2686 3041 2752 3096; x_wconf 89' lang='lat' dir='ltr'><strong>ad</strong></span> <span class='ocrx_word' id='word_1_757' title='bbox 2793 3043 3030 3096; x_wconf 88' lang='lat' dir='ltr'><strong>ultimum</strong></span> <span class='ocrx_word' id='word_1_758' title='bbox 3060 3053 3110 3098; x_wconf 90' lang='lat' dir='ltr'><strong>et</strong></span> <span class='ocrx_word' id='word_1_759' title='bbox 3156 3049 3548 3116; x_wconf 90' lang='lat' dir='ltr'><strong>reconciliatus,</strong></span> <span class='ocrx_word' id='word_1_760' title='bbox 3595 3053 3640 3108; x_wconf 79' lang='lat' dir='ltr'><strong>si</strong></span> 
     </span>
    </p>
   </div>
   <div class='ocr_carea' id='block_1_96' title="bbox 2054 3129 3638 3201">
    <p class='ocr_par' dir='ltr' id='par_1_96' title="bbox 2054 3129 3638 3201">
     <span class='ocr_line' id='line_1_97' title="bbox 2054 3129 3638 3201; baseline 0.006 -18"><span class='ocrx_word' id='word_1_761' title='bbox 2054 3143 2271 3184; x_wconf 86' lang='lat' dir='ltr'><strong>securus</strong></span> <span class='ocrx_word' id='word_1_762' title='bbox 2303 3129 2424 3185; x_wconf 91' lang='lat' dir='ltr'><strong>hinc</strong></span> <span class='ocrx_word' id='word_1_763' title='bbox 2451 3131 2580 3196; x_wconf 89' lang='lat' dir='ltr'><strong>exit,</strong></span> <span class='ocrx_word' id='word_1_764' title='bbox 2609 3146 2706 3201; x_wconf 88' lang='lat' dir='ltr'><strong>ego</strong></span> <span class='ocrx_word' id='word_1_765' title='bbox 2746 3147 2848 3186; x_wconf 90' lang='lat' dir='ltr'><strong>non</strong></span> <span class='ocrx_word' id='word_1_766' title='bbox 2876 3149 2992 3186; x_wconf 90' lang='lat' dir='ltr'><strong>sum</strong></span> <span class='ocrx_word' id='word_1_767' title='bbox 3020 3149 3260 3190; x_wconf 90' lang='lat' dir='ltr'><strong>securus.</strong></span> <span class='ocrx_word' id='word_1_768' title='bbox 3295 3137 3441 3193; x_wconf 89' lang='lat' dir='ltr'><strong>Unde</strong></span> <span class='ocrx_word' id='word_1_769' title='bbox 3483 3155 3638 3194; x_wconf 83' lang='lat' dir='ltr'><strong>secn-</strong></span> 
     </span>
    </p>
   </div>
   <div class='ocr_carea' id='block_1_97' title="bbox 2053 3223 3635 3286">
    <p class='ocr_par' dir='ltr' id='par_1_97' title="bbox 2053 3223 3635 3286">
     <span class='ocr_line' id='line_1_98' title="bbox 2053 3223 3635 3286; baseline 0.007 -13"><span class='ocrx_word' id='word_1_770' title='bbox 2053 3236 2143 3274; x_wconf 86' lang='lat' dir='ltr'><strong>rus</strong></span> <span class='ocrx_word' id='word_1_771' title='bbox 2170 3235 2306 3286; x_wconf 90' lang='lat' dir='ltr'><strong>sum,</strong></span> <span class='ocrx_word' id='word_1_772' title='bbox 2335 3235 2553 3276; x_wconf 88' lang='lat' dir='ltr'><strong>securus</strong></span> <span class='ocrx_word' id='word_1_773' title='bbox 2591 3235 2730 3286; x_wconf 88' lang='lat' dir='ltr'><strong>sum,</strong></span> <span class='ocrx_word' id='word_1_774' title='bbox 2761 3229 2814 3276; x_wconf 93' lang='lat' dir='ltr'><strong>et</strong></span> <span class='ocrx_word' id='word_1_775' title='bbox 2856 3223 2925 3276; x_wconf 92' lang='lat' dir='ltr'><strong>do</strong></span> <span class='ocrx_word' id='word_1_776' title='bbox 2954 3225 3292 3281; x_wconf 87' lang='lat' dir='ltr'><strong>securitatem</strong></span> <span class='ocrx_word' id='word_1_777' title='bbox 3325 3246 3339 3281; x_wconf 91' lang='lat'><strong><em>:</em></strong></span> <span class='ocrx_word' id='word_1_778' title='bbox 3365 3228 3503 3283; x_wconf 89' lang='lat' dir='ltr'><strong>unde</strong></span> <span class='ocrx_word' id='word_1_779' title='bbox 3533 3246 3635 3284; x_wconf 89' lang='lat' dir='ltr'><strong>non</strong></span> 
     </span>
    </p>
   </div>
   <div class='ocr_carea' id='block_1_98' title="bbox 2053 3312 3634 3382">
    <p class='ocr_par' dir='ltr' id='par_1_98' title="bbox 2053 3312 3634 3382">
     <span class='ocr_line' id='line_1_99' title="bbox 2053 3312 3634 3382; baseline 0.008 -19"><span class='ocrx_word' id='word_1_780' title='bbox 2053 3325 2170 3364; x_wconf 91' lang='lat' dir='ltr'><strong>sum</strong></span> <span class='ocrx_word' id='word_1_781' title='bbox 2197 3325 2433 3377; x_wconf 91' lang='lat' dir='ltr'><strong>securus,</strong></span> <span class='ocrx_word' id='word_1_782' title='bbox 2467 3312 2834 3380; x_wconf 73' lang='lat' dir='ltr'><strong>pmnitentiam</strong></span> <span class='ocrx_word' id='word_1_783' title='bbox 2861 3312 2990 3368; x_wconf 89' lang='lat' dir='ltr'><strong>dare</strong></span> <span class='ocrx_word' id='word_1_784' title='bbox 3021 3329 3255 3382; x_wconf 84' lang='lat' dir='ltr'><strong>possum,</strong></span> <span class='ocrx_word' id='word_1_785' title='bbox 3299 3317 3634 3376; x_wconf 88' lang='lat' dir='ltr'><strong>securitatem</strong></span> 
     </span>
    </p>
   </div>
   <div class='ocr_carea' id='block_1_99' title="bbox 2052 3401 3637 3475">
    <p class='ocr_par' dir='ltr' id='par_1_99' title="bbox 2052 3401 3637 3475">
     <span class='ocr_line' id='line_1_100' title="bbox 2052 3401 3637 3475; baseline 0.007 -20"><span class='ocrx_word' id='word_1_786' title='bbox 2052 3401 2178 3456; x_wconf 88' lang='lat' dir='ltr'><strong>dare</strong></span> <span class='ocrx_word' id='word_1_787' title='bbox 2209 3417 2312 3455; x_wconf 92' lang='lat' dir='ltr'><strong>non</strong></span> <span class='ocrx_word' id='word_1_788' title='bbox 2365 3417 2598 3469; x_wconf 84' lang='lat' dir='ltr'><strong>possunt.</strong></span> <span class='ocrx_word' id='word_1_789' title='bbox 2647 3401 2772 3469; x_wconf 87' lang='lat' dir='ltr'><strong>(Sed</strong></span> <span class='ocrx_word' id='word_1_790' title='bbox 2822 3403 2962 3458; x_wconf 88' lang='lat' dir='ltr'><strong>dicat</strong></span> <span class='ocrx_word' id='word_1_791' title='bbox 3007 3406 3200 3475; x_wconf 85' lang='lat' dir='ltr'><strong>aliquis</strong></span> <span class='ocrx_word' id='word_1_792' title='bbox 3233 3424 3246 3460; x_wconf 94' lang='lat'><strong><em>:</em></strong></span> <span class='ocrx_word' id='word_1_793' title='bbox 3283 3408 3428 3462; x_wconf 87' lang='lat' dir='ltr'><strong>Bone</strong></span> <span class='ocrx_word' id='word_1_794' title='bbox 3457 3426 3637 3466; x_wconf 83' lang='lat' dir='ltr'><strong>sacer-</strong></span> 
     </span>
    </p>
   </div>
   <div class='ocr_carea' id='block_1_100' title="bbox 2051 3492 3634 3572">
    <p class='ocr_par' dir='ltr' id='par_1_100' title="bbox 2051 3492 3634 3572">
     <span class='ocr_line' id='line_1_101' title="bbox 2051 3492 3634 3572; baseline 0.008 -26"><span class='ocrx_word' id='word_1_795' title='bbox 2051 3492 2166 3555; x_wconf 90' lang='lat' dir='ltr'><strong>dos,</strong></span> <span class='ocrx_word' id='word_1_796' title='bbox 2189 3502 2240 3545; x_wconf 90' lang='lat' dir='ltr'><strong>tu</strong></span> <span class='ocrx_word' id='word_1_797' title='bbox 2269 3493 2474 3546; x_wconf 71' lang='lat' dir='ltr'><strong>nescire</strong></span> <span class='ocrx_word' id='word_1_798' title='bbox 2497 3502 2548 3546; x_wconf 90' lang='lat' dir='ltr'><strong>et</strong></span> <span class='ocrx_word' id='word_1_799' title='bbox 2575 3493 2769 3547; x_wconf 88' lang='lat' dir='ltr'><strong>nullam</strong></span> <span class='ocrx_word' id='word_1_800' title='bbox 2797 3495 3134 3551; x_wconf 86' lang='lat' dir='ltr'><strong>securitatem</strong></span> <span class='ocrx_word' id='word_1_801' title='bbox 3159 3499 3310 3554; x_wconf 90' lang='lat' dir='ltr'><strong>nobis</strong></span> <span class='ocrx_word' id='word_1_802' title='bbox 3330 3500 3454 3556; x_wconf 89' lang='lat' dir='ltr'><strong>dare</strong></span> <span class='ocrx_word' id='word_1_803' title='bbox 3479 3519 3634 3572; x_wconf 82' lang='lat' dir='ltr'><strong>posse</strong></span> 
     </span>
    </p>
   </div>
   <div class='ocr_carea' id='block_1_101' title="bbox 2049 3581 3633 3661">
    <p class='ocr_par' dir='ltr' id='par_1_101' title="bbox 2049 3581 3633 3661">
     <span class='ocr_line' id='line_1_102' title="bbox 2049 3581 3633 3661; baseline 0.01 -26"><span class='ocrx_word' id='word_1_804' title='bbox 2049 3581 2202 3648; x_wconf 86' lang='lat' dir='ltr'><strong>dicis,</strong></span> <span class='ocrx_word' id='word_1_805' title='bbox 2236 3582 2280 3635; x_wconf 83' lang='lat' dir='ltr'><strong>si</strong></span> <span class='ocrx_word' id='word_1_806' title='bbox 2311 3583 2395 3636; x_wconf 89' lang='lat' dir='ltr'><strong>ille</strong></span> <span class='ocrx_word' id='word_1_807' title='bbox 2422 3583 2674 3650; x_wconf 81' lang='lat' dir='ltr'><strong>salvator,</strong></span> <span class='ocrx_word' id='word_1_808' title='bbox 2704 3593 2752 3637; x_wconf 93' lang='lat' dir='ltr'><strong>et</strong></span> <span class='ocrx_word' id='word_1_809' title='bbox 2785 3584 3054 3640; x_wconf 88' lang='lat' dir='ltr'><strong>Christum</strong></span> <span class='ocrx_word' id='word_1_810' title='bbox 3083 3587 3231 3643; x_wconf 90' lang='lat' dir='ltr'><strong>adire</strong></span> <span class='ocrx_word' id='word_1_811' title='bbox 3261 3600 3515 3661; x_wconf 74' lang='lat' dir='ltr'><strong>uteretur,</strong></span> <span class='ocrx_word' id='word_1_812' title='bbox 3546 3595 3633 3650; x_wconf 87' lang='lat' dir='ltr'><strong>cui</strong></span> 
     </span>
    </p>
   </div>
   <div class='ocr_carea' id='block_1_102' title="bbox 2049 3673 3634 3748">
    <p class='ocr_par' dir='ltr' id='par_1_102' title="bbox 2049 3673 3634 3748">
     <span class='ocr_line' id='line_1_103' title="bbox 2049 3673 3634 3748; baseline 0.009 -22"><span class='ocrx_word' id='word_1_813' title='bbox 2049 3674 2296 3728; x_wconf 84' lang='lat' dir='ltr'><strong>morienti</strong></span> <span class='ocrx_word' id='word_1_814' title='bbox 2347 3673 2654 3742; x_wconf 75' lang='lat' dir='ltr'><strong>ptenitentia</strong></span> <span class='ocrx_word' id='word_1_815' title='bbox 2716 3673 2906 3742; x_wconf 86' lang='lat' dir='ltr'><strong>datur,</strong></span> <span class='ocrx_word' id='word_1_816' title='bbox 2959 3679 3047 3746; x_wconf 89' lang='lat' dir='ltr'><strong>qui</strong></span> <span class='ocrx_word' id='word_1_817' title='bbox 3100 3678 3224 3733; x_wconf 93' lang='lat' dir='ltr'><strong>dum</strong></span> <span class='ocrx_word' id='word_1_818' title='bbox 3284 3682 3451 3748; x_wconf 85' lang='lat' dir='ltr'><strong>vixit,</strong></span> <span class='ocrx_word' id='word_1_819' title='bbox 3503 3684 3634 3740; x_wconf 83' lang='lat' dir='ltr'><strong>dum</strong></span> 
     </span>
    </p>
   </div>
   <div class='ocr_carea' id='block_1_103' title="bbox 2049 3765 3636 3845">
    <p class='ocr_par' dir='ltr' id='par_1_103' title="bbox 2049 3765 3636 3845">
     <span class='ocr_line' id='line_1_104' title="bbox 2049 3765 3636 3845; baseline 0.007 -25"><span class='ocrx_word' id='word_1_820' title='bbox 2049 3781 2209 3820; x_wconf 87' lang='lat' dir='ltr'><strong>sanus</strong></span> <span class='ocrx_word' id='word_1_821' title='bbox 2225 3765 2339 3833; x_wconf 86' lang='lat' dir='ltr'><strong>l‘nit,</strong></span> <span class='ocrx_word' id='word_1_822' title='bbox 2359 3768 2697 3836; x_wconf 76' lang='lat' dir='ltr'><strong>impmnitens</strong></span> <span class='ocrx_word' id='word_1_823' title='bbox 2715 3768 2836 3834; x_wconf 79' lang='lat' dir='ltr'><strong>fuit;</strong></span> <span class='ocrx_word' id='word_1_824' title='bbox 2861 3769 3064 3825; x_wconf 90' lang='lat' dir='ltr'><strong>instrue</strong></span> <span class='ocrx_word' id='word_1_825' title='bbox 3079 3786 3205 3842; x_wconf 85' lang='lat' dir='ltr'><strong>ergo</strong></span> <span class='ocrx_word' id='word_1_826' title='bbox 3221 3788 3336 3838; x_wconf 90' lang='lat' dir='ltr'><strong>nos,</strong></span> <span class='ocrx_word' id='word_1_827' title='bbox 3355 3789 3636 3845; x_wconf 88' lang='lat' dir='ltr'><strong>rogo,quo-</strong></span> 
     </span>
    </p>
   </div>
   <div class='ocr_carea' id='block_1_104' title="bbox 2047 3857 3628 3932">
    <p class='ocr_par' dir='ltr' id='par_1_104' title="bbox 2047 3857 3628 3932">
     <span class='ocr_line' id='line_1_105' title="bbox 2047 3857 3628 3932; baseline 0.006 -22"><span class='ocrx_word' id='word_1_828' title='bbox 2047 3857 2206 3910; x_wconf 87' lang='lat' dir='ltr'><strong>mode</strong></span> <span class='ocrx_word' id='word_1_829' title='bbox 2233 3857 2369 3910; x_wconf 85' lang='lat' dir='ltr'><strong>bene</strong></span> <span class='ocrx_word' id='word_1_830' title='bbox 2393 3857 2570 3910; x_wconf 89' lang='lat' dir='ltr'><strong>vivere</strong></span> <span class='ocrx_word' id='word_1_831' title='bbox 2599 3865 2718 3925; x_wconf 86' lang='lat' dir='ltr'><strong>post</strong></span> <span class='ocrx_word' id='word_1_832' title='bbox 2743 3859 3108 3926; x_wconf 61' lang='lat' dir='ltr'><strong>paenitentiam</strong></span> <span class='ocrx_word' id='word_1_833' title='bbox 3143 3860 3449 3917; x_wconf 86' lang='lat' dir='ltr'><strong>debeamus.</strong></span> <span class='ocrx_word' id='word_1_834' title='bbox 3482 3866 3628 3932; x_wconf 90' lang='lat' dir='ltr'><strong>Dico,</strong></span> 
     </span>
    </p>
   </div>
   <div class='ocr_carea' id='block_1_105' title="bbox 2047 3945 3632 4019">
    <p class='ocr_par' dir='ltr' id='par_1_105' title="bbox 2047 3945 3632 4019">
     <span class='ocr_line' id='line_1_106' title="bbox 2047 3945 3632 4019; baseline 0.008 -21"><span class='ocrx_word' id='word_1_835' title='bbox 2047 3946 2308 4000; x_wconf 88' lang='lat' dir='ltr'><strong>abstinete</strong></span> <span class='ocrx_word' id='word_1_836' title='bbox 2320 3961 2414 4000; x_wconf 89' lang='lat' dir='ltr'><strong>vos</strong></span> <span class='ocrx_word' id='word_1_837' title='bbox 2430 3945 2496 4000; x_wconf 87' lang='lat' dir='ltr'><strong>ab</strong></span> <span class='ocrx_word' id='word_1_838' title='bbox 2511 3946 2788 4012; x_wconf 90' lang='lat' dir='ltr'><strong>ebrietate,</strong></span> <span class='ocrx_word' id='word_1_839' title='bbox 2814 3961 2843 3999; x_wconf 90' lang='lat' dir='ltr'><strong>a</strong></span> <span class='ocrx_word' id='word_1_840' title='bbox 2870 3949 3315 4019; x_wconf 88' lang='lat' dir='ltr'><strong>concupiscentia,</strong></span> <span class='ocrx_word' id='word_1_841' title='bbox 3340 3967 3370 4004; x_wconf 90' lang='lat' dir='ltr'><strong>a</strong></span> <span class='ocrx_word' id='word_1_842' title='bbox 3390 3951 3551 4017; x_wconf 83' lang='lat' dir='ltr'><strong>furto,</strong></span> <span class='ocrx_word' id='word_1_843' title='bbox 3575 3963 3632 4010; x_wconf 83' lang='lat' dir='ltr'><strong>ct</strong></span> 
     </span>
    </p>
   </div>
   <div class='ocr_carea' id='block_1_106' title="bbox 2047 4037 3630 4107">
    <p class='ocr_par' dir='ltr' id='par_1_106' title="bbox 2047 4037 3630 4107">
     <span class='ocr_line' id='line_1_107' title="bbox 2047 4037 3630 4107; baseline 0.008 -19"><span class='ocrx_word' id='word_1_844' title='bbox 2047 4039 2370 4105; x_wconf 87' lang='lat' dir='ltr'><strong>maliloquio,</strong></span> <span class='ocrx_word' id='word_1_845' title='bbox 2396 4037 2462 4089; x_wconf 93' lang='lat' dir='ltr'><strong>ab</strong></span> <span class='ocrx_word' id='word_1_846' title='bbox 2487 4037 2838 4091; x_wconf 88' lang='lat' dir='ltr'><strong>immoderato</strong></span> <span class='ocrx_word' id='word_1_847' title='bbox 2863 4039 2994 4102; x_wconf 90' lang='lat' dir='ltr'><strong>risu,</strong></span> <span class='ocrx_word' id='word_1_848' title='bbox 3022 4055 3054 4093; x_wconf 89' lang='lat' dir='ltr'><strong>a</strong></span> <span class='ocrx_word' id='word_1_849' title='bbox 3077 4041 3240 4094; x_wconf 86' lang='lat' dir='ltr'><strong>verbo</strong></span> <span class='ocrx_word' id='word_1_850' title='bbox 3266 4041 3458 4107; x_wconf 90' lang='lat' dir='ltr'><strong>otioso,</strong></span> <span class='ocrx_word' id='word_1_851' title='bbox 3487 4047 3630 4101; x_wconf 88' lang='lat' dir='ltr'><strong>unde</strong></span> 
     </span>
    </p>
   </div>
   <div class='ocr_carea' id='block_1_107' title="bbox 2047 4127 3628 4201">
    <p class='ocr_par' dir='ltr' id='par_1_107' title="bbox 2047 4127 3628 4201">
     <span class='ocr_line' id='line_1_108' title="bbox 2047 4127 3628 4201; baseline 0.007 -19"><span class='ocrx_word' id='word_1_852' title='bbox 2047 4127 2298 4182; x_wconf 87' lang='lat' dir='ltr'><strong>reddituri</strong></span> <span class='ocrx_word' id='word_1_853' title='bbox 2341 4136 2465 4182; x_wconf 91' lang='lat' dir='ltr'><strong>sunt</strong></span> <span class='ocrx_word' id='word_1_854' title='bbox 2493 4127 2735 4181; x_wconf 89' lang='lat' dir='ltr'><strong>homines</strong></span> <span class='ocrx_word' id='word_1_855' title='bbox 2763 4129 3020 4184; x_wconf 86' lang='lat' dir='ltr'><strong>rationem</strong></span> <span class='ocrx_word' id='word_1_856' title='bbox 3062 4131 3112 4184; x_wconf 91' lang='lat' dir='ltr'><strong>in</strong></span> <span class='ocrx_word' id='word_1_857' title='bbox 3142 4131 3225 4184; x_wconf 86' lang='lat' dir='ltr'><strong>die</strong></span> <span class='ocrx_word' id='word_1_858' title='bbox 3249 4131 3452 4201; x_wconf 87' lang='lat' dir='ltr'><strong>judicii.</strong></span> <span class='ocrx_word' id='word_1_859' title='bbox 3487 4135 3628 4192; x_wconf 89' lang='lat' dir='ltr'><strong>Ecce</strong></span> 
     </span>
    </p>
   </div>
   <div class='ocr_carea' id='block_1_108' title="bbox 2046 4216 3632 4293">
    <p class='ocr_par' dir='ltr' id='par_1_108' title="bbox 2046 4216 3632 4293">
     <span class='ocr_line' id='line_1_109' title="bbox 2046 4216 3632 4293; baseline 0.007 -23"><span class='ocrx_word' id='word_1_860' title='bbox 2046 4235 2199 4288; x_wconf 88' lang='lat' dir='ltr'><strong>quam</strong></span> <span class='ocrx_word' id='word_1_861' title='bbox 2231 4219 2364 4272; x_wconf 83' lang='lat' dir='ltr'><strong>levia</strong></span> <span class='ocrx_word' id='word_1_862' title='bbox 2385 4217 2514 4272; x_wconf 79' lang='lat' dir='ltr'><strong>dixi.</strong></span> <span class='ocrx_word' id='word_1_863' title='bbox 2543 4216 2728 4273; x_wconf 86' lang='lat' dir='ltr'><strong>Omnia</strong></span> <span class='ocrx_word' id='word_1_864' title='bbox 2761 4229 2932 4274; x_wconf 88' lang='lat' dir='ltr'><strong>tamen</strong></span> <span class='ocrx_word' id='word_1_865' title='bbox 2954 4221 3232 4290; x_wconf 72' lang='lat' dir='ltr'><strong>gravia‘et</strong></span> <span class='ocrx_word' id='word_1_866' title='bbox 3258 4224 3528 4293; x_wconf 80' lang='lat' dir='ltr'><strong>pestifera.</strong></span> <span class='ocrx_word' id='word_1_867' title='bbox 3561 4227 3632 4284; x_wconf 83' lang='lat' dir='ltr'><strong>Et</strong></span> 
     </span>
    </p>
   </div>
   <div class='ocr_carea' id='block_1_109' title="bbox 2045 4310 3630 4382">
    <p class='ocr_par' dir='ltr' id='par_1_109' title="bbox 2045 4310 3630 4382">
     <span class='ocr_line' id='line_1_110' title="bbox 2045 4310 3630 4382; baseline 0.007 -19"><span class='ocrx_word' id='word_1_868' title='bbox 2045 4310 2184 4364; x_wconf 85' lang='lat' dir='ltr'><strong>aliud</strong></span> <span class='ocrx_word' id='word_1_869' title='bbox 2215 4310 2334 4364; x_wconf 91' lang='lat' dir='ltr'><strong>dico</strong></span> <span class='ocrx_word' id='word_1_870' title='bbox 2365 4329 2378 4365; x_wconf 90' lang='lat'><strong>:</strong></span> <span class='ocrx_word' id='word_1_871' title='bbox 2407 4326 2512 4364; x_wconf 89' lang='lat' dir='ltr'><strong>non</strong></span> <span class='ocrx_word' id='word_1_872' title='bbox 2534 4311 2702 4366; x_wconf 85' lang='lat' dir='ltr'><strong>solum</strong></span> <span class='ocrx_word' id='word_1_873' title='bbox 2731 4321 2850 4381; x_wconf 91' lang='lat' dir='ltr'><strong>post</strong></span> <span class='ocrx_word' id='word_1_874' title='bbox 2874 4314 3468 4382; x_wconf 75' lang='lat' dir='ltr'><strong>pcenitentiam,abistis</strong></span> <span class='ocrx_word' id='word_1_875' title='bbox 3489 4320 3630 4374; x_wconf 88' lang='lat' dir='ltr'><strong>vitiis</strong></span> 
     </span>
    </p>
   </div>
   <div class='ocr_carea' id='block_1_110' title="bbox 2045 4403 3626 4475">
    <p class='ocr_par' dir='ltr' id='par_1_110' title="bbox 2045 4403 3626 4475">
     <span class='ocr_line' id='line_1_111' title="bbox 2045 4403 3626 4475; baseline 0.004 -18"><span class='ocrx_word' id='word_1_876' title='bbox 2045 4419 2102 4457; x_wconf 89' lang='lat' dir='ltr'><strong>se</strong></span> <span class='ocrx_word' id='word_1_877' title='bbox 2127 4403 2286 4456; x_wconf 87' lang='lat' dir='ltr'><strong>homo</strong></span> <span class='ocrx_word' id='word_1_878' title='bbox 2306 4417 2518 4458; x_wconf 86' lang='lat' dir='ltr'><strong>servare</strong></span> <span class='ocrx_word' id='word_1_879' title='bbox 2547 4403 2721 4468; x_wconf 88' lang='lat' dir='ltr'><strong>debet,</strong></span> <span class='ocrx_word' id='word_1_880' title='bbox 2739 4405 2834 4458; x_wconf 88' lang='lat' dir='ltr'><strong>sed</strong></span> <span class='ocrx_word' id='word_1_881' title='bbox 2860 4413 2912 4459; x_wconf 88' lang='lat' dir='ltr'><strong>et</strong></span> <span class='ocrx_word' id='word_1_882' title='bbox 2937 4415 3058 4460; x_wconf 88' lang='lat' dir='ltr'><strong>ante</strong></span> <span class='ocrx_word' id='word_1_883' title='bbox 3087 4407 3473 4475; x_wconf 76' lang='lat' dir='ltr'><strong>pmnitentiam,</strong></span> <span class='ocrx_word' id='word_1_884' title='bbox 3497 4409 3626 4464; x_wconf 88' lang='lat' dir='ltr'><strong>dum</strong></span> 
     </span>
    </p>
   </div>
   <div class='ocr_carea' id='block_1_111' title="bbox 2044 4495 3624 4564">
    <p class='ocr_par' dir='ltr' id='par_1_111' title="bbox 2044 4495 3624 4564">
     <span class='ocr_line' id='line_1_112' title="bbox 2044 4495 3624 4564; baseline 0.005 -14"><span class='ocrx_word' id='word_1_885' title='bbox 2044 4511 2204 4550; x_wconf 88' lang='lat' dir='ltr'><strong>sanus</strong></span> <span class='ocrx_word' id='word_1_886' title='bbox 2229 4503 2348 4562; x_wconf 89' lang='lat' dir='ltr'><strong>est;</strong></span> <span class='ocrx_word' id='word_1_887' title='bbox 2387 4496 2508 4564; x_wconf 89' lang='lat' dir='ltr'><strong>quia</strong></span> <span class='ocrx_word' id='word_1_888' title='bbox 2529 4495 2571 4548; x_wconf 91' lang='lat' dir='ltr'><strong>si</strong></span> <span class='ocrx_word' id='word_1_889' title='bbox 2604 4495 2668 4550; x_wconf 89' lang='lat' dir='ltr'><strong>ad</strong></span> <span class='ocrx_word' id='word_1_890' title='bbox 2699 4495 2939 4550; x_wconf 89' lang='lat' dir='ltr'><strong>ultimum</strong></span> <span class='ocrx_word' id='word_1_891' title='bbox 2980 4497 3105 4550; x_wconf 73' lang='lat' dir='ltr'><strong>vitm</strong></span> <span class='ocrx_word' id='word_1_892' title='bbox 3134 4499 3358 4562; x_wconf 88' lang='lat' dir='ltr'><strong>steterit,</strong></span> <span class='ocrx_word' id='word_1_893' title='bbox 3391 4501 3560 4556; x_wconf 83' lang='lat' dir='ltr'><strong>nescit</strong></span> <span class='ocrx_word' id='word_1_894' title='bbox 3579 4501 3624 4558; x_wconf 87' lang='lat' dir='ltr'><strong>si</strong></span> 
     </span>
    </p>
   </div>
   <div class='ocr_carea' id='block_1_112' title="bbox 2045 4588 3622 4662">
    <p class='ocr_par' dir='ltr' id='par_1_112' title="bbox 2045 4588 3622 4662">
     <span class='ocr_line' id='line_1_113' title="bbox 2045 4588 3622 4662; baseline 0.004 -20"><span class='ocrx_word' id='word_1_895' title='bbox 2045 4590 2212 4658; x_wconf 83' lang='lat' dir='ltr'><strong>ipsam</strong></span> <span class='ocrx_word' id='word_1_896' title='bbox 2243 4589 2604 4658; x_wconf 78' lang='lat' dir='ltr'><strong>pamitentiam</strong></span> <span class='ocrx_word' id='word_1_897' title='bbox 2629 4588 2871 4657; x_wconf 87' lang='lat' dir='ltr'><strong>accipere</strong></span> <span class='ocrx_word' id='word_1_898' title='bbox 2899 4603 2961 4642; x_wconf 88' lang='lat' dir='ltr'><strong>ac</strong></span> <span class='ocrx_word' id='word_1_899' title='bbox 2989 4590 3098 4644; x_wconf 92' lang='lat' dir='ltr'><strong>Deo</strong></span> <span class='ocrx_word' id='word_1_900' title='bbox 3125 4599 3179 4644; x_wconf 90' lang='lat' dir='ltr'><strong>et</strong></span> <span class='ocrx_word' id='word_1_901' title='bbox 3203 4591 3466 4647; x_wconf 88' lang='lat' dir='ltr'><strong>sacerdoti</strong></span> <span class='ocrx_word' id='word_1_902' title='bbox 3495 4609 3622 4662; x_wconf 88' lang='lat' dir='ltr'><strong>pec-</strong></span> 
     </span>
    </p>
   </div>
   <div class='ocr_carea' id='block_1_113' title="bbox 2043 4680 3626 4752">
    <p class='ocr_par' dir='ltr' id='par_1_113' title="bbox 2043 4680 3626 4752">
     <span class='ocr_line' id='line_1_114' title="bbox 2043 4680 3626 4752; baseline 0.004 -19"><span class='ocrx_word' id='word_1_903' title='bbox 2043 4691 2156 4734; x_wconf 84' lang='lat' dir='ltr'><strong>cata</strong></span> <span class='ocrx_word' id='word_1_904' title='bbox 2199 4695 2292 4734; x_wconf 88' lang='lat' dir='ltr'><strong>sua</strong></span> <span class='ocrx_word' id='word_1_905' title='bbox 2323 4681 2560 4735; x_wconf 83' lang='lat' dir='ltr'><strong>conﬁteri</strong></span> <span class='ocrx_word' id='word_1_906' title='bbox 2603 4680 2815 4751; x_wconf 87' lang='lat' dir='ltr'><strong>poterit.</strong></span> <span class='ocrx_word' id='word_1_907' title='bbox 2861 4680 3000 4734; x_wconf 85' lang='lat' dir='ltr'><strong>Ecce</strong></span> <span class='ocrx_word' id='word_1_908' title='bbox 3045 4695 3209 4749; x_wconf 88' lang='lat' dir='ltr'><strong>quare</strong></span> <span class='ocrx_word' id='word_1_909' title='bbox 3245 4681 3372 4747; x_wconf 88' lang='lat' dir='ltr'><strong>dixi,</strong></span> <span class='ocrx_word' id='word_1_910' title='bbox 3405 4684 3525 4752; x_wconf 89' lang='lat' dir='ltr'><strong>quia</strong></span> <span class='ocrx_word' id='word_1_911' title='bbox 3569 4693 3626 4739; x_wconf 83' lang='lat' dir='ltr'><strong>et</strong></span> 
     </span>
    </p>
   </div>
   <div class='ocr_carea' id='block_1_114' title="bbox 2042 4771 3624 4845">
    <p class='ocr_par' dir='ltr' id='par_1_114' title="bbox 2042 4771 3624 4845">
     <span class='ocr_line' id='line_1_115' title="bbox 2042 4771 3624 4845; baseline 0.004 -19"><span class='ocrx_word' id='word_1_912' title='bbox 2042 4783 2164 4835; x_wconf 85' lang='lat' dir='ltr'><strong>ante</strong></span> <span class='ocrx_word' id='word_1_913' title='bbox 2207 4773 2568 4843; x_wconf 78' lang='lat' dir='ltr'><strong>paenitentiam</strong></span> <span class='ocrx_word' id='word_1_914' title='bbox 2601 4771 2736 4825; x_wconf 89' lang='lat' dir='ltr'><strong>bene</strong></span> <span class='ocrx_word' id='word_1_915' title='bbox 2763 4772 3045 4826; x_wconf 90' lang='lat' dir='ltr'><strong>vivendum</strong></span> <span class='ocrx_word' id='word_1_916' title='bbox 3075 4781 3176 4840; x_wconf 89' lang='lat' dir='ltr'><strong>est,</strong></span> <span class='ocrx_word' id='word_1_917' title='bbox 3211 4783 3264 4828; x_wconf 91' lang='lat' dir='ltr'><strong>et</strong></span> <span class='ocrx_word' id='word_1_918' title='bbox 3305 4783 3427 4843; x_wconf 86' lang='lat' dir='ltr'><strong>post</strong></span> <span class='ocrx_word' id='word_1_919' title='bbox 3454 4777 3624 4845; x_wconf 65' lang='lat' dir='ltr'><strong>parui-</strong></span> 
     </span>
    </p>
   </div>
   <div class='ocr_carea' id='block_1_115' title="bbox 2043 4861 3618 4929">
    <p class='ocr_par' dir='ltr' id='par_1_115' title="bbox 2043 4861 3618 4929">
     <span class='ocr_line' id='line_1_116' title="bbox 2043 4861 3618 4929; baseline 0.003 -12"><span class='ocrx_word' id='word_1_920' title='bbox 2043 4865 2259 4918; x_wconf 91' lang='lat' dir='ltr'><strong>teutiam</strong></span> <span class='ocrx_word' id='word_1_921' title='bbox 2305 4861 2536 4929; x_wconf 88' lang='lat' dir='ltr'><strong>melius).</strong></span> <span class='ocrx_word' id='word_1_922' title='bbox 2588 4863 2738 4929; x_wconf 85' lang='lat' dir='ltr'><strong>Quod</strong></span> <span class='ocrx_word' id='word_1_923' title='bbox 2781 4863 2901 4916; x_wconf 89' lang='lat' dir='ltr'><strong>dico</strong></span> <span class='ocrx_word' id='word_1_924' title='bbox 2947 4864 3202 4918; x_wconf 85' lang='lat' dir='ltr'><strong>attendite</strong></span> <span class='ocrx_word' id='word_1_925' title='bbox 3237 4883 3250 4919; x_wconf 90' lang='lat'>:</span> <span class='ocrx_word' id='word_1_926' title='bbox 3285 4865 3454 4920; x_wconf 89' lang='lat' dir='ltr'><strong>debeo</strong></span> <span class='ocrx_word' id='word_1_927' title='bbox 3493 4868 3618 4922; x_wconf 89' lang='lat' dir='ltr'><strong>illud</strong></span> 
     </span>
    </p>
   </div>
   <div class='ocr_carea' id='block_1_116' title="bbox 2039 4953 3624 5026">
    <p class='ocr_par' dir='ltr' id='par_1_116' title="bbox 2039 4953 3624 5026">
     <span class='ocr_line' id='line_1_117' title="bbox 2039 4953 3624 5026; baseline -0.002 -18"><span class='ocrx_word' id='word_1_928' title='bbox 2039 4955 2250 5024; x_wconf 86' lang='lat' dir='ltr'><strong>planius</strong></span> <span class='ocrx_word' id='word_1_929' title='bbox 2273 4969 2558 5023; x_wconf 82' lang='lat' dir='ltr'><strong>exponere,</strong></span> <span class='ocrx_word' id='word_1_930' title='bbox 2583 4969 2650 5007; x_wconf 91' lang='lat' dir='ltr'><strong>ne</strong></span> <span class='ocrx_word' id='word_1_931' title='bbox 2676 4969 2760 5008; x_wconf 91' lang='lat' dir='ltr'><strong>me</strong></span> <span class='ocrx_word' id='word_1_932' title='bbox 2780 4953 2972 5023; x_wconf 89' lang='lat' dir='ltr'><strong>aliquis</strong></span> <span class='ocrx_word' id='word_1_933' title='bbox 2993 4955 3130 5009; x_wconf 84' lang='lat' dir='ltr'><strong>male</strong></span> <span class='ocrx_word' id='word_1_934' title='bbox 3155 4956 3427 5026; x_wconf 80' lang='lat' dir='ltr'><strong>intelligat.</strong></span> <span class='ocrx_word' id='word_1_935' title='bbox 3457 4955 3624 5010; x_wconf 84' lang='lat' dir='ltr'><strong>Num-</strong></span> 
     </span>
    </p>
   </div>
   <div class='ocr_carea' id='block_1_117' title="bbox 2106 5064 3622 5138">
    <p class='ocr_par' dir='ltr' id='par_1_117' title="bbox 2106 5064 3622 5138">
     <span class='ocr_line' id='line_1_118' title="bbox 2106 5064 3622 5138; baseline -0.005 -20"><span class='ocrx_word' id='word_1_936' title='bbox 2106 5069 2122 5100; x_wconf 74' lang='grc' dir='ltr'>ί</span> <span class='ocrx_word' id='word_1_937' title='bbox 2147 5067 2280 5138; x_wconf 48' lang='lat' dir='ltr'><strong>apud</strong></span> <span class='ocrx_word' id='word_1_938' title='bbox 2318 5067 2656 5138; x_wconf 61' lang='lat' dir='ltr'><strong>Ambrosium;</strong></span> <span class='ocrx_word' id='word_1_939' title='bbox 2683 5076 2816 5138; x_wconf 56' lang='lat' dir='ltr'><strong>Ecce</strong></span> <span class='ocrx_word' id='word_1_940' title='bbox 2838 5080 2984 5138; x_wconf 54' lang='lat' dir='ltr'><strong>(liram</strong></span> <span class='ocrx_word' id='word_1_941' title='bbox 3021 5067 3142 5138; x_wconf 64' lang='lat' dir='ltr'><strong>let-ia</strong></span> <span class='ocrx_word' id='word_1_942' title='bbox 3166 5064 3388 5138; x_wconf 50' lang='lat' dir='ltr'><strong>_dixi,&#39;_ut</strong></span> <span class='ocrx_word' id='word_1_943' title='bbox 3408 5071 3622 5138; x_wconf 57' lang='lat' dir='ltr'><strong>tacerem</strong></span> 
     </span>
    </p>
   </div>
   <div class='ocr_carea' id='block_1_118' title="bbox 2037 5125 3720 5200">
    <p class='ocr_par' dir='ltr' id='par_1_118' title="bbox 2037 5125 3720 5200">
     <span class='ocr_line' id='line_1_119' title="bbox 2037 5125 3720 5200; baseline 0 -21"><span class='ocrx_word' id='word_1_944' title='bbox 2037 5125 2222 5200; x_wconf 63' lang='lat' dir='ltr'><strong>gravia.</strong></span> <span class='ocrx_word' id='word_1_945' title='bbox 2248 5135 2298 5200; x_wconf 79' lang='lat' dir='ltr'><strong>tn</strong></span> <span class='ocrx_word' id='word_1_946' title='bbox 2321 5141 2390 5200; x_wconf 74' lang='lat' dir='ltr'><strong>cr.</strong></span> <span class='ocrx_word' id='word_1_947' title='bbox 2415 5127 2558 5200; x_wconf 79' lang='lat' dir='ltr'><strong>libro,</strong></span> <span class='ocrx_word' id='word_1_948' title='bbox 2592 5127 2816 5200; x_wconf 42' lang='grc' dir='ltr'><strong>εει-ρηζῂςὶ</strong></span> <span class='ocrx_word' id='word_1_949' title='bbox 2851 5125 2937 5178; x_wconf 84' lang='lat' dir='ltr'><strong>illa</strong></span> <span class='ocrx_word' id='word_1_950' title='bbox 2957 5130 3138 5200; x_wconf 67' lang='lat' dir='ltr'><strong>grauia.</strong></span> <span class='ocrx_word' id='word_1_951' title='bbox 3165 5135 3214 5176; x_wconf 86' lang='lat' dir='ltr'><strong>tu</strong></span> <span class='ocrx_word' id='word_1_952' title='bbox 3247 5126 3448 5190; x_wconf 86' lang='lat' dir='ltr'><strong>reliquis</strong></span> <span class='ocrx_word' id='word_1_953' title='bbox 3491 5125 3620 5179; x_wconf 75' lang='lat' dir='ltr'><strong>liber</strong></span> <span class='ocrx_word' id='word_1_954' title='bbox 3711 5157 3720 5200; x_wconf 51' lang='grc' dir='ltr'><strong>ς</strong></span> 
     </span>
    </p>
   </div>
   <div class='ocr_carea' id='block_1_119' title="bbox 2039 5189 3718 5241">
    <p class='ocr_par' dir='ltr' id='par_1_119' title="bbox 2039 5189 3718 5241">
     <span class='ocr_line' id='line_1_120' title="bbox 2039 5189 3718 5241; baseline -0.004 -1"><span class='ocrx_word' id='word_1_955' title='bbox 2039 5189 2132 5240; x_wconf 84' lang='lat' dir='ltr'><strong>iste</strong></span> <span class='ocrx_word' id='word_1_956' title='bbox 2156 5205 2224 5240; x_wconf 92' lang='lat' dir='ltr'><strong>cr.</strong></span> <span class='ocrx_word' id='word_1_957' title='bbox 2243 5189 2562 5239; x_wconf 82' lang='lat' dir='ltr'><strong>Ambrosianis</strong></span> <span class='ocrx_word' id='word_1_958' title='bbox 2584 5191 2726 5241; x_wconf 85' lang='lat' dir='ltr'><strong>editis</strong></span> <span class='ocrx_word' id='word_1_959' title='bbox 2743 5191 2846 5239; x_wconf 79' lang='lat' dir='ltr'><strong>fere</strong></span> <span class='ocrx_word' id='word_1_960' title='bbox 2869 5189 3122 5238; x_wconf 77' lang='lat' dir='ltr'><strong>consentit.</strong></span> <span class='ocrx_word' id='word_1_961' title='bbox 3359 5189 3362 5190; x_wconf 65' lang='grc'><strong><em>⁷</em></strong></span> <span class='ocrx_word' id='word_1_962' title='bbox 3673 5203 3682 5241; x_wconf 64' lang='grc' dir='ltr'><strong>ι</strong></span> <span class='ocrx_word' id='word_1_963' title='bbox 3709 5193 3718 5234; x_wconf 71' lang='grc' dir='ltr'>ἐ</span> 
     </span>
    </p>
   </div>
   <div class='ocr_carea' id='block_1_120' title="bbox 2101 5248 3614 5314">
    <p class='ocr_par' dir='ltr' id='par_1_120' title="bbox 2101 5248 3614 5314">
     <span class='ocr_line' id='line_1_121' title="bbox 2101 5248 3614 5314; baseline 0.001 -14"><span class='ocrx_word' id='word_1_964' title='bbox 2101 5253 2174 5314; x_wconf 89' lang='lat' dir='ltr'><strong>(a)</strong></span> <span class='ocrx_word' id='word_1_965' title='bbox 2206 5260 2319 5314; x_wconf 61' lang='lat' dir='ltr'><strong>Quae</strong></span> <span class='ocrx_word' id='word_1_966' title='bbox 2339 5249 2480 5312; x_wconf 88' lang='lat' dir='ltr'><strong>paulo</strong></span> <span class='ocrx_word' id='word_1_967' title='bbox 2503 5258 2608 5314; x_wconf 88' lang='lat' dir='ltr'><strong>post</strong></span> <span class='ocrx_word' id='word_1_968' title='bbox 2628 5258 2891 5314; x_wconf 81' lang='lat' dir='ltr'><strong>cernuntur</strong></span> <span class='ocrx_word' id='word_1_969' title='bbox 2914 5252 3038 5298; x_wconf 86' lang='lat' dir='ltr'><strong>intra</strong></span> <span class='ocrx_word' id='word_1_970' title='bbox 3063 5248 3415 5314; x_wconf 76' lang='lat' dir='ltr'><strong>parenthesim,</strong></span> <span class='ocrx_word' id='word_1_971' title='bbox 3441 5251 3549 5314; x_wconf 17' lang='lat' dir='ltr'><strong>ipsa,</strong></span> <span class='ocrx_word' id='word_1_972' title='bbox 3563 5253 3614 5302; x_wconf 85' lang='lat' dir='ltr'><strong>in</strong></span> 
     </span>
    </p>
   </div>
   <div class='ocr_carea' id='block_1_121' title="bbox 2039 5310 3618 5363">
    <p class='ocr_par' dir='ltr' id='par_1_121' title="bbox 2039 5310 3618 5363">
     <span class='ocr_line' id='line_1_122' title="bbox 2039 5310 3618 5363; baseline 0.003 -5"><span class='ocrx_word' id='word_1_973' title='bbox 2039 5310 2270 5362; x_wconf 76' lang='lat' dir='ltr'><strong>Ambrosii</strong></span> <span class='ocrx_word' id='word_1_974' title='bbox 2296 5310 2354 5362; x_wconf 82' lang='lat' dir='ltr'><strong>ac</strong></span> <span class='ocrx_word' id='word_1_975' title='bbox 2386 5310 2574 5361; x_wconf 74' lang='lat' dir='ltr'><strong>Ctesarii</strong></span> <span class='ocrx_word' id='word_1_976' title='bbox 2599 5312 2741 5360; x_wconf 87' lang='lat' dir='ltr'><strong>editis</strong></span> <span class='ocrx_word' id='word_1_977' title='bbox 2777 5318 2830 5359; x_wconf 88' lang='lat' dir='ltr'><strong>et</strong></span> <span class='ocrx_word' id='word_1_978' title='bbox 2873 5311 2926 5358; x_wconf 87' lang='lat' dir='ltr'><strong>iu</strong></span> <span class='ocrx_word' id='word_1_979' title='bbox 2962 5310 3242 5358; x_wconf 74' lang='lat' dir='ltr'><strong>t‘arnutensi</strong></span> <span class='ocrx_word' id='word_1_980' title='bbox 3283 5316 3367 5361; x_wconf 76' lang='lat' dir='ltr'><strong>Ms.</strong></span> <span class='ocrx_word' id='word_1_981' title='bbox 3391 5310 3507 5360; x_wconf 86' lang='lat' dir='ltr'><strong>sunt</strong></span> <span class='ocrx_word' id='word_1_982' title='bbox 3539 5313 3618 5363; x_wconf 86' lang='lat' dir='ltr'><strong>hic</strong></span> 
     </span>
    </p>
   </div>
   <div class='ocr_carea' id='block_1_122' title="bbox 2038 5369 3616 5435">
    <p class='ocr_par' dir='ltr' id='par_1_122' title="bbox 2038 5369 3616 5435">
     <span class='ocr_line' id='line_1_123' title="bbox 2038 5369 3616 5435; baseline 0.001 -14"><span class='ocrx_word' id='word_1_983' title='bbox 2038 5373 2246 5432; x_wconf 81' lang='lat' dir='ltr'><strong>inserta,</strong></span> <span class='ocrx_word' id='word_1_984' title='bbox 2271 5381 2420 5435; x_wconf 87' lang='lat' dir='ltr'><strong>atque</strong></span> <span class='ocrx_word' id='word_1_985' title='bbox 2441 5387 2550 5422; x_wconf 86' lang='lat' dir='ltr'><strong>cum</strong></span> <span class='ocrx_word' id='word_1_986' title='bbox 2571 5371 2908 5435; x_wconf 79' lang='lat' dir='ltr'><strong>superioribus</strong></span> <span class='ocrx_word' id='word_1_987' title='bbox 2937 5370 3004 5420; x_wconf 86' lang='lat' dir='ltr'><strong>ita</strong></span> <span class='ocrx_word' id='word_1_988' title='bbox 3023 5369 3244 5432; x_wconf 84' lang='lat' dir='ltr'><strong>colligata</strong></span> <span class='ocrx_word' id='word_1_989' title='bbox 3269 5383 3282 5419; x_wconf 74' lang='grc' dir='ltr'>ε</span> <span class='ocrx_word' id='word_1_990' title='bbox 3316 5388 3340 5417; x_wconf 79' lang='grc' dir='ltr'>ι</span> <span class='ocrx_word' id='word_1_991' title='bbox 3358 5379 3616 5435; x_wconf 56' lang='lat' dir='ltr'><strong>acrecon-</strong></span> 
     </span>
    </p>
   </div>
   <div class='ocr_carea' id='block_1_123' title="bbox 2045 5431 3612 5495">
    <p class='ocr_par' dir='ltr' id='par_1_123' title="bbox 2045 5431 3612 5495">
     <span class='ocr_line' id='line_1_124' title="bbox 2045 5431 3612 5495; baseline 0.003 -15"><span class='ocrx_word' id='word_1_992' title='bbox 2045 5451 2068 5480; x_wconf 72' lang='grc' dir='ltr'>ι</span> <span class='ocrx_word' id='word_1_993' title='bbox 2089 5431 2302 5492; x_wconf 86' lang='lat' dir='ltr'><strong>ciliatus,</strong></span> <span class='ocrx_word' id='word_1_994' title='bbox 2328 5431 2370 5484; x_wconf 80' lang='lat' dir='ltr'><strong>si</strong></span> <span class='ocrx_word' id='word_1_995' title='bbox 2408 5442 2578 5495; x_wconf 84' lang='lat' dir='ltr'><strong>postea</strong></span> <span class='ocrx_word' id='word_1_996' title='bbox 2599 5431 2730 5495; x_wconf 79' lang='lat' dir='ltr'><strong>bene</strong></span> <span class='ocrx_word' id='word_1_997' title='bbox 2753 5431 2956 5495; x_wconf 76' lang='lat' dir='ltr'><strong>vixerit,</strong></span> <span class='ocrx_word' id='word_1_998' title='bbox 3001 5431 3204 5495; x_wconf 79' lang='lat' dir='ltr'><strong>securus</strong></span> <span class='ocrx_word' id='word_1_999' title='bbox 3225 5437 3318 5495; x_wconf 52' lang='lat' dir='ltr'><strong>est:</strong></span> <span class='ocrx_word' id='word_1_1000' title='bbox 3343 5433 3434 5482; x_wconf 88' lang='lat' dir='ltr'><strong>sed</strong></span> <span class='ocrx_word' id='word_1_1001' title='bbox 3454 5433 3576 5484; x_wconf 80' lang='lat' dir='ltr'><strong>dicis</strong></span> <span class='ocrx_word' id='word_1_1002' title='bbox 3599 5449 3612 5484; x_wconf 89' lang='lat'>:</span> 
     </span>
    </p>
   </div>
   <div class='ocr_carea' id='block_1_124' title="bbox 2045 5489 3618 5555">
    <p class='ocr_par' dir='ltr' id='par_1_124' title="bbox 2045 5489 3618 5555">
     <span class='ocr_line' id='line_1_125' title="bbox 2045 5489 3618 5555; baseline 0.001 -13"><span class='ocrx_word' id='word_1_1003' title='bbox 2045 5513 2068 5542; x_wconf 78' lang='grc' dir='ltr'><strong>α</strong></span> <span class='ocrx_word' id='word_1_1004' title='bbox 2089 5496 2206 5554; x_wconf 85' lang='lat' dir='ltr'><strong>Quid</strong></span> <span class='ocrx_word' id='word_1_1005' title='bbox 2231 5489 2330 5555; x_wconf 78' lang='lat' dir='ltr'><strong>est,</strong></span> <span class='ocrx_word' id='word_1_1006' title='bbox 2355 5489 2488 5544; x_wconf 72' lang='lat' dir='ltr'><strong>be&#39;ue</strong></span> <span class='ocrx_word' id='word_1_1007' title='bbox 2511 5495 2688 5544; x_wconf 84' lang='lat' dir='ltr'><strong>vixerit</strong></span> <span class='ocrx_word' id='word_1_1008' title='bbox 2704 5493 2727 5542; x_wconf 79' lang='grc' dir='ltr'><em>ἳ</em></span> <span class='ocrx_word' id='word_1_1009' title='bbox 2743 5489 2828 5541; x_wconf 83' lang='lat' dir='ltr'><strong>Vel</strong></span> <span class='ocrx_word' id='word_1_1010' title='bbox 2849 5489 2948 5542; x_wconf 87' lang='lat' dir='ltr'><strong>hoc</strong></span> <span class='ocrx_word' id='word_1_1011' title='bbox 2963 5504 3052 5541; x_wconf 87' lang='lat' dir='ltr'><strong>nos</strong></span> <span class='ocrx_word' id='word_1_1012' title='bbox 3074 5493 3278 5555; x_wconf 77' lang='lat' dir='ltr'><strong>instrue,</strong></span> <span class='ocrx_word' id='word_1_1013' title='bbox 3303 5492 3432 5543; x_wconf 89' lang='lat' dir='ltr'><strong>bene</strong></span> <span class='ocrx_word' id='word_1_1014' title='bbox 3453 5507 3618 5555; x_wconf 68' lang='lat' dir='ltr'><strong>sacer-</strong></span> 
     </span>
    </p>
   </div>
   <div class='ocr_carea' id='block_1_125' title="bbox 2045 5551 3620 5614">
    <p class='ocr_par' dir='ltr' id='par_1_125' title="bbox 2045 5551 3620 5614">
     <span class='ocr_line' id='line_1_126' title="bbox 2045 5551 3620 5614; baseline 0.003 -13"><span class='ocrx_word' id='word_1_1015' title='bbox 2045 5574 2066 5601; x_wconf 76' lang='grc' dir='ltr'>ιι</span> <span class='ocrx_word' id='word_1_1016' title='bbox 2088 5551 2208 5607; x_wconf 87' lang='lat' dir='ltr'><strong>dos:</strong></span> <span class='ocrx_word' id='word_1_1017' title='bbox 2236 5563 2288 5604; x_wconf 89' lang='lat' dir='ltr'><strong>tu</strong></span> <span class='ocrx_word' id='word_1_1018' title='bbox 2317 5551 2556 5614; x_wconf 76' lang='lat' dir='ltr'><strong>nescire,</strong></span> <span class='ocrx_word' id='word_1_1019' title='bbox 2592 5569 2615 5599; x_wconf 72' lang='grc' dir='ltr'><strong>ι</strong></span> <span class='ocrx_word' id='word_1_1020' title='bbox 2647 5561 2741 5603; x_wconf 90' lang='lat' dir='ltr'><strong>etc.</strong></span> <span class='ocrx_word' id='word_1_1021' title='bbox 2775 5561 2982 5614; x_wconf 84' lang='lat' dir='ltr'><strong>Postque</strong></span> <span class='ocrx_word' id='word_1_1022' title='bbox 3029 5551 3176 5614; x_wconf 80' lang='lat' dir='ltr'><strong>verba</strong></span> <span class='ocrx_word' id='word_1_1023' title='bbox 3214 5553 3264 5600; x_wconf 89' lang='lat' dir='ltr'><strong>in</strong></span> <span class='ocrx_word' id='word_1_1024' title='bbox 3285 5553 3620 5614; x_wconf 77' lang='lat' dir='ltr'><strong>parenthesis</strong></span> 
     </span>
    </p>
   </div>
   <div class='ocr_carea' id='block_1_126' title="bbox 2035 5611 3620 5684">
    <p class='ocr_par' dir='ltr' id='par_1_126' title="bbox 2035 5611 3620 5684">
     <span class='ocr_line' id='line_1_127' title="bbox 2035 5611 3620 5684; baseline -0.002 -19"><span class='ocrx_word' id='word_1_1025' title='bbox 2035 5615 2150 5675; x_wconf 80' lang='lat' dir='ltr'><strong>fine,</strong></span> <span class='ocrx_word' id='word_1_1026' title='bbox 2201 5634 2223 5662; x_wconf 70' lang='grc' dir='ltr'>ι</span> <span class='ocrx_word' id='word_1_1027' title='bbox 2239 5623 2288 5664; x_wconf 88' lang='lat' dir='ltr'><strong>et</strong></span> <span class='ocrx_word' id='word_1_1028' title='bbox 2325 5623 2434 5684; x_wconf 77' lang='lat' dir='ltr'><strong>post</strong></span> <span class='ocrx_word' id='word_1_1029' title='bbox 2462 5611 2791 5684; x_wconf 59' lang='lat' dir='ltr'><strong>penitentiam</strong></span> <span class='ocrx_word' id='word_1_1030' title='bbox 2809 5611 3009 5684; x_wconf 82' lang='lat' dir='ltr'><strong>melius;</strong></span> <span class='ocrx_word' id='word_1_1031' title='bbox 3029 5629 3051 5658; x_wconf 67' lang='grc' dir='ltr'><strong>υ</strong></span> <span class='ocrx_word' id='word_1_1032' title='bbox 3070 5611 3392 5684; x_wconf 43' lang='lat' dir='ltr'><strong>subiungit—ur,</strong></span> <span class='ocrx_word' id='word_1_1033' title='bbox 3413 5623 3620 5684; x_wconf 53' lang='lat' dir='ltr'><strong>angens</strong></span> 
     </span>
    </p>
   </div>
   <div class='ocr_carea' id='block_1_127' title="bbox 2044 5671 3616 5738">
    <p class='ocr_par' dir='ltr' id='par_1_127' title="bbox 2044 5671 3616 5738">
     <span class='ocr_line' id='line_1_128' title="bbox 2044 5671 3616 5738; baseline 0 -16"><span class='ocrx_word' id='word_1_1034' title='bbox 2044 5695 2066 5722; x_wconf 75' lang='grc' dir='ltr'><strong><em>α</em></strong></span> <span class='ocrx_word' id='word_1_1035' title='bbox 2089 5671 2208 5726; x_wconf 86' lang='lat' dir='ltr'><strong>vero</strong></span> <span class='ocrx_word' id='word_1_1036' title='bbox 2227 5671 2558 5738; x_wconf 60' lang='lat' dir='ltr'><strong>paenitentiam</strong></span> <span class='ocrx_word' id='word_1_1037' title='bbox 2581 5675 2637 5723; x_wconf 89' lang='lat' dir='ltr'><strong>ad</strong></span> <span class='ocrx_word' id='word_1_1038' title='bbox 2657 5675 2876 5738; x_wconf 80' lang='lat' dir='ltr'><strong>ultimum</strong></span> <span class='ocrx_word' id='word_1_1039' title='bbox 2902 5680 2953 5722; x_wconf 89' lang='lat' dir='ltr'><strong>et</strong></span> <span class='ocrx_word' id='word_1_1040' title='bbox 2974 5671 3330 5738; x_wconf 72' lang='lat' dir='ltr'><strong>reconciliatus,</strong></span> <span class='ocrx_word' id='word_1_1041' title='bbox 3347 5671 3616 5726; x_wconf 53' lang='lat' dir='ltr'><strong>{etcfcie-</strong></span> 
     </span>
    </p>
   </div>
   <div class='ocr_carea' id='block_1_128' title="bbox 2037 5735 3620 5801">
    <p class='ocr_par' dir='ltr' id='par_1_128' title="bbox 2037 5735 3620 5801">
     <span class='ocr_line' id='line_1_129' title="bbox 2037 5735 3620 5801; baseline -0.001 -15"><span class='ocrx_word' id='word_1_1042' title='bbox 2037 5745 2198 5786; x_wconf 87' lang='lat' dir='ltr'><strong>terum</strong></span> <span class='ocrx_word' id='word_1_1043' title='bbox 2221 5735 2450 5801; x_wconf 79' lang='lat' dir='ltr'><strong>quidquid</strong></span> <span class='ocrx_word' id='word_1_1044' title='bbox 2476 5743 2551 5801; x_wconf 79' lang='lat' dir='ltr'><strong>est</strong></span> <span class='ocrx_word' id='word_1_1045' title='bbox 2573 5735 2850 5801; x_wconf 63' lang='lat' dir='ltr'><strong>parenthesi</strong></span> <span class='ocrx_word' id='word_1_1046' title='bbox 2865 5740 3182 5801; x_wconf 76' lang='lat' dir='ltr'><strong>_cpntentum,</strong></span> <span class='ocrx_word' id='word_1_1047' title='bbox 3205 5735 3349 5786; x_wconf 76' lang='lat' dir='ltr'><strong>abest</strong></span> <span class='ocrx_word' id='word_1_1048' title='bbox 3370 5748 3568 5801; x_wconf 75' lang='lat' dir='ltr'><strong>prorsus</strong></span> <span class='ocrx_word' id='word_1_1049' title='bbox 3589 5751 3620 5784; x_wconf 85' lang='lat' dir='ltr'><strong>a.</strong></span> 
     </span>
    </p>
   </div>
   <div class='ocr_carea' id='block_1_129' title="bbox 2038 5793 2944 5855">
    <p class='ocr_par' dir='ltr' id='par_1_129' title="bbox 2038 5793 2944 5855">
     <span class='ocr_line' id='line_1_130' title="bbox 2038 5793 2944 5855; baseline -0.003 -8"><span class='ocrx_word' id='word_1_1050' title='bbox 2038 5793 2372 5855; x_wconf 74' lang='lat' dir='ltr'><strong>ummscriptis</strong></span> <span class='ocrx_word' id='word_1_1051' title='bbox 2393 5796 2526 5848; x_wconf 85' lang='lat' dir='ltr'><strong>libris</strong></span> <span class='ocrx_word' id='word_1_1052' title='bbox 2548 5793 2850 5846; x_wconf 73' lang='lat' dir='ltr'><strong>tiomiliarum</strong></span> <span class='ocrx_word' id='word_1_1053' title='bbox 2865 5793 2944 5844; x_wconf 74' lang='lat'><strong>50.</strong></span> 
     </span>
    </p>
   </div>
  </div>
