3996 6180
409 346 550 401 1715

402 473 528 542 quid
572 471 709 533 dico,
761 469 1148 525 Damuabitur?
1195 466 1308 522 Non
1357 466 1496 519 dico.
1549 465 1654 521 Sed
1711 480 1808 520 nec
1857 465 1976 520 dico

401 566 581 627 ctiam,
615 565 963 618 Liberabitur.
1012 561 1078 615 Et
1105 559 1230 629 quid
1258 557 1390 612 dicis
1420 558 1547 610 mihi
1573 558 1595 610 ἱ)
1625 558 1812 612 Nescio
1837 577 1850 610 :
1877 571 1979 609 non

401 671 686 726 przcsumo,
734 669 836 708 non
889 650 1179 721 promitto;
1226 648 1423 702 nescio.
1485 647 1574 700 \‘is
1623 657 1673 700 te
1711 647 1777 700 de
1823 646 1983 700 dubio

401 745 672 801 liberare?
702 746 778 798 vis
803 743 942 812 quod
972 743 1230 796 incertum
1261 747 1341 792 est
1365 737 1634 792 evadere?
1665 737 1775 805 Age
1809 736 1982 804 poeni-
2023 760 2036 772 ο

403 838 644 899 tentiam,
674 835 797 888 dum
829 848 988 887 sanus
1015 845 1094 886 es.
1123 829 1176 885 Si
1207 830 1346 884 enim
1374 828 1486 898 agis
1511 841 1691 894 veram
1720 825 1982 895 poeniten-

404 928 552 988 tiam,
580 925 705 979 dum
737 939 896 978 sanus
927 938 1004 983 es,
1037 933 1090 976 et
1119 921 1377 975 invenerit
1403 929 1454 974 te
1480 920 1798 974 novissimus
1827 917 1942 972 dies
1966 959 1981 986 ,

403 1032 557 1071 curre
585 1025 638 1067 ut
671 1012 1029 1068 reconcilieris
1062 1028 1075 1066 :
1106 1013 1149 1064 si
1179 1013 1256 1066 sic
1282 1013 1415 1082 agis,
1457 1026 1675 1066 securus
1701 1025 1779 1064 es.
1808 1010 1984 1076 Quare

404 1120 623 1159 securus
649 1104 748 1158 es?
778 1103 910 1168 Quia
941 1101 1092 1172 egisti
1115 1102 1479 1172 paenitentiam
1503 1116 1566 1154 eo
1595 1108 1852 1169 tempore,
1881 1114 1986 1167 quo

404 1204 456 1248 et
500 1211 718 1263 peccare
750 1193 984 1263 potuisti.
1019 1192 1074 1247 Si
1119 1203 1293 1246 autem
1326 1203 1450 1245 tunc
1481 1191 1559 1245 vis
1610 1205 1768 1259 agere
1812 1192 1986 1258 poeni-

406 1285 621 1338 tentiam
654 1285 840 1352 ipsam,
874 1283 1085 1353 quando
1110 1284 1218 1350 jam
1254 1297 1474 1352 peccare
1505 1298 1608 1335 non
1644 1290 1828 1349 potes;
1862 1295 1987 1347 pec-

404 1387 518 1430 cata
550 1387 598 1430 te
619 1375 951 1438 dimiserunt,
986 1389 1087 1427 non
1119 1382 1172 1426 tu
1198 1373 1304 1425 illa.
1335 1373 1438 1427 Sed
1467 1372 1603 1426 unde
1633 1372 1758 1435 scis,
1789 1371 1983 1440 inquis,

406 1485 475 1524 ne
517 1471 649 1522 forte
696 1469 833 1521 Deus
873 1467 1100 1520 dimittat
1143 1465 1314 1518 mihi?
1366 1465 1558 1518 Verum
1589 1464 1744 1520 dicis.
1793 1462 1984 1526 Unde,

405 1561 608 1614 nescio.
656 1559 783 1612 illud
813 1559 942 1622 scio,
977 1559 1075 1612 hoc
1099 1558 1298 1612 nescio.
1331 1557 1461 1610 Nam
1492 1556 1610 1610 ideo
1654 1556 1742 1610 tibi
1772 1554 1840 1608 do
1876 1569 1990 1622 p0:-

409 1652 704 1714 uitcntiam,
755 1651 876 1719 quia
929 1651 1128 1703 nescio.
1190 1649 1320 1703 Nam
1374 1649 1418 1703 si
1462 1648 1657 1703 scirem
1715 1648 1806 1702 tibi
1860 1646 1988 1700 nihil

407 1743 685 1812 prodesse,
711 1757 812 1794 non
834 1741 926 1794 tibi
944 1741 1148 1794 darem.
1170 1741 1298 1795 ltem
1315 1741 1359 1795 si
1385 1740 1575 1794 scirem
1602 1739 1694 1793 tibi
1713 1737 1987 1807 prodesse,

407 1850 513 1888 non
541 1843 590 1889 te
607 1834 969 1900 admonerem,
991 1849 1096 1888 non
1113 1841 1164 1887 te
1183 1842 1464 1888 terrorem.
1489 1833 1615 1885 Duce
1629 1846 1714 1885 res
1731 1839 1854 1884 sunt
1872 1873 1881 1882 .
1899 1839 1989 1882 aut

408 1925 696 1996 ignoscitur
722 1926 834 1988 tibi,
857 1936 946 1980 aut
973 1941 1074 1980 non
1092 1926 1378 1995 ignoscitur
1407 1942 1420 1978 :
1444 1923 1567 1994 quid
1587 1923 1774 1977 horum
1795 1922 1884 1976 tibi
1905 1921 1989 1974 fn-

408 2028 582 2073 turum
605 2018 693 2084 sit,
712 2018 909 2072 nescio.
938 2018 1077 2086 Ergo
1094 2017 1592 2082 dimitteincertum,
1623 2025 1742 2070 tene
1762 2023 1986 2068 certum.

857 2107 1085 2164 SERth
1121 2108 1409 2163 cccxcw
1442 2107 1539 2179 (a).

631 2201 712 2256 De
743 2201 917 2255 Natali
951 2199 1058 2256 SS.
1095 2201 1364 2270 Perpetua:
1391 2211 1438 2254 et
1470 2200 1765 2254 Felicitatis.

475 2293 603 2347 Duae
636 2307 861 2361 gemmae
890 2292 1047 2345 hodie
1087 2292 1138 2344 in
1182 2292 1418 2345 Ecclesia
1455 2292 1777 2346 refulserunt
1805 2301 1860 2344 et
1888 2306 1990 2344 una

404 2361 618 2416 claritas
646 2379 659 2414 :
691 2361 811 2431 quia
845 2361 1103 2429 Perpetua
1137 2370 1190 2415 et
1219 2361 1465 2415 Felicitas
1509 2377 1608 2413 una
1649 2361 1988 2424 solemnitas;

405 2447 507 2486 nec
534 2442 708 2499 potest
737 2431 964 2485 dubitari
990 2432 1055 2485 de
1080 2431 1352 2496 felicitate,
1382 2446 1500 2498 qua:
1528 2439 1836 2498 perpetuam
1869 2445 1993 2498 pos-

405 2501 544 2556 sidet
571 2501 900 2569 dignitatem.
926 2502 1111 2556 Junxit
1138 2503 1254 2554 illas
1278 2501 1506 2554 carceris
1532 2501 1791 2564 custodia,
1817 2499 1993 2568 junxit

405 2578 460 2625 et
491 2573 659 2640 gratia
691 2589 703 2623 :
733 2571 854 2640 quia
885 2588 990 2625 non
1021 2582 1102 2625 est
1145 2572 1196 2623 in
1237 2572 1314 2624 eis
1358 2571 1464 2624 ulla
1503 2570 1992 2640 discordia.SiInul

405 2639 622 2696 cantant
650 2641 702 2694 in
733 2639 949 2696 carcere
969 2684 982 2705 ,
1014 2642 1172 2695 simul
1196 2641 1408 2692 Christo
1446 2640 1652 2693 obviam
1690 2639 1909 2692 veniunt
1940 2639 1992 2693 in

405 2727 561 2774 aere;
605 2710 758 2765 simul
799 2720 1032 2782 pugnant
1070 2711 1137 2765 ad
1173 2725 1418 2782 vaccam,
1449 2709 1606 2782 simul
1637 2709 1905 2782 intrabunt
1937 2709 1990 2763 in

404 2785 632 2850 patriam
680 2777 1094 2850 sempitErnam;
1141 2780 1296 2834 simul
1347 2777 1656 2850 martyrium
1704 2779 1987 2847 gerebant;

409 2848 512 2905 una
541 2853 767 2905 lactabat
787 2848 809 2910 ,“
829 2852 993 2906 altera
1023 2851 1280 2922 pariebat.
1310 2851 1571 2922 Perpetua
1598 2848 1845 2922 diccbat,
1868 2864 1989 2902 cum

405 2921 636 2975 traderet
680 2921 932 2975 infantem
973 2920 1041 2976 ρι’
1065 2929 1334 2974 amoveret
1373 2921 1651 2973 lactentem
1691 2938 1704 2974 :
1748 2920 1872 2983 Quis
1900 2934 1993 2974 nos

405 2991 656 3062 separabit
687 3008 717 3044 a
743 2993 984 3062 charitatc
1011 2990 1194 3062 Christi
1223 2991 1395 3062 (Rom.
1425 3006 1514 3043 vIu
1533 3031 1555 3062 ,Α
1579 2989 1702 3059 '53)?
1745 2990 1991 3062 Felicitas

407 3059 473 3116 de
503 3073 654 3130 partu
684 3062 910 3129 gemitus
943 3061 1136 3124 dabat,
1183 3059 1240 3114 et
1275 3068 1395 3129 post
1423 3059 1642 3113 comites
1673 3074 1802 3130 suos,
1822 3061 1989 3112 intre-

407 3129 528 3200 pida
577 3131 889 3194 festinabat;
938 3141 990 3183 ct
1031 3131 1292 3200 gemendo
1334 3130 1588 3192 liberata,
1627 3129 1750 3193 quid
1780 3129 1991 3183 Christo

407 3201 650 3254 dicebat?
679 3201 930 3269 Dirupisti
958 3202 1156 3255 vincula
1186 3217 1331 3262 mea;
1372 3200 1456 3252 tibi
1494 3200 1786 3265 sacriﬁcabo
1831 3200 1991 3252 sacri-

371 3313 381 3322 .
409 3271 581 3338 ficium
607 3271 770 3323 laudis
803 3271 970 3340 (Psal.
995 3287 1117 3334 cxv,
1148 3272 1258 3337 l7).
1295 3271 1358 3323 Et
1387 3271 1569 3340 beatus
1595 3269 1758 3340 D:_ivid
1785 3269 1849 3322 ad
1876 3270 1991 3338 ejus

407 3337 662 3409 gemitum
700 3337 1078 3394 conSolandum
1108 3341 1314 3393 dicebat
1347 3358 1359 3392 :
1395 3339 1489 3392 Det
1519 3340 1603 3391 tibi
1634 3337 1881 3392 Dominus
1910 3337 1991 3392 8e-

408 3411 631 3463 cumlunt
673 3427 760 3464 cor
803 3420 970 3473 tuum,
1002 3420 1048 3462 et
1081 3426 1227 3462 omne
1265 3410 1529 3462 consilium
1565 3419 1704 3461 tuum
1733 3409 1993 3477 conﬁrmet

413 3479 586 3550 (Psal.
623 3497 739 3544 XIX,
892 3479 936 3535 Ο
977 3481 1262 3548 fragilitas!
1313 3479 1904 3550 Tenebrasfugiebant,
1939 3490 1993 3534 ct

409 3549 639 3604 humana
667 3549 900 3604 conditio
930 3565 1036 3603 non
1069 3551 1343 3603 transibat.
1377 3549 1480 3603 Sed
1511 3549 1598 3616 qui
1642 3557 1864 3601 mortem
1909 3550 1987 3601 vi-

409 3620 500 3681 cit,
527 3630 582 3674 ct
611 3621 749 3674 illam
781 3635 809 3671 a
842 3628 1020 3688 partus
1046 3620 1279 3687 periculo
1303 3619 1574 3688 liberavit,
1604 3627 1657 3671 et
1678 3618 1990 3685 Perpetuam

410 3704 444 3742 ι
473 3689 622 3743 lactis
653 3687 886 3756 pondere
925 3689 1241 3743 sublevavit.
1288 3687 1419 3742 Cum
1465 3689 1605 3740 cnim
1645 3688 1802 3741 scala:
1849 3688 1992 3742 illius

410 3758 606 3827 gradus
647 3758 1031 3823 ascenderent,
1064 3767 1116 3812 et
1145 3758 1391 3812 draconis
1428 3757 1679 3810 insidiosa
1717 3756 1851 3810 colla
1883 3757 1992 3810 cal-

411 3837 615 3893 carent,
645 3837 902 3882 venerunt
929 3828 995 3881 ad
1025 3829 1334 3882 viridarium
1366 3827 1660 3882 cmlestium
1698 3834 1988 3894 pratorum,

411 3905 467 3952 et
511 3899 826 3952 invenerunt
870 3898 976 3956 illic
1021 3908 1285 3966 pastorem
1332 3897 1526 3950 bonum
1569 3897 1796 3950 animam
1840 3911 1990 3950 suam

411 3977 698 4036 ponentem
730 3983 825 4036 pro
851 3968 1037 4022 ovibus
1065 3970 1202 4033 suis,
1236 3976 1289 4022 et
1319 3967 1468 4021 lactis
1495 3982 1708 4020 succum
1749 3981 1994 4035 quaeren-

411 4047 523 4093 tem
552 4054 581 4090 a
610 4039 857 4107 gregibus
885 4039 1014 4092 suis.
1045 4038 1174 4092 Nam
1205 4038 1452 4102 sedebat,
1485 4039 1672 4106 inquit,
1701 4047 1882 4105 pastor
1901 4038 1993 4105 ju-

411 4109 563 4162 venis
589 4119 643 4162 et
669 4123 830 4162 senex
853 4148 865 4169 ,
896 4108 1079 4162 viridis
1103 4117 1288 4171 aztate,
1319 4124 1482 4162 cauus
1510 4109 1715 4176 capite,
1758 4107 1847 4174 qui
1885 4122 1993 4160 nou

412 4178 561 4232 novit
585 4186 932 4232 senectutem.
956 4178 1172 4232 Juvenis
1202 4179 1253 4231 in
1282 4179 1371 4231 illo
1396 4179 1572 4231 vultus
1597 4176 1850 4243 micabat,
1871 4177 1993 4243 quia

413 4192 561 4232 novat
585 4192 932 4232 senecwtem.
956 4192 1172 4232 .Iuvems
1204 4193 1253 4231 In
1282 4192 1371 4231 IIIo
1396 4192 1572 4231 vuIIus
1597 4192 1850 4243 micabat,
1909 4192 1990 4230 uia

413 4247 555 4301 idem
579 4249 690 4316 ipse
711 4256 810 4310 est,
835 4256 887 4300 et
906 4248 1031 4301 anni
1051 4249 1167 4315 ejus
1189 4263 1291 4300 non
1316 4248 1563 4301 deficient
1585 4246 1754 4315 (Psal.
1779 4192 1990 4316 0138).

414 4316 596 4387 Capite
615 4318 951 4379 canescebat,
984 4318 1105 4385 quia
1128 4317 1302 4385 justus
1326 4318 1576 4387 Dominus
1597 4317 1852 4386 justitiam
1877 4317 1997 4370 dili-

413 4386 588 4456 gebat,
611 4389 909 4456 mquitatem
927 4387 1244 4457 agnoscebat
1266 4387 1318 4439 in
1337 4386 1672 4457 Martyribus.
1695 4387 1752 4440 In
1769 4387 1995 4440 circuitu

415 4455 532 4524 ejus
556 4455 686 4512 oves
708 4458 970 4512 inclinata:
994 4455 1278 4521 cubabant,
1307 4457 1419 4525 ipse
1445 4455 1534 4508 cas
1557 4457 1719 4524 digito
1744 4457 1993 4524 pastorali

417 4527 701 4597 mulgebat,
735 4528 784 4580 in
812 4527 1004 4597 quibus
1030 4527 1325 4597 inveniebat
1345 4526 1496 4597 lactis
1513 4527 1719 4597 copiam
1742 4535 1799 4597 et
1815 4527 1996 4580 fecun-

415 4595 545 4666 dam’
561 4598 768 4666 pietatis
787 4595 1184 4651 conscientiam.
1209 4596 1472 4664 Mulgebat
1491 4595 1666 4664 digitis
1685 4604 1738 4649 et
1756 4596 1996 4664 alloque-

415 4665 572 4724 batur
610 4669 841 4735 paternis
869 4669 1072 4722 solatiis
1093 4709 1107 4733 ,
1150 4667 1424 4736 promissis
1453 4666 1756 4719 coelestibus
1787 4681 1992 4735 pra-pa.

415 4737 544 4790 ratis
577 4737 805 4791 dicens:
850 4738 1048 4804 Venite,
1099 4735 1342 4791 benedicti
1385 4735 1556 4790 Patris
1597 4737 1725 4799 mei,
1760 4737 1997 4806 percipite

419 4821 625 4876 regnum
649 4808 783 4876 quod
808 4809 942 4860 vobis
983 4819 1320 4875 prwparatum
1365 4816 1439 4860 est
1483 4806 1542 4858 ob
1588 4807 1779 4876 origine
1821 4807 1998 4860 mundi

421 4876 631 4944 (Matth.
662 4893 800 4938 xxv,
831 4878 941 4945 54).
986 4878 1053 4930 Ει
1090 4878 1319 4930 ostendit
1349 4878 1452 4931 illis
1480 4878 1631 4930 lactis
1671 4877 1817 4930 alvea
1863 4891 1998 4944 puro

416 4946 579 5016 cprde
607 4947 903 5015 spumantia
925 4961 1020 5014 per
1051 4946 1273 5016 lucidam
1301 4947 1725 5016 eleemosynam,
1750 4953 1802 5000 et
1821 4945 1948 5000 dicit
1980 4963 1992 4998 :

421 5015 656 5080 Esurivi,
699 5025 746 5069 et
779 5017 984 5069 dedistis
1003 5015 1445 5069 mihimanducare
1463 5033 1481 5079 ;
1510 5015 1670 5080 sitivi,
1695 5027 1737 5068 et
1785 5016 1998 5081 ,votastis

417 5085 972 5156 me(ld.55).iAcccpit
991 5085 1244 5156 Perpetua
1259 5100 1286 5138 a
1302 5085 1439 5138 dulci
1461 5094 1668 5152 pastore
1685 5085 1765 5156 lac
1779 5099 1995 5156 novum,

412 5153 702 5224 antequam
729 5153 976 5210 funderet
1005 5153 1315 5224 sanguinem
1345 5157 1656 5224 pretiosum.
1693 5155 2001 5222 Responde-

415 5233 560 5288 runt,
590 5226 779 5288 Amen,
810 5233 864 5280 et
886 5235 1163 5293 coeperunt
1188 5234 1368 5293 petere
1391 5225 1663 5294 pietatem.
1689 5224 1924 5278 Orabant
1945 5225 1999 5279 in

415 5307 664 5364 carcere,
699 5309 900 5364 securae
925 5295 1035 5363 jam
1065 5294 1130 5349 de
1157 5304 1387 5364 pastore.
1431 5294 1656 5348 Domine
1676 5337 1690 5360 ,
1733 5295 1996 5364 inquiunt,

415 5376 525 5416 non
554 5363 625 5416 sit
661 5363 808 5418 arida
846 5364 1110 5418 confessio
1151 5363 1327 5418 nostra
1348 5407 1362 5430 ,
1404 5373 1461 5418 ut
1490 5373 1544 5416 et
1571 5378 1668 5418 nos
1699 5363 2003 5419 mercamur

417 5431 523 5486 tuis
553 5433 798 5500 pretiosis
836 5433 1082 5557 gregibus
1123 5434 1348 5498 sociari,
1391 5443 1447 5488 et
1483 5448 1513 5485 a
1547 5435 1650 5487 tuis
1680 5435 2000 5505 martyribus

417 5514 523 5554 non
551 5503 810 5557 separari.
887 5502 1162 5557 rononitur
1200 5503 1277 5557 eis
1317 5505 1369 5557 in
1405 5503 1610 5557 visione
1639 5504 1881 5557 naltestra
1901 5545 1916 5557 .
1946 5505 1999 5557 in

416 5514 523 5554 non
545 5503 810 5572 separari.
844 5502 1162 5572 Proponitur
1200 5503 1277 5557 eis
1317 5505 1369 5557 in
1405 5503 1610 5558 visione
1639 5502 1881 5572 palmstra
1901 5545 1916 5570 ,
1946 5505 1999 5558 in

417 5568 810 5644 ampbitheatro
849 5568 1011 5644 amba
1056 5585 1330 5644 ppmposa.
1376 5573 1542 5627 Adest
1579 5568 1670 5627 ille
1697 5568 1997 5644 Egyptius,

418 5636 522 5708 qui
550 5636 648 5696 fuit
688 5641 743 5695 in
781 5642 921 5700 cmlo
949 5636 1161 5698 Lucifer
1183 5636 1462 5711 speciosus
1493 5659 1504 5696 :
1535 5644 1647 5712 ipse
1676 5636 2000 5713 pugnaturus

480 5765 556 5830 (tt)
587 5772 653 5820 Ex
670 5771 892 5821 Vaticana
911 5769 1204 5826 bibliotheca
1227 5776 1394 5825 erutus
1415 5785 1505 5836 per
1528 5772 1870 5824 llolstcusium.

1335 351 1390 408 5.
1429 349 1794 407 AUGUSTINI
1835 349 2136 404 EPISCUPI
2173 350 2399 406 SERMO
2437 351 2725 410 CCCXCV.

3549 364 3686 422 [716

2093 464 2359 539 volutatur
2401 463 2454 517 in
2497 465 2739 539 pulvere,
2781 474 2835 539 et
2864 466 3121 536 Perpetua
3155 469 3538 539 triumphatum
3573 474 3679 528 Do-

2094 533 2238 586 mino
2266 532 2842 607 Salva_tore_,_adjunxit
2876 532 3064 592 manus
3106 540 3155 593 in
3199 532 3441 607 crucem,
3479 543 3681 600 habens

2093 612 2214 680 ante
2275 618 2333 680 se
2393 603 2722 680 dominicum
2764 607 3011 672 juvenem
3063 603 3437 665 defensorem;
3477 614 3682 680 Accipit

2093 675 2414 750 triumphum
2446 674 2512 728 de
2541 674 2779 750 victoria.
2809 686 2862 729 et
2889 691 3095 732 ramum
3122 683 3466 750 consequitur
3492 683 3558 738 de
3584 674 3681 739 co-

2095 758 2244 796 rona.
2273 743 2567 798 Olferamus
2596 745 2666 798 illi
2695 756 2746 798 et
2773 761 2871 800 nos
2903 763 3125 802 Inunera
3153 743 3333 804 nostra
3364 768 3377 803 :
3408 753 3493 806 alii
3522 757 3600 807 eis
3625 757 3677 808 in

2095 822 2333 884 tempore
2364 813 2657 868 olferebant
2695 816 3024 872 visitationes
3053 821 3317 884 Carceris;
3352 837 3448 874 nos
3486 825 3679 877 offera-

2092 897 2212 936 mus
2259 883 2578 960 illis_votum
2621 885 2973 960 solemnitatis
2995 929 3008 952 ,
3044 898 3101 943 ut
3129 883 3348 960 regnum
3381 909 3678 950 mereamur

2093 966 2213 1006 cum
2245 953 2490 1007 omnibus
2517 956 2732 1008 sanctis.

2555 1067 2779 1122 SERMO
2817 1069 3082 1125 CCCXCV
3130 1072 3226 1142 (tt).

2495 1159 2570 1212 De
2606 1160 2906 1214 Ascensione
2947 1162 3171 1225 Domini,
3207 1182 3279 1219 ιἰ.

2167 1270 2220 1326 1.
2253 1270 2527 1326 Hodierno
2573 1272 2660 1326 die
2703 1275 3087 1329 Ascensioncm
3135 1277 3346 1332 Domini
3393 1279 3444 1332 iu
3489 1281 3682 1336 caelum

2095 1361 2426 1418 celebramus
2459 1381 2471 1417 :
2502 1365 2723 1418 Sursum
2763 1381 2859 1419 cor
2901 1382 3002 1420 non
3035 1367 3262 1423 inaniter
3289 1370 3566 1425 audiamus
3587 1413 3599 1436 ,
3631 1381 3684 1426 ct

2097 1453 2303 1522 integro
2329 1453 2489 1508 corde
2514 1471 2632 1508 cum
2662 1456 2752 1509 illo
2776 1457 3148 1522 ascendamus,
3175 1459 3402 1516 docente
3426 1462 3684 1530 Apostolo

2097 1551 2149 1595 et
2175 1541 2383 1596 dicente
2404 1585 2417 1606 ,
2452 1543 2512 1596 Si
2539 1545 2919 1599 consurrexistis
2945 1563 3058 1600 cum
3087 1547 3316 1615 Christo,
3349 1566 3463 1621 quae
3487 1568 3684 1606 sursum

2096 1642 2212 1686 sunt
2257 1637 2462 1703 quturite
2483 1676 2496 1699 ,
2531 1637 2613 1687 ubi
2643 1634 2870 1690 Christus
2911 1646 2980 1691 est
3022 1637 3076 1691 in
3115 1638 3320 1692 dextera
3349 1638 3443 1692 Dei
3472 1641 3684 1706 sedens;

2096 1739 2208 1792 qua:
2234 1742 2434 1778 sursum
2463 1735 2576 1777 sunt
2607 1729 2786 1791 sapite,
2816 1743 2916 1780 non
2940 1743 3054 1796 quae
3077 1745 3228 1798 super
3252 1739 3434 1782 terram
3462 1729 3680 1800 (Coloss.

2098 1830 2187 1879 III,
2227 1816 2275 1881 l,
2317 1814 2395 1886 9.).
2427 1815 2730 1869 Necessitas
2769 1816 2994 1871 actionis
3036 1818 3086 1871 in
3129 1826 3264 1872 terra
3296 1819 3396 1883 sit;
3438 1820 3683 1874 voluntas

2096 1906 2422 1960 ascensionis
2454 1907 2507 1960 in
2536 1908 2692 1961 cmlo.
2737 1906 2874 1977 Spes
2916 1909 3027 1973 hic,
3064 1925 3150 1963 res
3191 1910 3283 1966 ibi.
3315 1911 3500 1966 Veniet
3537 1911 3683 1966 enim

2099 2005 2342 2063 tempus,
2371 1997 2582 2065 quando
2610 2013 2694 2051 res
2725 1997 2816 2051 ibi.
2848 1999 3069 2064 Quando
3095 2009 3270 2054 autem
3300 2015 3385 2056 res
3423 2003 3528 2067 ibi,
3559 2017 3682 2072 spes

2099 2099 2197 2138 nec
2226 2085 2336 2151 hic,
2371 2101 2468 2139 nec
2501 2087 2570 2140 ibi
2605 2105 2616 2140 :
2652 2103 2755 2141 non
2783 2088 2905 2157 quia
2938 2089 3107 2142 inanis
3137 2099 3219 2144 est
3244 2105 3401 2160 spes;
3441 2092 3532 2146 scd
3561 2093 3680 2162 quia

2101 2175 2312 2240 linitur,
2345 2176 2556 2245 quando
2601 2179 2804 2232 venerit
2846 2195 2950 2233 res.
2999 2180 3231 2250 Denique
3269 2182 3445 2236 audite
3487 2181 3555 2237 de
3586 2198 3683 2252 spe

2099 2266 2220 2334 quid
2252 2266 2384 2320 dixit
2410 2269 2716 2337 Apostolus.
2752 2269 2890 2339 Spe,
2933 2271 3134 2340 inquit,
3166 2273 3291 2325 salvi
3331 2273 3450 2340 facti
3485 2290 3678 2327 sumus.

2101 2357 2231 2425 Spes
2257 2369 2421 2412 autem
2451 2376 2563 2431 qum
2588 2361 2780 2415 videtur
2806 2379 2905 2416 non
2933 2372 3002 2416 cst
3027 2381 3137 2433 spes
3165 2379 3182 2416 .'
3208 2363 3340 2433 quod
3363 2376 3523 2418 autem
3555 2365 3682 2418 videt

2098 2452 2207 2519 quis
2228 2493 2241 2515 ,
2271 2453 2391 2520 quid
2419 2455 2627 2521 sperat?
2658 2454 2719 2509 Si
2761 2465 2927 2508 autent
2963 2456 3096 2526 quod
3135 2473 3230 2510 non
3258 2457 3480 2510 videmus
3504 2475 3680 2527 spera-

2099 2558 2210 2594 mus
2230 2584 2242 2604 ,
2277 2559 2364 2611 per
2401 2545 2690 2613 patientiam
2721 2556 3066 2616 exspectamus
3097 2545 3266 2617 (Rom.
3293 2563 3417 2614 VIII,
3448 2547 3535 2609 2i,
3564 2548 3677 2620 25).

2098 2632 2370 2687 Atteudile
2401 2637 2452 2686 in
2488 2635 2612 2702 ipsis
2639 2636 2795 2689 rebus
2825 2636 3085 2698 humanis,
3113 2645 3164 2690 et
3185 2638 3520 2692 considerate
3540 2639 3680 2708 quod

2098 2723 2140 2775 si
2170 2734 2348 2793 sperat
2373 2725 2563 2794 aliquis
2592 2725 2789 2780 ducere
2817 2743 3064 2794 uxorem,
3091 2727 3264 2782 adhuc
3289 2745 3416 2800 ergo
3447 2731 3683 2786 nondum

2099 2814 2276 2869 habet.
2324 2816 2454 2870 Nam
2487 2817 2529 2871 si
2563 2817 2752 2882 habet,
2786 2819 2908 2887 quid
2939 2819 3156 2888 sperat?
3197 2823 3347 2875 Ducit
3387 2839 3514 2892 ergo
3543 2840 3682 2877 uxo-

2097 2917 2240 2972 rem,
2271 2921 2426 2975 quam
2467 2907 2746 2976 Sperabat;
2779 2917 2834 2962 et
2854 2909 2965 2978 jam
3006 2926 3110 2964 non
3147 2912 3399 2980 sperabit.
3432 2912 3685 2971 Feliciter

2097 3010 2223 3064 ergo
2245 2996 2422 3050 linitur
2444 3012 2586 3066 spes,
2615 2997 2825 3067 quando
2850 2999 3055 3055 venerit
3079 3014 3188 3056 res.
3208 2999 3400 3071 Sperat
3420 3004 3681 3073 quispiam

2099 3087 2405 3157 peregrinus
2428 3088 2492 3141 ad
2521 3090 2742 3157 patriam
2767 3106 2914 3145 suam
2938 3107 2995 3145 se
3018 3106 3138 3146 esse
3157 3101 3436 3147 venturum
3461 3113 3474 3146 :
3499 3110 3684 3164 quam-

2098 3178 2185 3230 diu
2213 3178 2283 3232 ibi
2312 3194 2414 3232 non
2443 3187 2543 3246 est,
2573 3189 2784 3248 sperat;
2816 3197 2937 3234 cum
2967 3182 3193 3248 venerit,
3221 3180 3330 3251 jam
3356 3197 3463 3236 non
3483 3191 3680 3252 sperat.

2097 3268 2219 3336 Spei
2247 3270 2387 3322 enim
2416 3271 2670 3325 successit
2690 3287 2796 3325 res.
2822 3272 3070 3327 Feliciter
3093 3289 3217 3344 spes
3243 3275 3445 3340 finitur,
3473 3275 3684 3345 quando

2098 3359 2236 3428 quod
2261 3361 2571 3428 sperabatur
2592 3369 2820 3416 tenetur.
2851 3362 3006 3416 Modo
3027 3379 3172 3433 ergo,
3197 3364 3518 3428 charissimi,
3541 3365 3682 3436 quod

2098 3450 2319 3504 audistis
2345 3461 2401 3504 ut
2429 3467 2636 3506 sursum
2663 3467 2756 3506 cor
2783 3452 3095 3518 habeamus,
3126 3454 3240 3523 ipso
3267 3455 3427 3511 corde
3455 3457 3511 3510 fit
3537 3465 3592 3509 ut
3615 3456 3683 3513 de

2099 3543 2186 3595 illa
2227 3542 2401 3597 futura
2431 3544 2537 3596 vita
2567 3543 2876 3614 cogitemus.
2917 3544 3014 3598 llic
3047 3544 3186 3600 bene
3225 3545 3495 3614 vivamus,
3527 3555 3584 3601 ut
3610 3546 3683 3602 ibi

2098 3648 2356 3687 \‘lV'ﬂlllllS.

2167 3723 2222 3777 2.
2256 3722 2395 3777 Ecce
2424 3725 2566 3778 enim
2596 3733 2792 3794 quanta
2831 3725 3068 3796 dignatio
3107 3726 3317 3782 Domini
3356 3730 3521 3783 nostri
3551 3747 3564 3782 :
3592 3730 3682 3799 qui

2099 3811 2223 3866 fecit
2254 3827 2373 3878 nos,
2403 3813 2679 3868 descendit
2703 3814 2769 3869 ad
2802 3831 2933 3879 nos;
2961 3817 3082 3886 quia
3113 3817 3478 3874 cecideramus
3504 3821 3570 3874 ab
3595 3821 3684 3876 illo

2099 3916 2217 3953 nos.
2261 3901 2328 3954 Et
2356 3910 2414 3955 ut
2439 3902 2646 3956 veniret
2675 3903 2741 3956 ad
2768 3919 2894 3970 nos,
2926 3922 3030 3959 non
3062 3907 3173 3976 ipse
3200 3909 3430 3974 cecidit,
3472 3908 3564 3964 sed
3591 3909 3684 3964 de~

2099 3989 2306 4043 scendit
2333 3990 2400 4044 ad
2429 4006 2544 4045 nos.
2571 3991 2626 4046 Si
2653 4008 2780 4062 ergo
2807 3993 3082 4050 descendit
3106 3996 3171 4051 ad
3199 4012 3316 4063 nos,
3346 3999 3539 4052 levavit
3563 4013 3678 4054 nos.

2097 4077 2214 4132 Jam
2244 4079 2298 4133 in
2327 4094 2552 4150 corpore
2581 4095 2678 4135 suo
2716 4082 2912 4137 levavit
2949 4100 3046 4139 nos
3086 4093 3243 4154 caput
3281 4095 3520 4141 nostrum
3549 4104 3565 4142 :
3594 4088 3683 4144 ubi

2099 4176 2200 4233 est,
2233 4179 2524 4239 sequentur
2551 4180 2603 4226 et
2629 4173 2886 4226 membra.
2916 4174 3045 4240 Quia
3071 4190 3175 4245 quo
3205 4178 3473 4246 prascessit
3499 4188 3684 4248 caput,

2099 4270 2343 4314 secutura
2365 4271 2486 4314 sunt
2509 4261 2766 4315 membra.
2791 4262 2882 4318 ille
2902 4273 2983 4317 est
3002 4273 3177 4334 caput,
3199 4281 3295 4320 nos
3314 4282 3498 4322 sumus
3519 4285 3688 4325 mem-

2099 4347 2215 4402 bra.
2243 4347 2299 4401 In
2327 4350 2465 4404 cmlo
2493 4360 2572 4403 est
2599 4350 2706 4415 ille,
2737 4365 2832 4404 nos
2857 4351 2910 4404 in
2939 4360 3098 4407 terra.
3126 4354 3286 4420 Quasi
3314 4356 3467 4428 longe
3490 4369 3573 4414 est
3596 4361 3687 4417 ille

2099 4456 2130 4496 a
2156 4441 2347 4496 nobis?
2387 4442 2556 4495 Absit.
2590 4440 2768 4511 Spatia
2801 4444 2845 4496 si
2872 4444 3188 4515 interroges,
3217 4447 3374 4518 longe
3399 4459 3484 4505 est
3513 4469 3525 4504 :
3555 4451 3684 4506 cha-

2100 4532 2308 4585 ritatcm
2337 4531 2622 4602 interroga,
2664 4533 2941 4588 nobiscum
2979 4542 3080 4589 est.
3121 4537 3176 4591 Si
3215 4539 3356 4592 enim
3394 4555 3499 4594 non
3541 4551 3686 4598 esset

2101 4622 2189 4677 ille
2232 4623 2504 4677 nobiscum
2527 4664 2542 4689 ,
2588 4640 2690 4677 non
2734 4625 2935 4680 diceret
2964 4627 3055 4682 ille
3093 4627 3145 4682 in
3181 4628 3470 4701 Evangelio
3504 4652 3517 4687 :
3552 4633 3685 4690 Ecce

2101 4730 2192 4784 ego
2231 4715 2482 4768 vobiscum
2524 4733 2635 4768 sum
2673 4733 2830 4786 usque
2871 4718 2939 4771 ad
2989 4724 3468 4778 consummationem
3512 4728 3687 4782 seaculi

2103 4805 2314 4876 (Matth.
2343 4823 2504 4861 xxvtu
2526 4850 2542 4873 ,
2573 4807 2688 4877 20).
2721 4807 2779 4863 Si
2807 4824 2912 4863 non
2945 4818 3029 4864 est
3057 4812 3330 4868 nobiscum
3351 4855 3367 4883 ,
3400 4819 3686 4874 mentimur

2102 4898 2314 4968 quando
2351 4898 2507 4953 vobis‘
2538 4899 2793 4968 dicimus,
2837 4901 3091 4956 Dominus
3131 4903 3428 4961 vobiscum.
3464 4907 3580 4963 Non
3618 4909 3684 4964 de

2102 4991 2241 5045 ccelo
2285 4991 2536 5045 clamaret
2582 4991 2742 5047 Saulo
2788 5006 3175 5064 persequente,
3220 5012 3324 5052 non
3357 5000 3563 5068 ipsum,
3593 5004 3685 5059 sed

2103 5089 2316 5136 sanctos
2336 5082 2472 5152 ejus,
2497 5098 2678 5139 servos
2700 5085 2845 5154 ejus;
2870 5095 2924 5140 et
2943 5087 3084 5156 quod
3108 5087 3418 5147 familiarius
3439 5093 3682 5159 dixerim,

2104 5175 2342 5230 membra
2367 5176 2482 5245 ejus
2510 5194 2522 5229 :
2555 5176 2731 5245 Saule,
2761 5178 2941 5247 Saule,
2963 5180 3085 5250 quid
3111 5197 3188 5235 me
3211 5187 3520 5252 persequeris
3549 5186 3683 5256 (Act.

2103 5281 2177 5328 Ix,
2209 5262 2301 5335 4)?
2332 5265 2470 5320 Ecce
2499 5281 2597 5335 ego
2628 5267 2713 5321 hic
2739 5283 2854 5322 sum
2884 5269 2937 5322 in
2961 5270 3117 5337 coelo,
3159 5279 3215 5326 tu
3253 5272 3306 5326 in
3349 5284 3502 5341 terra,
3546 5284 3599 5330 et
3631 5277 3686 5332 in

2105 5356 2531 5424 persecutoribus
2554 5358 2590 5409 ι.
2622 5357 2798 5425 Quare
2823 5361 2945 5415 me?
2971 5361 3104 5429 Quia
3131 5365 3370 5420 membra
3401 5381 3518 5420 mea
3546 5383 3561 5420 :
3592 5383 3687 5437 per

2105 5461 2222 5515 quae
2269 5447 2507 5502 membra
2555 5463 2671 5503 mea
2719 5450 2790 5504 ibi
2836 5466 2973 5506 sum.
3017 5451 3132 5508 Non
3181 5456 3325 5510 enim
3365 5457 3408 5510 si
3453 5457 3686 5515 calcetur

2107 5537 2302 5607 planta,
2327 5555 2432 5595 non
2462 5541 2655 5596 clamat
2679 5543 2873 5613 lingua.
2908 5543 3001 5600 Ille
3029 5560 3157 5617 ergo
3185 5562 3283 5618 per
3305 5563 3462 5619 quem
3489 5550 3683 5606 factum

2169 5653 2186 5721 ξ
2214 5659 2372 5721 Iforte,
2398 5658 2447 5703 tu
2469 5653 2520 5721 in
2551 5662 2700 5713 terra,
2724 5663 2868 5721 etme
2883 5657 3203 5721 persequeris.

2108 5713 2396 5839 “cgjgtfaulﬁ
2431 5716 2634 5778 primum
2668 5718 2828 5780 prodit
2863 5713 3045 5772 erutus'
3071 5733 3137 5773 ex
3165 5722 3496 5777 vetustissimo
3523 5725 3689 5779 codles
