3996 6180
337 352 484 408 171³1

338 479 428 524 at
448 466 645 523 cadum
673 477 726 522 et
758 475 898 522 terra
919 507 933 529 ,
961 474 1179 535 propter
1203 479 1322 518 eum
1351 477 1508 533 quem
1535 464 1653 518 fecit
1677 463 1744 518 de
1767 473 1930 528 terra,

337 558 623 612 descendit
648 558 700 610 in
729 566 944 618 terram,
975 563 1028 610 et
1056 557 1104 608 in
1132 556 1323 609 cadum
1355 554 1475 608 hinc
1499 554 1691 608 levavit
1715 565 1928 606 terram.

338 647 498 715 Quod
527 665 655 716 ergo
686 649 736 702 in
769 648 858 700 illo
886 648 1177 716 pra-cessit,
1207 646 1257 699 in
1286 645 1443 698 finem
1471 658 1768 713 speremus.
1795 642 1934 697 Red-

339 741 434 793 det
475 739 629 791 nobis
666 738 804 806 quod
846 737 1088 806 promisit
1120 753 1132 787 :
1165 737 1338 789 securi
1370 750 1552 788 sumus
1575 776 1588 797 ,
1632 736 1928 786 cautionem

339 829 486 890 fecit,
512 829 855 898 Evangelium
877 827 1116 895 scripsit;
1141 827 1325 880 reddet
1349 826 1517 880 nobis.
1543 827 1665 879 Plus
1687 836 1765 879 est
1790 825 1928 894 quod

340 921 602 990 impendit
645 920 815 974 nobis.
848 920 981 973 Num
1017 929 1260 989 putamus
1284 920 1425 974 enim
1466 935 1568 972 non
1600 935 1720 974 eum
1747 920 1928 973 reddi-

339 1020 522 1064 turum
557 1011 720 1062 vitam
752 1025 923 1073 suam,
957 1010 1043 1078 qui
1076 1024 1170 1077 pro
1200 1010 1353 1063 nobis
1377 1009 1486 1079 jam
1519 1011 1752 1079 erogavit
1785 1027 1928 1063 mor-

337 1114 449 1157 tem
476 1103 666 1156 suam?
690 1103 1047 1156 Humilitatem
1073 1104 1358 1171 passionis,
1388 1104 1624 1171 injurias,
1656 1113 1932 1156 contume-

338 1193 440 1246 lias
462 1235 476 1257 ,
506 1208 693 1246 omnes
720 1192 1060 1260 indignitates
1093 1194 1142 1245 in
1173 1202 1309 1246 terra
1338 1196 1571 1263 suscepit
1612 1210 1704 1261 pro
1735 1194 1886 1247 nobis
1914 1211 1925 1245 :

339 1298 600 1352 regnum.
653 1283 992 1345 felicitatem,
1046 1283 1528 1350 immortalitatem,
1575 1285 1926 1338 aeternitatem

337 1390 446 1428 non
486 1372 706 1426 donabit
747 1373 936 1426 nobis?
965 1373 1098 1426 Mala
1139 1383 1317 1427 nostra
1366 1375 1611 1442 pertulit,
1655 1375 1790 1428 bona
1834 1391 1927 1429 sua

337 1463 496 1516 nobis
527 1477 632 1516 non
662 1462 919 1516 donabit?
957 1463 1036 1516 Ad
1080 1464 1215 1517 hanc
1250 1481 1433 1533 spem,
1478 1467 1597 1534 quia
1641 1468 1930 1534 promissor

339 1564 422 1608 cst
462 1570 659 1620 verax,
689 1555 861 1608 securi
904 1557 1396 1610 ambulemus:st
1442 1559 1518 1611 sic
1561 1558 1831 1623 vivamus,
1875 1567 1931 1612 ut

339 1645 478 1699 bona
509 1647 681 1700 fronte
711 1648 781 1700 illi
809 1647 1066 1713 dicamus,
1095 1648 1338 1703 Fecimus
1363 1651 1501 1718 quod
1520 1651 1742 1719 jussisti,
1768 1651 1929 1705 redde

339 1737 480 1805 quod
518 1738 829 1806 promisisti.

766 1870 995 1924 SERMO
1031 1870 1319 1926 CCCXCVI
1402 1874 1498 1945 (a).

806 1991 853 2032 tu
876 1987 1202 2047 assunqtione
1236 2000 1282 2048 ei
1298 1988 1464 2050 iseopi.

411 2109 463 2161 1.
501 2108 610 2163 Vos
647 2110 894 2178 quidem,
965 2111 1188 2178 fratres,
1232 2114 1623 2170 consolatorem
1651 2118 1921 2186 quaeritis:

339 2198 431 2252 sed
458 2199 621 2252 etiam
651 2214 747 2253 nos
772 2201 1082 2254 consolandi
1111 2217 1330 2268 sumus;
1355 2214 1409 2258 et
1428 2207 1723 2260 considatio
1746 2218 1924 2262 nostra

339 2289 516 2341 nullus
537 2288 812 2343 hominum
834 2301 932 2354 est,
965 2292 1057 2345 sed
1085 2295 1172 2362 qui
1201 2294 1322 2348 facit
1345 2295 1609 2350 hominem
1633 2315 1646 2364 ;
1677 2300 1922 2366 quoniam

338 2381 423 2448 qui
458 2381 584 2434 fecit
613 2381 801 2447 reﬁcit,
829 2392 882 2438 et
908 2395 1111 2438 recreat
1141 2388 1225 2454 qui
1255 2387 1474 2442 creavit.
1502 2390 1614 2443 Non
1645 2405 1925 2459 possumus

336 2484 430 2539 per
456 2471 821 2525 infirmitatem
849 2474 949 2526 nisi
976 2476 1274 2529 contristari
1299 2495 1311 2539 ;
1339 2478 1430 2531 sed
1459 2495 1555 2548 per
1581 2495 1729 2548 spem
1763 2482 1926 2538 debe—

338 2576 454 2614 mus
481 2563 768 2615 coosolari.
798 2565 994 2617 Omnes
1025 2565 1191 2619 bonos
1215 2567 1413 2621 diutius
1441 2569 1716 2624 nobiscum
1745 2573 1923 2628 vivere

339 2653 604 2716 volumus,
637 2664 690 2708 et
722 2656 772 2707 in
801 2655 901 2710 hac
927 2657 1218 2725 asperrima
1252 2661 1353 2714 vita
1385 2661 1557 2716 deseri
1585 2678 1614 2716 a
1641 2664 1923 2720 comitibus

340 2745 618 2810 nolumus;
659 2747 754 2801 sed
797 2749 1178 2814 przevenientcs
1219 2766 1314 2802 nos
1353 2753 1441 2820 qui
1483 2753 1619 2808 bene
1657 2759 1920 2821 vixerunt,

341 2834 618 2889 hortantur
643 2838 888 2906 exemplo
915 2853 1012 2892 suo
1033 2880 1048 2904 ,
1079 2847 1136 2892 ut
1158 2841 1266 2893 sive
1291 2841 1381 2894 ditt
1413 2843 1499 2896 hic
1525 2845 1783 2911 vivamus,
1813 2848 1925 2902 sive

339 2927 442 2979 cito
471 2925 594 2979 hinc
621 2942 840 2993 eamus,
870 2930 948 2983 sic
971 2930 1236 2995 vivamus,
1274 2943 1331 2985 ut
1367 2934 1430 2987 ad
1465 2935 1606 3003 ipsos
1627 2940 1921 2993 veniamus.

341 3015 469 3082 Quia
510 3016 563 3070 id
604 3018 776 3086 ipsum
813 3019 897 3074 hic
933 3020 1026 3075 diu
1056 3022 1232 3077 vivere
1253 3065 1266 3089 ,
1297 3024 1430 3080 nihil
1456 3035 1537 3080 est
1561 3027 1703 3082 aliud
1725 3069 1740 3094 ,
1770 3046 1927 3099 quam

399 3502 486 3569 (τι)
509 3503 749 3569 Possidius
773 3506 819 3553 in
845 3505 1001 3554 indice
1027 3522 1228 3569 sperum
1255 3512 1498 3569 Augustini
1525 3520 1753 3563 recenset
1785 3515 1923 3564 habi-

340 3570 412 3611 tos
445 3567 508 3612 ab
548 3566 653 3635 ipso
676 3567 724 3635 in
757 3566 1071 3635 quorumdam
1094 3566 1424 3632 episerqiorum
1467 3574 1771 3635 depositione
1815 3591 1924 3625 ser-

339 3635 536 3703 mones,
563 3626 646 3686 qui
683 3626 914 3703 hactenus
937 3626 1292 3702 (fessiet-alitur.
1319 3635 1464 3703 ttnjits
1489 3626 1924 3703 pili-roargumenti

341 3695 417 3756 est.
437 3686 516 3755 hic
538 3700 702 3756 sermo
719 3689 1063 3756 coiisolatm'ins
1080 3726 1093 3748 ,
1119 3686 1534 3756 qui'rantea'inter
1554 3686 1783 3756 Fulgei‘i'lii
1810 3686 1925 3749 sub;

339 3746 520 3795 dititios
543 3745 728 3821 relatus
767 3748 952 3821 fuerat,
1000 3745 1089 3801 sed
1116 3745 1410 3821 eruditorum
1450 3759 1574 3808 time
1592 3745 1774 3821 judicio
1792 3745 1921 3815 ihter

337 3819 600 3868 germanos
622 3811 867 3871 Augustini
886 3825 1143 3863 Sermones
1164 3814 1485 3867 collocandus.

352 3896 482 3904 σγα...
499 3897 570 3902 -να
585 3898 675 3911 -νς-γκ
737 3900 1055 3911 ουν-τεκ-ῌ-κη,
1103 3897 1127 3909 ’-,
1141 3898 1187 3910 .-;;τ
1201 3897 1218 3909 γλ
1239 3908 1242 3909 ,
1258 3906 1334 3911 ,μαλ-

1521 3908 1788 3917 Ἣ

1418 345 1649 402 SERMO
1687 343 1743 400 S.
1786 343 2210 401 PRESBYTER!
2252 343 2547 400 ERACLII.

481 3983 1081 4103 SERMO
1169 3990 1261 4104 S
1405 3997 2573 4117 PRESBYTER!
2647 4011 3387 4125 EBAGLII

1471 4164 1804 4190 “lantur?!
1829 4168 1855 4190 ι
1898 4167 1935 4190 ο
2024 4169 2428 4190 Δττητγσηππιγιν
3280 4186 3284 4190 .
3417 4079 3470 4156 ’

3035 297 3098 302 ~---
3143 301 3288 313 ψ-,,,.

3543 315 3588 324 ,ο
3641 317 3674 324 -σ

3401 313 3414 316 ’
3461 315 3632 410 his

2035 460 2124 514 ditt
2170 460 2438 514 moiestias
2481 458 2765 515 sustinere.
2805 460 2934 515 Cum
2980 462 3090 517 Deo
3129 470 3305 519 autem
3353 464 3533 520 vivere
3571 479 3624 534 et

2036 551 2172 620 apud
2201 551 2384 613 Deum,
2419 552 2532 606 sine
2560 551 2660 604 ulla
2691 551 2928 606 molestia
2955 563 3037 608 est
3063 555 3270 622 vivere,
3298 565 3351 611 et
3374 555 3488 613 sine
3515 551 3622 623 ullo

2039 644 2228 696 timore
2258 659 2323 695 ne
2356 652 2534 710 pereat
2561 642 2803 707 felicitas,
2829 660 2948 712 qure
2973 661 3079 699 non
3108 645 3268 701 habet
3297 647 3478 719 finem.
3518 649 3625 704 Nec

2036 733 2292 786 debemus
2319 733 2562 786 arbitrari
2602 733 2907 802 episcopum
2953 745 3219 799 vestrum,
3268 736 3481 791 fratrem
3525 754 3624 793 no-

2035 833 2201 876 strum
2225 865 2237 884 ,
2271 825 2376 877 cito
2416 823 2538 877 hinc
2576 824 2680 878 isse
2700 866 2714 890 ,
2747 832 2800 879 et
2830 841 3014 894 parum
3042 827 3258 882 vixisse.
3290 827 3454 883 Recte
3480 833 3622 886 enim

2037 915 2106 968 ibi
2137 929 2240 970 non
2271 931 2455 983 parum
2490 916 2715 978 vivitur,
2746 916 2834 968 ubi
2861 932 2980 970 cum
3010 917 3234 971 multum
3262 917 3454 972 dicitur
3474 960 3487 982 ,
3517 935 3622 974 non

2035 1007 2232 1060 finitur.
2264 1006 2393 1060 Nam
2421 1005 2509 1058 hic
2534 1008 2692 1060 etiam
2722 1006 2860 1075 quod
2890 1008 3109 1062 multum
3139 1019 3242 1072 est,
3267 1024 3388 1063 cum
3416 1011 3618 1064 finitum

2033 1097 2215 1164 fuerit,
2251 1116 2345 1168 pro
2376 1100 2543 1152 nihilo
2577 1100 2932 1168 deputabitur.
2966 1100 3074 1154 Nec
3098 1111 3279 1157 tamen
3313 1117 3496 1172 parum
3535 1102 3626 1160 hic

2034 1189 2182 1253 vixit,
2213 1190 2255 1243 si
2279 1192 2392 1257 ejus
2416 1206 2577 1258 opera
2597 1191 2912 1260 cogitemus,
2943 1206 3046 1244 non
3071 1205 3238 1244 annos
3258 1207 3621 1247 numeremus.

2033 1281 2226 1347 Quanti
2253 1283 2338 1334 alii
2369 1282 2593 1336 fortasse
2621 1283 2758 1350 quod
2795 1299 2886 1351 per
2912 1283 3103 1336 multos
3129 1298 3297 1337 annos
3327 1298 3431 1337 non
3467 1285 3623 1337 dimi-

2033 1372 2276 1436 diarunt,
2312 1373 2398 1426 ille
2440 1375 2622 1442 paucis
2648 1373 2803 1426 annis
2831 1373 3100 1440 implevit?
3139 1372 3275 1426 Nihil
3317 1387 3443 1443 ergo
3481 1372 3622 1428 aliud

2034 1474 2167 1527 crat,
2203 1465 2286 1518 hic
2313 1482 2432 1518 eum
2461 1467 2594 1518 velle
2615 1473 2818 1526 tenere,
2845 1465 2944 1518 nisi
2970 1465 3086 1533 ejus
3111 1464 3344 1519 felicitati
3366 1463 3621 1520 invidere.

2103 1557 2157 1608 ‘2.
2194 1557 2247 1610 In
2276 1557 2375 1610 hoc
2400 1559 2540 1612 enim
2573 1558 2829 1612 habemus
2861 1559 3125 1611 tristitiam
3156 1557 3222 1612 de
3247 1557 3462 1612 homine
3488 1559 3626 1613 sicut

2033 1645 2298 1704 homines.
2332 1648 2465 1714 Quid
2489 1665 2617 1718 ergo
2641 1649 2913 1714 faciemus,
2944 1658 2999 1702 ut
3025 1665 3128 1702 non
3153 1649 3320 1703 simus
3345 1649 3625 1707 homines?

2032 1735 2288 1791 Homines
2319 1753 2445 1807 ergo
2487 1739 2550 1792 de
2593 1739 2823 1792 hominis
2865 1740 3118 1792 abscessu
3161 1740 3462 1795 humaniter
3496 1756 3622 1797 cou-

2035 1827 2308 1881 tristamur
2351 1847 2362 1881 :
2408 1829 2500 1882 sed
2535 1830 2798 1897 quomodo
2829 1830 3126 1886 audivimus
3167 1832 3446 1888 lectionem
3485 1833 3625 1888 divi-

2033 1931 2178 1978 nam,
2205 1917 2344 1986 quod
2371 1930 2748 1974 consummatus
2770 1922 2821 1973 in
2845 1921 2977 1974 brevi
2998 1920 3204 1991 replevit
3228 1931 3453 1995 tempora
3475 1925 3625 1996 longa

2034 2006 2193 2077 (Sap.
2221 2025 2292 2066 iv.
2323 2009 2452 2075 l3)?
2486 2009 2624 2079 Ergo
2657 2011 2760 2063 illic
2791 2019 3030 2080 tempora
3061 2009 3460 2081 computemus,
3491 2015 3627 2069 sicut

2030 2106 2367 2166 computatur
2393 2098 2527 2152 dies.
2558 2100 2820 2170 Quidquid
2863 2116 2992 2172 ergo
3034 2102 3309 2157 vobiscum
3355 2107 3462 2175 egit
3499 2105 3626 2159 bor-

2032 2189 2212 2253 tando,
2239 2188 2522 2256 loquendo,
2552 2205 2610 2244 se
2632 2191 2804 2258 ipsum
2828 2193 3175 2260 pr0ponendo
3196 2195 3261 2248 ad
3287 2195 3622 2260 imitandum,

2031 2279 2095 2332 ad
2123 2281 2285 2333 Deum
2312 2281 2634 2334 laudandum
2663 2292 2713 2336 et
2737 2284 3037 2349 colendum,
3065 2294 3271 2353 tenete;
3301 2294 3355 2341 et
3373 2287 3625 2343 Memoria

2030 2368 2198 2440 ipsius
2229 2371 2568 2424 ornatissima
2601 2388 2691 2425 vos
2721 2374 2890 2427 eritis.
2921 2374 3034 2427 Non
3067 2377 3209 2430 enim
3250 2376 3352 2430 hoc
3389 2377 3464 2431 illi
3507 2394 3624 2432 ma-

2029 2475 2190 2530 gnum
2218 2469 2329 2526 est,
2362 2462 2579 2516 recondi
2616 2465 2831 2517 tumulis
2861 2467 3231 2533 marmor-alis;
3260 2467 3354 2522 sed
3384 2469 3541 2524 condi
3571 2471 3628 2528 in.

2030 2554 2283 2608 cordibus
2328 2557 2536 2608 vestris.
2581 2555 2739 2609 Vivat
2783 2559 3021 2625 sepultus
3070 2559 3122 2612 in
3166 2559 3299 2614 vivis
3342 2563 3624 2630 sepulcris.

2031 2643 2314 2712 Sepultum
2347 2646 2488 2697 enim
2519 2645 2634 2714 ejus
2665 2648 2916 2700 memoria
2949 2658 3120 2702 vestra
3143 2660 3248 2705 est.
3277 2652 3430 2721 Apud
3458 2654 3625 2708 Deum

2031 2734 2181 2798 vivit,
2212 2745 2271 2788 ut
2299 2735 2424 2789 felix
2454 2737 2554 2798 sit;
2587 2737 2725 2806 apud
2754 2754 2845 2793 ves
2874 2739 3033 2802 vivat,
3067 2753 3122 2795 ut
3149 2741 3330 2798 felices
3359 2747 3494 2799 sitis.
3518 2747 3628 2801 Ex-

2037 2824 2237 2878 hortari
2271 2842 2364 2880 vos
2399 2827 2464 2880 ad
2497 2828 2704 2882 fidelem
2737 2829 3067 2898 prudentiam
3099 2833 3277 2886 multis
3303 2836 3480 2891 verbis
3522 2836 3627 2890 for-

2039 2924 2179 2969 tasse
2219 2931 2523 2984 possemus.
2568 2919 2666 2971 nisi
2696 2929 2746 2972 et
2777 2935 2872 2974 nos
2900 2921 3084 2977 dolore
3112 2921 3343 2977 humano
3369 2925 3452 2979 vix
3482 2926 3625 2996 loqui

2034 3005 2354 3059 sinerentur.
2389 3007 2617 3081 Projnde
2649 3007 2768 3078 quia
2796 3009 3012 3064 donavit
3045 3012 3196 3066 nobis
3223 3013 3390 3076 Deus,
3425 3024 3480 3068 ut
3507 3032 3624 3068 mo-

2035 3095 2194 3150 rienti
2221 3096 2288 3150 ad
2319 3106 2526 3166 tempus
2556 3108 2846 3166 przesentes
2874 3117 3146 3165 essemus;
3177 3103 3423 3172 quoniam
3454 3105 3624 3159 dona-

2031 3186 2109 3240 vit
2135 3187 2289 3240 nobis
2310 3229 2324 3252 ,
2357 3196 2412 3240 ut
2449 3187 2603 3241 funus
2639 3190 2753 3257 ejus
2780 3190 3166 3246 deduceremus
3193 3211 3204 3246 :
3235 3194 3479 3248 deductio
3506 3209 3625 3264 qua:

2031 3277 2256 3331 debetur
2281 3277 2546 3345 (:haritati,
2576 3279 2701 3332 nihil
2731 3280 2875 3334 addit
2900 3282 3132 3335 felicitati
3161 3301 3172 3334 :
3197 3282 3410 3336 donavit
3436 3285 3618 3351 etiam,

2031 3375 2089 3419 ut
2115 3367 2450 3421 sanctitatem
2480 3378 2710 3420 vestram
2739 3370 3066 3433 videremus,
3100 3385 3300 3442 vosque
3325 3374 3624 3444 alloquerc-

2031 3469 2154 3507 mur
2176 3496 2190 3521 ,
2224 3463 2278 3506 ut
2306 3470 2403 3524 pro
2441 3456 2655 3509 modulo
2682 3469 2865 3512 nostro
2899 3461 3204 3516 consolandi
3247 3477 3341 3518 vos
3379 3467 3623 3522 consola-

2031 3561 2213 3600 remur
2239 3563 2250 3598 :
2276 3547 2527 3615 quidquid
2559 3565 2653 3601 nos
2692 3549 2844 3602 dolor
2880 3550 3057 3605 dicere
3093 3568 3195 3606 non
3226 3555 3500 3622 permittit,
3526 3571 3622 3610 c0-

2027 3635 2246 3704 gitando
2275 3637 2552 3706 supplete;
2589 3649 2636 3691 et
2681 3650 2864 3692 noster
2902 3642 3111 3695 animus
3155 3643 3206 3696 in
3251 3645 3621 3702 recordatione

2027 3727 2158 3779 tanti
2189 3727 2310 3794 viri,
2343 3729 2444 3783 etsi
2468 3728 2630 3784 habet
2656 3730 2942 3786 humanum
2972 3747 3278 3803 mmrorem,
3321 3753 3425 3792 non
3460 3738 3621 3794 habet

2028 3818 2298 3873 infidelem
2325 3820 2775 3890 desperationem.

2533 3920 2710 3928 —_—_._.

1471 4164 1855 4228 DISCIPULI
1898 4167 1959 4228 S.
2006 4169 2466 4246 AUGUSTINI,

1401 4301 1561 4346 IPSO
1591 4305 1996 4349 PRESENTE
2039 4308 2354 4352 nsanos
2402 4289 2511 4372 (a).

1764 4413 2182 4470 ὀθέἵὶθοθίἷζξὲἓέο-

414 4501 644 4567 LPuto,
681 4503 895 4567 fratres,
945 4507 1083 4576 quod
1126 4524 1296 4562 meam
1346 4512 1606 4564 sarcinam
1656 4511 1929 4573 sentiatis;

311 4595 317 4599 -
345 4579 397 4624 et
424 4581 550 4640 peto
570 4582 629 4626 ut
650 4582 795 4627 tanto
818 4591 903 4630 me
947 4592 1108 4631 onere
1136 4578 1487 4642 laborantem,
1521 4581 1765 4635 fraternis
1796 4583 1932 4636 votis

341 4649 590 4712 tanquam
618 4646 906 4712 suppositis
938 4648 1194 4712 humeris,
1231 4650 1533 4704 sublevetis.
1564 4651 1695 4704 Nam
1737 4653 1935 4706 beatis-

342 4710 507 4764 simus
536 4710 827 4782 Pater,‘qui
862 4715 1114 4788 hyocinihi
1140 4710 1345 4786 pondus
1368 4721 1632 4788 imposuit,
1673 4723 1784 4774 scio
1807 4723 1928 4788 quia

340 4795 436 4848 pro
459 4797 546 4840 me
563 4797 717 4836 orare
746 4799 847 4860 non
870 4786 1084 4860 tle-init.
1117 4787 1228 4860 Son
1260 4790 1399 4842 enim
1434 4786 1542 4842 sola
1570 4786 1927 4860 jussioneine

343 4862 641 4924 premeret,
663 4863 715 4906 et
747 4855 828 4921 pia
855 4858 1095 4910 oratione
1125 4858 1416 4912 desereret.
1452 4855 1586 4913 Sine
1605 4861 1786 4924 dubio,
1815 4860 1928 4915 fra-

341 4928 465 4985 tres,
498 4923 588 4989 qui
624 4923 866 4999 jtissitut
894 4925 994 4999 hoc
1026 4927 1212 4999 feram,
1243 4939 1362 4982 orat
1388 4940 1446 4983 ut
1470 4931 1752 4998 perferam.
1776 4923 1924 4999 Quid

341 5004 466 5070 ergo
497 4993 639 5070 quod
665 4994 984 5070 jussit,_iiisi
1017 4998 1212 5070 audere
1265 4993 1616 5067 ignorantiam
1662 4993 1925 5070 prteseute

341 5061 618 5134 sapientia,
649 5071 703 5115 et
732 5063 872 5126 loqui
893 5065 1204 5134 imperitiam
1225 5061 1430 5122 tacente
1449 5061 1732 5126 doctrina?
1758 5072 1922 5126 Cum-

339 5145 443 5204 que
471 5130 743 5204 Scriptura
789 5130 980 5199 dieatf
1008 5136 1252 5204 Loquere,
1302 5140 1468 5191 senior
1496 5157 1513 5193 :
1544 5143 1683 5195 decet
1715 5145 1845 5196 enim
1874 5153 1920 5198 te

385 5198 555 5280 Egccli.
602 5198 1130 5280 xsxtt,5);r__l’ater
1179 5198 1326 5270 dicit,
1390 5210 1650 5278 Loquere,
1693 5213 1916 5280 junior:

375 5271 741 5354 electareninr
782 5275 1094 5354 ιιιρ.“ᾅεὶιὶδ
1137 5290 1334 5354 autem,
1385 5271 1594 5346 fratres,
1625 5271 1744 5351 quia
1777 5284 1918 5354 loqui

339 5351 432 5417 pro
457 5340 607 5417 vobis
637 5342 851 5394 verbum
871 5345 1062 5418 ‘Deict
1100 5357 1218 5400 ante
1241 5340 1349 5412 jam
1393 5340 1680 5418 etxzperani.
1725 5340 1916 5409 Susce-

338 5409 388 5529 Ei
416 5411 558 5462 enim
611 5425 777 5479 nuper
829 5411 991 5468 officii
1055 5409 1370 5472 necessitate
1419 5409 1761 5490 compulsus;
1794 5426 1914 5494 quia

375 5493 440 5529 UO
463 5495 658 5529 munus
714 5482 946 5529 effugero.
997 5503 1098 5529 nnn
1151 5488 1405 5529 Imlmlmm
1477 5491 1577 5529 le
1637 5493 1789 5529 faniln
1833 5503 1912 5529 nat

375 5493 440 5551 oc
463 5495 658 5532 munus
714 5482 946 5551 effugere
997 5503 1098 5539 non
1150 5488 1429 5542 habebam.
1477 5482 1578 5545 Sed
1636 5482 1789 5548 facile
1811 5482 1915 5549 'est

337 5547 578 5632 ithsentis
596 5547 845 5632 magistri
866 5555 1043 5608 locum
1071 5560 1647 5632 suppieatquicumque
1677 5547 1910 5632 disdpu-i

336 5614 421 5696 lus
446 5636 458 5670 :
484 5614 712 5696 arduum
734 5637 860 5696 vero
887 5635 968 5678 est
995 5614 1150 5696 atque
1171 5614 1389 5684 difficile
1420 5614 1909 5688 docei'e‘coii—disrCi-

335 5689 488 5755 pulos
506 5690 609 5742 sub
633 5691 922 5760 magistro;
962 5689 1083 5749 tali-
1109 5702 1403 5766 prresertim
1455 5704 1725 5771 magistro,
1759 5703 1910 5772 cujus

2038 4511 2214 4596 verbis
2244 4528 2310 4568 ex
2337 4529 2402 4596 eo
2442 4525 2524 4570 est
2558 4517 2750 4596 _major
2784 4522 3094 4596 auctoritas,
3141 4528 3282 4596 quod
3327 4528 3610 4592 docentem

2038 4580 2281 4672 linlguam
2303 4586 2404 4664 vita
2428 4580 2735 4672 comitatur.
2768 4591 2848 4670 Ad
2881 4606 3039 4672 omne
3064 4580 3203 4649 enim
3229 4580 3612 4672 Ιξριῖιῖιίιῖᾗὶἷὰἱί

2037 4651 2190 4705 nobis
2216 4653 2510 4732 insinuatur
2527 4657 2840 4732 eruditionis
2859 4663 3040 4732 verbo,
3071 4651 3323 4732 prmcedit
3334 4651 3343 4652 ί
3359 4651 3456 4725 ἶιῶ
3472 4651 3612 4727 EB};

2035 4723 2352 4805 versationis
2385 4727 2649 4805 exemplo.
2698 4723 3101 4805 Prmcetlitnos',
3132 4735 3376 4805 inquam;
3408 4723 3610 4797 utinam

2035 4791 2118 4843 vel
2158 4795 2475 4861 sequamur!
2503 4791 2767 4877 Quidquid
2798 4801 2938 4854 enim
2971 4802 3022 4855 in
3052 4791 3153 4877 hoc
3184 4791 3298 4860 viro

2032 4875 2370 4936 veneramur,
2405 4867 2792 4932 amplectimur,
2817 4878 2940 4924 tunc
2982 4875 3218 4930 creditur
3243 4893 3366 4933 vere
3397 4895 3428 4933 a
3455 4867 3607 4936 nobis

2030 4931 2219 5016 amari,
2239 4932 2283 4985 si
2314 4949 2418 4986 non
2445 4931 2617 5002 pigeat
2645 4931 2859 5016 imitari.
2890 4941 2993 5016 Pro
3019 4945 3234 4999 modulo
3265 4931 3602 5016 erg'o'nostr—o

2029 4999 2095 5084 ad
2143 5015 2264 5084 eum
2293 5019 2391 5056 nos
2433 4999 2802 5084 unusquisque
2834 5011 3133 5084 tendamus,
3157 4999 3601 5084 atqui—obsistens;

2028 5068 2299 5154 deradice
2320 5073 2496 5154 cordis
2521 5068 2639 5154 ejus
2675 5068 2914 5135 diversos
2930 5068 3192 5154 virtutum
3228 5068 3614 5154 'm'mds'giiéiu

2026 5139 2268 5225 valemiis
2295 5143 2483 5224 singuli
2506 5139 2871 5225 décerpamus.
2919 5151 3018 5215 Qui
3057 5162 3249 5219 potest,
3283 5139 3600 5225 assequatdr

2027 5208 2144 5288 ejus
2173 5208 2578 5288 detinentium;
2606 5208 2694 5286 qui
2746 5235 2849 5272 non
2879 5208 3070 5288 potest,
3104 5208 3281 5277 teneat
3319 5208 3600 5282 con'tinen;

2026 5280 2174 5331 tiam.
2199 5282 2295 5345 Qui
2321 5280 2761 5366 potest,_imp_l_eat
2791 5280 2904 5356 ejn's
2923 5280 3327 5366 auctoritatem:
3366 5297 3454 5366 qui
3493 5280 3599 5354 non

2025 5360 2219 5436 potest,
2251 5363 2488 5436 sectetur
2517 5355 2889 5436 humilitatem.
2920 5359 3018 5424 Qui
3049 5370 3242 5436 potest,
3293 5355 3598 5436 apprehen-

2022 5419 2116 5506 dat
2137 5419 2255 5506 ejus
2281 5424 2558 5506 scientiam
2591 5443 2604 5478 :
2637 5427 2850 5506 qui__non
2874 5419 3065 5506 potest:
3099 5419 3476 5506 imiiéturIEjus

2021 5489 2282 5575 tieiitiam.
2313 5494 2485 5575 Atque
2524 5496 2575 5548 in
2594 5489 2840 5575 erunibus
2866 5489 2964 5551 viis
3009 5489 3238 5575 Domini,
3265 5505 3355 5572 qui
3385 5489 3594 5575 potest,

2019 5559 2538 5637 ambulelcum'illo;
2569 5574 2623 5618 et
2669 5568 2758 5634 qui
2791 5583 2894 5622 non
2925 5577 3119 5637 potest,
3163 5559 3333 5627 discat
3373 5559 3455 5630 ab
3485 5559 3598 5632 illo:

2017 5625 2373 5696 Gaudeamus,
2415 5625 2628 5700 fratres,
2678 5625 2966 5691 secundum
2995 5625 3444 5708 dispensationem
3472 5625 3594 5703 diu:

2079 5719 2097 5750 ¹
2123 5725 2278 5780 Forte,
2300 5721 2569 5776 existentes.

387 5779 464 5845 (ο)
496 5785 564 5832 ει
585 5784 908 5849 ωυαὶρῑο
924 5785 1092 5839 codice
1105 5789 1328 5842 Ecclesia:
1350 5792 1700 5846 Bellovacensis
1725 5803 1895 5848 erutus
1914 5812 2004 5862 per
2028 5808 2079 5850 ν.
2103 5807 2150 5851 C.
2174 5779 2479 5860 Godefridum
2501 5814 2728 5862 ttermant
2773 5808 2992 5873 ejusdem
3007 5813 3233 5870 Ecclesiae
3249 5820 3563 5874 canonicum.
