4036 6188
349 351 488 411 ηις)

349 480 540 524 nerum
566 464 866 522 divinorum
893 462 1094 518 habere
1125 477 1224 518 nos
1244 461 1430 529 inipso
1461 460 1600 531 quod
1624 477 1728 515 non
1763 461 1929 517 habe-

349 555 471 594 mus
485 539 540 594 in
571 536 743 590 nobis.
760 531 1022 604 Quidquid
1051 532 1366 588 eniminillo
1389 531 1651 600 videmus,
1692 543 1931 587 nostrum

350 619 456 668 est,
485 608 531 660 si
552 621 812 661 amemus.
1697 621 1702 626 ‘

421 677 476 731 2.
511 678 620 748 Hoc
641 692 768 746 ergo
801 686 1027 748 tacente,
1043 690 1154 748 nos
1187 673 1480 748 loquimur.
1511 673 1641 738 Hoc,
1694 674 1927 742 inquam,

351 745 562 805 tacente
582 762 681 825 _uos
708 747 992 825 loquimur.
1024 745 1234 825 Cielada
1265 746 1280 775 ⁸
1303 745 1517 825 clamat,
1537 752 1604 825 .et
1626 759 1829 825 cygnus
1851 755 1931 825 ta_-

350 829 436 874 cet
461 836 472 870 :
502 817 597 872 sed
611 832 712 870 non
737 815 870 870 tacet
895 817 1227 885 loquentibus
1251 815 1423 878 nobis,
1465 815 1584 883 quia
1613 815 1736 885 ipse
1767 816 1934 883 loqui-

355 900 442 944 tur
469 897 522 941 et
536 888 588 940 in
615 887 784 940 nobis.
819 886 873 940 Si
905 884 1046 941 enim
1067 887 1220 941 vobis
1238 886 1463 939 dicimus
1483 884 1620 953 quod
1639 885 1705 939 ab
1723 900 1786 938 eo
1801 886 1932 939 didi-

352 961 542 1019 cimus.
561 957 672 1023 ipse
699 971 791 1010 vos
808 957 959 1012 docet
974 959 1084 1011 sive
1107 972 1203 1026 per
1228 972 1306 1018 se,
1329 956 1441 1009 sive
1455 970 1548 1026 per
1573 971 1676 1008 me.
1711 955 1932 1009 Verum-

272 1063 278 1067 -
352 1038 550 1088 tamen,
579 1028 784 1092 fratres,
817 1027 916 1082 hoc
932 1028 1069 1094 quod
1096 1025 1248 1080 nobis
1279 1025 1714 1094 imposuitadhue
1738 1028 1930 1094 parvis,

268 1128 281 1159 η
352 1100 438 1152 vix
471 1097 716 1166 impletur
741 1113 770 1149 a
799 1100 1018 1166 magnis.
1039 1097 1140 1152 Sed
1157 1112 1258 1150 non
1278 1096 1514 1162 ideojam
1533 1095 1817 1166 desperare
1837 1097 1932 1152 de-

265 1172 274 1195 έ
351 1165 563 1237 bemus,
579 1167 697 1234 quia
715 1169 862 1237 parvi
886 1165 1088 1221 sumus.
1109 1165 1551 1237 Benedixithenim
1567 1165 1822 1237 Dominus
1842 1185 1935 1237 pu-

346 1235 500 1291 sillos
519 1249 639 1289 cum
662 1234 1042 1309 magnis(Psal.
1057 1253 1200 1302 cvm,
1229 1235 1578 1309 i3)._lllultum
1598 1234 1751 1309 fortia
1773 1234 1913 1309 sunt,

352 1318 471 1372 quae
497 1317 788 1375 poscuntur
809 1323 838 1360 a
867 1307 1035 1373 nobis,
1071 1318 1230 1361 etnos
1269 1307 1459 1359 inﬁrmi
1504 1321 1705 1359 sumus.
1737 1307 1934 1363 Inﬁrmi

357 1392 562 1439 sum-us.
598 1377 808 1445 fragiles
831 1393 1034 1441 sumus,
1064 1377 1250 1430 ﬁctiles
1268 1391 1452 1430 sumus
1476 1393 1489 1438 ;
1519 1375 1613 1430 sed
1637 1378 1804 1445 quid?
1828 1379 1935 1431 l’la-

353 1446 500 1501 cebit
525 1447 749 1499 Domino
775 1463 970 1515 ponere
998 1449 1047 1500 in
1062 1462 1185 1502 vase
1205 1447 1372 1508 ﬁctili,
1403 1462 1601 1513 ponere
1626 1449 1929 1502 thesaurum

355 1531 509 1571 suum
535 1532 548 1576 ;
581 1526 636 1570 ιιι
660 1517 896 1570 dicamus
919 1527 1088 1571 etnos
1116 1533 1235 1572 eum
1274 1517 1438 1570 Paulo
1467 1518 1726 1584 apostolo,
1763 1517 1934 1572 Habe-

353 1603 468 1640 mus
511 1590 800 1640 thesaurum
851 1589 1004 1640 istum
1046 1589 1098 1640 in
1142 1587 1274 1642 vasis
1329 1585 1604 1654 ﬁctilibus(
1636 1585 1676 1638 ll
1705 1586 1820 1640 Cor.
1857 1605 1927 1654 tv,

355 1656 437 1726 7).
468 1655 698 1728 lnmanu
723 1655 866 1728 enim
894 1659 1033 1711 illius
1063 1673 1158 1712 nos
1181 1667 1233 1710 et
1253 1672 1530 1728 sermones
1556 1658 1723 1710 nostri
1755 1657 1772 1728 (
1801 1658 1930 1728 Sap.

353 1741 448 1796 vn,
472 1727 538 1796 16
561 1727 599 1794 ),
617 1727 702 1794 qui
725 1727 814 1780 dat
834 1729 1050 1781 verbum
1069 1727 1552 1796 evangelizant‘ibus
1577 1727 1771 1796 virtute
1799 1729 1937 1781 mul-

355 1804 408 1868 ta
431 1795 612 1867 (Psal.
645 1812 810 1859 vatt,
838 1796 965 1868 19.),
992 1797 1126 1864 Quid
1158 1795 1297 1851 enim
1328 1795 1541 1864 putatis,
1574 1795 1780 1861 fratres,
1813 1800 1933 1868 quia

355 1866 809 1937 dispensatoriste
841 1866 944 1921 tam
977 1869 1208 1937 sapiens,
1243 1868 1341 1920 nisi
1383 1881 1443 1920 se
1495 1868 1658 1920 sciret
1686 1869 1736 1920 in
1781 1866 1934 1922 nobis

355 1937 638 2007 pecuniam
662 1936 980 2007 dominicam
1006 1936 1315 1999 collocasse,
1337 1937 1547 2005 juberet
1569 1938 1716 1991 vobis
1737 1939 1933 2007 aliquid

356 2005 618 2076 erogare?
649 2005 906 2060 Conscius
923 2007 1023 2060 sibi
1053 2017 1135 2061 est
1163 2023 1381 2072 Operutn
1411 2021 1626 2060 suorum
1653 2025 1666 2071 ;
1691 2005 1935 2062 conscius

355 2076 458 2130 sibi
491 2084 572 2129 est
594 2077 800 2145 piorum
832 2076 1073 2130 laborum
1101 2096 1112 2130 :
1138 2079 1236 2131 scit
1260 2086 1511 2144 quantum
1547 2092 1630 2130 me
1652 2079 1762 2132 sale
1788 2080 1934 2132 verbi

356 2146 637 2200 eondierit.
669 2147 764 2200 Est
793 2147 934 2200 enim
965 2147 1079 2216 ipse
1119 2148 1192 2200 sal
1231 2156 1387 2201 terra:
1413 2147 1667 2213 vividum,
1702 2148 1935 2203 referens

358 2217 664 2285 apostolica!
710 2216 966 2270 doctrina:
1016 2232 1280 2285 saporem.
1309 2216 1413 2271 Sed
1441 2231 1628 2270 vereor
1658 2233 1722 2270 ne
1748 2218 1935 2271 condi-

356 2295 594 2356 mentum
617 2287 732 2354 ejus
761 2287 959 2340 inculto
989 2287 1151 2340 corde
1188 2301 1292 2339 non
1344 2286 1605 2339 duxerim.
1639 2287 1782 2342 Bene
1809 2303 1936 2356 ergo

356 2355 503 2419 fecit,
533 2357 674 2424 quod
704 2366 944 2409 nostrum
976 2356 1141 2409 voluit
1181 2365 1393 2424 gustare
1438 2372 1761 2410 sermonem.
1794 2359 1936 2412 Bene

357 2424 502 2496 fecit,
533 2425 798 2496 inspicere
815 2435 1078 2496 quantum
1097 2427 1149 2478 in
1167 2425 1321 2479 nobis
1340 2426 1419 2479 sui
1442 2427 1645 2494 saporis
1661 2435 1933 2496 agnoscat.

357 2494 496 2561 Quid
517 2496 658 2548 enim
687 2495 828 2548 aliud
845 2494 1254 2566 existimandum
1284 2505 1383 2558 est,
1422 2496 1560 2565 quod
1595 2494 1730 2551 inter
1774 2509 1935 2553 caete-

356 2579 456 2620 ros.
470 2573 663 2633 patres,
688 2565 1216 2635 etcompresbyteros
1238 2581 1385 2619 meos
1409 2565 1553 2635 loqui
1583 2569 1680 2620 sub
1709 2584 1936 2636 conspe-

358 2643 446 2706 ctu
465 2649 562 2688 suo
591 2651 675 2706 me
703 2637 1040 2706 potissimum
1062 2636 1237 2704 jussit,
1268 2637 1407 2706 quod
1436 2648 1558 2690 ante
1588 2636 1764 2691 facere
1792 2640 1938 2692 nole-

357 2705 466 2766 bat,
506 2705 608 2758 nisi
636 2707 757 2774 quia
785 2705 852 2758 de
880 2721 1064 2758 eorum
1095 2705 1401 2758 maturitate
1451 2716 1609 2774 atque
1637 2709 1936 2763 eruditione

358 2789 599 2844 securus,
634 2785 816 2828 nostra
843 2776 1010 2827 voluit
1039 2775 1336 2828 rudimenta
1357 2776 1434 2828 sic
1470 2777 1713 2842 probare.
1746 2779 1934 2844 Pareo,

358 2842 570 2905 fratres,
605 2844 867 2897 salubrius
890 2845 1195 2911 imperatis;
1227 2846 1379 2898 ctcui
1411 2860 1494 2897 me
1532 2845 1727 2900 dudum
1760 2849 1810 2900 in
1837 2842 1938 2901 D04

357 2913 504 2967 mino
533 2913 870 2966 nutriendum
899 2914 1356 2976 erudicndumqne
1378 2917 1643 2976 commisi,
1675 2934 1778 2970 non
1815 2920 1936 2972 sub-

359 2982 531 3053 traho.
567 2983 789 3050 lnspice,
827 2984 981 3037 Pater
1013 2985 1099 3053 pie
1147 2993 1200 3037 et
1242 2982 1488 3053 Magister
1525 2988 1681 3041 bone.
1711 2989 1939 3041 lnterro~

358 3068 422 3119 ga
452 3052 708 3120 linguam,
759 3061 813 3106 et
865 3052 1228 3107 testimonium
1263 3052 1448 3122 predat
1473 3057 1566 3110 tibi
1596 3058 1777 3110 cordis
1805 3058 1936 3112 affe-

356 3124 568 3176 ctum.’
597 3122 859 3194 Quidquid
905 3124 995 3176 tibi
1037 3125 1088 3177 in
1141 3135 1322 3177 nostro
1369 3142 1615 3179 sermone
1659 3129 1935 3194 placuerit,

357 3206 607 3260 agnosce,
640 3193 761 3262 quia
791 3203 938 3248 tuum
968 3203 1049 3248 est
1077 3213 1088 3247 :
1113 3195 1366 3264 quidquid
1388 3204 1560 3250 autem
1589 3193 1932 3267 displicuerit,

419 3303 439 3336 ³
463 3311 566 3365 Pro,
591 3303 778 3355 cicada.

418 3365 441 3396 ²
454 3370 613 3426 Forte,
634 3368 846 3431 aﬂ’ectus.

490 3457 656 3464 ——_.

745 3459 1020 3468 ...ν-ηερ..-

490 3457 672 3464 -ᾑνν
686 3460 704 3463 -
713 3460 739 3465 --
745 3459 1020 3468 m
1032 3460 1341 3468 _
1349 3461 1392 3469 -
3293 3475 3524 3483 *ιι-..-
3529 3471 3575 3480 -⁴

373 3453 3592 3525 E—Egﬂh"”;

1587 345 1644 402 S.
1685 341 2050 402 AUGUSTINI
2086 342 2389 403 EPISCOPI

649 3460 1935 3716 item

2044 3576 3116 3727 AUGUSTINI
3176 3475 3347 3524 ἐ

3497 351 3623 410 εηο

2037 461 2269 538 ignosce,
2299 461 2421 532 quia
2443 477 2626 538 meum
2638 468 2721 517 est
2748 462 2883 538 :_sed
2908 463 2987 520 sic
3004 463 3238 538 ignosce,
3263 472 3321 538 ut
3351 467 3622 538 corrigas;

2037 530 2114 585 sic
2145 530 2467 604 ignoscent
2507 533 2711 604 punias.
2746 530 3188 604 ilgnoscas'mihi
3225 530 3360 604 quia
3411 530 3620 602 erravij

2037 602 2225 670 punias
2269 602 2396 655 mihi
2416 603 2555 670 quod
2587 603 2758 657 erravi
2792 602 2804 655 Ξ
2833 619 2896 659 ae
2931 605 3008 658 sic
3038 619 3226 672 parcas
3257 602 3484 673 homini,
3514 623 3620 663 non

2037 673 2204 724 errori
2238 690 2250 724 :
2283 672 2454 746 donec
2480 673 2732 742 paulatim
2765 681 2930 728 totum
2953 675 3094 744 quod
3141 691 3248 731 non
3279 691 3306 730 a
3338 686 3389 731 te
3415 679 3623 746 planta-

2041 751 2150 795 tum
2183 751 2282 803 est,
2313 743 2664 803 relinquatur.

2110 812 2301 888 5._Sed
2321 822 2377 866 ut
2401 812 2903 888 vobiseumupotius.
2927 816 3282 888 dilectissimi,
3307 833 3464 888 quam
3498 833 3618 872 cum

2040 883 2155 950 ipso
2178 882 2384 955 loquar,
2415 899 2481 936 ne
2538 884 2590 937 in
2637 885 2813 953 aliquo
2861 885 3058 940 limites
3091 882 3338 954 paternai
3365 889 3622 955 jussiouis

2038 953 2288 1025 excedam
2319 971 2336 1025 ς
2367 955 2455 1019 qui
2499 969 2586 1025 tne
2613 963 2668 1008 ut
2717 955 2864 1008 vobis
2895 953 3160 1024 loquerer,
3214 953 3492 1025 imperavit
3521 978 3533 1011 :
3567 960 3616 1012 in

2039 1021 2282 1095 hoc_cjtts
2312 1022 2453 1078 facto
2495 1024 2713 1077 Paulum
2774 1021 3074 1091 apostolum
3124 1021 3437 1093 cogitemus,
3469 1030 3623 1095 cujus

2040 1093 2197 1147 modo
2216 1095 2522 1161 Epistolam,
2541 1110 2659 1148 cum
2680 1095 2962 1163 legeretur,
2988 1096 3302 1151 audivimus.
3326 1099 3455 1151 Cum
3479 1093 3623 1154 enim

2039 1163 2231 1216 divinis
2256 1165 2522 1237 mysteriis
2541 1165 2933 1237 adolescentem
2959 1166 3296 1220 Timotheum
3349 1184 3621 1237 pra-para-

2039 1241 2140 1296 ret,
2170 1234 2578 1303 cmlestibusque
2606 1235 2856 1288 doctrinis
2880 1247 3106 1290 mentem
3133 1234 3483 1291 adolescentis
3523 1239 3623 1292 itu-

2041 1303 2250 1368 bueret,
2280 1305 2506 1369 dicebat,
2541 1304 2769 1358 Prwdica
2789 1307 2988 1358 verbum
3014 1323 3031 1367 ;
3054 1315 3105 1360 et
3131 1309 3286 1376 paulo
3305 1316 3444 1374 post.
3478 1308 3618 1373 Opus

2043 1376 2123 1443 fac
2141 1376 3082 1449 _e_vaugelista2,__utinisterittm__tuum
3117 1377 3377 1449 adimple(
3411 1377 3451 1430 ll
3478 1378 3614 1449 Tim.

2041 1443 2171 1516 ηυξ
2203 1444 2422 1516 )._'l‘une
2431 1445 2472 1497 si
2505 1445 2706 1498 diceret
2738 1446 2846 1507 ille,
2895 1445 3007 1498 Non
3039 1443 3294 1514 possum';
3328 1443 3617 1516 responde-

2039 1525 2121 1566 ret
2149 1513 2360 1577 Paulus,
2391 1512 2582 1579 Quare-
2611 1530 2714 1568 non
2747 1525 2913 1581 potes,
2946 1512 3061 1568 fili?
3101 1517 3286 1571 Nonne
3311 1518 3377 1570 ab
3400 1512 3616 1572 infantia

2041 1598 2219 1654 sacras
2247 1583 2473 1637 Litteras
2501 1585 2726 1638 didicisti
2757 1587 2773 1652 (
2802 1584 2887 1638 Id.
2915 1601 2990 1649 Ill,
3031 1587 3094 1640 l5
3128 1587 3187 1654 )?
3227 1587 3378 1652 l‘loe,‘
3405 1588 3612 1651 fratres,

2041 1653 2170 1706 mihi
2226 1663 2531 1726 uon_pote_st
2560 1655 2682 1726 diei.
2714 1654 2863 1726 Sicut
2898 1657 3040 1709 enim
3086 1653 3346 1710 neverunt
3402 1659 3610 1726 plurimi

2042 1734 2296 1788 vestrum,
2321 1723 2429 1792 jam
2451 1724 2614 1778 durus
2641 1724 2744 1778 huc
2761 1724 2966 1779 adveni.
2992 1726 3095 1779 Per
3120 1727 3296 1780 omnia
3323 1723 3461 1781 cnim
3492 1737 3620 1782 tem-

2040 1809 2171 1862 pore
2200 1794 2414 1867 puerilis
2461 1797 2650 1867 artatis,
2698 1810 2855 1867 quam
2912 1795 3116 1849 facilius
3155 1798 3397 1851 llectitac
3440 1798 3620 1867 dirigit

2040 1864 2521 1936 normadoctriutc,
2553 1864 2713 1918 rebus
2759 1865 2877 1918 aliis
2923 1867 3243 1934 occupabar.
3297 1867 3402 1920 Sed
3438 1864 3613 1936 plane,

2039 1933 2179 2006 quod
2215 1933 2485 1986 fatendum
2509 1943 2611 1998 est,
2638 1943 2916 2003 postquam
2945 1933 3082 1997 veni,
3133 1945 3388 2004 quantum
3426 1933 3614 2006 potuit,

2041 2003 2093 2054 in
2120 2018 2205 2057 me
2234 2013 2483 2070 cperatus
2513 2011 2599 2059 est
2642 2014 2856 2058 sanctus
2885 2003 3496 2128 agricolanuultumque
3521 2023 3615 2061 co-

2043 2082 2196 2124 natus
2221 2083 2302 2126 cst
2326 2083 2562 2127 nostram
2591 2089 2895 2128 exnuauare
2958 2076 3186 2128 uritiam.
3207 2077 3386 2128 Neque
3419 2079 3615 2128 imbres

2043 2082 2196 2124 natus
2221 2083 2302 2126 est
2326 2083 2562 2146 nostram
2591 2089 2895 2146 expugnare
2917 2076 3186 2128 duritiam.
3207 2077 3386 2146 Neque
3419 2079 3620 2132 imbres

2044 2157 2272 2210 unquam
2300 2143 2446 2205 mihi,
2481 2159 2652 2213 neque
2681 2145 2881 2198 semina
2904 2145 3184 2200 defuerunt
3217 2164 3228 2198 :
3261 2143 3314 2200 et
3339 2149 3456 2200 ideo
3479 2163 3621 2202 nunc

2041 2213 2129 2280 qui
2159 2228 2339 2266 semen
2372 2214 2570 2283 injecit,
2605 2214 2828 2268 fructum
2881 2217 3115 2283 requirit.
3144 2217 3266 2270 Oret
3299 2227 3356 2270 ttt
3383 2233 3489 2271 non
3527 2218 3623 2272 de-

2042 2284 2576 2356 generaveriutgrana
2595 2285 2710 2356 ejus
2727 2285 2776 2338 in
2793 2285 2943 2339 nobis
2967 2304 2979 2336 :
3004 2296 3056 2339 et
3076 2287 3327 2356 quidquid
3341 2289 3420 2342 vel
3435 2289 3486 2341 in
3501 2304 3620 2341 ser-

2044 2353 2292 2405 monibus
2319 2354 2401 2406 vel
2419 2357 2486 2424 in
2516 2355 2750 2407 moribus
2781 2357 2892 2424 ipso
2920 2353 3193 2410 excolente
3216 2353 3271 2410 et
3300 2357 3520 2412 Domino
3543 2358 3624 2411 itt-

2043 2433 2369 2497 eret'uentunt
2397 2423 2557 2477 dante
2580 2423 2912 2497 processerit,
2935 2441 3035 2479 non
3055 2427 3223 2494 spina,
3247 2427 3341 2481 sed
3367 2429 3509 2497 spica
3531 2429 3618 2482 sit.

2044 2491 2194 2558 Quod
2211 2508 2334 2559 ergo
2347 2493 2453 2561 jam
2473 2491 2653 2566 restat,
2669 2495 3014 2566 dilectissimi,
3039 2491 3209 2564 ipsum
3224 2491 3418 2565 pariter
3431 2498 3623 2566 depre-

2044 2577 2245 2636 cemur,
2270 2573 2324 2616 ut
2345 2564 2791 2636 quemadmodum
2821 2581 2918 2634 ego
2936 2567 3072 2618 ultra
3101 2564 3238 2620 vires
3262 2582 3406 2620 meas
3429 2564 3624 2636 prince-

2045 2633 2146 2700 ptis
2167 2633 2282 2707 ejus
2308 2634 2474 2707 parui,
2497 2635 2563 2686 ita
2590 2635 2828 2707 Qtl’lllllltn
2855 2633 3092 2688 nostrum
3120 2637 3383 2691 desiderio
3420 2633 3478 2691 se
3507 2638 3624 2707 ipse

2045 2718 2149 2773 non
2179 2703 2472 2767 subtrahat,
2509 2704 2601 2756 sed
2627 2716 2746 2773 post
2774 2705 2914 2759 hunc
2935 2721 3237 2760 sermonem
3261 2718 3501 2761 nostrum
3529 2703 3623 2761 'loo

2044 2772 2133 2839 qui
2174 2773 2322 2845 vobis
2350 2775 2450 2845 vel;
2477 2772 2642 2841 pauca
2688 2774 2966 2845 dignetur;
2997 2793 3116 2843 qua:
3162 2777 3499 2832 discedentes
3528 2792 3623 2831 vos

2046 2841 2350 2896 meminisse
2370 2842 2619 2909 delectet,
2644 2854 2698 2898 et
2727 2841 3056 2899 recordando
3073 2848 3357 2901 salubriter
3390 2849 3622 2902 rumina-

2044 2927 2102 2963 re
2129 2926 2232 2964 non
2267 2913 2453 2981 pigeat.
2474 2913 2869 2977 Verumtamen,
2896 2931 2964 2970 ne
2994 2925 3105 2971 toto
3123 2933 3368 2971 sermone
3393 2919 3625 2972 inexcu-

2045 2981 2249 3050 satioue
2275 2993 2593 3050 consumpto
2616 2985 2966 3040 Sanctitatem
2985 2996 3216 3040 vestram
3245 2989 3516 3042 monuisse
3545 2988 3624 3041 ni-

2047 3049 2119 3102 li”
2147 3052 2348 3114 videar,
2399 3049 2574 3107 audite
2605 3071 2724 3127 nte,
2766 3054 2983 3110 fratres.
3022 3057 3380 3127 Qumeumque
3411 3073 3440 3110 a
3471 3059 3624 3112 Patre

2046 3130 2231 3196 nostro
2275 3137 2489 3196 semper
2517 3123 2756 3188 audistis,
2789 3135 2842 3178 et
2883 3128 3186 3196 accepistis,
3232 3123 3309 3181 et'
3336 3129 3616 3193 didicistis,

2047 3189 2570 3266 ltigeecogitateJtzcc
2598 3196 2735 3261 agite
2765 3212 2778 3258 ;
2818 3205 2871 3249 et
2895 3189 3034 3251 Deus
3057 3189 3202 3266 pacis
3229 3189 3621 3253 eritvebiscum

2051 3258 2306 3331 (Philipp.
2333 3277 2406 3326 tv,
2435 3265 2488 3327 8,
2507 3264 2598 3332 9).
2631 3258 2820 3319 Amen.

3293 3471 3575 3483 m4

769 3782 1876 3900 snnmomum
1957 3788 3222 3939 QUORUMDAM

1544 3999 1653 4053 QUI
1694 4001 1909 4045 ADHUC
1951 4003 2444 4050 DESIDERANTUR

1224 4140 2708 4315 FRAGMENTA

402 4395 727 4454 REPERTA
776 4393 842 4449 IN
899 4390 1410 4448 COLLECTANEIS
1463 4391 1774 4461 EUGYPII,
1826 4393 2070 4462 BEDZE,
2123 4397 2326 4454 FLOR!
2376 4399 2464 4456 AC
2528 4401 2805 4459 JOANNIS
2862 4403 3169 4463 ΒΟΜΑΝᾸΞ
3231 4407 3583 4466 ECCLESIIE

676 4530 679 4532 .
1837 4485 2130 4542 DIACONL

1664 4620 1810 4670 cei-04:9
1823 4619 2300 4676 θεοῦ-βεεθο-Ὲτ

359 4743 446 4799 Em
480 4742 725 4798 Sermone
765 4737 1316 4814 contrahPeIagianos,
1349 4737 1402 4789 in
1445 4735 1668 4806 Eugypii
1709 4745 1841 4790 tomo
1883 4737 1939 4802 2,

877 4846 992 4899 cap.
1019 4828 1122 4883 287
1161 4838 1248 4881 aut
1269 4827 1375 4883 288
1399 4825 1499 4898 (τι).

432 4927 485 4981 Ι.
531 4922 768 4979 Urbanus
814 4921 1100 4989 episcopus.
1150 4917 1546 4988 Pelagianorum
1589 4936 1761 4983 error,
1803 4917 1946 4972 liberi

359 5017 554 5074 arbitrii
597 5014 780 5070 viribus
815 5011 944 5065 vinci
984 5026 1126 5080 posse
1152 5009 1466 5075 tentationes,
1491 5025 1580 5061 nec
1625 5009 1686 5061 de
1716 5019 1947 5079 peccato-

359 5126 474 5164 rum
517 5103 870 5162 natationibus
912 5103 997 5170 agi
1023 5101 1076 5153 in
1112 5099 1336 5152 oratione
1372 5099 1642 5151 dominica.
1677 5099 1769 5151 llla
1811 5097 1938 5165 duo,

362 5197 574 5255 Dimitte
621 5193 762 5248 nobis
805 5190 970 5245 debita
1017 5197 1208 5252 nostra,
1249 5187 1375 5240 sicut
1420 5196 1466 5239 et
1510 5203 1602 5240 nos
1649 5186 1944 5241 dimittimus

365 5288 664 5347 debitoribus
711 5285 935 5346 nostris;
975 5291 1049 5346 et,
1078 5279 1164 5334 Ne
1189 5296 1279 5334 nos
1312 5278 1501 5348 inferas
1519 5278 1573 5332 in
1601 5280 1942 5346 tentationem,

369 5378 573 5452 (Matth.
598 5392 684 5443 vt,
711 5374 780 5429 l2
803 5384 848 5428 et
879 5374 987 5442 l3),
1011 5371 1222 5441 quando
1251 5368 1545 5438 Pelagianis
1591 5367 1941 5436 objiciuntur,

363 5470 489 5542 quid
525 5483 618 5524 eos
661 5465 855 5537 putatis
900 5461 1260 5532 respondere?
1289 5458 1521 5524 Horrui,
1577 5459 1766 5512 fratres
1806 5459 1942 5524 mei,

365 5565 579 5633 quando
603 5560 800 5616 audivi.
833 5557 943 5627 Ego
967 5555 1181 5627 quidem
1213 5569 1319 5609 non
1347 5553 1521 5608 audivi
1550 5551 1764 5606 auribus
1789 5551 1939 5616 meis,

365 5653 462 5710 sed
490 5661 706 5708 sanctus
742 5652 904 5707 frater
931 5657 984 5706 et
1011 5649 1358 5720 eoepiscopus
1389 5661 1537 5703 meus
1562 5645 1809 5702 Urbanus
1845 5659 1944 5698 uo—

421 5781 503 5846 (a)
531 5781 649 5830 σιω
666 5780 827 5830 Florus
847 5781 905 5830 ad
928 5786 962 5830 ιι
979 5786 1082 5831 Cor.
1106 5785 1262 5842 xm,et
1284 5785 1300 5828 ι
1320 5779 1438 5828 Tim.
1464 5793 1509 5828 γ.

2052 4752 2181 4809 ster,
2225 4746 2313 4814 qui
2347 4746 2430 4801 hic
2475 4751 2752 4820 presbyter
2794 4751 2912 4818 fuit,
2956 4762 3010 4808 et
3054 4755 3213 4810 modo
3251 4766 3331 4810 est
3369 4755 3635 4812 Siccensis

2053 4839 2352 4907 cpiscopus,
2408 4855 2528 4894 cum
2585 4854 2878 4899 remeasset
2927 4846 2995 4900 ab
3040 4848 3173 4902 urbe
3213 4847 3402 4912 Roma,
3459 4860 3514 4903 et
3562 4851 3633 4903 ibi

2049 4943 2169 4982 cum
2191 4929 2418 4999 quodam
2449 4933 2566 4986 talia
2597 4936 2859 4990 sentiente
2885 4937 3214 5007 confligeret,
3251 4941 3338 4994 vel
3368 4955 3425 4992 se
3449 4940 3636 4993 conﬂi-

2048 5021 2190 5076 xisse
2216 5022 2457 5088 referret,
2487 5039 2606 5078 cum
2635 5036 2916 5097 urgeretur
2938 5031 3174 5098 pondere
3195 5030 3448 5083 orationis
3463 5029 3637 5084 domi-

2051 5114 2182 5167 nica)
2212 5132 2224 5168 :
2251 5115 2469 5185 urgebat
2522 5117 2663 5171 enim
2703 5135 2844 5184 eum,
2904 5128 2957 5173 et
2984 5121 3217 5188 dicebat,
3275 5120 3328 5175 Si
3371 5123 3421 5175 in
3455 5132 3635 5175 nostra

2052 5216 2310 5276 potestate
2332 5219 2415 5262 est
2442 5224 2546 5263 non
2588 5226 2829 5280 peccare,
2859 5221 2912 5265 et
2941 5213 2992 5264 in
3021 5222 3198 5267 nostra
3243 5221 3502 5281 potestate
3550 5222 3636 5266 est

2050 5313 2236 5353 omnes
2263 5311 2598 5369 peccatorum
2629 5304 2948 5358 tentationes
2974 5305 3102 5358 solis
3129 5305 3411 5359 voluntatis
3438 5312 3635 5358 nostra:

2053 5389 2253 5444 viribus
2267 5407 2540 5461 superare,
2574 5408 2736 5462 quare
2762 5395 2872 5449 Deo
2892 5394 3136 5457 dicimus,
3170 5394 3251 5448 Ne
3270 5411 3359 5448 nos
3376 5394 3565 5464 inferas
3581 5396 3636 5447 in

2051 5483 2369 5537 teutationem
2391 5485 2417 5538 ἱ)
2441 5483 2565 5554 quid
2591 5500 2712 5538 eum
2735 5487 2930 5554 putatis
2951 5486 3324 5555 respondisse?
3344 5486 3634 5554 Rogamus,

2051 5575 2237 5643 inquit,
2265 5575 2456 5641 Deum,
2483 5590 2550 5629 ne
2583 5589 2680 5629 nos
2724 5576 2915 5630 inferat
2953 5575 3005 5629 in
3039 5577 3407 5641 tentationem,
3447 5590 3514 5629 ne
3539 5575 3638 5630 ali-

2051 5665 2174 5735 quid
2197 5666 2320 5720 mali
2351 5667 2631 5735 patiamur,
2660 5666 2927 5737 quodnon
2957 5667 3215 5721 habemus
3234 5666 3287 5721 in
3321 5675 3588 5736 potestate
3614 5685 3630 5721 :

2060 5775 2127 5815 ne
2155 5774 2302 5814 ruam
2329 5759 2393 5815 de
2423 5775 2582 5830 equo,
2612 5769 2664 5816 et
2687 5775 2754 5816 ne
2780 5758 3018 5830 frangant
3041 5758 3252 5830 pedem,
3285 5773 3353 5814 ne
3381 5757 3531 5829 latro
3551 5769 3640 5810 me
