3996 6180
293 377 432 439 1721

289 495 598 560 interficiat,
625 503 682 552 et
704 493 828 566 quid
856 493 1178 565 hujusmodi.
1209 493 1334 548 llaec
1361 493 1522 558 enim,
1557 493 1745 562 inquit,
1778 501 1885 546 non

289 587 472 646 habeo
495 588 548 642 in
575 595 839 658 potestate
867 603 880 638 ε
913 600 1036 640 nam
1065 586 1276 640 vincere
1297 585 1612 640 tentationes
1642 592 1886 652 peccato-

289 695 416 734 rum
459 692 726 744 meorum,
753 677 800 731 si
829 676 966 744 volo,
999 683 1054 732 et
1091 691 1330 746 possum,
1380 691 1478 731 nec
1499 675 1592 728 Dei
1617 672 1884 744 adjutorio

291 784 540 840 possum.

363 859 422 912 2.
451 857 760 928 Confutatur
784 858 1008 930 maligna
1045 857 1248 914 ftwresis
1277 875 1340 913 ιτ
1358 859 1584 913 oratione
1609 875 1641 911 a
1682 857 1882 913 Christo

295 951 646 1007 commendata
656 961 702 1006 et
717 969 812 1022 pro
821 950 976 1007 Petro
991 952 1232 1006 adhibita.
1247 952 1470 1016 Videtis,
1493 951 1703 1018 fratres,
1723 967 1882 1022 quam

295 1046 526 1116 maligna
553 1045 800 1108 haeresis;
818 1044 1012 1100 videtis
1031 1044 1478 1115 quemadmodum
1496 1059 1678 1098 omnes
1697 1045 1884 1099 horre-

293 1135 360 1190 tis
389 1154 406 1190 :
437 1144 624 1190 cavete
647 1150 714 1189 ne
737 1135 1042 1205 capiamini.
1058 1135 1188 1190 Novi
1207 1137 1348 1190 enim
1369 1137 1682 1191 calliditates
1696 1145 1749 1192 et
1775 1145 1882 1190 ter-

261 1225 676 1301 ugiversationcs
689 1223 961 1279 hominum
975 1225 1255 1294 impiorum
1269 1241 1576 1280 aversorum
1593 1241 1620 1279 a
1635 1227 1878 1293 veritate,

291 1325 344 1369 et
369 1315 494 1385 quia
520 1315 630 1384 jam
651 1315 700 1368 in
728 1329 853 1370 suas
873 1317 1163 1370 sententias
1183 1315 1487 1370 ceciderunt
1513 1317 1651 1370 vinci
1691 1317 1878 1370 nolen-

288 1408 454 1467 tium;
473 1405 672 1471 videte,
689 1407 914 1460 obsecro
925 1420 1040 1461 vos.
1064 1407 1199 1462 Ecce
1215 1406 1355 1460 enim
1370 1407 1569 1460 invenit
1587 1405 1722 1474 quod
1736 1406 1882 1460 dice-

289 1505 394 1556 ret,
429 1494 552 1548 ideo
575 1510 674 1550 nos
695 1494 892 1561 dicere,
926 1495 1010 1549 Ne
1037 1513 1132 1550 nos
1155 1498 1350 1568 inferas
1371 1497 1424 1549 in
1447 1497 1786 1563 tentationem,
1813 1511 1878 1551 ne

287 1586 492 1655 aliquid
511 1586 668 1641 nobis
683 1587 976 1656 contingat,
997 1587 1140 1656 quod
1163 1603 1266 1640 non
1281 1586 1536 1642 habemus
1553 1587 1602 1640 in
1618 1595 1878 1656 potestate

285 1674 584 1728 secundum
606 1675 846 1744 corporis
863 1675 1230 1730 tentationem.
1252 1675 1378 1730 Inde
1399 1691 1526 1745 ergo
1547 1677 1753 1730 (licebat
1777 1677 1878 1730 Do-

285 1767 486 1830 minus,
541 1765 760 1836 Vigilate
807 1775 856 1820 et
903 1777 1070 1832 orate,
1117 1785 1179 1821 ne
1215 1769 1410 1821 intretis
1456 1769 1510 1822 in
1558 1770 1876 1822 tentationem

288 1859 502 1930 (Matth.
533 1875 680 1924 xxvi,
714 1861 846 1928 bl)?
880 1859 982 1913 hoc
1011 1859 1242 1922 dicebat,
1280 1858 1497 1930 Vigilate
1526 1869 1572 1913 et
1614 1870 1768 1925 orate,
1810 1877 1876 1916 ne

285 1949 474 2018 pedem
523 1949 798 2020 frangatis,
847 1961 939 2004 aut
989 1965 1054 2004 ne
1092 1961 1250 2018 caput
1290 1949 1532 2016 doleatis,
1589 1961 1679 2005 aut
1719 1966 1784 2005 ne
1821 1953 1874 2006 in

283 2039 540 2092 damnum
565 2040 886 2094 incurratis?
906 2040 1021 2095 Non
1052 2041 1153 2095 hoc
1170 2041 1378 2095 dicebat
1413 2059 1424 2094 :
1455 2041 1549 2096 sed
1580 2041 1702 2110 quid
1726 2041 1873 2096 dice-

283 2129 408 2183 bat?
429 2130 582 2197 Quod
611 2131 767 2184 Petro
790 2131 940 2195 dixit,
973 2131 1168 2200 Rogavi
1207 2149 1298 2200 pro
1327 2141 1390 2197 te,
1432 2149 1494 2185 ne
1513 2132 1714 2200 deﬁciat
1747 2133 1874 2201 ﬁdes

286 2229 372 2272 tua
400 2221 552 2291 (Luc.
589 2237 718 2287 uti,
741 2221 854 2293 52).
891 2223 1107 2292 Rogavi,
1139 2221 1328 2293 inquit,
1357 2240 1448 2294 pro
1482 2233 1546 2286 te,
1575 2224 1706 2278 dicit
1733 2225 1871 2280 Deus

285 2311 507 2376 homini,
543 2312 792 2368 dominus
831 2329 1008 2380 servo,
1031 2315 1285 2384 magister
1319 2314 1598 2384 discipulo,
1635 2316 1873 2370 medicus

285 2417 486 2474 εει-οιο
517 2423 532 2458 :
565 2405 759 2477 Rogavi
777 2423 870 2478 pro
897 2416 982 2461 te:
1009 2407 1178 2477 quid?
1201 2406 1288 2461 Ne
1306 2408 1504 2476 deﬁciat
1529 2423 1546 2460 :
1573 2407 1739 2476 quid?
1761 2423 1876 2461 ma-

289 2512 386 2551 nus
415 2496 544 2550 tua?
581 2513 675 2566 pes
703 2498 862 2552 tuus?
900 2499 1086 2553 oculus
1128 2500 1281 2553 tuus?
1329 2501 1503 2568 lingua
1537 2509 1646 2564 tua,
1696 2499 1871 2568 aliqua

285 2586 536 2656 paralysi,
565 2586 620 2640 id
641 2595 744 2653 est,
771 2587 1122 2642 dissolutione
1147 2588 1547 2644 membrorum?
1577 2587 1720 2654 Non;
1752 2589 1864 2654 sed,

285 2693 345 2730 ne
366 2677 574 2746 deﬁciat
599 2677 728 2746 ﬁdes
746 2687 852 2732 tua.
881 2678 1184 2734 Secundum
1225 2679 1356 2734 istos
1385 2681 1436 2733 in
1479 2687 1742 2750 potestate
1771 2679 1870 2734 ha-

282 2769 488 2837 bemus,
519 2787 590 2826 nc
614 2771 824 2826 deficiat
849 2771 980 2826 fides
1000 2780 1200 2827 nostra.

349 2863 403 2916 3.
437 2861 708 2916 Orationes
733 2861 994 2928 Ecclesiw,
1025 2864 1270 2916 auxilium
1296 2863 1474 2932 gratim
1502 2871 1556 2915 ut
1581 2879 1680 2916 non
1699 2879 1870 2932 pecce-

283 2970 390 3008 mus
413 2955 752 3008 necessarium
778 2970 881 3008 esse
905 2954 1339 3024 probant..Quarc
1369 2969 1462 3021 pro
1480 2953 1631 3006 nobis
1653 2963 1869 3024 rogatur

281 3045 439 3110 Deus,
469 3055 528 3099 ut
571 3045 831 3100 concedat
865 3045 1038 3108 nobis,
1071 3043 1214 3114 quod
1247 3044 1332 3097 isti
1361 3043 1568 3106 dicunt,
1603 3057 1704 3096 nos
1760 3057 1864 3096 non

277 3135 476 3190 debere
510 3149 702 3203 rogare
729 3149 757 3187 a
793 3135 1114 3202 sempiterna
1147 3132 1444 3200 majestate,
1465 3132 1559 3186 sed
1594 3132 1790 3200 habere
1814 3133 1867 3185 in

275 3233 564 3296 potestate.
599 3223 1025 3287 Benedictiones,
1067 3221 1259 3276 fratres
1303 3221 1426 3284 mei,
1469 3221 1866 3276 benedictiones

277 3324 509 3380 nostras,
529 3328 664 3384 quas
679 3327 840 3383 super
857 3328 950 3367 vos
967 3313 1210 3376 facimus,
1233 3319 1509 3376 evacuant,
1533 3313 1862 3378 cxinaniunt,

277 3408 501 3464 elidunt.
536 3405 744 3461 Auditis
771 3421 875 3471 me,
907 3405 1088 3470 credo,
1119 3403 1311 3458 fratres
1335 3405 1457 3468 mei,
1490 3403 1702 3472 quando
1722 3404 1862 3472 dico,

279 3499 535 3554 Conversi
580 3497 648 3552 ad
706 3499 984 3552 Dominum
1035 3495 1414 3550 benedicamus
1463 3510 1656 3548 nomen
1706 3495 1858 3563 ejus,

276 3591 368 3646 det
405 3591 563 3646 nobis
591 3603 935 3660 perseverare
971 3589 1022 3642 in
1055 3586 1317 3642 mandatis
1343 3587 1473 3651 suis,
1506 3585 1778 3640 ambulare
1813 3586 1866 3639 in

279 3680 364 3736 via
387 3689 534 3736 recta
561 3679 876 3736 eruditionis
901 3695 1036 3742 suae,
1079 3679 1292 3747 placere
1319 3678 1392 3732 illi
1425 3678 1478 3730 in
1509 3677 1652 3730 omni
1703 3691 1866 3746 apere

279 3772 442 3838 bono,
485 3783 541 3828 et
569 3779 760 3827 caetera
789 3771 926 3825 talia.
957 3771 1201 3834 Prorsus,
1223 3769 1481 3838 inquiunt,
1503 3767 1604 3824 hoc
1629 3777 1792 3822 totum
1811 3767 1866 3822 in

279 3872 546 3932 potestate
589 3871 770 3917 nostra
800 3870 882 3916 est
907 3861 1276 3916 constitutum.
1308 3860 1448 3929 Ergo
1493 3874 1591 3912 nos
1635 3859 1866 3912 inaniter

279 3955 406 4009 talia
433 3955 588 4009 vobis
623 3963 887 4023 optamus.
929 3953 1285 4008 Dcfendamus
1321 3962 1374 4007 et
1401 3968 1517 4017 nos,
1549 3961 1601 4007 et
1621 3969 1750 4016 vos;
1799 3967 1867 4007 ne

281 4055 338 4100 et
365 4059 466 4099 nos
488 4047 604 4118 sine
647 4059 805 4099 causa
861 4043 1260 4108 benedicamus,
1309 4053 1362 4098 et
1405 4058 1500 4097 vos
1550 4043 1665 4097 sine
1707 4059 1866 4098 causa

279 4137 454 4191 Amen
483 4135 847 4190 subscribatis.
869 4134 1088 4188 Fratres
1111 4134 1234 4196 mei,
1261 4135 1430 4186 Amen
1453 4143 1708 4198 vestrum,
1741 4133 1866 4186 sub-

281 4227 504 4296 scriptio
526 4235 700 4281 vestra
731 4235 833 4290 est,
876 4225 1157 4280 consensio
1187 4233 1360 4280 vestra
1387 4232 1488 4291 est,
1527 4223 1866 4292 adstipulatio

279 4329 460 4374 vestra
485 4327 585 4373 est.
612 4318 688 4373 Ne
713 4317 850 4374 forte
874 4318 1036 4388 aliqui
1065 4317 1298 4387 ipsorum
1327 4327 1380 4372 et
1397 4333 1494 4371 nos
1510 4317 1867 4372 condemnent

281 4419 340 4468 et
363 4425 477 4476 vos,
510 4409 860 4465 defendamus
885 4425 982 4464 nos
1005 4409 1073 4464 de
1089 4411 1330 4479 apostolo
1353 4397 1517 4464 Paulo
1545 4427 1560 4464 :
1592 4411 1865 4465 videamus

279 4503 328 4556 si
359 4501 480 4556 talia
507 4502 708 4571 optavit
751 4501 891 4570 plebi
921 4515 1053 4568 sua),
1102 4487 1282 4571 qualia
1315 4517 1528 4556 oramus
1556 4517 1716 4572 super
1745 4517 1862 4556 vos.

276 4593 476 4651 Audite
501 4593 626 4664 quid
656 4593 852 4649 dixerit
891 4593 1120 4663 quodam
1149 4593 1286 4648 loco.
1317 4595 1446 4648 Rem
1480 4594 1693 4649 brevem
1721 4595 1860 4649 dico.

275 4684 420 4754 Quid
444 4685 598 4749 dicis,
626 4699 660 4740 ο
685 4699 822 4739 nove
851 4685 1118 4751 lnercticc,
1153 4685 1474 4755 quicumque
1511 4699 1596 4740 me
1615 4685 1788 4751 audis,
1819 4685 1864 4740 si

273 4789 522 4844 prmus
549 4773 641 4830 es?
665 4773 790 4844 quid
817 4773 986 4828 dicis?
1005 4775 1134 4840 Quia
1157 4790 1261 4828 non
1293 4789 1516 4842 peccare
1534 4775 1583 4828 in
1603 4784 1864 4844 potestate

273 4867 364 4921 lic
389 4866 664 4931 habemus,
692 4875 752 4921 ut
777 4867 879 4922 hoc
904 4867 1018 4921 sine
1039 4867 1303 4936 adjutorio
1329 4867 1522 4921 divinae
1549 4868 1731 4938 gratia:
1759 4868 1862 4922 im-

269 4959 431 5031 plere
473 4960 770 5028 possimus;
801 4959 902 5014 hoc
935 4959 1109 5014 dicis?
1139 4959 1270 5024 Hoc,
1297 4960 1488 5028 inquit.
1521 4961 1661 5030 Ergo
1689 4960 1739 5014 in
1771 4975 1866 5029 po-

271 5057 480 5106 testate
519 5049 772 5104 habemus
822 5065 928 5104 non
983 5063 1204 5119 peccare
1259 5050 1374 5104 sine
1418 5049 1681 5118 adjutorio
1735 5051 1863 5105 Dei?

269 5141 468 5205 Plane,
500 5142 688 5211 inquit,
713 5141 942 5197 liberum
973 5142 1252 5197 arbitrium
1281 5153 1522 5197 nostrum
1548 5144 1614 5198 ad
1647 5145 1746 5200 hoc
1767 5161 1864 5200 no—

269 5233 366 5286 bis
389 5230 604 5287 sufficit.
646 5231 781 5299 Quid
819 5240 904 5287 est
929 5247 1057 5302 ergo
1086 5233 1227 5303 quod
1254 5235 1328 5287 ait
1368 5236 1674 5304 Apostolus,
1725 5239 1862 5292 scri-

261 5323 414 5380 hens
434 5323 499 5376 ad
523 5323 845 5389 Corinthios,
879 5322 1098 5378 Oramus
1127 5325 1194 5377 ad
1217 5325 1402 5393 Deum,
1426 5343 1490 5380 ne
1513 5328 1634 5396 quid
1660 5329 1862 5398 faciatis

261 5416 404 5472 mali
429 5414 498 5484 (ll
523 5415 638 5469 Cor.
669 5432 782 5482 xm,
813 5416 1260 5487 7)?Attendistis,
1279 5418 1519 5484 audistis,
1547 5422 1858 5490 accepistis;

263 5517 326 5565 et
352 5507 482 5578 quia
529 5507 1018 5563 manifestissimum
1048 5515 1150 5575 εει,
1192 5509 1308 5562 sine
1337 5508 1498 5564 dubio
1523 5511 1860 5570 intellexistis

264 5605 402 5678 quid
432 5603 602 5658 oravit
628 5601 938 5672 Apostolus.
989 5599 1227 5667 Oramus,
1267 5600 1455 5670 inquit,
1488 5603 1556 5656 ad
1589 5603 1768 5672 Deum,
1800 5623 1861 5660 ne

261 5695 396 5764 quid
421 5693 622 5768 faciatis
665 5691 810 5746 mali.
854 5691 1070 5745 Poterat
1097 5690 1274 5746 dicere
1302 5707 1315 5746 :
1343 5691 1616 5748 Monemus
1639 5710 1754 5762 vos,
1793 5712 1859 5752 ne

259 5769 424 5858 quid,
449 5783 658 5841 faciatis
699 5781 856 5849 mali;
903 5781 1170 5838 docemus
1215 5795 1331 5850 vos,
1381 5799 1448 5838 ne
1489 5785 1624 5854 quid
1654 5787 1857 5844 faciatis

1531 367 1952 429 FRAGMENTA
1991 367 2384 438 SERMONUM.
2465 367 2472 374 ”

3441 402 3582 460 i722

2174 485 2424 558 iubemus
2438 492 2609 562 vobis,
2633 499 2970 572 prtecipimus
2993 505 3163 562 vobis.
3191 507 3344 576 Quod
3363 515 3576 583 quidem

1991 577 2037 632 si
2063 577 2286 649 diceret,
2337 593 2540 642 certum
2581 588 2818 662 diceret,
2859 597 2979 666 quia
3016 608 3070 654 et
3105 602 3352 660 voluntas
3377 577 3577 665 nostra

1991 671 2098 768 agit
2117 671 2317 743 aliquid
2349 693 2364 729 :
2397 693 2502 733 non
2523 681 2664 736 enim
2683 681 2928 742 voluntas
2953 701 3134 748 nostra
3165 695 3296 750 nihil
3317 697 3444 768 agit,
3465 682 3574 756 sed
3659 721 3662 726 '

1989 761 2101 857 sola
2131 779 2238 820 non
2281 769 2498 825 sufficit.
2539 771 2720 829 Maluit
2761 786 2938 833 tamen
2989 782 3190 852 dicere,
3245 761 3482 857 Oramus,
3515 801 3576 848 ut
3657 781 3662 820 ⁷

1991 853 2160 924 ipsam
2215 859 2436 926 gratiam
2482 865 2881 922 commendaret
2923 887 2936 922 :
2971 879 3032 926 ut
3077 874 3431 947 intelligerent
3469 853 3571 948 illi,

1987 947 2202 1016 quando
2233 965 2338 1004 non
2359 951 2562 1007 faciunt
2586 957 2781 1026 aliquid
2809 962 2954 1026 mali,
2988 979 3093 1018 non
3123 967 3232 1022 sola
3259 985 3352 1024 sua
3383 947 3573 1026 volun?

1988 1047 2096 1140 tate
2121 1055 2180 1096 se
2201 1043 2367 1098 vitare
2395 1045 2617 1116 malum,
2643 1049 2738 1104 sed
2766 1051 3028 1121 adjutorio
3057 1057 3152 1112 Dei
3180 1057 3399 1129 implere
3425 1062 3568 1132 quod

1980 1139 2186 1197 jussum
2209 1139 2311 1186 est.

2055 1221 2110 1274 4.
2157 1219 2419 1294 Prtecepto
2465 1227 2675 1282 liberant
2713 1231 2993 1296 arbitrium,
3043 1237 3269 1292 oratione
3321 1241 3567 1297 uua-ilium

1983 1316 2162 1385 gratia:
2197 1322 2529 1373 necessarium
2559 1323 2854 1378 ostenditur.
2909 1325 3070 1397 Ergo,
3112 1329 3324 1398 fratres,
3355 1335 3568 1403 quando

1985 1407 2308 1475 praecipitur,
2349 1415 2620 1480 agnoscite
2657 1417 2944 1471 voluntatis
2986 1421 3262 1477 arbitrium
3309 1443 3321 1477 :
3355 1428 3568 1494 quando

1983 1509 2165 1553 oratur
2190 1502 2330 1570 quod
2363 1507 2684 1574 prtecipitur,
2718 1512 2988 1578 agnoscite
3017 1516 3198 1584 gratia:
3225 1517 3560 1574 beneficium.

1983 1588 2278 1661 Utrumque
2303 1595 2445 1648 enim
2479 1597 2529 1650 in
2581 1599 2867 1669 Scripturis
2896 1603 3060 1659 habes
3093 1623 3108 1658 :
3137 1616 3192 1660 et
3239 1610 3562 1679 praecipitur,

1982 1692 2034 1736 et
2057 1691 2272 1748 oratur;
2301 1689 2442 1755 quod
2477 1691 2810 1758 prtecipitnr,
2845 1693 2943 1748 hoc
2975 1705 3176 1751 oratur.
3208 1697 3396 1755 Videte
3425 1703 3566 1770 quod

1980 1771 2122 1829 dico.
2161 1775 2474 1846 Praecipitur
2509 1790 2562 1834 ut
2595 1781 2968 1852 intelligamus.
3002 1787 3280 1854 Quomodo
3323 1793 3566 1862 1)ιίεείρί-

1982 1871 2068 1916 ιιιι·
2097 1873 2154 1918 ιιι
2175 1865 2566 1936 intelligamus?
2599 1871 2774 1926 Nolite
2811 1892 2915 1928 esse
2947 1877 3074 1930 sicut
3103 1895 3256 1948 equus
3301 1891 3347 1934 et
3374 1884 3559 1950 mulus,

1979 1971 2080 2009 non
2111 1957 2346 2014 habentes
2372 1961 2682 2016 intellectum
2713 1965 2881 2032 (Psal.
2917 1985 3068 2034 xxxx,
3102 1971 3180 2042 9).
3206 1973 3413 2028 Audisti
3439 1978 3560 2046 quia

1973 2047 2182 2115 jussum
2209 2059 2288 2104 est
2313 2068 2326 2114 ;
2359 2062 2500 2122 pete,
2535 2066 2590 2108 ut
2621 2059 2791 2126 possis
2819 2061 3040 2129 implere
3069 2065 3208 2131 quod
3227 2065 3430 2134 jussum
3455 2077 3559 2122 εει.

1977 2141 2275 2209 Quomodo,
2309 2145 2502 2215 inquis,
2539 2151 2697 2216 peto?
2725 2150 2859 2205 Audi
2891 2152 3241 2223 Scripturam.
3288 2157 3424 2224 Quid
3467 2159 3562 2214 tibi

1972 2229 2180 2298 jussum
2209 2235 2330 2288 est?
2371 2235 2546 2290 Nolite
2573 2255 2680 2292 esse
2712 2241 2842 2294 sicut
2875 2259 3030 2312 equus
3056 2255 3102 2297 et
3129 2247 3314 2310 nmlus,
3344 2265 3442 2300 non
3465 2249 3562 2302 Ita—

1975 2319 2144 2377 bcutes
2163 2325 2486 2381 intellectum.
2516 2327 2647 2396 Quia
2670 2331 2874 2398 jussum
2897 2343 2998 2398 est,
3032 2338 3294 2405 agnovisli
3322 2340 3561 2393 volunta-

1978 2422 2082 2466 tem
2117 2431 2130 2466 :
2163 2415 2284 2470 audi
2312 2417 2432 2487 quia
2459 2429 2659 2486 oratur,
2691 2431 2747 2476 ut
2776 2438 3032 2494 agnoscas
3058 2428 3299 2495 gratiam.
3335 2429 3414 2482 Da
3435 2431 3562 2485 mihi

1975 2503 2306 2572 intellectum,
2347 2517 2402 2561 ut
2431 2509 2620 2564 discam
2647 2513 2889 2567 mandata
2917 2525 3004 2567 tua
3031 2515 3200 2588 (Psal.
3235 2535 3418 2585 cxvm,
3444 2523 3556 2592 75).

1973 2595 2188 2652 Jussum
2219 2608 2302 2653 est
2325 2609 2382 2654 ut
2405 2601 2695 2659 habeamus
2722 2607 3032 2673 sapientiam
3062 2628 3074 2662 :
3099 2610 3220 2678 quia
3246 2611 3450 2680 jussum
3478 2625 3562 2668 est

1975 2687 2112 2758 lego.
2149 2690 2246 2744 Ubi
2275 2691 2429 2762 legis,
2473 2694 2681 2764 inquit?
2719 2697 2912 2754 Audite
2945 2703 3096 2768 :‘Qui
3133 2705 3423 2775 insipientes
3444 2709 3560 2760 estis

1971 2781 2025 2832 in
2055 2783 2242 2850 papulo
2285 2792 2330 2835 et
2377 2783 2540 2850 stulti,
2579 2785 2852 2855 aliquando
2884 2793 3046 2862 sapite
3073 2791 3238 2866 (Psal.
3278 2813 3424 2862 xcut,
3477 2797 3554 2866 8).

1971 2869 2086 2924 Iam
2115 2871 2202 2926 ille
2243 2873 2370 2941 quid
2401 2873 2562 2930 dicit?
2597 2877 2760 2934 Vides
2799 2883 3068 2949 quomodo
3119 2886 3270 2940 nobis
3305 2890 3560 2956 praecepit

1977 2963 2116 3017 Deus
2142 2977 2198 3017 ut
2223 2967 2510 3036 sapiamus.
2545 2970 2686 3041 Ergo
2725 2974 2982 3042 sapientia
3011 2977 3060 3029 in
3089 2989 3266 3032 nostra
3293 2991 3371 3032 est
3403 2991 3556 3050 pote-

1971 3055 2148 3106 state?
2171 3054 2288 3107 .lam
2332 3057 2456 3122 dixi,
2505 3071 2828 3130 prmceplum
2863 3065 3063 3130 audivi,
3105 3069 3428 3123 voluntatem
3460 3087 3556 3125 co-

1969 3145 2124 3212 gnovi
2159 3163 2171 3200 :
2204 3147 2326 3201 audi
2361 3151 2679 3217 orationem,
2731 3163 2787 3208 ut
2824 3158 3044 3225 gratiam
3090 3167 3143 3212 tu
3201 3161 3372 3227 possis
3393 3177 3558 3230 agno-

1971 3247 2140 3288 scere.
2175 3236 2250 3290 De
2274 3239 2528 3306 sapientia
2551 3241 2726 3308 igitur,
2750 3249 3029 3314 qinejussa
3059 3257 3142 3302 est
3163 3251 3334 3315 nobis,
3365 3252 3551 3304 audia-

1973 3341 2089 3378 mus
2132 3327 2256 3395 quid
2304 3329 2445 3384 dicat
2489 3335 2762 3400 apostolus
2805 3336 3036 3391 lactibus
3074 3357 3086 3390 :
3127 3341 3190 3394 Si
3224 3342 3334 3410 quis
3391 3349 3570 3395 autem

1971 3424 2181 3469 vestrum
2211 3419 2400 3489 indiget
2423 3424 2690 3490 sapientia,
2726 3428 2942 3494 postulet
2963 3446 2993 3481 (ι
3016 3430 3144 3494 Deo,
3173 3433 3258 3500 qui
3284 3433 3370 3486 dat
3393 3437 3558 3488 omni—

1969 3505 2066 3558 bus
2087 3509 2358 3576 afﬂuenter
2388 3510 2586 3582 (Jacobi
2608 3531 2644 3580 ι,
2676 3515 2752 3586 5).
2784 3517 3008 3572 Jubctur
3032 3521 3184 3575 nobis
3205 3525 3552 3579 continentia.

1971 3595 2070 3650 Ubi
2117 3599 2371 3668 jubetur?
2419 3603 2706 3672 Apostolus
2746 3608 2812 3660 ad
2851 3609 3212 3676 Timotheum,
3261 3613 3469 3667 Contine
3509 3626 3556 3668 te

1969 3688 2137 3752 ipsum
2184 3690 2225 3762 (Ι
2277 3689 2411 3748 Tim.
2459 3709 2515 3758 v,
2565 3696 2678 3768 ε22).
2731 3699 2910 3754 Jussio
2942 3713 3042 3769 est,
3102 3708 3390 3777 prteceptio
3433 3719 3548 3773 est;

1971 3779 2289 3835 audiendum
2320 3795 2422 3850 cst,
2443 3784 2738 3844 faciendum
2769 3803 2848 3845 est
2880 3795 3007 3848 :scd
3034 3797 3136 3850 nisi
3163 3797 3300 3852 Deus
3319 3799 3552 3868 adjuvet,

1971 3887 2327 3930 remanemus.
2371 3877 2643 3934 Conamur
2688 3884 2899 3952 quidem
2928 3886 3105 3942 facere
3157 3891 3450 3958 voluntate,
3503 3901 3558 3947 ct

1975 3965 2164 4020 nititur
2186 3969 2386 4036 aliquid
2421 3972 2669 4027 voluntas
2700 3992 2712 4026 :
2737 3992 2839 4028 non
2863 3989 3148 4044 prtesumat
3178 3991 3428 4048 potestas,
3455 3985 3554 4039 nisi

1977 4055 2258 4124 adjuvetur
2285 4057 2584 4114 infirmitas.
2617 4063 2772 4117 Certe
2802 4067 2940 4118 enim
2965 4065 3170 4134 jussum
3202 4079 3282 4122 est
3307 4089 3318 4121 :
3347 4069 3556 4125 Contine

1971 4156 2018 4200 te
2047 4148 2230 4216 ipsum.
2279 4149 2416 4203 Audi
2446 4152 2604 4205 alium
2645 4153 2817 4206 locum
2845 4155 3129 4225 Scriptura:
3163 4177 3175 4212 :
3211 4159 3410 4213 Etcum
3454 4163 3552 4214 sci-

1969 4257 2095 4306 rem,
2125 4242 2316 4311 inquit,
2348 4243 2467 4312 quia
2493 4261 2638 4299 nemo
2663 4263 2771 4300 esse
2796 4259 2953 4318 potest
2983 4251 3262 4316 continens,
3294 4254 3390 4306 nisi
3416 4253 3556 4308 Deus

1971 4331 2054 4386 det
2075 4348 2096 4396 ;
2139 4343 2184 4386 et
2222 4335 2316 4388 hoc
2339 4335 2505 4405 ipsum
2535 4347 2640 4390 erat
2668 4340 2950 4407 sapientia',
2979 4343 3104 4394 scire
3133 4346 3275 4413 cujus
3312 4357 3437 4399 esset
3461 4348 3555 4400 hoc

1971 4427 2179 4480 donum.
2223 4429 2288 4482 Et
2317 4430 2464 4498 quid,
2510 4431 2695 4500 inquit,
2746 4431 2893 4487 feci?
2920 4434 3038 4487 Adii
3079 4434 3370 4502 Dominum,
3395 4449 3440 4492 et
3464 4441 3556 4494 de-

1971 4529 2201 4590 precatus
2247 4539 2358 4575 sum
2405 4522 2556 4593 (Sap.
2595 4541 2708 4588 vnt,
2766 4524 2879 4594 21).
2928 4527 3064 4594 Quid
3114 4544 3248 4598 opus
3273 4540 3355 4584 cst
3389 4533 3554 4586 multa

1972 4625 2313 4679 percurrere,
2349 4612 2536 4667 fratres
2569 4615 2711 4667 mei?
2756 4615 3022 4684 Quidquid
3077 4619 3232 4672 nobis
3275 4619 3491 4689 jnbclur
3513 4621 3556 4687 τ,

1971 4701 2228 4756 orandum
2270 4713 2352 4758 est
2377 4714 2434 4758 ut
2479 4704 2765 4774 impleatur
2798 4724 2810 4759 :
2845 4707 2938 4760 sed
2981 4723 3084 4762 non
3113 4709 3209 4775 sic,
3242 4720 3299 4764 ut
3324 4711 3558 4766 dimitta-

1973 4809 2091 4848 mus
2121 4809 2238 4861 nos,
2267 4803 2320 4849 et
2342 4796 2611 4866 quomodo
2633 4797 2757 4868 aegri
2781 4797 3058 4866 iaceamus
3101 4801 3294 4869 supini,
3325 4810 3378 4855 ct
3407 4802 3554 4856 dica-

1969 4901 2108 4950 mus,
2167 4885 2322 4941 Pluat
2372 4887 2512 4942 Deus
2569 4903 2719 4943 escas
2773 4903 2933 4958 super
2985 4892 3147 4946 facies
3202 4901 3444 4958 nostras;
3497 4901 3558 4948 ut

1969 4989 2188 5044 prorsus
2211 4991 2307 5030 nos
2337 4975 2465 5031 nihil
2494 4992 2650 5048 agere
2673 4979 2929 5044 velimus;
2955 4987 3141 5034 ctcum
3167 4996 3288 5035 esca
3315 4983 3553 5049 complu-

1970 5076 2022 5121 ta
2052 5067 2208 5122 fuerit
2227 5083 2387 5137 super
2415 5083 2476 5122 os
2499 5077 2760 5130 nostrum,
2793 5069 3031 5125 dicamus
3057 5073 3238 5135 etiam,
3272 5071 3412 5124 Deus
3439 5072 3554 5138 glu-

1971 5159 2064 5212 tiat
2093 5159 2158 5212 de
2185 5158 2356 5212 nobis.
2387 5159 2598 5228 Aliquid
2631 5167 2684 5213 et
2713 5175 2810 5215 nos
2842 5177 2999 5230 agere
3029 5160 3306 5224 debemus,
3336 5159 3552 5214 studere

1970 5250 2248 5317 debemus,
2279 5253 2460 5306 conari
2482 5252 2772 5318 debemus;
2803 5261 2856 5308 et
2885 5253 2938 5306 in
2960 5268 3023 5306 co
3060 5252 3256 5322 gratias
3287 5268 3465 5323 agerc,
3501 5255 3552 5308 in

1968 5359 2074 5413 quo
2102 5345 2460 5414 potuerimus;
2495 5345 2548 5398 in
2581 5359 2648 5400 eo
2677 5344 2818 5414 quod
2845 5359 2949 5398 non
2986 5345 3334 5412 potuerimus,
3367 5361 3544 5400 orare.

1967 5434 2190 5503 Quando
2229 5436 2426 5504 gratias
2469 5437 2581 5505 agis
2605 5477 2620 5502 ,
2651 5450 2808 5489 caves
2855 5449 2920 5489 ne
2964 5435 3235 5490 damneris
3273 5436 3550 5506 ingratus:

1967 5525 2182 5594 quando
2205 5535 2381 5581 autem
2405 5525 2548 5596 quod
2571 5525 2800 5582 nondum
2827 5527 2989 5583 hach
3010 5527 3168 5596 petis,
3193 5541 3352 5582 caves
3377 5541 3444 5580 ne
3469 5543 3553 5580 re-

2031 5677 2048 5707 ί
2068 5679 2408 5748 Germanensis
2429 5684 2530 5725 Ms:
2546 5673 2680 5748 paid
2701 5689 2820 5748 opus
2855 5682 2924 5746 est
2947 5675 3096 5746 multa
3119 5690 3435 5748 percurrere,
3448 5677 3558 5748 ιτα..

1967 5744 2062 5850 tres
2107 5737 2243 5850 iunci?
2269 5747 2322 5790 In
2345 5752 2400 5791 eo
2429 5738 2556 5802 quod
2577 5750 2670 5786 non
2689 5737 2994 5802 pbtuerimus,
3011 5737 3248 5804 quidquid
3266 5740 3396 5792 nobis
3411 5737 3554 5803 jube-

1989 5813 2072 5850 αι’.
2092 5811 2120 5848 e
2173 5831 2187 5848 .

2048 5831 2072 5859 θ
2092 5831 2187 5850 Ε...
