3996 6180
459 317 595 374 {725

455 469 676 510 maneas
713 454 904 518 inanis,
947 453 1068 522 quia
1095 450 1387 519 impediris.

528 544 580 598 5.
591 541 816 614 Objectio
829 541 1242 611 Pelagianorum.
1251 538 1748 609 Pelagiusquamodo
1761 539 2032 596 absolutus.

457 632 694 703 Cogitate
714 649 840 702 ergo
863 633 982 695 ista,
1016 630 1206 684 fratres
1235 629 1357 692 mei,
1387 630 1624 699 quisquis
1644 629 1710 684 ad
1736 647 1829 684 vos
1857 645 2041 685 acces—

457 729 610 792 serit,
631 727 895 781 etdiscrit
922 726 1068 779 vobis
1099 743 1111 778 :
1139 724 1273 790 Quid
1303 739 1428 793 ergo
1458 738 1554 778 nos
1580 723 1821 786 facimus,
1848 723 1893 778 si
1911 723 2040 778 nihil

456 815 714 871 habemus
736 816 788 868 in
819 823 1082 884 potestate
1111 814 1211 867 nisi
1239 815 1376 868 Deus
1399 813 1488 868 det
1523 814 1738 867 omnia?
1768 814 1908 881 Ergo
1936 827 2041 868 non

457 922 554 960 nos
589 906 863 960 coronabit
881 907 1040 973 Deus,
1072 906 1163 962 sed
1187 921 1246 961 se
1261 904 1554 960 coronabit.
1577 904 1694 959 1am
1712 904 1901 958 videtis
1921 906 2043 974 quia

453 995 521 1052 de
551 998 640 1051 illa
669 1012 800 1052 vena
857 998 1002 1050 venit
1049 1015 1062 1051 :
1107 1012 1241 1052 vena
1285 1005 1386 1060 est,
1415 995 1508 1050 sed
1549 1011 1814 1050 venenum
1848 995 2038 1061 habet;

451 1104 702 1158 percussa
725 1090 963 1143 estenim
992 1104 1021 1142 a
1049 1098 1313 1157 serpente,
1345 1103 1468 1142 sana
1495 1103 1597 1140 non
1629 1097 1726 1141 est.
1762 1087 1872 1142 lloe
1900 1087 2041 1142 enim

452 1180 561 1247 agit
585 1179 743 1234 hodie
767 1189 1003 1245 satanas,
1037 1179 1304 1249 quomodo
1334 1195 1426 1248 per
1448 1194 1650 1232 venena
1674 1180 2040 1232 beneﬁcorum

459 1271 636 1339 ejiciat
673 1271 738 1323 de
766 1271 1024 1334 Ecclesia,
1075 1271 1210 1324 sicut
1255 1277 1378 1323 ltltlc
1421 1285 1513 1338 per
1548 1284 1750 1324 venena
1779 1269 2041 1336 serpentis

460 1361 617 1429 ejecit
656 1361 723 1416 de
747 1361 1010 1429 paradiso.
1040 1360 1187 1413 Illum
1235 1374 1391 1413 nemo
1421 1360 1559 1413 dicat
1595 1359 1893 1412 absolutum
1921 1371 2041 1413 esse

455 1451 524 1504 ab
566 1451 826 1519 episcopis
851 1467 865 1502 :
889 1451 1127 1504 absoluta
1153 1457 1254 1512 est,
1283 1449 1377 1503 sed
1405 1448 1692 1513 confessio,
1743 1449 1890 1516 quasi
1919 1461 2040 1500 cor-

453 1543 622 1594 rectio
643 1541 750 1608 ipsa
773 1549 853 1594 est
877 1540 1134 1594 absoluta.
1161 1540 1291 1607 Quia
1317 1555 1377 1594 ea
1405 1555 1521 1609 qua:
1537 1539 1668 1593 dixit
1687 1547 1809 1593 ante
1833 1538 2040 1607 episco-

453 1643 573 1699 pos,
603 1630 859 1683 catholica
878 1629 1190 1684 videbantur
1221 1649 1234 1684 :
1273 1645 1390 1698 quae
1416 1638 1593 1684 autem
1637 1627 1850 1696 scripsit
1895 1629 1945 1682 in
1976 1625 2040 1683 li-

453 1720 565 1774 bris
596 1721 738 1784 suis,
784 1723 1018 1792 episcopi
1058 1721 1145 1791 qui
1175 1722 1552 1785 absolverunt,
1601 1721 1942 1786 nescierunt;
1987 1729 2042 1776 et

453 1810 668 1864 forsitan
696 1822 970 1866 correctus
996 1822 1095 1867 cst.
1130 1813 1421 1881 Desperare
1441 1813 1580 1866 enim
1599 1812 1664 1866 de
1684 1812 1900 1866 homine
1931 1828 2039 1866 non

457 1901 735 1966 debemus,
767 1902 856 1971 qui
887 1903 1021 1958 forte
1061 1902 1180 1956 fidei
1203 1901 1478 1957 CttlholiCtB
1507 1903 1720 1972 adjungi
1747 1917 1804 1957 se
1831 1903 2036 1969 maluit,

455 1998 506 2044 et
536 1990 600 2044 ad
629 1992 743 2060 ejus
778 1993 999 2060 gratiam
1048 1993 1405 2062 auxiliumque
1453 1993 1716 2062 confugit;
1745 1993 1879 2047 forte
1936 1992 2039 2048 hoc

454 2080 649 2134 factum
681 2084 748 2134 sit
784 2100 794 2132 :
828 2091 1001 2135 tamen
1042 2097 1146 2136 non
1173 2083 1389 2137 haeresis
1416 2093 1498 2138 est
1536 2084 1794 2145 absoluta,
1825 2082 2036 2138 sedbo-

452 2188 540 2224 mo
563 2172 805 2226 lucresim
837 2189 1054 2243 negans,
1082 2183 1186 2228 etc.

554 2286 798 2341 Sermone
819 2287 881 2340 de
911 2287 1155 2340 l’assione
1183 2285 1409 2350 Domini,
1435 2286 1487 2339 in
1536 2284 1841 2340 Collectione
1880 2284 2038 2339 Beda:

963 2386 1008 2430 et
1038 2377 1179 2430 Flori
1199 2376 1267 2430 ad
1293 2376 1442 2430 Rom.
1470 2392 1518 2430 ι’.

525 2489 585 2544 Si
610 2490 739 2544 enim
769 2507 881 2543 cum
925 2491 1111 2543 inimici
1137 2505 1370 2553 essemus,
1406 2488 1711 2541 reconciliati
1731 2503 1903 2541 sumus
1926 2485 2043 2540 Deo-

454 2597 542 2651 per
566 2592 776 2636 mortem
827 2581 948 2634 Filii
991 2580 1315 2646 eius;multo
1339 2579 1503 2648 magis
1547 2577 1878 2642 reconciliati,
1909 2577 2034 2630 salvi

451 2673 634 2727 erimus
677 2674 729 2727 in
780 2675 880 2726 vita
934 2673 1134 2742 ipsius(
1173 2672 1318 2724 Itoni.
1350 2686 1403 2735 v,
1431 2669 1496 2723 10
1530 2669 1569 2737 ).
1615 2669 1757 2739 Ergo
1785 2668 2043 2722 Christus-

452 2780 551 2834 pro
579 2765 752 2833 impiis
800 2774 1039 2817 mortuus
1073 2772 1173 2816 est.
1209 2762 1272 2814 lit
1307 2759 1554 2814 Christus
1581 2759 1718 2812 Deus
1756 2766 1856 2812 est.
1889 2759 2034 2825 Quo-

447 2857 610 2911 modo
640 2873 743 2910 non
771 2855 1011 2924 regnabit
1039 2855 1281 2907 iuventus
1305 2854 1356 2905 in
1389 2852 1493 2904 vita
1526 2850 1616 2904 Dei
1639 2850 1832 2918 justus,
1861 2865 2030 2917 quan-

449 2948 539 3011 do,
560 2963 625 3001 ne
645 2947 858 3016 periret,
884 2955 1051 3000 morte
1085 2945 1174 2999 Dei
1201 2943 1456 3013 quaesitus
1483 2953 1564 2995 est
1594 2939 1834 3008 impius?
1867 2939 1920 2992 lu
1951 2940 2029 2993 vi-

450 3050 502 3094 ta
521 3039 660 3093 enim
694 3039 783 3093 Dei
803 3038 931 3092 salvi
959 3038 1178 3098 erimus,
1220 3034 1340 3103 quia
1369 3035 1417 3084 in
1461 3033 1564 3084 vita
1593 3039 1775 3084 nostra
1801 3030 2033 3098 periera-

449 3144 586 3184 mus.
618 3129 722 3184 Sed
746 3145 864 3182 cum
897 3127 1147 3181 audimus
1175 3135 1228 3179 et
1249 3124 1407 3176 vitam
1439 3122 1533 3176 Dei
1571 3129 1625 3175 et
1653 3129 1879 3174 mortem
1914 3108 2030 3183 Dei,

449 3220 812 3275 discernamus
841 3217 988 3287 quid,
1014 3217 1153 3271 unde
1186 3215 1271 3269 sit.
1306 3213 1477 3267 Vitam
1508 3213 1706 3282 quippe
1729 3211 1906 3265 attulit
1932 3224 2029 3263 no—

448 3310 548 3374 bis,
581 3319 805 3364 mortem
857 3323 983 3363 vero
1029 3305 1232 3375 accepit
1270 3321 1299 3358 a
1347 3304 1498 3358 nobis
1533 3321 1544 3355 :
1579 3317 1678 3356 nec
1711 3311 1885 3356 tamen
1937 3314 2033 3369 pro

448 3415 550 3456 suo
576 3402 785 3465 merito,
815 3399 908 3454 sed
936 3413 1030 3468 pro
1061 3397 1231 3451 nobis.

449 3510 581 3567 Item
602 3529 664 3566 ea:
713 3511 957 3566 Sermone
980 3511 1042 3565 de
1072 3509 1318 3563 Passione
1350 3506 1570 3570 Domini,
1605 3504 1744 3559 Beda
1774 3512 1821 3557 et
1847 3502 2034 3558 Florus

1049 3599 1115 3651 ad
1140 3599 1288 3651 Rom.
1320 3613 1410 3650 xu.

531 3716 633 3782 Qui
651 3731 703 3770 se
723 3714 932 3777 exultat,
951 3709 1300 3764 lmmiliabitur
1320 3726 1339 3773 ;
1369 3717 1414 3761 et
1437 3707 1524 3776 qui
1544 3723 1596 3761 se
1615 3706 1864 3771 humiliat,
1887 3707 2032 3760 exal-

448 3806 672 3876 tabitur(
705 3804 829 3858 Luc.
849 3817 996 3865 xvtn,
1028 3801 1096 3855 M
1125 3800 1164 3870 ).
1193 3797 1424 3854 Proinde
1444 3813 1567 3851 eum
1594 3797 1880 3866 Apostolus
1926 3811 2024 3851 nos

449 3895 753 3961 admoneat,
771 3909 836 3949 ne
856 3895 1022 3948 simus
1047 3892 1150 3945 alta
1172 3889 1457 3960 sapientes,
1480 3888 1573 3943 sed
1595 3887 1883 3942 humilibus
1899 3903 2031 3942 con-

447 3988 738 4044 sentientes
772 3985 959 4057 (Rom.
1013 3999 1085 4038 xu
1111 4025 1125 4050 ,
1169 3984 1235 4036 16
1264 3982 1325 4051 );
1376 3979 1592 4050 cogitet,
1642 3979 1684 4032 si
1726 3975 1924 4047 potest,
1979 3978 2032 4032 in

445 4088 701 4148 quantum
739 4076 999 4145 superhize
1020 4072 1371 4144 praecipitium
1401 4069 1598 4125 feratur
1627 4068 1806 4131 homo,
1837 4068 1880 4121 si
1917 4083 2024 4122 non

446 4169 780 4224 consenserit
832 4167 1016 4221 humili
1054 4167 1201 4229 Deo;
1235 4171 1291 4218 et
1347 4179 1503 4232 quam
1558 4163 1628 4215 sit
1666 4160 2032 4230 perniciosum

447 4259 791 4328 impatienter
833 4257 1101 4309 hominem
1129 4255 1268 4310 ferre
1322 4252 1463 4322 quod
1494 4251 1721 4305 voluerit
1764 4250 2032 4306 Dominus

445 4352 640 4420 justus,
669 4349 713 4403 si
741 4349 1004 4418 patienter
1034 4345 1248 4416 pertulit
1269 4344 1408 4398 Deus
1431 4342 1573 4412 quod
1599 4341 1757 4396 voluit
1784 4340 2032 4395 inimicus

447 4438 698 4508 injustus.

485 4551 614 4606 Item
659 4567 723 4604 ex
773 4550 1014 4605 Sermone
1034 4547 1100 4602 de
1142 4544 1407 4610 Passione,
1436 4544 1576 4598 Beda
1619 4553 1666 4598 et
1713 4542 1756 4597 F
1761 4543 1898 4597 lorus
1930 4544 1997 4596 ad

1103 4637 1255 4692 Rom.
1282 4651 1379 4690 xv.

516 4737 629 4792 Rex
659 4747 786 4804 ergo
801 4731 1101 4788 Judzeorum
1125 4729 1387 4795 Christus,
1419 4728 1516 4794 sub
1532 4727 1682 4796 cujus
1701 4725 2026 4794 lenejugum

447 4829 606 4884 etiam
629 4825 828 4880 Gentes
855 4824 1033 4877 missa:
1059 4829 1181 4874 sunt
1226 4821 1276 4873 in
1302 4819 1523 4873 salutem
1550 4834 1563 4881 ;
1596 4817 1717 4886 quia
1753 4815 1832 4870 eis
1864 4817 2032 4870 mise-

445 4919 674 4974 ricordia
716 4917 915 4984 majore
963 4927 1277 4968 concessum
1325 4919 1426 4965 est.
1482 4910 1593 4963 lloc
1622 4909 1857 4976 apertius
1910 4907 2025 4976 ipse

444 5008 680 5063 ostendit
719 5004 1023 5074 Apostolus,
1051 5003 1140 5056 ubi
1164 5003 1257 5065 ait,
1289 4994 1419 5053 Dico
1447 5001 1576 5052 enim
1606 4999 1860 5052 Christum
1889 4999 2028 5068 fuis-

445 5116 497 5153 se
539 5097 821 5150 ministrum
865 5092 1254 5146 circumcisionis
1283 5100 1488 5161 promer
1532 5090 1790 5142 veritatem
1818 5089 1931 5153 Dei,
1963 5089 2034 5142 ad

445 5185 819 5257 conﬁrmandus
848 5183 1200 5254 promissiones
1252 5180 1506 5245 Patrum;
1545 5178 1725 5234 Gentes
1752 5189 1918 5232 autem
1940 5197 2034 5232 su-

447 5297 534 5348 per
558 5276 900 5331 misericordia
924 5273 1210 5345 gloriﬁcare
1233 5271 1394 5325 Deum
1419 5271 1531 5335 (Id.
1565 5286 1657 5337 xv,
1690 5270 1723 5325 8
1745 5278 1788 5324 et
1812 5270 1891 5340 9).
1921 5269 2025 5324 Ne-

445 5386 548 5440 que
574 5371 716 5425 enim
738 5367 971 5421 debitum
998 5374 1112 5420 erat.
1130 5380 1319 5433 panem
1348 5363 1573 5415 filiortuu
1591 5362 1791 5425 tollere,
1824 5370 1880 5414 et
1899 5361 2027 5414 mit-

447 5471 560 5517 tere
585 5460 825 5524 canibus,
853 5457 953 5511 nisi
999 5471 1158 5510 canes
1187 5453 1444 5507 humiliati
1471 5451 1532 5504 ad
1557 5451 1879 5520 colligendas
1927 5450 2029 5504 mi—

445 5569 556 5617 cas,
584 5569 716 5623 quas
733 5551 801 5606 de
822 5563 1002 5603 mensa
1025 5545 1362 5599 dominorum
1388 5543 1578 5599 cadere
1606 5550 1908 5604 cernerent,
1933 5557 2030 5610 per

452 5645 623 5713 ipsam
656 5641 1005 5695 humilitatem
1049 5635 1267 5691 exaltati
1307 5642 1465 5703 atque
1507 5632 1748 5689 homines
1774 5631 1924 5698 facti,
1959 5631 2025 5685 ad

449 5737 616 5804 ipsam
640 5746 880 5787 mensam
906 5737 1240 5785 mererentur
1257 5723 1532 5781 accedere.

1692 308 1748 365 S.
1789 310 2153 368 AUGUSTINI
2193 313 2498 375 EPISCOPI

3600 339 3732 396 ΠΒ

2189 427 2319 483 Item
2358 448 2418 485 ea:
2467 433 2711 491 Sermone
2742 437 2803 491 de
2849 437 3114 512 Passione,
3166 441 3306 499 Beda
3344 455 3392 501 et
3423 445 3610 504 Florus
3634 454 3701 507 ad

2812 526 2980 583 Galat.
3015 547 3089 587 Vt.

2221 608 2522 666 Gloriemur
2547 629 2673 684 ergo
2697 625 2750 670 et
2780 633 2876 672 nos
2905 620 2955 672 in
2976 635 3134 676 cruce
3167 623 3373 680 Domini
3404 631 3572 683 nostri
3601 631 3730 688 Iesu

2148 702 2368 768 Christi,
2405 721 2497 773 per
2525 723 2682 774 quem
2712 709 2864 763 nobis
2891 713 3142 779 mundus,
3168 724 3222 769 et
3262 732 3357 772 nos
3388 721 3586 775 mundo
3609 741 3732 778 cru—

2150 793 2425 860 ciligamur
2450 795 2656 864 (Galat.
2685 814 2756 861 γι,
2790 800 2856 854 l-l
2877 801 2914 870 ).
2949 802 3021 856 De
3049 819 3150 872 qua
3178 821 3336 861 cruce
3362 818 3418 862 ut
3460 827 3562 864 non
3604 829 3730 866 eru-

2150 882 2512 948 besceremus,
2545 903 2661 940 eam
2708 889 2760 942 in
2789 889 2900 958 ipsa
2926 891 3122 960 fronte,
3160 895 3259 950 hoc
3287 909 3388 965 est,
3431 899 3481 954 in
3510 903 3731 972 pudoris

2149 971 2418 1027 domicilio
2447 976 2852 1033 collocavimus.

2184 1061 2314 1117 Item
2362 1082 2424 1120 ea:
2476 1067 2721 1124 Sermone
2766 1070 2827 1124 de
2856 1071 3118 1139 Passione,
3152 1075 3292 1131 Beda
3321 1089 3364 1132 et
3397 1080 3583 1138 Florus
3627 1087 3696 1139 ad

2359 1229 2368 1235 _
2786 1163 2978 1234 Ep/tes.
3007 1182 3083 1220 Iv.

2217 1248 2398 1320 Neque
2419 1251 2583 1317 enim,
2632 1263 2690 1308 ut
2726 1258 2964 1310 nm'mulli
2995 1267 3200 1329 putant,
3246 1271 3400 1318 vetus
3427 1264 3586 1322 homo
3610 1284 3732 1324 cor-

2146 1357 2246 1412 pus
2271 1350 2370 1407 est,
2405 1351 2458 1398 et
2491 1360 2658 1400 novus
2691 1348 2848 1401 homo
2873 1350 3081 1406 anima:
3114 1352 3210 1406 sed
3247 1369 3461 1425 corpus,
3491 1361 3731 1418 exterior

2146 1433 2306 1488 homo
2333 1445 2416 1490 est
2441 1454 2454 1494 ι
2483 1438 2682 1505 anima,
2713 1441 2954 1496 interior.
3006 1442 3063 1497 la
3110 1446 3364 1502 interiore
3391 1451 3564 1519 agitur
3613 1453 3730 1510 haec

2145 1537 2378 1581 vctus'as
2399 1537 2452 1582 et
2499 1530 2724 1585 novitas.
2775 1532 2907 1586 Cum
2957 1535 3098 1588 enini
3152 1536 3440 1604 Apostolus
3497 1540 3726 1610 diceret,

2144 1615 2330 1670 Exuite
2361 1634 2442 1673 vos
2462 1630 2670 1674 veterem
2723 1621 2994 1688 hominem,
3037 1638 3082 1678 et
3135 1627 3334 1682 induite
3367 1646 3590 1695 novum;
3619 1649 3726 1688 non

2145 1707 2244 1761 hoc
2275 1709 2513 1777 jubebat,
2546 1721 2601 1765 ut
2625 1728 2817 1782 corpus
2845 1715 3222 1785 deponeretur,
3270 1721 3363 1774 sed
3418 1731 3474 1776 ut
3525 1725 3629 1778 vita
3669 1727 3724 1780 in

2143 1800 2333 1853 melius
2351 1810 2660 1856 mutaretur.
2687 1803 2796 1857 Hoc
2809 1804 3034 1874 denique
3055 1820 3445 1878 consequenter
3466 1812 3681 1868 edocuit
3706 1832 3724 1879 ;

2143 1905 2263 1942 nam
2285 1891 2467 1945 volens
2488 1892 2610 1961 quid
2631 1893 2821 1948 dixerit
2837 1897 3144 1963 explanare,
3168 1898 3509 1969 Quapmpter,
3530 1903 3722 1972 inquit,

2143 1980 2441 2050 deponentes
2471 1983 2807 2046 mendacium,
2838 1985 3098 2054 loquimini
3146 1990 3398 2042 veritatem
3450 1993 3724 2060 unusquis-

2141 2086 2237 2137 que
2257 2087 2368 2123 cum
2396 2071 2623 2140 proximo
2649 2089 2740 2126 suo
2763 2072 2781 2144 (
2801 2072 2990 2142 Epltes.
3013 2091 3084 2139 tv,
3113 2075 3279 2131 (ΕΞ-⁸25
3307 2078 3353 2149 ).

2144 2158 2226 2212 Ea:
2248 2159 2492 2215 Sermone
2511 2163 2572 2215 de
2596 2161 2976 2225 Resurrectione
3013 2163 3239 2234 Domini,
3266 2167 3401 2222 Beda
3439 2178 3486 2223 et
3532 2169 3728 2226 Florus

2744 2256 2813 2309 ad.
2839 2256 2988 2311 Rom.
3016 2275 3085 2312 γι.

2216 2344 2363 2412 Quod
2383 2347 2511 2398 enim
2539 2355 2762 2400 mortuus
2789 2359 2880 2412 est,
2928 2361 3129 2417 peccato
3159 2362 3384 2406 mortuus
3412 2364 3483 2408 est
3525 2357 3676 2409 smwl
3703 2372 3724 2419 ;

2139 2436 2276 2504 quod
2293 2445 2456 2488 autem
2479 2438 2613 2500 vivit,
2638 2439 2681 2490 vi
2687 2439 2751 2491 rit
2777 2438 2992 2493 Detha
3017 2450 3061 2494 et
3085 2458 3169 2495 vos
3188 2445 3463 2497 existimate
3483 2463 3565 2499 vos
3583 2464 3724 2499 mor-

2141 2535 2252 2579 tuos
2279 2528 2479 2597 quidem
2500 2544 2603 2582 esse
2627 2541 2849 2599 peccato,
2882 2533 3095 2585 viventes
3141 2543 3310 2588 autem
3340 2535 3448 2589 Deo
3470 2538 3521 2590 in
3563 2538 3717 2590 Chri-

2139 2624 2214 2668 sto
2234 2615 2376 2670 Jesu.
2405 2617 2516 2672 lloc
2540 2628 2621 2672 est
2674 2631 3083 2686 sacramentum,
3114 2624 3164 2676 in
3193 2640 3300 2694 quo
3327 2626 3379 2679 hi
3419 2628 3506 2696 qui
3544 2628 3723 2696 bapti-

2140 2713 2346 2770 zantur,
2401 2707 2525 2761 vita:
2573 2712 2768 2763 veteris
2813 2714 3154 2782 experiuntur
3184 2730 3456 2780 occasum,
3485 2727 3537 2770 et
3567 2734 3722 2774 novae

2138 2797 2484 2852 exordiuntur
2511 2799 2825 2870 ingressum.
2854 2802 3004 2858 Unde
3049 2805 3190 2861 idem
3217 2807 3346 2861 dicit
3372 2824 3385 2861 :
3417 2807 3717 2877 Consepnlti

2139 2903 2254 2956 ergo
2298 2889 2373 2942 illi
2416 2907 2591 2944 sumus
2621 2909 2708 2960 per
2729 2891 3043 2963 Baptismum
3063 2897 3112 2949 in
3141 2909 3382 2963 mortem;
3409 2909 3462 2952 ut
3482 2901 3722 2968 quemad-

2139 2980 2346 3032 modum
2375 2984 2642 3046 resurrexit
2674 2983 2900 3039 Christus
2918 3003 2946 3038 a
2973 2988 3200 3052 mortuis,
3223 2989 3294 3042 sic
3311 2997 3356 3041 ct
3375 3007 3465 3042 nos
3494 2991 3545 3042 in
3575 2992 3722 3044 novi-

2139 3079 2238 3122 tate
2267 3071 2380 3124 vitw
2407 3073 2755 3146 ambulemus(
2784 3077 2932 3129 Rom.
2984 3094 3059 3143 vt,
3090 3079 3178 3142 10,
3229 3081 3314 3146 ll,
3358 3081 3391 3134 4
3417 3079 3461 3151 ).
3495 3081 3593 3135 Per
3617 3081 3723 3138 hoc

2138 3171 2526 3215 sacramentum
2577 3179 2925 3232 agnoscamus
2980 3183 3076 3222 1108
3118 3177 3173 3223 et
3215 3180 3430 3238 peccato
3483 3182 3725 3230 mortuos

2139 3264 2256 3303 esse
2282 3265 2400 3304 cum
2422 3251 2656 3316 Christo,
2683 3263 2735 3307 et
2757 3256 2974 3324 justitire
2993 3259 3168 3314 vivere
3189 3260 3240 3314 iu
3268 3261 3567 3316 Christo.lu
3595 3279 3718 3319 eru-

2138 3355 2199 3392 ce
2220 3339 2371 3394 dolor
2391 3350 2472 3395 est
2499 3342 2867 3400 confessorum
2901 3366 2914 3401 :
2955 3348 3004 3402 in
3034 3351 3300 3418 sepultura
3323 3352 3531 3423 requies
3555 3355 3716 3410 abso-

2139 3427 2369 3483 lutorum
2399 3447 2413 3486 :
2443 3432 2493 3485 in
2515 3437 2906 3492 resurrectione
2932 3439 3036 3493 vita
3065 3439 3351 3509 justorum.

2139 3517 2223 3573 Ea:
2252 3520 2498 3576 Sermone
2521 3535 2811 3580 octavarum
2834 3528 3067 3596 I’ascltw,
3091 3533 3217 3585 inter
3231 3531 3546 3590 Collectanea
3563 3537 3724 3592 Joan-

2303 3613 2384 3667 nis
2406 3615 2605 3669 diaconi
2628 3617 2681 3669 in
2709 3616 2938 3672 Cenes-im
2961 3623 3182 3674 nondum
3204 3623 3407 3694 vulgata
3434 3626 3528 3697 (a).

2495 3705 2628 3760 Gen.
2661 3724 2776 3776 cap.
2805 3725 2843 3770 ι,
2867 3711 2899 3777 ᾖ
2925 3750 2937 3762 .
2959 3712 3010 3765 5.
3038 3711 3148 3766 Lux
3182 3713 3339 3769 facta.

2214 3795 2264 3849 l.
2314 3795 2551 3866 Dixitque
2589 3797 2744 3864 Deus,
2792 3797 2913 3852 Fiat
2957 3801 3158 3866 ιαμβι
3195 3806 3331 3874 facta
3361 3818 3431 3862 est
3461 3809 3571 3876 lux,
3611 3820 3720 3866 etc.

2139 3887 2294 3944 Lucis
2320 3890 2533 3944 nomine
2556 3905 2649 3958 per
2669 3892 2971 3961 allegoriam
2999 3909 3186 3951 onmes
3209 3897 3384 3966 justos
3411 3910 3570 3972 atque
3591 3902 3726 3959 fide-

2141 3983 2216 4036 les
2242 3982 2532 4051 appellatos
2557 3984 2916 4053 intelligimus,
2940 3986 3074 4040 sicut
3094 3988 3524 4059 dicitApostolus
3552 4010 3566 4057 ;
3603 3994 3726 4049 Fui-

2139 4079 2227 4130 stis
2283 4076 2559 4146 aliquando
2607 4080 2840 4143 tenebrat,
2891 4095 3023 4132 nunc
3062 4089 3226 4133 autent
3273 4083 3363 4135 lux
3402 4083 3456 4135 in
3501 4083 3725 4140 Domino

2140 4167 2368 4238 (Ephes.
2420 4184 2474 4234 ν,
2525 4167 2558 4222 8
2587 4168 2626 4237 ).
2665 4168 2772 4222 Sed
2801 4169 2890 4222 lux
2920 4169 3018 4223 ista
3049 4168 3186 4225 facta
3223 4181 3306 4226 est
3337 4188 3350 4226 ;
3380 4172 3501 4226 Erat
3540 4186 3721 4232 autem

2139 4258 2305 4310 lumen
2331 4274 2519 4322 verum,
2548 4258 2682 4327 quod
2710 4259 2967 4313 illuminat
2996 4276 3192 4314 onmem
3232 4262 3484 4317 hominem
3520 4267 3720 4320 venien-

2142 4357 2240 4401 tem
2281 4349 2332 4402 in
2358 4349 2492 4402 hunc
2520 4348 2763 4402 mundum
2793 4351 2808 4417 (
2835 4349 2994 4404 Joan.
3037 4367 3074 4418 ι,
3103 4352 3135 4408 9
3169 4352 3210 4423 ),
3244 4353 3384 4423 quod
3409 4371 3513 4410 non
3543 4365 3625 4410 est
3647 4358 3720 4410 fa-

2140 4449 2306 4505 ctutn,
2339 4440 2431 4494 sed
2461 4451 2639 4493 natum
2657 4440 2723 4494 de
2751 4441 2878 4496 Deo.
2916 4443 3032 4497 Lux
3075 4444 3160 4496 illa
3210 4461 3312 4499 non
3365 4446 3629 4513 estfacta,
3667 4459 3717 4504 el

2143 4545 2237 4598 per
2263 4546 2365 4583 non
2393 4530 2584 4583 factam
2604 4529 2740 4584 facta
2767 4541 2848 4585 est
2870 4533 2989 4586 ista.
3043 4534 3134 4588 Sic
3181 4544 3236 4590 et
3283 4537 3717 4595 firmamentum:

2141 4621 2407 4690 quomodo
2430 4638 2457 4673 a
2489 4622 2695 4675 lucente
2727 4623 2835 4676 Deo
2861 4621 2996 4676 faeta
3019 4634 3100 4678 est
3127 4625 3235 4689 lux,
3265 4627 3341 4681 sic
3371 4643 3399 4679 a
3430 4627 3584 4682 firmo
3612 4630 3728 4685 Deo

2141 4712 2335 4765 factum
2362 4721 2447 4765 est
2478 4710 2885 4766 firmamentum.
2912 4713 2978 4768 Et
2999 4715 3297 4770 invenimus
3328 4716 3724 4775 firmamentum

2143 4803 2198 4857 in
2225 4804 2458 4858 Ecclesia
2481 4813 2725 4873 oportere
2747 4801 2966 4876 intelligi
3004 4809 3372 4864 auctoritatem
3417 4810 3725 4869 divinarum

2140 4895 2528 4963 Scripturarum
2552 4913 2565 4948 :
2588 4905 2640 4950 et
2662 4896 2779 4949 ideo
2800 4897 2942 4965 prius
2959 4898 3066 4963 lux,
3091 4909 3269 4968 postea
3290 4901 3678 4957 firmamentum
3704 4923 3722 4970 ;

2140 4988 2263 5054 quia
2295 4986 2567 5054 Scriptura
2623 5001 2717 5054 per
2750 4989 2992 5043 homines
3033 4990 3206 5060 justos
3236 4992 3374 5047 facta
3403 5005 3503 5057 est,
3536 5005 3586 5050 et
3619 4997 3723 5052 nisi

2140 5075 2734 5144 priusjustificarentur,
2761 5086 2819 5131 ut
2860 5079 2945 5132 lux
2979 5090 3182 5146 essent,
3212 5083 3484 5153 Scriptura
3528 5102 3726 5157 prepa-

2139 5168 2249 5237 gari
2304 5183 2409 5222 non
2461 5177 2658 5236 posset,
2689 5177 2744 5222 ut
2772 5169 3163 5226 firmamentum
3200 5175 3352 5228 fieret
3389 5177 3532 5230 inter
3557 5193 3725 5246 aquas

2140 5267 2197 5312 et
2222 5274 2408 5328 aquas,
2440 5259 2670 5313 medium
2703 5260 2841 5313 inter
2871 5263 3094 5331 populos
3142 5264 3416 5320 hominum
3445 5267 3726 5324 inferiores

2141 5359 2193 5403 et
2223 5351 2445 5419 populos
2475 5351 2799 5420 Angelorum
2830 5355 3152 5421 superiores.
3193 5356 3409 5424 Quare?
3452 5358 3584 5427 Quia
3618 5362 3725 5414 An-

2139 5439 2241 5509 geli
2271 5455 2374 5494 non
2404 5440 2710 5496 desiderant
2736 5442 2802 5498 de
2827 5443 3115 5512 Scripturis
3160 5446 3438 5516 proﬁcere,
3467 5448 3588 5504 ideo
3615 5465 3726 5506 non

2140 5539 2264 5584 sunt
2291 5531 2391 5585 sub
2412 5530 2764 5599 ﬁrmamento,
2815 5534 2914 5589 sub
2941 5536 3255 5592 auctoritate
3298 5537 3720 5606 Scripturarum;

2141 5621 2261 5690 quia
2289 5621 2362 5675 illi
2385 5623 2615 5692 speciem
2641 5623 2932 5681 divinitatis
2973 5636 3026 5681 et
3053 5628 3329 5697 sapientiae
3351 5631 3718 5703 contemplan—

2206 5733 2276 5795 (α)
2310 5733 2485 5784 Citaqu
2511 5737 2654 5785 etiam
2678 5749 2705 5785 a
2723 5737 2845 5788 Beda
2867 5739 3077 5790 nondum
3100 5740 3368 5807 vulgatoad
3392 5751 3427 5796 ll
3445 5742 3568 5798 Tim.
3591 5757 3664 5799 nt.
