4036 6188
287 369 438 431 1725

285 495 400 538 tur.
445 481 558 536 Nos
593 487 772 536 autem
801 481 988 538 merito
1017 481 1120 536 sub
1145 481 1486 536 ﬁrmamento
1513 496 1722 548 sumus,
1751 482 1874 552 qui-

285 574 394 628 bus
424 573 667 628 voluntas
699 571 794 626 Dei
821 585 916 640 per
942 573 1310 626 auctoritatem
1334 571 1728 642 Scripturarum
1753 589 1878 640 ape-

285 674 450 730 ritur,
473 671 582 718 etc.

673 751 822 806 Mare
847 761 894 806 et
922 754 1086 806 arida.
1118 753 1288 828 Herba
1309 753 1504 822 pabuli.

361 844 416 898 2.
439 844 694 898 Videmus
711 853 930 910 terram,
949 843 1190 899 videmus
1207 860 1352 898 mare
1375 861 1390 908 ;
1417 859 1578 913 Opera
1599 844 1696 898 Dei
1721 851 1874 898 sunt:

291 935 396 988 ista
424 935 704 1002 subjacent
721 935 890 990 oculis
925 935 1141 998 nostris,
1175 935 1262 988 illa
1291 934 1568 1002 subjaccnt
1595 934 1878 988 intellecti-

291 1023 394 1078 bus
423 1023 622 1078 nostris
647 1040 660 1078 :
689 1023 790 1076 ista
833 1035 958 1077 nota
987 1033 1110 1076 sunt
1143 1025 1288 1077 carni
1339 1035 1555 1089 nostrae,
1609 1023 1696 1078 illa
1751 1031 1874 1078 nota

295 1123 418 1168 sunt
460 1115 624 1168 menti
663 1124 878 1170 nostrae.
903 1115 1040 1180 Quid
1084 1129 1166 1170 εει
1189 1115 1334 1170 arida
1365 1116 1416 1170 in
1444 1115 1680 1170 Ecclesia
1705 1115 1728 1168 ?
1759 1116 1880 1170 Ari«

295 1207 356 1264 ila
385 1215 606 1266 vocatur
645 1206 820 1260 omnis
869 1207 1044 1260 anima
1098 1207 1284 1282 sitiens
1338 1208 1526 1262 Deum.
1571 1207 1871 1276 Segregata)

293 1305 418 1348 sunt
443 1296 586 1350 enim
603 1311 776 1365 aqum,
801 1306 854 1350 ει.
877 1283 1310 1366 θρρτιιιιὶιέιιὶιιιι.
1341 1297 1484 1352 Mare
1504 1297 1604 1352 hoc
1621 1299 1877 1354 surculum

291 1395 396 1450 est,
425 1396 480 1438 et
499 1387 620 1440 mali
639 1403 790 1454 aqua:
811 1397 1140 1440 suutamarze
1165 1404 1180 1453 ;
1212 1398 1504 1458 segregata:
1521 1398 1644 1444 sunt
1671 1399 1724 1444 et
1749 1405 1882 1446 cou-

289 1492 524 1552 gregatae
551 1484 600 1536 in
643 1484 1052 1554 congregatione
1082 1499 1206 1548 una,
1235 1483 1286 1538 id
1333 1493 1435 1551 est,
1491 1484 1880 1552 prmdestinatte

289 1576 358 1628 ad
389 1591 554 1628 unum
583 1575 764 1642 linem,
810 1591 914 1645 quo
943 1577 1122 1646 dirigit
1177 1577 1320 1630 Deus
1346 1591 1532 1632 omnes
1561 1591 1696 1646 quos
1724 1593 1878 1646 sepa-

289 1675 432 1720 rata
459 1667 677 1720 sanctis.
723 1667 952 1735 Separat
994 1677 1170 1722 autem
1199 1667 1374 1730 Deus;
1399 1683 1520 1720 nam
1571 1667 1730 1720 homo
1773 1683 1876 1722 non

295 1767 472 1828 potest
495 1759 594 1811 ista
624 1773 874 1826 separare
903 1775 918 1810 :
951 1767 1004 1812 et
1027 1767 1246 1827 apparet
1283 1759 1430 1812 arida
1459 1774 1556 1827 per
1583 1760 1879 1828 separatio-

291 1867 442 1906 nem.
473 1851 616 1906 Duos
647 1853 888 1908 homines
915 1868 1052 1922 pone
1079 1855 1270 1918 simul;
1299 1869 1436 1909 unus
1473 1854 1740 1910 desiderat
1757 1869 1882 1923 spe-

291 1943 583 2006 ctacnlum,
629 1941 764 1996 alter
813 1943 1114 1998 ecclesiam.
1141 1944 1318 1998 Juucti
1345 1959 1592 2014 corpore,
1623 1959 1878 2012 separau-

292 2043 378 2088 tur
421 2033 726 2090 desideriis.
779 2033 872 2090 ille
899 2037 1126 2104 pertinet
1157 2037 1222 2090 ad
1271 2051 1460 2106 aquam
1491 2051 1746 2102 amaram,
1792 2035 1878 2090 lIic

289 2135 514 2193 apparet
542 2124 708 2178 arida.
742 2124 892 2180 Unde
919 2126 1204 2194 probamus
1223 2127 1342 2196 quia
1365 2125 1510 2180 arida
1539 2135 1624 2181 est
1647 2127 1744 2180 ista
1773 2135 1879 2180 ter-

293 2231 370 2278 ra.
397 2231 520 2284 qum
546 2215 808 2282 significat
857 2215 1100 2272 homines
1127 2217 1264 2270 bona
1291 2216 1698 2270 desiderantes?
1730 2217 1872 2270 Dixit

293 2307 538 2362 Psalmus
579 2307 692 2362 Deo
725 2325 736 2360 :
785 2308 968 2360 Anima
993 2323 1104 2362 mea
1131 2310 1257 2362 sicut
1280 2317 1412 2362 terra
1464 2309 1574 2362 sine
1615 2325 1748 2370 aqua
1785 2307 1874 2360 tibi

295 2396 314 2465 (
343 2395 490 2452 Psal.
516 2413 682 2462 chu,
714 2397 748 2452 6
773 2399 810 2464 ),
830 2399 1004 2452 anima
1034 2415 1148 2454 mea
1169 2399 1300 2452 sitiit
1327 2407 1394 2452 te.
1421 2399 1562 2462 Sitit,
1589 2397 1734 2450 arida
1757 2406 1876 2450 est:

293 2498 566 2558 segregata
595 2499 676 2542 est
706 2489 774 2544 ab
793 2491 946 2558 aquis
963 2490 1146 2542 maris.
1175 2489 1288 2544 Non
1320 2489 1558 2542 attendat
1583 2489 1704 2556 quia
1745 2503 1880 2540 non-

293 2579 414 2634 dum
465 2595 694 2649 corpore
749 2591 1022 2649 segregata
1050 2589 1178 2636 est:
1221 2581 1328 2648 jam
1380 2581 1704 2634 desiderium
1749 2579 1880 2632 fecit

291 2672 738 2739 segregationem.
773 2673 870 2725 Alii
897 2671 1208 2726 desiderant
1239 2673 1424 2732 Deum.
1457 2671 1874 2726 aliidesiderant

293 2762 568 2814 saeculum.
599 2763 734 2828 Quid
779 2777 906 2830 ergo
947 2763 1060 2816 sitit
1105 2763 1294 2816 arida?
1324 2761 1552 2818 lmbrem
1599 2763 1666 2818 de
1715 2763 1876 2827 cmlo,

290 2852 516 2906 imbrem
547 2851 616 2906 de
664 2853 914 2918 nubibus,
943 2853 1164 2907 imbrem
1215 2853 1282 2908 de
1311 2853 1616 2921 Scripturis,
1651 2854 1874 2907 imbrem

289 2940 354 2996 de
377 2943 740 2996 ﬁrmamento.
763 2942 892 2996 Cum
915 2951 1092 2998 autem
1105 2943 1374 2998 desiderat
1399 2944 1640 3006 imbrem,
1668 2943 1876 2999 dulcem

289 3043 480 3101 aquam
533 3032 822 3094 desiderat,
878 3043 1178 3102 separatam
1229 3034 1296 3088 ab
1341 3049 1476 3104 aqua
1527 3049 1729 3088 amara.
1771 3034 1878 3090 Sed

289 3123 432 3178 Deus
473 3125 620 3178 novit
669 3124 792 3192 quia
846 3123 1114 3178 desiderat
1156 3125 1302 3178 arida
1339 3142 1350 3176 :
1383 3125 1512 3178 latet
1558 3125 1698 3180 enim
1726 3134 1780 3180 et
1821 3126 1874 3179 in

287 3212 500 3268 occulto
517 3221 618 3266 est.
641 3213 914 3266 Desideria
943 3215 1124 3278 maris,
1157 3213 1208 3266 id
1234 3221 1336 3278 est,
1357 3213 1622 3269 desideria
1652 3215 1876 3268 szecula-

287 3303 364 3358 ria
409 3313 696 3373 apparent.
746 3303 804 3360 Si
831 3305 950 3372 quis
995 3305 1262 3358 desiderat
1305 3307 1602 3374 pectmiam,
1631 3315 1876 3360 movetur

287 3394 350 3448 ad
373 3395 547 3463 ipsam
593 3395 896 3464 pecuniam,
919 3396 1032 3450 vult
1079 3396 1222 3450 illam
1251 3396 1530 3464 acquirere
1557 3415 1572 3462 ;
1600 3397 1720 3466 quia
1748 3395 1874 3450 visi—

287 3486 514 3542 bilisres
541 3495 622 3540 est
647 3487 892 3556 pecunia,
953 3496 1172 3556 apparet
1219 3487 1544 3542 desiderium
1596 3489 1732 3556 ejus.
1767 3487 1868 3553 Qui

291 3588 462 3632 autem
493 3577 764 3632 desiderat
795 3579 980 3644 Deum,
1005 3580 1134 3634 latet
1165 3579 1485 3634 desiderium
1517 3581 1720 3648 ipsius;
1749 3581 1870 3649 quia

291 3669 412 3724 latet
429 3669 596 3731 Deus,
623 3684 780 3738 quem
805 3669 1070 3724 desiderat
1099 3688 1112 3724 :
1143 3671 1284 3726 intus
1307 3679 1412 3736 est,
1435 3671 1640 3725 occulta
1661 3686 1748 3724 res
1771 3661 1872 3724 est.

291 3759 406 3816 Sitit
433 3761 678 3830 quidem,
709 3771 762 3816 et
802 3763 946 3818 arida
985 3773 1102 3828 est;
1151 3763 1244 3818 sed
1293 3773 1512 3833 apparet
1563 3763 1730 3828 oculis
1759 3763 1870 3817 Dei.

291 3851 352 3906 Et
383 3867 496 3906 non
529 3852 874 3919 prattermisit
922 3852 1184 3918 fructum;
1215 3855 1392 3906 statim
1435 3853 1588 3918 dixit,
1621 3853 1880 3908 Gerntinct

293 3951 420 3996 terra
449 3941 661 3996 herbam
687 3941 876 4012 pabuli.
927 3942 1198 3998 Gertuinet
1224 3951 1364 3998 terra
1391 3945 1508 4012 ipso
1535 3943 1622 3998 die
1655 3959 1760 4012 quo
1795 3943 1876 3998 la-

293 4043 376 4088 eta
395 4041 480 4088 est
494 4033 665 4088 arida.
691 4031 804 4088 Non
839 4033 1004 4102 potuit
1031 4033 1176 4088 arida
1207 4033 1293 4088 illa
1332 4034 1446 4088 sine
1473 4034 1641 4088 fructu
1668 4034 1757 4086 diu
1783 4049 1874 4088 es-

295 4141 366 4180 se.
417 4125 714 4180 Audiamus
745 4135 798 4180 et
827 4141 922 4178 nos
949 4125 1168 4180 verbum
1203 4125 1294 4178 Dei
1320 4143 1332 4178 :
1363 4134 1416 4179 et
1443 4125 1710 4192 germinet
1736 4135 1878 4180 terra

279 4215 514 4272 ‘nerbani
541 4217 741 4286 pabuli,
773 4217 824 4270 id
854 4226 954 4281 est,
985 4219 1118 4272 bona
1163 4233 1325 4286 opera
1375 4215 1776 4278 misericordiae,
1805 4215 1874 4270 de

293 4310 486 4378 quibus
516 4309 646 4363 dicit
695 4309 876 4372 Isaias,
913 4309 1118 4381 Frange
1165 4311 1402 4364 esurienti
1428 4325 1608 4380 panem
1637 4319 1798 4372 tuum,
1825 4316 1876 4362 et

289 4402 624 4470 egenumsine
645 4409 770 4452 tecto
799 4401 950 4453 induc
967 4402 1018 4454 in
1037 4402 1240 4454 domum
1257 4411 1414 4466 tuam,
1439 4399 1698 4472 etc.(lsai.
1729 4413 1874 4464 Lvut,

291 4489 380 4562 7).
426 4491 850 4546 Firmamentum
891 4509 1018 4562 ergo
1072 4493 1342 4563 Scriptura
1401 4494 1494 4548 Dei
1555 4503 1636 4548 est
1669 4509 1684 4546 :
1717 4491 1876 4546 lumi-

291 4584 440 4638 naria
471 4583 524 4637 in
555 4583 892 4638 ﬁrmamento
919 4585 1266 4655 intelligentia
1299 4585 1692 4654 Scripturarum
1727 4601 1740 4639 :
1792 4585 1876 4637 lu-

291 4673 430 4726 mina
471 4673 732 4726 antemin
769 4675 924 4738 cmlo,
984 4675 1282 4730 intellectus
1330 4679 1382 4728 in
1434 4675 1738 4744 Scripturis.
1787 4673 1880 4728 Vis

293 4763 580 4831 pervenire
611 4764 678 4818 ad
705 4765 882 4820 lumen
926 4765 1186 4823 caeleste?
1235 4767 1388 4820 Prius
1421 4775 1556 4820 terra
1601 4776 1717 4819 esto
1745 4765 1880 4821 dans

293 4853 518 4920 fructus,
553 4855 604 4908 id
634 4865 739 4920 est,
772 4857 1078 4925 praecedant
1109 4871 1270 4926 opera
1301 4857 1682 4912 misericordia:
1712 4873 1724 4908 :
1757 4865 1878 4926 post

291 4959 454 5014 opera
477 4945 620 4998 enim
649 4946 1050 5014 misericordiae,
1071 4949 1215 5001 venit
1231 4947 1544 5002 illuminatio
1559 4947 1694 5002 lueis
1713 4947 1876 5014 illius,

291 5049 454 5103 quam
475 5035 770 5102 desideras,
801 5046 904 5090 etc.

581 5125 857 5181 Luminare
875 5129 1042 5197 majus
1069 5138 1114 5182 et
1141 5128 1388 5182 luminare
1412 5129 1596 5184 minus.

361 5218 418 5272 3.
443 5217 589 5271 Dixit
631 5227 798 5272 autem
831 5217 984 5285 Deus,
1015 5221 1142 5288 ﬁant
1189 5220 1460 5273 luminaria
1483 5222 1534 5273 iu
1563 5219 1884 5287 ﬁrmamento

291 5309 428 5370 mli,
455 5318 502 5360 et
521 5308 751 5362 dividant
771 5309 904 5362 diem
933 5317 980 5362 et
1007 5319 1224 5362 noctem.
1265 5309 1612 5377 Evangelistte
1659 5309 1883 5362 lumina-

297 5398 374 5452 ria
402 5407 548 5462 sunt,
603 5399 881 5468 Scriptura
935 5401 1030 5454 Dei
1075 5401 1484 5454 ﬁrmamentum.
1535 5401 1878 5469 Evangelium

293 5499 496 5558 autem,
523 5491 670 5560 quod
691 5493 850 5549 habet
881 5494 1238 5548 testimonium
1268 5507 1298 5546 a
1325 5493 1466 5562 Lege
1495 5501 1548 5546 et
1575 5492 1882 5561 Pr0pbet-is,

297 5583 584 5640 luminaria
611 5595 740 5640 sunt
767 5586 818 5638 in
853 5586 1186 5639 ﬁrmamento
1213 5585 1353 5638 cmli.
1402 5584 1657 5638 Parvulas
1699 5593 1878 5638 autem

293 5673 350 5728 iu
381 5675 624 5730 Erelesia
669 5675 903 5730 nondum
933 5682 1108 5744 potest
1133 5689 1325 5744 capere
1349 5675 1544 5740 cibum,
1575 5673 1668 5728 sed
1698 5683 1780 5729 est
1805 5677 1884 5728 la-

291 5777 378 5824 cte
388 5777 694 5838 contentus,
713 5766 856 5839 quod
871 5767 1402 5840 signiﬁcatluminare
1425 5766 1600 5824 minus
1616 5775 1668 5822 et
1687 5767 1874 5824 stellae.

1501 370 1914 428 FRAGMENTA
1955 373 2348 429 SERMONUM.

3443 355 3578 416 I726

1997 484 2062 538 Et
2089 483 2210 540 ideo
2238 485 2486 540 luminare
2525 503 2690 558 majus
2715 489 2784 542 ad
2825 499 3120 560 potestatem
3151 495 3272 561 diei,
3321 494 3572 552 luminare

1990 573 2154 626 minus
2182 573 2250 626 ad
2293 584 2586 644 potestatem
2629 579 2804 632 noctis.
2837 581 3098 648 Quamdiu
3143 585 3386 642 carnales
3435 597 3562 644 sunt

1989 662 2252 729 homines,
2291 675 2344 720 et
2371 681 2473 720 non
2507 670 2882 736 possuutillam
2907 672 3242 742 sapientiam,
3273 693 3370 747 per
3403 693 3564 747 quam

1987 754 2122 808 facta
2153 758 2490 824 suntomnia,
2519 763 2770 829 cogitare,
2797 763 2846 816 in
2895 775 3052 820 nocte
3101 777 3227 822 sunt
3259 786 3271 820 :
3303 769 3406 824 sed‘
3449 783 3564 826 non

1986 845 2220 900 deseruit
2245 857 2496 914 noctem;
2529 853 2769 918 prtestitit
2813 854 2990 908 iidem.
3036 857 3146 912 Non
3169 859 3310 912 enim
3355 873 3568 916 noctem

1986 937 2218 992 deseruit
2241 939 2394 1006 Deus,
2423 941 2568 996 dedit
2615 943 2689 996 illi
2731 944 3005 998 luminaria
3063 964 3178 1002 sua.
3227 951 3347 1006 Dies
3396 953 3564 1008 solem

1985 1027 2190 1094 qumrit,
2218 1029 2296 1082 sol
2317 1030 2364 1082 ei
2399 1031 2590 1084 sufﬁcit
2619 1049 2631 1086 :
2665 1033 2784 1086 luna
2815 1043 2868 1088 et
2895 1037 3060 1090 ειειΙίιι
3081 1041 3220 1092 nocti
3251 1039 3388 1092 datm
3415 1055 3557 1108 sunt,

1987 1118 2282 1172 illuminant
2307 1120 2451 1174 illam
2487 1138 2500 1184 ;
2532 1131 2586 1176 et
2613 1125 2826 1190 quando
2877 1127 3000 1182 l-una
3049 1145 3154 1184 non
3201 1131 3342 1187 lucet
3387 1149 3552 1202 super

1989 1219 2205 1276 terr-am,
2238 1211 2322 1264 lux
2343 1213 2430 1266 illa
2462 1230 2580 1281 quit:
2602 1216 2756 1270 estin
2800 1233 2946 1284 aere,
2985 1219 3052 1274 de
3079 1223 3244 1276 stellis
3270 1233 3370 1278 est.
3403 1225 3556 1282 Unde

1985 1300 2046 1353 lit
2073 1309 2394 1356 utexeamus
2419 1302 2562 1358 foras
2588 1315 2760 1372 nocte,
2793 1317 2846 1362 et
2890 1309 3164 1366 videamus
3206 1316 3462 1380 arbores;
3509 1327 3564 1374 et

1984 1391 2028 1446 si
2057 1407 2160 1446 non
2187 1393 2534 1450 discernimus
2557 1437 2572 1461 ,
2607 1407 2779 1452 tamen
2813 1400 3054 1456 videmus
3075 1415 3356 1476 utcumque
3385 1409 3558 1464 lucem

1985 1482 2254 1540 stellarum
2287 1502 2298 1536 :
2333 1493 2386 1540 et
2437 1486 2554 1540 ideo
2579 1490 2788 1558 quando
2817 1506 2994 1546 crassa
3027 1505 3150 1548 sunt
3177 1498 3376 1566 nubila,
3413 1501 3558 1554 tolli-

1987 1579 2071 1624 tur
2089 1581 2142 1626 et
2167 1574 2256 1628 lux
2287 1576 2578 1642 stellarum,
2606 1589 2658 1632 et
2682 1581 2758 1634 sic
2787 1591 2870 1635 est
2891 1583 3054 1637 homo
3075 1595 3198 1640 ante
3237 1589 3411 1644 scsub
3440 1591 3564 1646 divo

1990 1661 2090 1732 (a),
2135 1665 2400 1732 quomodo
2431 1667 2574 1722 intus
2613 1670 2664 1724 in
2699 1673 2964 1726 cubiculo.
2999 1675 3140 1746 Ergo
3169 1677 3328 1734 habet
3369 1691 3425 1736 et
3455 1697 3562 1738 uox

1983 1751 2156 1806 lucem
2183 1755 2463 1822 quamdam
2493 1773 2664 1812 suam.
2707 1762 2988 1818 Videamus
3016 1765 3140 1834 quid
3169 1767 3294 1822 dicit
3331 1771 3564 1840 Aposto-

1985 1842 2068 1896 lus
2111 1844 2162 1898 in
2215 1846 2318 1900 illis
2369 1851 2699 1918 muneribus,
2736 1854 2790 1906 in
2833 1855 2938 1908 illis
2965 1856 3118 1912 donis
3145 1860 3503 1928 spiritualibus
3541 1881 3556 1918 :

1987 1931 2268 2006 Unicuique
2311 1937 2464 1992 datur
2511 1943 2850 2012 manifestatio
2885 1945 3112 2016 Spiritus
3156 1951 3224 2004 ad
3269 1953 3560 2012 utilitatem.

1983 2023 2258 2090 Quomodo
2283 2027 2482 2084 datur?
2517 2033 2618 2086 Alii
2636 2035 2836 2103 quidem
2873 2037 3026 2091 datur
3050 2057 3140 2108 per
3183 2041 3432 2112 Spiritum
3455 2063 3564 2100 ser-

1983 2131 2064 2166 Ino
2111 2118 2388 2186 sapientiai,
2427 2119 2518 2176 alii
2563 2139 2724 2178 sermo
2758 2128 3017 2200 scientice(
3043 2129 3062 2183 l
3087 2129 3205 2186 Cor.
3237 2149 3330 2200 xu,
3378 2137 3428 2203 7,
3462 2139 3564 2210 8).

1983 2205 2082 2271 Qui
2114 2207 2354 2278 iutclllgit
2375 2212 2498 2280 quid
2537 2213 2744 2270 intersit
2773 2219 2910 2272 inter
2938 2236 3238 2280 sermonem
3269 2205 3546 2294 sapientia:

1982 2309 2356 2358 etscrmonem
2383 2306 2638 2372 scientim,
2683 2309 2946 2364 intellexit
2989 2315 3114 2382 quid
3151 2316 3362 2372 intersit
3409 2322 3548 2374 inter

1981 2391 2239 2447 luminare
2269 2395 2440 2464 majus
2468 2404 2522 2450 ct
2575 2397 2834 2455 luminare
2879 2403 3074 2458 minus.
3125 2407 3416 2464 Audiamus
3441 2427 3559 2466 ser-

1981 2497 2194 2540 monem
2231 2487 2542 2554 sapientiae:
2577 2487 2639 2541 In
2679 2492 2928 2562 principio
2951 2505 3056 2548 erat
3092 2495 3325 2564 Verbum,
3353 2511 3400 2554 et
3435 2500 3563 2556 Ver-

1983 2572 2098 2624 bum
2123 2583 2230 2626 erat
2250 2576 2390 2644 apud
2431 2575 2616 2643 Deum,
2645 2589 2690 2632 ct
2717 2579 2856 2634 Deus
2883 2593 2990 2636 erat
3025 2584 3238 2640 Verbum
3262 2603 3282 2650 ;
3321 2589 3416 2642 hoc
3457 2601 3565 2644 erat

1980 2661 2034 2714 in
2057 2663 2328 2732 principio,
2361 2674 2463 2720 etc.
2491 2667 2592 2733 Qui
2641 2673 3120 2742 comprehendunt,
3165 2677 3282 2732 dies
3337 2690 3440 2746 est,
3472 2683 3554 2736 sol

1983 2752 2086 2806 illis
2115 2755 2258 2810 lucet
2287 2774 2300 2809 :
2332 2757 2423 2810 sed
2479 2759 2580 2814 nisi
2611 2763 2837 2830 primum
2879 2781 2908 2817 a
2958 2777 3132 2828 nocte.
3166 2785 3272 2824 non
3301 2787 3563 2828 venerunt

1979 2845 2046 2898 ad
2069 2847 2269 2912 lucem;
2299 2849 2534 2906 Tenebrae
2553 2855 2696 2908 enim
2719 2866 2862 2909 erant
2891 2875 3043 2929 super
3075 2860 3333 2932 abyssum,
3357 2874 3402 2917 et
3427 2867 3558 2920 dixit

1979 2934 2138 3001 Deus,
2167 2937 2288 2992 Fiat
2311 2939 2416 2994 lux.
2441 2941 2607 2996 Nemo
2633 2943 2906 3012 dicatquia
2936 2963 2964 3002 a
2993 2949 3113 3003 luce
3143 2952 3323 3020 εωρὶι.
3357 2953 3562 3010 Omnes

1979 3027 2128 3080 enim
2151 3044 2214 3082 ex
2243 3033 2610 3098 peccatoribus
2631 3036 3001 3102 justilicamur.
3031 3041 3254 3109 Capiant
3299 3060 3426 3114 ergo
3467 3049 3556 3116 qui

1981 3122 2364 3188 possuntquod
2410 3123 2516 3177 dixi
2564 3125 2632 3180 tle
2685 3127 2992 3198 Evangelio.
3045 3131 3148 3186 Sed
3194 3135 3376 3190 dicunt
3411 3139 3560 3205 mihi,

1978 3205 2092 3260 Non
2121 3209 2480 3266 intelleximus
2511 3215 2636 3282 quid
2665 3216 2866 3281 est,'ln
2896 3221 3146 3291 principio
3172 3233 3280 3276 erat
3320 3224 3555 3280 Verbum.

1977 3295 2032 3350 Si
2061 3313 2188 3365 ergo
2217 3300 2504 3358 adlmcuox
2529 3315 2628 3370 est,
2648 3307 2862 3361 attende
2884 3310 3004 3376 quia
3031 3315 3324 3380 assumpsit
3341 3329 3558 3372 carnem

1979 3385 2232 3454 Verbum,
2251 3399 2306 3444 et
2333 3391 2454 3444 fecit
2483 3394 2576 3447 tibi
2601 3397 2748 3464 quasi
2771 3398 2944 3450 lumen
2965 3411 3306 3456 nocturnum.
3341 3403 3558 3460 Verbum

1979 3479 2120 3532 enim
2151 3495 2272 3534 caro
2319 3485 2510 3552 factum
2551 3493 2641 3550 est,
2683 3497 2730 3540 et
2760 3487 3000 3542 habitavit
3039 3492 3094 3546 in
3122 3493 3261 3547 nobis
3283 3495 3302 3568 (
3327 3495 3485 3550 Joan.
3519 3513 3558 3564 ι,
3611 3539 3622 3553 .

1981 3568 2032 3632 1,
2055 3568 2178 3634 2,5,
2211 3572 2326 3636 lit).
2359 3572 2424 3626 Et
2465 3576 2515 3627 in
2547 3575 2678 3628 rubo
2715 3577 2946 3646 loquitur
2991 3581 3134 3636 Deus
3181 3599 3274 3651 per
3311 3587 3558 3654 angelum

1981 3657 2169 3730 Moysi.
2203 3661 2340 3716 Audi
2367 3662 2456 3716 ubi
2481 3675 2566 3717 est
2591 3677 2770 3720 sermo
2806 3667 3100 3736 sapientiae.
3149 3673 3286 3738 Quid
3329 3677 3554 3740 vocaris,

1979 3748 2112 3804 dixit
2139 3751 2392 3822 Moyses?
2419 3755 2684 3823 quomodo
2706 3765 2756 3810 te
2783 3759 2968 3812 nuntio
2995 3761 3190 3830 pOpnlo
3210 3763 3235 3815 Ἰ
3271 3763 3326 3818 Si
3355 3763 3554 3820 dictum

1979 3843 2160 3910 fuerit,
2180 3845 2311 3912 Quis
2349 3856 2397 3902 te
2436 3849 2616 3902 misit?
2646 3851 2770 3920 quid
2823 3852 2996 3906 dicam
3017 3854 3042 3906 ?
3074 3855 3208 3910 Audi
3258 3871 3562 3914 sermonem

1980 3935 2254 4004 sapientia:
2288 3956 2301 3992 :
2331 3937 2476 3992 Dices
2497 3938 2617 4005 [iliis
2639 3938 2822 4006 Israel,
2856 3941 2956 4006 Qui
3002 3953 3075 3996 est
3104 3945 3238 3997 misit
3262 3961 3342 3998 me
3365 3948 3432 3998 ad
3451 3961 3558 4002 vos.

1981 4026 2110 4093 Quis
2139 4035 2312 4095 potest
2339 4043 2548 4095 capere,
2585 4029 2686 4096 Qui
2719 4032 2838 4082 est?
2861 4029 3064 4085 Cartera
3111 4047 3238 4086 vero
3282 4049 3386 4088 non
3415 4047 3560 4090 sunt.

1979 4117 2109 4184 Quis
2162 4133 2284 4172 vere
2332 4119 2444 4172 est?
2479 4118 2578 4184 Qui
2609 4135 2712 4172 non
2751 4121 2956 4188 transit,
3001 4123 3088 4192 qui
3125 4137 3340 4192 semper
3385 4135 3566 4181 manet

1983 4207 2451 4262 incommutabilis.
2481 4207 2588 4262 Sed
2615 4208 2716 4262 iste
2738 4210 2888 4264 cibus
2911 4211 3190 4280 graudium
3218 4222 3322 4280 est,
3353 4215 3454 4269 iste
3479 4215 3570 4270 sol

1982 4297 2086 4352 diei
2109 4307 2210 4352 est.
2237 4299 2308 4352 Et
2322 4301 2470 4368 quasi
2501 4300 2702 4356 diceret
2723 4301 2930 4372 Moyses
2951 4303 3048 4370 illi,
3080 4304 3267 4359 Adhuc
3287 4321 3390 4360 nox
3417 4321 3568 4376 sum,

1983 4398 2190 4446 noctem
2215 4391 2470 4446 illumina.
2503 4393 2712 4464 Aliquid
2749 4393 2920 4448 dicam
2951 4396 3092 4464 quod
3131 4405 3304 4466 potest
3328 4413 3430 4452 nox
3463 4415 3558 4454 ca.

1983 4496 2129 4552 pere,
2157 4482 2542 4551 aliquiddicam
2573 4483 2714 4553 quod
2765 4495 2988 4553 possunt
3031 4487 3232 4556 parvuli
3279 4489 3513 4544 retinere
3547 4509 3562 4545 :

1985 4571 2096 4642 Ego
2115 4590 2228 4626 sum
2255 4574 2390 4628 Deus
2416 4575 2692 4642 Abraham,
2713 4587 2758 4630 et
2779 4576 2918 4632 Deus
2943 4577 3112 4640 Isaac,
3143 4589 3189 4632 et
3209 4577 3348 4634 Deus
3375 4579 3564 4636 Iacob.
3609 4613 3624 4620 -

1985 4664 2144 4734 Ergo,
2177 4664 2288 4736 Ego
2312 4683 2420 4720 sum
2444 4671 2530 4736 qui
2549 4667 2699 4738 sum(
2725 4667 2892 4722 Exod.
2924 4685 3002 4734 III,
3034 4671 3122 4736 Μ,
3155 4671 3222 4725 l5
3243 4670 3284 4742 ),
3319 4671 3384 4726 ad
3407 4683 3559 4742 pote-

1985 4766 2176 4811 statem
2203 4758 2306 4812 diei
2333 4777 2344 4811 :
2379 4757 2490 4830 Ego
2530 4777 2640 4812 sum
2667 4759 2804 4814 Deus
2834 4763 3109 4830 Abraham,
3153 4764 3217 4818 ad
3249 4774 3574 4835 potestatem-

1987 4847 2176 4902 noctis.
2207 4847 2364 4902 Fides
2422 4849 2790 4918 temporaliter
2825 4851 3150 4920 dispensata,
3181 4855 3320 4910 lucet
3371 4858 3512 4912 nocti
3548 4874 3564 4910 :

1987 4939 2240 5006 sapientia
2265 4955 2736 5010 sempermancus,
2769 4943 2910 4999 lucet
2936 4945 3061 5000 diei.
3092 4943 3266 5000 Nutrit
3291 4949 3340 5001 in
3381 4957 3558 5010 nocte,

1988 5038 2045 5082 ut
2067 5029 2413 5098 procedamus
2445 5031 2496 5084 in
2544 5032 2704 5086 diem.
2734 5031 2913 5088 Stella:
2937 5051 3066 5106 ergo
3099 5047 3288 5092 cratera
3319 5053 3560 5092 munera.

1988 5119 2119 5186 Quia
2141 5135 2260 5174 cum
2288 5121 2528 5184 dixisset,
2589 5123 2692 5176 Alii
2721 5123 2873 5177 datur
2900 5141 3062 5178 sermo
3103 5127 3383 5196 sapientior,
3436 5135 3556 5179 tan-

1989 5229 2146 5282 quam
2167 5213 2323 5267 solent
2347 5215 2396 5267 in
2419 5224 2706 5284 potestate»:
2740 5216 2839 5269 diei
2866 5233 2884 5269 :
2905 5218 2993 5270 alii
3029 5217 3180 5269 datur
3215 5233 3375 5272 sermo
3395 5219 3560 5272 scicn-

1991 5305 2090 5366 tire,
2111 5314 2356 5373 tanquam
2381 5304 2554 5358 lunam
2575 5307 2624 5358 in
2641 5315 2930 5376 potestatem
2955 5307 3111 5359 noctis
3133 5323 3153 5360 :
3182 5305 3269 5360 dat
3294 5316 3348 5361 et
3363 5311 3566 5374 stellas,

1991 5396 2079 5448 alii
2108 5397 2311 5450 donatio
2336 5399 2670 5460 curationum,
2698 5397 2790 5450 alii
2831 5397 3114 5466 prophetia,
3138 5405 3243 5452 etc.

1993 5484 2214 5555 Reptilia
2239 5490 2518 5542 animarum
2537 5489 2778 5541 vivarum.
2817 5488 2986 5542 Virtus
3011 5489 3312 5543 sacramenti
3327 5488 3569 5542 Charitas.

2065 5579 2117 5630 4.
2161 5577 2300 5630 Dixit
2327 5579 2486 5644 Deus,
2529 5579 2820 5633 Producant
2859 5595 3006 5649 aqua:
3043 5581 3241 5650 reptilia
3282 5580 3568 5634 animarum

2059 5709 2131 5772 (α)
2156 5718 2250 5772 Pro
2288 5710 2374 5762 sub
2396 5723 2532 5772 aere,
2577 5717 2630 5762 ut
2653 5719 2808 5764 uorat.
2843 5713 2928 5769 lib.
2949 5713 2982 5764 2
2999 5693 3151 5766 Carm.
3174 5714 3274 5766 ode
3295 5715 3329 5768 3
3345 5749 3360 5768 .
3383 5715 3570 5770 ctl’lin.

1997 5772 2080 5822 us.
2111 5771 2184 5836 It,
2208 5785 2308 5838 ων.
2331 5773 2406 5824 ei.
