4036 6188
476 371 616 431 172⁸1

475 489 720 553 vittarum,
758 494 808 539 et
847 482 1087 538 volatilia.
1130 477 1192 532 Et
1240 476 1586 546 produxerunt
1629 489 1772 537 aqum
1799 473 1974 541 pisces,
2006 478 2052 525 et

474 587 608 635 cetus
637 593 865 648 magnos,
899 584 943 629 et
971 572 1195 628 volatilia
1223 569 1352 624 caeli.
1384 568 1450 622 Et
1475 567 1598 621 uidit
1633 564 1771 619 Deus
1814 567 1930 635 quia
1961 564 2052 618 bo-

475 685 598 724 num
635 679 727 732 est,
769 674 874 720 etc.
909 664 1192 718 Videamus
1229 673 1357 728 ergo
1385 657 1508 727 quid
1536 656 1720 710 dicunt
1744 654 2050 722 Scriptor-az.

476 759 591 814 Lux
627 752 730 828 'per
781 757 972 818 lucem,
1011 753 1140 822 justi
1195 765 1290 821 per
1339 748 1578 804 verbum.
1633 745 2052 799 Firmamentum

474 850 615 914 coeli,
644 847 1052 902 solidamentum
1086 843 1499 910 Scripturarum.
1539 840 1704 907 Aquae
1741 835 1839 890 sub
1868 834 2052 888 ﬁrma-

475 947 674 1002 mento,
701 948 946 992 terrenus
972 935 1201 1005 populus
1226 950 1238 985 :
1268 947 1418 1002 aquae
1449 943 1606 998 supra
1638 929 2047 992 ﬁrmamentum,

475 1028 706 1085 caelestis
726 1027 971 1097 populus.
997 1024 1160 1079 Terra
1182 1022 1328 1076 arida
1349 1021 1416 1074 ab
1433 1019 1582 1089 aquis
1606 1019 1764 1071 maris
1786 1024 2048 1087 separata,

472 1119 664 1173 animis
689 1117 930 1172 sitientes
959 1115 1125 1168 Deum
1161 1128 1190 1166 a
1233 1110 1569 1166 multitudine
1608 1109 1922 1163 delictorum
1952 1121 2054 1161 sas-

472 1210 598 1266 culi.
639 1208 917 1264 Germiuat
957 1214 1098 1260 terra
1135 1203 1354 1257 herbam
1384 1200 1562 1270 pabuli
1597 1208 1650 1254 et
1685 1199 1826 1268 ligna
1864 1196 2052 1251 fructi-

473 1303 608 1368 fera,
652 1316 813 1371 Opera
845 1295 1240 1352 misericordiae.
1271 1292 1575 1348 Luminaria
1618 1292 1671 1346 in
1715 1291 2051 1344 ﬁrmamento

473 1385 620 1452 caeli,
666 1383 1040 1452 praedicatores
1081 1378 1249 1443 verbi,
1290 1375 1648 1445 Evangelistze
1693 1380 1747 1428 et
1786 1371 2046 1442 Apostoli,

475 1476 614 1530 dona
655 1471 967 1542 spiritualia.
996 1467 1348 1523 Attendamus
1372 1481 1500 1536 ergo
1521 1463 1800 1519 luminaria
1823 1463 2051 1518 circum-

475 1567 652 1621 euntia
685 1573 847 1618 totum
868 1560 1144 1626 mundum,
1169 1568 1223 1615 et
1247 1559 1421 1613 videte
1446 1556 1892 1628 quemadmodum
1924 1569 2052 1624 pro-

476 1657 669 1711 ducant
707 1670 860 1725 aqua:
889 1653 1093 1722 reptilia
1122 1652 1418 1705 animarum
1446 1650 1705 1702 vivarum.
1738 1647 2055 1701 Discurrunt

484 1746 857 1816 Evangelistaz,
905 1742 1331 1810 evangelizantur
1361 1740 1620 1794 homines.
1665 1739 1802 1807 Ergo
1845 1736 2052 1805 reptilia

476 1837 769 1892 animarum
787 1835 1048 1898 vivarum,
1073 1831 1412 1886 Sacramenta
1439 1830 1823 1899 intelliguntur.
1845 1828 2053 1894 Quare?

476 1927 608 1996 Quia
639 1925 704 1980 ad
734 1927 833 1978 hoc
853 1931 976 1977 sunt
997 1923 1340 1977 Sacramenta
1366 1921 1685 1988 necessaria,
1719 1929 1772 1974 ut
1794 1919 2053 1974 Gentibus

476 2017 926 2088 evangelizentur,
959 2023 1013 2069 et
1043 2014 1108 2069 de
1134 2013 1392 2068 Gentibus
1430 2013 1674 2067 homines
1705 2021 2051 2080 separentur;

476 2106 581 2161 hoc
607 2115 707 2172 est,
741 2115 797 2159 ut
825 2121 976 2174 aqua:
1017 2103 1309 2173 producant
1348 2103 1452 2157 illae
1484 2118 1700 2168 amaras,
1737 2111 1790 2155 et
1815 2100 1941 2154 ﬁant
1970 2101 2052 2169 pi-

477 2213 595 2254 sces
615 2199 816 2252 dulces.
850 2197 1036 2266 Magna
1055 2196 1195 2250 enim
1225 2209 1310 2249 res
1340 2204 1454 2259 cst;
1479 2204 1694 2264 gustare
1719 2207 1909 2262 aquam
1943 2207 2056 2246 ma-

476 2290 551 2344 ris
589 2304 746 2343 nemo
780 2297 973 2357 potest,
1016 2285 1091 2358 (a)
1121 2287 1290 2355 pisces
1321 2287 1641 2340 manducare
1666 2305 1678 2338 :
1702 2285 2055 2338 amaritudine

477 2387 786 2443 nascuntur,
830 2386 884 2432 et
912 2386 1242 2447 vegetamur.
1274 2375 1376 2431 Ista
1411 2384 1537 2430 sunt
1561 2375 1906 2430 Sacramenta
1935 2375 2054 2430 dul-

476 2471 577 2534 cia,
598 2485 716 2540 quae
743 2469 904 2522 missa
934 2476 1058 2523 sunt
1087 2483 1182 2537 per
1204 2476 1372 2522 totum
1404 2467 1680 2523 mundum.
1710 2466 1813 2522 Sed
1846 2468 2053 2536 reptilia

475 2560 724 2616 dicuntur
762 2560 1057 2613 animarum
1100 2560 1337 2612 vivarum
1370 2575 1382 2610 :
1415 2558 1651 2612 nondum
1699 2559 1876 2612 anima
1905 2559 2048 2612 viva.

480 2652 696 2717 Quare?
740 2651 852 2706 lloc
901 2650 1224 2720 aliquantum
1264 2649 1330 2703 ad
1375 2648 1772 2718 intelligendum
1824 2649 2052 2717 spissum

476 2749 580 2794 est.
607 2739 844 2794 Audistis
865 2740 1046 2803 modo,
1079 2753 1197 2793 cum
1225 2739 1384 2794 lectio
1409 2740 1695 2808 legeretur,
1721 2738 1843 2807 quia
1867 2737 2054 2792 Simon

477 2830 659 2900 Magos
697 2829 992 2899 baptizatus
1021 2839 1121 2892 est,
1160 2838 1214 2884 et
1252 2844 1357 2883 non
1393 2829 1637 2898 deposuit
1665 2829 1857 2882 malam
1900 2844 2052 2883 men-

480 2929 585 2974 tem
620 2918 753 2989 (Act.
807 2934 917 2985 Vlll,
949 2918 1134 2988 lli-‘25)
1166 2937 1176 2970 :
1209 2919 1390 2973 habuit
1438 2919 1658 2972 formam
1701 2917 2048 2983 Sacramenti,

476 3007 721 3062 virtutem
765 3007 1092 3062 Sacramenti
1146 3023 1252 3060 non
1302 3007 1502 3060 habuit.
1556 3006 1692 3059 Audi
1739 3008 2050 3074 Apostolum

476 3098 600 3167 quid
625 3097 853 3154 dicatde
875 3099 1050 3168 impiis
1078 3117 1090 3151 :
1120 3098 1392 3165 Habentes,
1424 3099 1611 3167 inquit,
1644 3099 1860 3166 formam
1889 3100 2053 3168 pieta-

476 3187 558 3250 tis,
587 3187 816 3241 uirtutem
837 3197 1001 3240 autem
1021 3189 1128 3258 ejus
1153 3187 1451 3257 abnegtmtes
1475 3186 1537 3259 (ll
1561 3186 1693 3239 Tim.
1717 3203 1792 3251 ut,
1822 3186 1900 3259 5).
1925 3189 2052 3256 Quae

474 3290 556 3335 est
595 3280 761 3333 forma
805 3279 1056 3350 pietatis?
1108 3279 1506 3333 Sacramentum
1547 3278 1768 3332 visibile.
1802 3279 1930 3345 Qum
1973 3289 2054 3334 est

479 3371 646 3425 virtus
689 3371 940 3440 pietatis?
977 3371 1258 3426 Invisibilis
1306 3371 1555 3424 charitas.
1610 3371 1746 3424 Audi
1801 3371 2050 3426 virtutem

476 3464 687 3532 pictatis
718 3480 730 3515 :
764 3463 825 3518 Si
871 3464 1056 3533 linguis
1105 3463 1365 3516 hominum
1412 3463 1593 3534 loquar
1640 3473 1684 3515 et
1725 3462 2048 3532 Angelorum,

473 3555 767 3608 charitutem
795 3563 960 3606 autem
995 3570 1096 3606 non
1119 3554 1346 3616 habeam,
1384 3552 1548 3620 factus
1572 3570 1687 3606 sum
1716 3564 1769 3606 ut
1803 3571 2052 3608 tet-amen-

477 3652 578 3697 tum
606 3659 812 3707 sonans,
846 3649 949 3696 etc.
986 3643 1050 3694 Et
1078 3643 1122 3694 si
1156 3641 1282 3694 illud
1315 3650 1366 3694 et
1393 3641 1521 3694 illud
1556 3643 1798 3707 habeam,
1833 3644 2055 3696 charita-

477 3744 575 3786 tem
604 3742 771 3784 autent
809 3748 910 3785 non
940 3731 1170 3794 habeam,
1203 3731 1330 3783 nihil
1368 3747 1480 3783 sum
1523 3730 1565 3800 (Ι
1607 3730 1722 3784 Cor.
1766 3749 1882 3798 xm,
1915 3734 2048 3802 1-5).

474 3824 606 3878 Nam
631 3823 974 3879 Sacramenta
1003 3832 1184 3878 sancta
1213 3833 1266 3878 et
1294 3838 1480 3892 magna
1509 3833 1631 3876 sunt
1656 3840 1669 3877 :
1699 3823 1791 3877 sed
1824 3824 1950 3878 nihil
1974 3834 2054 3879 est

474 3916 657 3982 homo,
693 3917 735 3970 si
761 3917 1076 3971 charitatem
1108 3930 1212 3968 non
1257 3914 1466 3969 habeat.
1507 3915 1648 3984 Ergo
1676 3917 1838 3969 virtus
1867 3916 2054 3970 Sacra-

472 4010 636 4065 menti
671 4009 921 4064 charitas.
965 4008 1133 4076 Quam
1155 4007 1467 4062 charitatem
1502 4022 1605 4060 non
1639 4008 1796 4060 habet
1836 4008 2050 4061 haereti-

476 4115 592 4167 cus,
623 4115 743 4155 cum
790 4098 928 4168 apud
972 4114 1094 4154 eum
1141 4098 1406 4152 inveniam
1432 4097 1654 4151 formam
1698 4097 2047 4152 Sacramenti.

480 4193 662 4261 Itaque
687 4207 806 4246 cum
837 4191 903 4244 ad
927 4206 1012 4244 me
1036 4191 1180 4243 venit
1214 4189 1514 4256 haereticus,
1543 4189 1724 4243 defero
1757 4191 1936 4243 forma:
1958 4189 2055 4243 Sa-

469 4283 752 4347 cramenti,
805 4289 862 4334 ut
901 4296 1004 4333 non
1043 4281 1366 4348 rebaptizem
1398 4279 1528 4333 :scd
1581 4280 1746 4334 reddo
1801 4281 2050 4334 virtutem

469 4370 818 4435 Sacramenti,
841 4378 898 4423 ut
925 4368 1154 4422 radicem
1173 4368 1444 4422 charitatis
1467 4369 1750 4423 insinuem.
1783 4369 1897 4438 Ipsa
1925 4385 2053 4438 ergo

470 4463 574 4519 erit
598 4462 773 4515 anima
800 4461 938 4525 viva,
969 4475 1128 4528 quam
1177 4469 1313 4512 terra
1342 4458 1604 4527 producit,
1645 4469 1701 4512 ut
1729 4461 1904 4514 anima
1935 4461 2051 4514 viva

470 4556 558 4620 sit,
582 4555 691 4623 jam
720 4553 920 4607 habens
955 4552 1208 4606 virtutem
1249 4552 1599 4606 Sacramenti.
1649 4551 1759 4605 lloc
1802 4561 1883 4606 est
1926 4569 2054 4621 ergo

469 4647 611 4717 quod
639 4645 839 4700 dictant
883 4654 984 4712 est,
1030 4644 1330 4699 Producant
1367 4659 1512 4714 aqua:
1539 4643 1738 4714 reptilia
1768 4645 2055 4699 animarum

469 4739 715 4800 vivarum,
745 4747 850 4792 etc.

469 4829 669 4884 Anima
687 4829 806 4881 vim
832 4829 1036 4880 creatio.
1067 4828 1249 4880 Anima
1274 4829 1401 4880 viva.
1429 4827 1597 4881 Pietas
1611 4827 1784 4882 uirtus.
1801 4826 2050 4882 Charitas.

909 4896 1075 4950 Homo
1100 4898 1167 4949 ad
1194 4898 1462 4968 imaginem
1485 4898 1598 4951 Dei.

538 4989 593 5045 5.
640 4988 776 5042 Dixit
797 5003 986 5058 quoque
1015 4985 1171 5052 Deus,
1203 4985 1458 5040 Producat
1483 4998 1615 5040 terra
1640 4988 1862 5040 animam
1884 4988 2053 5042 viven-

474 5091 568 5133 tem
591 5079 645 5133 in
675 5094 853 5150 genere
878 5093 990 5143 suo,
1019 5084 1120 5131 etc.
1145 5076 1310 5130 Sexto
1335 5076 1422 5130 die
1441 5075 1573 5130 dixit
1597 5077 1756 5139 Dens,
1792 5076 2050 5131 Producat

473 5181 604 5224 terra
633 5171 856 5223 animam
878 5169 1040 5222 vivam
1063 5184 1080 5222 :
1105 5183 1212 5221 non
1234 5166 1439 5236 reptilia
1466 5167 1760 5220 animarum
1791 5168 2050 5232 vivarum,

468 5260 563 5314 sed
603 5261 832 5314 animam
862 5261 1054 5314 vivam.
1084 5259 1152 5314 Et
1183 5258 1431 5327 produxit
1462 5264 1602 5311 terra
1633 5257 1809 5310 omnia
1839 5272 2050 5326 pecora,

469 5360 525 5405 et
553 5351 772 5416 bestias,
807 5360 861 5405 ct
884 5360 1180 5420 serpentes,
1219 5357 1274 5403 et
1312 5346 1566 5418 quidquid
1596 5347 1731 5416 repit
1758 5362 1917 5416 super
1941 5357 2052 5403 ter-

470 5459 605 5497 ram.
639 5442 705 5497 Et
728 5443 848 5495 uidit
879 5441 1013 5495 Deus
1043 5442 1159 5511 quia
1199 5441 1379 5493 bonum
1409 5448 1502 5492 est.
1532 5437 1598 5490 Et
1621 5438 1746 5491 dixit
1775 5439 1930 5500 Deus,
1957 5455 2049 5493 co-

469 5532 593 5588 dem
629 5534 717 5590 die
759 5541 930 5597 sexto,
963 5531 1174 5602 quando
1218 5531 1378 5600 ejccit
1423 5539 1561 5584 terra
1591 5529 1822 5582 animam
1853 5530 2047 5595 vivam,

473 5621 749 5677 Faciamus
788 5623 1038 5676 hominem
1065 5623 1130 5674 ad
1156 5621 1425 5687 imaginem
1455 5630 1499 5672 et
1535 5619 1911 5673 similitudinem
1954 5636 2048 5672 no-

469 5728 649 5784 stram,
696 5729 798 5773 etc.
849 5719 1080 5773 Diximus
1120 5716 1240 5786 quia
1288 5715 1412 5771 fecit
1441 5713 1584 5769 Deus
1621 5714 1814 5780 lucem,
1859 5709 1910 5765 id
1941 5716 2041 5774 est,

457 5837 588 5949 “((5)i
599 5843 748 5948 litora:-
773 5838 914 5890 deest
938 5847 1167 5904 potest.—-
1189 5846 1318 5905 Quod
1342 5846 2031 5912 ceusctstorclﬁzlcmﬁriticq

1712 354 1770 407 S.
1811 348 2173 406 AllGUSTlNl
2215 349 2512 408 EPISCOPI

3602 351 3740 408 i738

2161 487 2347 527 omnes
2383 471 2605 528 ﬁdeles:
2632 471 2753 529 fecit
2783 473 3172 530 ﬁrmamentum
3213 474 3265 530 in
3297 474 3511 540 mundo,
3548 476 3741 528 caelum

2159 563 2296 618 inter
2324 579 2488 633 aquas
2513 574 2567 619 et
2585 579 2786 634 aquas;
2818 564 2942 619 fecit
2970 565 3358 620 ﬁrmamentum
3385 566 3438 620 in
3464 565 3728 631 Ecclesia,

2157 654 2523 708 auctoritatem
2549 653 2937 723 Scripturarum
2967 656 3117 724 jinter
3139 657 3363 726 populos
3387 658 3733 728 Angelorum;

2157 741 2346 810 quibus
2372 741 2474 796 hoc
2499 757 2601 796 non
2622 752 2704 797 est
2724 744 3100 810 necessarium,
3123 753 3177 800 et
3192 747 3415 814 populos
3432 746 3730 810 hominum,

2157 831 2246 900 qui
2276 831 2345 885 ibi
2383 842 2682 901 quaererent
2719 833 2884 886 Deum
2912 850 2924 886 :
2959 833 3088 889 fecit
3113 835 3254 889 Deus
3281 836 3333 889 in
3366 836 3561 890 mundo
3582 850 3730 905 sepao

2157 922 2415 976 rationem
2453 923 2614 976 maris
2648 938 2677 976 a
2707 933 2866 989 terra,
2897 924 3020 978 fecit
3051 925 3187 980 Deus
3214 925 3269 978 in
3298 925 3534 980 Ecclesia
3576 940 3738 995 sepa-

2158 1014 2415 1069 rationem
2438 1016 2674 1085 gentium
2702 1031 2733 1069 a
2768 1017 2937 1071 servis
2963 1017 3074 1071 suis
3099 1035 3112 1072 :
3141 1018 3251 1072 sitit
3279 1027 3419 1073 terra
3453 1020 3601 1073 arida
3631 1021 3735 1074 im-

2157 1104 2325 1171 brem,
2353 1107 2539 1161 sitiunt
2562 1108 2808 1162 homines
2834 1109 2885 1162 in
2910 1108 3147 1164 Ecclesia
3175 1109 3399 1166 imbrem
3421 1113 3732 1168 caelestem:

2158 1197 2407 1265 produxit
2431 1205 2571 1252 terra
2595 1197 2816 1252 herbam
2849 1199 3024 1266 pabuli
3051 1209 3104 1253 et
3127 1200 3266 1270 ligna
3291 1199 3584 1266 fructifera,
3613 1217 3742 1270 pro-

2158 1286 2361 1342 ducunt
2395 1296 2450 1342 et
2478 1287 2722 1342 homines
2757 1288 2808 1342 in
2840 1289 3074 1343 Ecclesia
3107 1304 3269 1358 opera
3314 1291 3692 1345 misericordia:
3721 1309 3736 1345 :

2159 1376 2292 1430 ﬁunt
2320 1377 2601 1431 luminaria
2642 1377 2693 1431 in
2720 1379 2878 1445 coelo,
2908 1378 3166 1433 luminare
3209 1380 3402 1448 majus,
3439 1396 3618 1436 sermo
3651 1396 3741 1436 sa-

2158 1468 2406 1536 pientiai;
2446 1467 2711 1523 luminare
2749 1469 2956 1534 minus,
2997 1484 3174 1524 sermo
3228 1472 3502 1526 scientiae:
3547 1475 3738 1541 stellze,

2157 1558 2297 1613 dona
2325 1560 2680 1627 curationum,
2708 1559 3000 1630 prephetia:
3026 1560 3178 1627 ﬁdes,
3207 1571 3334 1627 etc.;
3355 1562 3530 1617 omnia
3557 1565 3654 1617 ista
3687 1565 3741 1620 in

2159 1649 2496 1703 ﬁrmamento
2526 1651 2667 1704 cteli.
2705 1649 2836 1704 Cum
2885 1665 3014 1720 ergo
3054 1650 3344 1720 coepissent
3380 1653 3652 1709 ambulare
3687 1663 3742 1708 et
3798 1670 3802 1673 ·

2158 1755 2441 1809 peragrare
2473 1749 2636 1795 totum
2675 1741 2953 1805 mundum,
2983 1751 3305 1810 generarunt
3345 1757 3515 1811 aqum,
3548 1745 3597 1797 id
3629 1753 3734 1810 est,

2158 1830 2224 1884 de
2261 1829 2518 1885 Gentibus
2556 1831 2872 1885 exstiterunt
2902 1833 3111 1900 reptilia
3148 1833 3443 1887 animarum
3476 1835 3736 1903 vivarum,

2157 1919 2501 1975 Sacramenta
2532 1929 2744 1983 saneta;
2775 1930 2826 1976 et
2871 1921 3114 1976 homines
3149 1925 3446 1978 consecrati
3483 1925 3741 1980 habentes

2157 2011 2381 2066 formam
2413 2031 2425 2065 :
2458 2011 2626 2066 forma
2670 2022 2753 2068 est
2785 2015 2928 2068 enim
2964 2014 3294 2068 Sacramenti
3330 2015 3381 2068 in
3418 2016 3652 2079 homine,
3686 2027 3741 2072 et

2158 2101 2439 2170 aliquando
2465 2104 2632 2156 virtus
2661 2103 2989 2157 Sacramenti
3028 2105 3206 2158 statim
3247 2107 3610 2174 consequitur,
3645 2107 3740 2161 sed

2154 2192 2262 2261 jam
2294 2193 2346 2246 in
2379 2203 2518 2246 terra
2546 2209 2664 2262 (pra:
2711 2202 2955 2262 separata
2987 2203 3101 2258 est;
3153 2194 3272 2249 ideo
3310 2195 3557 2264 producit
3596 2204 3737 2250 terra

2159 2281 2386 2334 animam
2420 2283 2613 2336 vivam.
2646 2283 2712 2336 Et
2741 2298 2925 2338 revera
2959 2284 3145 2338 fratres
3167 2285 3397 2339 animam
3420 2286 3593 2339 vivam
3619 2301 3740 2341 esse

2159 2389 2293 2443 opus
2321 2375 2975 2444 est.Acceperuutfratres
3005 2377 3332 2445 Baptismum
3361 2377 3462 2449 (α),
3489 2388 3742 2448 sequatur

2160 2463 2380 2517 formam
2421 2466 2608 2518 virtus.
2651 2465 2765 2519 Non
2805 2466 2872 2520 sit
2902 2466 3204 2534 Baptismus
3233 2468 3298 2522 ad
3332 2469 3611 2538 judicium,
3642 2470 3735 2524 sed

2160 2553 2224 2607 ad
2251 2555 2496 2608 salutem.
2529 2555 2610 2607 Ad
2633 2555 2888 2624 judicium
2935 2555 3030 2609 fuit
3065 2556 3269 2611 Simoni
3304 2559 3473 2628 Mago,
3503 2560 3568 2613 ad
3597 2561 3741 2613 salu-

2159 2651 2264 2696 tem
2298 2644 2473 2697 Petro.
2498 2643 2786 2699 Videamus
2807 2661 2931 2715 ergo
2960 2647 3084 2715 quid
3107 2657 3187 2701 est
3212 2649 3385 2701 anima
3409 2650 3547 2712 viva,
3577 2666 3741 2720 quam

2161 2742 2298 2787 terra
2343 2733 2608 2802 produxit.
2659 2736 2930 2790 Attendite
2985 2736 3283 2802 hominem;
3320 2738 3481 2792 habet
3517 2754 3737 2809 corpus,

2160 2822 2321 2876 habet
2361 2823 2613 2878 animam.
2647 2823 2704 2878 In
2754 2825 2866 2893 ipsa
2909 2826 3084 2880 anima
3124 2827 3317 2881 multos
3357 2835 3534 2882 motus
3579 2829 3742 2883 habet

2160 2913 2360 2968 similes
2387 2914 2601 2979 bestiis;
2628 2924 2683 2969 et
2717 2915 2876 2970 habet
2904 2918 3083 2971 nescio
3114 2917 3240 2986 quid
3267 2919 3430 2985 aliud,
3465 2919 3605 2988 quod
3634 2936 3738 2974 non

2159 3000 2355 3056 habent
2391 3005 2601 3059 bestia'.
2649 3004 2795 3070 Quos
2835 3015 3012 3061 motus
3057 3006 3220 3061 habet
3267 3008 3468 3063 similes
3516 3009 3742 3064 bestiis?

2159 3092 2477 3150 Manducare
2519 3105 2574 3150 et
2610 3096 2810 3163 bibere,
2842 3096 3080 3152 dormire
3120 3108 3172 3153 et
3210 3101 3445 3169 vigilare,
3485 3111 3540 3155 et
3578 3117 3742 3171 gene-

2161 3199 2298 3238 rare.
2334 3185 2521 3240 Nonne
2547 3200 2858 3241 communes
2884 3197 3008 3241 sunt
3027 3189 3179 3244 nobis
3206 3205 3326 3244 cum
3351 3191 3566 3245 bestiis?
3605 3193 3741 3247 Istos

2162 3285 2336 3330 motus
2363 3279 2602 3347 quisquis
2629 3278 2682 3332 in
2714 3278 2973 3333 luxuriam
3004 3281 3306 3349 projecerit,
3333 3283 3561 3336 animam
3591 3301 3739 3338 mur-

2161 3375 2303 3420 tuam
2337 3369 2516 3432 habet,
2562 3385 2669 3422 non
2717 3370 2946 3423 animam
2983 3371 3176 3425 vivam.
3219 3372 3372 3427 Unde
3410 3375 3743 3442 probamus?

2160 3458 2296 3512 Audi
2336 3460 2647 3528 Apostolum
2680 3479 2692 3513 :
2725 3461 2852 3527 Qum
2878 3472 3043 3515 autem
3069 3464 3122 3516 in
3164 3465 3357 3518 deliciis
3399 3467 3522 3536 agit,
3568 3463 3739 3520 vivens

2159 3560 2356 3602 mortua
2385 3562 2453 3604 est
2496 3551 2552 3622 (ι
2575 3551 2704 3604 Tim.
2735 3568 2786 3618 v,
2822 3553 2899 3622 6).
2931 3554 3065 3620 Quid
3106 3563 3191 3609 est
3233 3571 3391 3625 agere
3429 3559 3478 3610 in
3510 3557 3732 3623 deliciis,

2160 3637 2257 3696 nisi
2290 3644 2407 3698 illos
2434 3655 2607 3698 motus
2628 3646 2837 3711 animm,
2861 3662 2996 3714 quos
3011 3662 3319 3703 communes
3340 3649 3597 3703 habemus
3617 3666 3739 3705 cum

2159 3734 2468 3801 pecudibus,
2515 3735 2694 3789 laxare
2738 3736 2790 3789 in
2839 3739 3136 3806 voluptates
3181 3748 3234 3792 ct
3281 3741 3740 3809 concupiscentias

2161 3823 2559 3888 immoderatus,
2586 3826 2636 3878 in
2664 3827 3023 3890 voracitatem,
3055 3829 3104 3880 in
3135 3830 3465 3894 ebrietatem,
3499 3833 3550 3884 in
3575 3832 3742 3886 forni-

2159 3917 2444 3980 cationem,
2476 3919 2525 3970 in
2562 3920 3008 3972 somnolenliam?
3042 3919 3095 3972 lu
3124 3919 3327 3974 deliciis
3355 3933 3516 3991 agunt
3543 3925 3632 3993 qui
3665 3926 3742 3978 sic
3799 3919 3804 3922 ⁴

2159 4009 2367 4074 vivunt;
2402 4010 2494 4062 sed
2524 4011 2622 4063 vivi
2647 4012 2839 4064 mortui
2864 4021 3002 4078 sunt.
3033 4011 3083 4066 Si
3111 4023 3283 4064 autem
3307 4015 3743 4082 constringuntur

2160 4100 2273 4154 ἱεῑιυ
2305 4116 2493 4156 omnes
2533 4100 2860 4167 affectiones,
2911 4113 2965 4157 et
3008 4105 3092 4157 isti
3136 4115 3307 4158 motus
3355 4116 3636 4196 teneamur
3671 4110 3738 4162 ad

2159 4194 2474 4257 castitatem,
2507 4195 2570 4247 ad
2598 4196 2998 4260 continentiam,
3034 4197 3274 4265 producit
3299 4207 3435 4251 terra
3465 4194 3735 4265 animam;

2161 4300 2277 4354 qua:
2303 4287 2422 4357 quia
2447 4297 2650 4341 mortua
2679 4298 2792 4342 erat
2817 4289 2866 4341 in
2894 4289 3116 4351 deliciis,
3145 4299 3304 4343 restat
3331 4299 3386 4343 ut
3411 4291 3678 4345 refl-enata
3708 4309 3739 4345 a

2161 4377 2365 4431 deliciis
2409 4379 2622 4447 incipiat
2661 4381 2854 4443 vivere,
2897 4391 2952 4434 et
2993 4380 3188 4436 habere
3218 4383 3460 4437 virtutem
3509 4385 3736 4452 pietatis.

2159 4470 2286 4535 Qum
2321 4479 2402 4524 est
2427 4479 2603 4525 autem
2635 4473 2798 4526 virtus
2829 4474 3076 4541 pietatis?
3118 4475 3365 4528 Charitas
3409 4476 3458 4529 in
3491 4477 3652 4530 Deum
3687 4489 3740 4533 et

2158 4561 2478 4628 proxhuum.
2505 4562 2601 4628 Qui
2633 4571 2806 4615 autem
2836 4562 2994 4616 habet
3017 4563 3349 4631 charitatem,
3385 4565 3614 4620 refrenat
3644 4584 3742 4634 per

2159 4651 2316 4704 ﬁdem
2340 4667 2524 4706 omnes
2549 4652 2811 4718 libidines,
2836 4669 3024 4707 omnes
3049 4656 3523 4722 concupiscentias,
3551 4671 3741 4712 omnes

2161 4750 2334 4795 motus
2360 4743 2519 4796 animi
2555 4744 2656 4807 sui,
2679 4759 2811 4812 quos
2839 4759 3150 4798 communes
3188 4747 3491 4800 habetcum
3524 4749 3742 4815 pecudi-

2159 4830 2278 4896 bus,
2326 4832 2428 4886 erit
2469 4833 2643 4886 anima
2683 4834 2819 4886 viva.
2863 4835 2926 4886 Et
2969 4835 3207 4902 sequitur
3255 4847 3308 4888 ut
3331 4836 3436 4904 jam
3480 4840 3743 4892 formetur

2159 4920 2320 4976 homo
2356 4922 2421 4975 ad
2452 4923 2734 4991 imaginem
2777 4932 2829 4977 et
2869 4924 3269 4979 similitudinem
3295 4926 3409 4980 Dei.
3456 4926 3742 4982 Formatur

2159 5023 2331 5067 autem
2354 5029 2472 5067 cum
2505 5016 2679 5067 omnia
2712 5015 2830 5079 ista,
2861 5031 2978 5084 qua:
3005 5016 3143 5069 dicta
3184 5025 3326 5082 sunt,
3356 5017 3421 5071 ad
3453 5019 3597 5072 illum
3637 5019 3736 5074 ho-

2160 5107 2353 5160 minem
2384 5105 2827 5160 concluduntur‘.
2860 5106 2992 5172 Quia
3031 5115 3086 5160 et
3124 5105 3246 5161 fecit
3282 5108 3422 5161 Deus
3449 5109 3640 5174 lucem,
3670 5111 3741 5166 de

2159 5198 2371 5252 homine
2396 5198 2590 5252 dictum
2613 5208 2694 5252 est
2716 5199 2765 5251 in
2789 5199 3023 5252 Ecclesia
3051 5217 3062 5251 :
3093 5207 3145 5252 et
3171 5198 3293 5253 fecit
3319 5199 3736 5268 ﬁrmamentum,

2158 5298 2371 5356 propter
2392 5288 2659 5342 hominem
2686 5289 2970 5342 auctoritas
2995 5288 3384 5357 Scripturarum
3406 5306 3420 5344 :
3446 5303 3496 5344 ct
3526 5307 3741 5361 separa-

2162 5381 2231 5431 vit
2259 5393 2421 5448 aquas
2444 5394 2472 5430 a
2503 5388 2660 5442 terra,
2690 5377 2886 5434 Gentes
2911 5395 2939 5431 a
2971 5379 3310 5433 credentibus
3341 5399 3353 5435 ε
3385 5389 3438 5434 et
3465 5383 3739 5450 germina-

2157 5469 2230 5520 vit
2262 5478 2397 5520 terra
2442 5467 2657 5521 herbam
2692 5469 2886 5536 pabuli,
2916 5483 3077 5536 opera
3123 5469 3502 5523 misericordiae
3533 5487 3545 5522 :
3575 5479 3629 5525 et
3656 5471 3744 5525 lu-

2160 5559 2300 5612 mina
2332 5557 2383 5610 in
2412 5558 2566 5624 cmlo,
2589 5558 2936 5628 Evangelistae
2966 5559 3134 5613 sancti
3164 5559 3214 5612 in
3238 5557 3454 5614 homine
3484 5577 3498 5614 :
3530 5568 3584 5614 et
3612 5573 3741 5630 pro—

2239 5751 2256 5784 ι
2280 5757 2435 5812 Forte,
2457 5751 2524 5802 ad
2543 5750 2830 5803 intellectum
2852 5752 3051 5804 hominis
3074 5753 3447 5820 conjunguntur.

2238 5831 2316 5894 (a)
2337 5833 2512 5886 Iudicat
2530 5845 2706 5887 recens
2723 5836 2996 5898 baptizatos.
