4036 6188
272 252 409 310 I719

268 368 415 420 duxit
447 373 590 420 terra
624 365 810 437 reptile
849 367 1141 422 animarum
1172 370 1430 435 vivarum,
1467 374 1852 442 Sacramenta;

265 469 319 511 et
351 458 452 513 hoc
482 459 534 510 in
569 456 904 514 hominibus:
929 468 1110 528 postea
1135 460 1379 530 produxit
1408 463 1636 518 animam
1661 466 1854 531 vivam,

266 548 662 604 refrenationcs
689 550 925 604 omnium
956 551 1264 617 libidinum;
1297 561 1351 607 et
1380 553 1482 608 hoc
1533 555 1584 608 in
1618 555 1854 612 homine.

266 639 440 708 Jungc
473 640 572 694 ista
599 639 778 694 omnia
801 640 868 695 ad
908 641 1266 708 intellectum;
1309 653 1364 700 et
1393 643 1565 700 factus
1589 657 1671 702 est
1699 651 1859 703 homo

237 733 337 786 'ad
380 733 664 802 imaginem
703 743 757 788 et
785 734 1182 790 similitudinem
1217 738 1332 793 Dei.
1364 739 1593 795 Attende
1625 741 1766 796 unde
1797 742 1857 794 il-

272 823 362 876 lud
409 825 718 892 probemus.
752 823 874 879 Ideo
913 825 980 880 de
1018 827 1237 897 singulis
1278 829 1505 895 (licebat,
1548 830 1684 885 Vidit
1721 833 1860 888 Deus

270 917 389 983 quia
418 915 605 969 bonum
645 925 736 970 est.
779 915 1000 982 Quando
1030 929 1207 973 autem
1248 920 1373 975 fecit
1417 938 1529 976 rem
1559 924 1855 991 meliorem,

272 1021 381 1059 non
424 1006 557 1061 vidit
583 1007 708 1074 quia
739 1007 926 1060 melior
965 1007 1099 1062 facta
1126 1020 1225 1064 est.
1255 1011 1358 1066 Sed
1405 1013 1456 1066 in
1502 1014 1616 1082 ipso
1643 1014 1858 1070 homine

271 1097 547 1152 concludit
571 1099 748 1151 omnia
779 1114 895 1167 qure
925 1098 1056 1152 facta
1083 1109 1225 1166 sunt,
1264 1111 1316 1155 et
1344 1101 1541 1156 dictum
1585 1114 1685 1169 est,
1725 1104 1860 1158 Vidit

272 1187 414 1243 Deus
456 1191 630 1242 omnia
654 1205 766 1257 quae
805 1190 942 1260 fecit,
971 1200 1019 1243 et
1053 1206 1164 1243 ecce
1189 1191 1318 1244 bona
1348 1191 1508 1246 valde.
1542 1193 1860 1248 Jamdudum

273 1279 490 1334 diccbat
523 1278 590 1334 de
629 1279 874 1348 singulis,
905 1281 1027 1348 quia
1056 1281 1191 1334 bona
1233 1292 1412 1336 essent
1437 1300 1451 1343 ;
1481 1284 1696 1338 homine
1724 1284 1862 1341 facto

272 1371 451 1425 omnia
485 1371 796 1424 nominavit.
828 1371 1143 1440 lutelligitur
1167 1373 1287 1440 quia
1317 1373 1400 1426 illa
1446 1375 1650 1443 singula
1686 1375 1738 1429 in
1768 1375 1862 1430 ho-

271 1466 419 1517 mine
457 1464 637 1517 omnia
675 1463 1036 1516 inveniuntur.
1083 1462 1286 1528 Qumris
1327 1464 1379 1516 in
1412 1465 1622 1519 homine
1649 1466 1863 1520 lucem?

274 1553 489 1608 Iuvenis
519 1553 697 1607 fidem.
725 1553 929 1619 Qumris
960 1551 1386 1608 firmamentum?
1428 1554 1634 1609 Iuvenis
1681 1563 1862 1609 aucto-

273 1647 488 1700 ritatem
526 1645 942 1714 Scripturarum.
990 1645 1194 1708 Qtneris
1239 1647 1655 1714 segregationem
1695 1662 1861 1716 aqua-

274 1736 433 1790 rum?
466 1735 673 1788 Iuvenis
704 1733 914 1788 fidelem
938 1745 1270 1804 segregatum
1303 1750 1330 1787 a
1357 1734 1632 1790 Gentibus.
1657 1736 1862 1802 Qumris

276 1829 540 1898 pullulare
578 1827 799 1880 herbam
841 1835 896 1880 et
937 1826 1076 1894 ligna
1113 1825 1417 1881 fructifera?
1462 1826 1670 1881 Iuvenis
1699 1843 1861 1896 opera

274 1920 436 1980 bona,
478 1932 643 1985 opera
685 1917 1086 1971 misericordiae.
1129 1915 1334 1984 Quarris
1383 1917 1660 1972 luminaria
1705 1920 1862 1974 cudi?

278 2010 488 2064 Iuvenis
519 2008 900 2077 Evangelistas.
930 2007 1138 2075 Quaeris
1167 2007 1372 2076 reptilia
1395 2010 1690 2063 animarum
1719 2011 1865 2064 viva-

279 2100 430 2156 rum?
479 2099 689 2154 Iuvenis
732 2099 1092 2153 Sacramenta.
1126 2098 1331 2166 Qumris
1376 2100 1606 2154 animam
1646 2102 1862 2154 vivam?

279 2194 486 2248 Iuvenis
523 2191 925 2246 continentiam.
955 2191 1160 2256 Qumris
1194 2191 1245 2245 in
1291 2192 1506 2246 homine
1553 2191 1862 2247 hominem?

279 2288 489 2341 Iuvenis
523 2286 806 2356 imaginem
838 2295 892 2339 et
927 2285 1328 2340 similitudinem
1359 2287 1472 2340 Dei.

283 2377 359 2431 Ea:
385 2378 635 2432 Sermone
673 2376 737 2428 de
774 2375 1197 2446 Quinquagesima
1232 2375 1606 2429 resurrectionis
1627 2417 1640 2440 ,
1671 2375 1862 2428 Florus

905 2466 972 2518 ad
999 2466 1018 2518 I
1049 2465 1166 2519 Cor.
1196 2481 1233 2518 1.

346 2560 666 2614 Ilumiliatus
692 2569 774 2615 cst
811 2560 1066 2613 Dominus
1090 2558 1335 2612 Christus
1355 2599 1369 2622 ,
1399 2568 1458 2613 ut
1483 2575 1602 2614 esse
1631 2560 1861 2616 humiles

277 2666 623 2705 nosceremus
662 2670 676 2704 :
714 2656 1003 2719 conceptus
1042 2658 1125 2704 est
1154 2649 1434 2704 continens
1461 2651 1637 2703 omnia
1661 2691 1676 2716 ,
1706 2660 1860 2704 natus

278 2753 356 2797 est
385 2744 612 2810 gignens
637 2741 835 2803 omnia,
866 2749 1108 2794 mortuus
1127 2748 1210 2794 cst
1231 2740 1499 2794 viviticaus
1525 2741 1700 2793 omnia
1729 2758 1742 2792 :
1767 2739 1860 2794 sed

278 2843 393 2902 post
439 2832 675 2884 triduum
723 2830 1042 2896 resurrexit,
1085 2838 1140 2884 et
1177 2829 1416 2886 ascendit
1456 2831 1506 2884 in
1550 2831 1780 2896 cmlum,
1809 2840 1862 2886 et

277 2925 563 2976 humanam
592 2937 748 2991 quam
777 2931 1083 2990 susceperat
1117 2937 1352 2989 carnem,
1382 2921 1447 2975 ad
1473 2922 1644 2976 Patris
1673 2923 1859 2978 dexte-

278 3030 384 3068 ram
411 3014 718 3068 collocavit.
748 3012 986 3067 Mirabile
1016 3023 1097 3068 cst
1120 3054 1134 3077 ,
1165 3011 1384 3080 fratres,
1407 3021 1462 3068 et
1485 3012 1586 3067 hoc
1615 3013 1861 3084 estquod

275 3105 494 3159 credere
531 3103 682 3173 impii
709 3103 930 3169 nolunt;
972 3103 1214 3158 mirabile
1248 3113 1330 3157 est
1371 3103 1637 3158 hominem
1680 3119 1860 3158 resur-

276 3197 476 3250 rexisse
507 3195 560 3248 in
590 3209 771 3260 carne,
799 3205 854 3249 et
873 3195 936 3248 in
961 3194 1153 3249 cadum
1180 3194 1482 3248 ascendisse
1507 3210 1627 3248 cum
1659 3209 1856 3250 carne:

275 3290 364 3345 sed
398 3289 574 3344 multo
609 3298 693 3344 est
727 3288 1022 3342 mirabilius
1044 3331 1061 3354 ,
1093 3297 1259 3341 totum
1299 3287 1553 3342 mundum
1595 3303 1709 3342 rem
1752 3296 1858 3342 tam

278 3380 640 3434 incredibilem
662 3378 974 3434 credidisse.
1013 3377 1150 3445 Quid
1175 3386 1256 3432 est
1291 3377 1651 3432 incredibilius
1692 3378 1857 3433 Deum

278 3471 392 3525 talia
415 3471 616 3526 fecisse
635 3511 650 3536 ,
677 3486 742 3524 an
770 3469 1024 3524 mundum
1052 3469 1272 3524 credere
1305 3469 1574 3538 potuisse?
1611 3469 1748 3535 Quid
1770 3510 1783 3532 ,
1813 3469 1859 3523 si

275 3574 324 3619 et
360 3565 477 3635 ipse
526 3563 722 3618 modus
763 3561 1130 3617 consideretur
1170 3576 1200 3615 a
1245 3561 1398 3615 nobis
1423 3603 1439 3628 ,
1488 3576 1594 3631 quo
1637 3560 1861 3616 credidit
1907 3619 1910 3622 ,

276 3653 547 3708 mundus?
569 3654 731 3707 etiam
760 3653 875 3722 ipse
900 3666 1025 3708 vere
1052 3651 1262 3705 divinus
1285 3651 1600 3718 advertitur,
1628 3659 1680 3705 et
1707 3649 1859 3705 valde

276 3745 535 3800 mirabilis
567 3743 855 3798 invenitur.
885 3743 1180 3798 Ineruditos
1206 3743 1513 3798 liberalibus
1541 3742 1854 3810 disciplinis,

275 3846 326 3890 et
350 3836 579 3892 omnino
614 3843 872 3904 quantum
899 3833 966 3888 ad
1000 3833 1179 3888 surculi
1208 3832 1478 3887 doctrinas
1501 3833 1733 3902 pertinet
1759 3832 1859 3885 im-

276 3927 497 3996 politus,
527 3940 638 3979 non
665 3925 866 3994 peritos
888 3923 1265 3993 grammatica,
1299 3937 1402 3976 non
1435 3933 1668 3976 armatos
1695 3922 1860 3977 diale-

274 4020 436 4084 ctica,
470 4018 768 4086 piscatores
790 4015 1033 4070 Christus
1058 4029 1176 4069 cum
1203 4015 1406 4069 retibus
1444 4013 1565 4069 dei
1604 4014 1671 4068 ad
1713 4029 1860 4068 mare

275 4109 451 4163 szeculi
510 4107 863 4176 paucissimos
915 4106 1080 4160 misit.
1107 4105 1262 4172 .Quid
1306 4105 1426 4160 dico
1473 4105 1859 4174 paucissimos?

276 4198 569 4253 Duodecim
609 4197 787 4263 misit;
825 4206 881 4252 et
919 4206 1092 4251 tamen
1135 4213 1230 4266 per
1253 4210 1347 4251 eos
1385 4197 1461 4250 sic
1489 4196 1634 4250 omni
1663 4211 1859 4266 genere

277 4291 499 4359 piscium
530 4288 770 4357 implevit
795 4287 1082 4350 Ecclesias,
1114 4296 1172 4341 ut
1196 4287 1411 4356 plurimi
1442 4287 1601 4342 etiam
1637 4303 1701 4340 ex
1733 4287 1858 4356 ipsis

275 4378 609 4449 sapientibus
627 4378 828 4444 smculi,
848 4378 1039 4448 quibus
1057 4377 1338 4432 videbatur
1353 4378 1703 4446 ignominiosa
1727 4394 1858 4433 crux

276 4470 510 4536 Christi,
541 4484 608 4524 ea
636 4469 688 4523 in
718 4469 890 4524 fronte
913 4470 1218 4539 signentur;
1242 4469 1385 4523 etde
1409 4484 1511 4538 qua
1536 4470 1858 4525 erubescen-

275 4560 398 4615 dum
425 4560 711 4631 putabant,
739 4560 1000 4630 nobisque
1027 4559 1376 4627 insultabant,
1408 4574 1527 4614 eam
1558 4561 1608 4614 in
1642 4559 1857 4630 pudoris

274 4667 396 4707 arce
424 4651 778 4707 constituant.

274 4816 354 4871 Ex
385 4816 637 4872 Sermone
655 4819 722 4870 de
743 4816 987 4884 Apostolo
1017 4814 1184 4867 Paulo
1205 4854 1220 4878 ,
1255 4813 1309 4867 in
1337 4812 1654 4868 causatione
1679 4816 1856 4885 cuju-

463 4904 583 4956 dam
613 4901 793 4957 Fausti
819 4903 1038 4974 pagani,
1073 4902 1258 4957 Florus
1283 4903 1350 4956 ad
1379 4903 1530 4958 Rom.
1566 4919 1675 4958 XIV.

340 4997 450 5052 Cor
480 4996 712 5050 hominis
741 5011 840 5051 nec
869 4995 1052 5072 videre
1081 5009 1359 5064 possumus
1377 5034 1393 5060 ,
1430 5010 1528 5050 nec
1555 4995 1854 5050 ostendere.

271 5088 412 5143 Deus
441 5089 593 5152 dicit,
619 5086 746 5152 Qute
773 5087 946 5158 palam
969 5095 1088 5141 sunt
1106 5128 1122 5153 ,
1158 5085 1294 5140 vobis
1309 5101 1329 5149 ,'
1351 5101 1463 5156 qua:
1487 5087 1682 5139 occulta
1705 5095 1822 5140 sunt
1839 5128 1854 5153 ,

271 5183 417 5234 aulai.
467 5180 665 5235 Paulus
695 5180 821 5234 dicit
849 5179 1168 5249 Apostolus,
1257 5177 1501 5244 Fratres,
1537 5179 1700 5233 nolite
1735 5188 1858 5235 ante

331 5281 545 5340 tempus
564 5269 804 5339 judicare
830 5269 1116 5338 quidquam
1135 5308 1152 5333 ,
1178 5266 1348 5322 donec
1367 5267 1542 5322 veniat
1566 5267 1820 5321 Dominus
1838 5309 1854 5333 ,

328 5371 384 5416 et
411 5361 680 5415 illuminct
701 5358 1009 5414 abscondita
1040 5357 1398 5421 tenebrarum,
1421 5365 1475 5412 et
1500 5356 1860 5412 manifestabit

327 5453 687 5524 cogitationes
710 5451 985 5519 cordium;
1021 5460 1070 5505 et
1103 5459 1228 5504 tunc
1249 5450 1360 5504 laus
1388 5451 1493 5505 erit
1519 5450 1804 5519 unicuique

330 5544 442 5600 Deo
533 5542 588 5613 (l
615 5541 736 5597 Cor.
767 5556 824 5596 tv
847 5581 862 5608 ,
897 5541 972 5610 5).
1002 5540 1117 5595 Non
1151 5548 1302 5610 potes
1333 5539 1592 5608 inspicere
1618 5554 1711 5593 cor
1737 5539 1858 5595 novi

267 5635 568 5691 christiani.
613 5631 774 5700 Quid,
803 5647 896 5688 cor
922 5632 1116 5689 veteris
1140 5631 1412 5686 christiani
1439 5631 1628 5700 potes?
1657 5631 1860 5687 Dicturl

1491 261 1908 319 FRAGMENTA
1947 265 2338 325 SERMONUM.

3412 279 3550 339 1730

1969 379 2129 444 esus,
2166 377 2268 435 Sed
2297 395 2362 434 ex
2401 383 2716 440 necessitate
2757 385 3001 442 credidit.
3043 387 3227 445 Posset
3262 401 3315 446 et
3353 391 3422 448 de
3457 394 3552 450 illo

1967 469 2105 536 dici,
2132 469 2199 524 de
2225 487 2330 540 quo
2359 475 2513 540 paulo
2551 484 2678 530 ante
2718 476 3101 547 loquebamur,
3139 481 3239 548 Qui
3277 485 3419 553 prius
3453 484 3554 542 fuit

1969 559 2308 650 blasphemus,
2340 573 2388 617 et
2412 576 2714 634 persecutor,
2743 578 2787 620 et
2815 569 3089 639 injuriosus
3112 573 3164 644 (
3198 573 3326 628 Tim.
3357 592 3406 644 ,
3434 579 3550 650 15).

1971 649 2032 703 Et
2065 651 2160 720 ipsi
2188 652 2330 706 enim
2362 655 2603 722 qumdam
2627 659 2918 713 necessitas
2944 661 3169 730 impacta
3198 676 3280 720 est
3309 684 3322 718 :
3346 649 3554 725 caelesti

1969 757 2099 796 voce
2128 753 2419 811 prostratus
2444 755 2554 812 est;
2595 757 2649 802 ut
2677 749 2854 804 lumen
2885 751 3135 821 haberet,
3163 756 3338 812 lumen
3371 759 3552 828 perdi-

1969 833 2064 888 dit.
2095 835 2294 891 Minare
2334 839 2472 906 quod
2514 841 2784 907 volueris,
2831 853 2885 898 et
2920 857 3174 914 quantum
3214 851 3445 907 volueris
3483 854 3552 910 da

1968 927 2184 981 cuilibet
2211 928 2408 983 homini
2437 948 2449 983 :
2479 933 2604 1000 quid
2634 934 2842 989 dulcius
2868 937 2963 990 ista
2995 938 3150 993 luce?
3178 942 3344 1007 Quam
3374 953 3551 1000 tamen

1969 1019 2162 1076 Paulus
2189 1024 2287 1077 nisi
2324 1025 2674 1094 perdidisset,
2704 1040 2955 1086 mteruam
2987 1047 3090 1087 non
3129 1036 3441 1103 accepisset.
3477 1038 3553 1092 De

1968 1115 2288 1170 necessitate
2323 1117 2566 1176 credidit.
2595 1120 2730 1187 Quid
2770 1123 2984 1176 timuit?
3018 1126 3230 1180 Dicatur
3262 1129 3391 1182 mihi
3422 1129 3551 1199 quid

1970 1203 2162 1257 timuit.
2187 1207 2490 1262 Clamantes
2510 1211 2671 1264 oves?
2696 1209 2835 1266 Oves
2861 1213 3092 1268 clamare
3118 1227 3368 1283 possunt,
3402 1234 3550 1272 mor

1969 1291 2096 1348 dere
2127 1311 2230 1348 non
2256 1309 2496 1365 possunt.
2525 1299 2701 1353 Potuit
2723 1309 2776 1354 et
2799 1301 2848 1354 in
2873 1302 2986 1370 ipso
3006 1303 3237 1358 clamore
3257 1307 3432 1361 ovitrm
3459 1309 3550 1362 Dei

1969 1384 2247 1441 advertere
2272 1389 2494 1456 gloriam
2519 1391 2631 1456 Dei,
2656 1401 2710 1444 et
2739 1392 2928 1446 timere
2953 1393 3210 1461 judicium
3241 1395 3356 1450 Dei.
3391 1397 3549 1451 Exci-

1971 1484 2112 1530 tatus
2133 1489 2211 1532 est
2235 1493 2263 1529 a
2289 1494 2476 1533 somno
2505 1480 2734 1550 quodam
2763 1482 2943 1547 modo,
2973 1492 3030 1536 ut
3059 1485 3424 1540 consideraret
3453 1488 3552 1541 im-

1969 1566 2102 1634 pleri
2127 1567 2192 1621 de
2212 1567 2426 1623 Christo
2450 1586 2566 1640 qua:
2588 1581 2709 1626 sunt
2730 1573 2979 1642 prmdicta
3001 1575 3067 1628 de
3086 1574 3320 1642 Christo,
3349 1587 3550 1632 tantmn

1968 1672 2126 1726 posse
2154 1676 2344 1712 nomen
2379 1661 2605 1725 Christi,
2638 1672 2837 1718 tantum
2870 1667 3159 1732 praevalere
3184 1668 3402 1735 gloriam
3433 1670 3548 1724 Dei.

1969 1747 2151 1816 Itaque
2182 1749 2416 1805 breviter
2442 1753 2561 1806 dico
2592 1754 2845 1808 Charilati
2875 1765 3099 1821 vestrze;
3135 1758 3424 1812 Ecclesiam
3459 1760 3552 1814 Dei

1970 1838 2231 1908 alloquor,
2259 1843 2508 1910 populum
2541 1844 2633 1898 Dei
2660 1845 2899 1914 alloquor
2930 1845 3020 1898 :Si
3046 1846 3291 1912 credidit,
3322 1857 3374 1902 tu
3403 1848 3552 1904 inve-

1970 1929 2121 1985 nisti:
2160 1932 2202 1984 si
2233 1932 2444 1998 timuit,
2479 1942 2532 1986 tu
2560 1934 2748 1988 vicisti.
2783 1935 2999 1989 Interim
3020 1977 3034 2001 ,
3065 1936 3285 2003 fratres,
3314 1938 3379 1992 ad
3408 1939 3552 2008 quod

1970 2030 2191 2088 possunt
2226 2021 2505 2087 homines,
2549 2023 2683 2078 ultra
2724 2025 2878 2080 nobis
2916 2042 3020 2079 non
3063 2042 3381 2097 nsurpemus
3408 2031 3552 2100 quod

1968 2124 2282 2165 concessum
2318 2128 2422 2166 non
2452 2121 2554 2168 cst.
2579 2115 2862 2182 Apostolus
2883 2115 3010 2169 dicit
3045 2134 3057 2168 :
3084 2115 3356 2184 ln/irmum
3381 2131 3550 2174 autent

1967 2200 2020 2251 in
2050 2201 2152 2267 [ide
2191 2203 2425 2272 recipite,
2471 2221 2572 2256 non
2613 2205 2664 2256 in
2705 2206 3146 2278 diiudicationibus
3190 2208 3550 2277 cogitationum

1973 2292 2144 2362 (Rom.
2180 2311 2284 2360 Juv,
2316 2295 2392 2364 -l).
2427 2295 2538 2348 Non
2569 2297 2719 2349 nobis
2748 2311 3063 2366 usurpcmus
3087 2298 3376 2366 dijudicare
3399 2301 3547 2370 cogi-

1971 2386 2195 2440 tationes
2210 2389 2432 2441 aliorum
2454 2405 2466 2440 :
2487 2389 2578 2442 sed
2600 2389 2705 2441 Deo
2724 2391 3055 2456 praebeamus
3076 2393 3423 2460 cogitationes
3450 2410 3548 2449 no-

1968 2485 2126 2539 stras,
2145 2476 2303 2530 etiam
2328 2493 2424 2546 pro
2446 2478 2546 2532 illis
2566 2479 2632 2532 de
2653 2479 2842 2547 quibus
2861 2480 2994 2535 forte
3009 2481 3202 2551 aliquid
3222 2483 3545 2540 dubitamus.

1969 2563 2128 2618 Forte
2144 2565 2345 2620 dubitat
2359 2567 2553 2636 aliquid
2570 2567 2773 2622 novitas
2791 2569 2976 2637 ipsius.
3043 2583 3181 2626 male
3196 2573 3550 2629 abundantius

1968 2653 2297 2709 dubitantem
2324 2673 2336 2709 :
2360 2671 2540 2710 amore
2563 2664 2743 2710 vestro
2769 2669 2950 2713 curate
2972 2659 3039 2714 de
3062 2661 3221 2714 corde
3244 2662 3435 2716 infirmi
3455 2664 3551 2717 du-

1970 2744 2298 2799 bitationem.
2315 2744 2622 2800 luteriorcm
2641 2745 2824 2800 faciem
2844 2747 3038 2812 videte,
3054 2749 3119 2803 de
3136 2766 3235 2818 qua
3253 2751 3546 2820 gaudeatis;

1967 2848 2062 2887 cor
2089 2835 2196 2887 Deo
2220 2834 2554 2900 committite,
2570 2849 2669 2905 pro
2689 2851 2793 2904 quo
2814 2838 2998 2891 oretis.
3017 2837 3208 2894 Sciatis
3229 2855 3349 2894 eum
3375 2840 3549 2896 deseri

1967 2938 1996 2977 a
2013 2924 2184 2988 malis,
2201 2925 2518 2992 suscipiatur
2531 2939 2562 2978 a
2575 2923 2743 2978 vobis.
2760 2925 2885 2980 Plus
2902 2935 3075 2982 amate
3095 2929 3549 3000 hominem,quam

1967 3014 2113 3081 prius
2139 3014 2372 3068 oderatis
2399 3030 2655 3069 errorem.
2688 3015 2776 3070 Sic
2804 3018 2957 3071 venit.
2983 3017 3228 3073 Christus
3268 3036 3437 3090 aegros
3463 3037 3551 3077 sa-

1968 3106 2190 3171 nare,de
2204 3123 2308 3175 quo
2321 3107 2660 3176 Evangelium
2679 3107 2980 3162 audivimus
2997 3127 3007 3161 :
3053 3110 3184 3177 Quia
3200 3127 3303 3164 non
3318 3119 3401 3166 est
3415 3128 3550 3182 opus

2019 3198 2163 3250 sanis
2185 3197 2439 3262 medicus,
2458 3197 2548 3252 sed
2570 3198 2707 3252 male
2730 3198 3076 3254 habentibus
3106 3200 3318 3268 (Matth.
3348 3202 3546 3273 tx,12).

2034 3287 2098 3340 Et
2134 3287 2250 3355 quis
2290 3296 2372 3341 est
2400 3287 2560 3341 homo
2584 3289 2672 3356 qui
2703 3303 2822 3340 cum
2855 3289 3145 3356 perdiderit
3176 3306 3330 3344 unam
3359 3307 3546 3360 ovem,

2028 3391 2203 3432 nonne
2233 3377 2483 3444 relinquit
2523 3377 2806 3446 nonaginta
2845 3393 3033 3432 novem
3065 3379 3118 3432 in
3162 3381 3462 3449 montibus,
3495 3393 3550 3439 et

2029 3469 2069 3522 it
2092 3483 2332 3538 quaerere
2363 3483 2521 3521 unam
2561 3483 2680 3537 qua:
2718 3468 2985 3538 perierat,
3029 3478 3082 3523 et
3125 3485 3246 3524 cum
3289 3472 3550 3528 invenerit

2026 3559 2220 3630 gaudet
2247 3560 2312 3615 de
2345 3559 2474 3614 illa?
2500 3559 2589 3614 Sic
2617 3559 2810 3630 gaudet
2838 3559 2996 3615 Pater
3025 3577 3176 3616 meus
3205 3563 3272 3618 de
3299 3580 3404 3619 uno
3434 3581 3550 3634 pm-

2030 3650 2229 3705 nitente
2250 3692 2265 3717 ,
2297 3666 2455 3720 quam
2481 3651 2549 3706 de
2575 3650 2862 3720 nonaginta
2900 3666 3089 3706 novem
3125 3653 3315 3721 justis,
3356 3657 3549 3725 quibus

2029 3755 2136 3793 non
2163 3748 2247 3794 est
2273 3755 2404 3810 opus
2422 3741 2734 3809 pteuitentia
2818 3739 2925 3814 (Id.
2953 3757 3078 3802 xvut
3096 3783 3111 3808 ,
3135 3742 3325 3810 IZ-Id,
3353 3755 3398 3798 et
3420 3746 3546 3800 Luc.

1969 3848 2062 3897 xv,
2090 3834 2226 3903 4-7).
2251 3833 2338 3889 Sic
2364 3849 2581 3903 prorsus
2607 3835 2751 3888 venit
2773 3836 3016 3890 Christus
3038 3851 3210 3905 :egros
3239 3852 3447 3903 sanare,
3473 3840 3548 3892 sic

1966 3939 2025 3978 se
2052 3925 2196 3978 novit
2216 3924 2282 3979 de
2309 3925 2539 3979 inimicis
2566 3925 2677 3979 suis
2701 3925 3007 3979 misericors
3027 3926 3315 3980 vindicare.
3343 3927 3546 3994 Quibus

1967 4011 2102 4066 forte
2127 4013 2336 4067 animus
2357 4012 2502 4067 dolet
2525 4013 2861 4068 consortibus
2890 4014 3004 4082 ejus
3027 4016 3246 4077 erroris,
3272 4016 3337 4069 ad
3360 4016 3546 4072 horam

1966 4103 2265 4158 irascuntur
2285 4145 2299 4167 ,
2331 4111 2512 4172 postea
2543 4103 2784 4158 fortassis
2813 4104 3177 4158 imitabuntur.
3209 4104 3407 4175 Itaque,
3438 4107 3546 4161 fra-

1968 4204 2109 4263 tres,
2141 4195 2578 4252 commendamus
2617 4210 2738 4250 eum
2777 4203 2831 4250 et
2872 4195 3204 4260 orationibus
3231 4199 3447 4263 vestris,
3493 4210 3548 4254 et

1965 4286 2232 4341 dilectioni
2277 4295 2494 4351 vestra},
2532 4295 2586 4341 et
2613 4285 2859 4340 amicitia:
2897 4285 3254 4353 delissimzn,
3284 4297 3339 4344 et
3361 4304 3544 4346 susce-

1966 4379 2133 4448 ptioni
2162 4379 2481 4433 infirmitatis
2505 4379 2641 4449 ejus.
2672 4379 2950 4447 Quomodo
2985 4380 3214 4449 prazitis,
3253 4381 3330 4436 sic
3363 4384 3544 4452 sequi-

1969 4479 2054 4523 tur
2080 4487 2093 4523 :
2123 4469 2313 4523 bonam
2343 4470 2482 4528 viam
2513 4469 2702 4525 docete
2723 4511 2738 4536 ,
2774 4469 2967 4524 bonam
3001 4470 3053 4524 in
3097 4471 3249 4526 vobis
3291 4473 3545 4528 inveniat.

1965 4560 2080 4615 1am
2108 4559 2277 4614 factus
2298 4560 2640 4627 Christianus,
2670 4559 2936 4615 discernat
2959 4561 3084 4630 quid
3112 4563 3319 4616 intersit
3341 4564 3478 4618 inter
3497 4565 3549 4620 id

1965 4649 2108 4720 quod
2135 4650 2338 4704 dimisit
2362 4658 2417 4704 et
2445 4651 2495 4704 id
2521 4649 2663 4719 quod
2699 4651 2921 4704 invenit.
2954 4651 3128 4705 Vitam
3164 4653 3330 4721 ipsius
3354 4665 3408 4709 et
3437 4665 3551 4710 stu

1965 4738 2114 4794 dium
2142 4740 2285 4795 circa
2308 4739 2467 4796 tidem
2489 4739 2684 4793 Christi
2709 4740 3003 4808 posteriora
3033 4749 3271 4810 tempora
3301 4758 3548 4814 compro-

1965 4830 2168 4887 babunt
2199 4849 2212 4886 :
2238 4846 2381 4886 nunc
2403 4840 2578 4885 autem
2599 4873 2615 4897 ,
2644 4828 2837 4886 fratres
2873 4832 3012 4899 mei,
3041 4848 3147 4888 non
3175 4835 3272 4889 fuit
3299 4849 3550 4902 necesse,

1966 4923 2197 4978 nonfuit
2237 4925 2444 4978 consilii
2479 4932 2750 4994 pastorum
2793 4926 3057 4996 repellere
3087 4929 3412 4996 pulsantem,
3447 4930 3548 4983 dif-

1965 5016 2104 5070 ferre
2131 5025 2478 5085 quaerentem.
2517 5017 2592 5072 De
2627 5017 2852 5073 occultis
2892 5019 3070 5074 cordis
3108 5020 3245 5074 velle
3287 5020 3544 5088 judicare,

1964 5113 2020 5160 et
2065 5121 2250 5161 vocem
2293 5106 2628 5161 manifestam
2671 5123 2778 5162 non
2823 5118 3141 5179 acceptare,
3189 5123 3288 5164 nec
3336 5110 3548 5164 consilii

1967 5198 2086 5264 fuit,
2119 5213 2218 5253 nec
2245 5199 2506 5269 propositi
2527 5200 2716 5254 nostri.
2746 5201 2998 5255 Novimus
3022 5201 3162 5253 enim
3200 5199 3546 5267 quemadmo-

1965 5289 2090 5344 dum
2140 5291 2375 5344 miuetur
2417 5290 2722 5345 misericors
2768 5290 2857 5343 illa
2904 5289 3000 5344 Dei
3051 5288 3266 5341 avaritia
3315 5288 3548 5358 undique

1965 5381 2108 5434 lucra
2154 5381 2443 5450 quzerentis
2489 5380 2556 5435 de
2598 5380 2819 5450 pecunia
2866 5394 2982 5446 sua,
3031 5388 3084 5434 et
3129 5378 3355 5434 dicentis
3397 5381 3547 5449 pigro

1965 5487 2119 5527 servo
2142 5472 2384 5542 judicare
2404 5473 2600 5529 volenti
2622 5472 2760 5543 quod
2783 5487 2886 5526 non
2911 5471 3143 5538 videbat,
3166 5482 3219 5526 et
3237 5473 3376 5526 circa
3399 5472 3546 5526 lucra

1965 5562 2262 5633 colligenda
2293 5563 2499 5618 Domini
2539 5562 2860 5632 torpescenti
2886 5581 2898 5616 :
2983 5560 3149 5618 Serve
3182 5577 3408 5632 nequam
3431 5599 3449 5628 ,
3477 5577 3547 5619 ex

2024 5669 2116 5710 ore
2145 5663 2235 5709 tuo
2261 5661 2313 5710 te
2342 5653 2662 5710 condemno.
2695 5653 2774 5708 Tu
2801 5670 2884 5710 mc
2906 5653 3084 5709 dixisti
3119 5653 3389 5711 hominem
3423 5667 3540 5709 mo-
