4036 6188
442 332 577 391 1751

441 466 467 501 ι
504 447 719 503 testam.
750 449 948 497 metere
976 438 1063 491 ubi
1092 449 1194 489 non
1218 426 1497 490 sentiuavi,
1528 423 1777 492 colligere
1800 420 1884 473 ubi
1913 434 2015 471 non

440 557 467 593 ι
504 543 672 608 sparsi
698 554 711 591 :
744 554 762 586 ι
792 545 1014 588 noveras
1037 541 1162 596 ergo
1191 522 1467 576 avaritiam
1498 531 1689 569 meam.
1720 530 1737 562 ‹
1769 512 1846 564 Τυ
1867 511 2021 563 dares

446 650 467 684 ι
506 603 783 699 pecuniam
827 636 997 677 meam
1039 611 1440 673 nnmmulariis,
1487 622 1587 675 ego
1634 603 1850 656 veniens
1900 614 2021 653 cum

441 740 465 772 ι
504 694 677 774 usuris
703 716 965 783 exigerem
1001 727 1019 759 ι
1048 705 1196 776 (Luc.
1222 719 1309 756 nx
1337 743 1352 767 ,
1382 699 1475 764 ‘22,
1501 697 1614 766 95).
1642 694 1748 748 Nos
1768 708 1895 761 ergo
1918 706 2023 744 non

440 812 710 882 potuimus
739 805 836 858 uisi
867 813 1087 865 erogare
1114 794 1391 865 pecuniam
1422 789 1762 845 dominicam.
1797 784 2026 836 Exactor

442 908 531 961 ille
555 904 654 957 erit
673 944 687 966 ,
719 915 820 952 non
846 907 1044 950 tantum
1072 893 1235 960 ipsius
1252 930 1267 955 ,
1298 887 1392 941 sed
1415 895 1467 939 et
1493 882 1730 935 omnium
1761 886 2023 931 nostrum.

445 997 762 1067 lmpleamus
797 1005 924 1058 ergo
953 986 1186 1040 ofﬁcium
1219 976 1589 1050 prierogatoris
1610 1016 1625 1039 ,
1668 987 1772 1024 non
1801 981 2025 1035 usurpe—

445 1056 562 1142 mu's
593 1086 763 1138 locum
800 1056 1083 1134 exactoris.
1130 1073 1339 1141 Itaque,
1373 1067 1565 1120 fratres
1600 1063 1737 1125 mei,
1770 1074 1904 1129 opus
1936 1056 2029 1108 Dei

446 1179 498 1233 in
525 1176 702 1229 animo
732 1172 920 1224 habete
949 1164 1128 1221 :aliud
1164 1158 1501 1231 qumrebatis,
1534 1153 1676 1209 aliud
1706 1147 2028 1218 disponeba.

451 1274 549 1332 tis,
592 1265 734 1320 aliud
779 1259 1073 1317 invenistis.
1118 1256 1260 1323 Opus
1302 1248 1513 1305 Domini
1560 1240 2028 1302 commendamus,

450 1367 590 1420 servi
618 1362 912 1419 conservis.
946 1358 1071 1412 Plus
1111 1354 1159 1406 in
1191 1367 1257 1405 eo
1294 1349 1573 1417 diligamus
1599 1339 1740 1412 quod
1777 1334 2035 1391 Dominus

453 1467 634 1511 noster
656 1455 792 1517 fecit,
828 1466 981 1520 quam
1012 1446 1060 1499 id
1082 1442 1221 1514 quod
1255 1440 1429 1493 facere
1461 1434 1789 1489 volebamus.
1817 1426 2033 1481 Meliora

454 1547 592 1600 enim
618 1552 739 1598 sunt
759 1557 915 1611 Opera
941 1538 1124 1608 ipsius.
1150 1536 1210 1587 Et
1234 1543 1475 1599 magnam
1499 1534 1553 1580 et
1578 1523 1821 1577 devotam
1850 1530 2033 1570 vocem

455 1639 569 1706 ejus
606 1636 899 1690 audivimus
943 1647 955 1682 :
1001 1629 1310 1696 Majoratum
1356 1622 1515 1684 nolo,
1561 1615 1884 1671 christianos
1918 1622 2038 1706 esse

454 1730 597 1782 volo.
640 1724 951 1790 Lzetantiui,
1005 1721 1302 1782 cxsnltate,
1346 1714 1573 1783 amplius
1606 1722 1763 1778 quam
1804 1701 2061 1758 oderatist

456 1832 649 1874 amate.
675 1819 819 1887 Opus
850 1830 1005 1870 suum
1033 1813 1245 1867 Christo
1265 1806 1593 1861 orationibus
1621 1796 1992 1855 commendato
2021 1810 2035 1847 :

459 1913 690 1965 animum
724 1910 929 1961 ﬁdelem
952 1949 965 1971 ,
999 1907 1161 1974 pium,
1191 1901 1417 1954 amicum
1440 1893 1752 1951 rudimentis
1775 1890 1917 1945 senis
1949 1901 2041 1941 ex-

458 2000 655 2053 hibete.
681 1998 815 2065 Quid
840 1997 1059 2049 interest
1079 1994 1218 2047 enim
1244 1990 1363 2061 quia
1392 1986 1583 2041 videtis
1605 1986 1711 2054 jam
1736 1986 2039 2051 provectam

461 2090 712 2149 (etatem?
760 2090 897 2143 llora
943 2102 1079 2140 nona
1128 2084 1272 2138 venit
1324 2081 1389 2134 ad
1442 2080 1687 2141 vincant,
1741 2071 2040 2128 mercedem

461 2183 718 2252 aequalem
747 2188 1061 2248 accepturus
1082 2218 1097 2243 ,
1126 2185 1229 2229 etc.

461 2299 547 2354 Ex
576 2299 818 2354 Sermone
845 2298 905 2348 de
932 2293 1111 2346 Natali
1140 2289 1299 2343 sancti
1332 2286 1581 2353 Quadrati
1609 2284 1684 2353 (a)
1707 2324 1721 2349 ,
1747 2279 1886 2335 Beda
1913 2293 2043 2332 non-

860 2384 979 2437 dum
1009 2382 1239 2451 vulgatus
1270 2380 1336 2430 ad
1369 2376 1407 2430 ll
1436 2376 1551 2430 Cor.
1580 2390 1653 2428 tv.

534 2502 725 2556 Beatus
761 2496 1030 2567 apostolus
1059 2492 1257 2547 Paulus
1296 2488 1537 2542 adhibuit
1576 2482 1938 2539 testimonium
1976 2478 2046 2533 de

464 2590 751 2661 Scripturis
769 2629 782 2651 ,
810 2589 861 2641 in
892 2600 996 2655 quo
1022 2584 1173 2638 nobis
1200 2580 1421 2650 gloriam
1449 2587 1739 2646 martyrqu
1771 2584 2047 2627 commen-

464 2685 627 2739 davit.
664 2682 878 2749 Propter
905 2677 1040 2749 quod
1066 2676 1306 2744 scriptum
1332 2681 1423 2735 est,
1449 2670 1617 2738 inquit
1638 2708 1652 2732 ,
1683 2665 1884 2720 Credidi
1924 2677 2046 2732 pro-

468 2786 576 2845 pter
612 2774 746 2843 quod
773 2772 966 2824 locutus
1004 2784 1136 2821 sum.
1170 2766 1231 2818 Et
1261 2781 1350 2817 nos
1378 2762 1658 2823 credimus,
1686 2766 1889 2827 propter
1914 2754 2049 2824 quod

471 2843 778 2934 etloquimur
805 2860 886 2930 (ll
907 2859 1106 2920 Corav,
1142 2855 1313 2923 l5).Si
1336 2847 1850 2907 euinttantutumodo
1872 2843 2048 2899 credi-

467 2957 692 3014 dissent.
714 2962 769 3008 et
790 2968 892 3006 non
916 2952 1279 3019 loquerentur,
1301 2962 1403 2999 non
1430 2951 1751 3013 paterentur.
1771 2935 2051 2992 Credendo

470 3044 934 3117 apprehendcrunt
961 3041 1143 3103 vitam,
1166 3048 1219 3093 et
1249 3036 1511 3107 loquendo
1552 3035 1866 3087 invenerunt
1903 3043 2049 3082 mor-

475 3152 579 3197 tem
602 3160 615 3208 ;
645 3139 738 3193 scd
762 3145 1010 3197 mortem,
1034 3134 1087 3187 in
1114 3147 1214 3201 qua
1236 3143 1430 3198 corpus
1451 3124 1791 3194 corruptibile
1818 3122 2052 3176 semina-

472 3241 636 3295 retnr,
658 3239 710 3285 ct
735 3226 1063 3296 incorruptio
1094 3231 1401 3278 Ineterclur.
1432 3220 1592 3272 Istum
1615 3231 1848 3278 sensum,
1870 3213 1920 3266 id
1950 3222 2050 3279 est,

472 3322 611 3393 quod
642 3320 910 3375 credimus
948 3322 1165 3388 propter
1204 3312 1344 3383 quod
1386 3321 1439 3365 et
1474 3309 1765 3379 loquimur,
1802 3306 1907 3359 alio
1936 3304 2055 3358 loco

475 3414 615 3467 idem
648 3409 920 3482 apostolus
963 3407 1041 3461 sic
1078 3403 1359 3473 explicavit
1390 3420 1401 3453 :
1438 3400 1597 3454 Corde
1633 3398 1852 3452 creditur
1879 3396 1945 3448 ad
1960 3396 2055 3464 ju-

475 3505 685 3568 stitiam,
710 3518 795 3555 ore
816 3510 982 3553 autem
1004 3496 1252 3567 confessio
1275 3496 1329 3562 ﬁt
1351 3498 1418 3546 ad
1437 3494 1650 3546 salutem
1672 3489 1849 3561 (Rom.
1866 3504 1922 3551 χ,
1942 3486 2053 3556 l0).

474 3593 561 3647 Ea;
582 3594 826 3646 Sermone
845 3590 906 3643 de
925 3590 1081 3641 tribus
1102 3586 1273 3655 virgis,
1300 3583 1436 3636 Beda
1457 3592 1504 3635 et
1528 3581 1715 3635 Florus
1736 3580 1803 3631 ad
1826 3580 1843 3631 Ι
1871 3577 1989 3631 Cor.
2014 3592 2050 3629 ι.

549 3682 725 3748 Quare
754 3687 929 3731 autem
956 3678 1128 3747 primo
1155 3674 1416 3743 ignobiles
1435 3713 1449 3737 ,
1480 3685 1673 3739 paucos
1702 3670 1976 3737 imperitos
2006 3676 2061 3722 et

480 3771 748 3839 impolitos
773 3767 988 3836 elegerit
1019 3765 1293 3827 Dominus,
1322 3777 1440 3815 cum
1474 3761 1692 3814 haberet
1721 3769 1845 3813 ante
1874 3758 2060 3813 oculos

481 3876 608 3915 suos
640 3858 845 3913 turbam
876 3870 1150 3925 magnam,
1185 3854 1235 3907 in
1268 3852 1661 3921 comparatione
1696 3850 1905 3919 quidem
1945 3850 2062 3905 illo-

478 3968 601 4007 rum
625 3949 995 4021 pauperiorum
1024 3946 1319 4015 pauciores,
1351 3944 1442 3998 sed
1466 3944 1515 3995 in
1537 3957 1730 4012 genere
1752 3956 1847 3995 suo
1868 3941 2065 3996 multos

474 4044 696 4106 divites,
730 4038 1177 4103 nobiles,doctos,
1205 4037 1501 4105 sapientes,
1529 4048 1662 4103 quos
1694 4042 1874 4103 postea
1905 4034 2065 4087 etiam

475 4135 732 4204 collegit,
764 4132 982 4200 exponit
1022 4129 1309 4198 Apostolus
1357 4134 1747 4180 sacramentum
1793 4144 1803 4177 :
1847 4123 2066 4193 Inﬁrma

482 4228 637 4296 hujus
660 4225 829 4276 mundi
848 4222 994 4290 elegit
1027 4220 1195 4285 Deus,
1219 4229 1271 4271 ut
1293 4218 1568 4284 confundat
1602 4216 1791 4287 fortia;
1831 4225 1876 4268 et
1914 4215 2069 4268 stulta

480 4317 638 4385 hujus
659 4313 834 4365 nmndi
864 4312 1007 4380 elegit
1020 4309 1176 4372 Deus,
1199 4317 1250 4361 ut
1272 4308 1548 4378 confundat
1568 4307 1846 4375 sapientes;
1861 4315 1906 4359 et
1927 4305 2070 4375 igno-

488 4409 609 4460 bilia
638 4407 789 4474 hujus
824 4402 998 4455 mundi
1030 4401 1175 4471 elegit
1200 4400 1338 4453 Deus
1358 4441 1371 4464 ,
1411 4409 1457 4451 et
1489 4416 1547 4452 ea
1572 4415 1683 4464 qum
1718 4415 1818 4451 non
1842 4408 1957 4451 sunt
1979 4438 1992 4462 ,
2018 4397 2070 4452 id

486 4507 592 4563 est,
618 4512 721 4550 non
744 4501 1136 4563 computantur,
1161 4502 1212 4544 ut
1232 4506 1344 4561 qua:
1363 4500 1476 4544 sunt
1498 4500 1795 4543 evaeuentur
1821 4488 1868 4561 (Ι
1891 4490 2007 4543 Cor.
2030 4506 2067 4555 ι,

486 4594 561 4647 €27
582 4602 626 4646 et
647 4590 764 4661 9.8).
800 4588 1028 4642 Venerat
1056 4587 1197 4642 enim
1223 4586 1412 4639 docere
1436 4584 1808 4649 humilitatem,
1826 4592 1879 4637 ct
1903 4598 2071 4651 expu-

490 4699 657 4753 gnare
690 4682 1013 4753 superbiam.
1040 4679 1273 4734 Venerat
1298 4677 1514 4731 humilis
1541 4677 1679 4731 Deus
1704 4695 1715 4728 :
1742 4676 1884 4729 nullo
1917 4674 2074 4729 modo

492 4779 585 4833 hic
622 4776 767 4844 prius
796 4775 931 4827 altos
968 4780 1262 4842 quaereret,
1294 4770 1385 4840 qui
1430 4779 1533 4823 tam
1576 4768 1790 4822 humilis
1833 4774 2071 4822 venerat.

494 4867 699 4930 Primo,
730 4865 848 4934 quia
875 4863 1035 4931 elegit
1064 4863 1208 4916 nasci
1235 4862 1303 4916 de
1334 4861 1422 4915 illa
1454 4860 1668 4923 femina,
1695 4874 1813 4929 quae
1839 4858 2075 4927 desimu-

497 4971 607 5016 sata
639 4967 754 5015 erat
782 4957 944 5010 fabro.
986 4956 1101 5010 Non
1132 4956 1290 5025 elegit
1332 4970 1460 5024 ergo
1499 4955 1703 5017 amplos
1738 4952 1974 5017 natales,
2009 4968 2078 5007 ne

498 5054 549 5108 in
595 5052 693 5105 hac
731 5060 868 5103 terra
915 5046 1162 5101 nobilitas
1205 5046 1521 5115 superbiret.
1554 5044 1668 5097 Non
1702 5044 1861 5112 elegit
1887 5044 2076 5096 saltem

494 5147 643 5203 nasci
674 5147 725 5200 in
755 5142 1079 5213 amplissima
1110 5140 1341 5198 civitate,
1365 5137 1458 5191 sed
1489 5146 1642 5190 natus
1668 5147 1750 5191 est
1781 5138 1831 5190 in
1863 5135 2078 5190 Bethle-

502 5238 624 5291 hem
666 5236 849 5301 Judae,
896 5248 1013 5303 qua:
1061 5246 1159 5285 nec
1202 5228 1430 5284 civitatis
1473 5231 1686 5283 nomine
1727 5235 2077 5295 nuncupatur.

503 5327 777 5395 Hodieque
817 5324 960 5378 illam
1001 5322 1187 5376 incola:
1222 5319 1321 5373 loci
1364 5318 1507 5371 illius
1547 5318 1721 5371 villam
1764 5318 2034 5385 appellant
2066 5333 2079 5369 :

503 5430 608 5473 tam
634 5432 794 5488 parva
817 5457 830 5482 ,
856 5425 960 5470 tam
984 5416 1170 5484 exigua
1188 5456 1202 5479 ,
1227 5426 1393 5482 prepe
1422 5410 1563 5463 nulla
1590 5418 1673 5463 est
1691 5450 1705 5475 ,
1737 5409 1837 5463 nisi
1866 5408 2085 5479 pristina

504 5511 716 5568 Domini
753 5507 951 5564 Christi
997 5506 1268 5559 nativitate
1308 5502 1695 5557 nobilitaretur.
1741 5500 1913 5570 Elegit
1960 5514 2088 5568 ergo

563 5621 638 5683 (a)
670 5626 723 5669 tn
756 5617 1034 5683 calendario
1089 5613 1459 5683 CarthaginenSi.
1481 5624 1687 5683 pense
1705 5608 2089 5683 augus_toncel.e-

497 5670 665 5802 ιπὲιιὶὄ
690 5680 980 5741 Quadratus,
1006 5686 1058 5730 et
1078 5670 1313 5738 martyr'a
1335 5674 1545 5726 Possidio
1582 5673 1755 5727 dicitur
1771 5670 1840 5722 'in
1862 5670 2089 5734 indicato,

498 5756 552 5789 Cll
592 5777 606 5789 .
664 5774 679 5789 ο

1683 304 1737 357 S.
1774 302 2139 361 AUGUS‘l'lNl
2178 295 2481 354 EPlSCOPl

3570 284 3716 342 1732

2130 414 2404 478 infirmos,
2438 422 2726 480 pauperes,
2760 404 3000 462 indoctos
3033 422 3047 461 :
3074 417 3179 459 non
3216 403 3339 473 quia
3373 401 3591 472 reliqutt
3613 403 3710 455 ﬂr-

2129 520 2245 559 mos
2261 545 2275 568 ,
2305 501 2497 556 divites
2517 542 2529 565 ,
2559 498 2826 567 sapientes
2847 538 2861 562 ,
2887 495 3123 559 nobiles;
3153 493 3249 548 sed
3271 493 3314 547 si
3342 492 3487 561 ipsos
3507 492 3710 559 primos

2131 597 2350 665 eligeret
2367 635 2383 660 ,
2415 592 2604 646 merito
2629 590 2931 644 divitiarum
2966 601 3179 641 suarum
3201 627 3215 650 ,
3240 584 3431 639 merito
3465 584 3714 639 substan-

2133 688 2322 741 tiarum
2345 726 2358 747 ,
2387 684 2579 738 merito
2614 681 2869 735 natalium
2906 678 3003 732 sibi
3034 676 3154 746 eligi
3184 675 3491 730 viderentur
3510 716 3522 738 ,
3552 682 3716 743 atque

2132 778 2299 832 inflati
2327 777 2394 830 de
2424 775 2507 829 his
2530 774 2719 838 rebus,
2750 772 2975 826 salutem
3008 769 3321 823 humilitatis
3357 782 3463 821 non
3503 768 3714 835 recipe-

2132 879 2285 933 rent,
2331 870 2448 922 sine
2485 882 2587 937 qua
2632 880 2787 919 nemo
2832 870 3004 932 potest
3040 862 3217 916 redire
3246 859 3312 913 ad
3339 860 3482 913 illam
3510 858 3710 926 vitam,

2134 962 2277 1015 unde
2304 976 2409 1017 non
2438 959 2739 1012 laberemur
2765 956 2864 1008 nisi
2892 970 2988 1024 per
3015 952 3340 1021 superbiam.

2134 1052 2265 1105 Item
2284 1067 2346 1105 ea:
2368 1050 2610 1104 Sermone
2630 1048 2691 1100 de
2712 1046 2865 1100 tribus
2878 1047 3051 1115 virgis,
3070 1043 3210 1098 Beda
3230 1043 3453 1097 nondum
3476 1042 3714 1111 vulgatus

2720 1139 2825 1190 adl
2858 1136 3034 1190 Thess.
3065 1152 3123 1189 tt.

2210 1234 2403 1285 Factus
2424 1248 2534 1284 sum
2564 1231 2802 1299 parvulus
2828 1230 2877 1281 in
2901 1229 3062 1281 medio
3095 1238 3332 1289 vestrum.
3362 1240 3598 1296 tauquam
3622 1244 3719 1280 uu-

2139 1326 2240 1378 tria:
2281 1329 2451 1395 fovens
2478 1323 2611 1390 ﬁlios
2634 1338 2751 1375 suos
2787 1321 2827 1392 (l
2861 1324 3035 1377 Thess.
3068 1336 3124 1383 ιι,
3155 1323 3232 1390 7).
3264 1320 3386 1375 Ideo
3425 1334 3531 1373 non
3560 1318 3710 1380 dixit,

2138 1416 2322 1481 Mater,
2350 1416 2473 1485 quia
2490 1415 2770 1483 aliquando
2787 1426 2984 1470 matres
3002 1416 3083 1469 vel
3108 1414 3448 1468 delicatiores
3469 1420 3612 1473 sunt,
3632 1411 3717 1465 vel

2142 1507 2316 1560 minus
2357 1516 2597 1560 amantes
2645 1506 2779 1559 ﬁlios
2818 1520 2961 1569 suos,
3009 1520 3127 1558 eum
3168 1504 3474 1574 pepererint
3504 1502 3718 1555 tradunt

2140 1600 2259 1654 aliis
2291 1598 2617 1653 nutriendos.
2646 1599 2877 1652 Rursum
2910 1599 2951 1651 si
2981 1598 3152 1650 solum
3183 1596 3425 1660 dixisset,
3458 1594 3721 1663 Tanquam

2143 1690 2314 1744 nutrix
2338 1694 2535 1761 fovens;
2563 1699 2615 1743 et
2639 1704 2745 1743 non
2774 1689 3082 1748 addidisset,
3127 1689 3259 1755 ﬁlios
3284 1704 3405 1740 suos
3425 1704 3442 1740 :
3462 1696 3717 1756 tanquam

2143 1782 2242 1835 alia
2278 1783 2514 1851 pariente
2550 1780 2862 1835 nutriendos
2893 1781 3166 1849 accepisse
3195 1779 3482 1832 videretur.
3532 1778 3599 1831 Et
3625 1793 3725 1831 nu-

2147 1874 2329 1926 tricem
2359 1887 2416 1925 se
2442 1871 2591 1933 dixit,
2624 1871 2746 1940 quia
2789 1871 2993 1934 alebat;
3018 1878 3073 1925 et
3104 1871 3239 1923 filios
3268 1884 3413 1934 suos,
3443 1883 3574 1938 quos
3614 1869 3728 1936 ipse

2146 1970 2445 2033 pepererat,
2494 1960 2709 2014 dicens:
2743 1960 2865 2014 Filii
2906 1963 3035 2026 mei,
3080 1978 3203 2029 quos
3247 1962 3430 2013 iterum
3476 1961 3725 2029 parturio,

2144 2054 2466 2123 quoadusque
2483 2052 2709 2105 Christus
2733 2054 3034 2121 reformetur
3057 2052 3108 2104 in
3129 2052 3263 2104 vobis
3288 2051 3479 2119 (Galat.
3509 2066 3581 2115 tv,
3614 2050 3726 2119 19).

2148 2144 2293 2198 Parit
2329 2152 2529 2207 autem,
2580 2144 2716 2197 sicut
2754 2142 2892 2211 parit
2932 2143 3172 2197 Ecclesia
3203 2143 3255 2195 in
3286 2150 3440 2196 utero
3470 2156 3589 2207 suo,
3621 2155 3729 2194 non

2147 2235 2349 2289 semine
2376 2249 2491 2288 suo.

2185 2324 2267 2379 Ea:
2295 2324 2536 2380 Sermone
2558 2324 2622 2378 de
2647 2324 2773 2378 bono
2806 2323 3137 2391 Nuptiarum,
3166 2323 3305 2377 Beda
3334 2332 3379 2376 et
3408 2322 3597 2377 Florus
3628 2322 3698 2375 ad

2798 2415 2815 2468 Ι
2853 2415 2970 2471 Cor.
3002 2430 3092 2467 vn.

2228 2508 2329 2574 Qui
2356 2516 2513 2577 potest
2540 2523 2737 2573 capere,
2780 2508 2945 2575 capiat
2971 2505 3181 2579 (Matth.
3217 2522 3325 2571 XIX,
3355 2505 3462 2573 12).
3494 2504 3599 2560 Sed
3627 2519 3732 2559 non

2152 2612 2390 2667 possum,
2420 2598 2607 2667 inquit.
2637 2597 2748 2650 Non
2775 2596 2957 2664 potes?
2981 2596 3095 2651 Non
3131 2609 3361 2665 possum.
3392 2596 3659 2663 Suscipiat
3685 2604 3735 2649 te

2153 2690 2430 2745 nutritoria
2450 2691 2466 2720 ¹
2496 2688 2736 2758 quredam
2770 2690 3009 2758 Apostoli
3048 2688 3355 2751 auctoritas,
3386 2697 3446 2740 ut
3482 2688 3527 2739 si
3551 2703 3607 2740 se
3635 2703 3736 2741 non

2153 2782 2426 2843 continent,
2465 2778 2673 2832 nubant.
2704 2779 2823 2833 Fiat
2861 2778 3082 2849 aliquid,
3129 2778 3269 2832 unde
3306 2777 3646 2847 perveniatur
3668 2777 3737 2832 ad

2154 2872 2381 2927 veniam.
2412 2870 2679 2925 Pertiueat
2705 2869 2771 2923 ad
2800 2870 3028 2935 veniam,
3057 2884 3127 2923 ne
3154 2870 3386 2923 irritatur
3406 2869 3457 2921 in
3479 2877 3737 2923 zeternam

2155 2976 2387 3031 potitant.
2416 2960 2534 3014 Fiat
2576 2960 2717 3029 quod
2762 2960 2905 3025 licet,
2949 2960 3089 3014 unde
3124 2961 3428 3029 ignoscatur
3454 2958 3595 3029 quod
3628 2974 3735 3014 non

2155 3053 2299 3107 licet.
2329 3052 2442 3105 Hoc
2480 3051 2678 3105 indicat
2712 3051 2853 3121 quod
2885 3051 3155 3121 sequitur:
3178 3050 3389 3105 Mallem
3416 3068 3499 3106 eos
3532 3052 3736 3115 nubere,

2156 3160 2305 3213 quam
2334 3144 2414 3196 uri
2445 3143 2489 3214 (l
2521 3143 2637 3198 Cor.
2669 3158 2759 3207 vn,
2809 3140 2888 3213 9).
2922 3142 3215 3205 Concessit,
3259 3142 3496 3211 inquam,
3542 3142 3738 3211 aliquid

2159 3234 2557 3288 incontinentiae
2587 3233 2709 3303 quia
2731 3233 2901 3302 majus
2932 3232 3104 3286 timuit
3124 3232 3342 3286 :‘timuit
3368 3246 3554 3302 pennas
3581 3241 3741 3285 teter-

2160 3339 2275 3391 nas,
2307 3324 2637 3393 timuitquod
2659 3331 2931 3393 exspectat
2959 3333 3014 3377 et
3050 3332 3228 3378 manet
3250 3323 3538 3378 adulteros.
3569 3324 3743 3377 Diam

2162 3417 2263 3470 hoc
2286 3415 2427 3485 quod
2453 3416 2716 3485 conjugati
2754 3416 2877 3469 victi
2905 3416 3332 3484 concupiscentia
3356 3422 3575 3469 utuntur
3605 3415 3745 3467 invi-

2162 3523 2277 3562 cem
2304 3508 2437 3561 ultra
2468 3508 2839 3561 necessitatem
2867 3507 3063 3561 liberos
3088 3508 3429 3575 procreandi,
3466 3522 3659 3575 ponam
3692 3508 3745 3559 in

2112 3656 2132 3669 _
2164 3601 2245 3655 bis
2272 3616 2371 3670 pro
2398 3600 2588 3669 quibus
2630 3598 2864 3668 quotidie
2901 3599 3112 3661 dicitur,
3154 3598 3360 3652 Dimitte
3398 3599 3538 3652 nobis
3577 3596 3749 3651 debita

2167 3702 2360 3758 nostra,
2390 3693 2515 3744 sicut
2530 3701 2575 3744 et
2592 3706 2681 3743 nos
2698 3691 2993 3743 dimittimus
3011 3690 3313 3743 debitoribus
3334 3691 3516 3743 nostris
3533 3688 3744 3759 (Matth.

2168 3799 2238 3847 vt,
2270 3784 2381 3853 12).

2171 3872 2254 3926 Ea:
2274 3873 2518 3926 Sermone
2539 3873 2602 3926 de
2624 3888 2683 3926 eo
2712 3874 2847 3941 quod
2875 3874 3115 3941 scriptum
3145 3882 3235 3937 est,
3268 3871 3477 3937 Matth,
3502 3888 3615 3939 cap.
3635 3887 3748 3935 xvr,

2241 3963 2329 4028 94,
2353 3962 2409 4017 Si
2427 3964 2544 4032 quis
2559 3964 2669 4017 vult
2684 3972 2803 4032 post
2818 3979 2902 4017 me
2918 3963 3366 4031 venire,abneget
3381 3963 3751 4032 semetipsum:

2242 4052 2382 4105 Beda
2405 4054 2629 4106 nondum
2656 4055 2885 4123 vulgatus
2905 4054 2972 4105 ad
2998 4054 3015 4107 l
3040 4053 3211 4106 Thess.
3241 4069 3293 4105 v.

2245 4143 2492 4213 Corripite
2531 4145 2795 4213 inquietos,
2840 4145 3164 4197 consolamiui
3208 4143 3590 4212 pusillanimes,
3642 4154 3755 4200 etc.

2174 4233 2397 4299 Quando
2431 4235 2572 4288 videt
2601 4234 2762 4289 homo
2788 4235 3014 4304 aliquem
3046 4234 3181 4288 male
3206 4235 3488 4300 viventem,
3532 4245 3589 4289 et
3618 4236 3760 4291 forte

2175 4326 2373 4396 aliquid
2403 4326 2655 4381 Ecclesia:
2684 4337 3045 4394 priestantcm,
3093 4337 3146 4381 et.
3196 4342 3301 4380 non
3343 4342 3465 4381 eum
3510 4328 3756 4396 corripit,

2178 4417 2359 4470 animo
2390 4416 2537 4487 fugit.
2568 4417 2704 4484 Quid
2730 4426 2833 4482 est,
2864 4418 3042 4471 animo
3064 4417 3278 4488 fugere?
3312 4419 3542 4472 Timere.
3573 4419 3763 4472 Timor

2177 4514 2260 4561 est
2287 4505 2403 4574 fuga
2433 4507 2671 4561 interior.
2704 4506 2879 4573 Quare
2907 4507 3088 4561 timet?
3113 4508 3245 4575 Quia
3267 4507 3627 4561 mercenarius
3653 4516 3758 4562 est.

2178 4598 2254 4653 Nc
2279 4598 2413 4652 forte
2436 4598 2523 4653 ille
2550 4599 2689 4654 male
2713 4598 2937 4667 accipiat
2962 4600 3102 4668 quod
3133 4600 3436 4669 corripitur,
3466 4609 3519 4654 et
3544 4615 3648 4653 non
3670 4599 3765 4654 det

2180 4690 2319 4759 quod
2346 4690 2481 4745 solet
2505 4689 2604 4762 (a).
2634 4689 2787 4744 Videt
2828 4690 3008 4759 lupum
3036 4691 3354 4757 venientem,
3386 4690 3435 4744 id
3466 4700 3547 4745 est
3572 4692 3766 4745 diabo-

2182 4782 2290 4836 lum
2316 4782 2455 4837 male
2480 4782 2706 4836 viventis
2734 4783 2867 4836 colla
2896 4782 3254 4852 frangentem;
3303 4792 3357 4837 et
3400 4783 3531 4853 fugit
3557 4784 3763 4850 animo,

2185 4875 2415 4929 abstinet
2440 4874 2506 4928 ab
2536 4874 2648 4928 utili
2676 4874 3035 4943 correptione,
3083 4876 3268 4944 plenus
3300 4877 3506 4930 timore.
3538 4876 3640 4941 Qui
3670 4891 3768 4929 au-

2187 4977 2292 5021 tem
2331 4976 2513 5036 pastor
2541 4973 2641 5031 est,
2689 4974 2744 5019 et
2780 4974 2861 5021 est
2905 4967 2952 5021 ei
2985 4982 3108 5020 cura
3137 4982 3234 5035 pro
3265 4967 3477 5033 ovibus,
3508 4984 3614 5021 non
3643 4984 3768 5023 eum

2185 5058 2430 5119 dimittat,
2444 5064 2495 5109 et
2516 5055 2637 5109 facit
2658 5054 2802 5125 quod
2824 5057 2899 5109 ait
2915 5056 3218 5124 Apostolus,
3238 5056 3484 5127 Corripite
3500 5058 3770 5126 inquietos,

2182 5149 2514 5203 consolamiui
2538 5147 2903 5216 pusillanimes,
2922 5157 3024 5202 etc.
3043 5148 3157 5203 Non
3177 5165 3300 5219 ergo
3317 5158 3465 5218 putet
3481 5148 3597 5218 quis
3628 5147 3773 5216 pium

2190 5250 2477 5312 pastorem,
2502 5241 2585 5295 vel
2615 5240 2704 5309 qui
2732 5252 2791 5294 se
2830 5240 2959 5294 dicit
2991 5250 3276 5309 pastorem,
3306 5242 3424 5311 quia
3453 5256 3555 5295 non
3586 5240 3780 5295 reddet

2191 5335 2385 5389 malum
2411 5348 2510 5404 pro
2529 5332 2691 5398 malo,
2710 5346 2831 5386 cum
2863 5332 3049 5386 reddat
3076 5333 3252 5402 potius
3277 5334 3472 5386 malum
3494 5347 3588 5401 pro
3610 5332 3780 5387 bono.

2194 5427 2285 5480 llle
2315 5427 2455 5481 enim
2486 5426 2586 5479 etsi
2613 5433 2857 5493 peccator
2881 5433 2963 5478 est
2985 5425 3262 5490 scelestus,
3290 5425 3358 5480 de
3384 5424 3536 5479 bonis
3557 5426 3667 5478 suis
3687 5424 3783 5479 dat

2196 5518 2484 5573 Ecclesim:
2516 5516 2605 5570 ille
2634 5524 2809 5570 autem
2839 5515 3034 5570 malum
3070 5530 3165 5587 pro
3195 5516 3335 5572 bono
3364 5516 3413 5571 ei
3457 5514 3654 5585 reddit,
3697 5515 3787 5571 cui

2260 5674 2279 5705 ι
2305 5670 2429 5721 Beda
2452 5672 2501 5720 in
2522 5676 2651 5727 Mss,
2677 5667 3008 5718 nutricatoria.

2262 5734 2335 5795 (a)
2372 5732 2482 5782 vide
2506 5744 2656 5780 serm.
2686 5731 2793 5792 157,
2813 5744 2861 5778 u.
2903 5730 2973 5778 12.
