3996 6180
291 233 438 292 i735

283 353 557 410 subtrahit
581 353 996 425 comptionem.
1036 351 1140 408 Sed
1179 351 1428 422 quoniam
1466 350 1568 406 hoc
1599 361 1763 406 totum
1805 349 1872 404 de

283 445 580 498 dilectione
611 443 910 500 faciendum
950 451 1062 508 est;
1091 439 1374 511 aliquando
1411 450 1590 496 autem
1633 441 1876 496 homines

286 543 628 602 correptores
643 549 768 590 suos
790 544 976 604 putant
993 533 1236 586 inimicos
1251 547 1376 586 suos
1395 549 1408 584 ε
1429 532 1550 586 ideo
1567 546 1688 586 cum
1711 531 1877 586 dixis-

285 635 390 690 set,
423 622 674 691 Corripite
697 625 943 694 inquietos
955 639 978 688 ;
995 623 1240 692 subjecit,
1261 623 1589 677 consulamini
1611 623 1878 694 pusillani-

287 732 412 770 mes.
443 714 608 770 Forte
646 715 788 768 enim
827 715 897 769 de
931 715 1268 783 correptione
1306 713 1490 783 incipit
1529 712 1782 779 deﬁcere,
1823 720 1878 767 et

288 806 668 879 perturbatur:
699 815 822 860 tunc
844 815 894 860 te
917 813 1126 874 oportet
1145 805 1428 860 consolari.
1457 804 1709 874 Suscipite
1727 805 1874 872 inﬁr-

287 916 394 952 mos
415 913 434 950 :
463 913 536 952 ne
561 911 658 966 per
685 895 1042 950 inﬁrmitatem
1071 895 1282 950 cadant.
1311 895 1370 950 Si
1401 895 1626 950 titubare
1651 910 1772 950 eum
1795 894 1872 948 le-

287 991 358 1044 cit
387 987 695 1051 infirmitas,
721 986 839 1040 sinu
867 1001 965 1040 suo
985 985 1238 1055 suscipiat
1260 984 1512 1040 charitas.
1537 985 1604 1039 Et
1627 1000 1746 1040 cum
1775 985 1872 1038 ista

289 1080 534 1144 dixisset,
575 1077 768 1145 adjecit
807 1077 858 1130 in
901 1076 1210 1142 novissimo,
1261 1075 1434 1130 Videte
1462 1077 1654 1143 nequis
1685 1076 1876 1128 malum

289 1187 380 1238 pro
411 1169 548 1222 malo
576 1169 732 1220 alicui
759 1167 936 1220 reddat
983 1165 1024 1235 (Ι
1055 1165 1230 1220 Thess.
1261 1181 1299 1230 ι,
1336 1167 1422 1234 14,
1455 1167 1567 1234 15).
1597 1165 1738 1236 Ergo
1769 1181 1872 1220 non

287 1271 369 1316 est
409 1261 608 1316 malum
653 1259 920 1326 correptio
960 1257 1006 1310 si
1049 1259 1137 1312 sit.
1173 1257 1276 1312 Sed
1318 1259 1456 1312 bona
1493 1258 1628 1322 ovis,
1661 1257 1872 1326 quando

287 1352 576 1421 corripitur
603 1366 632 1404 a
665 1351 950 1420 prteposito
971 1363 1088 1414 suo,
1113 1349 1238 1418 quid
1265 1347 1428 1402 dicit?
1471 1348 1770 1402 Emendabit
1797 1365 1874 1403 me

280 1444 452 1512 justus
473 1443 526 1494 in
556 1440 896 1494 misericordia
920 1437 1086 1509 (Psal.
1118 1453 1243 1500 CIL,
1275 1439 1353 1508 5).

287 1533 374 1586 Ex
403 1533 652 1587 Sermone
677 1531 740 1584 de
757 1547 816 1584 eo
839 1529 974 1599 quod
991 1530 1062 1581 ait
1083 1528 1352 1592 Dominus,
1379 1528 1504 1581 an.
1533 1545 1648 1598 cap.
1677 1545 1750 1596 ιιι,
1783 1528 1870 1594 10,

360 1626 452 1688 Η,
511 1625 682 1678 Petita
707 1631 762 1676 et
785 1621 1056 1690 accipietis
1079 1638 1094 1674 :
1115 1619 1256 1673 Beda
1285 1619 1506 1674 nondum
1545 1621 1778 1690 uulgatus
1806 1619 1874 1674 ad

357 1718 402 1771 ll
429 1716 547 1770 Cor.
575 1730 668 1768 xu.

357 1806 666 1861 Invenimus
690 1805 858 1859 malos
883 1803 1080 1872 petisse
1109 1810 1164 1858 et
1188 1803 1478 1872 accepisse,
1503 1811 1556 1858 et
1581 1803 1747 1858 bonos
1775 1818 1870 1872 pe-

289 1899 420 1954 tisse
441 1907 498 1951 et
529 1912 634 1950 non
661 1894 953 1964 accepisse.
991 1893 1126 1960 Quid
1157 1895 1298 1948 enim
1331 1895 1481 1962 pejus
1509 1894 1871 1950 daemonibus?

291 1989 360 2043 Et
379 1999 561 2042 tamen
593 2001 782 2056 porcos
809 1986 1074 2054 petierunt
1097 1993 1150 2039 et
1170 1995 1488 2054 acceperunt
1515 1985 1722 2056 (Matth.
1755 2001 1868 2051 vm,

289 2082 376 2144 5|,
423 2079 538 2150 52).
573 2079 642 2132 Et
667 2077 934 2132 invenitur
963 2077 1102 2131 Deus
1154 2091 1258 2130 non
1311 2075 1503 2132 fecisse
1545 2076 1869 2132 desiderium

287 2171 692 2241 Apostolorum,
721 2179 772 2222 et
799 2168 1050 2238 implesse
1095 2168 1414 2222 desiderium
1461 2169 1868 2223 dmmouiorum.

287 2262 424 2329 Quid
467 2275 600 2329 ergo
623 2260 869 2322 dicimus,
903 2259 1003 2312 nisi
1046 2259 1167 2328 quia
1195 2259 1330 2312 nouit
1365 2258 1618 2312 Dominus
1647 2261 1730 2328 qui
1756 2270 1870 2314 sunt

287 2354 398 2424 ejus
425 2353 492 2422 (ll
527 2351 660 2404 Tim.
689 2368 746 2415 ιι,
777 2349 888 2422 19),
917 2358 970 2404 ει
990 2365 1172 2404 eorum
1200 2351 1360 2403 ontnis
1383 2351 1468 2418 qui
1494 2351 1616 2420 petit
1647 2350 1872 2418 accipit?

287 2446 392 2500 Sed
418 2445 597 2499 adhuc
625 2444 692 2498 de
735 2443 992 2512 Apostolo
1019 2443 1294 2512 scrupulos
1335 2452 1526 2506 restat;
1575 2459 1680 2496 nou
1727 2443 1868 2498 enim

287 2537 404 2606 ipse
427 2552 536 2590 non
564 2545 680 2590 erat
701 2536 839 2590 inter
864 2550 957 2590 eos
979 2535 1066 2604 qui
1095 2543 1218 2588 sunt
1239 2535 1375 2602 ejus.
1393 2534 1484 2604 qui
1507 2534 1642 2588 hanc
1657 2545 1872 2590 senten-

289 2628 414 2680 tiam
443 2627 602 2690 dixit,
629 2625 782 2678 Nouit
813 2625 1056 2678 Dominus
1085 2625 1170 2695 qui
1195 2634 1308 2677 sunt
1337 2626 1466 2695 ejus.
1517 2625 1652 2694 Ergo
1683 2641 1870 2682 omnes

286 2717 377 2787 qui
399 2716 676 2784 suntejus,
701 2724 882 2784 petunt
901 2725 952 2769 et
973 2716 1254 2785 accipiunt.
1279 2715 1382 2768 Sed
1405 2715 1693 2784 quaerimus
1713 2717 1869 2786 quid?

287 2811 362 2864 Ea
387 2809 582 2879 quippe
613 2824 734 2877 qua:
761 2817 976 2876 propter
1003 2809 1162 2860 vitam
1205 2807 1358 2860 istam
1399 2807 1742 2875 temporalem
1775 2823 1869 2874 pe-

287 2908 490 2964 tuntur,
507 2898 794 2968 aliquando
813 2905 1050 2965 prosunt,
1067 2897 1348 2966 aliquando
1361 2898 1552 2952 obsunt
1569 2909 1646 2952 :et
1659 2898 1870 2968 quando

287 3005 346 3042 ea
371 2990 466 3042 scit
501 2989 641 3042 Deus
669 2987 876 3052 obesse,
916 3003 1019 3040 non
1048 3003 1106 3040 ea
1131 2987 1218 3040 dat
1244 2987 1665 3041 desiderantibus
1695 2997 1747 3042 et
1781 3003 1871 3056 pe-

287 3079 526 3134 tentibus
559 3079 708 3132 suis:
747 3077 1014 3148 quomodo
1061 3093 1162 3132 nec
1207 3078 1442 3132 Inedious
1485 3079 1575 3132 dat
1615 3079 1868 3148 quidquid

287 3184 438 3238 ager
463 3171 702 3237 petierit;
747 3178 802 3223 et
847 3169 1072 3222 amando
1104 3179 1276 3237 negat,
1323 3169 1461 3239 quod
1509 3185 1612 3222 non
1641 3171 1869 3224 amando

289 3261 630 3314 concederet.
657 3260 884 3314 Exaudit
911 3275 1040 3330 ergo
1069 3275 1256 3314 omnes
1279 3275 1404 3313 suos
1429 3261 1494 3314 ad
1516 3271 1768 3316 arternam
1787 3277 1872 3314 sa-

287 3351 492 3414 lutem;
529 3368 630 3405 non
658 3367 842 3406 omnes
871 3351 1086 3406 exaudit
1117 3349 1184 3406 ad
1234 3352 1577 3420 temporalem
1607 3353 1868 3423 cupidita-

291 3451 404 3496 tem
425 3461 436 3471 ε
458 3453 512 3496 ει
537 3443 652 3496 ideo
673 3457 776 3496 non
798 3442 1012 3496 exaudit
1035 3441 1098 3494 ad
1127 3442 1249 3506 hoc,
1275 3451 1328 3496 ut
1355 3444 1603 3496 exaudiat
1627 3444 1694 3498 ad
1717 3445 1866 3498 illud.

293 3533 535 3603 Denique
553 3535 706 3587 etiam
733 3535 844 3602 ipsa
871 3534 1034 3588 verba
1055 3534 1360 3588 considera.
1394 3536 1614 3602 Quando
1645 3551 1748 3590 non
1775 3553 1867 3590 ac-

289 3626 438 3695 cepit
463 3635 674 3694 propter
697 3627 838 3695 quod
863 3637 941 3682 ter
963 3627 1242 3680 Dominum
1267 3629 1485 3698 rogavit,
1513 3629 1674 3684 aitilli
1699 3649 1710 3683 :
1739 3629 1868 3701 Suf-

289 3717 404 3784 ﬁcit
431 3718 519 3768 tibi
547 3719 708 3786 gratia
737 3735 874 3782 mea;
903 3735 1018 3770 nam
1049 3721 1204 3770 uirtus
1233 3720 1284 3772 in
1303 3719 1596 3788 inﬁrmitate
1617 3723 1872 3791 perﬁcitur

291 3807 360 3874 (11
393 3805 514 3860 Cor.
541 3823 626 3869 xu,
660 3808 736 3876 9).
765 3807 902 3876 Quid
921 3823 950 3861 a
980 3823 1064 3862 me
1093 3809 1366 3864 desideras
1395 3821 1446 3863 ut
1477 3812 1746 3864 auferatur
1766 3829 1794 3864 ιι
1822 3823 1872 3867 ιε

287 3899 546 3950 stimulus
569 3899 760 3962 carnis,
790 3914 944 3967 quem
977 3900 1248 3968 accepisti,
1283 3915 1350 3955 ne
1371 3902 1424 3955 in
1463 3903 1565 3956 tuis
1603 3903 1872 3958 revelatio.

287 3987 455 4042 nibus
491 3987 796 4041 extollat-is?
829 3988 1019 4058 Utique
1059 4001 1340 4058 propterea
1377 3991 1477 4045 hoc
1517 3994 1708 4060 poscis,
1749 3995 1870 4062 quia

287 4077 390 4132 tibi
424 4077 674 4144 prodesse
703 4077 894 4132 nescis.
929 4078 1098 4132 Crede
1141 4080 1390 4134 medico:
1419 4081 1558 4150 quod
1601 4083 1868 4151 imposuit,

287 4183 424 4222 acre
447 4175 548 4229 est,
571 4168 660 4222 sed
685 4169 838 4230 utile;
877 4169 999 4223 facit
1020 4169 1278 4234 dolorem,
1310 4170 1404 4224 sed
1435 4172 1654 4238 parturit
1677 4175 1873 4227 sanita-

285 4271 430 4315 tem.
483 4257 650 4313 Virtus
685 4261 737 4313 in
779 4261 1072 4329 inﬁrmitate
1099 4261 1372 4330 perﬁcitur.
1405 4261 1594 4317 Tolera
1637 4279 1765 4334 ergo
1795 4265 1875 4320 in-

287 4350 624 4415 ﬁrmitatem,
657 4352 698 4404 si
743 4351 1016 4406 desideras
1059 4353 1370 4406 sanitatem:
1398 4355 1562 4409 tolera
1595 4355 1873 4412 infirmitao

287 4449 424 4507 tem,
455 4441 502 4493 si
536 4440 802 4495 desideras
830 4441 1230 4512 perfectionem,
1261 4443 1382 4513 quia
1408 4445 1563 4499 virtus
1579 4447 1630 4499 in
1651 4446 1872 4516 inﬁrmi-

285 4543 392 4585 tate
419 4532 702 4601 perﬁcitur.

283 4623 372 4678 Ex
395 4625 643 4679 Sermone
667 4624 729 4678 de
753 4623 910 4680 verbis
935 4625 1183 4695 Apostali,
1203 4626 1316 4681 Non
1341 4637 1426 4684 est
1447 4629 1598 4684 nobis
1621 4631 1876 4686 collucta-

549 4714 642 4778 tio,
669 4725 762 4766 etc.
791 4713 930 4768 Deda
950 4727 996 4768 et
1020 4715 1204 4770 Florus
1225 4719 1291 4771 ad
1311 4719 1503 4788 Ephes.
1527 4737 1600 4776 v1.

363 4805 488 4860 Non
517 4814 588 4857 est
613 4807 751 4858 nobis
784 4807 1070 4861 colluctatio
1091 4810 1330 4863 adversus
1363 4827 1568 4866 carnem
1595 4823 1640 4867 et
1663 4815 1874 4884 sangui-

277 4915 430 4955 nem.
453 4895 588 4960 Quia
611 4911 716 4950 non
751 4907 952 4951 tantum
976 4908 1027 4953 te
1054 4898 1212 4952 homo
1239 4902 1590 4971 persequitur,
1635 4905 1729 4958 sed
1759 4906 1876 4959 dia-

279 4986 448 5042 bolus
483 4999 580 5052 per
605 4985 780 5050 illum;
813 4995 868 5039 ct
891 4995 1171 5056 antequam
1207 4998 1256 5044 te
1289 4990 1444 5044 laedat
1469 4992 1520 5046 in
1547 5009 1794 5062 corpore,
1815 5011 1876 5052 se

275 5077 488 5130 occidit
511 5075 560 5127 in
584 5077 761 5132 corde.
791 5076 911 5130 Non
939 5087 1012 5132 est
1034 5077 1173 5132 nobis
1195 5079 1480 5135 colluctatio
1509 5084 1745 5140 adversus
1765 5103 1876 5140 car-

275 5183 398 5222 nem
425 5175 478 5220 et
515 5169 839 5238 sanguinem;
871 5169 1171 5224 hominibus
1195 5171 1448 5226 adversus
1488 5173 1750 5242 homines,
1785 5179 1875 5247 qui

273 5271 412 5312 caro
435 5267 494 5311 et
523 5259 728 5327 sanguis
761 5267 916 5313 sunt:
945 5261 1035 5314 sed
1061 5263 1294 5332 adversus
1320 5264 1567 5334 principes
1588 5276 1632 5319 et
1660 5277 1878 5336 potesta-

273 5361 374 5416 tes,
407 5359 631 5405 rectores
679 5353 991 5408 tenebrarum
1021 5355 1200 5408 harum
1235 5355 1447 5426 (Ephes.
1496 5375 1567 5423 γι,
1603 5359 1720 5431 12);
1753 5361 1876 5430 quia

271 5442 566 5514 quomodo
592 5459 684 5498 eos
715 5447 802 5515 qui
824 5446 912 5502 lux
939 5455 1083 5512 sunt,
1107 5447 1349 5504 Christus
1370 5451 1628 5520 gubernat
1647 5467 1700 5508 et
1719 5455 1872 5524 regit;

269 5536 356 5589 sic
383 5548 489 5588 eos
525 5535 613 5604 qui
655 5536 890 5592 tenebras
915 5545 1058 5606 sunt,
1099 5539 1164 5592 ad
1205 5554 1364 5596 omne
1389 5543 1586 5598 malum
1635 5545 1878 5602 diabolus

269 5623 590 5695 principum
613 5635 672 5682 et
696 5627 930 5700 instigat.
963 5629 1076 5686 Hoc
1093 5646 1222 5704 ergo
1245 5647 1342 5690 nos
1374 5633 1616 5690 hortatur
1643 5635 1872 5707 Aposto-

1514 235 1598 291 ΡΒ
1609 235 1930 292 AGMENTA
1967 235 2360 294 SERMONUBI.

3423 251 3560 311 ΠΜ

1987 349 2088 415 lus,
2119 360 2176 404 ut
2205 367 2308 406 non
2337 363 2518 406 contra
2555 353 2820 412 hominem
2855 357 3076 426 malum,
3111 359 3206 418 sed
3231 373 3420 420 contra
3447 365 3566 422 dia-

1983 442 2163 496 bolum
2207 445 2296 512 qui
2339 459 2457 498 cum
2491 446 2578 500 illo
2619 457 2890 515 operatur,
2931 466 3176 519 oremus;
3219 463 3272 510 et
3312 456 3566 527 quidquid

1983 549 2266 603 possumus
2311 534 2581 598 faciamus,
2617 545 2670 590 ut
2711 537 2951 594 diabolus
2994 543 3288 612 expellatur
3313 555 3366 600 et
3406 547 3568 604 homo

1983 625 2256 680 liberetur.
2283 625 2562 693 Quomodo
2579 627 2718 682 cuitu
2747 630 2790 684 si
2815 630 2882 684 ad
2909 631 3136 701 aliquem
3159 635 3210 688 in
3231 636 3412 704 prmlio
3437 652 3570 692 con-

1982 715 2220 768 stitutum
2247 715 2316 770 de
2344 724 2492 786 parte
2513 717 2812 772 adversaria
2829 733 3064 776 armatus
3091 740 3228 794 equo
3253 727 3446 782 sedens
3467 744 3562 783 ve-

1983 803 2108 868 niat,
2145 819 2247 858 non
2278 820 2435 874 equo,
2469 807 2561 862 sed
2595 809 2756 878 equiti
2789 809 3058 876 irascitur;
3087 825 3142 868 et
3167 825 3420 884 quantum
3462 835 3563 888 po-

1984 901 2103 958 test,
2133 895 2234 950 hoc
2261 911 2419 965 agere
2446 899 2610 966 cupit,
2641 907 2696 952 ut
2719 901 2952 968 equitem
2975 905 3258 970 percutiat,
3288 915 3342 960 et
3365 923 3558 976 equom

1983 985 2281 1053 possideat:
2307 987 2384 1041 sic
2421 987 2560 1042 circa
2589 988 2832 1046 homines
2867 992 3034 1048 malos
3057 996 3318 1064 agendum
3365 1009 3478 1064 est;
3510 1008 3566 1054 et

1981 1091 2086 1130 non
2133 1087 2318 1132 contra
2363 1079 2504 1146 illos,
2547 1081 2640 1134 sed
2681 1091 2860 1136 contra
2894 1099 3012 1136 eum
3045 1087 3132 1154 qui
3165 1087 3284 1140 illos
3325 1089 3560 1158 instigat,

1983 1169 2107 1224 totis
2135 1169 2334 1223 viribus
2365 1169 2712 1224 laborandum
2735 1182 2812 1226 est
2846 1189 2860 1238 ;
2893 1184 2950 1228 ut
2975 1174 3100 1228 dum
3127 1176 3367 1232 diabolus
3395 1181 3562 1234 vinci-

1981 1269 2086 1324 tur,
2121 1261 2299 1316 infelix
2327 1263 2412 1317 ille
2431 1279 2588 1333 quem
2617 1265 2888 1332 possidere
2910 1277 3146 1336 coeperat
3179 1269 3450 1324 liberetur.

2053 1351 2134 1404 Ea:
2155 1351 2328 1405 eodem
2352 1353 2614 1420 Sermone,
2641 1353 2778 1408 Beda
2799 1365 2846 1409 et
2871 1356 3062 1410 Florus
3090 1358 3158 1410 ad
3187 1357 3202 1410 Ι
3237 1358 3357 1414 Cor.
3395 1377 3486 1414 xu.

2053 1443 2153 1508 Qui
2189 1445 2312 1498 dicit
2333 1462 2384 1498 se
2405 1447 2456 1498 in
2478 1443 2675 1500 Christo
2704 1463 2924 1512 manere,
2957 1448 3098 1501 debet
3122 1450 3248 1502 sicut
3273 1451 3360 1503 ille
3379 1451 3558 1504 ambu-

1979 1533 2098 1586 lavit
2115 1544 2163 1587 et
2189 1535 2296 1604 ipse
2321 1535 2578 1588 antbulare
2600 1535 2638 1608 (l
2662 1536 2816 1590 Joan.
2847 1553 2904 1596 ιι,
2939 1536 3016 1609 6).
3047 1538 3174 1604 Qum
3201 1546 3286 1593 est
3321 1540 3418 1592 ista
3453 1541 3557 1610 via,

1979 1625 2032 1678 in
2061 1641 2160 1694 qua
2192 1627 2432 1680 Christus
2459 1627 2778 1680 ambulavit?
2803 1629 2930 1692 Qum
2973 1637 3056 1682 est
3081 1629 3204 1692 alia,
3239 1631 3338 1683 nisi
3375 1631 3556 1684 chari-

1977 1727 2080 1780 tas,
2104 1715 2168 1770 de
2199 1732 2298 1786 qua
2321 1717 2448 1771 dicit
2481 1719 2783 1786 Apostolus,
2817 1717 2996 1772 Adhuc
3032 1722 3558 1787 sttpereminentiorem

1977 1808 2106 1860 uiam
2132 1807 2414 1862 demonstro
2435 1809 2568 1862 vobis
2590 1809 2630 1879 (Ι
2651 1809 2769 1863 Cor.
2791 1825 2880 1874 xu,
2914 1811 3040 1879 51)?
3067 1810 3118 1865 Si
3148 1827 3273 1879 ergo
3289 1811 3558 1868 Christum

1977 1897 2218 1952 volumus
2261 1897 2474 1964 imitari,
2523 1915 2619 1967 per
2649 1900 2814 1968 ipsam
2849 1900 2987 1954 viam
3031 1901 3288 1956 debemus
3317 1919 3554 1968 currere,

1976 2004 2132 2057 quam
2164 1989 2405 2043 Christus
2440 2001 2492 2044 et
2523 1991 2575 2044 in
2607 2007 2762 2045 cruce
2791 1992 3028 2060 pendens
3057 1993 3301 2060 dignatus
3330 2004 3412 2048 est
3443 2011 3558 2050 am-

1974 2078 2180 2134 bulare.
2211 2079 2264 2133 In
2295 2095 2452 2134 cruce
2489 2082 2630 2134 enim
2667 2080 2802 2135 ﬁxus
2831 2090 2962 2146 erat,
3012 2089 3066 2136 et
3105 2084 3379 2138 charitatis
3417 2087 3556 2138 viam

1975 2182 2214 2234 currens,
2247 2185 2340 2238 pro
2363 2169 2470 2222 suis
2495 2171 2932 2237 persecutoribus
2951 2173 3299 2240 supplicabat.
3325 2174 3558 2242 Denique

1976 2259 2052 2312 sic
2075 2259 2204 2312 dixit
2227 2277 2237 2310 :
2271 2259 2444 2322 Pater,
2467 2261 2670 2330 ignosce
2691 2261 2812 2324 illis,
2841 2263 2959 2328 quia
2985 2265 3208 2316 nesciunt
3227 2267 3348 2334 quid
3365 2267 3556 2334 faciunt

1977 2347 2126 2418 (Luc.
2159 2365 2308 2414 χχιιι,
2339 2349 2448 2420 5i).
2491 2349 2556 2403 Et
2601 2365 2696 2403 nos
2735 2365 2862 2418 ergo
2905 2366 3000 2419 pro
3039 2353 3285 2406 omnibus
3328 2355 3556 2410 inimicis

1976 2441 2170 2492 mistris
2221 2438 2322 2492 hoc
2363 2439 2560 2508 jugitcr
2605 2441 2994 2508 supplicamus,
3045 2451 3100 2494 ut
3145 2443 3244 2496 illis
3293 2445 3548 2500 Dominus

1975 2530 2400 2586 emendationem
2433 2546 2641 2586 morum
2671 2539 2724 2586 et
2753 2531 3127 2602 indulgentiam
3149 2536 3341 2590 tribuat
3369 2553 3556 2606 pecca-

1977 2629 2170 2674 torum.

1977 2709 2058 2762 Ex
2079 2709 2340 2774 Sermone,
2375 2709 2554 2776 Qualis
2573 2711 2748 2766 debeat
2775 2715 3037 2784 episcopus
3061 2732 3184 2778 esse,
3209 2725 3254 2770 et
3275 2717 3360 2771 ubi
3381 2737 3556 2789 repre-

2045 2803 2216 2854 hendit
2257 2802 2452 2857 Paulus
2493 2803 2896 2864 Petrum:Beda
2943 2809 3166 2862 nondum
3210 2811 3442 2881 uulgatus
3485 2813 3554 2866 ad

2047 2891 2064 2946 Ι
2096 2891 2226 2944 Tim.
2257 2909 2333 2946 ιιι.

2049 2983 2256 3050 Oportet
2273 3001 2390 3054 ergo
2407 2986 2695 3056 episcopum
2714 2987 3196 3058 irreprehensibilcm
3223 3007 3328 3046 esse
3356 2992 3394 3064 (1
3421 2992 3552 3050 Tim.

1975 3089 2052 3140 ut,
2079 3075 2156 3144 2),
2189 3076 2316 3144 Quis
2348 3075 2448 3130 hoc
2471 3079 2662 3146 negat?
2687 3077 2792 3132 Sed
2823 3095 2942 3132 eum
2976 3091 3217 3148 oporteat
3242 3083 3551 3151 episcopum

1975 3166 2490 3235 irreprehensibilem
2517 3185 2655 3233 esse,
2690 3171 2940 3238 munquid
2961 3172 3439 3239 reprehensibilem
3463 3175 3558 3229 de-

1973 3267 2058 3310 cet
2085 3273 2202 3310 osse
2222 3258 2601 3312 christianum?
2631 3260 2922 3328 Episcopus
2953 3275 3144 3314 nomen
3175 3277 3404 3330 graecum
3435 3273 3550 3318 est:

1973 3347 2136 3402 latine
2165 3363 2288 3402 vero
2311 3351 2708 3416 superintentor
2729 3351 2808 3401 vel
2829 3350 3068 3404 visitator
3091 3350 3196 3404 dici
3223 3361 3414 3419 potest.
3444 3353 3553 3408 Nos

1973 3437 2205 3506 episcopi
2240 3453 2442 3500 sumus,
2481 3437 2574 3491 sed
2601 3439 2874 3492 vobiscum
2913 3440 3186 3493 christiani
3215 3456 3416 3494 sumus.
3447 3442 3553 3496 Nos

1973 3531 2186 3599 proprie
2211 3545 2459 3584 vocamur
2481 3545 2510 3583 a
2533 3529 2832 3585 visitatione
2854 3549 2865 3582 :
2889 3533 3242 3586 communiter
3275 3549 3461 3589 omnes
3488 3535 3555 3588 ab

1975 3624 2238 3678 tinctione.
2269 3621 2324 3676 Si
2354 3622 2531 3676 unctio
2557 3621 2856 3676 communis
2891 3631 2992 3686 est,
3011 3631 3064 3676 et
3093 3624 3229 3676 lucta
3257 3625 3556 3678 communis

1974 3723 2073 3768 est.
2105 3717 2281 3781 Quare
2311 3725 2486 3768 autem
2516 3728 2612 3767 nos
2633 3715 2930 3780 visilamus,
2950 3717 2991 3768 si
3013 3715 3138 3767 nihil
3163 3715 3284 3768 boni
3304 3724 3384 3768 est
3413 3715 3554 3785 quod

1975 3805 2028 3860 in
2056 3805 2206 3860 vobis
2233 3805 2538 3859 videamus?

2117 3893 2202 3948 Ea:
2219 3894 2464 3948 Sermone
2495 3894 2556 3947 de
2580 3894 2821 3958 Sabbato,
2843 3893 3029 3947 Florus
3047 3895 3116 3946 ad
3137 3893 3178 3946 ll
3199 3894 3313 3947 Cor.
3335 3910 3413 3948 ιιι.

2049 3983 2172 4040 Cum
2194 3995 2358 4037 autent
2382 4001 2648 4038 conversus
2669 3986 2820 4054 fuerit
2845 3985 2912 4035 ad
2931 3983 3115 4048 Deum,
3145 3989 3400 4053 auferetur
3421 3986 3557 4038 uela-

1977 4091 2114 4130 men.
2147 4074 2422 4140 Velamen,
2457 4089 2560 4126 non
2587 4073 2796 4144 Moyses
2822 4083 3139 4127 evacuatur:
3164 4075 3424 4140 velamen,
3449 4091 3556 4129 non

1977 4167 2082 4218 lex.
2115 4165 2385 4218 Attendite
2411 4163 2677 4234 quomodo
2712 4163 2964 4216 Dominus
2995 4163 3214 4228 venerit,
3249 4173 3302 4217 et
3326 4179 3554 4218 evacua-

1979 4267 2064 4312 tur
2105 4258 2344 4313 vclamcn
2379 4257 2628 4326 :quando
2657 4239 2904 4326 pependit
2930 4255 2980 4308 in
3007 4255 3170 4325 ligno,
3205 4255 3378 4309 velum
3419 4257 3555 4310 scis-

1979 4364 2096 4404 sum
2137 4358 2238 4403 est.
2279 4349 2323 4402 0
2353 4363 2598 4417 magnum
2637 4347 2977 4418 mysterium!
3007 4361 3040 4400 ο
3071 4346 3334 4401 ineffabile
3371 4361 3552 4400 sacra-
3641 4397 3650 4406 ,

1979 4439 2244 4494 mentum!
2277 4437 2718 4507 Transgressorcs
2746 4437 2877 4506 legis
2916 4437 3308 4504 crueifixerunt,
3347 4445 3401 4492 et
3421 4437 3558 4506 legis

1979 4538 2184 4585 secreta
2211 4538 2510 4599 patuerunt.
2539 4528 2723 4583 Nonne
2747 4544 2874 4582 crux
2905 4529 2990 4582 illa
3019 4530 3181 4583 clavis
3200 4530 3290 4582 fuit
3314 4530 3560 4584 Domini?

1979 4622 2188 4688 Tenuit,
2221 4629 2274 4676 et
2289 4622 2475 4676 clausa
2505 4621 2763 4676 dissolvit.
2808 4621 2911 4676 Sed
2941 4621 3106 4676 Judmi
3147 4623 3302 4678 etiam
3331 4623 3558 4679 discisso

1977 4715 2100 4769 velo
2115 4723 2417 4784 c00pertam
2437 4713 2633 4767 habent
2657 4713 2844 4768 faciem
2863 4711 2962 4784 (α).
2983 4712 3094 4768 Nor
3116 4724 3304 4781 autem,
3322 4715 3395 4768 ait
3413 4717 3558 4782 Apo-

1973 4805 2168 4872 stolus,
2191 4804 2404 4859 revelata
2427 4805 2552 4875 facie
2567 4805 2779 4875 gloriam
2797 4803 2890 4857 Dei
2908 4806 3239 4874 speculantes,
3265 4805 3314 4858 in
3327 4805 3556 4858 eamdem

1977 4897 2248 4966 imaginem
2268 4899 2686 4966 transformamur
2713 4895 2774 4950 de
2796 4896 2956 4965 gloria
2979 4897 3030 4948 in
3055 4896 3287 4966 gloriam,
3317 4903 3556 4964 tanquam

1982 4999 2016 5036 a
2053 4985 2256 5042 Domini
2280 4986 2476 5054 Spiritu
2499 4985 2567 5055 (ll
2587 4985 2702 5039 Cor.
2723 5002 2799 5049 ιιι,
2831 4986 2918 5052 16,
2951 4987 3059 5057 18).

1982 5079 2067 5132 Ea:
2106 5077 2348 5133 Sermone
2390 5077 2452 5131 de
2503 5075 2737 5131 Calendis
2783 5077 3047 5132 Ianuariis
3091 5089 3263 5128 contra
3297 5073 3554 5144 Paganos,

2333 5168 2557 5222 Joannes
2581 5169 2819 5222 diaconus
2839 5171 2890 5222 in
2911 5167 3206 5220 Leviticum.

1993 5283 1998 5288 τ
2053 5261 2338 5332 Apostolus
2367 5261 2554 5317 Petrus
2581 5262 2705 5316 dicit
2728 5261 2795 5316 ad
2823 5260 3136 5324 Ecclesiam,
3159 5275 3278 5329 qua:
3315 5267 3398 5316 est
3431 5273 3558 5314 cor-

1981 5369 2080 5424 pus
2107 5353 2305 5408 Christi
2328 5371 2340 5407 :
2367 5353 2516 5407 Plebs
2551 5363 2746 5416 sancta,
2787 5353 2960 5426 regale
2982 5351 3317 5404 sacerdotium
3338 5350 3382 5421 (Ι
3415 5349 3556 5405 Petr.

1982 5461 2042 5511 ιι,
2061 5444 2137 5518 9).
2160 5445 2307 5502 Tunc
2333 5443 2474 5498 enim
2488 5461 2622 5498 unus
2637 5443 2884 5500 sacerdos
2902 5444 3214 5513 angebatur,
3233 5441 3392 5498 modo
3406 5440 3559 5496 Chri-

1983 5541 2644 5609 stianiomnesunguntur.
2685 5535 2986 5607 Ungcbatur
3017 5543 3072 5590 et
3111 5549 3224 5599 rex,
3269 5533 3563 5606 uagabatur

2047 5651 2122 5716 (at
2153 5652 2269 5704 Vide
2291 5664 2440 5702 serui.
2474 5650 2582 5712 διο,
2603 5663 2654 5700 n.
2677 5649 2725 5698 5.
