3996 6180
414 321 554 378 I735

411 446 467 494 et
487 435 757 498 sacerdos,
798 430 978 487 caueri
1023 444 1125 482 non
1158 424 1506 494 angebantur.
1539 419 1825 488 Utramque
1869 433 1992 486 per-

416 540 602 581 sonam
629 520 846 594 gerebat
875 519 1147 581 Dominus,
1179 531 1281 568 non
1305 512 1359 566 in
1384 512 1571 581 ﬁgura,
1592 511 1684 563 sed
1705 510 1812 578 jam
1836 511 1886 562 in
1908 524 1999 561 ve-

416 617 594 677 ritate,
624 621 678 667 et
710 612 851 680 regis
878 617 932 664 et
955 605 1267 661 sacerdotis.
1297 604 1378 658 Ob
1408 604 1507 656 hoe
1533 601 1602 654 de
1629 601 1742 669 ipso
1774 598 2000 652 Domino

418 707 547 760 dicit
589 702 896 772 Apostolus,
929 698 1028 764 Qui
1056 701 1216 768 [actus
1241 704 1312 747 est
1337 695 1382 747 ei
1410 709 1472 747 ex
1497 693 1682 746 semine
1728 690 1892 744 David
1918 707 2000 744 se-

420 799 642 852 cundum
669 811 869 848 carnem
900 793 1069 863 (Itoni.
1099 807 1137 856 ι,
1159 791 1234 856 3).
1263 790 1400 842 Ecce
1428 802 1556 855 ergo
1586 787 1787 853 regium
1813 799 1998 853 genus.

421 889 502 942 Ex
530 886 735 940 semine
765 885 939 951 itaque
971 881 1131 934 David
1162 890 1376 949 propter
1407 878 1622 931 Mariam
1654 875 1896 929 Christus
1923 874 2004 928 di-

423 978 581 1038 citur,
613 975 734 1042 quia
762 974 848 1025 illa
885 981 998 1026 erat
1024 988 1088 1025 ex
1128 972 1330 1024 semine
1359 969 1537 1022 David.
1571 968 1675 1021 Sed
1703 981 1808 1036 quo
1837 981 2002 1035 genus

424 1067 479 1122 in
499 1066 657 1120 Maria
678 1065 731 1118 ³⁸1
751 1065 1013 1132 Scriptum
1041 1073 1122 1116 est
1157 1063 1207 1114 in
1237 1061 1524 1130 Evangelio
1547 1058 1877 1112 sacerdotem
1903 1056 2007 1109 Za-

425 1156 660 1211 chariam
679 1155 924 1208 habuisse
950 1168 1169 1207 uxorem
1193 1151 1462 1204 Elisabeth
1484 1149 1550 1203 de
1576 1148 1782 1202 ﬁliabus
1804 1150 2004 1201 Aaron.
2036 1215 2042 1221 ν

427 1246 570 1314 Ergo
597 1245 664 1300 de
693 1261 886 1314 genere
912 1243 1254 1307 sacerdotali;
1276 1244 1394 1310 quia
1417 1250 1523 1294 tota
1541 1242 1651 1309 ipsa
1675 1239 1841 1293 tribus
1858 1238 2004 1292 Levi.

430 1335 628 1390 Dicitur
657 1345 832 1388 autem
879 1335 928 1386 in
960 1334 1244 1400 Evangelia
1274 1332 1450 1385 Maria}
1485 1330 1674 1399 virgini
1705 1330 1770 1383 ab
1797 1329 2007 1397 angelo,

433 1425 656 1496 Cognata
685 1434 769 1477 tua
795 1424 1053 1477 Elisabeth
1098 1422 1245 1492 (Luc.
1289 1438 1326 1484 ι,
1359 1422 1470 1491 56).
1503 1421 1558 1475 Si
1589 1436 1714 1489 ergo
1745 1419 2009 1474 Elisabcth

435 1534 534 1570 una
568 1517 633 1571 (le
662 1517 868 1570 ﬁliabus
897 1520 1070 1569 Aaron
1105 1515 1393 1568 sacerdotis
1422 1525 1640 1584 cognata
1671 1523 1783 1567 erat
1816 1513 2009 1576 Mariat,

437 1623 543 1659 non
570 1606 840 1660 dubitatur
865 1608 1120 1674 virginem
1155 1606 1372 1658 Mariam
1405 1620 1508 1657 non
1539 1611 1741 1656 tantum
1771 1603 1834 1656 ad
1868 1617 2017 1669 rega-

436 1699 560 1763 lem,
583 1698 676 1751 sed
697 1699 852 1750 etiam
884 1698 948 1750 ad
979 1697 1364 1751 sacerdotalem
1392 1697 1698 1764 sanguinem
1723 1697 2012 1763 pertinuere.

435 1789 766 1860 Quapropter
782 1790 917 1844 inest
937 1792 987 1843 in
1010 1792 1231 1844 Domino
1256 1790 1548 1844 seetmdum
1573 1789 1839 1844 hominem
1859 1804 2015 1858 quem

437 1882 689 1949 suscepit,
724 1891 945 1950 utraque
973 1897 1220 1949 persona,
1255 1882 1394 1950 regia
1419 1891 1472 1935 et
1503 1881 1864 1936 sacerdotalis.
1897 1881 2018 1935 Ideo

437 1987 565 2041 ergo
591 1985 712 2026 tunc
744 1973 793 2025 in
826 1973 989 2040 figura
1021 1973 1125 2026 duo
1151 1975 1502 2042 ungehantur,
1534 1989 1625 2026 rex
1653 1984 1706 2028 et
1746 1973 2015 2035 sacerdos,

440 2064 581 2134 quod
613 2065 664 2116 in
693 2065 780 2118 illo
803 2065 974 2133 capite
1002 2075 1183 2117 nostro
1207 2065 1528 2133 completum
1563 2073 1665 2129 est,
1697 2065 1852 2132 cujus
1880 2065 2019 2118 idem

442 2167 540 2206 nos
560 2152 847 2207 Ecclesium
873 2163 1032 2206 totam
1052 2169 1245 2221 corpus
1265 2169 1382 2207 esse
1399 2155 1735 2208 manifestum
1754 2164 1852 2212 est.
1874 2155 2023 2211 Unde

443 2242 635 2297 merito
654 2259 821 2312 genus
848 2243 1046 2312 regium
1076 2255 1129 2296 et.
1155 2244 1484 2299 sacerdotale
1513 2246 1755 2300 dicimur.

442 2328 572 2385 Item
597 2347 659 2386 ea:
684 2332 927 2386 Sermone
947 2333 1006 2385 de
1028 2332 1260 2386 Calendis
1281 2332 1545 2387 Januariis
1568 2345 1739 2388 contra
1764 2335 2022 2407 Paganos,

903 2421 1128 2475 Joannes
1159 2424 1420 2489 diaconus,
1454 2425 1576 2477 ibid.

515 2511 576 2566 In
628 2512 732 2566 illis
763 2512 1030 2567 veteribus
1079 2517 1425 2568 sacramentis
1453 2516 1540 2570 ille
1591 2513 2028 2586 prmﬁgurabatnr

445 2620 584 2659 unus
604 2604 860 2660 Dominus
885 2615 1065 2660 noster
1105 2606 1260 2660 Jesus
1290 2607 1555 2661 Christus.
1588 2609 1734 2662 Unus
1777 2610 2026 2665 SJCCldOS

447 2694 677 2748 intrabat
706 2693 758 2746 in
795 2705 974 2748 sancta
1027 2703 1328 2749 sanctorum
1355 2713 1368 2747 :
1402 2696 1624 2763 populus
1651 2707 1824 2751 autem
1857 2700 2031 2753 omnis

446 2783 576 2839 foris
604 2785 794 2838 stabat.
823 2785 1086 2854 Numquid
1119 2787 1276 2840 modo
1314 2789 1580 2856 episc0pis
1606 2789 1671 2842 ad
1705 2791 1868 2844 altare
1897 2792 2030 2845 assi-

455 2872 716 2926 stentibus
745 2887 836 2926 vos
859 2873 986 2928 toris
1013 2875 1158 2940 estis,
1197 2891 1261 2928 ac
1285 2892 1389 2930 non
1431 2877 1616 2932 intus?
1646 2878 1877 2934 Iutrahat
1909 2890 2033 2936 tunc

515 3037 533 3067 ί
560 3040 698 3084 Forte
724 3049 739 3086 :
765 3036 856 3086 Sed
878 3036 1112 3100 quomodo
1133 3036 1429 3088 sacerdotale
1442 3051 1590 3101 genus
1614 3039 1664 3089 in
1688 3041 1882 3092 Maria?

1613 3132 1796 3139 _._____.

537 3127 722 3133 r~7—~——.
785 3127 812 3134 ν
833 3128 850 3132 -.
875 3128 878 3131 .
903 3128 908 3131 .
946 3128 960 3132 -
983 3130 988 3132 .
1059 3129 1184 3134 ,_.V___
1215 3130 1376 3134 ___H_______
1445 3130 1468 3134 __
1501 3131 1612 3136 ______

1869 293 2232 353 APPENDIX.
3321 289 3347 318 λ

3545 269 3687 332 I736

2107 427 2244 468 unus
2265 408 2514 465 sacerdos
2544 407 2596 460 in
2651 412 2830 459 sancta
2882 408 3187 456 sanctorum
3228 393 3394 453 semel
3441 394 3494 451 in
3525 411 3688 460 anno,

2108 505 2294 557 Annus
2322 507 2490 554 totum
2529 507 2735 565 tempus
2773 492 3051 561 signiﬁcat.
3095 489 3272 544 Semel
3311 502 3439 558 ergo
3497 488 3549 542 in
3580 495 3696 542 toto

2112 603 2349 661 tempore
2391 589 2604 643 intravit
2634 587 2685 638 in
2715 592 2894 638 sancta
2942 588 3272 643 sanctorum,
3306 595 3411 632 non
3446 577 3690 648 ﬁgurata,

2111 685 2207 740 sed
2233 697 2375 744 vera,
2407 681 2542 733 ultra
2585 678 2886 732 velamenta
2914 673 3190 736 caelorum,
3240 684 3378 722 unus
3439 667 3694 722 sacerdos

2114 783 2294 828 noster
2309 783 2588 839 resurgens
2615 783 2645 822 a
2667 764 2889 819 mortuis
2913 764 3168 816 Dominus
3212 760 3371 814 Jesus
3412 759 3683 822 Christus,

2113 864 2342 918 oﬁ'erens
2365 877 2422 915 se
2463 862 2633 928 ipsum
2663 871 2756 926 pro
2799 854 2972 910 nobis.
3003 853 3242 917 Intravit,
3290 861 3344 906 et
3370 851 3438 904 ibi
3460 860 3566 904 est.
3595 850 3696 903 Γυ-

2115 958 2270 1027 pulos
2289 964 2464 1008 autem
2485 951 2655 1005 adhuc
2672 948 2945 1002 nobiscum
2969 945 3094 999 foris
3115 953 3218 998 stat
3240 962 3251 994 ε
3272 943 3505 997 nondum
3521 957 3710 996 resur-

2115 1048 2351 1102 reximus
2379 1047 2456 1098 ire
2501 1043 2556 1096 in
2598 1041 2805 1094 obviam
2835 1038 3070 1097 Christo,
3101 1045 3154 1089 et
3200 1049 3411 1103 semper
3447 1050 3568 1088 eum
3602 1034 3694 1086 illo

2118 1138 2340 1192 interius
2390 1149 2734 1202 permanere,
2766 1145 2887 1184 cum
2939 1129 3176 1182 dicturus
3219 1137 3300 1181 est
3347 1127 3487 1180 bono
3520 1139 3698 1188 servo,

2119 1230 2266 1284 Intra
2291 1230 2344 1281 in
2385 1226 2626 1298 gaudium
2656 1223 2860 1274 Domini
2905 1221 2976 1273 tui
3001 1218 3018 1289 (
3048 1218 3232 1271 Matth.
3262 1233 3394 1285 xxv,
3421 1215 3487 1270 Ξι
3519 1216 3557 1285 ).
3590 1215 3702 1270 lloc

2119 1337 2247 1391 ergo
2286 1318 2607 1389 ﬁgurabatur
2657 1323 2781 1368 tunc
2830 1327 2922 1380 per
2949 1325 3109 1363 unum
3149 1305 3480 1362 sacerdotem
3521 1308 3696 1361 solum

2120 1415 2406 1469 intrantem
2447 1410 2497 1462 in
2528 1415 2707 1460 saneta
2729 1414 3030 1457 sanctorum
3060 1413 3112 1456 et
3129 1400 3376 1469 populum
3400 1397 3526 1452 l'oris
3546 1405 3700 1450 stan~

2124 1512 2250 1566 tem,
2275 1500 2412 1570 quod
2441 1514 2582 1551 nunc
2608 1497 2877 1564 impletum
2911 1503 2990 1547 est
3021 1509 3114 1561 per
3145 1491 3425 1544 Dominum
3450 1476 3693 1542 nostrum

2123 1593 2304 1648 Iesum
2331 1591 2599 1644 Christum
2630 1587 2798 1640 solum
2842 1587 3125 1638 intrantem
3153 1597 3309 1651 supra
3351 1589 3555 1635 secreta
3592 1595 3707 1634 cce-

2127 1685 2317 1746 lorum,
2336 1691 2389 1736 et
2406 1681 2652 1750 populum
2671 1678 2844 1732 adhuc
2875 1676 3005 1729 foris
3030 1685 3353 1743 gementem,
3378 1687 3472 1742 spe
3497 1673 3708 1726 salvum

2127 1779 2366 1837 factum;
2407 1781 2799 1841 exspectantem
2852 1768 3270 1836 redemptionem
3316 1766 3556 1834 corporis
3601 1764 3704 1830 sui,

2127 1884 2244 1937 qua:
2272 1866 2445 1919 futura
2468 1872 2548 1917 est
2572 1864 2624 1916 in
2663 1861 3056 1916 resurrectione
3088 1866 3440 1911 mortuorum.

2128 1958 2261 2013 Item
2298 1973 2360 2011 ea:
2387 1956 2630 2011 Sermone
2649 1953 2709 2005 de
2755 1951 2992 2006 Calendis
3037 1948 3299 2002 Ianuariis
3338 1956 3511 2000 contra
3541 1945 3713 2015 Paga-

2522 2062 2635 2112 nos,
2653 2043 2876 2097 Joannes
2901 2042 3162 2104 diaconus,
3186 2039 3308 2092 ibid.

2202 2140 2320 2213 Ipse
2343 2139 2482 2196 enim
2507 2151 2748 2192 summus
2778 2131 3025 2189 sacerdos
3069 2144 3256 2202 preces
3285 2138 3498 2184 nostras
3524 2126 3704 2194 oﬂert,

2133 2231 2222 2300 qui
2249 2231 2588 2298 semetipsum
2636 2225 3001 2279 holocaustum
3044 2237 3142 2292 pro
3169 2221 3320 2275 nobis
3359 2221 3568 2274 obtulit.
3597 2218 3714 2288 Ipse

2136 2328 2216 2372 est
2242 2319 2444 2388 quinos
2471 2315 2728 2385 perducit,
2763 2315 3105 2380 interponens
3136 2327 3213 2374 se,
3241 2325 3342 2363 non
3383 2318 3439 2362 ut
3459 2308 3714 2361 interelu-

2137 2409 2247 2474 dat,
2267 2407 2359 2461 sed
2380 2407 2676 2474 utdirigat;
2706 2420 2808 2457 non
2833 2413 2887 2456 ut
2913 2412 3139 2472 separet,
3169 2401 3259 2455 sed
3288 2411 3341 2453 ut
3369 2399 3706 2462 reconciliet;

2139 2507 2334 2551 nonut
2386 2495 2655 2564 impediat,
2723 2493 2817 2548 sed
2869 2503 2925 2546 ut
2970 2493 3348 2561 impedimenta
3392 2491 3706 2557 disrumpat.

2140 2589 2257 2658 Ipse
2277 2596 2360 2642 est
2399 2585 2628 2656 pontifex
2689 2601 2824 2638 unus
2849 2595 2901 2638 et
2931 2583 3177 2637 sacerdos
3205 2598 3359 2645 unus,
3410 2580 3500 2649 qui
3544 2577 3722 2648 pneﬁ-

2141 2677 2424 2748 gurabatur
2454 2678 2503 2730 in
2551 2675 2780 2743 antiquis
2817 2673 3175 2728 sacerdotibus
3208 2672 3317 2724 Dei.
3348 2670 3471 2724 Ideo
3513 2683 3723 2738 qurere-

2143 2767 2296 2821 batur
2319 2765 2568 2820 saecrdos
2590 2766 2704 2819 sine
2735 2764 2934 2818 macula
2963 2763 3203 2830 corporis
3229 2777 3241 2824 ;
3281 2762 3400 2830 quia
3448 2759 3536 2812 ille
3563 2758 3715 2812 solus

2143 2857 2257 2911 sine
2287 2857 2490 2910 macula
2549 2856 2746 2924 peccati
2800 2853 2929 2906 vixit
2976 2853 3135 2906 etiam
3184 2851 3236 2905 in
3284 2865 3445 2904 carne
3487 2849 3721 2904 mortali.

2144 2946 2274 3000 Nam
2297 2947 2436 3015 quod
2467 2947 2517 2998 in
2538 2960 2760 3013 corpore
2784 2943 3213 3011 prmﬁgurabatur
3240 2941 3473 3006 illorum,
3498 2939 3548 2992 in
3579 2938 3722 2992 illius

2148 3037 2254 3088 vita
2281 3035 2677 3104 signiﬁcabatur
2705 3033 2956 3086 futurum.

879 3233 1998 3506 ﬁppenhix
2093 3253 2574 3450 tanti
2687 3251 3325 3512 quinti

771 3574 1761 3735 OPERUM
1878 3580 2060 3737 S.

2155 3578 3451 3741 AUGUSTINI

1847 3844 2344 3900 COMPLECTENS

1315 3973 1920 4048 SERMONES
1983 3976 2878 4062 SUPPOSITITIOS,

755 4126 836 4186 IN
878 4123 1257 4198 QUATUOR
1299 4122 1632 4184 CLASSES
1675 4125 2062 4189 SUBJECTO
2102 4128 2309 4190 NUNC
2352 4129 2664 4190 PRIMUM
2707 4129 3002 4189 ORDINE
3044 4128 3448 4188 DIGESTOS.

796 4280 993 4322 PRIMA
1038 4280 1272 4322 CLASSIS
1319 4281 1634 4323 CONTINET
1683 4283 2005 4328 SERMONES

876 4358 957 4398 DE
1005 4356 1365 4404 SCRIPTURIS
1413 4360 1676 4403 VETERIS
1723 4363 1803 4404 ET
1852 4364 2000 4405 ΝΟνί

872 4434 1294 4477 TESTAMENTI.

2193 4287 2511 4343 SECUNDA,
2557 4287 2879 4331 SEBMONES
2922 4289 3004 4330 DE
3057 4289 3372 4332 TEMPOBE.

2189 4367 2447 4420 TERTIA,
2498 4367 2821 4409 SERMONES
2879 4368 2960 4408 DE
3002 4367 3274 4410 SANCTIS.

2189 4442 2466 4499 QUARTA,
2519 4445 2843 4488 SERMONES
2892 4447 2974 4486 DE
3027 4447 3331 4490 DIVERSIS.

668 4543 750 4590 Itis
771 4539 1003 4589 classibus
1022 4540 1191 4588 inserti
1215 4547 1326 4590 sunt
1349 4547 1602 4592 Sermones
1623 4550 1822 4595 stuui
1848 4546 2060 4609 episcopi
2081 4546 2394 4608 Arelatensis,
2417 4530 2596 4611 praeter
2629 4562 2717 4599 eos
2737 4549 2819 4612 qui
2839 4550 3158 4599 inscribuntur
3184 4551 3243 4598 ad
3268 4551 3528 4602 monachos.

705 4647 1216 4728 Comparavimus
1248 4666 1449 4708 omnes
1479 4668 1576 4709 eas
1616 4649 1913 4714 editiones
1947 4652 2137 4714 initio
2169 4654 2336 4716 Retr.
2364 4658 2419 4711 et
2440 4647 2753 4723 Confess.,
2778 4662 2824 4715 τ.
2856 4655 2914 4729 1,
2946 4665 3332 4717 memoratas.
3411 4657 3496 4717 Μ.

1913 4792 2317 4828 m

1473 4885 2074 4994 CLASSIS
2148 4889 2709 4998 PRIJVIA.

1389 5048 1490 5103 DE
1530 5036 1838 5103 ⁸ΪΕΤΕΙΗ
1880 5049 1974 5104 ΕΤ
2013 5049 2224 5107 NOVO
2262 5052 2836 5110 TESTAMENTO.

948 5182 1176 5240 SERMO
1213 5183 1464 5238 PRIMUS
1491 5181 1585 5254 (a).

481 5281 554 5336 De
580 5277 1099 5351 lignodignoscentiaz
1126 5275 1240 5328 boni
1269 5284 1316 5351 et
1345 5275 1483 5327 mali.
1502 5273 1723 5351 _Gen.‘n,
1752 5275 1838 5341 I6,
1864 5276 1930 5328 i7
1958 5274 2054 5351 _(‘b)_.

548 5343 924 5407 IfSolvu'ntur
962 5361 1106 5399 uana
1140 5345 1436 5414 quastione:
1478 5343 1541 5398 de
1582 5345 1759 5398 arbore
1805 5343 2054 5415 paradisi,

646 5535 908 5601 Augustino
930 5535 986 5601 in_
1014 5535 1298 5601 quibusdam
1322 5548 1351 5601 e
1397 5537 1651 5586 veteribus
1662 5535 1808 5601 libris
1829 5536 2054 5601 tributus.

477 5595 747 5656 lallarmini
759 5598 937 5662 judicio
958 5595 1152 5662 dubius,
1171 5597 1348 5645 Erasm't
1380 5606 1544 5662 autem
1567 5597 1744 5662 verlini
1766 5605 1820 5646 et
1836 5598 2058 5662 vindingi

481 5662 723 5712 sententia
753 5657 831 5727 est
866 5657 1232 5727 supposititius,
1273 5660 1487 5727 atquein
1511 5659 1542 5709 9
1578 5659 1693 5709 tomi
1736 5657 2059 5727 Appendicein

481 5735 570 5782 per
601 5721 922 5771 wvanienses
953 5719 1191 5778 rejectus.
1214 5719 1675 5784 Ambrosiolquoque
1694 5719 1954 5781 perperam
1976 5719 2058 5769 ad-

560 5495 591 5533 a
646 5477 856 5537 Alias,in
879 5482 1010 5525 torno
1030 5486 1173 5522 nono.

538 5480 616 5654 ibi
646 5538 908 5614 Attgustino
930 5535 979 5583 in
1014 5535 1173 5642 (auibus

538 5598 937 5654 rlanmnuudtcm
958 5595 1022 5644 du
1061 5608 1152 5653 ms,

2167 5187 2414 5258 Legimus
2457 5190 2509 5243 in
2544 5189 2736 5244 Genesi
2780 5190 2978 5245 dixisse
3015 5192 3297 5248 Dominum
3336 5195 3402 5248 ad
3433 5195 3630 5257 Adam,
3665 5195 3754 5252 Ea:

2165 5260 2300 5334 o‘nmi
2330 5261 2472 5334 ligno
2486 5260 2619 5334 quod
2641 5270 2712 5334 est
2738 5260 2791 5312 in
2821 5262 3265 5334 paradiso,pedetis
3287 5280 3306 5327 ;
3331 5264 3393 5318 de
3419 5265 3554 5334 ligno
3580 5275 3750 5320 autem

2165 5328 2519 5404 dignoscemus
2547 5330 2662 5382 boni
2674 5338 2733 5404 et
2767 5328 2891 5383 mali
2910 5372 2923 5392 ,
2962 5332 3202 5404 quodest
3232 5335 3282 5386 in
3311 5328 3477 5388 medio
3498 5336 3752 5404 paradisi.

2165 5414 2265 5468 non
2296 5398 2448 5451 edetis
2473 5414 2609 5468 :qua
2649 5399 2731 5451 die
2771 5410 2936 5452 autem
2976 5398 3208 5463 ederilis,
3248 5413 3404 5456 morte
3444 5398 3752 5464 moriemini;

2165 5466 2352 5521 Multos
2379 5466 2594 5534 scimus,
2622 5468 2812 5524 fratres
2835 5469 3156 5538 charissimi,
3179 5471 3245 5528 de
3267 5473 3366 5528 hac
3389 5474 3581 5530 arbore
3601 5491 3756 5546 qum-

2163 5598 2370 5671 scriJ-tus
2423 5596 2541 5654 fuit,
2589 5605 2641 5647 et
2683 5599 2743 5671 ia_
2774 5599 2880 5671 ejus
2931 5611 3134 5671 operum
3179 5606 3309 5671 temo
3347 5602 3530 5671 i_cum_
3575 5600 3752 5666 insign‘

2166 5665 2398 5707 varietate
2445 5673 2674 5708 excusas.
2716 5666 2878 5709 Exstat
2912 5665 3019 5708 sine
3055 5665 3263 5711 auctoris
3287 5665 3482 5712 nomine
3518 5667 3567 5712 in
3593 5665 3735 5714 vetitr

2161 5719 2440 5770 corbeieusi
2465 5719 2587 5770 libro
2611 5731 2723 5771 ante
2748 5733 2898 5772 annos
2916 5719 3068 5783 mille,
3094 5725 3162 5772 uti
3185 5723 3393 5781 videtur.
3411 5721 3672 5785 desu'ipto.
