4036 6188
418 300 555 355 ΠύΊ

415 411 580 467 nostri
622 406 746 462 Jesu
779 404 971 460 Christi
1023 403 1293 457 consecuti
1336 415 1558 466 sumus,
1602 402 1668 456 ad
1717 416 1849 471 quos
1891 418 1997 459 non

414 482 598 533 umbra
651 476 843 531 veteris
891 474 1245 531 'l‘estamenti.
1286 472 1381 526 sed
1434 474 1543 538 ipsa
1582 473 1776 527 veritas
1816 486 1996 539 vemt;

413 560 670 617 quantum
719 560 1034 617 possumus,
1063 558 1182 617 cum
1228 543 1319 596 Dei
1351 543 1533 617 gratia
1577 542 2002 617 lab_oretnus,_ut

414 612 441 683 q
471 620 554 671 .od
588 612 740 671 nobis
768 615 991 668 eontulit
1015 613 1280 680 judicatus
1300 653 1311 674 .
1351 612 1612 681 integrum
1662 614 1893 667 inveniat
1916 615 2002 683 ju-

413 692 702 742 ιΙξαειιιιιῚις.
735 686 834 752 Qui
886 685 975 736 libi
1025 694 1166 735 t:mta
1197 683 1454 743 c0utulit,
1487 684 1584 736 scit
1625 694 1878 752 quantum
1914 701 1999 739 re~

417 768 617 827 poscat.
641 758 779 809 Idem
800 758 1039 827 ipsceutu
1064 752 1285 813 venerit,
1304 753 1605 827 redditurus
1618 762 1701 827 est
1717 754 1855 822 qttod
1877 771 2000 827 pro—_

418 822 559 882 inisit
588 846 599 878 :
633 828 724 879 sed
773 824 1122 891 requisiturus
1166 833 1247 876 est
1295 823 1432 890 quod
1459 822 1711 887 redemit;
1759 833 1813 877 et
1860 825 2001 892 quod

415 900 558 953 dedit
590 898 638 950 in
674 897 842 963 primo
888 894 1155 956 adventu,
1199 904 1480 945 exacturus
1507 904 1587 945 est
1639 895 1689 946 in
1742 896 1998 949 secundo.

417 970 580 1023 i‘éemn
609 982 733 1034 ergo
762 964 974 1016 Christo
1024 964 1245 1016 Domino
1273 972 1455 1015 nostro
1493 963 1683 1034 reddat
1727 964 1862 1016 mala
1906 980 2000 1031 pro

414 1038 587 1092 bonis.
616 1033 745 1103 Quis
789 1046 871 1088 est
900 1035 987 1101 qui
1022 1035 1087 1085 ita
1116 1034 1273 1098 impie
1300 1034 1447 1101 agit?
1476 1033 1574 1098 Qui
1602 1035 1790 1100 accipit
1821 1034 2001 1087 dulce-

415 1110 614 1167 damn,
652 1118 705 1159 et
742 1104 912 1158 reddit
940 1103 1364 1166 amaritudinem;
1396 1105 1484 1171 qui
1512 1105 1703 1171 accipit
1726 1107 1913 1167 vitam,
1947 1113 2002 1158 et

415 1178 646 1232 l‘ttalililil
694 1185 970 1229 mortem:
1016 1183 1241 1225 mortem
1299 1174 1439 1227 enim
1488 1175 1750 1237 restituit,
1801 1175 1889 1243 qui
1943 1190 2001 1228 se

417 1251 585 1315 ipsum
637 1248 772 1299 male
817 1243 1040 1315 vbendo
1087 1244 1526 1315 interlicitrQuis
1576 1254 1655 1315 est
1696 1243 1784 1312 qui
1829 1245 2003 1298 reddit

416 1312 550 1374 mala
586 1334 681 1386 pro
726 1315 917 1394 bonis?
946 1314 1034 1366 llle
1071 1314 1305 1394 quit-uin
1348 1312 1721 1394 deberet-dare
1751 1316 1996 1394 propria,

415 1390 553 1456 rapit
581 1383 775 1447 aliena;
806 1386 893 1452 qui
919 1400 1015 1453 pro
1042 1384 1300 1456 charitate
1324 1384 1495 1437 reddit
1522 1383 1723 1456 odium,
1752 1383 1999 1439 iutidiatn

418 1454 513 1527 pro
558 1457 878 1527 benignitate
904 1497 915 1517 ,
946 1471 1045 1527 pro
1097 1455 1389 1527 humilitate
1412 1454 1752 1527 superbiam,
1784 1470 1878 1523 pro
1908 1470 1997 1507 ca-

415 1523 595 1581 stitate
615 1523 894 1580 qu'uriam.
927 1526 1053 1589 Quis
1082 1532 1163 1576 est
1188 1526 1274 1590 qui
1297 1523 1512 1577 Christo
1542 1524 1714 1577 reddit
1741 1526 1874 1577 mala
1906 1540 2003 1593 pro

420 1600 610 1651 bouis?
638 1598 728 1651 Ille
758 1595 846 1664 qui
894 1610 1013 1647 eum
1056 1594 1275 1647 deberet
1315 1594 1526 1648 lectioni
1554 1595 1821 1659 insistere,
1853 1605 1906 1649 et
1936 1595 2001 1649 ad

420 1670 707 1722 licclcsiatn
752 1680 1003 1729 currere,
1032 1664 1177 1732 eligit
1205 1666 1379 1731 potius
1419 1664 1483 1715 ad
1531 1664 1739 1717 tabulas
1786 1666 1999 1729 ludere,

418 1739 718 1805 Spectacula
744 1735 962 1799 furiosa,
983 1736 1061 1787 vel
1081 1745 1321 1797 cruenta,
1341 1735 1422 1787 vel
1448 1736 1615 1805 turpia
1640 1734 1999 1857 frequentare;

418 1823 471 1857 ιιι
499 1824 656 1857 quiem
688 1814 897 1857 oportet
932 1814 1147 1857 peccata
1178 1819 1269 1857 Sua
1297 1806 1531 1857 orando.
1568 1806 1736 1857 legent
1760 1824 1790 1857 o
1812 1848 1824 1857 .
1863 1807 1999 1857 elee-

418 1823 471 1861 t't
499 1824 656 1877 quem
688 1814 897 1877 oportet
932 1814 1147 1873 peccata
1178 1819 1269 1869 sua
1297 1806 1531 1877 orando,
1568 1806 1824 1873 legendo,
1863 1807 2005 1860 elec-

420 1874 670 1948 tnosynas
699 1876 944 1948 lacieudo
978 1890 1293 1948 consuluere
1313 1915 1328 1937 ,
1367 1874 1543 1948 studet
1571 1877 1743 1948 potius
1773 1892 1964 1948 augere
1985 1917 1999 1938 ,

417 1960 472 2001 et
502 1946 725 2016 amplius
773 1946 1065 2000 cumulare.
1095 1946 1225 2016 Quis
1270 1955 1353 1999 est
1402 1946 1489 2013 qui
1534 1946 1706 1998 reddit
1736 1946 1875 2000 mala
1907 1961 2003 2015 pro

421 2015 612 2071 bonis?
642 2018 742 2084 Qui
768 2032 861 2085 pro
889 2017 1005 2069 lucc
1044 2015 1323 2075 tenebras,
1365 2030 1457 2083 pro
1489 2017 1813 2083 benignitate
1852 2018 2003 2069 inali-

420 2092 566 2150 liam,
597 2104 694 2157 pro
724 2088 1011 2141 sobrietate
1036 2085 1347 2157 ebrietatem
1375 2127 1388 2149 ,
1418 2100 1512 2153 pro
1540 2086 1893 2157 eleemosynis
1921 2101 2005 2139 ra-

422 2155 723 2225 pacitatem,
754 2173 848 2227 pro
871 2157 1083 2227 justitia
1102 2155 1431 2223 iniquitatem
1464 2157 1707 2227 restituit.
1753 2155 1855 2223 Qui
1876 2171 2003 2224 ergo

419 2229 535 2283 h.t-c
565 2229 702 2282 mala
748 2225 1033 2295 adjuvante
1066 2226 1288 2278 Domino
1329 2240 1432 2279 non
1469 2225 1716 2295 admisit,
1748 2235 2001 2293 quantum

420 2310 621 2367 potest,
656 2294 873 2353 munera
905 2298 956 2350 in
996 2311 1054 2349 se
1094 2296 1271 2367 divina
1309 2294 1571 2367 custodiat
1601 2313 1612 2348 :
1645 2296 1735 2364 qui
1770 2312 1895 2349 vero
1920 2296 2003 2350 his

419 2366 574 2424 malis
602 2384 660 2423 sc
706 2368 867 2423 sentit
913 2366 1235 2429 obnoxium,
1274 2375 1328 2418 et
1372 2366 1613 2434 intelligit
1654 2366 2001 2429 obvolutum,

419 2441 526 2492 cito
553 2439 617 2491 ad
657 2436 981 2507 pmuitcntite
1035 2435 1417 2507 tucdicuuenta
1449 2446 1716 2500 recurrat,
1760 2446 1813 2490 cl.
1855 2447 2005 2490 autc-

419 2524 576 2577 quam
602 2504 776 2561 auitna
807 2508 1085 2577 tenebrisa
1113 2504 1182 2577 de
1210 2522 1431 2574 corpore
1478 2508 1661 2559 mortis
1690 2524 1799 2560 sua:
1833 2508 2003 2560 disce-

418 2575 548 2642 dat,
577 2579 934 2648 eleemosynis
961 2617 975 2639 ,
1001 2575 1216 2643 jejuniis
1244 2586 1304 2648 et
1334 2576 1662 2648 orationibus
1708 2578 2002 2631 remedium

419 2650 517 2703 sibi
564 2650 614 2701 in
660 2648 747 2703 die
788 2647 1120 2701 necessitatis
1158 2647 1413 2714 acquirat.
1464 2647 1551 2699 Sic
1591 2662 1716 2715 ergo
1750 2663 2001 2715 agamus,

420 2720 631 2783 fratres,
667 2728 722 2773 ut
756 2729 878 2770 ante
919 2716 1143 2769 trilmual
1187 2716 1383 2769 Christi
1411 2756 1422 2774 .
1461 2726 1514 2769 et
1562 2720 1648 2785 qui
1691 2717 1812 2770 boui
1840 2724 1966 2770 stznt

419 2805 692 2853 coronam,
722 2797 777 2843 et
798 2788 885 2856 qui
918 2787 1243 2854 negligentes
1271 2795 1393 2838 sunt
1451 2787 1655 2839 veniam
1677 2802 2004 2856 consequan-

421 2868 525 2922 tur;
556 2869 610 2911 ut
640 2860 759 2914 illos
787 2868 938 2911 ornet
968 2859 1070 2909 vita
1115 2857 1347 2925 integra,
1380 2858 1506 2908 istos
1535 2858 1701 2909 valeat
1747 2872 2003 2911 excusare

419 2940 657 2983 correcta
680 2948 692 2982 :
726 2937 1010 2996 prtcstante
1034 2926 1255 2979 Domino
1283 2936 1463 2979 nostro
1491 2926 1613 2979 Jesu
1640 2926 1851 2981 Christo
1876 2970 1888 2989 ,
1918 2927 2004 2981 cui

418 3009 500 3053 est
521 3000 691 3054 honor
719 3008 772 3052 et
810 2998 1087 3067 imperium
1137 2997 1187 3067 in
1220 2996 1773 3067 sz‘tfculztsthtlorum.
1808 2998 2000 3053 Amen.

937 3065 1314 3136 salutoxw
1371 3066 1465 3136 (η).

898 3137 976 3192 De
998 3138 1136 3190 beato
1157 3134 1433 3209 map/niui
1464 3134 1556 3209 (b).

492 3212 542 3265 l.
574 3209 776 3263 Invidia
795 3226 884 3267 nec
906 3209 1146 3278 fratribus
1167 3208 1287 3275 ipsis
1318 3210 1496 3277 parcit.
1518 3208 1599 3261 De
1627 3208 1780 3262 beato
1805 3208 2000 3278 Ioseph

418 3282 672 3352 scriptum
704 3290 818 3344 est,
850 3279 1038 3352 fratres
1080 3278 1376 3331 charissitui
1398 3318 1412 3339 ,
1440 3279 1579 3352 quod
1598 3280 1658 3352 ei
1699 3278 2005 3352 invidebant

421 3348 609 3405 fratres
653 3352 767 3414 sui,
809 3360 861 3405 et
903 3351 1023 3404 ideo
1070 3365 1173 3401 non
1221 3358 1461 3417 poterant
1502 3351 1548 3403 ei
1597 3350 1737 3419 loqui
1787 3348 2003 3419 pacilice

420 3422 569 3491 (Gen.
602 3438 813 3481 xxxvii,
844 3422 921 3484 4).
958 3421 1147 3473 Verum
1186 3427 1299 3491 est,
1343 3419 1667 3473 dilectissimi
1691 3462 1702 3481 ,
1731 3421 1852 3489 quia
1896 3430 2000 3474 tam

419 3492 749 3558 perniciosus
774 3501 855 3545 est
873 3491 1083 3547 invidite
1111 3490 1346 3551 morbus,
1380 3500 1433 3542 ut
1458 3505 1551 3543 nec
1577 3492 1869 3556 germanis,
1898 3507 2001 3544 non

418 3565 588 3616 dicam
634 3562 937 3621 extraneis,
971 3576 1183 3627 parcere
1226 3560 1411 3627 possit.
1464 3562 1695 3628 Denique
1738 3562 1917 3614 statim
1952 3563 2000 3614 in

420 3632 568 3685 initio
596 3632 775 3684 mundi
808 3631 937 3683 Abel
960 3632 1159 3697 justutu
1190 3630 1318 3680 Cain
1363 3630 1522 3682 frater
1556 3630 1781 3697 injustus
1811 3633 2003 3684 occidit

424 3701 532 3759 (Id.
564 3716 639 3764 tv,
670 3701 747 3762 8).
776 3700 971 3765 Josepb
1002 3713 1126 3765 ergo
1164 3706 1377 3751 sanctus
1408 3709 1455 3750 et
1490 3699 1655 3752 fidelis
1689 3701 1892 3753 Domini
1923 3701 2000 3753 fa-

420 3772 595 3825 mulus
618 3810 633 3834 ,
674 3768 1095 3823 trilmlationilnts
1128 3769 1293 3839 magis
1337 3768 1511 3839 justus
1558 3770 1883 3839 ostenditur,
1912 3772 1999 3839 qui

420 3843 645 3909 primunt
672 3856 763 3909 per
794 3839 1039 3891 invidiam
1069 3854 1096 3888 a
1123 3836 1379 3909 fratribus
1404 3838 1681 3893 lsuiaelitis
1709 3841 1757 3891 iu
1786 3836 1998 3893 servum

418 3907 681 3975 addictus,
707 3911 774 3964 ab
792 3911 974 3977 eisque
1003 3907 1244 3961 venditus
1282 3924 1310 3960 a
1336 3909 1528 3977 quibus
1570 3925 1627 3963 se
1655 3909 1859 3962 viderat
1902 3913 1967 3963 ad
1986 3941 1999 3949 -

418 3994 648 4043 unitum;
680 3980 871 4035 deinde
900 3978 1149 4049 Egyptio
1175 3977 1390 4031 domino
1414 3979 1651 4041 traditus,
1685 3994 1893 4047 semper
1926 3991 2002 4033 la-

419 4068 539 4107 Inen
596 4055 805 4122 ingenui
872 4050 1031 4103 animi
1089 4049 1256 4122 tenuit
1307 4050 1657 4118 (liguilalcttt;
1717 4050 1999 4122 docuitque.

417 4118 674 4191 «ξιριιοιιιιῐ
718 4139 815 4177 suo
854 4131 907 4175 et
935 4135 1119 4175 servos
1151 4118 1345 4173 liberos
1373 4137 1421 4172 ιιι
1468 4136 1569 4174 non
1615 4121 1883 4190 peccmdo
1904 4118 1927 4188 ,⁷
1947 4131 2002 4176 et

422 4210 525 4247 non
550 4194 903 4247 conditionem
932 4191 1175 4260 cuiquam
1209 4192 1417 4252 oheSse.
1452 4190 1542 4244 Sed
1570 4204 1819 4245 mentem.

487 4265 540 4317 2.
556 4263 717 4331 Culpa
736 4265 785 4316 iu
809 4279 864 4315 co
886 4262 969 4329 qui
993 4260 1122 4312 male
1145 4260 1293 4321 videt,
1321 4278 1419 4313 non
1442 4262 1491 4313 in
1514 4278 1570 4313 eo
1587 4264 1670 4331 qui
1697 4260 1826 4315 male
1844 4262 1999 4315 rideri

419 4352 518 4387 non
540 4335 660 4386 rult.
680 4334 808 4385 (lum
826 4342 967 4383 esset
989 4331 1212 4382 decorus
1233 4342 1281 4382 et
1302 4332 1574 4397 speciosus
1594 4331 1744 4391 facie,
1768 4333 1965 4399 pulchri
1984 4364 1998 4373 ο

419 4405 653 4457 tudinem
708 4403 881 4453 vultus
918 4402 998 4452 sui
1056 4415 1159 4454 non
1210 4400 1271 4451 ad
1317 4400 1544 4454 alienam
1574 4401 1832 4455 derivavit
1863 4404 2001 4469 inju-

418 4476 582 4533 riam.
614 4473 704 4525 sed
736 4472 798 4523 ad
828 4486 975 4522 suam
1004 4471 1224 4536 gratiam
1253 4472 1587 4525 conservavit
1618 4488 1631 4524 :
1669 4472 1767 4525 hoc
1792 4488 1850 4526 se
1886 4474 1999 4540 pul-

415 4546 679 4597 cln'iorcm
720 4542 961 4609 judicans
986 4581 999 4603 ,
1032 4540 1075 4591 si
1117 4556 1221 4591 non
1252 4540 1529 4609 dispendio
1572 4543 1850 4604 eastitatis,
1903 4543 1998 4597 sed

414 4616 556 4667 t'ullu
592 4613 804 4681 pudoris
830 4610 1119 4678 Speciosior
1144 4611 1474 4679 probaretur;
1504 4621 1557 4663 et
1584 4613 1728 4664 ilium
1759 4628 1879 4667 esse
1905 4630 1999 4667 ve-

417 4702 532 4738 rum
561 4686 841 4744 decorem,
871 4682 957 4749 qui
1007 4696 1109 4733 non
1138 4681 1340 4735 alienos
1384 4683 1566 4735 oculos
1602 4693 1854 4751 caperet,
1903 4700 1999 4738 nec

416 4766 623 4809 mentes
650 4752 858 4817 fragiles
880 4752 1203 4804 vulneraret.
1230 4752 1437 4805 Crimen
1461 4754 1601 4806 enim
1634 4754 1861 4806 dotuiute
1887 4771 1998 4808 sua:

416 4826 541 4890 fuit,
575 4842 692 4893 qua:
724 4823 858 4876 male
887 4823 1050 4881 vidit;
1082 4839 1183 4874 non
1217 4822 1350 4875 beati
1378 4821 1597 4891 Ioseph,
1625 4823 1715 4891 qui
1756 4824 1892 4878 male
1918 4828 1997 4878 vi-

412 4897 525 4948 deri
561 4911 663 4948 non
714 4894 896 4944 voluit.
924 4893 1030 4945 Nec
1076 4894 1124 4944 in
1166 4908 1231 4945 eo
1277 4894 1362 4961 qui
1394 4895 1535 4946 visus
1571 4904 1669 4955 est,
1699 4895 1850 4961 culpa
1874 4903 1992 4954 est:

413 4968 535 5038 quia
570 4982 672 5019 non
716 4973 830 5017 erat
875 4964 923 5038 iu
966 4971 1223 5038 potestate
1269 4964 1444 5017 servili
1471 5006 1483 5026 ,
1520 4975 1573 5016 ut
1603 4981 1705 5017 ημιι
1735 4966 1998 5038 videretur

410 5034 441 5091 ει
468 5038 680 5091 domina
711 5052 725 5089 :
758 5035 979 5088 maritus
1006 5034 1189 5087 debuit
1226 5050 1412 5087 cavere
1455 5040 1631 5089 uxoris
1670 5035 1869 5088 oculos.
1903 5036 1994 5090 Di-

473 5127 545 5190 (ο)
580 5126 719 5187 Alias,
738 5126 803 5175 de
823 5132 1061 5190 Tempore
1082 5123 1160 5172 85.

472 5184 543 5250 (ὁ)
578 5195 626 5237 ιιι
659 5184 959 5251 Αῄιιειιάιοθ“
980 5198 1106 5234 nunc
1151 5185 1351 5251 primum
1392 5184 1666 5251 collocatur.
1691 5194 1839 5251 Totus
1876 5200 1995 5238 cen-

410 5247 538 5311 tenis
575 5247 1021 5311 iustar'conq-actus
1044 5254 1121 5296 est
1146 5260 1208 5295 ex
1230 5249 1465 5296 variorum
1489 5247 1655 5306 dictis,
1679 5249 1864 5298 scilicet
1912 5258 1996 5298 Pe-

411 5310 522 5373 lagii
542 5346 557 5371 ,
584 5312 815 5360 Ambrosii
835 5310 1089 5372 ,(zypriaui
1107 5346 1121 5367 ,
1158 5318 1206 5359 et
1244 5321 1307 5356 ex
1334 5310 1602 5367 tragmento
1624 5312 1862 5373 sermonis
1883 5312 1992 5369 διδ,

407 5371 478 5422 ι.Ιὸ
514 5383 725 5423 susanna
771 5379 822 5421 et
863 5371 1057 5433 teseph.
1104 5378 1342 5419 caeterum
1386 5373 1569 5419 auctior
1614 5371 1755 5431 taulo
1802 5379 1853 5420 et
1892 5375 1993 5421 sin-

407 5436 565 5484 cerior
605 5448 733 5484 nunc
757 5434 914 5483 editur
952 5432 1009 5481 ad
1035 5433 1211 5480 librum
1242 5432 1681 5480 't‘beodericensem
1704 5440 1819 5481 ante
1843 5446 1995 5483 annos

406 5497 759 5563 septingentos
787 5495 1099 5563 descriptum:
1144 5500 1211 5563 De
1256 5493 1438 5563 numul
1488 5496 1583 5563 vid.
1627 5494 1803 5563 Pelagii
1846 5497 1990 5563 epist.

405 5553 844 5606 ad'Demetriadem
862 5591 877 5613 ,
915 5553 1020 5616 cap.
1062 5555 1121 5613 ὅς
1155 5555 1219 5603 de
1246 5568 1375 5601 num.
1398 5553 1456 5612 ‘2,
1483 5558 1710 5604 Ambrosii
1734 5553 1906 5603 litrum
1928 5557 1991 5603 de

405 5620 602 5679 tosejb,
621 5631 725 5679 mp.
752 5620 808 5677 5;
830 5619 894 5667 de
918 5630 1048 5665 num.
1070 5617 1102 5665 5
1120 5623 1171 5664 et
1186 5616 1241 5679 .l,
1256 5618 1507 5679 Augustini
1528 5617 1801 5674 serm.3t5,
1824 5632 1871 5664 ιι.
1887 5617 1987 5671 6-8;

400 5678 467 5730 de
494 5691 623 5726 mnu.
650 5678 697 5736 5,
720 5679 1080 5741 epist.7Pelagii,
1106 5691 1212 5741 cap.
1234 5678 1290 5737 ὃς
1316 5680 1378 5724 de
1398 5691 1526 5725 ntun.
1546 5678 1594 5735 6,
1620 5691 1775 5741 usque
1808 5679 1865 5725 ad
1885 5692 1987 5724 me-

402 5740 552 5797 uiuut,
580 5742 721 5800 etist.
747 5740 982 5801 ejusdem,
1008 5754 1051 5786 ιι.
1090 5740 1158 5787 l8.

1880 289 2239 350 APPENDIX.

3559 302 3694 360 I708

2109 414 2259 458 scaut
2305 412 2429 459 tunc
2474 411 2527 458 et
2554 404 2683 477 _viri_
2702 418 2891 460 cavere
2938 403 3122 477 oculos
3177 405 3531 477 feminarum,
3571 428 3694 467 Cllllt

2110 485 2356 547 amantur
2379 484 2432 527 et
2454 474 2567 547 Δ(ιιιί
2600 475 2783 528 nolunt
2826 476 3011 529 amari.
3048 477 3282 547 Denique
3311 474 3585 533 adamatus
3611 496 3693 537 est

2108 544 2304 612 Joscph
2332 586 2345 607 ,
2377 544 2464 616 qui
2512 554 2785 616 amantem
2816 544 3210 616 contempserat
3238 566 3250 601 :
3278 560 3329 603 et
3364 551 3496 604 bene
3526 568 3695 606 excu-

2110 620 2245 668 savit
2274 631 2391 667 eum
2419 614 2688 682 Scriptura
2712 656 2724 678 ,
2757 614 2959 679 diecns,
2990 614 3211 671 Immisit
3245 618 3419 673 oculos
3450 637 3578 673 uxor
3601 624 3693 675 do-

2111 686 2231 737 mini
2253 686 2364 759 eius
2391 685 2442 737 in
2471 682 2661 759 Ioseph
2689 701 2707 737 :
2735 685 2833 739 hoc
2858 696 2973 759 est,
3000 703 3102 759 non
3144 688 3241 742 iste
3282 705 3341 744 se
3367 695 3651 746 ostentavit
3676 734 3695 759 ,

2111 771 2208 809 nec
2252 757 2337 808 ille
2366 758 2505 821 ecpit
2543 754 2805 808 incautam
2843 756 2974 809 :sed
3017 758 3100 810 illa
3144 760 3271 812 retia
3316 775 3407 812 sua
3436 754 3691 823 inunisit,

2110 838 2157 897 et
2178 826 2529 897 indaginesua
2553 835 2701 892 capta
2724 836 2825 897 est;
2850 836 3193 880 catenassuas
3213 829 3427 897 sparsit,
3446 833 3563 885 etin
3584 840 3695 886 suis

2110 894 2336 963 vinculis
2358 896 2597 963 colligata
2628 904 2727 948 cst.
2763 896 2899 947 Dixit
2940 907 3114 949 autem
3152 894 3260 959 illi,
3298 898 3471 953 Dormi
3503 919 3695 955 nterim:

2074 996 2075 999 η
2112 962 2260 1031 (Gen.
2295 980 2491 1037 sxxtv,
2519 965 2545 1016 7
2571 962 2610 1033 ).
2642 964 2815 1037 Prima
2840 966 3081 1020 adulterii
3104 968 3377 1022 oculorum
3403 971 3501 1022 tela
3529 984 3652 1026 sunt
3677 1014 3693 1037 ,

2109 1034 2345 1111 secunda
2372 1036 2672 1111 verborum.
2716 1033 2818 1111 sed
2850 1037 2936 1103 qui
2968 1050 3071 1090 non
3118 1038 3325 1111 capitur
3363 1041 3566 1103 oculis,
3594 1033 3695 1111 po;

2112 1112 2211 1156 test
2242 1104 2414 1177 verbis
2456 1106 2721 1177 resistere.
2766 1106 3075 1177 Excusatur,
3099 1108 3237 1175 quod
3267 1109 3532 1177 ingressus
3562 1104 3645 1166 est
3676 1130 3693 1166 :

2112 1175 2444 1240 pra-dicatur,
2468 1175 2606 1242 quod
2645 1176 2857 1243 elapsus
2897 1184 2996 1229 est.
3028 1176 3135 1229 Nec
3181 1175 3343 1245 pluris
3370 1179 3492 1232 fecit
3523 1186 3688 1235 vesu—

2111 1254 2287 1297 menta
2330 1246 2569 1312 corporis
2592 1285 2606 1307 ,
2638 1261 2796 1313 quam
2839 1246 3015 1321 animi
3046 1250 3412 1321 castimoniam
3442 1269 3454 1304 :
3481 1254 3694 1321 reliquit

2111 1322 2357 1381 tanquam
2399 1331 2501 1366 non
2530 1329 2621 1367 sua
2649 1356 2663 1379 ,
2688 1330 2805 1384 qua:
2835 1316 3071 1370 adultera
3115 1320 3356 1372 manibus
3384 1316 3652 1377 detinebat
3677 1340 3690 1382 ;

2107 1394 2161 1437 et
2207 1385 2377 1458 aliena
2417 1385 2709 1458 judicavit,
2742 1401 2858 1455 qua:
2906 1397 3043 1443 tactu
3085 1388 3361 1456 impudica:
3412 1402 3696 1458 potuerant

2108 1455 2508 1522 comprehendi.
2544 1455 2757 1524 Magnus
2800 1458 2952 1525 plane
2984 1459 3079 1521 vir,
3112 1455 3198 1526 qui
3231 1455 3471 1513 venditus
3494 1465 3691 1518 servile

2112 1533 2235 1578 tunc
2266 1526 2484 1578 nescivit
2511 1526 3087 1590 iugi-nium,adamatus
3118 1544 3220 1581 non
3241 1530 3530 1587 redamavit
3554 1574 3567 1597 ,
3598 1550 3690 1587 ro-

2108 1604 2259 1668 gatus
2281 1612 2383 1668 non
2408 1598 2695 1668 acquievit,
2727 1597 3089 1663 apprehensus
3118 1598 3340 1668 aufugit.

2184 1667 2235 1739 5.
2278 1666 2433 1721 Amor
2478 1666 2760 1739 impudicus
2811 1683 2910 1718 non
2946 1678 3037 1739 est
3079 1666 3693 1739 amorflioncupiscitur

2109 1734 2420 1788 adolescens
2450 1750 2477 1786 a
2507 1736 2746 1808 domina,
2772 1751 2869 1789 nec
2894 1736 2957 1789 ad
2989 1734 3693 1808 concupiscentiamprovo-

2109 1815 2291 1865 catur;
2324 1815 2558 1874 rogatur,
2584 1814 2635 1858 et
2662 1804 2851 1874 refugit
2879 1824 2890 1857 :
2923 1824 3019 1859 una
3053 1804 3225 1862 hacin
3257 1825 3313 1863 re
3345 1804 3610 1867 blanditur
3628 1829 3692 1867 ac

2110 1875 2407 1943 supplicat,
2440 1892 2559 1943 qua:
2586 1875 2637 1927 in
2667 1878 2874 1929 caeteris
2910 1877 3220 1944 imperabat.
3260 1881 3481 1935 Amabat
3512 1883 3686 1941 illum.

2109 1960 2174 1996 an
2216 1946 2390 2013 potius
2430 1944 2524 1998 se?
2563 1945 2672 2013 Ego
2718 1957 2842 2013 puto
2886 1948 3004 2014 quia
3038 1964 3134 2001 nec
3164 1950 3341 2011 illum,
3390 1966 3486 2005 nec
3527 1968 3606 2006 se.
3635 1955 3690 2008 Si

2110 2014 2258 2068 illum
2291 2016 2519 2089 amabat,
2550 2031 2713 2089 quare
2735 2017 2950 2089 _vo_lebat
2980 2018 3236 2085 perdere?
3267 2020 3320 2073 Si
3350 2036 3408 2074 se
3442 2022 3687 2089 amabat,

2110 2100 2273 2157 quare
2302 2086 2510 2139 volebat
2542 2086 2753 2157 perire?
2788 2087 2921 2139 Ecce
2954 2089 3167 2155 probavi
3190 2130 3202 2149 ,
3234 2090 3356 2157 quia
3398 2108 3502 2144 non
3538 2086 3689 2146 ama;

2112 2153 2254 2208 hat:
2307 2170 2512 2208 veneno
2570 2156 2798 2209 libidinis
2856 2153 3095 2222 ardebat,
3137 2153 3500 2214 non'llamina
3558 2164 3689 2216 cha-

2110 2225 2283 2278 ritatis
2313 2225 2545 2297 lucebat.
2574 2224 2678 2279 Sed
2712 2228 2795 2278 ille
2837 2238 3056 2281 noverat
3090 2229 3265 2282 videre
3297 2232 3434 2297 quod
3468 2233 3549 2289 illa
3582 2250 3689 2287 non

2110 2303 2354 2370 noverat.
2407 2295 2682 2370 Pulchrior
2728 2306 2842 2370 erat
2888 2297 3266 2370 iutttsJoseph
3317 2295 3477 2370 quam
3530 2303 3686 2363 foris;

2113 2364 2460 2439 pulchriorin
2494 2367 2810 2439 luce_eordis
2840 2383 2995 2435 quam
3039 2369 3087 2421 in
3121 2368 3255 2423 facie
3283 2364 3521 2439 corporis
3556 2393 3569 2429 :
3604 2376 3689 2427 ubi

2113 2436 2254 2515 illius
2286 2435 2493 2515 femina!
2515 2437 2699 2515 oculus
2724 2452 2823 2515 non
2857 2439 3183 2505 penetrabat,
3217 2441 3286 2515 ibi
3316 2435 3426 2515 ipse
3452 2460 3544 2495 sua
3570 2447 3689 2515 pul-

2111 2502 2413 2584 eltritudiné
2462 2506 2751 2584 fruebatur.
2800 2502 3013 2584 lutuens
3055 2502 3182 2584 ergo
3229 2502 3532 2584 interiorem
3570 2502 3695 2584 pul-

2111 2574 2469 2649 chritudinem
2512 2578 2771 2629 castitatis
2814 2578 2863 2630 in
2910 2574 3140 2647 ενρειιιιῐ
3170 2583 3508 2637 conscientiw
3546 2574 3689 2649 sure,

2110 2645 2325 2713 quando
2365 2647 2506 2699 illam
2538 2649 2809 2707 maculari,
2839 2645 3051 2715 quando
3077 2650 3261 2705 violari
3300 2652 3437 2705 illius
3480 2645 3693 2709 femina:

2114 2718 2401 2788 teutatioue
2434 2718 2793 2785 permitteret?
2832 2720 2983 2780 Utlotl
3025 2736 3151 2788 ergo
3180 2721 3391 2775 videbat
3425 2724 3529 2787 ille,
3563 2726 3607 2778 si
3636 2737 3691 2780 et

2113 2794 2167 2838 ttt
2196 2787 2292 2849 vis,
2327 2796 2474 2861 potes
2502 2788 2681 2861 videre
2710 2787 3152 2861 pulchritudinem
3180 2792 3444 2861 pudicitia:
3472 2796 3691 2848 interio-

2112 2870 2228 2935 rem
2252 2866 2301 2909 et
2332 2856 2691 2935 spiritualem,
2728 2858 2770 2935 si
2805 2858 2968 2935 habes
3102 2856 3241 2935 illa—in
3280 2865 3693 2935 qualescumque

2110 2925 2313 3004 oculos.
2347 2927 2587 3004 Exempli
2633 2928 2801 3004 grati:
2841 2930 2934 3004 tibi
2975 2931 3171 3004 aliquid
3214 2925 3469 3004 propono.
3517 2925 3690 3004 Ipsam

2110 3010 2259 3049 amas
2287 2996 2336 3073 in
2368 2995 2873 3073 conjuget_ua?_Noli
2896 2995 3227 3073 ergorodisse'
3253 2995 3688 3073 iniunctum-quod

2109 3080 2258 3144 amas
2288 3067 2338 3120 in
2370 3067 2645 3144 tua.__Quid
2676 3070 2812 3144 enim
2840 3067 2991 3144 amas
3023 3072 3071 3123 iu
3095 3072 3318 3141 conjuge
3350 3078 3471 3127 tua?
3498 3067 3690 3144 Utique

2110 3137 2431 3213 castitatem.
2480 3139 2623 3213 lianc
2651 3139 2805 3213 odisti
2839 3141 2890 3192 in
2916 3142 3109 3213 aliena,
3138 3137 3393 3213 cum'qua
3432 3137 3689 3199 concuiu-

2110 3205 2285 3281 bendo
2308 3207 2425 3281 ejus
2452 3209 2529 3260 vis
2561 3207 2792 3281 perdere
2807 3212 3125 3263 castitatem.
3148 3205 3551 3278 Quod-amasio
3580 3229 3687 3281 tua,

2112 3280 2211 3330 hoc
2237 3277 2312 3329 vis
2340 3278 2637 3332 interficere
2667 3278 2718 3331 in
2747 3279 2958 3333 aliena?
2999 3277 3275 3347 Quomodo
3316 3283 3534 3340 habebis
3566 3277 3688 3339 ora;

2112 3348 2306 3426 tionem
2354 3348 2593 3427 puritatis
2623 3347 2884 3427 homicida
2928 3353 3230 3427 castitatis?
3268 3353 3429 3407 Serva
3469 3372 3597 3427 ergo
3637 3360 3687 3411 in

2108 3418 2334 3487 conjuge
2360 3419 2702 3494 alicua_qttod
2731 3434 2942 3494 servare
2969 3423 3119 3494 cupis
3148 3423 3198 3475 iu
3229 3433 3313 3476 tua
3341 3442 3352 3477 :
3384 3427 3506 3494 quia
3531 3418 3597 3482 vet
3635 3428 3687 3482 in

2111 3499 2389 3561 uxore_tua
2420 3488 2714 3561 castitatem
2749 3491 2920 3561 potius
2949 3488 3120 3561 diligis
3146 3509 3300 3561 quam
3327 3488 3563 3549 carnem.
3660 3548 3663 3551 ,

2180 3560 2233 3611 4.
2274 3558 2487 3613 σιιδιὶιιδ
2525 3560 2843 3624 (ιιίιιιιιιιιιάα,
2874 3578 2972 3613 non
2998 3558 3133 3615 cdro.
3164 3558 3281 3617 Sed
3329 3565 3464 3620 forte
3518 3570 3691 3623 existi-

2111 3644 2224 3701 tnas
2256 3639 2305 3701 te
2331 3642 2621 3701 amatorem
2652 3644 2770 3701 esse
2799 3634 2973 3685 carnis
3001 3634 3177 3686 tuoris
3206 3646 3307 3687 tua!
3327 3677 3341 3701 ,
3370 3647 3421 3689 et
3468 3654 3570 3691 non
3602 3656 3690 3692 ca-

2108 3700 2332 3770 stitatis.
2373 3699 2851 3770 Sordidaquidcm
2893 3703 3170 3770 cogitatio,
3220 3699 3411 3759 misera
3454 3718 3507 3761 et
3538 3710 3689 3762 volo-

2110 3775 2294 3849 ptuosa
2323 3769 2511 3849 libido:
2537 3769 2629 3824 sed
2658 3786 2759 3823 non
2790 3781 2837 3823 te
2864 3769 3070 3849 dimitto
3088 3776 3200 3827 sine
3226 3778 3575 3844 exemplo.Tu
3600 3796 3692 3849 ρυ-

2110 3847 2189 3890 tas
2216 3840 2352 3914 quod
2392 3855 2800 3914 carnem_amas
2841 3843 3019 3900 uxoris
3064 3853 3165 3896 tum
3199 3862 3210 3895 :
3258 3861 3357 3914 ego
3389 3840 3537 3900 enim
3570 3840 3692 3905 dico

2107 3911 2244 3983 quod
2268 3910 2712 3983 castitatemgplus
2735 3926 2881 3966 amas
2910 3915 2957 3968 iu
2985 3914 3226 3983 conjuge.
3251 3910 3352 3969 seu
3383 3929 3436 3970 ut
3464 3928 3513 3971 te
3535 3923 3692 3973 abso-

2110 3978 2368 4033 lutissiine
2410 3980 2683 4056 ostendam
2731 3993 3031 4056 amatorem
3068 3978 3185 4056 esse
3223 3989 3480 4043 Caslitatis
3522 3994 3691 4056 magis

2106 4064 2263 4123 quam
2291 4051 2495 4113 carnis;
2531 4052 2665 4123 haue
2694 4051 2809 4119 plus
2836 4069 2981 4105 amas
3022 4054 3071 4107 in
3110 4054 3209 4107 lilia
3243 4065 3347 4109 tua.
3379 4060 3505 4123 Quis
3543 4051 3689 4116 enim

2110 4116 2143 4169 Ιι
2168 4119 2381 4172 uniuum
2416 4130 2490 4173 est
2516 4162 2529 4183 ,
2558 4122 2645 4189 qui
2678 4116 2782 4175 non
2830 4123 2961 4176 filias
3005 4140 3126 4178 suas
3167 4136 3340 4179 castas
3369 4116 3487 4182 esse
3530 4133 3690 4187 velit?

2106 4190 2234 4269 Quis
2264 4192 2533 4269 hominum
2561 4201 2645 4269 est
2673 4192 2896 4269 quinon
2931 4195 3150 4269 filiarum
3195 4210 3407 4251 suarum
3449 4216 3691 4269 congau-

2105 4258 2227 4332 deat
2269 4263 2531 4314 castitati?
2559 4258 2821 4332 Numquid
2861 4273 2915 4316 et
2957 4264 3027 4319 ibi
3070 4280 3281 4317 carnem
3312 4272 3495 4322 amas?
3523 4258 3692 4325 Ninn-

2106 4330 2229 4396 quid
2257 4332 2584 4401 etmcnpiscis
2604 4330 2796 4400 corpus
2824 4334 3118 4401 pulchrum,
3145 4337 3228 4388 ubi
3256 4338 3590 4396 exhorrescis
3616 4346 3690 4396 iu-

2106 4400 2343 4453 cestutu?
2367 4402 2500 4453 Ecce
2524 4403 2728 4457 convici
2758 4413 2806 4456 te
2828 4400 3119 4459 amatorem
3146 4420 3265 4459 esse
3294 4412 3551 4465 eastitatis
3579 4406 3683 4466 ιιιιιί

2106 4470 2186 4550 gis
2212 4488 2367 4537 quam
2416 4472 2611 4550 carnis.
2656 4474 2889 4541 Denique
2916 4476 2959 4527 si
2988 4474 3235 4550 ltabUeris
3255 4478 3537 4550 conjugem
3568 4485 3689 4550 pula

2106 4540 2310 4605 ehram,
2342 4551 2395 4594 et
2424 4542 2581 4604 forte,
2611 4557 2710 4620 nec
2740 4540 2970 4605 castam,
3004 4561 3102 4599 nec
3122 4540 3388 4620 sobriam}
3422 4540 3689 4620 iuunqnid

2106 4625 2257 4683 amas
2282 4626 2494 4683 carnem
2539 4613 2850 4680 pulchram,
2896 4625 2951 4668 et
2999 4631 3102 4668 non
3153 4618 3329 4683 potius
3373 4613 3689 4676 detestaris?

2104 4680 2713 4759 tionsideraturquidem
2744 4684 2870 4759 foris
2901 4680 3236 4759 pulchritudo
3274 4692 3549 4759 corporis;
3591 4695 3687 4747 sed

2110 4750 2251 4826 intus
2298 4750 2631 4826 pulchrittnlo
2673 4750 2957 4822 requiritur
2993 4757 3292 4812 castitatis:
3333 4750 3450 4826 qua:
3494 4750 3547 4816 si
3583 4780 3690 4819 non

2108 4819 2300 4899 fuerit,
2359 4824 2532 4901 omnis
2576 4819 3024 4901 CQltllll—lt0_:tllltll‘
3065 4829 3306 4901 corporis
3352 4819 3687 4901 refrigescit;

2104 4892 2222 4958 quia
2260 4893 2508 4967 quamvis
2556 4895 2891 4967 pulchritudo
2929 4892 3315 4960 consideretur,
3351 4902 3464 4967 plus
3480 4892 3688 4957 *ωιιιι-ιὲ

2104 4962 2630 5037 amorisvicissitudo
2658 4966 2944 5037 requiritur
2967 4966 3124 5019 intus.
3156 4970 3209 5020 Si
3240 4962 3366 5037 ergo
3394 4983 3689 5027 amatorem

2106 5040 2156 5085 te
2186 5034 2441 5085 castitatis
2466 5034 2694 5097 couvici,
2737 5037 2860 5103 quid
2907 5048 2956 5088 te
2995 5034 3385 5101 olfetidisti,'ut
3415 5058 3533 5095 eam
3582 5060 3689 5097 non

2104 5116 2249 5153 ames
2280 5103 2328 5155 iu
2359 5103 2446 5157 te?
2468 5104 2615 5169 Quod
2644 5120 2791 5157 amas
2822 5106 2873 5158 in
2902 5106 3003 5159 lilia
3031 5114 3140 5169 tua,
3164 5123 3283 5161 ama
3314 5110 3413 5164 hoc
3441 5113 3491 5164 in
3522 5130 3692 5167 uxore

2102 5171 2271 5251 aliena
2300 5191 2310 5223 :
2340 5174 2459 5251 quia
2492 5185 2544 5228 et
2575 5176 2675 5251 lilia
2710 5185 2795 5230 tua
2816 5191 2958 5251 uxor
2978 5184 3080 5229 erit
3104 5176 3299 5232 aliena.
3324 5182 3455 5234 Ama
3486 5198 3612 5251 ergo
3638 5199 3691 5239 et

2104 5242 2153 5293 in
2189 5250 2240 5315 te
2267 5245 2585 5315 castitatem.
2624 5244 2752 5297 Nam
2786 5246 2827 5298 si
2859 5261 3007 5298 amas
3036 5262 3257 5300 uxorem
3298 5242 3689 5315 alienamruon

2101 5312 2353 5364 contitmo
2384 5314 2604 5367 habebis
2630 5334 2641 5367 :
2670 5316 2964 5369 castitatem
2992 5316 3034 5368 si
3065 5320 3347 5383 amaveris,
3378 5337 3497 5374 tnox
3529 5312 3693 5377 babe-

2104 5383 2203 5444 bis,
2232 5384 2517 5460 auxiliante
2560 5385 2803 5447 Domino,
2823 5401 2969 5460 eam.
3000 5386 3087 5440 Sic
3112 5390 3356 5443 ancillam
3389 5392 3688 5460 pulchram,

2100 5462 2189 5504 nul.
2216 5452 2512 5521 elegantem
2543 5471 2758 5508 uxorem
2787 5458 3013 5510 alienam
3046 5474 3225 5513 amare
3256 5452 3439 5521 debes.
3483 5475 3539 5517 ιιι
3568 5452 3691 5520 caui

2100 5524 2249 5601 quasi
2277 5535 2424 5577 extra
2456 5534 2506 5577 te
2535 5535 2586 5601 ct
2626 5525 2753 5580 foris
2793 5530 3034 5601 requiras
3065 5546 3076 5580 :
3111 5529 3155 5583 si
3187 5532 3483 5585 castitatem
3513 5551 3689 5601 amas,

2101 5594 2235 5663 apud
2262 5604 2310 5645 te
2338 5604 2415 5645 est
2444 5597 2581 5663 qttod
2610 5612 2775 5648 amas.
2816 5598 3087 5652 Blantlitur
3124 5601 3215 5654 tibi
3244 5604 3460 5658 castitas
3500 5594 3691 5663 sancta

2101 5662 2331 5743 illlllS-ilb
2350 5665 2795 5743 culucnlocordis
2822 5669 2915 5724 tui.
2941 5669 3115 5722 suavis
3139 5680 3221 5743 est
3245 5670 3359 5737 rjus
3382 5662 3690 5743 amplexus,

2104 5750 2209 5786 non
2252 5734 2404 5787 habet
2450 5737 2849 5790 atuaritmlinem
2889 5741 3224 5798 conversatio
3266 5734 3422 5796 illius.
3454 5734 3570 5800 Novi
3604 5734 3690 5803 te;
