4036 6188
307 231 445 288 I785

295 352 466 418 (Ptol.
517 367 674 406 xum
693 390 709 414 ,
757 351 864 408 l5).
903 347 1006 403 Sed
1037 347 1081 401 si
1113 361 1274 416 pecus
1299 360 1418 400 esse
1445 358 1548 398 non
1577 344 1728 400 times
1750 388 1764 410 ,
1799 347 1881 401 vel

295 425 432 478 mori
465 423 600 474 sicut
631 435 789 486 pecus
817 419 961 472 time.

365 494 420 546 7.
455 493 621 545 Ardor
637 485 803 542 bonus
821 499 868 542 et
889 489 1043 540 ardor
1070 486 1252 539 malus.
1280 485 1496 538 Sextum
1521 495 1840 553 praeceptum
1862 527 1877 548 ,

297 563 420 617 Non
448 561 662 613 occides.
693 559 850 612 Sexta
879 559 1027 626 plaga
1055 597 1068 620 ,
1103 556 1323 622 pustuhc
1353 555 1401 626 in
1427 569 1650 626 corpore
1673 593 1687 616 ,
1716 565 1767 626 et
1790 570 1880 626 ve-

292 635 420 687 sicm
449 630 730 684 humentes
752 639 804 680 et
823 623 1176 682 scaturientes
1199 625 1437 678 incendia
1463 624 1698 678 ulcerum
1720 623 1786 678 de
1811 623 1878 676 fa-

292 703 414 756 villa
443 701 695 755 fornacis.
725 697 882 752 Tales
909 707 1032 750 sunt
1055 696 1245 748 anima:
1277 693 1617 746 homicidales
1649 712 1662 747 :
1691 697 1880 746 ardent

293 774 368 825 ira
397 789 410 831 ;
441 773 562 836 quia
595 785 688 836 per
712 769 843 820 iram
872 765 1136 821 homicidii
1166 763 1468 836 fraternitas
1499 764 1649 831 perit.
1676 765 1878 836 At'deut

295 832 540 894 homines
573 832 838 892 iiarundia
858 878 872 900 ,
904 836 1090 890 ardent
1121 845 1172 886 et
1201 835 1388 896 gratia.
1423 832 1548 884 Nam
1580 843 1632 884 et
1654 835 1740 901 qui
1765 833 1876 886 vult

292 911 578 965 subvenire
598 951 612 972 ,
665 908 831 960 fervet
853 949 868 966 .
909 917 961 958 ct
987 907 1070 972 qui
1101 906 1206 958 vult
1235 903 1478 956 occidere
1498 944 1512 962 .
1545 902 1708 956 fervet
1739 920 1752 956 :
1787 903 1875 956 ille

295 990 590 1048 pra'eepto,
635 979 734 1030 iste
773 978 996 1048 niorlio;
1037 975 1122 1028 ille
1159 974 1312 1048 bonis
1339 973 1632 1048 pperihus,
1664 972 1762 1048 iste
1789 987 1874 1026 sa-

293 1041 779 1102 iiiosis'ulceriluts.
819 1045 865 1099 Ο
892 1048 933 1097 si
968 1060 1239 1109 possemus
1265 1043 1446 1095 videre
1469 1041 1671 1095 animas
1700 1042 1872 1094 bonit-

289 1121 557 1174 ridarum.
599 1119 714 1170 sine
749 1116 908 1168 dubio
939 1117 1056 1181 plus
1087 1113 1452 1190 plangor-emus
1477 1127 1633 1180 quam
1667 1123 1873 1180 putres-

289 1190 465 1244 centia
491 1202 716 1253 corpora
746 1188 1116 1253 ulceratortnn.

359 1258 412 1312 8.
461 1251 682 1310 Lucrina
719 1255 980 1323 injustam.
1023 1251 1410 1323 Famesanimaz
1434 1261 1478 1302 et
1499 1251 1740 1323 corporis.
1770 1251 1864 1304 Se-

291 1328 470 1396 quitur
494 1320 814 1396 pra‘ceptuin
841 1325 1118 1396 septimum
1135 1362 1149 1386 ,
1185 1320 1574 1396 onfurabrris
1597 1337 1614 1372 :
1639 1328 1694 1372 et
1720 1323 1866 1387 plaga

290 1390 514 1459 septima
537 1435 553 1458 ,
585 1395 784 1462 grando
805 1395 856 1446 in
881 1394 1134 1462 fructibus
1177 1391 1324 1456 Quod
1352 1390 1660 1462 perfectum
1683 1400 1866 1462 contra

294 1458 380 1519 Dei
414 1458 737 1533 pra‘ce'ptum
761 1463 1010 1516 subducis
1033 1505 1046 1526 ,
1069 1461 1136 1533 de
1157 1463 1292 1533 caelo
1315 1458 1700 1533 perdisLNemo
1723 1460 1864 1533 eiiim

290 1529 448 1588 habet
471 1529 722 1602 injustam
745 1535 944 1586 lucrum
967 1533 1080 1586 εἱιιυ
1097 1531 1240 1597 justo
1260 1530 1470 1602 damno.
1489 1529 1654 1602 Verbi
1675 1529 1862 1602 gratia,

286 1609 371 1670 qui
401 1599 636 1662 fnvaiur.
670 1604 892 1667 acquirit
919 1612 1153 1664 vestem,
1186 1601 1275 1654 sed
1300 1600 1500 1654 ('(l‘iesii
1533 1599 1726 1670 iudicio
1747 1613 1864 1666 prr-

285 1669 360 1726 dit
405 1675 568 1728 fidem
615 1692 629 1726 :
675 1674 760 1725 ubi
806 1673 1038 1734 lucrum,
1068 1671 1136 1724 ibi
1165 1673 1450 1732 datnntun;
1484 1669 1757 1722 visibiliter
1788 1669 1866 1720 lu-

283 1761 468 1802 crum.
519 1743 852 1796 invisibiliter
889 1743 1179 1802 damnum;
1225 1741 1426 1794 lucrum
1467 1754 1562 1794 sua
1589 1739 1856 1800 ea'citate,

281 1815 536 1868 danmltm
567 1815 634 1866 de
659 1813 862 1866 Domini
891 1813 1024 1865 nube
1045 1811 1084 1860 ‘.
1110 1810 1245 1877 Ergo
1266 1811 1350 1873 qui
1375 1824 1469 1861 suo
1497 1809 1634 1860 malo
1655 1806 1862 1862 deside-

281 1887 360 1936 rio
399 1885 700 1936 forinsecus
729 1881 999 1944 furantur,
1034 1881 1169 1942 insto
1191 1879 1390 1948 judicio
1425 1878 1514 1932 Dei
1543 1878 1860 1932 intrinsecus

278 1954 687 2016 gmnalinantnr.
712 1953 756 2006 0
779 1953 819 2003 si
845 1959 1060 2020 possunt
1086 1952 1224 2002 fures
1245 1959 1336 2002 aut
1357 1960 1592 2020 raptores
1620 1948 1860 2012 aSpiCt-re

278 2039 466 2090 agrum
511 2023 690 2076 cordis
729 2022 808 2074 sui
831 2018 858 2085 ,“
893 2020 1126 2090 profecto
1167 2022 1403 2090 lugerent
1431 2027 1486 2072 et
1517 2018 1855 2090 plangereut,

277 2095 400 2144 dum
431 2093 502 2145 ibi
529 2109 633 2144 non
666 2091 962 2146 invenirent
987 2089 1124 2157 quod
1157 2090 1208 2142 in
1235 2103 1296 2142 os
1324 2089 1513 2141 animm
1544 2089 1814 2157 mitterent
1841 2103 1854 2147 ;

277 2164 488 2216 etiamsi
515 2163 567 2214 iu
593 2161 731 2214 furto
752 2176 848 2214 suo
870 2155 1184 2220 invi-nivem,
1204 2157 1344 2225 quod
1365 2158 1590 2225 gutturis
1610 2155 1857 2210 aviditate

277 2233 582 2286 Sorbi-rent.
625 2231 792 2300 Major
831 2239 910 2284 est
952 2229 1118 2284 fames
1157 2229 1347 2282 anima:
1387 2244 1541 2298 quam
1570 2225 1849 2300 corporis,

279 2302 450 2371 major
499 2304 668 2354 fames
685 2297 720 2365 ,“
743 2299 1086 2371 periculosior
1129 2300 1308 2371 plaga.
1351 2297 1415 2351 et
1440 2297 1650 2371 gravior
1691 2310 1851 2371 mors.

277 2365 426 2436 Quod
453 2371 608 2440 pejus
631 2379 714 2424 est
733 2365 758 2436 ,“
777 2369 926 2422 multi
949 2383 1042 2436 per
1059 2365 1426 2440 istanilimiem
1446 2365 1640 2440 anima:
1661 2365 1854 2440 mortui

275 2434 554 2495 ambulant
575 2483 588 2500 .
615 2449 668 2492 et
697 2434 930 2493 viventes
952 2434 1165 2506 portant
1187 2437 1366 2492 funera
1389 2453 1504 2490 sua.
1535 2436 1724 2489 Vivere
1739 2434 1856 2506 qui:

275 2511 394 2563 dem
439 2511 692 2562 videntur
731 2510 782 2562 in
820 2504 1073 2576 corpore;
1118 2507 1210 2562 sed
1247 2508 1402 2560 malis
1433 2507 1643 2576 actibus
1659 2504 1853 2576 mortui

277 2582 564 2648 probantu‘
619 2583 668 2632 in
711 2573 1004 2634 animm—Et
1029 2579 1180 2632 multi
1213 2578 1262 2631 in
1293 2578 1466 2630 anima
1496 2574 1720 2648 fa_inelici
1741 2615 1756 2638 ,
1787 2573 1856 2628 de

277 2643 424 2703 vanis
449 2651 546 2703 del.
562 2652 660 2703 clis
683 2649 990 2716 gloriantur.
1026 2649 1258 2716 Denique
1280 2648 1472 2701 bonum
1494 2643 1852 2716 Christianum

273 2721 548 2789 Scriptura
591 2713 734 2774 inuis
767 2717 1135 2789 essedivitem
1177 2713 1306 2772 dicit
1337 2735 1350 2770 :
1377 2713 1851 2789 Absconditus,‘_in-

272 2783 420 2858 quit',
479 2789 650 2844 cordis
695 2790 841 2842 vestri
889 2788 1077 2858 homo,
1121 2789 1206 2854 qui
1254 2795 1325 2840 est
1367 2797 1484 2858 ante
1529 2785 1687 2858 Deum
1720 2783 1853 2838 divos

277 2855 316 2926 (⁷1
349 2857 496 2912 Petr.
537 2875 628 2922 in,
672 2860 724 2926 4)
753 2874 766 2918 ;
797 2873 896 2911 non
925 2867 1044 2910 ante
1071 2857 1344 2922 homines,
1377 2856 1470 2910 sed
1499 2865 1627 2926 ante
1648 2855 1808 2926 Deum
1835 2893 1848 2914 ,

275 2922 358 2982 uhi
411 2932 558 3002 licus
593 2922 754 3002 videt.
795 2927 929 3002 Quid
959 2929 1204 3002 ergotibi
1237 2927 1447 3002 prodi-st
1467 2925 1552 3002 ..εἰ
1582 2924 1670 3002 ubi
1697 2922 1852 3002 homo

275 3017 376 3052 non
429 2999 614 3064 videt,
661 2993 886 3064 iuraris;
927 2993 1099 3053 ct'ubi
1127 2993 1266 3053 Deus
1291 2996 1458 3062 videt,
1485 2993 1850 3062 justojudicio

271 3085 360 3138 gra
369 3070 532 3123 ndina
541 3070 613 3124 ris
631 3071 656 3122 ?

341 3139 398 3194 9.
457 3139 710 3204 Locusta,
756 3139 1024 3192 detractor.
1075 3139 1328 3193 Octavum
1375 3143 1692 3206 prmceptum
1735 3140 1847 3196 est,

277 3207 490 3262 Falsum
521 3209 856 3262 testimonium
884 3226 981 3262 non
1003 3208 1156 3262 dices.
1183 3207 1376 3262 Octava
1400 3209 1548 3274 plaga
1571 3247 1584 3268 ,
1611 3207 1814 3259 lucusta
1833 3243 1846 3266 ,

273 3281 470 3332 animal
513 3279 674 3334 dente
713 3279 948 3332 noxium.
975 3278 1110 3343 Quid
1137 3287 1311 3331 autem
1339 3278 1448 3332 vult
1475 3277 1636 3330 falsus
1662 3274 1809 3324 testis
1831 3313 1845 3333 ,

275 3349 374 3403 nisi
416 3365 616 3402 nocere
657 3347 974 3410 mordendo.
1002 3359 1054 3402 et
1079 3362 1394 3402 consumere
1421 3343 1760 3400 mentiendo?
1788 3344 1852 3396 Et

275 3419 394 3472 ideo
425 3435 528 3472 nos
547 3419 798 3472 admonet
821 3418 1106 3486 Apostolus
1123 3459 1138 3479 .
1165 3434 1233 3472 ne
1257 3432 1356 3471 nos
1375 3417 1518 3471 falsis
1541 3413 1854 3486 criminibus

275 3499 590 3556 appetamns
619 3507 630 3541 :
663 3487 756 3552 Si,
787 3484 983 3558 inquit,
1010 3489 1249 3543 mordetit
1277 3498 1322 3558 et
1346 3484 1848 3558 comeditisinvicem,

277 3555 436 3612 ridete
463 3575 526 3612 ne
547 3560 608 3611 ab
634 3560 840 3611 invicem
859 3555 1222 3612 consumamini
1246 3557 1442 3625 (Galat.
1467 3557 1500 3610 5
1523 3597 1538 3620 ,
1574 3555 1682 3623 l5).

347 3631 430 3684 10.
449 3629 606 3682 Actus
634 3629 938 3681 matrimonii
961 3630 1160 3695 quando
1185 3622 1284 3682 non
1309 3631 1416 3682 sine
1441 3622 1662 3696 peccato.
1691 3622 1852 3696 tida!-

276 3699 366 3750 teri
415 3699 590 3765 [arare
607 3708 941 3751 armantur.
967 3691 1172 3751 Nonum
1197 3691 1514 3764 pra‘ceptum
1553 3705 1667 3760 est,
1707 3691 1854 3746 Non-

273 3770 598 3838 concnpisces
621 3785 828 3821 uxorem
849 3769 1066 3836 proximi
1085 3769 1176 3820 tui.
1201 3769 1344 3822 Nona
1369 3768 1515 3837 plaga
1537 3807 1552 3830 ,
1578 3767 1756 3838 densa:
1779 3770 1854 3816 te-

275 3837 476 3892 nebrae.
519 3837 578 3892 Si
613 3839 756 3891 enim
784 3846 1056 3908 peccatum
1081 3848 1160 3891 est
1182 3855 1398 3892 uxorem
1423 3837 1688 3906 prepriani
1713 3876 1728 3891 .
1756 3848 1852 3886 ex-

271 3918 424 3974 cepta
445 3924 604 3963 causo
632 3908 878 3972 lilioruin,
905 3923 1211 3977 agnoscere;
1234 3910 1388 3977 quale
1413 3919 1562 3977 putas
1580 3913 1852 3977 peccatum

273 3989 386 4038 est,
421 3995 530 4031 non
563 3979 736 4032 solum
765 3979 814 4031 iu
843 3993 932 4030 sua
967 3993 1212 4047 peccare,
1245 3981 1336 4032 sed
1363 3990 1416 4032 et
1444 3980 1666 4032 alienam
1695 3988 1856 4047 appe-

275 4049 423 4103 tere?
449 4047 590 4103 Vere
628 4049 806 4103 densa:
831 4059 950 4100 sunt
968 4045 1212 4101 'tt-nohra:
1244 4066 1256 4100 :
1291 4049 1417 4106 nihil
1445 4050 1585 4104 enim
1611 4047 1688 4102 sic
1710 4045 1856 4098 dolet

271 4117 326 4172 in
347 4119 510 4172 corde
539 4119 816 4186 patientis,
839 4133 944 4186 quo
968 4118 1124 4172 modo
1150 4119 1192 4172 si
1221 4135 1352 4173 uxor
1381 4122 1517 4173 illius
1544 4125 1852 4186 appetatur;

274 4197 328 4241 et
354 4189 442 4256 qui
465 4185 568 4242 hoc
590 4185 898 4250 facitalteri,
920 4188 1046 4241 nihil
1078 4197 1160 4241 est
1183 4189 1320 4258 quod
1351 4189 1424 4242 .~ic
1445 4185 1718 4256 velitpati.
1739 4185 1854 4239 Alia

275 4261 412 4312 mala
451 4260 627 4312 solent
667 4258 906 4312 homian
939 4259 1200 4327 patienter
1229 4261 1512 4325 excipere;
1547 4260 1647 4311 hoc
1678 4265 1854 4327 autem

276 4329 460 4382 neSt-io
483 4337 660 4381 utrum
685 4343 909 4395 unquam
940 4325 1160 4382 inteuiri
1193 4331 1437 4396 potuerit,
1461 4346 1546 4394 qm
1571 4325 1858 4381 tolerabili-

275 4407 354 4450 ter
385 4397 568 4452 ferret.
597 4399 641 4452 0
668 4413 824 4467 quam
851 4397 1044 4452 densas
1065 4399 1310 4452 tenebras
1333 4401 1599 4466 patiuntur
1617 4399 1703 4467 qui
1733 4399 1855 4452 talia

275 4468 468 4537 faciunt
493 4476 549 4520 et
567 4468 690 4521 talia
715 4468 1122 4537 concupi~cuntl
1158 4467 1289 4522 Vere
1318 4478 1650 4523 excmcantur
1679 4469 1856 4522 furore

274 4535 516 4590 horribili
547 4554 562 4588 :
595 4537 742 4589 furor
763 4535 904 4590 enini
933 4537 1218 4592 indomitus
1243 4548 1353 4604 est,
1383 4540 1608 4594 alienam
1635 4554 1852 4593 uxorem

269 4607 660 4660 coinniaculare
686 4608 824 4662 velle
848 4617 1005 4676 atque
1032 4609 1284 4674 polluere.

343 4679 430 4730 il.
487 4677 848 4730 Hereditatem
897 4679 1166 4732 ambientes
1215 4679 1450 4732 alienam.
1513 4677 1856 4746 Primogenita

269 4749 442 4826 cordis
483 4747 630 4830 [idem
671 4746 942 4828 Decimum
985 4757 1306 4830 prazceptnm
1347 4760 1461 4830 t'S|_,
1507 4749 1626 4830 Non
1665 4765 1852 4802 conru-

271 4819 434 4884 ρίεεει
465 4816 631 4888 ullam
649 4833 752 4888 rem
781 4816 996 4884 proximi
1024 4819 1113 4870 tui.
1140 4819 1271 4872 Huic
1292 4818 1540 4873 mandato
1563 4820 1708 4888 plaga
1729 4835 1856 4873 con-

273 4888 444 4956 traria,
477 4895 560 4938 est
601 4885 828 4956 decima,
854 4904 995 4940 mors
1026 4890 1517 4956 primogenitorutu.
1545 4885 1744 4942 Omnes
1771 4905 1855 4942 res

267 4971 404 5078 anas
433 4955 632 5008 habent
652 4955 911 5020 homines,
937 4955 1234 5010 lueredihus
1257 4968 1471 5012 servant
1494 4976 1509 5022 ;
1537 4969 1594 5014 et
1613 4960 1664 5012 in
1691 4961 1857 5012 luere-

311 5025 430 5078 ihus
469 5025 598 5078 nihil
631 5027 994 5078 nritnoaenitis
1017 5025 1248 5078 cltarius.
1280 5028 1376 5078 Oni
1406 5031 1588 5078 volunt
1616 5045 1704 5078 res
1731 5029 1857 5078 alit-—

311 5025 430 5078 ihus
469 5025 598 5079 nihil
630 5027 994 5094 primogenitis
1017 5025 1248 5081 charius.
1280 5028 1376 5095 Qui
1406 5031 1588 5082 volunt
1616 5045 1704 5082 res
1731 5029 1857 5080 alit-—

268 5109 368 5166 nas
409 5103 662 5164 tanquam
701 5095 844 5164 juste
889 5097 1193 5164 possidere.
1241 5097 1479 5152 luerrdes
1519 5114 1576 5152 se
1613 5109 1856 5166 quau-unt

271 5165 386 5218 ﬁeri
429 5179 460 5218 a
501 5168 851 5220 morientibus
881 5183 894 5220 :
922 5167 1046 5234 quid
1072 5169 1212 5222 enim
1245 5177 1348 5221 tam
1376 5169 1574 5236 justum
1609 5165 1813 5221 videtur
1837 5211 1851 5234 ,

267 5249 430 5306 quam
469 5251 582 5306 rem
624 5237 722 5288 sibi
752 5237 1056 5291 derelictam
1091 5237 1398 5306 possidere?
1429 5239 1560 5293 Dicit
1587 5239 1728 5292 enim
1757 5239 1852 5292 ali-

267 5305 388 5378 quis
439 5323 453 5358 :
505 5305 791 5378 Dimissunt
832 5319 914 5360 est
949 5305 1114 5378 mihi;
1147 5316 1520 5378 testamentum
1554 5309 1686 5378 lego.
1717 5309 1854 5363 Nihil

269 5375 484 5431 videtur
514 5375 712 5446 justius
748 5377 846 5430 ista
876 5391 1024 5431 voce.
1053 5375 1132 5431 Tu
1161 5377 1344 5432 laudas
1369 5380 1517 5447 quasi
1540 5375 1660 5448 jure
1687 5381 1856 5450 possi-

299 5535 442 5599 χιιι
485 5532 714 5595 plerique
755 5538 864 5599 itas.
908 5535 1338 5599 cumAugustino.
1377 5543 1437 5599 ‘At
1473 5548 1535 5590 ε..
1567 5533 1629 5586 de
1673 5535 1858 5588 Domini

257 5593 460 5664 visione.
480 5593 524 5643 ἐ.
546 5593 730 5664 autem.
761 5595 824 5644 de
851 5593 1038 5646 Dena'm'
1059 5593 1300 5659 wqicitate.
1329 5596 1446 5646 Editi
1472 5611 1608 5656 vero,
1629 5599 1739 5661 quia
1748 5599 1856 5660 jam

255 5659 374 5704 turi!
398 5659 504 5708 sine
526 5659 770 5719 (equitate.

1713 231 1937 288 SERMO
1985 235 2146 294 XXII.

3431 243 3450 296 l
3460 243 3564 300 786

1990 350 2202 405 dentem
2229 393 2243 416 ,
2291 353 2428 406 Deus
2461 351 2675 404 damnat
2701 348 2894 419 injuste
2921 351 3400 418 concupiscentem.
3430 357 3562 414 Vide

1988 422 2160 488 qualis
2197 437 2280 482 cs,
2314 423 2400 490 qui
2431 431 2582 489 optas
2608 430 2656 473 te
2683 419 2748 490 ab
2773 422 2949 488 aliquo
2979 421 3240 476 lia-redeat
3271 424 3380 476 fieri
3411 443 3424 478 :
3455 443 3560 482 non

1987 504 2115 558 ergo
2159 493 2236 545 vis
2265 489 2534 546 utiliabeat
2565 504 2688 542 suos
2721 489 2956 544 lucredes
2979 531 2992 546 .
3029 492 3080 542 in
3109 492 3300 559 quibus
3326 495 3452 546 nihil
3478 507 3560 551 est

1986 559 2198 614 charius
2250 559 2646 628 primogenitis?
2689 559 2913 614 Proinde
2955 562 3004 613 in
3053 563 3416 628 primogenitis
3457 566 3560 618 tuis

1989 630 2248 699 punieris,
2292 631 2376 698 qui
2407 629 2824 697 coucupisrendo
2851 645 2934 683 res
2963 631 3164 684 alienas
3185 673 3198 694 ,
3224 632 3274 686 id
3301 641 3412 695 est.
3440 649 3558 699 quae

1987 698 2076 770 tibi
2110 698 2228 770 jure
2268 717 2371 752 non
2408 700 2696 770 debentur,
2723 700 2871 766 quasi
2892 699 3039 770 juris
3058 701 3240 754 umbra
3275 698 3556 770 perquiris,

1959 767 2168 839 ,l’erdis
2207 785 2334 837 ergo
2380 769 2732 839 primogenita
2751 777 2854 822 tua.
2884 768 2988 824 Sed
3019 768 3169 822 facile
3199 767 3288 824 est
3303 767 3516 839 quidem
3540 813 3554 834 .

1983 836 2171 892 fratres
2191 882 2206 902 ,
2238 836 2582 907 corporaliter
2611 837 2830 905 perdere
2860 840 3238 907 primogenitos
3262 857 3275 900 ;
3304 836 3556 896 mortales

1980 909 2122 961 ettim
2161 920 2284 963 sunt
2311 909 2584 970 homines,
2607 908 2728 980 Asive
2755 917 2876 980 ante
2907 919 3152 980 parentes
3182 911 3292 964 sive
3321 920 3434 977 post
3465 929 3556 980 pa-

1981 987 2158 1032 rentes
2204 980 2444 1033 morituri
2487 978 2776 1030 moriantur
2810 995 2822 1030 :
2853 977 2990 1032 istud
3023 979 3300 1032 moleSIum
3330 987 3414 1034 est
3437 977 3554 1046 [ne

1981 1061 2075 1112 per
2118 1049 2252 1102 hanc
2293 1049 2551 1118 occultam
2589 1056 2640 1097 et
2669 1046 2914 1118 injustam
2943 1048 3420 1116 concupiscentiam
3445 1051 3552 1118 pri-

1980 1120 2242 1184 mogenita
2271 1119 2446 1171 cordis
2474 1116 2546 1169 tui
2577 1116 2783 1178 perdas.
2811 1117 3158 1184 Primogenita
3181 1119 3356 1172 cordis
3383 1116 3548 1176 nostri

1979 1184 2106 1238 [idos
2139 1197 2461 1257 est;pncmo
2497 1186 2636 1238 enim
2679 1186 2813 1240 bene
2852 1198 3102 1254 operatur
3128 1189 3226 1240 nisi
3251 1188 3381 1245 fides
3410 1205 3546 1257 pra:-

1976 1257 2216 1328 Ct‘SSCl‘iL
2259 1255 2441 1328 Omnia
2477 1265 2772 1328 inperantua
2800 1257 2946 1328 bona
2988 1257 3075 1328 lilii
3116 1258 3189 1328 tui
3231 1268 3354 1312 sunt
3387 1255 3548 1328 spiri-

1978 1327 2143 1380 tuaies
2167 1343 2181 1386 ;
2211 1327 2302 1380 sed
2325 1327 2459 1379 inter
2476 1327 2604 1378 istos
2621 1323 2708 1378 tibi
2735 1326 3078 1392 primogenita
3105 1325 3234 1380 ﬁdes
3263 1335 3361 1379 est.
3391 1323 3548 1392 Quis-

1974 1395 2090 1462 quis
2137 1411 2248 1450 rem
2271 1397 2496 1450 alienam
2517 1395 2722 1448 occulte
2742 1396 3085 1462 concupiscit,
3108 1397 3364 1450 internum
3391 1398 3546 1450 iidem

1977 1464 2166 1530 perdit.
2203 1465 2314 1519 Erit.
2343 1465 2482 1520 enim
2513 1465 2734 1532 primum
2768 1467 2881 1518 sine
2910 1464 3068 1518 dubio
3097 1467 3550 1520 simulatorobse-

1971 1549 2140 1601 quens
2166 1551 2266 1587 non
2295 1535 2549 1588 charitate
2567 1577 2582 1598 ,
2611 1535 2702 1585 sed
2733 1533 2914 1588 fraude
2934 1574 2948 1598 ,
2973 1535 3133 1589 veluti
3161 1549 3346 1588 amans
3367 1552 3488 1589 eum
3515 1552 3542 1587 a

1971 1617 2074 1670 quo
2095 1619 2152 1656 se
2173 1606 2317 1670 cupit
2339 1605 2448 1657 ﬁeri
2481 1603 2764 1656 bmredem.
2793 1606 2986 1658 Amare
3009 1619 3066 1657 se
3086 1603 3216 1659 dicit
3239 1620 3360 1658 eum
3385 1621 3544 1672 quem

1970 1674 2102 1726 mori
2143 1673 2436 1733 desidt-rat,
2475 1685 2526 1727 et
2556 1683 2610 1726 ut
2641 1689 2814 1726 rerum
2844 1675 2957 1739 ejus
2983 1690 3040 1728 se
3065 1674 3236 1728 videat
3269 1690 3550 1742 possesso-

1970 1757 2115 1802 rem,
2145 1753 2292 1810 Optat
2319 1753 2372 1796 ut
2399 1747 2668 1810 proprium
2697 1758 2799 1795 non
2830 1745 3090 1810 relinquat
3116 1745 3400 1798 lnrredem.

2041 1813 2125 1864 1'2.
2173 1813 2488 1866 Adhortatio.
2519 1813 2641 1865 llaec
2665 1855 2678 1874 ,
2709 1811 2895 1866 fratres
2915 1855 2926 1874 .
2957 1815 3304 1881 comparatio,
3332 1823 3384 1866 et
3414 1829 3547 1882 quo-

1966 1879 2086 1936 dant
2132 1883 2288 1934 modo
2329 1883 2675 1936 contrarietas
2711 1882 2894 1934 decem
2940 1879 3326 1952 prteccptorum
3360 1879 3543 1937 et‘dc—

1965 1967 2080 2004 rem
2121 1953 2390 2022 plagarum
2432 1963 2616 2006 cautos
2653 1966 2746 2004 nos
2786 1952 2971 2022 faciat.
3019 1963 3075 2005 ut
3129 1953 3414 2007 habeamus
3460 1968 3547 2006 se-

1969 2024 2080 2075 curi
2123 2021 2453 2082 res,nostras
2481 2023 2528 2074 in
2551 2021 2833 2091 praeceptis
2860 2022 2948 2074 Dei
2983 2040 2996 2076 :
3025 2039 3138 2084 res,
3167 2024 3409 2091 inquam,
3444 2037 3543 2074 uo-

1964 2101 2103 2160 stras
2129 2091 2410 2147 interiores
2435 2132 2448 2155 ,
2471 2100 2525 2145 et
2546 2090 2594 2142 iu
2620 2105 2739 2143 arca
2762 2091 3100 2146 conscientiae
3126 2090 3319 2146 nostra?
3343 2092 3544 2160 reposi-

1966 2167 2064 2214 tas.
2096 2159 2196 2229 Ipsi
2229 2171 2354 2214 sunt
2382 2159 2611 2216 thesauri
2634 2161 2828 2226 nostri,
2851 2177 2984 2229 quos
3011 2161 3161 2215 nobis
3187 2177 3282 2215 nec
3311 2159 3416 2224 fur,
3447 2177 3542 2214 nec

1964 2229 2099 2284 latro
2122 2271 2137 2293 ,
2185 2245 2286 2286 nec
2323 2232 2526 2284 vicinus
2567 2229 2734 2282 malus
2771 2231 2964 2297 poterit
2991 2231 3271 2298 aliquando
3296 2230 3536 2291 auferre,

1963 2299 2048 2352 ubi
2073 2315 2172 2353 nec
2195 2301 2332 2353 tinea
2361 2314 2458 2353 nec
2483 2299 2668 2368 rubigo
2687 2307 2769 2352 est
2795 2301 3094 2354 metuenda.
3117 2299 3234 2353 Ista:
3255 2309 3378 2352 sunt
3399 2300 3538 2352 enim

1962 2383 2101 2422 vera:
2139 2369 2336 2424 divitia:
2358 2411 2372 2432 ,
2407 2370 2454 2422 id
2481 2377 2562 2421 est
2581 2409 2594 2426 .
2625 2369 2758 2422 bona
2789 2371 3139 2428 conscientia,
3166 2369 3366 2437 justitia
3389 2409 3402 2430 ,
3438 2369 3537 2420 mi-

1961 2438 2246 2492 sericordia
2272 2479 2288 2504 ,
2317 2440 2531 2493 castitas
2555 2446 2711 2506 atque
2741 2437 3021 2492 sobrietas.
3046 2439 3145 2502 Qui
3168 2438 3360 2492 talibus
3382 2439 3540 2492 rebus

1961 2508 2153 2578 plenus
2175 2519 2285 2570 est,
2309 2509 2456 2563 dives
2475 2509 2572 2578 erit
2591 2550 2604 2568 ,
2628 2507 2834 2562 etiamsi
2857 2507 2920 2560 de
2942 2508 3214 2578 naufragio
3237 2507 3406 2561 nudus
3449 2523 3542 2559 ex-

1961 2576 2227 2632 ieriI.Sed
2273 2579 2384 2632 lucc
2423 2579 2464 2631 si
2509 2577 2790 2644 diligenter
2831 2577 3102 2632 attenditis
3126 2576 3150 2640 ,“
3190 2587 3242 2632 et
3277 2594 3393 2646 qum
3418 2585 3542 2630 sunt

1959 2649 2097 2718 nulla
2135 2647 2316 2717 fugere
2337 2690 2350 2712 ,
2383 2658 2438 2702 et
2464 2664 2582 2718 qua:
2611 2647 2746 2701 bena
2770 2717 2776 2718 γ
2801 2655 2924 2718 sunt
2962 2648 3234 2702 volueritis
3254 2648 3540 2718 auxiliante

1960 2717 2070 2788 Ilua
2108 2733 2396 2778 exercere,
2437 2717 2584 2788 eritis
2623 2717 2849 2788 populus
2891 2717 3133 2788 Domini,
3171 2727 3224 2772 et
3263 2717 3330 2771 de
3362 2718 3540 2788 iniqua

1959 2785 2328 2856 A‘Igvptiortnu
2351 2787 2602 2841 societate
2626 2785 2639 2846 ζ
2667 2787 2716 2838 id
2743 2797 2824 2840 est
2846 2826 2862 2850 ,
2887 2787 3240 2854 Spiritualium
3271 2787 3532 2853 nequitia-

1961 2875 2074 2908 llllll
2126 2857 2490 2923 persecutione
2533 2857 2734 2908 liberati
2756 2898 2770 2918 ,
2805 2857 2869 2910 ad
2898 2867 3089 2910 terrain
3118 2856 3542 2925 repromissionis

1959 2929 2202 2995 poteritis
2247 2927 2474 2980 feliciter
2521 2927 2795 2993 pervenire
2829 2944 2842 2980 :
2878 2935 3160 2995 pra-stante
3193 2926 3414 2979 Domino
3442 2938 3540 2978 no-

1957 3007 2068 3049 stro
2091 2995 2214 3050 Jesu
2244 2996 2474 3062 Christo,
2505 2997 2594 3066 qui
2627 2996 2752 3049 vivit
2781 3005 2834 3051 ct
2861 3006 3045 3066 regnat
3069 3000 3119 3050 in
3149 2997 3340 3050 smcula
3367 3009 3542 3048 saccu-

1960 3067 2150 3120 lorum.
2179 3067 2368 3121 Amen.

2483 3155 2713 3210 SEMIO
2739 3154 2880 3209 xxu
2910 3153 3009 3226 (α).

1963 3244 2038 3298 De
2063 3261 2120 3298 eo
2143 3245 2278 3316 quod
2301 3247 2543 3316 scriptum
2573 3255 2641 3316 est
2662 3287 2676 3310 ,
2706 3245 2972 3316 induravit
3001 3245 3259 3316 Dominus
3282 3258 3374 3298 cor
3395 3245 3538 3298 Pha-

2247 3313 2442 3369 raonis.
2474 3313 2641 3367 Exod.
2669 3331 2782 3383 cap.
2813 3329 2867 3368 ix
2889 3353 2906 3380 ,
2951 3315 2988 3385 ᾗ
3012 3350 3027 3366 .
3055 3313 3244 3384 ημι).

2053 3407 2101 3456 1.
2151 3403 2226 3457 De
2277 3403 2562 3458 Pharaonis
2610 3404 2930 3460 induratione
2971 3405 3191 3472 Quoties
3253 3404 3407 3460 lectio
3452 3405 3536 3458 illa

1957 3475 2240 3546 recitatur,
2301 3475 2489 3546 fratres
2557 3475 2889 3546 charissiuii.
2949 3475 3000 3530 in
3055 3493 3155 3546 qua
3237 3476 3540 3546 frequenter

1958 3545 2204 3598 audimus
2251 3558 2346 3598 cor
2391 3544 2683 3599 Pharaonis
2726 3545 3004 3599 Dominum
3071 3544 3374 3610 iudurasse,
3432 3559 3538 3598 non

1958 3614 2130 3668 Solum
2158 3615 2304 3668 laieis
2324 3655 2338 3680 ,
2369 3615 2460 3669 sed
2487 3615 2644 3668 etiam
2680 3615 2940 3684 aliquibus
2979 3615 3189 3670 cleriris
3221 3615 3356 3669 solet
3377 3631 3538 3670 scau-

1958 3685 2135 3737 dalum
2167 3699 2444 3753 generare.
2499 3685 2686 3738 Dicunt
2730 3685 2873 3739 enim
2911 3686 3070 3754 aliqui
3123 3685 3262 3740 inter
3304 3700 3362 3740 se
3390 3703 3405 3740 :
3432 3686 3540 3740 Cur

1957 3755 2208 3823 iniquitas
2261 3755 2348 3809 illa
2398 3754 2662 3809 Pharaoni
2723 3756 3044 3822 imputatur,
3105 3770 3224 3809 cum
3285 3755 3539 3808 Dominus

1959 3839 2052 3878 eor
2127 3824 2265 3877 illius
2327 3825 2604 3879 iudurasse
2683 3825 2982 3878 referatur?
3040 3826 3102 3878 Et
3147 3826 3267 3892 quia
3326 3825 3394 3879 de
3441 3823 3540 3878 hac

1961 3909 2019 3949 re
2063 3893 2470 3948 immundissimi
2529 3893 2800 3947 Maniclnni
2861 3895 3118 3962 sacrilego
3169 3897 3346 3947 furore
3397 3895 3542 3948 Scri-

1963 3974 2165 4032 pturam
2235 3964 2426 4032 veteris
2483 3963 2805 4016 Testauicnti
2871 3963 3259 4031 reprehendere
3322 3965 3533 4024 solent;

1961 4031 2090 4102 rogo
2117 4047 2210 4086 vos
2229 4073 2243 4094 ,
2277 4031 2499 4096 fratres,
2532 4033 2812 4102 diligenter
2835 4033 3089 4086 attendite
3109 4073 3124 4096 ,
3152 4033 3270 4099 quia
3301 4034 3398 4084 etsi
3423 4048 3536 4102 non

1961 4101 2210 4171 quantum
2235 4101 2487 4156 debemus
2507 4143 2519 4162 .
2546 4112 2690 4155 certe
2711 4101 2792 4154 vel
2817 4111 3069 4170 quantum
3098 4116 3202 4168 pos.-
3221 4116 3394 4166 unius,
3420 4101 3540 4154 hrc-

1959 4175 2096 4227 viler
2140 4173 2381 4226 volumus
2427 4171 2680 4225 Charitati
2729 4181 2923 4224 vestra:
2969 4185 3280 4239 suggerere,
3313 4171 3538 4240 qualiter

1961 4243 2360 4298 obdurationem
2389 4241 2529 4295 illam
2562 4241 2796 4294 debeatis
2821 4242 3082 4311 accipere.

2030 4313 2084 4366 ἓ.
2113 4311 2391 4365 Obduratio
2409 4311 2574 4364 cordis
2595 4326 2657 4364 ex
2676 4309 3036 4380 desperatione.
3055 4309 3272 4363 Indurat
3302 4309 3433 4363 Dens
3455 4327 3540 4379 per

1963 4384 2284 4451 patientiam,
2323 4398 2421 4434 non
2451 4399 2537 4450 per
2567 4383 2859 4449 potentiam.
2893 4381 3073 4436 Primo
3105 4380 3204 4434 hoc
3235 4381 3459 4433 fideliter
3487 4389 3542 4433 «ιι

1965 4454 2182 4506 lirmiter
2206 4451 2388 4505 credat
2419 4451 2642 4505 Dilectio
2669 4462 2842 4504 vestra
2865 4494 2878 4516 ,
2921 4452 3040 4519 quia
3087 4466 3352 4520 nunquam
3403 4451 3541 4504 Deus

1960 4522 2158 4576 deserit
2196 4521 2494 4578 hominem.
2539 4522 2636 4574 nisi
2689 4521 2834 4590 prius
2878 4522 2944 4574 ab
2985 4521 3196 4574 homine
3243 4520 3536 4574 desoratur.

1960 4591 2092 4644 Cum
2139 4593 2280 4646 enim
2326 4593 2487 4644 semel
2541 4599 2596 4644 ct
2641 4591 2874 4644 secundo
2899 4602 2946 4644 et
2979 4593 3132 4644 tertio
3176 4591 3539 4658 unusquisque

1961 4662 2137 4726 gravia
2189 4671 2401 4728 peccata
2455 4661 2812 4724 ceiumiserit;
2858 4669 3132 4727 exspectat
3176 4671 3349 4713 tamen
3393 4661 3538 4712 ilhnu

1965 4733 2129 4795 Deus,
2179 4731 2312 4784 sicut
2360 4747 2452 4797 per
2497 4731 2805 4798 prophetam
2837 4730 2993 4792 dicit,
3028 4741 3081 4783 ut
3126 4739 3464 4784 convertatur
3489 4737 3542 4782 et

1963 4801 2108 4854 vivat
2138 4799 2346 4872 (Exerit.
2375 4816 2568 4862 χχχιιι,
2596 4798 2704 4872 il).
2751 4799 2882 4872 Ctun
2925 4816 3050 4872 vero
3077 4800 3126 4854 in
3163 4805 3391 4869 poenalis
3431 4801 3544 4852 Suis

1961 4869 2180 4939 cooperit
2209 4885 2523 4940 permanere
2544 4911 2558 4930 ,
2588 4869 2672 4922 de
2699 4869 3033 4924 multitudine
3081 4881 3414 4937 peceatorum
3442 4884 3538 4922 na-

1961 4942 2127 4996 scitur
2150 4941 2470 5010 desperatio,
2505 4955 2565 4995 ex
2601 4940 2976 5009 deSpcradoae
3015 4941 3293 4996 obduratio
3321 4953 3541 5010 genera-

2023 5113 2096 5234 go;
2119 5113 2260 5173 Alias,
2282 5113 2346 5162 de
2367 5121 2603 5175 Tempore
2623 5113 2685 5163 88

2047 5175 2074 5224 b
2119 5182 2168 5223 In
2201 5175 2472 5234 Appendice
2517 5189 2647 5225 nunc
2683 5189 2685 5234 τ

2047 5174 2096 5236 b)
2119 5182 2168 5223 tu
2201 5174 2647 5236 Al‘ipendice’nunc
2683 5177 2885 5237 primum
2922 5174 3195 5225 Collocatur.
3239 5175 3419 5223 Dubius
3457 5181 3542 5222 Lo-

1962 5235 2311 5294 vaniensihus’,
2352 5235 2695 5298 supposititins‘
2727 5235 2917 5284 \‘erlino
2956 5245 3006 5286 ct
3049 5237 3280 5297 \iudingo
3319 5237 3424 5284 fuit.
3467 5243 3544 5285 Fst

1963 5309 2026 5346 ex
2074 5299 2133 5346 iis
2163 5311 2303 5359 quos_
2331 5297 2586 5358 probamus
2607 5299 2815 5354 Ctesarii,
2837 5299 2973 5356 cujus
3005 5298 3098 5346 vid.
3126 5297 3296 5359 Hoiuil.
3323 5299 3379 5359 ιι
3417 5299 3544 5346 inter

1962 5360 2118 5422 editas
2159 5356 2198 5404 θ’
2231 5356 2445 5422 Baluzio.
2477 5365 2526 5408 ιιι
2549 5371 2755 5422 censura
2777 5359 2935 5422 hujus
2961 5357 3364 5422 sermonis,adde
3387 5361 3545 5422 ipsum

1963 5419 2118 5467 videri
2143 5431 2256 5482 esse
2280 5421 2342 5468 de
2369 5421 2675 5468 luduralioue
2716 5420 2967 5482 Pharaonis
3009 5419 3254 5478 libellum,
3297 5421 3360 5468 de
3404 5419 3548 5482 cuius

1959 5490 2160 5528 auctore
2202 5481 2440 5530 adversus
2487 5483 2820 5535 ttincuiaruni,
2857 5479 2941 5527 lib.
2983 5481 3046 5530 de
3091 5479 3545 5536 rnedestiuatioue.

1962 5556 2065 5604 pop.
2097 5543 2135 5598 Ι,
2172 5549 2220 5604 et
2259 5542 2506 5590 l'arduluiu
2531 5545 2816 5604 Hieronymo
2840 5555 2951 5604 eum
2980 5551 3261 5591 asserentes
3283 5543 3546 5604 contende-

1961 5601 2220 5674 batur_._.-\di
2245 5604 2572 5664 lugdunensis
2589 5601 2811 5652 inedi-sia:
2838 5603 3009 5652 librum
3034 5606 3095 5652 de
3115 5606 3284 5653 'l'riLus
3306 5610 3351 5665 ει
3371 5601 3542 5666 istolis,

1965 5678 2068 5725 Cap.
2094 5669 2168 5712 δυ.
