3996 6180
459 314 461 316 ·
473 297 511 348 '1
521 289 622 347 803

487 425 665 461 narum
705 413 1069 476 argumentum.
1103 400 1298 476 lterum
1340 409 1500 469 atque
1547 401 1738 476 iterum
1781 415 1908 476 rogo
1936 416 2062 464 vos,

485 480 707 542 fratres,
731 470 784 531 cl
817 475 1106 533 admoneo,
1137 479 1191 542 ut
1231 470 1382 542 istam
1411 470 1752 542 severitatem
1787 480 1841 525 et
1867 474 2066 538 justum

483 539 736 614 judicium
784 545 906 606 Dei,
935 557 1042 614 quo
1083 541 1262 593 senior
1302 539 1388 593 ille
1438 539 1661 608 populus
1706 555 1802 608 pro
1848 550 2066 614 peccato

487 610 918 671 niurmurattonis
941 614 989 664 in
1013 611 1234 680 deserto
1246 619 1596 680 consumptus
1617 619 1719 675 est,
1739 626 1858 663 cum
1881 610 2065 680 grandi

486 703 697 756 semper
725 694 865 756 metu
893 691 945 756 ct
973 678 1332 756 sqilicitudine
1372 680 1697 756 cogitemus;
1725 678 2066 756 et_sic_ame-

487 747 618 810 mus'
631 756 720 809 Dei
741 747 1176 814 misericordiam,
1202 758 1258 802 ut
1284 747 1461 803 tamen
1480 749 1739 818 justitiam
1763 751 2062 806 timeamus.

489 827 661 880 Parcit
698 823 855 877 modo
897 830 947 874 ct
974 831 1146 874 tacet:
1173 819 1265 873 sed
1296 835 1401 873 non
1433 834 1647 889 semper
1673 821 1884 874 tacebit.
1913 821 2068 875 Modo

484 899 626 948 cnim
657 911 752 963 pro
781 891 1033 946 ineffabili
1063 891 1257 958 pietate
1282 904 1375 943 sua
1406 905 1509 943 non
1549 889 1720 963 solum
1753 905 1859 963 nos
1880 891 2068 963 admo-

441 971 446 976 '
487 977 574 1020 net
593 1008 606 1028 ,
640 960 731 1017 sed
755 963 912 1016 etiam
941 970 1120 1030 rogat,
1154 967 1212 1012 ut
1242 974 1339 1030 nos
1365 973 1392 1011 a
1418 960 1646 1027 peccatis
1676 960 1962 1015 mortiferis
1984 976 2070 1016 re-

485 1050 755 1089 voccmus.
787 1029 1077 1086 Audiamus
1116 1030 1258 1100 illum
1290 1029 1412 1083 dum
1442 1037 1624 1099 rogat;
1655 1045 1722 1085 ne
1763 1045 1859 1085 nos
1886 1041 2068 1100 postea

487 1121 588 1158 non
617 1105 795 1158 audiat
819 1102 906 1155 ille
927 1143 942 1166 ,
972 1100 1096 1170 dum
1117 1099 1335 1170 iudicat.
1365 1100 1658 1170 Audiamus
1680 1115 1802 1154 eum
1823 1099 1919 1170 per
1943 1118 2067 1170 pro-

487 1177 698 1244 phetam
729 1173 1038 1244 dicentem,
1071 1169 1207 1233 Fili,
1232 1169 1435 1244 inquit,
1472 1170 1709 1244 miserere
1751 1169 1951 1224 animle
1973 1179 2072 1244 tute

485 1239 688 1316 placens
715 1243 822 1296 Deo
842 1240 1032 1316 _(Eccti.
1064 1255 1205 1316 iniit,
1233 1239 1348 1309 24).
1384 1239 1521 1306 Quid
1549 1240 1614 1292 ad
1644 1240 1757 1316 haec
1779 1243 2070 1316 responde-

489 1309 563 1368 liit
589 1315 814 1369 humana
838 1309 1131 1379 fragilitas?
1154 1310 1292 1363 Deus
1315 1318 1366 1363 te
1393 1318 1543 1378 rogat
1567 1319 1621 1363 ut
1643 1311 1714 1364 tui
1743 1312 2066 1379 miserearis,

487 1395 539 1438 ct
567 1400 668 1438 non
712 1387 1067 1436 viszcausam
1111 1389 1253 1433 tuam
1286 1379 1424 1450 apud
1469 1390 1519 1435 te
1562 1381 1702 1450 agit,
1730 1390 1784 1435 et
1811 1396 1840 1435 a
1883 1390 1933 1435 te
1964 1397 2068 1437 non

488 1465 660 1523 polest
689 1454 991 1517 impetrare.
1024 1452 1088 1503 El.
1125 1449 1391 1517 quomodo
1421 1458 1470 1503 te
1496 1449 1641 1504 audit
1671 1451 1758 1523 ille
1787 1453 1837 1505 in
1867 1452 1954 1523 die
1978 1453 2065 1521 ju-

484 1521 606 1579 dicii
633 1523 1200 1592 supplicantem,_cum
1242 1529 1300 1592 tu
1340 1534 1463 1573 eum
1505 1536 1598 1589 pro
1625 1530 1676 1574 te
1699 1521 1813 1590 ipso
1838 1522 2071 1577 nolueris

484 1595 670 1649 udire
703 1587 1023 1661 rogantem?
1045 1590 1175 1656 Quis
1218 1589 1358 1661 enim
1388 1587 1836 1659 non'expave'scat
1872 1601 1926 1646 et
1952 1608 2068 1646 mc-

486 1674 624 1730 tnat,
657 1659 844 1718 lratrbs
864 1660 1182 1722 cliarissimi,
1207 1659 1346 1728 quod
1376 1675 1472 1728 pro
1493 1661 1838 1730 quadraginta
1861 1662 2068 1717 dierum

486 1736 660 1804 spatio
681 1776 694 1798 ,
723 1732 876 1786 annis
902 1730 1243 1804 quadraginta
1269 1730 1823 1804 populusludmorum
1847 1748 2068 1804 pinnam

486 1800 723 1873 recipere
768 1801 960 1873 meruit
1003 1801 1054 1853 in
1095 1800 1317 1873 eremo?
1343 1800 1398 1854 Si
1437 1802 1580 1854 enim
1629 1817 1725 1873 pro
1768 1803 1924 1856 unius
1967 1803 2071 1856 diei

485 1871 637 1944 culpa
664 1873 819 1926 unitis
839 1871 963 1925 anui
993 1872 1222 1944 spatium
1252 1871 1761 1944 recompensandum
1780 1883 1862 1927 est
1883 1888 2066 1940 paena;

489 1941 588 2000 nos
611 1944 700 2014 qui
729 1952 870 1996 tanta
905 1941 1142 2014 quotidie
1172 1947 1388 2014 peccata
1425 1941 1804 2014 committimus
1823 1983 1837 2007 ,
1862 1944 1906 1996 si
1931 1945 2072 2014 elec—

488 2010 828 2083 m‘osyirarum
862 2011 944 2065 vel
974 2010 1300 2083 pmnitentitc
1329 2024 1433 2083 non
1455 2011 1803 2083 subvenerint
1838 2011 2070 2066 mediea-

487 2079 701 2146 mcnta,
732 2085 894 2138 timeo
937 2079 1003 2135 ne
1044 2081 1197 2135 nobis
1241 2096 1345 2134 non
1390 2079 1684 2135 inferantur
1727 2083 2065 2151 temporalia,

487 2155 579 2209 scd
607 2164 801 2210 aeterna
825 2151 1101 2220 supplicia.

553 2225 606 2277 4.
651 2223 984 2292 Peccatorum
1025 2220 1233 2292 vulnera
1270 2220 1392 2292 dum
1432 2221 1648 2292 recentia
1684 2231 1835 2292 sunt,
1865 2222 2070 2292 facilius

471 2302 745 2346 curantur.
787 2292 854 2345 Et
893 2291 1012 2359 quia
1053 2289 1240 2343 calidis
1267 2289 1576 2344 vulneribus
1619 2291 1792 2345 solent
1835 2289 2070 2347 medica-

485 2372 662 2418 menta
703 2362 933 2416 celerius
957 2359 1242 2415 subvenire
1261 2400 1274 2420 .
1306 2359 1746 2430 quotiescumque
1768 2363 2071 2430 peccaveri-

486 2447 638 2498 mus,
668 2447 771 2486 non
812 2437 1184 2499 exspectemus
1225 2427 1496 2485 mortifera
1537 2427 1823 2487 securitate
1853 2433 2069 2488 vulnera

487 2505 596 2572 ipsa
643 2511 976 2572 putrescere,
1002 2514 1102 2572 nec
1145 2500 1601 2572 iterumtvulnera
1641 2502 1949 2572 vulneribus
1975 2519 2072 2557 au-

483 2569 729 2641 geamus;
761 2570 854 2625 sed
878 2571 1129 2626 continuo
1148 2569 1214 2623 ad
1242 2570 1570 2641 spiritualcm
1595 2571 1857 2641 medicum
1884 2588 2068 2628 recur-

486 2639 691 2709 rentes,
723 2642 946 2712 Salutem
988 2640 1227 2708 recipere
1270 2639 1598 2712 festinemus.
1649 2640 1717 2695 Et
1765 2642 1886 2697 ideo
1931 2659 2068 2712 quo-

485 2716 644 2766 modo
674 2711 884 2782 quando
919 2711 970 2764 in
999 2723 1222 2782 corpore
1252 2710 1440 2782 vulnus
1465 2712 1754 2780 accipimus
1774 2754 1789 2777 ,
1818 2714 1861 2766 si
1889 2710 2067 2768 statim

487 2779 872 2853 medicamenta
923 2779 1282 2853 requirimus2
1336 2780 1441 2853 cito
1493 2779 1773 2836 sanitatem
1829 2784 2068 2853 recipere

487 2853 812 2922 poterimus:
839 2851 909 2904 ita
939 2850 984 2905 si
1024 2865 1231 2922 moram
1259 2849 1482 2922 feceris,
1515 2866 1736 2906 necesse
1769 2863 1851 2906 est
1881 2849 2066 2908 ut'tar-

484 2918 602 2976 ilius
627 2923 691 2975 ad
720 2923 1000 2977 sanitatem
1028 2921 1178 2990 plaga
1222 2920 1332 2988 ipsa
1360 2918 1571 2986 redeat,
1602 2931 1692 2992 aut
1719 2922 1894 2992 aliqua
1928 2923 2066 2980 foeda

484 2993 704 3047 cicatrix
749 2993 799 3046 in
840 3005 1066 3060 corpore
1101 2998 1286 3060 nostro
1315 3001 1606 3046 remaneat.
1634 2991 1689 3046 Si
1716 2991 1830 3047 haec
1861 2994 1910 3047 in
1942 3009 2066 3049 cor—

486 3079 612 3130 pore
643 3062 863 3116 facimus
883 3101 896 3124 ,
927 3059 1125 3130 quanto
1149 3059 1316 3129 magis
1341 3060 1392 3113 in
1421 3062 1611 3116 animae
1635 3062 1944 3119 vulneribus
1967 3065 2066 3120 ad-

484 3129 669 3187 hibere
699 3129 987 3196 debemus,
1017 3131 1105 3186 tibi
1146 3130 1210 3183 ad
1253 3129 1534 3199 imaginem
1575 3143 1626 3186 et
1666 3132 2066 3191 similitudinem

485 3203 576 3257 Dei
603 3202 724 3256 facti
751 3200 1052 3256 sumus?Si
1096 3209 1294 3272 tantam
1339 3216 1521 3272 curam
1563 3203 1922 3272 impendimus
1945 3222 2067 3260 cor-

483 3274 630 3346 pori,
663 3273 800 3342 quod
820 3315 832 3336 ,
865 3271 1088 3326 velimus
1116 3271 1387 3346 _n_ol_imtt_s,
1419 3271 1470 3325 in
1502 3271 1773 3342 pulverem
1815 3277 2066 3346 redigen-

483 3343 608 3395 dum
636 3340 748 3416 est;
771 3351 1020 3416 quantam
1052 3340 1459 3416 sollicitudinem
1486 3340 1539 3396 et
1565 3359 1745 3398 curam
1773 3360 1896 3416 erga
1925 3340 2066 3402 salu-

483 3423 590 3486 tem
621 3414 809 3486 anima:
853 3413 1110 3486 debemus
1140 3413 1460 3486 _apponepe‘i
1493 3420 1582 3476 ut,
1612 3415 1748 3486 sicut
1770 3413 1896 3470 dicit
1926 3420 2069 3486 Apo-

481 3483 680 3548 stolus,
700 3483 819 3554 sine
849 3482 1050 3554 macula
1075 3479 1542 3554 vel_ruga_(EpIies.
1572 3501 1620 3546 ν,
1649 3485 1742 3554 27)
1766 3479 2066 3542 mereamur

481 3561 606 3604 ante
649 3551 874 3604 tribunal
923 3551 1106 3604 :eterni
1154 3550 1354 3604 .ludicis
1395 3565 1693 3620 apparere:
1723 3550 1789 3608 ne
1840 3556 1974 3610 forte
2020 3558 2064 3612 si

482 3621 662 3674 multis
711 3628 1048 3688 peccatOrum
1088 3619 1396 3674 vulneribus
1445 3619 1657 3676 lacerati
1711 3633 1764 3678 et
1818 3626 2064 3682 vitiorum

485 3691 672 3762 pannis
707 3688 1296 3762 sordentibusﬂinvoluti
1317 3727 1342 3762 ,Α
1364 3689 1428 3762 ad
1453 3691 1590 3762 illud
1616 3694 1850 3762 nuptiale
1877 3698 2064 3751 convi-

483 3757 625 3814 vium
657 3762 988 3836 vene_rimus_,
1025 3757 1230 3836 dicatur
1259 3758 1410 3836 nobis
1450 3760 1578 3836 illud
1615 3757 1755 3831 quod
1786 3764 1874 3820 ille
1899 3782 2063 3836 spon-

483 3844 576 3902 sus
599 3830 830 3902 caelestis
859 3829 910 3902 in
937 3829 1230 3902 _Evangelio
1263 3827 1433 3895 dixit,
1461 3827 1657 3896 Amice',
1689 3827 1943 3902 quomodo
1967 3838 2065 3892 huc

481 3901 710 3964 intrasti,
741 3915 838 3952 non
862 3899 1047 3953 habens
1075 3899 1253 3953 vestem
1281 3902 1598 3967 nuptialem?
1617 3899 1836 3958 Avet'tal
1860 3921 1888 3958 a
1912 3909 2064 3964 nobis

483 3971 623 4042 Deus
650 3969 775 4042 illud
803 3969 941 4041 quod
962 3970 1224 4042 sequitur.
1247 3971 1376 4042 Cum
1402 3971 1542 4042 enim
1566 3972 1680 4028 haec
1708 3985 1952 4042 peccator
1978 3979 2065 4034 ille

481 4041 702 4096 audiens
727 4039 1317 4117 obmutesceret,_d_ixit_
1345 4039 1721 4117 paterfamilias
1751 4063 1762 4096 :
1787 4044 1965 4117 Ligate
1987 4049 2065 4103 illi

481 4128 662 4164 atauus
686 4120 730 4163 et
761 4110 936 4181 pedes,
958 4120 1007 4181 et
1037 4110 1266 4181 projicite
1299 4111 1368 4181 in
1395 4113 1620 4168 tenebras
1668 4110 1934 4171 exteriores
1959 4134 1978 4171 :
1997 4120 2064 4173 ibi

481 4182 572 4234 erit
594 4183 740 4258 ﬂetus
762 4177 816 4232 et
839 4180 1024 4258 stridor
1037 4177 1263 4234 dentium
1289 4177 1500 4258 (Matth.
1524 4199 1638 4238 xm
1667 4185 1756 4258 12,
1781 4187 1893 4258 1-5).
1927 4189 2064 4245 Ecce

485 4251 694 4319 qualem
752 4251 1075 4326 sententiam
1117 4251 1384 4326 accepturi
1414 4261 1568 4326 sunt,
1599 4255 1689 4324 qui
1715 4251 1968 4326 majorem
1997 4259 2065 4315 de

482 4334 706 4398 corpore
729 4333 884 4398 quam
905 4319 973 4373 de
993 4319 1166 4372 anima
1185 4319 1590 4398 sollicitudinem
1616 4319 1837 4394 gerunt;
1865 4337 1920 4382 et
1948 4329 2063 4398 plus

484 4391 717 4465 cogitant
737 4389 964 4465 qualiter
987 4403 1112 4443 caro
1129 4404 1222 4444 sua
1244 4391 1557 4465 parvissima
1583 4389 1831 4465 tempore
1847 4389 1987 4454 vivat
2008 4400 2061 4456 in

486 4460 654 4514 oculis
692 4459 1003 4526 hominum,
1027 4473 1186 4529 quam
1224 4476 1332 4529 quo
1361 4459 1520 4518 modo
1547 4459 1724 4520 anima
1751 4481 1845 4522 sua
1874 4479 2063 4526 ornata

485 4530 906 4610 bouisoperibus
925 4530 992 4584 ad
1017 4529 1396 4610 beatitudinem
1420 4533 1502 4587 vel
1521 4535 1918 4610 similitudinem
1944 4556 2066 4610 per-

484 4600 659 4674 veniat
679 4599 1037 4674 Angelorum._
1052 4600 1176 4674 llaec
1204 4601 1564 4674 ergo,fratres
1585 4606 1904 4674 charissimi,
1928 4599 2064 4666 sicut

483 4671 724 4749 superius
751 4671 1080 4749 supplicavi,
1108 4671 1154 4725 si
1181 4673 1433 4749 attentius
1458 4675 1779 4749 voluerimus
1806 4671 2060 4749 cogitare,

485 4739 729 4815 remedia
747 4741 897 4815 nobis
921 4742 974 4795 in
1003 4742 1088 4796 die
1113 4743 1447 4815 necessitatis
1473 4747 1796 4815 acquirimus
1823 4767 1837 4803 ε
1865 4739 1922 4804 fit
1942 4739 2062 4807 cura

482 4809 803 4886 diesjudicii
842 4815 1078 4886 venerit,
1109 4828 1214 4886 non
1244 4827 1376 4886 tcum
1419 4809 1593 4886 impiis
1621 4827 1674 4872 et
1698 4822 2064 4886 peccatoribus

483 4881 794 4948 puniamur;
829 4881 922 4952 sed
959 4897 1084 4952 cum
1127 4882 1285 4952 justis
1330 4894 1386 4938 et
1431 4881 1596 4941 Deum
1645 4881 1954 4946 timentibus
1995 4893 2062 4948 ad

484 4961 682 5006 aeterna
711 4951 926 5021 prtemia
949 4950 1170 5006 feliciter
1189 4954 1462 5010 veniamus
1483 4997 1495 5018 ,
1528 4958 1815 5014 auxiliante
1842 4961 2064 5018 Domino

389 5071 396 5078 .
481 5021 615 5095 {esu
633 5021 874 5088 Christo,
903 5021 989 5095 cui
1008 5032 1091 5078 est
1115 5022 1286 5095 honor
1305 5034 1357 5078 et
1383 5025 1663 5095 imperium
1690 5043 1809 5084 cum
1832 5030 1989 5087 Patre
2010 5043 2066 5089 et

481 5091 680 5162 Spiritu
706 5101 892 5148 sancto
916 5092 971 5148 in
998 5094 1194 5148 szecula
1221 5091 1558 5151 saeculorum.
1589 5100 1778 5152 Amen.

998 5205 1226 5262 SERMO
1263 5207 1408 5263 xxx
1440 5218 1514 5282 (α)

1027 5317 1113 5372 Du
1140 5319 1403 5374 tlturibulis
1427 5322 1521 5392 (b).

575 5411 626 5466 1.
672 5408 978 5477 Tituribula,
1039 5410 1336 5480 Scriptum.
1396 5413 1673 5468 Thuribula
1742 5432 1872 5471 terea
1893 5460 1905 5483 ,
1966 5421 2068 5475 ha:-

548 5520 625 5583 (a)
648 5519 789 5576 Alias,
815 5521 879 5571 de
901 5529 1138 5583 Tempore
1155 5520 1234 5569 98.

549 5581 698 5652 (blla
719 5584 992 5652 Appendige
1017 5581 1141 5652 nunc
1163 5585 1370 5644 primum
1387 5584 1677 5652 collocatur._
1699 5593 1972 5652 Descriptus
1995 5601 2070 5643 est

481 5649 542 5685 Μ
563 5643 1012 5707 ᾀιεειιῐεᾟοιιιιιὶει
1033 5646 1080 5692 in
1104 5643 1334 5695 nurneros
1360 5659 1500 5696 nona.
1527 5654 1575 5696 tu
1601 5643 1891 5701 Fuliensium
1911 5657 2068 5706 veteri

484 5703 962 5756 ccdice'adscrihitur
987 5709 1289 5768 Hieronymo.

1857 233 1874 242 η
1939 275 2304 334 ᾹΡΡΕΝῸΙΧ.

3624 279 3760 336 18οι

2182 397 2448 450 rcticorum
2495 398 2652 454 dicta.
2705 398 2970 454 Haeresum
3020 402 3230 456 utilitas.
3285 400 3500 455 Ambitio
3550 403 3762 455 clerico-

2178 484 2289 520 ram
2309 477 2578 521 resecatur.
2611 466 2793 526 Modo.
2827 469 3017 524 fratres
3041 470 3400 535 dilectissimi,
3434 487 3554 525 cum
3586 471 3766 524 divina

2179 536 2334 590 lectio
2357 538 2649 610 legeretur,
2669 539 2966 593 audivimus
2991 541 3188 595 dixisse
3217 542 3496 595 Dominum
3522 541 3587 594 ad
3621 541 3766 610 Μογ-

2177 622 2269 659 sen
2288 649 2301 668 ,
2338 617 2392 661 ut
2423 608 2686 680 thuribula
2710 609 2760 661 in
2789 610 2980 680 quibus
3009 613 3222 680 superbi
3251 611 3323 665 illi
3345 627 3406 664 ac
3434 611 3662 665 rebelles
3685 608 3766 664 in-

2177 691 2414 750 censum;
2425 677 2751 750 obtulerant,
2775 677 3032 736 conflaret
3051 677 3148 746 [et
3173 682 3426 750 producta
3457 682 3507 734 in
3541 682 3766 737 laminas

2177 746 2329 800 altari
2358 747 2594 816 afﬁgeret
2625 767 2638 802 :
2669 758 2726 802 ut
2767 759 2948 803 essent
2995 751 3048 804 in
3084 746 3443 806 testimonium
3486 751 3764 805 rebellium

2177 826 2244 890 et
2260 819 2630 890 superborum.
2655 818 2937 873 Thuribula
2955 863 2967 884 ,
2994 821 3162 890 inquit
3191 822 3450 874 Dominus
3473 863 3486 884 ,
3515 837 3628 888 qua:
3645 838 3770 874 sau-

2177 887 2400 960 eti/irata
2427 897 2542 941 sunt
2566 889 2620 940 in
2649 889 2888 942 mortibus
2911 887 3226 960 peccatorum
3245 933 3259 955 ,
3292 891 3446 958 facito
3467 887 3534 944 ea?
3548 892 3766 944 laminas

2181 955 2418 1029 ductiies,
2443 967 2488 1012 et
2523 959 2782 1012 circumda
2808 977 2869 1013 ex
2891 955 2960 1014 eis
2984 963 3182 1016 altare:
3203 955 3322 1029 quia
3343 962 3511 1014 oblata
3533 971 3649 1014 sunt
3676 978 3766 1014 co-

2180 1042 2290 1102 ram
2310 1026 2547 1092 Domino,
2566 1039 2610 1081 et
2622 1031 2936 1102 sanctificata
2955 1042 3071 1085 sunt
3088 1033 3104 1098 l
3115 1026 3270 1085 Num.
3290 1047 3400 1096 xvi,
3421 1033 3535 1085 57a
3550 1032 3664 1099 58).
3687 1031 3766 1102 (a)

2180 1095 2602 1170 liocUergotper
2653 1095 2792 1170 hanc
2831 1100 3051 1169 ligarant
3097 1095 3310 1155 Videtur
3354 1095 3593 1165 Ostendi,
3621 1095 3764 1170 quod

2180 1165 2444 1222 thuribula
2474 1165 2572 1224 ista
2589 1211 2616 1241 ,7
2631 1185 2749 1237 quae
2775 1165 3056 1240 Scriptura
3100 1173 3338 1226 nominat
3367 1187 3505 1226 terea
3527 1212 3540 1234 ,
3575 1165 3766 1241 imagi-

2177 1251 2321 1309 nem
2349 1247 2562 1293 teneant
2587 1239 2874 1309 Scripturac
2904 1239 3096 1295 divinre
3121 1260 3132 1294 :
3158 1242 3240 1296 cui
3275 1241 3564 1309 Scriptura:
3595 1239 3766 1297 luere—

2180 1307 2268 1360 tici
2312 1308 2484 1377 ignem
2515 1307 2758 1383 alienum
2787 1311 3122 1383 impatientes
3155 1311 3251 1383 (b),
3277 1312 3379 1366 hoc
3399 1307 3482 1366 est
3503 1353 3516 1375 ,
3546 1326 3761 1365 sensum

2179 1391 2490 1444 perversum
2520 1387 2572 1432 et
2597 1379 2994 1448 intelligentiam
3022 1379 3250 1436 alienam
3280 1398 3308 1435 a
3338 1383 3446 1438 Dec
3475 1392 3528 1435 et
3555 1383 3762 1437 veritati

2177 1449 2496 1502 contrariam
2546 1449 2970 1515 introdueentes,
3025 1453 3296 1507 incensum
3368 1452 3592 1504 Domino
3659 1469 3762 1508 non

2175 1531 2371 1583 suave,
2401 1518 2494 1589 sed
2528 1520 2855 1589 exsecrabile
2895 1521 3145 1576 offerunt.
3183 1522 3286 1576 Ista
3327 1537 3456 1589 ergo
3494 1523 3761 1576 thuribula

2177 1602 2314 1658 mrea
2333 1629 2348 1652 ,
2382 1588 2434 1642 id
2458 1597 2539 1642 est
2558 1630 2574 1655 ,
2603 1588 2974 1645 hmreticorum
3005 1608 3190 1658 voces,
3221 1593 3266 1646 si
3311 1588 3662 1646 adhibeamus
3697 1595 3762 1647 ad

2175 1656 2344 1730 altare
2375 1658 2501 1724 Dei,
2530 1659 2617 1730 ubi
2643 1659 2855 1730 divinus
2885 1661 3019 1730 ignis
3056 1656 3283 1724 est,'ubi
3311 1677 3433 1716 vera
3468 1662 3588 1717 ﬁdei
3631 1680 3763 1730 pra:-

2177 1726 2402 1803 dicatio,
2431 1728 2620 1803 melius
2641 1729 2752 1798 ipsa
2774 1726 2970 1803 veritas
2992 1748 3055 1786 ex
3087 1732 3338 1803 falsorum
3367 1726 3765 1803 comparatione

2178 1794 2416 1871 fulgebit.
2439 1797 2496 1853 Si
2518 1794 2696 1871 enirn.
2725 1809 2783 1871 ut
2805 1802 2955 1871 verbi
2979 1803 3147 1871 gratia
3174 1802 3346 1857 dicam
3363 1842 3378 1866 ,
3405 1794 3595 1870 ponam
3622 1803 3764 1865 dicta

2178 1868 2500 1940 _Arianorum
2522 1869 2605 1922 vel
2628 1868 3038 1924 Manicbzeoruin
3064 1874 3102 1935 ¹,
3121 1881 3213 1926 aut
3234 1868 3456 1928 alterius
3476 1873 3766 1940 cujuslibet

2179 1935 2571 2011 luereticorum,
2591 1948 2644 1993 et
2666 1940 2779 1993 ba’c
2798 1942 3134 1996 sermonibus
3163 1943 3402 1997 veritatis
3425 1959 3486 1997 ac
3513 1935 3761 2011 Scriptu-

2177 2021 2357 2082 raru_m
2379 2008 2680 2062 divinarum
2705 2011 3044 2082 testimoniis,
3064 2013 3209 2066 velut
3227 2013 3390 2066 divini
3411 2013 3594 2066 altaris
3617 2008 3759 2082 igne,

2176 2077 2474 2150 confutem;
2510 2094 2686 2150 nonne
2713 2080 3008 2135 evidentior
3029 2097 3215 2137 eorum
3244 2097 3306 2136 ex
3339 2083 3451 2148 ipsa
3480 2077 3764 2150 Compar-.14

2177 2148 2321 2219 tione
2362 2149 2639 2218 apparebit
2677 2150 2953 2219 impietas?
2977 2151 3109 2205 Nam
3150 2153 3195 2206 si
3236 2152 3476 2206 doctrina
3505 2148 3763 2207 ecclesia-

2175 2217 2306 2288 stica
2336 2217 2560 2288 simplex
2583 2217 2765 2284 esset,
2780 2230 2835 2275 et
2859 2222 3018 2276 nullis
3037 2222 3369 2278 extrinsecus
3387 2223 3760 2277 haereticorum

2175 2286 2479 2362 dogmatum
2507 2289 2892 2362 assertionibus
2921 2291 3256 2362 cingeretur,
3279 2307 3382 2347 non
3415 2302 3622 2362 poterat
3652 2303 3760 2347 tam

2173 2357 2318 2411 clara
2359 2365 2413 2412 et
2447 2367 2553 2412 tam
2593 2361 2889 2414 examinata
2931 2357 3098 2416 videri
3148 2362 3278 2416 fides
3308 2357 3510 2416 nostra.
3541 2363 3646 2416 Sed
3679 2363 3762 2417 icl-

2175 2427 2320 2482 circo
2360 2428 2659 2484 doctrinam
2693 2429 3007 2486 catholicam
3045 2433 3518 2488 contradicentium
3551 2433 3764 2487 obsidet

2176 2497 2502 2570 impugnatio
2522 2540 2536 2564 ,
2570 2510 2628 2552 ut
2667 2501 2798 2561 ﬁdes
2840 2511 3020 2556 nostra
3051 2518 3158 2557 non
3187 2504 3297 2558 otio
3337 2512 3634 2570 torpescat,
3661 2504 3759 2557 scd

2175 2567 2356 2642 multis
2375 2570 2844 2642 exercitationibus
2864 2571 3128 2642 elimetur.
3153 2573 3381 2642 Propter
3403 2567 3504 2627 hoc
3526 2573 3760 2640 denique

2173 2647 2228 2691 et
2253 2639 2536 2709 Apostolus
2571 2638 2811 2704 dicebat,
2847 2641 3056 2709 Oportet
3087 2638 3326 2697 autem—et
3361 2645 3570 2697 hwrescs
3615 2638 3757 2706 esse,

2173 2715 2229 2782 ut
2255 2708 2650 2782 probatiquique
2661 2708 2920 2782 manifesti
2939 2713 3065 2780 ﬁant
3089 2715 3219 2768 inter
3235 2730 3319 2767 vos
3336 2711 3381 2782 (Ι
3405 2711 3521 2769 Cor.
3543 2729 3616 2773 ιι.
3642 2715 3756 2782 19).

2176 2776 2286 2831 lloc
2310 2786 2391 2832 est
2417 2776 2626 2841 dieere,
2650 2776 2872 2847 Oportet
2892 2776 3263 2838 bicreticorum
3288 2776 3564 2840 tli'uribulis
3587 2776 3762 2839 altare

2172 2847 2524 2911 circumdari,
2559 2858 2614 2903 ut
2641 2859 2784 2904 certa
2829 2860 2884 2906 et
2931 2852 3205 2908 manifesta
3235 2855 3479 2908 oumibus
3511 2855 3600 2906 fiat
3628 2855 3761 2909 fide-

2175 2916 2302 2970 lium
2332 2928 2488 2987 atque
2515 2919 2800 2975 inﬁdelium
2836 2921 3155 2978 differentia.
3183 2926 3315 2980 Cum
3339 2924 3480 2979 enim
3510 2924 3640 2978 ﬁdes
3669 2939 3760 2978 ec-

2172 2988 2466 3064 ctcsiastiea
2491 2990 2637 3044 velut
2659 3006 2846 3064 aurum
2872 2994 3094 3064 coeperit
3117 2993 3345 3064 fulgere,
3373 3005 3427 3049 et
3453 2995 3760 3062 pru'dicatio

2173 3058 2289 3133 ejus
2309 3067 2380 3133 _nt
2406 3069 2682 3133 argentum
2710 3061 2831 3130 igne
2861 3058 3140 3131 probatum
3169 3058 3491 3119 intuentibus
3517 3065 3760 3133 resplen-

2173 3127 2371 3202 duerit,
2404 3127 2527 3184 tunc
2552 3127 2752 3200 majore
2777 3127 3247 3202 cum.turpitudine
3275 3146 3328 3189 et
3356 3127 3621 3190 dedecore
3648 3136 3758 3189 ha:-

2172 3198 2460 3254 reticorum
2487 3198 2647 3254 voces
2688 3202 2898 3256 obscuri
2922 3198 3195 3258 aeratnenti
3217 3206 3416 3258 vilitate
3443 3205 3754 3260 sordebunt.

2173 3267 2298 3344 Etet:
2318 3279 2496 3325 autem
2521 3270 2750 3344 diximus
2775 3271 2855 3344 de
2873 3273 3157 3344 thuribulis
3174 3290 3357 3329 eorum
3384 3277 3472 3344 qui
3495 3276 3757 3331 condem—

2173 3339 2283 3392 nati
2307 3348 2430 3416 sunt
2451 3356 2616 3416 ,_qu:t:
2657 3342 2810 3416 altari
2839 3342 3090 3416 jubentur
3118 3345 3257 3415 afﬁgi
3284 3387 3298 3412 ,
3331 3339 3469 3416 quod
3499 3361 3564 3399 ex
3609 3362 3761 3399 com-

2176 3412 2450 3477 paratione
2478 3411 2760 3484 impiorum
2783 3411 2908 3481 justi
2952 3415 3204 3469 clariores
3223 3411 3532 3484 appareant
3560 3433 3572 3467 :
3599 3417 3756 3470 simul

2174 3488 2311 3556 utet
2339 3481 2834 3556 posterisdaretur.
2866 3485 3167 3556 exemplum
3190 3525 3205 3547 ,
3237 3481 3461 3555 nequis
3502 3501 3760 3556 pursuin-

2175 3550 2354 3617 ptione
2382 3551 2598 3618 superbi
2637 3553 2855 3620 spiritus
2883 3569 2986 3606 non
3025 3550 3123 3608 sibi
3151 3570 3180 3609 a
3215 3557 3321 3610 Deo
3349 3550 3528 3610 datum
3558 3573 3758 3612 munus

2173 3620 2508 3695 pontificatus
2550 3621 2824 3677 invaderet
2843 3639 2868 3695 ;_
2889 3623 2981 3677 sed
3026 3633 3083 3678 ut
3129 3625 3203 3678 illi
3235 3626 3420 3690 cedat,
3447 3643 3602 3695 quem
3649 3635 3757 3682 non

2172 3689 2390 3743 ambitio
2422 3690 2650 3765 humana
2672 3732 2687 3757 ,
2714 3708 2817 3765 noti
2846 3693 3005 3765 favor
3030 3706 3314 3765 corruptus
3348 3689 3592 3750 asCiverit
3613 3738 3626 3757 .
3657 3714 3761 3753 nec

2171 3773 2457 3832 munerum
2473 3760 2668 3832 oblatio
2691 3761 2906 3832 profana
2928 3760 3311 3832 subrogaverit,
3331 3767 3421 3819 sed
3447 3767 3758 3821 meritorum

2171 3829 2494 3908 conscientia
2533 3838 2587 3884 et
2631 3830 2992 3908 Deivoipntas
3009 3829 3369 3908 assumpsegit.
3402 3835 3607 3907 [Quod'
3629 3852 3761 3908 ergo

2169 3899 2508 4022 pertulerunt
2533 3900 2748 3969 superbi
2794 3902 2868 3957 illi
2906 3902 3136 3969 Levita),
3167 3899 3256 3974 q'ui
3287 3899 3509 3960 Domino
3537 3923 3640 3961 non
3666 3899 3759 3976 ju-

2207 3977 2332 4022 ente
2383 3969 2480 4022 sibi
2530 3970 2884 4022 sacerdotium
2926 3972 3296 4022 vindicabant-
3342 3975 3443 4022 hoc
3487 3978 3759 4022 miliumm-

2207 3977 2332 4044 cute
2383 3969 2480 4023 sibi
2530 3970 2884 4044 sacerdotium
2926 3969 3298 4042 vindicabant,
3342 3975 3443 4030 hoc
3487 3969 3760 4044 patiuntur

2171 4039 2492 4163 guicumque
2518 4053 2577 4094 se
2617 4041 2668 4094 in
2697 4041 3034 4112 episcopatus
3053 4084 3068 4108 ,
3090 4053 3182 4098 aut
3207 4039 3635 4116 presbyteratus,
3665 4058 3761 4102 aut

2211 4110 2484 4163 iaconatus
2503 4110 2763 4163 ofﬁcium.
2790 4122 2880 4163 aut
2902 4114 3231 4163 muneribus-
3259 4125 3348 4163 aut
3369 4116 3760 4163 adulationibus

2211 4110 2484 4164 iaconatus
2503 4110 2763 4176 ofﬁcium,
2790 4110 3231 4179 aut'muneribus‘,
3259 4125 3348 4170 aut
3369 4110 3760 4171 adulationibus

2170 4179 2508 4253 impudenter
2535 4183 3099 4253 conanturingerere.
3128 4184 3246 4252 Quo
3286 4186 3444 4241 modo
3490 4187 3759 4242 combusti

2170 4258 2296 4304 sunt
2315 4249 2390 4304 illi
2417 4251 2714 4321 incorpore
2733 4291 2752 4317 ,
2779 4252 2857 4308 sic
2877 4249 2962 4308 isti
2987 4249 3277 4310 exuruntur
3303 4256 3354 4310 in
3378 4254 3582 4379 corde.)

2241 4319 2297 4374 2.
2327 4321 2496 4374 Aaron
2525 4330 2672 4379 lupus
2697 4321 2880 4377 Christi
2907 4324 3216 4379 mediatoris.
3248 4324 3384 4379 Ouid
3411 4327 3549 4379 Auae
3575 4345 3582 4379 ι

2241 4319 2297 4374 2.
2327 4321 2496 4374 Aaron
2523 4319 2672 4396 typus
2697 4321 2880 4377 Christi
2907 4324 3216 4396 mediatoris.
3248 4324 3384 4390 Quid
3411 4319 3632 4396 Angelus
3662 4342 3758 4381 va-

2170 4399 2331 4444 stator
2358 4391 2575 4466 expauit.
2609 4391 2857 4466 Hortatur
2897 4409 3032 4466 ergo
3052 4394 3258 4466 Moyses
3289 4391 3591 4465 pontiﬁcem
3637 4413 3760 4451 ma-

2169 4475 2368 4538 gnum,
2396 4459 2456 4538 ut
2480 4459 2669 4538 ollerat
2703 4459 2985 4538 incensum
3020 4465 3072 4519 in
3119 4459 3338 4538 castris,
3367 4476 3421 4522 et
3449 4477 3634 4522 exoret
3661 4483 3764 4538 pro

2173 4530 2385 4612 populo.
2415 4529 2538 4612 {aut
2580 4533 2741 4612 enim,
2775 4534 2977 4604 inquit,
3009 4537 3195 4612 vastari
3239 4529 3677 4612 populuscaepitf
3704 4538 3764 4592 In

2171 4599 2358 4684 spiritu
2400 4599 2616 4684 videbat
2644 4599 2865 4684 Moyses
2886 4599 3004 4674 quae
3031 4599 3372 4684 gerebantur.
3417 4599 3584 4679 [Abiit
3613 4623 3768 4684 ergo

2171 4672 2348 4747 Aaron
2367 4712 2382 4736 ,
2411 4680 2469 4724 ut
2489 4670 2708 4728 offerret
2731 4670 3014 4729 incensum
3036 4670 3140 4744 pro
3163 4677 3359 4747 populo
3377 4718 3393 4743 ,
3417 4670 3478 4731 Et
3506 4679 3651 4732 stetit
3680 4670 3768 4731 ἰῖι-

2173 4749 2255 4824 ter
2297 4741 2446 4796 vivos
2482 4750 2846 4824 annotinos;
2877 4755 2934 4824 _et
2984 4741 3686 4824 ιῃὶιίείιιιιρ-οειγυῖον-μθ(ιί
3719 4748 3766 4824 ⁸]

2173 4809 2358 4880 (Num.
2379 4827 2478 4884 tm
2498 4853 2514 4877 ,
2542 4813 2751 4884 46-48).
2773 4815 2829 4869 Si
2874 4809 3182 4871 intellexisti
3223 4818 3457 4872 historia:
3483 4809 3762 4884 ordinem:

2172 4883 2450 4957 etuoculis,
2481 4891 2538 4957 ut
2564 4884 2634 4936 ita
2651 4883 2864 4957 dicam,
2891 4901 3113 4940 cernere
3133 4889 3348 4956 potuisti
3379 4895 3610 4943 stantem‘
3630 4883 3770 4957 p004

2175 4953 2368 5007 tilicem
2391 4953 2622 5008 medium
2650 4953 2788 5008 inter
2808 4956 2955 5011 vivos
2977 4965 3032 5010 et
3059 4953 3320 5014 mortuos.
3348 4959 3594 5015 Ascende
3620 4953 3771 5016 (tunc

2239 5145 2255 5175 ι
2275 5143 2690 5215 Αμιάρτὶερρθιιι
2707 5180 2722 5205 ,
2749 5146 3006 5199 Marcionis
3026 5155 3111 5200 aut
3135 5149 3386 5215 Basilidis,
3413 5151 3540 5214 loco,
3559 5153 3772 5208 om.

2173 5217 2287 5254 rum
2308 5205 2381 5255 uel
2401 5205 2795 5256 Manichazorum.

2237 5269 2260 5337 ξ
2281 5274 2388 5337 tunc
2411 5280 2521 5337 non_
2530 5267 2678 5317 habet
2693 5270 2948 5337 Origenes,
2971 5271 3060 5322 sed
3083 5271 3176 5323 alia
3199 5273 3336 5337 plura
3361 5288 3529 5326 eorum
3552 5277 3678 5329 loco.

2507 5326 2630 5390 meo,
2677 5326 2804 5392 apud
2845 5326 3108 5397 “meum
3145 5326 3376 5428 llr-Dillio:
3413 5326 3649 5390 bisula—iv
3668 5326 3776 5391 Vde-

2173 5401 2389 5451 scriptio.
3235 5421 3242 5428 -

2239 5472 2312 5536 (ᾳ)
2333 5471 2512 5522 Abhinc
2532 5474 2787 5536 prigcnes.

2238 5533 2311 5602 (ρ)
2337 5537 2463 5596 Ignis
2504 5533 2976 5602 alienusitnpositus
3009 5538 3187 5602 fuerat,
3213 5554 3309 5591 non
3346 5543 3394 5592 in
3418 5543 3682 5596 thuribulis
3707 5549 3783 5599 de

2175 5599 2508 5670 quibus‘tvum.
2532 5609 2623 5670 ξιιί
2641 5599 2820 5670 agitttr,
2843 5613 3054 5670 quaeque
3073 5599 3305 5664 producta
3328 5611 3386 5670 tn_
3412 5603 3612 5670 laminas
3630 5608 3782 5670 jussa

2177 5655 2289 5728 sunt
2324 5657 2463 5705 altari
2499 5655 2771 5728 afﬁgiﬁed
2809 5655 3004 5728 in'aliis,
3045 5655 3214 5713 errore
3237 5665 3407 5728 ,κω
3438 5675 3490 5716 et
3513 5655 3650 5728 λιιιυζ
3682 5655 3781 5720 ἦξε-ἶ

2177 5721 2262 5769 vit.
2290 5732 2320 5767 x
2353 5735 2364 5770 :
2385 5719 2512 5779 quod
2538 5719 2614 5769 hic
2637 5729 2688 5771 et
2711 5722 2834 5782 apud
2856 5719 3116 5785 Origenem
3136 5725 3460 5778 confunditur.
