3996 6180
465 371 625 428 1807

490 488 542 539 in
563 483 924 551 corruptione,
947 487 1126 546 surgat
1149 477 1200 555 io
1224 475 1652 555 incorruptione;
1677 484 1729 529 et
1751 473 2068 555 seminatum

489 557 542 610 in
589 545 913 612 infirmitate,
963 545 1141 617 surgat
1189 545 1240 598 in
1287 545 1508 608 virtute;
1555 545 1970 617 et_seminatum
2021 545 2074 594 in

486 624 797 695 ignominia,
843 628 1022 685 surgat
1064 615 1118 669 in
1166 617 1366 695 gloria;
1419 625 1474 695 et_
1514 615 1831 695 seminatum
1869 626 2074 695 corpus

486 683 741 755 aiuimale,
765 683 1003 757 resurgat
1023 683 1214 753 corpus
1238 686 1510 766 spirituale
1535 686 1552 753 (
1567 686 1584 738 Ι
1606 683 1722 738 Cor.
1749 701 1836 766 sv,
1855 683 2070 766 ﬂgiti).

484 766 591 822 Ista
623 773 745 817 sunt
773 755 1029 830 quatuor,
1060 773 1179 830 qua}
1197 755 1352 830 _virga
1381 755 1532 830 arida
1553 755 1792 824 corporis
1809 755 1988 830 nostri
2021 755 2072 804 in

486 825 876 888 resurrectione
919 826 1254 897 germinabit.
1296 825 1402 881 Sed
1441 825 1723 880 redeamus
1758 825 1822 880 ad
1855 841 1916 880 ea
1953 837 2073 894 qua:

469 905 554 959 ~de
585 903 729 966 virga
760 900 937 952 dicere
962 911 1315 966 cmpcramus.

557 975 612 1028 5.
671 967 808 1024 Vita:
847 968 1128 1036 spiritualis
1181 967 1367 1035 gradus
1419 976 1632 1035 quatuor
1680 967 2068 1020 adumbrantur.

468 1044 782 1099 Possumus
809 1039 982 1092 adhuc
1017 1039 1095 1090 sic
1126 1037 1424 1106 intelligere
1449 1051 1666 1100 eorum,
1695 1052 1812 1105 qua:
1843 1036 1894 1106 in
1926 1037 2071 1103 virga

485 1114 951 1184 germinaverant.
1000 1105 1346 1184 differentias.
1398 1105 1580 1184 Qtnnis
1624 1108 1711 1176 qui
1747 1109 1813 1184 .in
1859 1105 2072 1184 Christo

487 1177 656 1238 credit
678 1181 894 1250 ,-primo
921 1179 1174 1250 moritur;
1207 1186 1260 1230 et
1280 1187 1400 1250 post
1428 1177 1528 1231 hoc
1553 1178 1867 1250 renascitur.
1894 1178 1970 1250 Et
1990 1186 2072 1230 est

486 1255 644 1309 etiam
694 1247 744 1306 in
791 1251 873 1302 his
915 1249 1115 1318 figura,
1156 1247 1304 1318 quod
1350 1247 1490 1316 virga
1536 1247 1681 1300 arida
1731 1247 2068 1318 postmodum

487 1326 767 1391 germinat.
795 1321 894 1374 Est
917 1317 1051 1391 ergo
1087 1317 1331 1391 primum
1359 1333 1574 1391 germen
1596 1359 1610 1382 ,
1639 1318 1823 1391 prima
1843 1317 2070 1371 hominis

489 1386 540 1449 in
569 1393 781 1448 Christo
805 1386 1094 1443 confessio.
1125 1386 1371 1440 Secundo
1401 1386 1710 1448 frondescit,
1741 1387 1826 1442 ubi
1856 1398 2070 1442 renatus

486 1465 685 1519 donum
711 1462 995 1531 gratimsex
1036 1458 1263 1531 Spiritus
1303 1457 1398 1531 Dei
1437 1458 1854 1531 sanctificatione
1888 1473 2068 1531 susce-

488 1537 642 1604 perit.
678 1526 805 1587 lnde
843 1529 996 1604 affert
1031 1527 1229 1604 liores,
1269 1527 1368 1604 ‘uhi
1419 1526 1676 1604 proficere
1712 1529 1971 1604 coeperit,
2015 1537 2070 1604 et

488 1597 697 1660 morum
729 1601 986 1656 suavitate
1040 1597 1316 1662 decorari,
1347 1612 1410 1650 ac
1471 1597 1814 1665 fragrantiam
1854 1598 2066 1651 miseri-

485 1675 681 1728 cordia:
707 1683 760 1726 ct
787 1669 1121 1736 benignitatis
1147 1667 1438 1722 effundere.
1467 1668 1547 1722 Ad
1578 1669 1816 1722 ultimum
1856 1683 2067 1738 quoque

485 1746 641 1799 affert
674 1745 834 1798 etiam
870 1741 1068 1794 fructus
1101 1739 1318 1806 iustitia:
1344 1779 1358 1801 ,
1400 1738 1590 1803 quibus
1619 1754 1724 1792 non
1757 1739 1925 1792 solum
1956 1739 2069 1807 ipse

488 1816 648 1875 vivat,
679 1813 770 1867 sed
797 1819 850 1866 et
874 1811 994 1864 aliis
1021 1809 1182 1862 vitam
1209 1807 1462 1876 prmbeat.
1490 1807 1623 1861 Cum
1652 1819 1825 1862 autem
1854 1809 1919 1862 ad
1951 1825 2068 1876 per-

488 1885 682 1940 fectum
713 1882 935 1942 venerit,
968 1887 1023 1934 et
1049 1877 1329 1947 protulerit
1358 1893 1421 1930 ex
1444 1892 1502 1932 se
1528 1879 1744 1932 verbum
1771 1879 1911 1936 ﬁdei.
1944 1895 2066 1932 ver-

485 1957 610 2010 bum
629 1953 863 2008 scientize
893 1951 1004 2014 Dei,
1027 1957 1082 2003 et
1112 1947 1229 2020 [per
1256 1948 1553 2020 doctrinam
1579 1964 1728 2002 suam
1761 1949 1802 2020 ³]
1827 1951 1958 2002 alios
1987 1951 2067 2003 lu—

487 2025 798 2084 crifecerit;
859 2021 961 2074 hoc
1008 2018 1377 2074 cst—attulisse
1430 2018 1668 2082 fructus,
1727 2018 1920 2089 quibus
1975 2020 2065 2074 alii

489 2097 809 2150 nutriantur.
854 2091 944 2146 Sic
986 2104 1113 2158 ergo
1156 2089 1344 2157 singuli
1390 2089 1584 2157 quique
1628 2091 1956 2144 credentium
1999 2090 2066 2145 de

465 2169 630 2234 »ιιι-εει
661 2167 857 2225 Aaron,
887 2177 1004 2234 qua:
1034 2159 1274 2234 Christus
1295 2168 1395 2234 est,
1417 2159 1801 2234 germinantur.
1829 2160 2062 2234 Quorum

486 2229 713 2304 quatuor
744 2235 856 2286 istae
885 2229 1196 2304 didierentiae
1220 2230 1269 2280 iu
1301 2229 1420 2281 aliis
1451 2231 1736 2304 Scriptura:
1767 2232 1898 2283 locis
1925 2233 2067 2304 velut

484 2299 671 2358 natales
704 2313 926 2372 quatuor
953 2300 1330 2372 designantur,
1362 2314 1494 2366 quas
1517 2299 1755 2372 ‘Joanues
1793 2303 2064 2372 apostolus

458 2375 538 2427 .in
578 2369 810 2443 Epistula
853 2386 944 2443 sua
985 2369 1323 2443 distinciioue
1373 2369 1592 2443 mystica
1636 2371 2056 2443 comprehendit.

485 2446 577 2499 Ait
626 2438 780 2498 'enim
825 2460 837 2495 :
881 2440 1078 2506 Scripsi
1114 2438 1283 2504 vobis,
1323 2441 1497 2507 pueri;
1535 2448 1622 2503 et,
1663 2441 1858 2509 Scripsi
1893 2443 2059 2505 vobis,

474 2515 850 2577 adolescentes;
890 2521 974 2581 et,
1015 2509 1210 2577 Scripsi
1245 2510 1413 2581 nobis,
1449 2511 1692 2579 juvenes;
1737 2522 1818 2575 et,
1867 2511 2066 2581 Scripsi

458 2585 640 2650 .eobis,
672 2593 836 2654 patres
861 2580 918 2650 (l
943 2580 1100 2654 Joan.
1130 2595 1188 2654 tt2
1220 2577 1520 2654 12·14).ς1ιι
1546 2581 1735 2654 quibus
1754 2583 1931 2648 utique
1959 2577 2064 2654 non

453 2697 455 2700 ι
483 2649 788 2723 corporales
817 2649 999 2706 tetates
1023 2652 1066 2717 ’,
1096 2649 1190 2723 sed
1216 2649 1566 2723 spiritualium
1600 2650 2061 2723 profectuumdif-

471 2719 736 2780 .feréntias
763 2723 910 2792 ponit
941 2740 954 2776 :
987 2730 1042 2792 ut
1076 2721 1235 2792 etiam
1275 2720 1329 2792 in
1374 2721 1474 2792 hoc
1515 2719 1861 2774 sacerdotalis
1899 2721 2060 2791 virga:

461 2796 732 2866 egermine—
749 2789 1152 2866 observavimus
1175 2789 1458 2866 designari.

555 2869 607 2919 6.
653 2865 796 2920 Unus
825 2862 1051 2917 Christus
1068 2862 1162 2929 ﬂos
1187 2869 1232 2912 et
1259 2861 1428 2928 virga,
1452 2859 1675 2914 diversus
1701 2861 1927 2916 diversis.
1957 2861 2062 2917 lla-

483 2936 674 2992 bcntur
694 2950 819 3003 ergo
840 2933 1016 2986 omnia
1044 2931 1161 3003 inec
1173 2945 1277 2983 non
1303 2939 1406 3003 iam
1436 2930 1486 3003 i_n
1511 2931 1650 3000 virga
1680 2933 1874 3003 Aaron,
1903 2948 2060 3002 quam

457 3007 539 3062 “in
568 3022 630 3061 ea
660 3000 802 3074 virga
829 3018 946 3073 quae
971 3002 1105 3074 esiit
1133 3001 1199 3054 de
1230 3000 1407 3054 radice
1431 3000 1610 3066 Jesse,
1639 3011 1692 3055 et
1719 3001 1854 3074 flore
1878 3000 1964 3071 qui
1993 3003 2061 3058 de

456 3076 660 3131 tradice
689 3071 802 3143 ejus
841 3071 1119 3143 ascendit,
1145 3085 1305 3139 super
1343 3087 1504 3143 quem
1542 3074 1799 3141 requievit
1835 3072 2061 3141 Spiritus

456 3147 576 3202 .Dci
611 3141 760 3218 (Isai.
790 3161 872 3207 XI,
901 3145 962 3218 1,
987 3143 1066 3218 2.).
1107 3141 1169 3218 In
1204 3155 1311 3218 quo
1349 3157 1446 3218 nec
1495 3142 1596 3195 hoc
1627 3143 1806 3218 ipsum
1854 3143 2062 3218 videtur

453 3211 710 3272 .ctiosum
732 3258 745 3278 ,
775 3213 914 3284 quod
949 3214 1095 3267 exire
1120 3212 1312 3284 dicitur
1342 3212 1510 3281 virga,
1543 3222 1596 3266 et
1621 3211 1720 3284 ﬂos
1749 3213 2056 3269 ascendere.

481 3288 732 3354 Quamvis
751 3281 890 3341 enim
917 3300 1052 3338 unus
1077 3284 1145 3337 sit
1167 3281 1410 3354 Christus
1435 3297 1529 3352 per
1552 3283 1921 3354 substantiam,
1945 3285 2059 3338 sin—

451 3353 620 3428 :g’ulis
663 3369 837 3411 tamen
864 3355 1123 3428 diversus
1169 3353 1414 3428 efficitur,
1448 3363 1599 3420 prout
1647 3353 1845 3428 indiget
1884 3355 1930 3408 is
1971 3355 2058 3423 qui

454 3423 750 3498 [ipe-ratur.
777 3427 1044 3498 Quiergo
1084 3423 1296 3498 segnior
1341 3431 1520 3498 est‘et
1565 3424 1931 3498 negligentior,
1966 3441 2060 3492 pro

473 3493 757 3566 disciplina
783 3493 1026 3551 Christus
1057 3495 1125 3566 ei_
1147 3493 1581 3566 effi_eitur_virga;
1604 3503 1658 3548 et
1687 3496 1738 3546 in
1780 3495 1923 3563 virga
1954 3510 2058 3549 non

478 3561 764 3622 ascendere
795 3567 1004 3626 dicitur,
1037 3564 1130 3618 sed
1159 3563 1323 3616 exire.
1354 3561 1676 3617 'Exeundum
1708 3561 1937 3634 namque
1979 3575 2063 3621 est

475 3639 531 3692 ei
561 3639 650 3706 qui
677 3637 872 3690 inutilis
899 3646 952 3690 et
990 3637 1208 3702 ignavus
1237 3642 1318 3706 esi
1338 3674 1352 3695 ,
1381 3634 1447 3685 de
1474 3649 1538 3706 eo
1564 3643 1704 3706 statu
1735 3637 1786 3688 in
1817 3651 1922 3702 quo
1954 3652 2058 3690 non

483 3703 624 3763 recte
648 3706 923 3766 consistit,
955 3714 1009 3758 et
1037 3703 1412 3756 transemnlum
1438 3703 1502 3755 ad
1529 3704 1688 3757 alium
1717 3714 1909 3759 statum
1942 3715 2059 3759 tan-

479 3793 634 3846 quam
657 3778 814 3844 virgte
840 3774 1202 3846 compulsione
1221 3812 1234 3832 ,
1267 3771 1317 3825 id
1340 3780 1449 3846 est,
1472 3773 1752 3829 severitate
1771 3815 1784 3838 ,
1807 3776 2061 3846 doctrina:

478 3842 1058 3917 rigidiorisadmonittn
1077 3843 1190 3917 _Qui_
1213 3857 1338 3896 vero
1369 3842 1542 3917 justus
1563 3853 1692 3917 _est_,
1725 3846 1845 3913 quia
1885 3845 2060 3917 justus

477 3913 614 3972 sicut
653 3918 823 3986 palma
857 3916 1012 3970 ﬂoret
1041 3913 1209 3985 (Psal.
1251 3928 1337 3986 xci
1359 3954 1371 3976 ,
1407 3913 1529 3986 l5);
1561 3913 1611 3986 in
1647 3915 1748 3968 hoc
1771 3916 2060 3971 ascendere

473 3985 667 4043 dicitur
692 3987 954 4042 Christus.
983 3985 1070 4042 Sic
1103 4001 1229 4053 ergo
1254 3985 1675 4054 quisverberibus
1698 3986 1922 4054 indiget,
1952 3989 2062 4042 exit

471 4060 540 4113 ad
567 4075 687 4113 eum
711 4059 854 4124 virga
881 4073 894 4109 :
919 4059 1004 4126 qtti
1028 4067 1206 4109 autem
1229 4053 1444 4126 proficit
1471 4053 1537 4108 ad
1564 4053 1844 4124 justitiam,
1873 4072 2062 4111 ascen-

473 4131 550 4182 dit
591 4130 641 4184 ei
685 4130 735 4182 in
782 4125 987 4182 liorem.
1031 4125 1284 4182 Ascendit
1318 4133 1532 4190 autem,
1561 4141 1835 4195 quousque
1873 4128 2062 4182 tulerat

475 4198 678 4252 fructus
725 4199 984 4268 Spiritus,
1013 4197 1099 4265 qui
1149 4205 1270 4268 sunt
1311 4195 1576 4268 Charitas,
1607 4197 1888 4268 gaudium,
1919 4213 2018 4268 pax
2038 4238 2055 4264 ,

477 4269 727 4338 patientia
750 4264 778 4331 ,⁷
799 4279 850 4320 et
876 4264 1094 4338 reliqua:
1133 4266 1355 4318 virtutes
1393 4264 1596 4338 (Calai.
1617 4264 1680 4332 έν,
1720 4267 1817 4331 22,
1850 4264 1969 4338 25),
2005 4269 2058 4323 in

471 4336 686 4408 Christo
722 4338 848 4392 Jesu
887 4337 1116 4408 Domino
1161 4347 1342 4408 nostro
1379 4336 1466 4402 qui
1498 4337 1626 4392 vivit
1663 4345 1717 4390 et
1754 4336 1939 4407 regnat
1966 4354 2060 4408 per

475 4407 654 4464 omnia
682 4407 876 4462 saecula
901 4407 1235 4460 saeculorum.
1265 4406 1457 4458 Amen.

981 4495 1212 4550 SER-MO
1250 4493 1443 4549 xxxu
1473 4495 1569 4567 (α).

689 4586 765 4641 De
787 4594 1015 4658 serpente
1037 4601 1175 4640 teneo
1205 4593 1251 4639 et
1277 4585 1338 4640 de
1368 4586 1508 4657 virga
1531 4585 1699 4658 Moysi
1726 4588 1824 4660 (b).

541 4683 593 4737 l.
628 4681 850 4750 Serpens
868 4695 1036 4734 tenetis
1051 4678 1219 4750 ﬁgura
1244 4675 1634 4750 Incarnationis.
1657 4679 1798 4735 Mors
1813 4698 1844 4734 a
1863 4698 2054 4738 morsu.

473 4751 718 4806 Diabolus
731 4748 790 4804 in
815 4752 975 4822 Adam
989 4748 1134 4820 quasi
1149 4751 1309 4822 justo,
1328 4751 1380 4822 in
1397 4748 1652 4822 Christum
1671 4751 1854 4822 injuste
1873 4757 2052 4807 sa'viit.

470 4823 596 4879 Δάαι
623 4822 842 4876 debitum
882 4819 1113 4877 Christus
1152 4819 1378 4874 exsolvit.
1411 4820 1462 4874 In
1492 4819 1730 4877 lectione
1751 4838 1870 4890 qua:
1900 4825 2055 4880 nobis

469 4895 689 4948 recitata
737 4901 850 4956 est,
885 4892 1078 4946 fratres
1123 4891 1423 4946 charissimi
1446 4932 1459 4955 ,
1489 4892 1788 4962 audivimus
1816 4895 1956 4962 quod
1988 4910 2056 4950 eo

467 4975 706 5032 tempore
724 5003 740 5027 ,
773 4978 879 5033 quo
920 4971 1134 5030 propter
1167 4963 1468 5033 superbiam
1495 4961 1798 5016 Judtcorum
1825 4961 1878 5017 et
1905 4981 2055 5019 mur-

467 5032 820 5090 murationem
861 5047 1046 5086 eorum
1091 5042 1275 5085 contra
1323 5032 1601 5102 Dominum
1644 5049 1673 5086 a
1717 5036 2054 5102 serpentibus

461 5105 702 5174 regulis,
732 5103 784 5158 id
812 5112 926 5168 est,
955 5102 1251 5174 basiliscis,
1276 5102 1329 5155 in
1371 5100 1588 5174 deserto
1630 5100 1854 5173 populus
1877 5116 2052 5159 vasta-

463 5171 652 5242 batur,
687 5171 1024 5245 'prtcceperit
1073 5173 1330 5226 Dominus
1387 5171 1588 5241 Moysi,
1631 5171 1710 5227 ἰιι
1747 5185 2051 5245 serpentem

527 5331 545 5362 ί
581 5336 692 5379 Hac
717 5329 863 5379 etiam
884 5328 1052 5387 verba,
1077 5340 1166 5392 per
1189 5325 1462 5380 doctrinam
1483 5342 1638 5390 suam,
1672 5332 1868 5394 Origeni
1891 5333 2050 5386 addita

525 5455 544 5484 ³
576 5453 832 5514 Origenes,
853 5449 1114 5514 corporalis
1135 5450 1307 5514 intotis.

547 5515 598 5574 ιι)
624 5513 760 5569 Alias,
786 5514 850 5562 de
874 5513 1112 5574 Tempore
1141 5513 1244 5560 101.

547 5527 577 5562 ιι
624 5514 760 5569 Alias,
786 5514 850 5562 de
874 5520 1112 5574 Tempore
1141 5514 1244 5560 101.

523 5514 598 5636 ibi
620 5580 668 5622 tu
687 5575 970 5642 Appendice
985 5587 1110 5621 nunc
1147 5575 1350 5642 primum
1374 5575 1649 5642 collocatur.
1678 5583 1806 5642 Inter
1827 5583 2048 5642 Angusti-

464 5637 632 5698 nianos
654 5645 910 5684 Sermones
931 5637 1115 5698 absque
1138 5639 1386 5698 Augustini
1421 5641 1614 5686 nomine
1634 5639 1836 5688 relictus
1855 5653 1880 5688 a
1899 5637 2048 5692 'l.ova-

462 5695 715 5762 Iliensibus
730 5700 884 5762 iuerat
903 5711 912 5744 :
931 5711 958 5745 a
978 5695 1167 5762 \‘e‘rlino
1185 5695 1346 5746 autem
1366 5707 1416 5762 et
1429 5700 1661 5760 \‘indingo
1679 5703 1857 5762 spuriis
1879 5715 2044 5752 accen-

459 5757 598 5806 stlns.
623 5759 902 5824 Dubitamus
919 5771 979 5806 an
1001 5761 1065 5807 sit
1082 5761 1209 5807 inter
1227 5761 1516 5810 Cmsarianos
1546 5757 1887 5811 munerandus.

1953 357 2314 412 APPENUIX.

3625 367 3772 425 1803

2186 471 2657 548 a~neum_facere_t._
2679 490 2907 548 eumque
2937 475 2987 548 in
3016 476 3157 546 ligno
3197 475 3543 547 suspenderet
3563 517 3580 546 ,
3613 497 3772 548 quem

2185 543 2425 616 percussi
2440 545 2814 616 respicientes
2856 545 2930 616 ab
2967 543 3178 600 interitu
3223 543 3536 602 sanarentur
3567 543 3770 616 '(Num.

2182 628 2275 666 χιιι
2298 653 2311 674 ,
2340 611 2480 682 4-9).
2506 611 2737 682 Sérpens
2761 617 2856 670 iste
2875 657 2888 679 ,
2915 615 3104 670 fratres
3133 617 3500 683 dilectissimi,
3526 611 3648 674 licet
3671 622 3774 677 hoc

2182 683 2311 757 satis
2339 684 2530 757 mirum
2559 701 2692 757 esse,
2721 685 2977 757 videatur,
3015 697 3190 741 tamen
3241 690 3481 757 llgttrm‘it
3527 695 3774 745 incarna-

2182 752 2379 827 tionem
2414 755 2639 827 Domini.
2661 756 2870 827 Durum
2901 755 3035 809 forte
3059 759 3213 811 alicui
3242 752 3406 812 videri
3441 771 3642 827 poterat
3672 765 3774 820 ista

2179 823 2526 899 significatio,
2571 826 2670 899 nisi
2712 826 2812 899 hoc
2844 827 2970 899 ipse
2999 827 3253 899 Dominus
3280 830 3330 881 in
3359 823 3644 899 Evangelio
3672 849 3775 886 suo

2179 892 2417 970 dixisset.
2435 894 2522 970 Sic
2548 897 2688 970 enim
2710 897 2810 970 ait:
2833 892 2976 949 Sicut
3009 895 3210 970 liioyses
3228 900 3460 970 exultavit
3489 892 3774 970 sementem

2178 962 2464 1040 in_des_erto,
2486 966 2555 1017 ita
2572 967 2783 1020 exaltari
2805 976 2994 1035 oportet
3015 962 3204 1020 Filium
3231 969 3446 1024 hominis
3469 962 3643 1036 (Joan.
3676 989 3730 1027 ιιι
3751 1015 3771 1040 ,

2181 1034 2292 1108 14).
2323 1034 2621 1108 Suspensus
2647 1046 2729 1090 est.
2755 1052 2882 1108 ergo
2905 1047 3030 1108 tunc
3051 1052 3273 1106 serpens
3293 1034 3480 1093 aeneus
3501 1042 3550 1094 in
3573 1034 3770 1108 conto;

2178 1102 2298 1178 quia
2329 1102 2570 1178 Christus
2595 1102 3000 1178 suspendendus
3031 1102 3222 1161 eratin
3254 1111 3414 1178 ligno.
3446 1110 3594 1166 Tunc
3621 1102 3770 1167 enini

2178 1173 2500 1244 quicumque
2543 1173 2734 1250 fuisset
2770 1192 2800 1229 a
2841 1189 3086 1246 serpente
3117 1173 3427 1246 percussus,
3460 1192 3770 1250 serpentem

2177 1259 2383 1298 :eneum
2417 1245 2768 1315 respiciebat,
2795 1257 2848 1300 et
2887 1245 3170 1300 satiabatur
3195 1267 3208 1300 :
3233 1265 3373 1304 nunc
3413 1245 3773 1307 vero'hmna-

2177 1330 2302 1367 num
2342 1330 2513 1392 genus
2536 1356 2552 1381 ,
2583 1317 2722 1392 quod
2759 1335 2788 1392 ξι
2833 1319 3094 1392 spirituaii
3123 1321 3612 1392 serpenteidiabolo
3643 1340 3768 1392 pcr-

2175 1386 2614 1460 cusstnnfuerat,
2649 1387 2915 1441 Christum
2955 1386 3229 1442 credendo
3247 1390 3489 1460 respicit,
3520 1403 3573 1446 ct
3602 1386 3766 1448 sana-

2179 1464 2281 1508 tur.
2315 1455 2641 1527 Quicumque
2685 1472 2968 1525 percussus
3011 1455 3509 1527 serpentem-illum
3549 1480 3764 1520 a-neum

2175 1539 2280 1578 non
2309 1526 2558 1602 vidisset,
2591 1528 2941 1602 moriebaiur;
2970 1529 3038 1602 ita
3065 1526 3147 1583 est
3167 1530 3437 1602 ,fratres,
3472 1533 3568 1586 nisi
3611 1537 3766 1602 quis-

2173 1611 2276 1662 que
2315 1597 2367 1648 in
2407 1595 2674 1650 Christum
2725 1598 3011 1652 crediderit
3059 1601 3388 1663 crucifixum,
3432 1595 3640 1657 diaboli
3673 1621 3763 1660 ve-

2175 1679 2314 1718 neno
2344 1667 2636 1734 perimitur.
2675 1668 2822 1722 Tune
2863 1670 3004 1722 enim
3042 1672 3420 1746 unusquisque
3447 1674 3768 1741 respiciebat

2174 1746 2478 1804 serpentem
2511 1747 2772 1791 mortuum
2791 1780 2805 1799 ,
2833 1748 2884 1792 ut
2918 1751 3096 1807 posset
3122 1741 3347 1795 evadere
3375 1742 3549 1795 vivum
3579 1763 3591 1797 :
3617 1761 3762 1800 nunc

2173 1821 2300 1858 vero
2335 1807 2423 1875 qui
2460 1808 2570 1860 vult
2609 1808 2804 1862 diaboli
2841 1809 3005 1864 vitare
3040 1825 3299 1865 venenum
3323 1853 3336 1875 ,
3359 1811 3629 1868 ChriStum
3677 1831 3764 1870 reo

2172 1877 2708 1944 spieiatcrncilixum.
2736 1879 2804 1932 Et
2826 1879 2946 1947 quia
2983 1895 3127 1934 mors
3157 1896 3184 1934 a
3226 1898 3406 1934 tuorsu
3434 1899 3626 1939 nomen
3668 1901 3763 1939 ac-

2172 1947 2340 2022 cepit,
2365 1959 2419 2002 ct
2458 1949 2636 2015 generi
2675 1947 2905 2022 humano
2933 1965 3112 2004 morsu
3152 1953 3349 2020 antiqui
3383 1957 3641 2022 serpentis
3666 1972 3760 2010 ac-

2143 2017 2372 2091 ciderat
2393 2061 2405 2082 ,
2436 2027 2488 2071 et
2523 2034 2665 2091 mo_r_s
2701 2017 2808 2091 nisi
2833 2033 2861 2071 a
2894 2031 3062 2074 morte
3093 2017 3328 2089 superari
3369 2017 3485 2076 non
3519 2035 3756 2091 poterat;

2175 2087 2294 2140 ideo
2337 2097 2558 2162 inertem
2585 2088 2829 2142 Christus
2858 2091 3132 2162 sustinuit,
3160 2087 3218 2143 ut
3261 2092 3447 2158 iujnsta
3489 2087 3632 2147 mors
3667 2087 3763 2162 ,ᾖα-ἒ

2171 2166 2307 2210 stam
2351 2159 2587 2211 vinceret
2614 2168 2870 2220 mortem,
2909 2170 2962 2213 et
2991 2161 3243 2215 liberaret
3281 2178 3403 2218 reos
3425 2164 3596 2229 juste,
3629 2159 3755 2220 dum

2173 2229 2383 2300 procis
2426 2229 2768 2282 occidebatur
2799 2230 3009 2297 injuste.
3039 2232 3298 2300 Quidquid
3345 2235 3484 2286 enim
3514 2236 3757 2290 diabolus

2172 2297 2223 2372 in
2259 2299 2426 2372 Adam
2458 2309 2796 2372 exercuerat,
2829 2301 2976 2372 quasi
3019 2297 3160 2368 juste
3192 2297 3464 2356 videbatur
3491 2307 3663 2372 egisse
3703 2310 3756 2360 in

2172 2365 2416 2438 homine,
2444 2371 2531 2438 qui
2559 2385 2616 2422 se
2637 2371 2794 2422 unius
2819 2365 3397 2426 arboris'delectatione
3418 2365 3754 2431 vendiderat.

2170 2435 2225 2511 In
2254 2439 2420 2511 Adam
2443 2435 2571 2508 ergo
2596 2440 2742 2511 quasi
2772 2441 2822 2492 in
2849 2442 3063 2510 proprio
3089 2458 3242 2501 servo
3269 2443 3388 2511 jure
3413 2447 3510 2498 sibi
3539 2448 3757 2500 domino

2171 2507 2464 2562 dominium
2496 2507 2814 2563 vindicavit:
2846 2507 2897 2563 in
2929 2507 3172 2578 passione
3218 2507 3394 2566 autem
3437 2516 3667 2576 Christi.
3703 2519 3755 2573 in

2171 2593 2277 2646 quo
2306 2579 2507 2646 peccati
2528 2581 2785 2650 maculam
2809 2597 2912 2634 non
2943 2582 3160 2647 invenit,
3189 2584 3381 2650 injuste
3410 2587 3546 2638 mala
3575 2590 3756 2642 omnia

2189 2649 2509 2724 icrpetrarit.
2538 2649 2625 2724 Sic
2651 2660 2704 2704 et
2743 2654 2855 2724 ipse
2887 2651 3141 2724 Dominus
3182 2649 3545 2724 in’Evaugelio
3573 2659 3706 2712 dixit
3739 2677 3752 2708 :

2170 2663 2509 2769 igerpetravn.
2538 2663 2625 2703 Sic
2651 2663 2704 2704 et
2743 2665 2855 2718 ipse
2887 2663 3141 2706 Dominus
3182 2663 3234 2707 in
3263 2663 3545 2724 Evangelio
3573 2663 3706 2712 dixit
3739 2677 3752 2708 :

2183 2788 2187 2789 ν
2220 2735 2302 2789 cce
2337 2720 2464 2772 venit
2491 2720 2723 2789 princeps
2749 2721 2900 2785 huius
2927 2723 3130 2788 mundi,
3155 2735 3198 2776 et
3224 2725 3272 2776 in
3310 2742 3385 2777 me
3419 2726 3544 2778 nihil
3571 2729 3756 2781 invenit

2170 2788 2188 2858 (
2219 2787 2302 2840 Id.
2324 2804 2436 2852 xw,
2463 2790 2578 2857 30).
2600 2787 2735 2856 Quid
2771 2799 2873 2860 est,
2917 2793 3042 2845 nihil
3068 2787 3292 2847 invenit?
3309 2794 3516 2848 Nullum
3536 2800 3757 2852 omnino

2171 2868 2464 2935 peccatum.
2497 2860 2575 2935 Et_
2591 2860 2897 2935 in_Psalmis
3115 2881 3214 2935 non
3236 2867 3402 2934 rapui,
3428 2868 3613 2935 inquit,
3633 2880 3756 2922 tunc

2168 2928 2678 3003 ex_solvchq_m_(l’sal.
2710 2946 2873 3003 LXVIII
2893 2973 2907 2995 ,
2936 2933 3013 3003 5).
3036 2933 3189 3000 Quod
3213 2928 3338 3003 ergo
3357 2928 3513 3003 juste'
3527 2928 3758 2994 debebat

2167 3001 2205 3075 is
2213 2998 2358 3075 dam,
2377 2998 2620 3075 Christus
2652 3002 2843 3068 injuste
2857 2998 3088 3075 mortem
3109 2998 3446 3074 suscipiendo
3477 3009 3752 3075 persolvit.

2168 3067 2258 3144 lll‘e
2285 3071 2536 3144 expandit
2563 3067 2776 3144 manum
2807 3072 2870 3126 ad
2916 3087 3194 3140 pomorum
3221 3067 3583 3142 dulcedinem;
3616 3080 3717 3134 iste
3736 3123 3751 3144 ,

2166 3139 2231 3212 ad
2250 3143 2433 3212 crucis
2460 3142 2868 3212 amaritudinem
2900 3139 3028 3198 {ille
3052 3145 3297 3200 arborem
3322 3149 3501 3212 necis;
3536 3139 3634 3203 iste
3660 3139 3752 3202 sa;

2169 3210 2290 3286 Lotis
2311 3211 2542 3265 ostendit
2567 3229 2583 3286 _:
2611 3213 2707 3286 ille
2722 3228 2787 3286 se
2815 3222 3000 3286 contra
3027 3216 3192 3269 Deum
3212 3217 3418 3282 erexit,
3446 3210 3500 3272 et
3527 3221 3750 3286 cecidit;

2168 3278 2413 3335 Christus
2459 3297 2518 3357 se
2567 3282 2894 3357 humiiiavit,
2940 3292 3000 3338 ut
3043 3301 3229 3357 omnes
3273 3278 3502 3357 erigeret
3535 3307 3548 3342 :
3582 3278 3755 3346 Adam

2167 3362 2392 3410 mortem
2421 3353 2681 3407 universis
2717 3355 2925 3420 intulit,
2951 3366 3005 3410 et
3044 3355 3288 3412 Christus
3319 3353 3477 3412 vitam
3503 3363 3755 3417 omnibus

2167 3423 2450 3488 reparavit.
2480 3424 2812 3498 Respiciebat
2831 3440 2958 3494 ergo
2979 3427 3337 3498 unusquisque
3360 3429 3427 3483 ad
3449 3443 3754 3498 serpentem

2167 3507 2396 3570 wneum,
2417 3503 2520 3570 et__a
2543 3497 2815 3570 venenatis
2835 3497 3495 3570 serpentibussanabatur.
3522 3497 3756 3570 Serpens

2167 3577 2347 3615 tenetis
2378 3565 2428 3639 in
2460 3565 2607 3639 ligno
2617 3568 2846 3639 positus
2893 3581 3095 3621 venena
3140 3568 3379 3624 vivorum
3423 3565 3754 3639 serpentium

2166 3634 2468 3708 superatis,
2492 3645 2546 3708 et
2568 3633 2810 3708 Christus
2837 3637 2886 3688 in
2913 3652 3070 3692 cruce
3099 3653 3390 3707 suspensus
3411 3651 3467 3695 et
3488 3633 3750 3708 mortuus,

2166 3704 2380 3772 antiqua
2407 3704 2604 3783 diaboli
2635 3720 2842 3783 venena
2881 3708 3154 3783 restrinxit
3181 3704 3220 3776 ⁸⁷,
3252 3718 3307 3764 et
3347 3726 3536 3767 omnes
3560 3716 3650 3783 qui
3679 3704 3749 3769 ab

2167 3787 2231 3826 eo
2258 3775 2492 3840 percussi
2519 3775 2757 3840 fuerant,
2791 3777 3050 3831 liberavit.

2237 3845 2290 3896 2.
2341 3842 2444 3898 Cur
2500 3861 2702 3915 serpens
2743 3862 2945 3924 tenetis,
2986 3864 3086 3924 non
3119 3865 3305 3904 aureus
3340 3862 3752 3924 emergentem.

2165 3913 2339 3993 Quare
2366 3925 2538 3969 tamen
2555 3913 2774 3993 serpens
2795 3917 2882 3993 ille
2903 3932 3006 3993 non
3024 3918 3092 3974 de
3117 3935 3265 3993 auro,
3291 3937 3392 3975 non
3421 3922 3489 3977 de
3509 3913 3752 3993 argento,

2169 3985 2263 4038 sed
2302 3984 2370 4040 de
2407 3995 2698 4040 :eramento
2736 3988 2891 4041 fuerit
2933 3987 3119 4052 factus,
3162 3990 3452 4046 videamus.
3486 3984 3596 4048 Hoc
3621 3984 3754 4050 mihi

2165 4056 2393 4121 videtur,
2412 4056 2549 4131 quod
2571 4056 2706 4131 duas
2731 4057 3139 4126 significationes
3159 4060 3351 4116 habere
3374 4065 3569 4131 possit:
3592 4083 3755 4120 unam

2167 4135 2381 4198 propter
2400 4127 2824 4193 diuturnitatem;
2861 4131 2980 4198 quia
3017 4146 3138 4184 vasa
3166 4148 3308 4186 attica
3336 4127 3526 4189 dirrare
3553 4136 3756 4190 diutius

2165 4197 2338 4251 solent
2377 4215 2391 4250 :
2432 4198 2586 4250 aliam
2632 4207 2848 4268 propter
2878 4197 3043 4255 ’vocis
3094 4203 3414 4267 claritatem;
3450 4222 3569 4258 nam
3613 4209 3757 4262 inter

2165 4269 2342 4343 omnia
2373 4269 2604 4343 metalla,
2627 4272 3202 4343 vasaiercaﬁmajorem
3227 4273 3472 4328 tinnitum
3500 4275 3751 4343 reddere,

2164 4343 2219 4391 et
2245 4339 2453 4408 longius
2479 4353 2669 4392 Sonare
2698 4339 2890 4393 solent.
2924 4342 3172 4396 Doctrina
3203 4361 3305 4397 non
3337 4346 3386 4398 in
3420 4362 3518 4398 una
3545 4339 3753 4401 tantum

2164 4417 2319 4480 gente
2338 4409 2640 4463 Judteorum
2669 4410 3020 4473 innotescere,
3045 4413 3134 4466 sed
3161 4429 3251 4480 per
3273 4415 3572 4469 universum
3596 4435 3756 4471 mun-

2164 4479 2288 4556 dum
2317 4480 2774 4556 clarosalutil'erm
2804 4479 3194 4556 praedicationis
3221 4501 3353 4537 sono
3386 4497 3588 4554 poterat
3624 4505 3754 4556 pcr-

2164 4551 2348 4604 renire
2380 4570 2392 4604 :
2425 4549 2543 4604 ideo
2568 4566 2786 4619 serpens
2813 4552 2901 4606 ille
2929 4569 3108 4607 atueus
3137 4549 3397 4619 efficitur,
3420 4566 3478 4610 ut
3506 4549 3752 4614 doctrina

2164 4619 2714 4693 Christidinuniversii
2742 4623 2938 4675 mundo
2959 4624 3155 4677 clarius
3185 4627 3497 4693 praedicetur
3519 4644 3533 4690 ;
3559 4644 3756 4682 Secun-

2162 4689 2289 4744 dum
2337 4691 2464 4744 illud
2494 4691 2632 4758 quod
2673 4691 2740 4744 de
2766 4694 3032 4762 Apostolis
3060 4689 3310 4763 scriptum
3339 4706 3438 4761 est,
3466 4689 3529 4750 In
3551 4715 3754 4754 omnem

2163 4771 2347 4814 terram
2374 4762 2534 4834 reafivii
2560 4779 2710 4814 sonus
2737 4779 2929 4830 eorum,
2953 4775 2998 4817 ct
3034 4767 3085 4817 in
3121 4762 3244 4834 ﬁnes
3275 4768 3406 4820 orbis
3427 4779 3574 4822 terra:
3603 4771 3754 4825 verba

2163 4833 2379 4905 eoruml
2405 4831 2545 4905 l’sal.
2573 4849 2614 4884 ιιι
2628 4848 2738 4905 vni,
2768 4834 2799 4888 5
2817 4835 2860 4905 ).

2234 4905 2284 4958 5.
2319 4903 2416 4970 Qui
2462 4903 2659 4975 Diaboli
2697 4903 2895 4961 venenis
2937 4907 3158 4975 percussi
3201 4919 3349 4972 sunt,
3382 4909 3448 4962 ad
3489 4908 3754 4965 Christum

2159 4974 2377 5040 ﬁdeliter
2402 4974 2666 5042 aspiciant.
2711 4977 2774 5030 Et
2803 4974 3000 5040 tamen,
3034 4977 3243 5043 fratres,
3272 4979 3429 5032 etiam
3454 4982 3751 5035 secundum

2160 5045 2487 5118 medicorum
2523 5046 2813 5099 carnalium
2859 5048 3214 5117 disciplinam,
3247 5051 3436 5118 quibus
3471 5051 3538 5105 de
3575 5063 3754 5106 morte

2161 5116 2424 5185 serpentis
2458 5119 2906 5188 contravivorum
2935 5116 3752 5188 serpentium—venena,salubria

2161 5195 2527 5259 prmparantur
2554 5186 2806 5249 antidota,
2841 5204 2943 5242 nou
2985 5186 3067 5243 est
3110 5190 3458 5259 incongruum
3499 5203 3556 5245 ut
3601 5208 3752 5246 mor-

2159 5265 2306 5331 tuum
2335 5256 2529 5310 debeat
2555 5268 2855 5331 serpentem
2877 5259 3171 5331 intendere,
3191 5256 3329 5331 quia
3370 5262 3607 5316 vivorum
3634 5278 3754 5318 ses-

2158 5328 2398 5400 petttiuni
2427 5327 2642 5380 venenis
2681 5327 2947 5384 desiderat
2978 5327 3362 5386 hberarifllwc
3399 5347 3527 5400 ergo
3566 5335 3754 5389 omnia

2158 5397 2279 5452 ideo
2293 5397 2544 5470 diximus,
2573 5405 3011 5470 utquoscumque
3037 5403 3321 5470 serpentis,
3348 5402 3397 5456 id
3419 5397 3520 5467 est,
3547 5401 3754 5458 diaboli

2158 5477 2214 5522 et
2233 5469 2558 5540 angelorum
2592 5467 2708 5540 ejus
2733 5467 2939 5540 venena
2967 5467 3341 5540 paretisserint,
3381 5474 3446 5526 ad
3473 5474 3752 5528 Christum

2155 5538 2337 5612 qui
2374 5537 2720 5612 similitudine
2749 5539 2886 5594 illius
2909 5537 3039 5594 tenvi
3068 5542 3118 5596 in
3151 5542 3292 5612 ligno
3316 5559 3607 5612 suspensus
3641 5558 3750 5609 est,

2157 5609 2386 5664 fideliter
2410 5609 2690 5678 aSpiciant,
2713 5621 2768 5664 ut
2793 5626 2908 5666 cum
2935 5614 3086 5668 beato
3119 5609 3282 5668 Paulo
3310 5609 3550 5684 apostolo
3564 5614 3754 5670 dicere

2221 5768 2234 5798 ι
2271 5771 2426 5818 Forte.
2449 5765 2688 5817 restituit.
