3996 6180
389 304 522 357 1827

382 421 548 476 Judaei
575 418 824 473 nolebant
846 412 1082 476 credere,
1113 411 1196 465 vel
1223 424 1342 464 cum
1371 408 1652 463 severitate
1677 407 1962 461 vindictam

383 495 704 560 irrogantem
730 493 1044 560 metuerent.
1065 493 1116 536 et
1138 482 1386 560 timentes
1408 488 1635 560 mortem
1656 493 1964 546 corporum,

382 565 466 617 vel
488 549 565 615 sic
590 561 813 612 salutem
839 557 1172 622 requirerent
1192 551 1512 628 animarum.
1535 549 1838 628 Quamntem
1863 564 1965 601 non

381 634 554 685 solum
587 632 640 682 in
675 627 847 682 Veteri
878 618 1249 685 Testamento,
1292 620 1385 673 sed
1407 620 1586 674 etiam
1619 619 1669 671 in
1697 618 1844 671 Novo
1877 635 1969 686 per

347 717 353 725 '
381 704 594 757 beattuu
625 702 835 753 Petrum
873 693 1170 761 apostolum
1202 692 1252 743 itt
1281 691 1483 761 Anania
1511 698 1566 761 e_t
1597 688 1855 756 Sapphira
1894 690 1969 761 le-

380 775 555 839 gimus
598 769 758 822 fuisse
795 759 1113 839 completam
1143 775 1320 839 :_quos
1367 759 1484 839 ideo
1529 759 1671 839 Petri
1704 759 1966 839 sententia

381 829 680 898 damnavit,
714 847 770 888 ιιι
809 829 985 888 nullus
1034 832 1085 885 iu
1129 831 1487 884 oblationibus
1529 829 1612 882 vel
1657 829 1966 883 uulneribus

380 914 492 964 suis
519 908 738 970 Spiritui
768 915 952 958 sancto
979 902 1190 956 mentiri
1218 911 1524 970 prtesumat.
1577 923 1584 929 -

449 981 503 1033 2.
546 967 1081 1032 Judteorum‘iusmtia
1125 972 1178 1025 in
1221 967 1454 1040 passione
1493 968 1716 1022 Domini.
1760 967 1966 1022 Punitio

380 1067 555 1104 eorum
602 1064 689 1117 per
735 1046 904 1099 Titum
951 1054 998 1097 et
1051 1041 1417 1117 Vespasianum
1467 1043 1652 1117 futura
1691 1040 1959 1117 ﬁguratur.

382 1122 518 1186 Quot
555 1108 727 1172 Judazi
767 1129 882 1168 tunc
919 1108 1195 1186 perempti,
1235 1120 1354 1186 quot
1380 1108 1582 1186 captivi.
1612 1109 1679 1162 Et
1706 1108 1919 1186 quidem
1945 1150 1961 1174 ,

381 1179 574 1246 fratres
613 1179 939 1249 charissimi,
970 1179 1259 1238 secundum
1290 1179 1517 1234 litteram
1548 1181 1616 1234 ita
1643 1179 1963 1233 credendum

378 1273 489 1326 est,
533 1270 588 1315 ut
624 1274 781 1327 supra
813 1255 1169 1324 suggessimus
1189 1294 1204 1317 ,
1233 1251 1373 1327 quod
1399 1251 1584 1327 beatus
1609 1251 1834 1327 ‘Elisaeus
1858 1266 1962 1302 non

379 1321 667 1386 iracundize
694 1321 1203 1382 inorbo'commotus
1223 1363 1236 1384 ,
1262 1322 1354 1375 sed
1385 1322 1499 1374 zelo
1531 1321 1620 1374 Dei
1643 1334 1960 1386 succensus,

329 1447 331 1450 .
378 1403 444 1456 ad
493 1398 860 1469 corrigendum
911 1394 1160 1463 populum
1208 1392 1512 1469 Judaaprum
1559 1391 1810 1469 parvulos
1847 1391 1964 1444 illos

379 1461 884 1542 permisit'lacerari
913 1461 926 1527 ζ
974 1461 1078 1517 non
1102 1472 1195 1542 _ut_
1227 1463 1550 1542 vindicaret,
1584 1461 1676 1514 sed
1709 1462 1965 1542 potius"!

382 1531 500 1596 illos
527 1541 818 1608 corrigeret
851 1554 863 1588 :
900 1545 1074 1608 tamen
1101 1534 1153 1586 itt
1183 1531 1446 1608 hocl‘acto
1473 1532 1633 1608 etiam
1667 1531 1839 1599 passio
1862 1531 1964 1608 Do-

381 1613 509 1666 mini
553 1600 845 1664 Salvatoris
874 1606 1212 1674 prceligurata
1236 1602 1399 1674 fuisse
1429 1600 1703 1674 evidenter
1730 1600 1962 1674 ostendi-

380 1692 483 1735 tur.
530 1681 662 1734 Nam
706 1670 972 1747 quomodo
1000 1670 1150 1747 pueri
1181 1672 1256 1747 illi
1289 1670 1959 1747 indisciplinati_clamave-

380 1760 502 1805 runt
545 1753 698 1805 beato
725 1740 962 1810 'Elistco,
1000 1740 1234 1796 escende
1254 1783 1269 1807 ,
1303 1740 1476 1804 calve;
1508 1741 1750 1803 ascende,
1784 1741 1961 1803 calve;

380 1824 450 1875 ita
482 1830 536 1876 et
572 1818 822 1874 insensati
851 1815 1027 1885 populi
1052 1814 1355 1885 Judaeorum
1383 1827 1510 1885 vero
1535 1812 1725 1865 Elisato
1749 1810 1964 1885 Christo

381 1904 620 1961 tempore
664 1879 935 1961 passionis
963 1899 1094 1938 voce
1123 1884 1378 1961 sacrilega
1398 1883 1772 1961 clamaverupt
1792 1921 1806 1944 ,
1837 1879 1965 1961 Cru-

374 1951 524 2030 ciﬁge
549 2001 564 2026 ,
607 1951 844 2028 cruciﬁge
875 1954 1220 2030 (Lucuxxtu,
1248 1953 1360 2030 21).
1393 1952 1526 2030 Quid
1555 1960 1667 2014 est,
1699 1951 1924 2030 Ascettde
1945 1991 1958 2014 ,

372 2020 516 2085 cdliie
538 2020 560 2092 ς’
597 2020 836 2092 ascende,
869 2020 1050 2079 calve?
1081 2024 1182 2077 nisi
1205 2064 1220 2087 ,
1247 2020 1490 2076 AsCende
1514 2037 1728 2076 crucem
1763 2023 1812 2073 in
1847 2022 1962 2092 loco

377 2091 658 2156 Calvarize.
700 2101 766 2153 Et
807 2099 905 2151 hoc
947 2094 1229 2155 attendite,
1277 2092 1500 2154 fratres,
1541 2093 1660 2161 quia
1700 2092 1837 2146 sicut
1865 2091 1963 2144 sub

381 2174 570 2226 Elisaeo
611 2169 954 2239 quadraginta
1005 2167 1110 2217 duo
1152 2164 1300 2232 pueri
1346 2163 1570 2239 lacerati
1601 2171 1758 2239 sunt;
1804 2164 1872 2214 ita
1911 2170 1965 2214 et

381 2254 498 2312 post
525 2233 870 2312 quadraginta
901 2238 1034 2312 duos
1060 2249 1231 2312 annos
1251 2233 1514 2312 passionis
1540 2233 1848 2312 Dominicae,
1873 2247 1964 2311 ve-

380 2302 570 2367 nerunt
598 2312 705 2364 duo
729 2302 838 2362 ursi
862 2350 876 2373 ,
908 2305 1260 2373 VcSpasianus
1283 2311 1338 2356 et
1366 2303 1534 2355 Titus.
1566 2303 1631 2356 Et
1660 2302 1759 2373 hoc
1784 2303 1965 2373 cousi-

377 2384 597 2447 derate,
643 2372 871 2442 fratres,
917 2372 1040 2445 quia
1081 2376 1133 2428 in
1179 2373 1518 2447 solemnitate
1553 2372 1796 2447 Paschali
1826 2372 1963 2447 facta

375 2463 460 2507 est
486 2443 694 2506 obsidio
726 2443 1030 2503 .lud:eorutn
1055 2461 1070 2504 ;
1102 2455 1160 2498 ut
1182 2445 1327 2513 justo
1354 2444 1446 2496 Dei
1473 2443 1672 2512 judicio
1698 2459 1762 2496 ex
1788 2444 1963 2496 omni-

379 2525 475 2576 bus
517 2521 802 2591 provinciis
828 2517 1129 2591 congregati
1155 2514 1355 2591 Judaei,
1389 2515 1439 2566 in
1471 2513 1598 2591 ipsis
1625 2513 1814 2567 diebus
1845 2527 1962 2591 prp-

378 2583 637 2647 uam'sibi
674 2591 905 2644 debitam
935 2583 1300 2648 sustinerent,
1341 2585 1391 2636 in
1422 2583 1612 2652 quibus
1644 2598 1823 2637 verum
1851 2584 1963 2636 Eli-

376 2678 544 2717 saeum
600 2661 879 2716 Dominum
929 2667 984 2711 et
1033 2655 1361 2708 Salvatorem
1409 2663 1649 2706 nostrum
1699 2655 1752 2706 in
1805 2668 1965 2708 cruce

377 2732 785 2800 suspenderant.
810 2729 926 2800 ίιιιο
967 2727 1146 2800 enim,
1178 2723 1243 2800 ιιι
1287 2731 1400 2800 e_st_,
1439 2723 1847 2800 quadragesimo
1879 2738 1964 2800 se-

376 2793 552 2857 cun'do
578 2816 719 2855 anno
739 2816 767 2853 a
791 2799 877 2852 die
897 2796 1156 2865 passionis
1178 2794 1386 2847 Domini
1407 2795 1594 2865 nostri,
1617 2793 1766 2865 quasi
1787 2793 1964 2865 divina

381 2889 540 2927 manu
583 2872 686 2925 acti
729 2863 938 2932 Judaei,
981 2865 1363 2932 Jerosolymis,
1405 2863 1544 2917 sicut
1580 2863 1852 2928 solebant,
1896 2864 1962 2917 ad

374 2941 755 2999 celebrandum
806 2937 1004 2992 Pascha
1049 2942 1429 2988 convenerant.
1475 2933 1534 2987 In
1565 2932 1802 2987 historiis
1830 2934 1961 3003 legi-

374 3030 530 3078 mus,
575 3011 716 3082 quod
759 3020 882 3082 tunc
925 3006 1104 3082 tricies
1135 3011 1368 3082 centena
1395 3003 1558 3058 millia
1599 3003 1879 3082 hominum
1898 3021 1964 3059 ex

379 3075 969 3148 Judaeis'lerosolymis
1011 3077 1211 3129 fuerint
1252 3083 1626 3148 congregata:
1669 3089 1734 3128 ex
1773 3075 1964 3142 quibus

381 3155 521 3208 l'erro
558 3163 612 3207 et
650 3151 790 3205 fame
828 3144 1078 3202 undecies
1121 3153 1345 3200 centena
1387 3145 1550 3197 millia
1578 3144 1822 3212 leguntur
1845 3159 1965 3200 esse

375 3231 688 3292 consumpta
711 3262 724 3284 ,
773 3229 847 3292 et
870 3227 1080 3292 centum
1119 3215 1560 3292 milliajuvenum
1585 3214 1810 3292 Romam
1839 3229 1962 3283 per-

379 3296 521 3347 ducti
550 3284 676 3346 su'ut
703 3292 756 3345 in
785 3288 1128 3356 triumphum.
1162 3285 1376 3338 Duobus
1399 3286 1543 3340 enim
1570 3287 1724 3338 annis
1743 3284 1964 3356 obsessa

373 3372 462 3418 est
497 3363 683 3418 civitas
720 3361 806 3415 illa
827 3401 842 3424 ,
872 3369 926 3413 et
950 3355 1091 3411 tanta
1118 3356 1402 3410 multitudo
1433 3364 1763 3408 mortuorum
1791 3355 1861 3409 de
1885 3357 1963 3408 ci-

381 3436 546 3489 vitate
586 3433 823 3504 proiecta
869 3438 981 3491 est,
1015 3437 1071 3480 ut
1097 3428 1262 3504 muris
1291 3425 1691 3504 ipsa_cadavera
1716 3440 1964 3504 coaequa-

377 3495 786 3560 renturflsiam
829 3515 958 3568 ergo
1001 3498 1350 3551 vastationem
1400 3496 1696 3568 ﬁgurabaut
1741 3497 1813 3550 illi
1858 3495 1966 3548 duo

384 3576 523 3641 ursi,
549 3576 636 3661 qui
667 3567 1010 3642 quadraginta
1039 3567 1172 3661 duos
1200 3580 1392 3635 pueros
1423 3576 1640 3661 propter
1664 3567 1963 3661 irrisionctn

384 3637 522 3699 beati
550 3637 730 3698 ElissEi
757 3637 1016 3694 lacerasse
1042 3640 1292 3690 dicuntur
1317 3654 1329 3688 :
1358 3646 1411 3689 et
1432 3638 1704 3704 impletum
1726 3637 1964 3705 estquod

381 3717 591 3768 dixerat
630 3713 873 3766 Psaltuus
897 3751 911 3773 ,
960 3709 1324 3761 Emtet'minavit
1355 3721 1470 3758 eam
1494 3723 1616 3775 aper
1640 3706 1703 3758 de
1724 3708 1850 3760 silva
1877 3747 1891 3766 ,
1919 3716 1966 3759 et

383 3784 654 3854 singularis
698 3785 834 3854 [erus
877 3780 1118 3847 depastus
1161 3787 1232 3830 est
1272 3775 1594 3854 eatn_(Ps_al.
1626 3792 1818 3854 LxXIx,
1852 3777 1962 3845 H).

384 3846 538 3922 Quia,
592 3846 727 3907 sicut
754 3851 951 3922 dictum
984 3860 1101 3922 est,
1131 3856 1249 3916 post
1270 3846 1622 3922 quadraginta
1634 3847 1776 3922 duos
1796 3862 1967 3922 annos

385 3917 642 3977 a'duobus
661 3922 818 3979 ursis.
853 3920 1173 3987 Vespasiano
1195 3929 1247 3972 et
1270 3917 1410 3984 'l‘ito,
1432 3932 1564 3986 gens
1591 3918 1680 3971 illa
1709 3919 1964 3986 Sacrilega

385 3995 524 4062 quod
557 3993 890 4054 merebatur,
923 3989 1148 4062 excepit.

436 4065 488 4118 5.
503 4065 534 4117 J
543 4064 800 4116 admorunt
816 4060 1102 4132 infelicitate
1118 4059 1312 4123 monili,
1329 4058 1482 4132 ﬁdem
1493 4067 1909 4132 reclamitenentes
1919 4069 1965 4113 et

385 4135 680 4188 charilatem
703 4127 947 4200 integram
963 4138 1326 4200 conservantes,
1339 4147 1409 4182 set
1423 4131 1525 4181 υἱιέ
1546 4127 1763 4183 Domino
1779 4131 1966 4183 labore-

386 4222 512 4258 mus.
540 4205 606 4258 Et
629 4204 748 4272 quia
767 4199 1002 4255 infelices
1040 4199 1208 4253 Jlldilfi
1237 4209 1452 4272 pt'Opter
1480 4200 1780 4272 superbiam
1811 4215 1967 4268 repu-

386 4276 587 4328 diariet
606 4270 902 4340 despici,ac
933 4285 1025 4338 per
1049 4279 1214 4322 totum
1234 4270 1483 4340 mundum
1502 4270 1730 4340 dispergi
1758 4285 1968 4324 merue-

385 4353 544 4407 runt;
569 4359 665 4397 nos
676 4339 865 4410 quibus
879 4349 1018 4410 tanta
1035 4339 1286 4410 benelicia
1307 4340 1472 4406 pietas
1491 4340 1668 4392 divina
1679 4339 1961 4404 concessit,

386 4431 508 4468 cum
551 4409 708 4467 omni
739 4409 1036 4464 humilitate
1075 4409 1230 4462 fidem
1275 4417 1473 4462 rectam
1519 4419 1762 4466 tenentes
1783 4451 1800 4477 ,
1827 4421 1881 4465 et
1911 4419 1968 4464 ut

388 4483 636 4555 superbia
667 4484 718 4534 itt
748 4480 901 4533 nobis
929 4479 1490 4555 locumjnvcnirenon
1511 4481 1714 4550 possit,
1739 4481 1968 4534 Charita-

388 4549 496 4608 tefu
528 4553 785 4626 integram
816 4565 936 4626 cum
963 4549 1210 4602 omnibus
1235 4549 1964 4626 hominibusconservantes,

392 4639 558 4692 usque
582 4619 830 4675 adﬁnem
855 4621 976 4692 vita:
993 4627 1184 4692 nostrae
1206 4619 1404 4673 mundo
1427 4620 1587 4675 corde
1611 4619 1665 4692 et
1683 4629 1830 4676 casto
1850 4636 1970 4676 cor-

391 4690 521 4763 pore
549 4695 749 4747 servire
770 4691 993 4763 Domino
1019 4690 1319 4763 laboremus
1343 4701 1435 4763 :ut
1469 4700 1591 4760 post
1613 4691 1850 4746 laborem
1871 4693 1968 4763 bo-

391 4760 578 4818 norum
625 4777 843 4832 operum
868 4801 886 4825 ,
930 4762 1074 4814 illam
1120 4760 1523 4816 desiderabilem
1565 4777 1752 4816 vocem
1787 4762 1971 4816 audire

392 4830 695 4889 mereamur
712 4872 728 4897 ,
775 4830 922 4903 Euge
943 4846 1099 4903 serve
1140 4833 1264 4884 bone
1290 4841 1343 4903 et;
1366 4833 1532 4900 ﬁdelis
1551 4873 1566 4899 ,
1598 4833 1732 4886 intra
1759 4833 1812 4885 in
1839 4849 1970 4903 gau-

391 4905 530 4957 dium
573 4904 775 4956 Domini
803 4904 874 4953 tui
904 4901 1118 4970 (Matth.
1153 4917 1258 4954 xxv
1278 4943 1292 4966 ,
1321 4901 1413 4972 2i)
1447 4919 1460 4954 :
1493 4905 1614 4972 quia
1641 4903 1776 4956 bene
1799 4901 1970 4956 admi-

393 4975 624 5028 nistrasti
669 4975 826 5026 vitam
871 4984 1304 5040 temporaneam,
1351 4974 1530 5041 accipe
1557 4975 1969 5041 Sempiternam;

389 5047 512 5116 quia
555 5043 1081 5116 cuStodistigpretium
1109 5043 1378 5116 sanguinis
1405 5045 1510 5097 mei
1533 5085 1548 5109 ,
1580 5058 1732 5116 sume
1755 5059 1975 5116 consor-

389 5113 521 5168 tium
566 5116 710 5184 regni
751 5114 876 5184 mei.
923 5113 1004 5166 Ad
1048 5113 1187 5180 quod
1229 5129 1446 5182 regnum
1473 5129 1569 5166 vos
1599 5115 1766 5182 pietas
1793 5113 1972 5168 divina

393 5183 687 5252 perducere
729 5183 1006 5253 dignetur,
1057 5197 1176 5251 qua:
1219 5184 1346 5237 vivit
1388 5192 1442 5237 et
1486 5193 1668 5254 regnat
1698 5186 1748 5237 in
1779 5185 1973 5239 srccula

390 5257 729 5310 seculorum.
757 5259 946 5307 Amen.

922 5363 1152 5418 διεκιιο
1180 5362 1316 5418 XLu
1348 5364 1444 5435 (a).

941 5456 1019 5511 De
1047 5457 1255 5524 Eliswo,
1286 5475 1319 5512 tt
1351 5458 1444 5532 (li).

472 5555 523 5608 1.
585 5551 644 5606 lu
690 5553 876 5607 Elisteo
928 5549 1153 5606 Christus
1206 5551 1484 5604 exhibetur.
1543 5549 1607 5604 lu
1659 5551 1808 5605 vidua
1852 5569 1975 5622 pau-

456 5669 535 5789 la;
567 5670 705 5725 Alias,
726 5667 790 5716 de
809 5676 1045 5740 tempore
1072 5665 1180 5737 306.

456 5729 512 5780 (b
569 5737 614 5778 tu
638 5739 910 5789 Appcuutce
936 5743 1059 5778 nunc
1083 5741 1180 5789 prin

456 5728 534 5789 (ll)
569 5737 614 5778 tu
638 5730 910 5791 Appendice
928 5728 1059 5778 nunc
1083 5732 1286 5791 primum
1303 5728 1580 5778 collocatur.
1608 5736 1670 5778 Ex
1691 5740 1860 5778 eorum
1892 5743 1979 5781 uu-

1845 293 2201 347 APPE‘XDIX.

3520 303 3662 356 1828

2082 425 2198 483 pere
2222 451 2235 473 ,
2281 409 2523 483 Ecclesia.
2558 412 2662 466 Illa
2686 430 2717 466 a
2743 415 2921 468 debitis
2949 432 3037 483 per
3064 417 3228 470 oleum
3253 458 3263 478 ,
3291 414 3398 464 lucc
3427 431 3457 465 a
3485 430 3664 483 pecca-

2079 479 2141 552 tis
2170 496 2258 547 per
2279 481 2576 552 charitalem
2602 486 2786 536 soluta.
2817 479 2965 538 Sicut
2993 486 3058 539 de
3086 486 3242 540 beato
3271 485 3381 539 Elia
3403 479 3662 552 diximus,

2077 547 2268 624 fratres
2297 551 2594 624 charissimi
2615 594 2630 618 ,
2659 555 2797 622 quod
2827 564 3006 624 typum
3037 556 3280 609 habuerit
3305 556 3515 610 Domini
3539 547 3662 611 Sal;

2075 621 2274 673 vatoris
2318 639 2330 673 :
2375 622 2446 675 ita
2488 633 2543 676 et
2588 621 3108 678 satt’ctum'Elisaium
3139 625 3468 681 conﬁdenter
3497 639 3550 681 et
3575 643 3662 684 se-

2073 704 2200 764 cure
2225 694 2513 764 asserimus
2535 692 2824 764 salvatoris
2845 696 3012 748 nostri
3033 696 3313 764 imaginem
3339 698 3658 763 praetulisse.

2071 757 2331 814 Clamavit
2357 763 2499 816 enim
2528 763 2595 817 ad
2629 763 2840 818 beatum
2871 757 3164 828 Elisacum:
3190 757 3404 820 sicut-in
3433 767 3663 822 lectione

2073 828 2248 914 divina
2273 832 2496 914 audistis
2513 873 2530 899 ,
2556 834 2712 914 vidua
2741 836 2983 904 quaedam
3007 876 3022 899 ,
3048 846 3101 888 et
3122 851 3252 890 voce
3273 837 3432 914 ﬂebili
3457 840 3661 914 suppli-

2071 901 2210 954 cavit
2231 939 2247 963 .
2293 902 2477 956 dicens
2517 922 2531 957 ε
2586 904 2677 957 Vir
2703 901 2838 958 meus
2860 917 3083 959 mortuus
3110 916 3212 969 est,
3243 917 3288 959 et
3309 901 3418 959 Ecce
3437 901 3661 962 credito-

2070 985 2150 1043 res
2178 972 2398 1032 veniunt,
2430 983 2476 1026 et
2495 975 2665 1027 volunt
2691 976 2814 1027 mihi
2839 977 3011 1029 tollere
3035 977 3168 1043 ﬁlios
3187 993 3339 1030 meos.
3365 977 3458 1031 llle
3478 989 3658 1034 autem

2073 1038 2418 1115 interrogavit
2447 1058 2563 1098 eam
2580 1086 2595 1107 ,
2621 1045 2745 1113 quid
2775 1045 2995 1100 haberet
3018 1038 3067 1098 in
3089 1047 3251 1100 domo
3270 1062 3386 1100 sua.
3409 1047 3657 1115 Respon-

2070 1110 2375 1184 dit_mulier
2396 1153 2410 1176 ,
2459 1124 2513 1166 ct
2537 1110 2676 1168 ‘ait':
2727 1115 2853 1168 Vivit
2882 1115 3154 1180 Dominus,
3185 1117 3303 1184 quia
3331 1133 3429 1169 non
3459 1110 3620 1171 Ita-bro
3639 1159 3656 1182 ,

2071 1181 2169 1233 nisi
2209 1183 2462 1254 modicum
2494 1185 2592 1238 olei
2615 1227 2629 1249 ,
2656 1201 2754 1254 qua
2779 1203 2958 1254 angar.
2994 1187 3057 1238 Et
3081 1181 3213 1239 dixit
3239 1185 3462 1240 Elisacus
3487 1205 3498 1238 :
3535 1181 3660 1242 Pete

2069 1265 2189 1304 vasa
2215 1268 2246 1303 ιι
2273 1253 2449 1306 vicinis
2473 1256 2570 1307 tuis
2592 1297 2607 1319 ,
2635 1253 2681 1307 et
2708 1253 2879 1308 clauso
2907 1260 3031 1309 ostio
3054 1297 3070 1322 ,
3101 1257 3240 1309 mitte
3264 1273 3326 1310 ea:
3354 1258 3442 1309 illo
3469 1260 3579 1311 oleo
3604 1261 3656 1312 in

2069 1322 2240 1395 omnia
2263 1337 2422 1384 vasa;
2450 1334 2493 1376 et
2523 1341 2635 1395 cum
2661 1326 2812 1394 plena
2839 1327 3057 1395 fuerint,
3090 1327 3274 1386 vende.
3301 1338 3348 1379 ct
3377 1328 3531 1380 redde
3546 1345 3654 1381 cre-

2069 1390 2314 1466 ditoribus
2357 1395 2483 1466 tuis._
2515 1390 2683 1466 Vidua
2722 1390 2856 1459 ista,
2887 1395 3078 1449 fratres
3103 1396 3402 1451 cbarissimi
3427 1439 3440 1459 ,
3469 1406 3653 1466 typum

2068 1461 2321 1535 Ecclesia:
2350 1463 2700 1535 praeferebat;
2729 1466 2867 1520 sicut
2892 1475 2945 1518 et
2971 1466 3055 1519 illa
3085 1481 3204 1535 qum
3226 1468 3418 1520 meruit
3439 1461 3652 1522 beatum

2067 1530 2239 1604 [filiam
2276 1534 2540 1601 excipere.
2589 1534 2755 1588 Vidua
2792 1549 2917 1604 ergo
2959 1530 3185 1599 ista,'id
3228 1545 3343 1600 est,
3373 1538 3651 1604 Ecclesia.

2065 1601 2300 1658 debitum
2322 1619 2487 1676 grave
2507 1601 2878 1676 contraxerat,
2909 1620 3014 1659 non
3043 1605 3334 1660 solidorum
3358 1648 3373 1670 ,
3407 1607 3499 1661 sed
3531 1601 3656 1676 ped-

2067 1682 2329 1726 catorum.
2366 1674 2603 1728 Debitum
2634 1675 2892 1737 habebat,
2923 1685 2976 1729 et
3003 1676 3323 1730 creditorem
3346 1674 3652 1732 crudelissi-

2067 1757 2212 1816 mum
2236 1745 2535 1816 sustinebat
2563 1763 2575 1794 :
2599 1746 2719 1816 quia
2743 1760 2800 1800 se
2821 1745 3034 1799 diabolo
3047 1746 3225 1800 multis
3241 1749 3470 1816 peccatis
3486 1749 3655 1802 obno-

2068 1813 2206 1886 xiatn
2229 1813 2446 1886 fecerat.
2471 1815 2559 1869 Sic
2585 1815 2726 1868 enim
2753 1825 2806 1868 et
2839 1816 3096 1884 propheta
3124 1813 3372 1884 prscdixit
3406 1835 3420 1870 :
3451 1816 3474 1870 ι
3484 1835 3514 1869 ιι
3537 1836 3654 1886 pec-

2067 1883 2194 1935 catis
2228 1885 2401 1936 vestris
2439 1886 2625 1955 uenditi
2665 1887 2782 1938 estis
2805 1926 2819 1950 ,
2851 1895 2896 1937 et
2921 1883 2973 1938 in
2992 1883 3260 1939 sceleribus
3285 1889 3458 1941 vestris
3483 1883 3656 1944 dimisi

2068 1962 2277 2026 matrem
2314 1964 2529 2026 vestram
2559 1954 2728 2024 '(lsai.
2765 1971 2820 2013 ι..
2853 1956 2929 2023 1).
2959 1956 3123 2010 Vidua
3153 1971 3280 2025 ergo
3305 1958 3388 2010 illa
3422 1974 3518 2026 pro
3543 1968 3652 2012 tattt

2067 2023 2252 2094 grandi
2295 2024 2477 2077 debito
2523 2027 2729 2094 captiva
2781 2026 3010 2094 quodam
3042 2027 3200 2079 modo
3219 2023 3526 2082 tenebatur.
3554 2030 3656 2082 Ca-

2070 2093 2210 2160 ptiva
2236 2096 2511 2166 erat,qttia
2531 2093 2838 2165 redemptor
2864 2096 3094 2149 nondum
3114 2111 3350 2150 venerat.
3371 2097 3474 2151 Sed
3501 2110 3651 2166 post-

2071 2178 2296 2233 eaquam
2343 2164 2557 2218 viduam
2583 2164 2737 2219 istam
2769 2182 2926 2220 verus
2959 2168 3266 2234 redemptor
3288 2164 3533 2222 Christus
3558 2171 3655 2222 Do.

2067 2235 2243 2287 minus
2294 2235 2526 2287 visitavit
2553 2277 2568 2300 ,
2615 2237 2682 2289 ab
2723 2238 2970 2292 omnibus
3010 2237 3203 2291 debitis
3245 2238 3462 2291 liberam
3508 2239 3649 2292 fecit.

2071 2303 2223 2357 Unde
2263 2305 2404 2357 enim
2438 2305 2524 2358 illa
2556 2305 2712 2359 vidua
2744 2307 2962 2360 liberata
2989 2308 3095 2369 sit,
3131 2306 3426 2360 videamus.
3459 2307 3651 2373 Unde,

2067 2373 2171 2426 nisi
2197 2373 2265 2448 de
2291 2385 2584 2448 augmento
2598 2377 2701 2448 olei
2726 2377 2747 2430 ?
2779 2377 2834 2448 lu
2865 2379 2984 2448 oleo
3009 2377 3369 2431 misericordia
3398 2378 3654 2448 intelligi-

2070 2454 2175 2516 tur.
2201 2443 2343 2513 Ergo
2365 2445 2534 2516 vidua:
2555 2447 2634 2498 illi.
2653 2446 2771 2501 ideo
2793 2447 3026 2502 debitum
3049 2456 3312 2506 creverat.
3332 2449 3453 2516 quia
3471 2443 3650 2503 oleum

2069 2513 2450 2588 misericordite
2480 2517 2749 2588 peccando
2775 2517 3100 2588 perdiderat.
3127 2513 3506 2580 Considerate,
3541 2518 3650 2572 fra-

2069 2591 2181 2638 tres
2211 2602 2224 2637 :
2253 2585 2446 2638 defecit
2464 2587 2637 2640 oleum
2662 2627 2678 2652 ,
2705 2596 2759 2641 et
2777 2585 3012 2654 debitum
3035 2588 3237 2651 crevit;
3263 2589 3428 2641 crevit
3447 2591 3648 2651 oleum,

2067 2660 2124 2706 et
2148 2655 2305 2723 periit
2327 2655 2562 2709 debitum
2589 2673 2601 2708 :
2629 2666 2869 2711 creverat
2896 2657 3158 2724 cupiditas
3177 2699 3192 2721 ,
3220 2665 3274 2710 et
3300 2658 3455 2725 periit
3475 2659 3653 2711 chari-

2069 2733 2152 2797 t_a_s_
2183 2741 2195 2775 :
2229 2725 2364 2797 redit
2399 2725 2630 2781 charitas
2649 2768 2663 2791 ,
2695 2737 2748 2781 et
2773 2727 2910 2797 perit
2941 2729 3209 2797 iniquitas.
3237 2727 3494 2782 Veniente
3523 2744 3652 2783 vero

2069 2793 2266 2849 Elistoo
2302 2796 2514 2850 Christo
2561 2793 2791 2851 Domino—
2808 2838 2822 2859 ,
2869 2793 3062 2860 vidua',
3100 2799 3201 2851 hoc
3227 2807 3338 2862 est,
3369 2798 3606 2853 Ecclesia
3635 2840 3649 2860 ,

2068 2879 2165 2932 per
2180 2875 2526 2937 augmentum
2556 2868 2660 2937 olei
2681 2909 2696 2932 ,
2727 2867 2778 2922 id
2801 2876 2916 2928 est,
2943 2867 3142 2921 donum
3162 2867 3346 2937 gratiae
3367 2877 3423 2922 et
3443 2869 3653 2922 miscri—

2067 2934 2263 3008 cordia;
2282 2976 2298 3001 ,
2321 2937 2405 2990 vel
2423 2935 2701 2991 eharitatis
2724 2937 3042 3008 pinguedine
3063 2980 3080 3004 ,
3106 2934 3186 2992 de'
3198 2948 3535 3006 peccatorum
3555 2938 3652 2994 de-

2069 3004 2179 3058 bito
2204 3006 2472 3060 liberatur.

2137 3073 2192 3128 2.
2246 3075 2378 3128 Vasa
2417 3093 2573 3130 vacua
2591 3119 2605 3140 ,
2656 3076 2858 3134 Gentes.
2887 3079 3023 3146 Quid
3051 3088 3227 3132 tamen
3254 3077 3304 3131 ei
3330 3078 3518 3132 beatus
3544 3079 3654 3133 Eli-

2067 3160 2210 3199 smus
2251 3146 2441 3199 dim-rit
2464 3187 2478 3212 ,
2520 3149 2810 3202 videamus.
2856 3148 2980 3202 Pete
3013 3166 3131 3202 vasa
3158 3150 3317 3202 multa
3342 3165 3374 3201 a
3403 3149 3580 3202 vicinis
3605 3160 3653 3201 rt

2069 3217 2324 3289 proxititis
2351 3218 2449 3270 tuis
2468 3259 2483 3282 ,
2526 3227 2572 3270 et
2615 3219 2786 3271 clauso
2816 3220 2942 3272 ostio
2966 3220 3181 3289 infunde
3208 3220 3260 3271 in
3285 3221 3500 3272 vasculis
3529 3221 3651 3272 vici-

2069 3301 2266 3357 norum.
2295 3288 2393 3354 Qui
2425 3295 2578 3340 erant
2605 3289 2690 3341 isti
2719 3289 2876 3342 vicini
2899 3327 2914 3352 ,
2943 3288 3044 3342 nisi
3069 3289 3318 3343 Gentium
3347 3290 3564 3357 populi?
3591 3291 3654 3343 Et
3699 3303 3712 3314 ‘

2070 3355 2194 3408 licet
2215 3358 2366 3410 vidua
2393 3359 2475 3410 illa
2501 3359 2752 3412 Ecclesiae
2777 3367 2960 3428 typum
2979 3359 3222 3412 habuerit
3240 3399 3257 3425 ,
3289 3355 3469 3413 tamen
3498 3360 3651 3413 vidua

2068 3434 2183 3500 erat
2207 3443 2238 3500 ᾖ
2267 3435 2321 3479 et
2347 3429 2469 3500 ideo
2484 3429 2653 3500 _vicini
2681 3428 2758 3482 illi
2785 3430 2923 3482 unde
2951 3444 3074 3482 vasa
3102 3431 3418 3497 petebantur
3442 3471 3457 3494 ,
3484 3445 3654 3500 popa.

2070 3495 2178 3566 lum
2199 3496 2448 3550 Gentium
2475 3498 2788 3566 ligurabant.
2811 3500 2938 3566 Qua:
2963 3495 3138 3553 tamen
3160 3515 3284 3554 vasa
3310 3515 3473 3554 vacua
3487 3495 3650 3554 'ex'hi-

2070 3565 2331 3620 bebantnr
2355 3609 2368 3629 ,
2407 3578 2461 3620 ut
2503 3565 2679 3621 oleum
2707 3565 3088 3623 misericordia:
3112 3571 3354 3638 accipere
3384 3585 3656 3624 mereren—

2072 3645 2157 3688 tur
2198 3653 2210 3688 :
2258 3639 2375 3706 quia
2417 3653 2606 3709 omnes
2643 3639 2876 3705 Gentes,
2921 3649 3200 3707 antequam
3240 3640 3436 3694 donum
3469 3641 3654 3709 gratiae

2070 3717 2464 3776 consequantur
2487 3747 2502 3772 ,
2537 3707 2639 3762 ﬁde
2667 3717 2720 3761 et
2745 3709 3004 3763 charitate
3027 3719 3082 3764 et
3106 3710 3259 3763 bonis
3284 3707 3536 3779 operibus
3563 3727 3656 3764 va-

2069 3791 2182 3849 cum
2210 3792 2340 3849 esse
2377 3779 2685 3845 probantur.
2731 3779 2968 3849 Denique
3001 3794 3186 3833 omnes
3212 3782 3301 3849 qui
3327 3780 3392 3833 ad
3419 3781 3656 3834 salutare

2071 3847 2398 3915 Baptismum
2443 3847 2895 3916 consequendum
2927 3849 3180 3904 Ecclesia:
3219 3847 3553 3917 olferunlur,
3601 3864 3655 3906 et

2069 3917 2298 3989 chrisma
2327 3927 2381 3970 et
2404 3918 2579 3989 oleum
2605 3918 2991 3974 benedictionis
3015 3921 3316 3988 accipiunt;
3339 3931 3396 3974 ut
3414 3922 3523 3989 jam
3547 3937 3654 3975 non

2070 3985 2196 4040 vasa
2246 4003 2405 4041 vacua
2429 4029 2443 4053 ,
2489 3988 2583 4042 sed
2623 3989 2734 4044 Deo
2780 3989 2968 4059 plena,
3011 3999 3064 4044 et
3100 3985 3355 4060 templum
3397 3985 3492 4045 Dei
3532 4006 3658 4048 eSse

2070 4067 2393 4111 mereantur.

2141 4129 2194 4181 5.
2242 4129 2395 4202 Arnor
2439 4131 2674 4200 proprius
2710 4131 2856 4202 inops
2881 4139 2924 4183 et
2955 4131 3202 4202 indigens.
3234 4129 3467 4202 Charitas
3495 4132 3653 4198 dives,

2070 4207 2119 4251 et
2161 4199 2391 4252 omnibus
2433 4201 2716 4255 abundans.
2765 4200 3037 4269 lt‘rogando
3064 4199 3266 4254 crescit.
3306 4201 3657 4258 Considerate

2071 4283 2234 4338 ergo,
2283 4271 2471 4324 fratres
2513 4271 2808 4324 charissimi
2840 4288 2852 4322 :
2884 4270 3130 4339 quamdiu
3169 4271 3322 4325 vidua
3362 4272 3446 4324 illa
3475 4272 3656 4328 oleum

2072 4340 2124 4392 in
2169 4339 2381 4392 vasculo
2427 4343 2640 4408 proprio
2683 4340 2901 4405 habuit,
2945 4355 3041 4394 nec
3069 4341 3166 4395 sibi
3197 4341 3524 4407 sufﬁciebat,
3555 4359 3658 4398 nec

2073 4409 2307 4463 debitum
2339 4411 2563 4482 reddere
2595 4411 3042 4482 poterat.Verum
3074 4419 3190 4478 est,
3219 4413 3535 4476 charissimi,
3565 4418 3656 4482 qui

2073 4496 2132 4535 se
2179 4482 2350 4550 solum
2396 4481 2598 4550 diligit,
2647 4495 2745 4534 nec
2784 4481 2881 4534 sibi
2923 4481 3154 4544 sufﬁcit,
3195 4497 3291 4535 nec
3317 4481 3656 4548 peccatorum

2073 4565 2288 4604 suorum
2318 4549 2554 4621 debitum
2582 4551 2753 4621 reddit
2783 4568 2796 4603 :
2824 4567 2943 4604 cum
2970 4565 3096 4605 vero
3121 4552 3171 4603 in
3193 4551 3382 4605 alienis
3400 4555 3657 4621 vasculis,

2076 4622 2126 4676 id
2173 4629 2288 4684 est,
2333 4620 2580 4674 oumibns
2619 4620 2807 4674 vicinis
2851 4630 2903 4674 et
2948 4622 3287 4690 propinquis,
3328 4632 3384 4676 et
3411 4625 3662 4678 omnibus

2074 4691 2292 4745 omnino
2337 4691 2638 4745 hominibus
2685 4692 2907 4759 emperit
2949 4691 3123 4744 oleum
3159 4691 3435 4746 charilatis
3479 4693 3658 4746 infun-

2075 4762 2202 4816 dere
2227 4802 2241 4824 ,
2274 4771 2398 4815 tunc
2427 4770 2481 4815 et
2508 4763 2607 4814 sibi
2635 4761 2878 4816 sufficere
2899 4803 2912 4827 ,
2933 4770 2986 4814 et
3010 4763 3078 4816 ab
3102 4762 3353 4816 omnibus
3376 4777 3436 4817 se
3463 4763 3661 4818 debitis

2079 4835 2272 4901 poterit
2315 4833 2559 4886 liberare.
2611 4831 2678 4884 Et
2723 4847 2880 4896 vere,
2931 4833 3150 4898 fratres,
3200 4831 3320 4886 talis
3353 4842 3435 4886 est
3470 4845 3659 4887 natura

2077 4905 2244 4957 sancti
2290 4903 2488 4956 amoris
2535 4910 2588 4956 ct
2633 4916 2769 4957 vetze
2811 4901 3118 4964 charitatis,
3163 4911 3218 4954 ut
3242 4903 3510 4972 eroganda
3535 4918 3661 4959 cre-

2078 4984 2188 5027 scat
2217 4990 2230 5035 ;
2261 4983 2314 5026 et
2343 4983 2597 5041 quantum
2629 4973 2679 5024 itt
2707 4972 2824 5024 aliis
2853 4973 2968 5039 plus
2995 4972 3340 5040 cxpenditur,
3376 4982 3575 5026 tantum
3608 4977 3659 5030 in

2079 5058 2137 5097 se
2164 5042 2520 5096 abundantius
2548 5043 2866 5096 cumnletur.
2889 5041 3077 5096 Cibum
3106 5044 3344 5110 corporis
3364 5045 3407 5096 si
3429 5045 3661 5098 volueris

2079 5115 2251 5182 egenti
2285 5113 2546 5176 tribuere,
2577 5113 2640 5166 ad
2673 5127 2904 5182 prazsens
2929 5112 3070 5182 quod
3101 5112 3175 5165 illi
3201 5113 3415 5167 dederis
3434 5157 3446 5175 ,
3478 5126 3532 5168 tu
3562 5117 3663 5168 ha—

2083 5185 2205 5237 bere
2255 5201 2357 5236 non
2404 5185 2602 5251 poteris
2635 5202 2646 5235 :
2682 5197 2871 5252 panem
2915 5183 3190 5236 charitatis
3219 5183 3261 5234 si
3292 5183 3507 5239 dederis
3531 5201 3663 5238 ceu~

2084 5265 2188 5308 lunt
2237 5254 2576 5317 hominibus,
2619 5253 2824 5322 integer
2864 5262 3078 5317 manet;
3119 5254 3161 5306 si
3191 5253 3440 5308 universo
3465 5255 3667 5310 mundo

2083 5325 2261 5393 largiri
2293 5325 2542 5385 volueris,
2573 5325 2669 5376 tibi
2699 5324 2828 5376 ntltil
2849 5323 3028 5376 deficit
3055 5341 3070 5376 :
3100 5324 3205 5376 imo
3235 5338 3340 5376 non
3363 5325 3533 5377 solum
3557 5341 3664 5377 non

2082 5396 2259 5449 delicit
2284 5437 2297 5457 ,
2345 5395 2437 5447 sed
2481 5397 2716 5446 omnium
2759 5395 2968 5447 illorum
2994 5394 3182 5463 quibus
3213 5395 3426 5463 largitus
3457 5395 3624 5450 fueris
3648 5439 3664 5459 ,

2085 5468 2284 5520 lucrum
2327 5465 2417 5518 tibi
2449 5465 2811 5534 multipliciter
2837 5465 3046 5518 crescit.
3086 5464 3237 5518 Verbi
3269 5466 3467 5534 gratia,
3503 5482 3667 5519 unum

2084 5617 2219 5653 mero
2235 5612 2310 5652 est
2327 5639 2340 5662 ,
2367 5606 2448 5665 qui
2472 5611 2666 5653 manent
2693 5617 2779 5666 per
2795 5603 3114 5666 Lovanienses
3133 5601 3285 5659 dubii,
3311 5615 3401 5664 per
3424 5603 3670 5652 \‘erlinum

2086 5676 2140 5716 et
2160 5674 2182 5711 \
2197 5663 2444 5727 indiugtim
2467 5663 2747 5715 asseruntur
2771 5663 3074 5726 sum-osilitii.
3099 5663 3322 5711 tmzsario’
3340 5677 3426 5728 per
3445 5679 3550 5725 nos,
3579 5684 3664 5719 ue-

2077 5730 2230 5792 ntine,
2257 5731 2329 5777 uti
2355 5741 2605 5789 speramus
2623 5764 2635 5785 ,
2663 5729 2961 5787 reluctante,
2987 5733 3292 5774 restituetur.
