3996 6180
353 309 494 368 ιιιεθ

343 437 534 496 metu
547 418 834 496 ciuilitatis
861 397 1090 496 bafbebas
1114 415 1418 496 ;_Si'l_lctlli.tti
1433 415 1716 496 dedisse-sn,
1755 417 1922 484 ipsmn

342 485 517 551 solum
547 491 772 546 haberes
803 507 816 540 :
847 487 990 540 mille
1018 485 1324 540 hominibus
1344 485 1534 538 dedisti
1557 529 1568 546 ,
1595 487 1736 540 mille
1765 500 1927 553 panes

342 561 652 634 aetptisisti;
695 562 818 634 quia
859 565 1002 610 tanta
1040 567 1120 634 est
1161 555 1426 634 possessio
1453 557 1756 634 cluat-italis,
1788 565 1847 634 ut
1876 565 1927 608 et

342 625 566 704 singulis
591 625 794 704 totasit
812 668 828 692 ,
851 637 905 680 et
928 626 1174 704 omnibus
1203 625 1404 704 integra
1432 640 1552 680 esse
1575 627 1758 704 possit.
1787 625 1928 704 Ergo

341 718 396 761 et
430 695 554 758 aliis
589 700 780 754 dedisti
807 739 820 760 ,
859 706 912 750 et
948 707 1000 749 tu
1049 696 1176 749 nihil
1215 698 1424 764 penitus
1467 695 1740 764 perdidisti
1777 714 1787 746 :
1823 696 1928 748 imo

341 792 448 832 non
477 774 652 828 solum
681 784 784 822 non
815 766 1108 834 perdidisti,
1127 766 1220 820 sed
1247 765 1382 818 sicut
1401 767 1508 830 jam
1531 765 1929 832 dixi,quidquid

339 847 462 900 aliis
501 859 532 896 a
573 852 628 894 te
667 840 918 893 collatum
962 843 1070 898 est,
1120 845 1176 890 tu
1221 835 1588 901 eentupliciter
1633 835 1926 902 acquisisti.

341 917 488 984 Ergo
507 955 522 976 ,
553 911 746 984 fratres
772 907 1106 984 charissimi,
1129 906 1398 984 agnoscite
1425 905 1634 984 viduam
1665 905 1923 984 uenatio,

341 974 446 1040 nisi
469 974 540 1038 de
567 981 690 1034 oleo
711 1021 724 1040 ,
758 993 788 1030 a
817 978 930 1030 suis
957 975 1310 1030 creditoribus
1340 974 1633 1028 absolutam
1657 992 1670 1038 ;
1699 984 1752 1028 et
1773 975 1929 1028 intel-

341 1057 488 1124 ligite
537 1049 832 1124 Ecclesium
871 1046 1190 1124 catholicam
1237 1059 1342 1124 non
1391 1044 1633 1124 aliunde,
1682 1045 1786 1124 nisi
1815 1059 1929 1124 _per

339 1113 518 1180 nicum
573 1117 952 1176 misericordiae
975 1116 1092 1180 Dei,
1141 1114 1208 1168 de
1253 1114 1364 1168 suis
1407 1113 1568 1168 fuisse
1620 1113 1930 1168 criminibus

339 1197 643 1249 liberatam.

411 1265 464 1318 4.
525 1263 658 1315 Vasa
695 1257 953 1312 charitatis
975 1297 992 1320 ,
1021 1255 1242 1308 homines
1261 1295 1276 1318 ,
1307 1253 1580 1324 implentur
1606 1271 1720 1307 cum
1747 1269 1928 1306 ainan-

339 1346 442 1387 tur.
495 1332 602 1388 Sed
635 1331 754 1384 Jioc
801 1327 1094 1390 attendite,
1147 1325 1366 1388 fratres,
1419 1324 1558 1392 quod
1606 1324 1794 1378 mulier
1843 1324 1928 1376 illa

339 1403 596 1472 quamdiu
645 1399 828 1472 habuit
851 1411 1004 1472 vasa,
1037 1395 1336 1472 pbipleum
1367 1393 1702 1472 inbutdcrei,
1731 1393 1927 1472 uului-iu

337 1462 520 1528 oleum
565 1470 750 1526 crevit.
783 1467 914 1522 Nam
941 1465 1076 1519 dixit
1105 1463 1213 1518 filio
1242 1478 1339 1517 suo
1361 1505 1376 1526 ,
1411 1463 1548 1530 Afer
1573 1464 1694 1516 mihi
1723 1479 1828 1515 vas.
1865 1462 1930 1515 Et

343 1545 432 1597 ille
475 1539 784 1610 respondit,
833 1535 954 1589 Non
997 1534 1174 1610 habeo.
1223 1534 1287 1586 Et
1315 1533 1390 1588 ait
1416 1533 1690 1610 Scriptura
1713 1533 1930 1610 stetisse

341 1616 520 1667 oleum
545 1603 580 1670 .’
599 1617 940 1678 posteaquam
981 1606 1067 1660 ubi
1104 1613 1360 1678 poneret,
1404 1619 1508 1656 non
1550 1603 1768 1676 invenit.
1811 1603 1932 1672 Sic,

339 1671 676 1738 dilectissimi
719 1671 908 1732 fratres
927 1716 942 1730 .
979 1671 1176 1728 tamdiu
1206 1673 1434 1726 cbaritas
1463 1671 1716 1742 augetur,
1745 1671 1930 1741 quatn4

339 1754 434 1807 diu
455 1752 719 1806 tribuitur.
749 1748 815 1801 Et
839 1747 960 1800 ideo
978 1746 1134 1798 etiam
1161 1757 1226 1798 ex
1251 1742 1510 1796 industria
1533 1743 1788 1796 debemus
1809 1757 1928 1794 vasa

339 1836 588 1892 qumrcre
607 1862 622 1882 ,
649 1819 738 1892 ubi
765 1815 1226 1892 oleu1n_poss_irmis
1251 1813 1566 1892 infundere:
1589 1813 1930 1892 qu_ia_proba-

341 1883 517 1946 vimus
565 1889 706 1959 quod
746 1888 871 1959 dum
914 1886 1032 1959 aliis
1081 1883 1438 1959 ἱιιῐίιιιιιιιῃιιε3
1491 1883 1926 1959 pius_hal_iemus.

343 1964 482 2016 Vasa
521 1952 824 2022 cliaritatis,
859 1955 1101 2009 homines
1131 1963 1274 2007 sunt.
1305 1953 1358 2007 Si
1389 1952 1661 2006 cbaritatis
1689 1952 1810 2006 oleo
1837 1967 1929 2004 vo-

341 2035 520 2087 lumus
547 2028 818 2084 abundare
839 2067 852 2088 ,
885 2041 992 2078 non
1021 2024 1192 2078 solum
1220 2024 1419 2086 bonos,
1453 2022 1544 2076 sed
1570 2023 1730 2076 etiam
1761 2022 1930 2075 malos

339 2103 602 2158 debemus
627 2099 844 2166 diligere
877 2115 889 2148 :
919 2097 1086 2166 bonos
1111 2133 1124 2156 ,
1151 2095 1274 2166 quia
1304 2093 1424 2146 boni
1458 2102 1616 2166 sunt;
1643 2093 1810 2166 malos
1828 2133 1845 2166 _.
1869 2099 1930 2144 ut

341 2173 466 2227 horti
499 2173 644 2223 tiant.
681 2163 850 2221 liabet
879 2165 1020 2221 enim
1051 2165 1186 2218 hanc
1215 2164 1466 2217 virtutem
1493 2163 1667 2216 oleum
1695 2163 1928 2216 charita-

343 2243 412 2296 tis
435 2283 450 2306 ,
479 2251 534 2294 ut
555 2249 608 2294 et
635 2240 802 2292 bonos
830 2236 1078 2306 meliores
1099 2233 1256 2306 faciat
1273 2273 1287 2297 ,
1315 2233 1566 2306 et_malos
1587 2233 1652 2286 de
1681 2241 1928 2301 peccato.

341 2302 460 2367 rum
495 2309 728 2365 tenebris
749 2306 814 2360 ad
841 2305 1010 2358 lucem
1038 2303 1272 2358 veritatis
1301 2302 1534 2356 reducat.

413 2383 466 2436 5.
496 2380 682 2434 Clauso
711 2378 838 2430 ostio
863 2377 936 2428 vel
957 2383 1130 2442 aperto
1159 2373 1270 2441 quis
1302 2381 1438 2442 agat.
1470 2371 1620 2438 Quod
1642 2380 1822 2442 autem
1853 2371 1930 2442 ait

339 2452 636 2517 Scriptura,
663 2449 846 2503 clauso
865 2441 1001 2517 ostio
1029 2443 1240 2517 viduam
1265 2441 1410 2496 illam
1437 2443 1613 2517 oleum
1640 2441 1690 2495 in
1705 2441 1930 2517 vasculis

343 2513 632 2582 intudisse;
661 2519 762 2571 hoc
805 2515 1118 2586 significavit
1141 2553 1156 2586 ε
1179 2521 1257 2586 _ut
1299 2513 1656 2586 unusquisque
1689 2513 1929 2586 _e|eemo-

339 2607 530 2663 synam
558 2591 740 2663 clauso
769 2581 904 2663 ostio
931 2584 1112 2663 fac_ia_t,
1144 2583 1198 2663 id
1217 2591 1318 2663 est,
1347 2596 1444 2651 pro
1471 2581 1590 2663 solo
1609 2582 1700 2635 Dei
1723 2595 1925 2663 amore;

341 2651 450 2716 rion
479 2660 598 2712 ideo
625 2667 682 2712 ut
707 2656 950 2710 laudetur
967 2656 1036 2710 ab
1060 2653 1389 2716 hominibus,
1417 2651 1510 2706 sed
1533 2651 1739 2718 utapud
1763 2651 1930 2706 Deum

343 2731 588 2785 invenire
629 2729 852 2798 gratiam
895 2735 1180 2798 mereatur.
1219 2722 1320 2788 Qui
1350 2723 1490 2776 enim
1515 2721 1802 2798 ‘prolaude
1829 2721 1929 2798 hu-

343 2817 497 2854 mana
552 2790 948 2866 elebinosynam
999 2793 1120 2850 facit
1138 2835 1167 2866 ,ί
1201 2801 1386 2860 aperto
1426 2791 1564 2866 ostio
1606 2790 1759 2866 facit;
1807 2791 1930 2860 quia

343 2881 588 2940 apertum
609 2861 858 2940 omnibus
885 2874 1046 2935 patet.
1071 2865 1172 2930 Qui
1193 2877 1436 2940 veropro
1459 2861 1570 2916 sola
1597 2861 1930 2940 vitaatcrna

341 2931 395 2994 ei
441 2955 540 3009 pro
587 2931 902 3009 remissione
942 2943 1276 3009 peccatorum
1321 2933 1458 3009 bona
1488 2947 1683 3009 _opera_
1704 2931 1893 3009 fecerit
1911 2972 1926 2996 ,

343 3001 554 3064 etiamsi
577 3009 786 3079 publice
807 3001 964 3079 faciat
987 3046 1002 3071 ,
1031 3005 1214 3079 clauso
1237 3003 1374 3079 ostio
1401 3002 1526 3079 facit
1555 3019 1568 3054 :
1597 3002 1718 3071 quia
1735 3002 1816 3079 _de
1843 3001 1928 3079 illa

343 3070 686 3156 eleemos'yna
723 3093 828 3156 non
855 3075 958 3130 hoc
991 3070 1190 3156 quaerit
1226 3073 1368 3142 quod
1398 3070 1626 3156 videtur,
1789 3070 1930 3140 quod

343 3167 450 3203 non
495 3143 722 3204 videtur.
751 3147 892 3202 Laus
942 3143 1084 3200 enim
1127 3144 1354 3197 humana
1395 3143 1634 3206 videtur;
1673 3152 1929 3196 arternutn

343 3221 620 3288 praemium
653 3234 760 3272 non
785 3217 1012 3271 videtur.
1041 3214 1144 3270 Sed
1169 3213 1290 3288 audi
1313 3213 1438 3283 quid
1459 3213 1586 3268 dicit
1605 3213 1926 3282 Apostolus:

348 3283 476 3354 Ome
515 3291 650 3343 enim
681 3289 931 3349 uidentur,
960 3283 1270 3356 temporalia
1297 3293 1450 3356 sunt;
1477 3299 1589 3352 quae
1621 3292 1788 3336 autem
1831 3297 1931 3334 non

345 3353 594 3424 uidentur,
621 3369 809 3413 reterna
843 3357 860 3428 (
879 3357 916 3408 Il
939 3353 1158 3428 Corgiv,
1182 3353 1305 3422 18).
1344 3353 1574 3409 Securus
1606 3366 1928 3428 ergo_uuus-

347 3432 572 3500 quisque
616 3423 1007 3498 eleemosynam
1041 3426 1226 3500 faciat,
1259 3433 1458 3478 tantum
1489 3432 1545 3478 ut
1581 3438 1676 3492 pro
1705 3423 1790 3478 illa
1817 3423 1930 3490 glo-

347 3497 796 3554 riam'humanam
819 3497 922 3550 non
949 3497 1202 3566 requirat.

419 3589 472 3644 6.
537 3589 726 3642 Mulier
783 3587 942 3642 Suria:
1001 3602 1064 3640 ea:
1113 3585 1374 3640 sterilitate
1418 3584 1484 3636 ad
1563 3582 1933 3653 facunditatem

351 3661 630 3720 transiens,
685 3657 926 3712 Ecclesia:
991 3667 1156 3728 typus.
1223 3655 1350 3708 Post
1379 3655 1518 3728 _ha:c
1565 3652 1927 3728 audivimus,

349 3731 486 3799 quod
535 3729 662 3782 dum
721 3729 908 3782 beatus
961 3723 1164 3782 Eisa-us
1231 3724 1480 3799 transiret
1537 3738 1632 3788 per
1695 3723 1928 3799 Stipant,

351 3791 588 3868 quaedam
636 3799 832 3852 mulier
879 3811 1066 3868 magna
1115 3795 1410 3868 susceperit
1459 3809 1618 3868 eunt,
1647 3803 1700 3846 et
1724 3791 1934 3868 dixerit

347 3862 414 3923 ad
461 3871 632 3922 virum
681 3883 834 3922 suum
879 3885 892 3920 :
939 3862 1296 3920 [nimadverto
1349 3863 1484 3930 quod
1526 3866 1674 3916 homo
1716 3862 1808 3914 iste
1857 3862 1933 3914 vir

353 3939 448 3992 Dei
507 3938 884 4006 sit:fuciamus
931 3936 1012 3989 illi
1063 3933 1480 4006 ctenaculum,_et
1507 3947 1751 4000 ponamus
1797 3932 1842 3984 ei
1879 3932 1934 4006 in

352 4025 408 4062 eo
428 4002 652 4072 lectum,
682 4022 908 4062 mensam
925 4045 942 4072 ,
970 4005 1146 4060 sellam
1169 4012 1214 4056 et
1233 4003 1588 4056 candelabrum
1613 4017 1630 4064 ;
1655 4013 1709 4054 ut
1730 4002 1933 4072 quando

351 4079 572 4142 uenerit,
601 4070 798 4131 maneat
823 4070 1014 4130 ibifEt
1059 4074 1245 4128 mulier
1289 4073 1378 4126 illa
1426 4072 1620 4126 sterilis
1659 4081 1810 4142 erat,
1838 4070 1935 4124 sed

348 4159 538 4202 orante
559 4141 800 4211 ’Elismo,
831 4147 1014 4216 genuit
1042 4143 1442 4216 filium.___Sic-et
1483 4141 1720 4216 Ecclesia
1738 4181 1751 4203 ,
1779 4149 1934 4216 ante-

349 4232 508 4287 quam
547 4210 794 4272 Christus
834 4210 1310 4287 veniret,_steri_lis
1353 4211 1470 4287 fui_t.
1515 4211 1756 4287 iﬂt_sicut
1797 4210 1890 4287 illa
1915 4251 1930 4274 ,

349 4280 540 4340 orante
577 4287 791 4352 Elissae,
819 4287 1002 4354 genuit
1027 4285 1212 4354 lilium;
1233 4283 1305 4354 ita
1317 4291 1391 4354 et»
1407 4280 1935 4354 Ecclesia,_vcniet_tte

349 4357 414 4410 ad
441 4373 502 4411 se
529 4356 762 4422 Christo,
778 4349 968 4426 genuit
1001 4353 1250 4424 populum
1270 4351 1646 4426 Christianum.
1671 4349 1774 4404 Sed
1799 4350 1956 4418 titius.

351 4428 598 4482 mulieris
643 4422 816 4487 illius:
839 4427 966 4480 dum
1003 4422 1224 4479 Elisaeus
1264 4422 1458 4476 absens
1487 4428 1664 4481 esset,
1697 4429 1936 4474 mortuus

349 4506 432 4552 cst
455 4515 468 4549 :
498 4497 578 4551 sic
602 4506 656 4551 et
683 4497 820 4550 ﬁlius
847 4496 1120 4559 Ecclesite,
1141 4493 1242 4546 hoc
1266 4501 1348 4546 Cal
1365 4531 1381 4557 ,
1415 4491 1638 4560 populus
1663 4489 1930 4554 Gentium,

351 4576 636 4637 antequam
679 4565 920 4620 Christus
965 4565 1196 4637 veniret,
1242 4563 1754 4637 peccatis_t_uortuus_
1799 4569 1932 4637 erat.

355 4629 720 4692 Descendente
739 4638 804 4692 de
833 4644 1008 4690 monte
1039 4629 1264 4696 Elisato,
1297 4632 1436 4686 ﬁlius
1455 4631 1625 4686 viduae
1665 4629 1787 4684 huic
1817 4631 1938 4682 vita:

351 4709 616 4771 redditur;
643 4707 1001 4762 descendente
1037 4705 1104 4760 de
1129 4704 1266 4759 caalo
1293 4702 1536 4767 Christo,
1567 4701 1707 4771 filius
1747 4700 1937 4754 Eccle-

353 4777 468 4844 βίω,
493 4778 544 4831 id
567 4769 648 4831 est
670 4819 685 4844 ,
707 4776 1194 4848 populusVGenti'um
1225 4773 1508 4827 suscitatur
1531 4789 1544 4824 :
1573 4771 1666 4826 sed
1688 4769 1790 4824 hoc
1807 4785 1938 4839 qua-

354 4849 475 4904 liter
517 4845 725 4902 factum
739 4845 808 4902 sit
823 4889 836 4912 ,
870 4845 1162 4902 videamus.

409 4919 441 4972 7
463 4957 476 4970 .
496 4909 833 4988 iPrteceptuni
863 4933 964 4971 non
987 4913 1298 4988 resalutandi
1325 4915 1378 4967 iu
1418 4912 1684 4988 Scriptura
1711 4909 1830 4982 quid
1852 4925 1937 4988 ve-

353 4995 438 5058 tet.
487 4985 563 5058 Ut
581 4981 708 5058 puer
735 4987 912 5042 Elistei
930 5027 944 5047 .
977 4988 1048 5041 sic
1086 5003 1176 5040 nec
1216 4981 1611 5058 Moysespotuit
1637 4984 1786 5036 vitam
1817 4981 1936 5058 red-

356 5057 490 5110 dere.
516 5052 722 5112 Mortuo
745 5061 888 5112 enim
919 5059 1026 5111 lilio
1045 5073 1162 5122 suo,
1187 5052 1374 5109 mulier
1399 5052 1484 5107 illa
1512 5053 1669 5118 abiit,
1696 5061 1750 5106 et
1779 5052 1939 5106 vesti-

391 5127 454 5182 iis
485 5141 546 5182 se
591 5129 756 5184 sancti
801 5130 972 5184 Elismi
1007 5127 1308 5198 prostravit.
1341 5125 1532 5177 Beatus
1559 5137 1688 5177 vero
1717 5122 1939 5176 Elismus

355 5141 502 5252 sedit
529 5199 768 5252 baculum
809 5215 964 5252 suum
995 5212 1194 5252 nuero.
1226 5205 1280 5251 et
1307 5195 1438 5248 dixit
1469 5194 1532 5248 ad
1561 5209 1682 5248 eum
1715 5207 1728 5244 :
1769 5191 1938 5252 Vade,

389 5197 502 5254 edit
529 5199 768 5252 baculum
809 5215 964 5254 suum
995 5191 1194 5266 puero,
1226 5205 1280 5251 et
1307 5195 1438 5248 dixit
1469 5194 1532 5248 ad
1561 5207 1728 5266 eum;
1769 5191 1938 5266 Vade,

358 5279 406 5324 ct
443 5269 585 5323 mitte
611 5271 842 5323 baculum
881 5261 1046 5324 meum
1075 5261 1223 5337 super
1249 5267 1428 5337 faciem
1459 5265 1619 5337 pueri.
1731 5273 1778 5317 te
1802 5261 1942 5337 salu-

359 5341 534 5394 taverit
553 5340 724 5402 homo,
749 5357 848 5394 non
869 5339 1110 5394 resalutes
1129 5333 1356 5404 eum—(1V
1385 5333 1512 5406 Reg.
1537 5333 1631 5407 tv).
1667 5335 1938 5407 liocloco,
1965 5401 1968 5404 .

359 5409 578 5474 fratres,
611 5411 783 5466 videte
803 5454 818 5476 ,
849 5426 914 5465 ne
934 5410 1092 5464 alicui
1119 5409 1370 5476 subrepat
1396 5404 1554 5474 ἱιιῲἰιι
1584 5404 1850 5476 cogitatio,
1888 5413 1942 5458 et

359 5479 498 5534 dicat
523 5482 666 5549 quod
695 5475 972 5550 augurium
999 5481 1184 5535 beatus
1213 5475 1432 5532 Elisaeus
1453 5477 1738 5550 observare
1761 5475 1944 5550 volue-

360 5550 464 5620 rit;
495 5545 558 5606 et
579 5551 698 5606 ideo
719 5545 938 5620 jusserit
976 5565 1139 5620 puero
1187 5563 1322 5620 suo,
1351 5547 1762 5620 ut_sal_utautem
1801 5560 1858 5620 se
1891 5545 1941 5620 in

361 5619 444 5672 via
469 5635 574 5675 non
593 5615 924 5677 resalutaret.
957 5615 1283 5691 Frequenter
1301 5619 1400 5671 hoc
1423 5617 1474 5670 in
1497 5617 1784 5686 Scripturis
1805 5615 1942 5691 iegi-

363 5701 480 5744 titus
507 5709 522 5744 :
553 5694 648 5747 sed
677 5709 774 5760 pro
799 5687 1182 5748 celeritates-st
1211 5689 1440 5752 dictum,
1472 5704 1576 5740 non
1632 5701 1728 5756 pro
1769 5687 1943 5760 aliqua

365 5761 627 5831 Superllua
651 5757 705 5821 et
734 5765 988 5833 sacrilega
1015 5761 1386 5817 observatione
1416 5769 1735 5828 prarccpuun
1759 5791 1776 5813 .
1805 5773 1864 5813 ac
1895 5757 1941 5812 si

1769 301 1994 358 SEMIO
2037 302 2216 358 XLIII.

3491 304 3624 360 18ζῦ

2035 415 2274 478 diceret,
2308 413 2380 468 Ita
2405 414 2654 468 velociter
2693 415 2904 470 ambula
2923 457 2936 479 ,
2969 425 3024 470 ut
3057 415 3216 470 nullis
3241 415 3426 470 fabulis
3455 419 3506 472 in
3537 421 3618 472 via

2031 485 2280 556 occupari
2307 493 2396 556 aut
2425 485 2681 538 retardari
2713 501 3020 556 pratsumas.
3059 487 3200 540 Abiit
3229 502 3356 556 ergo
3380 502 3507 554 puer
3528 531 3542 552 ,
3567 501 3623 542 ct

2033 556 2178 609 misit
2225 553 2470 608 baculum
2525 570 2684 623 super
2716 553 2910 608 faciem
2954 557 3132 622 pueri;
3177 564 3233 610 et
3273 553 3484 624 penitus
3516 574 3620 610 non

2033 640 2154 678 surr
2190 625 2282 678 xit.
2331 625 2470 696 Puer
2496 626 2593 679 iste
2639 634 2820 696 t‘vpum
2857 626 3038 696 habuit
3081 626 3216 680 beati
3245 627 3432 696 Moysi.
3485 625 3630 682 Misit

2033 697 2174 766 ctum
2201 709 2341 766 cuni
2363 695 2500 766 Deus
2518 709 2636 766 eum
2671 695 2932 766 baculoiu
2965 695 3252 766 zEgypuuu
3291 714 3304 750 :
3333 695 3427 751 Sed
3459 697 3624 750 bacu-

2033 765 2258 838 lususiue
2284 763 2496 838 Christo
2525 763 2794 838 ﬂagellare
2816 763 3123 838 Egyptu’iif
3139 767 3340 838 potuit;
3367 767 3434 821 de
3459 767 3624 838 origi—

2035 835 2138 888 nali
2172 850 2298 888 vero
2323 834 2402 887 vel
2435 825 2624 887 actuali
2660 825 3152 902 peccato‘Iibcrare
3196 837 3274 888 vel
3306 825 3627 892 r'esuscita're

2035 919 2138 956 non
2164 906 2350 976 potuit.
2546 905 2698 967 enim,
2723 903 3232 976 dicente_Apostolo,
3255 907 3324 958 arl
3347 909 3625 976 perfectura

2033 971 2243 1026 adcluait
2278 974 2380 1027 Lex
2406 973 2590 1044 (Hebr.
2618 990 2712 1044 rV‘ll
2737 1016 2752 1035 ,
2781 971 2890 1044 19).
2921 971 3064 1042 Opus
3093 985 3208 1028 erat
3247 987 3303 1028 ut
3341 971 3620 1044 qui'bacu-

2035 1044 2142 1096 lum
2177 1043 2424 1105 miserat,
2457 1044 2568 1112 ipse
2597 1043 2964 1097 descenderet.
2997 1045 3222 1098 Baculus
3269 1043 3383 1098 sine
3429 1046 3625 1100 Elistco

2033 1113 2162 1166 nihil
2189 1113 2424 1170 valebat;
2450 1115 2568 1180 quia
2591 1129 2716 1167 crux
2744 1114 2859 1166 sine
2887 1113 3096 1167 Christo
3127 1114 3252 1183 nihil
3272 1125 3496 1183 poterat.

2105 1184 2158 1238 8.
2189 1183 2402 1236 Elisa’us
2441 1199 2494 1234 se
2539 1183 2792 1236 inclinans
2837 1199 3078 1250 puerum,
3105 1182 3333 1240 Christus
3361 1203 3413 1238 se
3455 1187 3623 1239 humi-

2035 1253 2163 1307 liaus
2191 1253 2432 1305 annulum
2465 1253 2794 1306 resuscitavit.
2829 1251 2984 1306 Venit
3011 1269 3136 1322 ergo
3167 1253 3352 1308 beatus
3380 1256 3620 1316 Eiismus.

2034 1334 2087 1376 et
2111 1323 2348 1378 ascendit
2400 1323 2450 1376 in
2481 1323 2844 1384 cmuaculum;
2883 1323 3002 1392 quia
3032 1332 3288 1378 venturus
3311 1337 3424 1378 erat
3465 1323 3621 1379 Chri-

2035 1404 2180 1457 stus,
2211 1401 2264 1445 et
2325 1407 2641 1446 ascensurus
2685 1393 2858 1446 crucis
2908 1393 3217 1461 patibulum.
3259 1394 3530 1448 lnclinavit
3562 1412 3621 1451 sc

2037 1463 2276 1524 Elismus,
2305 1472 2364 1516 ut
2394 1478 2612 1529 puerum
2647 1464 3022 1524 resuscitaret;
3057 1462 3352 1518 humiliavit
3382 1481 3438 1518 se
3463 1467 3624 1519 (111ιῆ-

2035 1542 2148 1586 stus
2173 1575 2186 1592 .
2209 1541 2270 1586 ut
2294 1533 2548 1586 lllllltdum
2575 1533 2626 1586 in
2659 1532 2890 1600 peccatis
2919 1533 3178 1599 iacentem
3209 1536 3455 1602 erigeret.
3479 1533 3621 1590 Misit

2038 1604 2256 1657 Elismus
2283 1603 2468 1656 oculos
2484 1617 2643 1670 super
2666 1603 2870 1666 oculos,
2898 1618 3084 1656 manus
3108 1617 3267 1670 super
3289 1621 3496 1658 manus.
3529 1605 3621 1658 Vi-

2033 1672 2173 1734 dete,
2205 1673 2412 1734 fratres,
2437 1683 2688 1739 quantum
2712 1687 2768 1725 se
2797 1672 2876 1724 vir
2904 1673 2991 1726 ille
3014 1671 3260 1740 perfectae
3290 1675 3460 1727 relatis
3489 1691 3614 1728 con-

2037 1743 2196 1796 traxit
2214 1773 2228 1794 ν
2258 1751 2317 1795 ut
2343 1743 2564 1810 parvulo
2592 1749 2800 1795 mortuo
2827 1741 3089 1812 etjacenti
3114 1755 3445 1812 congrueret.
3470 1745 3623 1812 Quod

2035 1814 2174 1866 enim
2205 1812 2428 1866 Elisa-us
2460 1813 2522 1884 in
2553 1827 2716 1880 puero
2732 1811 3098 1884 prmﬁguravit
3118 1853 3137 1884 _,
3173 1811 3274 1866 huc
3304 1815 3352 1865 iu
3387 1811 3620 1884 toto’ge-

2036 1897 2162 1936 uere
2194 1883 2423 1936 humano
2448 1881 2692 1936 Christus
2729 1881 2984 1948 implevit.
3012 1882 3150 1935 Audi
3197 1881 3622 1950 Apostolumdi-

2033 1961 2264 2024 contem,
2297 1951 2592 2024 Humiliasit
2631 1953 2974 2024 semetipsum,
2999 1952 3164 2020 [actus
3194 1953 3431 2024 robediens
3471 1972 3625 2024 usque

2033 2023 2102 2074 ad
2132 2031 2341 2092 mortem
2367 2021 2625 2092 (Philipp.
2653 2037 2712 2086 tt,
2737 2021 2814 2086 8).
2843 2021 2973 2086 Quia
3003 2023 3204 2090 parvuli
3232 2038 3466 2088 eramus,
3497 2021 3619 2092 par-

2035 2093 2212 2144 vnlutn
2240 2107 2296 2146 se
2321 2091 2444 2146 fecit
2471 2093 2626 2160 ;quia
2657 2093 2850 2144 mortui
2871 2091 3200 2160 jacebamus,
3223 2093 3342 2160 pius
3371 2111 3430 2148 se
3451 2091 3622 2150 medi-

2035 2177 2129 2234 cus
2159 2162 2428 2234 inclinavit
2455 2179 2468 2215 :
2503 2163 2622 2234 quia
2651 2169 2706 2215 et
2745 2177 2930 2234 revera
2957 2203 2980 2234 ,7
3003 2161 3192 2234 fratres
3213 2205 3228 2228 ,
3267 2180 3424 2234 nemo
3448 2173 3624 2234 potest

2029 2233 2294 2299 jacontem
2319 2233 2545 2302 erigere.
2565 2232 2694 2302 sise
2723 2231 2954 2302 noluerit
2971 2233 3245 2286 inclinare.
3263 2233 3416 2298 Quod
3442 2231 3619 2289 autem

2037 2319 2164 2374 puer
2209 2300 2452 2374 oscitavit
2496 2301 2725 2374 septies,
2756 2300 3080 2367 septiformis
3104 2303 3270 2374 gratia
3311 2306 3476 2358 sancti
3505 2307 3624 2374 Spi-

2037 2373 2168 2425 ritus
2197 2371 2512 2436 ostenditur,
2541 2385 2659 2439 qua:
2689 2371 2922 2423 humano
2949 2371 3150 2438 generi,
3172 2383 3227 2424 ut
3257 2371 3619 2438 resuscitatur,

2035 2441 2086 2494 in
2107 2441 2336 2512 adventu
2360 2441 2556 2512 Christi
2572 2440 2842 2512 tribuitur.
2873 2441 2948 2512 De
2967 2439 3083 2510 ipso
3103 2441 3302 2508 Spiritu
3324 2443 3452 2496 dicit
3480 2445 3624 2512 Apo-

2033 2513 2224 2576 stolus,
2257 2511 2318 2566 Si
2343 2511 2454 2580 quis
2483 2509 2733 2580 Spiritum
2763 2509 2950 2564 Christi
2987 2527 3087 2564 non
3113 2512 3294 2578 habet,
3328 2513 3408 2566 hic
3430 2509 3624 2568 non—est

2035 2583 2143 2652 ejus
2176 2579 2504 2652 (Rom.’vm,
2534 2580 2613 2650 9).
2647 2579 2824 2652 Ipsum
2867 2581 3027 2652 etiam
3059 2581 3314 2652 Spiritum
3363 2583 3620 2638 Dominus

2035 2649 2193 2704 dedit
2217 2651 2491 2720 discipulis
2517 2693 2530 2714 ,
2566 2649 2778 2720 quando
2811 2649 3096 2704 insufﬂavit
3119 2661 3172 2705 et
3201 2651 3368 2720 dixit,
3393 2652 3624 2720 Accipite

2037 2722 2282 2792 Spiritum
2327 2731 2553 2776 sanctum
2575 2720 2592 2790 (
2611 2721 2768 2774 Joau.
2819 2737 2886 2775 xx
2912 2761 2937 2792 ,ί
2959 2720 3028 2774 22
3049 2720 3090 2790 ).
3121 2721 3194 2792 0s
3222 2723 3362 2776 enim
3391 2720 3620 2790 quodam

2037 2791 2194 2862 modo
2229 2807 2388 2862 super
2425 2806 2487 2846 os
2519 2793 2722 2860 posuit.
2764 2791 3346 2862 qwtndoinsufﬂando
3367 2793 3622 2862 Spiritum

2034 2861 2199 2915 dedit.
2231 2861 2440 2916 Gratias
2465 2876 2592 2930 ergo
2617 2876 2834 2932 agamus
2861 2860 3100 2932 piissimo
3125 2860 3466 2930 Redemptori
3491 2905 3506 2929 ,
3532 2864 3624 2932 qui

2037 2947 2134 2986 nos
2175 2933 2332 2986 nullis
2375 2931 2798 2999 prmcedentibus
2843 2931 3047 2986 meritis
3091 2933 3402 2998 suscitavit;
3431 2943 3486 2988 et
3515 2931 3621 2988 non

2035 3004 2206 3056 solum
2227 3001 2292 3056 de
2318 3011 2490 3055 morte
2521 3010 2772 3070 perpetua
2803 3001 3018 3070 eripuit,
3041 3001 3134 3056 sed
3155 3003 3314 3058 etiam
3341 3003 3626 3070 adiuvante

2033 3074 2200 3144 gratia
2227 3072 2416 3144 ipsius,
2435 3072 2478 3124 si
2507 3071 2644 3125 bene
2661 3071 2946 3144 egerimus,
2969 3081 3168 3127 {eterna
3195 3074 3410 3144 praunia
3439 3088 3626 3144 repro-

2039 3139 2180 3195 inisit
2201 3180 2214 3202 ,
2244 3139 2382 3210 quod
2407 3142 2518 3208 ipse
2547 3151 2798 3208 praestare
2825 3139 3088 3210 dignetur,
3119 3139 3210 3212 qui
3237 3159 3356 3198 cum
3383 3139 3540 3198 Patre
3569 3155 3622 3197 et

2036 3212 2448 3336 SpirittASﬂDClO
2469 3212 2598 3266 vivit
2640 3219 2694 3265 et
2722 3221 2910 3280 regnat
2937 3213 3076 3266 Deus
3107 3213 3158 3265 in
3179 3213 3373 3268 StBCUItt
3399 3213 3628 3268 saeculo.

2036 3297 2176 3334 l'lllll.
2259 3296 2402 3336 IIICI].
3089 3321 3094 3324 -

2036 3297 2176 3334 l'lllll.
2209 3296 2402 3336 Alne“.

2519 3369 2752 3425 SERMO
2789 3370 2948 3424 XLIII
2999 3371 3096 3442 (a).

2511 3479 2587 3534 De
2612 3479 2852 3534 Naamau
2881 3481 3016 3552 Syro
3041 3481 3134 3553 (ὁ).

2109 3593 2160 3645 1.
2185 3591 2318 3644 Cum
2361 3590 2590 3644 Naaman
2622 3590 2762 3712 regis
2790 3590 2958 3660 Syria:
2988 3592 3240 3661 princeps
3267 3593 3514 3661 perfusus
3544 3597 3621 3650 le-

2109 3679 2130 3712 a
2167 3660 2385 3712 fuisset.
2420 3675 2647 3712 cumuue
2705 3661 2966 3712 torrenda:
2995 3663 3161 3712 planae
3191 3664 3466 3712 maculoso
3492 3666 3621 3712 ama-

2035 3677 2130 3731 pra
2167 3660 2385 3732 fuisset,
2420 3675 2660 3732 cumque
2689 3660 2966 3732 horrenda:
2995 3663 3161 3732 plaga:
3183 3660 3466 3718 maculoso
3492 3666 3622 3719 atl‘e-

2037 3730 2154 3786 ctus
2182 3731 2426 3800 contagio
2447 3771 2461 3792 ,
2483 3740 2538 3784 et
2566 3730 2663 3784 sibi
2691 3730 2799 3798 jam
2827 3739 2880 3784 et
2898 3730 3103 3786 cunctis
3135 3733 3392 3798 horreret;
3411 3735 3626 3789 dolebat

2037 3817 2134 3874 rex
2161 3801 2352 3874 Syria:
2395 3801 2513 3874 talis
2560 3815 2629 3874 se
2651 3801 2748 3874 viri
2783 3801 3298 3874 pt'ivatnurauxilio,
3329 3819 3426 3874 per
3463 3821 3620 3874 quem

2039 3870 2260 3940 plurima
2291 3870 2593 3940 confecerat
2617 3871 2751 3924 bella
2773 3911 2787 3933 ,
2817 3880 3002 3938 gentes
3036 3870 3349 3937 domuerat,
3377 3870 3624 3928 victorias

2003 3965 2008 3970 -
2041 3939 2368 4008 perpetraret
2387 3952 2480 4011 tet
2506 3939 2573 3992 de
2601 3943 3051 4011 matutinostium,
3081 3941 3334 4010 Syrorum
3367 3945 3616 4011 populum

2041 4011 2376 4082 liberaverat.
2398 4009 2545 4062 Tunc
2569 4009 2714 4060 audit
2731 4009 2974 4082 _Naaman
3001 4009 3138 4082 apud
3169 4009 3416 4065 Israeleiu
3438 4009 3624 4082 popu—

2041 4081 2146 4133 lum
2179 4079 2423 4132 Eliszeum
2446 4093 2566 4132 esse
2593 4078 2902 4146 prophetam
2926 4080 3340 4144 sanctissimum,
3369 4078 3624 4134 mirandis

2040 4149 2324 4202 virtutibus
2351 4147 2625 4216 prmditum
2647 4189 2662 4212 ,
2695 4157 2748 4201 et
2791 4147 3067 4216 stupendis
3097 4153 3346 4217 operibus
3376 4153 3623 4204 nomina-

2043 4229 2186 4282 tum;
2217 4233 2311 4287 per
2335 4233 2492 4287 quem
2524 4227 2704 4285 posset
2733 4227 2784 4270 et
2815 4232 2990 4271 causa:
3023 4221 3256 4287 periculo
3285 4219 3494 4273 liberari
3522 4261 3538 4284 ,
3565 4230 3621 4274 et
3697 4239 3702 4244 ν

2043 4291 2336 4359 perniciosa
2358 4289 2610 4359 varietate
2637 4287 2927 4359 tergirMox
2955 4303 3106 4342 suum
3131 4291 3298 4359 pergit
3324 4289 3388 4342 ad
3417 4305 3618 4359 regem,

2041 4358 2404 4414 commendari
2444 4372 2514 4428 se
2565 4358 2756 4428 litteris
2801 4358 3153 4428 Israelitarum
3205 4358 3314 4428 regi
3362 4358 3621 4427 deposcit.

2041 4429 2330 4485 Confestim
2361 4429 2412 4481 in
2443 4427 2583 4481 hunc
2609 4427 2824 4498 modum
2853 4443 2942 4482 rex
2968 4427 3036 4482 ad
3067 4443 3243 4498 regem
3270 4425 3477 4484 litteras
3499 4431 3624 4484 mit-

2043 4501 2124 4553 tit.
2155 4499 2308 4564 Misi,
2345 4499 2541 4566 inquit,
2575 4505 2641 4550 ad
2670 4508 2718 4550 te
2749 4496 2986 4551 Naaman
3017 4496 3210 4552 servum
3241 4517 3424 4566 meum,
3457 4511 3512 4553 ut
3537 4517 3624 4553 ru-

2043 4587 2122 4624 res
2144 4585 2254 4622 eum
2279 4585 2309 4620 a
2336 4569 2476 4638 lepra
2499 4569 2679 4639 ipsius.

2113 4639 2167 4692 2.
2203 4640 2307 4693 llas
2340 4637 2540 4692 litteras
2564 4653 2684 4692 cum
2707 4653 2799 4692 rex
2827 4651 2856 4690 a
2891 4651 3018 4707 rege
3059 4637 3250 4692 missas
3275 4641 3544 4708 acciperet
3571 4649 3624 4692 et

2043 4711 2288 4777 legisset,
2310 4709 2465 4762 scidit
2485 4709 2800 4763 vestimenta
2824 4722 2938 4773 sua,
2966 4708 3148 4762 dicens
3174 4726 3188 4762 :
3213 4708 3404 4772 Videte,
3437 4710 3622 4778 inquit.

2045 4781 2203 4834 uidete
2225 4779 2462 4848 quoniam
2499 4779 2744 4830 malitiam
2783 4778 2878 4831 iste
2907 4779 3156 4848 conquirit
3188 4781 3360 4833 :misit
3397 4783 3530 4833 enim
3558 4781 3626 4832 ml

2045 4866 2126 4904 me
2167 4850 2447 4914 hominem,
2477 4857 2530 4901 ut
2564 4864 2732 4900 curem
2774 4865 2887 4902 eum
2907 4865 2938 4900 a
2967 4849 3110 4916 lepra
3151 4849 3330 4919 ipsius.
3365 4849 3626 4919 Numquid

2049 4867 2126 4904 me
2167 4867 2447 4914 nominem,
2477 4867 2530 4901 ut
2564 4867 2732 4900 curem
2774 4867 2887 4902 eum
2907 4867 2938 4900 a
2967 4867 3110 4916 tepra
3151 4867 3168 4902 ι
3207 4867 3330 4904 stus.
3365 4867 3626 4919 tvumqtua

2049 4921 2183 4973 Deus
2210 4935 2320 4972 sum
2350 4935 2436 4986 ego
2458 4959 2470 4982 ,
2499 4928 2554 4971 ut
2584 4919 2888 4985 mortiﬁcare
2927 4928 3018 4972 aut
3053 4867 3304 4988 viui/imre
3335 4922 3560 4988 possim?
3585 4921 3630 4974 Ο

2049 4991 2178 5044 fides
2206 4988 2438 5043 Namnam
2474 4989 2762 5060 principis!
2792 5004 2824 5042 ο
2853 4988 3002 5060 istius
3047 4991 3264 5059 perﬁdia
3291 4992 3462 5060 regis!
3494 4990 3630 5044 Naa-

2048 5077 2170 5114 man
2193 5061 2356 5131 Syrus
2387 5057 2856 5131 lideliterfesﬁnat
2882 5059 2947 5131 ad
2969 5057 3159 5131 Deum;
3191 5071 3244 5115 et
3269 5057 3622 5128 rexpertidus

2048 5145 2200 5185 suum
2223 5129 2472 5184 discindit
2497 5129 2892 5184 vestimentum.
2926 5129 3178 5184 Diflidunt
3203 5131 3287 5197 qui
3335 5142 3626 5193 noverant;

2049 5211 2103 5257 et
2132 5203 2220 5271 qui
2271 5216 2374 5254 non
2408 5207 2682 5271 noverant,
2708 5200 2947 5271 credunt.
2981 5200 3264 5271 Domestici
3299 5211 3627 5269 repugnant;

2049 5281 2103 5328 et
2152 5269 2356 5326 externi
2401 5269 2670 5324 festinant.
2731 5270 2839 5322 Rex
2875 5269 3044 5323 S'rite
3091 5270 3262 5324 credit
3327 5285 3482 5338 posse
3517 5272 3630 5326 fieri

2049 5343 2190 5392 nuod
2237 5341 2508 5392 audierat:
2554 5349 2608 5392 et
2635 5355 2724 5392 rex
2775 5287 2942 5392 Israel
2985 5353 3087 5392 non
3117 5339 3286 5392 credit
3327 5342 3439 5392 ﬁeri
3473 5357 3630 5392 nosse

2047 5343 2190 5412 quod
2237 5341 2508 5405 audierat;
2552 5349 2608 5412 et
2635 5355 2724 5412 rex
2775 5338 2932 5392 Israel
2985 5353 3087 5412 non
3117 5339 3286 5412 credit
3327 5342 3439 5394 ﬁeri
3473 5357 3632 5412 posse

2048 5409 2186 5482 quod
2226 5421 2464 5466 noverat.
2503 5411 2674 5482 Alieni
2701 5409 3007 5482 curruntad
3048 5411 3334 5482 auxilium;
3359 5425 3408 5464 et
3431 5411 3634 5481 proprii

2049 5479 2264 5539 calcate
2293 5482 2554 5550 deuegant
2581 5479 2797 5535 donum.
2840 5479 2938 5548 Qui
2974 5479 3262 5551 pra-dicare
3291 5479 3468 5536 debuit
3492 5521 3507 5546 ,
3535 5479 3634 5536 de-

2114 5639 2186 5700 (a)
2218 5637 2354 5694 olim,
2379 5636 2444 5686 de
2467 5645 2704 5700 Tempore
2729 5635 2847 5696 9.07;
2875 5645 2926 5686 et
2939 5645 3076 5700 post,
3097 5637 3145 5686 in
3169 5635 3440 5700 Appendice
3457 5635 3536 5686 62.

2114 5699 2181 5761 (b)
2203 5701 2373 5764 Incerti
2396 5699 2611 5764 auctoris
2627 5708 2678 5748 et
2699 5705 2886 5764 Joanne
2905 5699 3253 5764 Cbrysostomo,
3278 5701 3356 5751 cui
3379 5699 3568 5750 duobus
3589 5699 3641 5751 in

2052 5759 2388 5825 multuscrititis
2409 5761 2717 5822 adsumitur,
2748 5759 2987 5824 indiguus.
