4036 6188
511 424 644 478 9855

509 541 786 607 phetarum
807 536 1036 592 securim
1062 536 1111 589 in
1140 550 1298 589 manu
1335 548 1426 588 sua
1449 551 1462 596 ;
1487 544 1539 607 et
1566 533 1822 587 Dominus
1846 547 1922 607 ac
1966 531 2079 587 Sal-

507 603 659 664 vator
677 619 858 664 noster
873 609 1159 660 humanum
1183 619 1348 674 genus
1365 605 1504 672 quod
1527 611 1816 668 creaverat,
1831 603 1895 674 fin
1921 618 2078 655 manu

507 681 750 748 potentia:
777 693 904 732 suae.
951 676 1055 748 sed
1103 673 1370 748 quomodo
1402 675 1614 748 securis
1672 674 1755 727 illa
1811 673 2081 748 de_.manu

509 741 783 818 i’mphctte
811 749 859 800 in
888 741 1207 818 profundum
1236 745 1471 818 corruit;
1501 745 1570 797 ita
1598 751 1651 796 et
1691 757 1868 818 genus
1891 741 2081 818 huma-

505 813 628 874 num
672 819 737 871 de
791 813 948 870 mauu
994 817 1081 869 Dei
1121 815 1499 882 omnipotentis
1559 829 1650 881 per
1695 813 1995 881 superbiam
2027 827 2082 865 se

501 891 754 952 excussit,
787 897 840 940 et
869 886 1082 951 cecidit,
1115 896 1168 939 et
1194 886 1244 938 in
1268 883 1426 937 ﬂuvio
1456 884 1676 937 luxuriae
1717 884 1801 937 vel
1845 884 2080 934 omnium

504 969 837 1028 peccatorum
875 956 1086 1028 gurgite
1124 955 1515 1028 sesubmersit.
1569 952 1784 1028 Securis
1835 953 2078 1028 ergoilla

504 995 556 1082 in
584 1027 848 1096 profundo
868 995 1094 1095 iacebat,
1120 1025 1239 1096 quia
1259 1039 1424 1096 genus
1454 1023 1741 1076 humanum
1771 995 2079 1096 inotiinium

501 1092 782 1152 criminum
806 1092 1054 1165 abyssum
1081 1095 1274 1148 infelici
1295 1094 1442 1165 ruina
1461 1102 1762 1165 corruerat;
1793 1092 1930 1165 sicut
1952 1093 2082 1145 scri-

503 1178 646 1235 ptum
678 1177 778 1226 est.
817 1162 1020 1232 Inﬁxus
1051 1181 1160 1218 tum
1189 1166 1239 1217 in
1290 1163 1408 1216 limo
1455 1162 1696 1232 profundi
1728 1170 1826 1235 :‘ct
1866 1163 2077 1235 iterum,

503 1231 692 1292 Βαυρηὶ
733 1238 785 1290 in
815 1231 1128 1288 altitudinem
1160 1235 1332 1297 maris,
1365 1241 1409 1285 et
1434 1231 1699 1300 tempestas
1733 1231 1964 1284 demersit
2005 1247 2082 1284 me

499 1307 673 1378 (Psaf.
700 1322 882 1378 vaut,
914 1307 990 1378 ὅ),
1019 1315 1070 1378 et
1093 1305 1317 1378 reliqua.
1346 1299 1560 1378 Flavius
1587 1303 1726 1355 enim
1761 1301 1850 1378 ill_e
1879 1299 1961 1378 ubi
1993 1315 2079 1355 se-

501 1369 644 1434 curis
685 1369 897 1440 cecidit,
935 1369 1678 1442 signiﬁcat'prmterﬂnentem
1721 1380 1774 1424 ct
1808 1369 2078 1442 fugitivam

499 1459 554 1502 et
583 1449 634 1501 in
684 1447 939 1516 abyssum
965 1441 1758 1516 descendentemvoluptatem,
1812 1441 1896 1492 vel
1929 1441 2080 1494 luxu-

498 1519 632 1574 riam
654 1511 830 1570 saac'uli
857 1515 1031 1584 lmjns.
1076 1514 1286 1567 Flavius
1313 1513 1454 1568 enim
1482 1529 1510 1566 a
1540 1511 1969 1584 ﬂuendoinomen
1990 1525 2075 1564 ac-

499 1589 661 1657 cepit.
696 1588 755 1657 Et
779 1586 900 1654 quia
926 1583 1110 1657 omnes
1151 1591 1468 1657 peccatores
1489 1583 1808 1657 transitoriis
1833 1583 2078 1657 volupta-

502 1651 642 1711 tibus
673 1651 993 1710 inhmrentes
1032 1655 1113 1706 vel
1151 1654 1412 1706 inhiantes
1444 1651 1609 1707 ﬂuere
1637 1652 1912 1716 dicuntur;
1961 1651 2079 1705 ideo

497 1729 695 1784 securis
717 1727 800 1779 illa
830 1726 882 1780 in
914 1724 1073 1778 ﬂuvio
1099 1734 1152 1776 et
1177 1725 1225 1775 in
1251 1724 1376 1776 limo
1400 1723 1609 1792 jacebat
1636 1736 1912 1792 oppressa.

567 1797 622 1852 2.
651 1797 844 1866 Figura
898 1791 1436 1866 reparationisiilius.
1491 1793 1744 1862 Relapsa:
1804 1791 2071 1866 cauendus.

500 1862 736 1922 Veniens
755 1881 879 1934 ergo
904 1865 1146 1927 Elismus,
1195 1863 1341 1916 misit
1382 1863 1601 1934 lignum,
1644 1871 1695 1916 ct
1727 1862 1926 1934 natavit
1981 1862 2072 1914 fer-

497 1954 636 1991 rum.
670 1936 805 2004 Quid
821 1931 922 1988 ’ρει
963 1935 1160 2003 lignum
1187 1931 1506 2004 mittere,ct
1555 1933 1764 2004 ferrum
1799 1932 1848 1984 in
1906 1931 2074 2004 lucem

502 2001 832 2076 producere;
886 2001 1306 2076 nisi'patibulum
1348 2003 1520 2056 erucis
1574 2002 1882 2076 ascendere,
1916 2011 1970 2054 et
2011 2001 2077 2076 de

497 2071 761 2146 profundo
808 2071 1030 2128 inferni
1068 2074 1356 2146 humanum
1385 2088 1549 2146 genus
1622 2073 1845 2146 erigere,
1901 2071 2078 2146 ae__de

497 2141 736 2201 omnium
768 2154 1104 2214 peccatorum
1134 2144 1262 2197 limo
1282 2159 1376 2212 per
1401 2142 1574 2214 erucis
1602 2143 1912 2214 mysterium
1944 2141 2074 2194 libe—

497 2217 653 2271 rare?
684 2212 966 2282 PoStquam
995 2229 1121 2266 vero
1165 2214 1370 2265 natavit
1415 2212 1636 2275 ferrum,
1678 2212 1819 2282 misit
1861 2226 2074 2282 manum

499 2286 782 2354 Propheta,
803 2280 854 2338 et
884 2284 1084 2354 recepit
1113 2283 1261 2354 illud,
1284 2291 1336 2336 et
1359 2283 1514 2335 rediit
1542 2281 1795 2354 adutiles
1827 2296 1952 2354 usus
1976 2280 2078 2354 μυ·

496 2350 622 2410 mini
649 2357 750 2410 sui.
784 2355 856 2408 [ta
884 2363 938 2408 et
967 2350 1033 2406 de
1058 2352 1211 2405 nobis
1243 2352 1433 2404 factmn
1474 2361 1571 2410 est,
1602 2351 1927 2404 dilectissimi
1969 2350 2077 2403 fra-

496 2438 624 2488 tres,
655 2427 743 2495 qui
775 2425 840 2478 de
866 2437 1024 2476 manu
1044 2422 1262 2495 Domini
1302 2420 1660 2495 superbiendo
1681 2422 2076 2495 cecideratnus,

497 2512 590 2564 per
612 2491 786 2550 crucis
813 2495 1009 2564 lignum
1031 2493 1234 2564 iterum
1259 2491 1322 2543 ad
1357 2507 1569 2564 manum
1617 2491 1695 2543 vel
1739 2491 1804 2543 ad
1843 2500 2074 2558 potesta-

494 2561 599 2620 iem
632 2565 833 2619 Domini
866 2562 1042 2616 reduci
1069 2563 1380 2615 meruimus.
1405 2561 1471 2614 Et
1500 2561 1639 2626 ideo,
1672 2569 1924 2628 quantum
1958 2575 2077 2628 pos-

495 2651 702 2700 sumus,
731 2649 851 2689 cum
890 2633 1052 2700 ipsius
1081 2632 1346 2699 adjutorio
1393 2631 1718 2694 laboremus,
1771 2645 1838 2684 ne
1888 2631 2078 2700 iterum

497 2699 858 2774 superbiendo
897 2699 966 2755 de
994 2716 1150 2774 manu
1194 2700 1403 2774 Domini
1461 2714 1791 2774 corruamus.
1833 2700 1906 2774 _Et
1944 2699 2077 2774 quia

497 2769 657 2829 nullis
686 2773 1111 2838 prmcedentibus
1137 2771 1341 2823 meritis
1362 2769 1429 2822 de
1460 2769 1694 2822 tenebris
1716 2769 1956 2838 producti
1984 2784 2077 2821 su-

497 2791 657 2829 DUIIIS
725 2791 1111 2827 Γεῐιρεαειιιιυυδ
1137 2791 1341 2823 lllCl'lllS
1362 2791 1429 2822 uc
1460 2791 1694 2822 ICIICDI'IS
1717 2791 1956 2838 prouucu
1984 2791 2076 2821 :u-

497 2861 616 2898 mus
639 2791 720 2896 ad)
737 2845 930 2904 lucem,
957 2841 1024 2894 de
1052 2851 1224 2893 morte
1254 2839 1319 2892 ad
1350 2839 1511 2892 vitam
1536 2839 1791 2903 revocati,
1823 2839 1891 2892 de
1935 2840 2076 2890 mulo

499 2916 565 2967 tis
593 2914 864 2967 erroribus
895 2912 948 2964 in
979 2911 1116 2964 viam
1147 2909 1368 2972 reducti,
1398 2923 1674 2962 curramus
1723 2911 1848 2962 dum
1907 2911 2078 2963 lucem

499 2983 776 3046 habemus,
809 2996 878 3035 ne
916 2979 1288 3050 prmtcreuntia
1316 2979 1504 3050 salutis
1554 2986 1804 3050 tempora
1845 2979 2079 3050 negliga-

497 3068 616 3108 mus
641 3071 653 3104 :
680 3068 777 3106 nec
799 3065 898 3106 nos
918 3047 1150 3105 delectet
1167 3049 1348 3104 mundi
1372 3048 1526 3117 hujus
1557 3047 1695 3101 male
1720 3047 1887 3101 dulcis
1915 3056 1967 3100 ct
1993 3048 2076 3100 ni-

498 3125 660 3176 mium
679 3122 973 3190 periculosa
1000 3120 1202 3184 laetitia;
1232 3133 1299 3172 ne
1334 3119 1523 3190 iterum
1555 3118 1622 3172 de
1649 3118 1927 3190 operibus;
1955 3133 2077 3170 san-

495 3195 616 3256 ctis,
653 3187 706 3247 et
735 3192 803 3246 de
825 3191 1042 3260 justitia:
1085 3191 1189 3254 via,
1233 3187 1481 3260 quaside
1516 3204 1690 3260 manu
1725 3188 1930 3260 Domini
1955 3202 2075 3240 cor-

500 3273 739 3326 ruentes,
769 3257 838 3316 ad
863 3261 1191 3315 luxuriosum
1223 3257 1408 3314 mundi
1441 3257 1596 3326 hujus
1625 3257 1839 3311 ﬂuvium
1883 3271 2076 3326 recur-

498 3349 696 3397 ramus,
730 3325 808 3386 ret
859 3332 911 3384 in
976 3331 1211 3384 onmium
1260 3325 1597 3398 peccatorum
1656 3327 1823 3391 limo,
1879 3325 2075 3398 infelici

498 3405 692 3459 iterum
734 3403 905 3468 ruina,
951 3397 1303 3470 mergantur:
1338 3399 1430 3453 sed
1461 3399 1738 3470 audiamus
1766 3397 2073 3464 Apostolum

495 3474 780 3534 dicentem,
812 3471 872 3526 Si
895 3469 1276 3523 causari-existis
1302 3485 1416 3522 cum
1445 3469 1668 3530 Christo,
1722 3483 1837 3534 qua:
1875 3483 2075 3519 sursum

495 3555 609 3597 sunt
639 3543 819 3612 sapite,
849 3542 932 3594 ubi
957 3539 1184 3612 Christus
1204 3550 1276 3612 est
1301 3540 1352 3592 in
1383 3537 1907 3612 dexteraﬂeinsedens
1925 3553 2078 3612 ;__qua:

493 3607 708 3666 sursum'
747 3620 862 3664 sunt
886 3611 1094 3680 quatrite
1120 3609 1340 3680 (Coloss.
1362 3624 1439 3680 ut,
1475 3610 1495 3660 1
1526 3618 1569 3659 et
1590 3608 1670 3680 2)ἶ
1701 3608 1875 3680 Quare
1903 3607 2071 3680 dicit,

501 3683 562 3734 Si
592 3677 962 3741 resurrexistis,
997 3679 1098 3731 nisi
1128 3677 1248 3746 quia
1277 3679 1677 3732 cecideramus?
1705 3677 1768 3729 Et
1791 3677 1916 3728 alibi
1935 3677 2073 3728 idem

498 3750 809 3819 Apostolus,
835 3748 1024 3818 Surge,
1049 3749 1132 3819 qui
1177 3749 1386 3819 dormis,
1412 3757 1456 3798 et
1478 3763 1686 3819 (astu-ge
1713 3763 1741 3796 a
1770 3746 1998 3819 mortuis,
2031 3755 2075 3798 et

499 3814 808 3873 iliuminabit
858 3814 1214 3872 tibi'Christus
1249 3818 1464 3884 (Ep/tes.
1508 3832 1559 3878 v,
1603 3814 1707 3881 ili).
1759 3814 1920 3882 Quasi
1968 3831 2071 3868 non

501 3891 592 3943 tibi
621 3890 826 3943 videtur
857 3889 921 3941 ad
968 3889 1193 3942 securim
1224 3889 1273 3940 in
1320 3887 1445 3938 lituo
1495 3886 1758 3952 jaccntem
1812 3885 2074 3938 clz'tn'iare‘!

497 3961 685 4030 Surge,
711 3959 900 4027 inquit,
929 3960 1018 4028 qui
1047 3958 1096 4030 in
1127 3957 1384 4030 profundo
1407 3958 1615 4030 gurgite
1641 3955 1878 4020 dormis;
1903 3965 1955 4009 et
1977 3971 2073 4025 per

494 4027 671 4086 crucis
697 4027 1004 4100 mysterium
1035 4029 1349 4100 illuminabit
1381 4027 1474 4100 tibi
1496 4027 1750 4100 (.‘hristus.

566 4102 621 4154 5.
653 4095 768 4165 Qui
800 4110 987 4170 peccat,
1059 4099 1267 4170 destruit
1321 4097 1559 4170 templum
1596 4096 1724 4170 Dei.
1793 4095 1907 4149 Jam
1972 4095 2070 4148 ista

495 4173 694 4236 omnia,
732 4167 919 4223 fratres
967 4168 1286 4235 charissimi,
1341 4184 1434 4236 per
1463 4167 1712 4236 Baptismi
1762 4181 2070 4219 sacramen-

498 4251 630 4304 tum,
665 4242 770 4293 lleo
792 4241 1097 4301 auxiliante,
1133 4237 1209 4290 sic
1239 4253 1395 4305 agere
1435 4237 1764 4299 Studeamus,
1809 4245 1866 4288 nt
1913 4236 2068 4290 turbis

496 4310 749 4364 beneﬁcia
798 4310 1002 4361 Domini
1053 4308 1216 4360 nostri
1257 4324 1359 4360 non
1391 4307 1654 4374 ijndicinm
1703 4307 1926 4374 pariant,
1976 4307 2069 4358 sed

497 4380 811 4448 profectum.
839 4379 905 4432 Et
958 4380 1028 4430 ita
1073 4377 1406 4430 duICcdincm
1439 4377 1732 4438 charitatis.
1785 4377 2067 4448 huritatem

495 4445 696 4512 cordis,
726 4458 778 4501 ct
797 4447 1093 4501 castitatem
1117 4448 1360 4513 corporis
1388 4455 1657 4499 teneamus
1681 4487 1694 4510 ,
1727 4463 1792 4499 ne
1824 4447 1876 4499 in
1917 4445 2069 4499 nobis

497 4519 589 4572 Dei
635 4526 963 4571 sacramenta
1008 4515 1274 4585 patiantur
1318 4515 1581 4583 injuriam.
1611 4516 1663 4571 Si
1689 4517 1830 4570 enim
1886 4531 2066 4569 verum

493 4599 597 4653 est,
624 4589 730 4641 imo
761 4590 882 4656 quia
916 4603 1097 4641 verum
1137 4595 1239 4651 est,
1271 4586 1410 4655 quod
1439 4585 1565 4639 dicit
1593 4587 1900 4654 Apostolus,
1947 4587 2067 4653 quia

497 4659 751 4726 templum
781 4659 871 4712 Dei
899 4674 1099 4722 sumus,
1129 4665 1183 4710 ct
1213 4657 1442 4724 Spiritus
1479 4657 1567 4710 Dei
1613 4656 1813 4709 habitat
1837 4657 1886 4708 in
1915 4656 2066 4709 nobis

493 4729 536 4802 (Ι
563 4727 681 4802 C_or.
713 4745 786 4794 nt,
817 4727 908 4802 iii)
928 4771 940 4792 ,
971 4729 1180 4802 quoties
1227 4727 1438 4796 aliquod
1473 4736 1766 4802 _peccalum
1813 4735 1902 4779 aut
1927 4727 2068 4795 cogi-

495 4797 676 4864 t'ando,
706 4809 798 4853 aut
821 4797 1104 4868 loquendo,
1136 4807 1226 4850 aut
1253 4797 1525 4866 operando
1575 4797 1896 4868 perticimus,
1928 4805 2064 4868 tem-

497 4871 640 4940 plum
669 4866 1216 4940 Dcidesiruitmts,7et
1259 4871 1305 4940 ei
1337 4870 1424 4938 qui
1463 4869 1512 4922 in
1555 4868 1705 4921 nobis
1738 4867 1938 4940 habitat
1974 4866 2065 4940 _in-_

487 4937 654 5011 jurias
684 4941 996 5011 irrogatnus.
1024 4939 1092 4992 Et
1118 4939 1235 5011 ideo
1266 4939 1308 4991 si
1335 4937 1450 5011 quis
1489 4940 1551 5011 in
1574 4954 1654 5011 _se
1687 4937 2062 5011 tcmplanei

489 5007 581 5066 aut
605 5007 847 5079 turpibus
871 5009 1280 5080 cogitationilmS
1323 5008 1630 5069 sordidavit,
1654 5017 1767 5080 aut
1787 5007 2066 5080 luxurioso

489 5077 738 5137 sermone
767 5077 970 5150 polluit,
1003 5080 1085 5134 vel
1122 5079 1540 5150 quibttscmnquc
1589 5077 1901 5150 criminibus
1932 5078 2064 5130 forte

484 5151 602 5220 jam
618 5147 785 5220 usque
810 5150 873 5204 ad
898 5147 1239 5220 fundamenta
1261 5147 1517 5200 destruxit
1537 5162 1552 5210 ;
1582 5147 1706 5200 dum
1736 5156 1942 5220 tempus
1959 5156 2060 5220 est,

488 5217 609 5275 cum
666 5217 757 5275 Dei
811 5220 1076 5290 adjutorio
1113 5219 1318 5272 studeat
1375 5232 1622 5285 reparare
1676 5218 1901 5284 perdita,
1955 5217 2063 5290 eri-

487 5306 611 5359 gere
662 5292 829 5358 lapsa,
865 5287 1248 5357 destructaque
1295 5299 1605 5341 construere
1639 5297 1733 5339 :ut
1782 5302 1902 5340 cum
1951 5287 2063 5339 dies

483 5361 664 5428 judicii
685 5361 908 5424 venerit,
958 5359 1060 5414 etsi
1090 5373 1340 5412 coronam
1378 5372 1481 5410 non
1528 5369 1761 5410 meretur
1799 5359 2058 5424 accipere,

487 5427 569 5485 vel
600 5429 666 5484 ad
691 5440 1026 5498 peccatorum
1058 5435 1324 5481 mercatur
1347 5427 2058 5498 indulgentiampervenire.

485 5499 636 5567 Quod
664 5497 840 5554 autem
873 5499 1002 5562 dixi,
1056 5498 1138 5551 vel
1185 5498 1252 5567 ad
1283 5507 1614 5565 peccatorum
1661 5497 2058 5565 indulgentiam,

489 5566 583 5636 pro
613 5569 910 5624 humilitate
935 5584 1053 5636 qua:
1086 5566 1238 5622 nobis
1267 5568 1395 5621 satis
1425 5578 1507 5622 est
1533 5569 1851 5629 necessrria,
1880 5567 2061 5620 videor

489 5641 839 5707 suggessisse.
868 5637 999 5694 Nam
1029 5637 1266 5690 medicus
1303 5638 1390 5692 ille
1441 5639 1675 5692 cmlestis
1723 5637 2059 5705 compunctis

488 5709 888 5778 penitentibus.
917 5717 972 5762 et
991 5709 1359 5778 eleemosynas
1389 5708 1585 5777 largius
1613 5708 1925 5762 facientibus
1954 5722 2056 5760 non

486 5775 657 5825 solum
712 5779 941 5854 veniam,
998 5776 1091 5831 scd
1134 5775 1294 5830 etiam
1336 5775 1583 5832 coronam
1655 5791 2060 5846 recompensare

486 5855 775 5896 consuevit.
1734 5855 1741 5862 ’

1960 415 2314 472 APPENDIX.

3646 427 3786 483 1836

2267 533 2319 587 ὁ.
2355 533 2640 587 Conclusio.
2681 534 2843 608 Ergo,
2895 534 3088 590 fratres
3133 536 3452 606 charissimi,
3482 539 3579 594 etsi
3609 544 3780 608 negli-

2194 618 2346 672 gens,
2375 613 2549 658 tamen
2583 605 2984 673 qualiscumque
3027 621 3200 674 primo
3225 610 3463 662 veritatis
3485 626 3514 664 a
3549 605 3778 668 Domino

2193 674 2532 750 constitutus,
2559 674 2703 750 quod
2727 684 2780 727 et
2808 675 2955 728 vobis
2973 676 3187 750 expedit
3209 681 3414 750 audire,
3434 691 3488 734 ct
3509 696 3593 735 me
3617 698 3780 750 opor-

2194 751 2270 797 tet
2298 744 2496 804 dicere,
2527 745 2569 796 si
2602 759 2702 820 non
2731 756 2984 820 quantum
3028 746 3218 820 debeo,
3251 749 3333 820 vel
3363 760 3618 818 quantum
3654 744 3780 820 pos-

2193 826 2331 878 sum,
2367 828 2616 889 suggcro,
2647 814 2842 889 clamo,
2866 816 3148 889 admoneo.
3182 817 3282 884 Qui
3321 814 3616 875 contemnit
3642 814 3780 889 pnn-

2191 897 2398 945 conem,
2428 884 2609 937 timeat
2642 884 2895 952 judicent.
2919 886 3103 939 Nullus
3147 903 3214 941 ex
3247 890 3394 942 vobis
3442 902 3565 945 ante
3597 884 3771 946 tribu-

2192 953 2277 1024 nal
2335 953 2529 1006 Christi
2587 969 2645 1007 se
2700 969 2956 1010 excusare
3009 959 3245 1024 poterit,
3316 975 3420 1012 non
3487 976 3546 1014 se
3615 961 3784 1017 fuisse

2190 1023 2538 1084 admonitum,
2566 1033 2622 1077 ut
2647 1025 2895 1080 omnibus
2921 1023 3062 1080 vitiis
3088 1028 3380 1089 resisteret,
3412 1039 3465 1084 et
3498 1032 3780 1086 virtutibus

2190 1107 2404 1170 operam
2438 1093 2606 1170 daret.
2645 1095 2708 1148 Et
2738 1096 2857 1164 quia
2894 1098 3043 1150 vobis
3081 1098 3205 1166 quid
3262 1101 3426 1152 vitare
3473 1101 3551 1154 vel
3595 1102 3781 1170 fugere

2189 1161 2446 1228 debeatis,
2482 1161 2788 1240 frequenter
2808 1177 3081 1240 ostensum
3100 1161 3223 1240 'est,
3251 1178 3304 1240 et
3329 1170 3451 1237 quid
3486 1161 3779 1240 agerevvel

2189 1234 2724 1306 expetereidebeatis,
2758 1237 2970 1291 assidua
3017 1234 3395 1306 praedicatione
3422 1234 3779 1295 monstratum

2187 1311 2269 1354 est
2289 1320 2311 1372 ς,
2334 1304 2409 1356 sic
2439 1305 2548 1376 Deo
2567 1307 2865 1376 auxiliante
2893 1304 3052 1376 agite,
3090 1317 3145 1360 ut
3175 1309 3326 1362 vobis
3347 1309 3640 1364 admonitio
3681 1328 3778 1365 no-

2187 1381 2292 1446 stra
2321 1375 2487 1446 magis
2516 1374 2578 1446 ad
2597 1378 2887 1446 praemium
2917 1374 3075 1444 quain
3105 1379 3169 1430 ad
3197 1378 3456 1446 judicium
3502 1391 3625 1435 ante
3670 1384 3776 1434 tri-

2187 1441 2344 1514 btntal
2373 1445 2557 1514 aeterni
2585 1445 2784 1498 .lndicis
2813 1441 3071 1514 proficiat.
3095 1441 3250 1512 Quud
3283 1451 3394 1514 ipse
3441 1452 3592 1505 vobis
3636 1467 3775 1505 cou—

2185 1513 2380 1589 cedere
2426 1513 2693 1589 dignetur,
2720 1513 2910 1570 cuicst
2955 1518 3126 1572 honor
3159 1530 3213 1573 et
3263 1513 3429 1589 gloria
3470 1522 3520 1573 in
3572 1524 3769 1576 Saecula

2185 1583 2520 1637 Saeculornm.
2545 1587 2734 1639 Amen.

2697 1677 2928 1733 SERMO
2956 1679 3118 1734 xm
3145 1680 3242 1748 (α).

2640 1765 2720 1820 De
2763 1768 2896 1836 fame
2937 1768 3189 1823 Samariw
3212 1769 3302 1840 (ὁ).

2259 1855 2305 1908 l.
2338 1855 2468 1909 Dum
2491 1872 2519 1910 a
2543 1856 2691 1928 cultu
2717 1857 2805 1912 Dei
2825 1874 2952 1927 gens
2980 1860 3158 1928 iniqua
3205 1859 3454 1924 discedit,
3489 1861 3760 1918 horrenda
3800 1912 3804 1915 .

2186 1923 2322 1978 fame
2351 1927 2738 1994 comprimitur,
2770 1923 2985 1995 et'justa
3010 1923 3324 1983 necessitate
3353 1923 3615 1985 turbatur.
3661 1933 3758 1988 Ve-

2184 1996 2274 2059 nit,
2292 2066 2300 2070 _
2320 1996 2506 2070 inquit,
2539 1995 2676 2064 [ilius
2703 1998 2964 2051 Adadezer
2989 2001 3121 2070 regis
3149 1998 3335 2069 Syria),
3371 2002 3419 2051 in
3445 2001 3765 2070 Samariam,

2183 2075 2224 2137 et
2253 2066 2441 2118 obsedit
2461 2083 2568 2118 eam
2603 2078 2687 2119 :et
2715 2071 2850 2135 facta
2878 2078 2950 2120 est
2972 2066 3130 2136 fames
3158 2066 3362 2137 inagna,
3392 2071 3462 2122 ita
3489 2081 3541 2123 ut
3569 2066 3768 2126 verum;

2183 2135 2554 2209 darctttrrcaput
2585 2139 2716 2209 asini
2739 2135 3102 2207 quinquaginta
3131 2135 3266 2192 aiciis
3292 2142 3502 2209 argenti,
3538 2151 3582 2193 et
3612 2146 3766 2204 quin-

2182 2221 2278 2275 que
2299 2206 2436 2259 siclis
2460 2208 2652 2275 argenti
2681 2206 2858 2275 quarta
2889 2226 3006 2275 pars
3046 2210 3157 2262 σαιιὶ
3195 2206 3425 2262 stercoris
3467 2211 3761 2265 columbini.

2182 2274 2290 2327 Cur
2320 2274 2532 2336 famem,
2561 2293 2594 2328 ο
2622 2274 2941 2343 miSerrime,
2977 2281 3214 2346 pateris?
3261 2282 3365 2332 Cur
3395 2281 3624 2346 inopinn
3682 2293 3767 2336 tc-

2186 2346 2454 2417 tcrrimam
2484 2347 2682 2399 sentis?
2721 2348 2828 2399 (Zur
2858 2356 3001 2401 tanta
3031 2350 3248 2417 penuria
3296 2350 3582 2404 laceraris?
3629 2353 3766 2406 Cre-

2183 2415 2284 2486 Scit
2323 2417 2475 2469 famis
2525 2417 2760 2484 quotidie.
2807 2433 2992 2485 ptrna;
3031 2415 3152 2485 quia
3201 2421 3434 2486 quotidie
3479 2426 3674 2474 crescit
3713 2433 3768 2476 et

2182 2485 2358 2549 Culpa.
2391 2486 2737 2560 Perseverant
2768 2486 3005 2556 flagella;
3035 2489 3165 2560 quia
3192 2485 3242 2541 in
3284 2490 3479 2558 populo
3505 2507 3765 2560 persevc-

2185 2566 2297 2606 rant
2329 2568 2379 2608 et
2410 2557 2623 2610 delicta.
2657 2557 2880 2624 Propter
2909 2567 2961 2612 le
2986 2561 3124 2612 enim
3158 2557 3323 2610 hostis
3365 2557 3533 2622 irruit,
3580 2563 3763 2615 inimi-

2188 2640 2282 2677 cus
2313 2625 2556 2696 obsedit,
2596 2627 2934 2681 adversarius
2973 2637 3059 2681 tua
3112 2629 3299 2696 pabula
3343 2630 3642 2684 devoravit.
3686 2633 3765 2685 Tn

2181 2694 2351 2770 esui-is
2375 2713 2387 2748 :
2409 2705 2461 2770 et
2490 2697 2576 2770 ille
2599 2697 2909 2770 pinguescit.
2936 2697 3010 2770 '_l'u
3031 2694 3226 2752 famem
3250 2699 3764 2770 horridam'patcris;

2183 2773 2238 2817 et
2266 2766 2350 2816 ille
2395 2765 2461 2836 de
2494 2767 2594 2818 tuis
2621 2767 2842 2834 pabulis,
2873 2768 2984 2820 suis
3033 2778 3188 2821 vacat
3233 2771 3420 2836 epulis.
3461 2765 3553 2822 Ἰἰῖ
3583 2765 3768 2825 asino-

2184 2841 2296 2907 run)
2328 2835 2690 2907 cadave_ra,_et
2718 2847 2951 2891 stercora
2976 2835 3339 2892 columbarum
3361 2852 3580 2907 argento
3613 2859 3763 2896 iner-

2181 2904 2336 2956 earis.
2369 2905 2567 2958 Cailida
2589 2905 2849 2976 deinceps
2893 2908 3021 2972 vita,
3055 2909 3244 2960 damna
3294 2904 3528 2976 peccata,
3561 2911 3760 2967 delicta

2182 2988 2483 3048 compesce,
2521 2975 2600 3048 _ad
2653 2975 2816 3030 Deum
2861 2988 3197 3042 convertere,
3244 2975 3482 3045 relinque
3528 2982 3758 3048 idolum,

2182 3043 2488 3115 alr-minare
2514 3046 2816 3115 figmentum
2841 3064 2854 3109 ;
2880 3057 3004 3102 tunc
3034 3049 3231 3115 poteris
3257 3043 3435 3103 hostes
3457 3050 3639 3104 divino
3667 3043 3764 3106 ad;

2177 3113 2376 3180 jutorio
2398 3113 2708 3190 vince—repet
2733 3119 2936 3171 emlesti
2959 3113 3137 3190 priclio
3169 3134 3442 3190 superare.
3467 3121 3579 3176 Nec
3607 3125 3760 3190 quis-

2181 3200 2335 3248 quam
2371 3186 2460 3238 tibi
2495 3187 2892 3252 poteritnoccre
2918 3189 3158 3253 ulterius,
3192 3186 3246 3241 si
3269 3189 3519 3243 damnato
3550 3186 3760 3248 scelere

2180 3253 2391 3307 divinus
2419 3256 2467 3307 in
2504 3265 2552 3308 te
2578 3257 2956 3322 germinaverit
2993 3259 3185 3312 cultus.
3221 3259 3360 3312 l‘roh
3389 3255 3573 3316 nefas!
3624 3263 3762 3317 Ilur-

2180 3324 2344 3402 reuda
2383 3325 2638 3402 cadavera
2669 3328 3101 3402 etcolutuharmn
3131 3338 3363 3383 stercora
3391 3341 3640 3399 peccator
3667 3349 3760 3402 po-

2155 3396 2335 3460 pulus
2382 3396 2628 3471 vescitur,
2677 3412 2772 3471 nec
2823 3398 2913 3450 Dei
2949 3398 3146 3471 cultum
3193 3396 3418 3467 quierit}
3456 3396 3761 3471 inquinatas

2179 3479 2367 3540 carnes
2395 3473 2447 3517 ct
2468 3467 2764 3540 horrendas
2792 3470 3127 3540 eseasfamcs
3147 3479 3206 3540 eet
3236 3467 3544 3524 necessitas
3564 3474 3754 3540 poscit,

2179 3548 2231 3609 et
2259 3535 2431 3587 adhuc
2461 3535 2783 3609 figmentum
2813 3537 3084 3590 hominum
3127 3538 3318 3592 duritia
3355 3542 3482 3593 colit
3511 3559 3524 3594 :
3562 3535 3751 3609 pabula

2180 3603 2524 3676 denegantur,
2570 3618 2627 3676 et
2665 3607 2845 3660 illicita
2887 3623 2914 3659 a
2974 3610 3338 3676 peccatoribus
3382 3603 3753 3668 exhibentur:

2182 3673 2319 3746 Deus
2354 3689 2382 3725 a
2423 3675 2617 3743 populo
2664 3687 2940 3744 peccatore
2973 3673 3074 3730 non
3121 3681 3397 3746 quan-itur,
3449 3690 3504 3734 et
3557 3683 3758 3735 idolum

2178 3744 2444 3815 aduratur.
2474 3746 2699 3798 Mutatur
2721 3747 2770 3799 in
2801 3747 3105 3815 ﬁgmentum
3138 3744 3228 3801 Dei
3252 3750 3478 3815 cultura,
3511 3762 3752 3806 mutatur

2179 3814 2382 3881 religio,
2407 3825 2642 3868 mutatur
2661 3826 2713 3868 ct
2739 3814 2858 3870 esca
2895 3835 2909 3871 :
2942 3827 3174 3871 mutatur
3198 3819 3286 3872 Dei
3319 3814 3498 3873 saneta
3521 3822 3755 3882 cultura,

2180 3892 2449 3956 tradantur
2478 3895 2530 3938 et
2554 3885 2853 3939 hominibus
2884 3889 3093 3956 pabula,
3128 3889 3406 3943 interdicta
3444 3903 3754 3946 vesruntnr.

2180 3952 2400 4026 Utenitn
2445 3956 2674 4007 alienum
2725 3968 2803 4009 est
2842 3952 2980 4026 quod
3023 3959 3242 4024 colitur;
3283 3961 3350 4012 ita
3391 3961 3626 4014 alienum
3676 3975 3762 4016 est

2176 4024 2314 4091 quod
2343 4034 2525 4076 contra
2565 4027 2800 4093 regulam
2829 4024 3081 4081 esuritur.
3110 4027 3215 4082 Nec
3255 4031 3394 4083 enim
3429 4032 3652 4086 difficile
3676 4046 3761 4086 est

2176 4094 2424 4161 populum
2458 4094 2648 4148 famem
2681 4111 2837 4165 posse
2875 4099 3095 4163 sentire,
3140 4114 3296 4166 quem
3347 4101 3486 4155 male
3527 4103 3765 4156 vivendo

2175 4172 2383 4217 constat
2407 4166 2748 4233 spiritualiter
2773 4167 3021 4221 esurisse.

2247 4234 2299 4286 2.
2335 4234 2538 4289 Interea
2579 4245 2965 4290 ert-scuntcntn
2997 4237 3139 4292 vitiis
3177 4248 3456 4307 augmenta
3489 4238 3664 4305 famis,
3703 4255 3762 4297 et

2179 4316 2391 4371 peccata
2411 4317 2634 4358 matrum
2649 4309 2902 4360 cadavera
2923 4318 3172 4376 appetunt
3193 4310 3440 4374 filiorum,
3460 4320 3513 4363 et
3531 4313 3763 4366 alternis

2175 4376 2373 4449 vicibus
2402 4377 2648 4449 inuberes
2673 4378 2790 4449 dua-
2814 4393 2938 4449 snos
2973 4390 3123 4433 natos
3147 4380 3401 4434 devorare
3437 4382 3756 4449 disponunt.

2174 4443 2312 4497 I‘roh
2340 4445 2522 4520 dolor}
2551 4447 2604 4498 ln
2629 4448 2802 4500 cibum
2835 4448 2997 4513 pietas
3025 4450 3265 4516 vertitur,
3287 4451 3335 4502 in
3357 4443 3606 4520 pabulum
3635 4468 3761 4506 sns-

2172 4524 2320 4584 cepta
2367 4516 2599 4592 soboles
2632 4528 3006 4592 commutatur.
3057 4521 3195 4592 Ante
3237 4516 3574 4588 parricidium
3615 4523 3760 4592 geri-

2173 4593 2276 4656 tur,
2307 4601 2461 4652 quam
2490 4586 2554 4639 ad
2578 4588 2811 4641 funestas
2835 4590 3018 4656 epulas
3064 4586 3325 4644 veniatur.
3368 4592 3557 4642 Anima
3603 4586 3761 4644 :irtn-

2172 4654 2270 4707 bus
2297 4656 2524 4729 elicitur,
2568 4666 2620 4729 ct
2649 4654 2880 4710 matrum
2908 4660 3110 4713 viscera
3137 4662 3461 4729 polluuntur.
3495 4661 3763 4718 Innocens

2171 4726 2384 4799 sanguis
2412 4726 2718 4799 effunditur,
2747 4736 2806 4782 ut
2838 4740 3108 4796 parentum
3140 4726 3308 4784 fames
3335 4731 3515 4783 rabida
3544 4734 3763 4799 sagino-

2174 4805 2274 4848 tur.
2306 4796 2457 4863 Apud
2497 4797 2614 4850 illas
2657 4799 2797 4850 enim
2833 4808 2998 4852 totum
3031 4801 3264 4861 crudele,
3314 4796 3622 4854 nefandnnr
3646 4815 3757 4861 est,

2171 4865 2401 4933 inquam,
2431 4867 2654 4920 insontis
2681 4869 2991 4936 sanguinem
3023 4872 3264 4934 fundere,
3299 4871 3596 4925 innocentis
3631 4888 3759 4927 caro

2172 4951 2266 4988 nes
2292 4952 2645 5005 concoquere,
2671 4938 2922 4992 decoctos
2947 4951 3090 4992 artus
3105 4940 3275 4992 avidis
3305 4940 3546 4995 faucibus
3581 4952 3762 4996 trans-

2169 5021 2390 5078 vorare;
2423 5016 2478 5078 nt
2519 5017 2697 5061 natum
2737 5019 3020 5063 convertat
3067 5010 3117 5062 in
3159 5011 3359 5076 cibum,
3407 5027 3565 5078 quem
3613 5012 3763 5066 Dens

2170 5077 2405 5148 condidit
2429 5077 2479 5129 in
2502 5078 2770 5131 solatium.
2803 5080 2906 5132 Sed
2937 5079 3211 5148 postquam
3252 5081 3317 5133 ad
3360 5077 3595 5133 funestas
3625 5098 3764 5148 epu-

2171 5146 2246 5198 las
2274 5157 2485 5200 ventunt
2508 5158 2669 5212 esset,
2703 5149 2865 5202 altera
2907 5146 3100 5203 mulier
3133 5151 3350 5203 alteram
3397 5146 3717 5204 exhortatur
3746 5170 3758 5204 :

2170 5215 2386 5284 Iit-cipe,
2421 5218 2606 5286 inquit,
2640 5219 2834 5284 recipe,
2866 5220 3167 5274 miseranda
3215 5232 3403 5284 mater,
3450 5222 3500 5272 in
3542 5223 3762 5275 viscera

2171 5286 2334 5338 filium
2367 5303 2535 5354 tmper
2556 5290 2846 5342 visceribus
2889 5299 3241 5357 procreatum.
3273 5291 3397 5342 Esto
3429 5290 3505 5343 tui
3531 5292 3636 5343 nati
3670 5309 3762 5344 se—

2171 5358 2431 5423 pnlcrmn,
2462 5368 2577 5411 esto
2605 5360 2718 5424 ejus
2754 5360 2993 5427 corporis
3041 5361 3391 5414 diversorium
3426 5378 3438 5413 :
3472 5372 3588 5415 esto
3615 5361 3761 5428 ejus,

2170 5435 2227 5478 ut
2254 5429 2321 5480 ita
2352 5428 2601 5498 dixerim,
2637 5438 3061 5484 monumentum.
3088 5431 3231 5484 lntra
3274 5438 3324 5483 te
3351 5431 3618 5498 paululum
3667 5448 3765 5484 ce—

2169 5510 2370 5550 mesms
2413 5496 2584 5551 infans
2624 5499 2826 5565 redeat,
2855 5500 2942 5568 qui
2974 5515 3082 5568 prae
3109 5501 3247 5554 fame
3269 5496 3447 5554 vivere
3472 5500 3580 5569 jam
3614 5502 3767 5568 jam-

2168 5582 2269 5634 que
2300 5583 2402 5619 non
2427 5577 2650 5635 poterat.
2694 5570 2912 5623 Materni
2939 5571 3088 5624 sinus
3118 5572 3224 5638 .qui
3273 5571 3485 5624 vitalem
3531 5572 3668 5624 intra
3707 5589 3769 5626 se

2169 5640 2519 5704 enutrierant,
2552 5641 2878 5694 etnutritum
2902 5640 2951 5694 in
2979 5641 3096 5695 luce
3124 5641 3479 5711 protulerant,
3514 5643 3763 5710 particuc

2233 5794 2305 5909 Ea)
2339 5793 2478 5852 Olim,
2503 5793 2567 5843 de
2589 5801 2824 5854 Tempore
2843 5793 2928 5842 ΞΗ
2951 5807 2965 5852 ;
2991 5801 3044 5842 et
3068 5801 3174 5856 post
3190 5828 3206 5857 ,
3227 5795 3274 5844 in
3301 5799 3575 5858 Appendicc
3617 5794 3700 5846 ὃὸ.

2260 5871 2269 5901 ε
2283 5861 2304 5908 )
2342 5857 2514 5904 lacerti
2535 5858 2742 5905 auctoris
2767 5865 2816 5906 ct
2835 5855 3080 5906 ineruditi.

2260 5871 2269 5901 ε
2283 5855 2304 5908 )
2342 5857 2514 5904 lacerti
2535 5858 2742 5905 auctoris
2767 5865 2816 5906 ct
2835 5855 3080 5906 ineruditi;
