4036 6188
389 263 413 316 ἱ
424 259 522 315 ὃῶἹ

385 379 508 434 licet
551 374 734 432 audire
759 383 1019 446 tacentem
1043 371 1130 446 [id
1155 381 1258 436 est,
1284 365 1635 446 in__pr{csenti
1665 382 1768 421 non
1798 363 1970 446 vindi-

385 458 594 520 cantem
709 446 892 520 Veniet
917 438 1078 520 enini,
1111 453 1165 498 et
1185 457 1288 520 no_n_
1318 438 1511 520 silebit,
1533 446 1728 520 ettunc
1757 444 1965 520 arguet,

385 506 984 588 quando'correctionis
1014 515 1157 588 locus
1179 511 1356 588 nullus
1382 509 1504 564 erit.
1538 506 1772 588 Statuam
1795 517 1858 572 te,
1892 506 1971 558 iu-

386 577 521 657 quit,
551 599 668 641 ante
697 587 873 656 faciem
903 581 1396 657 (uarii._hlodo_ergo
1427 588 1503 657 tu,
1521 579 1658 657 sicut
1675 577 1785 657 jam
1807 589 1967 657 supra

389 647 588 712 dictum
605 647 708 720 est,
733 655 970 726 quisquis
999 653 1115 705 talis
1140 668 1217 726 es,
1240 651 1320 703 fac
1335 647 1479 719 quod
1499 649 1590 726 tibi
1617 649 1849 726 minatur
1869 647 1968 698 Do-

395 731 569 782 minus
597 717 769 782 facéré
802 745 812 776 :
865 717 987 777 tolle
1015 735 1065 775 te
1086 740 1113 774 a
1137 721 1298 776 dorso
1331 717 1441 782 tuo,
1467 719 1553 772 ubi
1585 729 1634 772 te
1657 717 1835 770 videre
1865 731 1966 768 non

389 801 486 861 vis,
529 798 868 851 dissimulans
895 810 922 846 a
952 795 1100 847 factis
1129 794 1270 856 luis;
1312 801 1365 844 et
1389 791 1652 861 constitue
1682 799 1731 841 te
1752 797 1874 840 ante
1895 796 1963 838 te.

384 858 631 922 Ascende
654 867 876 920 tribunal
905 865 1098 916 mentis
1120 873 1246 927 tute,
1272 871 1387 915 esto
1411 861 1500 914 tibi
1523 858 1702 924 judex,
1727 863 1971 924 torqueat

387 948 439 991 te
472 940 647 1002 llllitll‘,
675 943 924 1003 erumpat
948 933 1234 997 confessio,
1265 931 1351 986 dic
1381 931 1488 1003 Deo
1529 939 1618 981 tuo
1653 946 1664 980 :
1719 927 1970 992 Quoniam

384 1000 698 1078 iniquitatem
751 1000 910 1078 incinit
941 1020 1030 1078 ego
1056 1018 1292 1078 agnosco,
1317 1010 1362 1078 et
1387 1000 1620 1052 delictum
1671 1005 1970 1078 nteantaute

386 1067 564 1132 me'est
594 1094 788 1147 semper
810 1067 987 1147 (Psal:
1007 1091 1056 1147 ιι,
1088 1067 1182 1147 5).
1206 1071 1355 1138 Quod
1377 1078 1622 1147 eratpost
1641 1078 1713 1132 te,
1746 1067 1970 1147 liat'ante

387 1160 440 1203 te
469 1165 482 1209 ;
516 1158 567 1202 et
595 1137 713 1202 cuni
758 1137 948 1200 factum
1001 1137 1156 1196 fuerit
1219 1137 1342 1194 ante
1368 1150 1438 1204 te,
1471 1139 1719 1208 puniatur
1743 1151 1772 1188 a
1819 1146 1871 1189 te
1899 1137 1964 1209 ις

387 1206 539 1273 netu
572 1219 683 1284 ipse
711 1227 934 1286 postcaa
970 1215 1076 1268 Deo
1092 1211 1269 1282 judice
1299 1211 1394 1265 fias
1420 1206 1542 1264 ante
1572 1219 1641 1275 te,
1670 1214 1725 1262 et
1767 1221 1870 1259 non
1902 1206 1970 1259 sit

385 1305 491 1358 quo
516 1289 680 1358 fugias
704 1303 733 1339 a
765 1298 832 1341 te.

457 1360 512 1413 4.
565 1329 725 1410 Betim
776 1374 876 1410 non
922 1355 1134 1409 laudant
1197 1352 1392 1420 iniqui,
1451 1367 1539 1403 nec
1571 1345 1966 1420 justirsuperbi.

384 1429 664 1498 Intelligite
702 1438 876 1498 autem
905 1429 1043 1498 lia'c,
1070 1424 1154 1493 qui
1203 1419 1543 1498 aliiiviscimini
1582 1419 1970 1498 Dominum:—

387 1500 503 1553 Non
531 1488 799 1565 cogitabas
843 1497 908 1550 de
931 1488 1037 1565 vita
1061 1488 1144 1547 tua
1168 1492 1301 1565 uiala
1328 1511 1340 1544 :
1374 1492 1607 1565 inte!ligc
1627 1500 1694 1565 te,
1723 1489 1811 1556 qui
1834 1488 1970 1540 obli-

389 1580 474 1624 tus
503 1584 560 1623 es
600 1561 909 1620 Dominum.
943 1564 1025 1618 Ne
1063 1563 1265 1635 quando
1303 1564 1468 1635 rapiat
1497 1563 1624 1615 sicut
1667 1561 1764 1624 leo,
1789 1568 1834 1611 et
1863 1575 1968 1635 non

389 1641 557 1707 sitqui
581 1649 744 1691 eruat.
793 1636 927 1703 Quid
950 1644 1050 1698 est,
1074 1628 1210 1707 sicut
1236 1633 1311 1686 leo
1333 1628 1534 1687 ?'Sicut
1577 1639 1800 1707 potens,_
1833 1628 1969 1707 sicut

388 1697 564 1774 fortis,
594 1711 731 1762 sicut
761 1697 847 1760 ille
872 1707 954 1759 cui
983 1697 1230 1759 reSistere
1257 1719 1414 1756 nemo
1455 1697 1645 1772 potest.
1679 1697 1803 1774 [illi
1825 1697 1968 1751 enim

390 1795 525 1848 qu05
553 1769 712 1847 supra
743 1775 1066 1848 diximus,_id
1108 1782 1211 1836 est,
1243 1769 1506 1848 amatores
1551 1769 1752 1848 "tutudi,
1786 1769 1969 1848 inuore

389 1838 490 1903 suo
515 1838 674 1902 Deum
697 1848 914 1902 laudare
941 1845 1221 1905 videntur;
1254 1843 1346 1897 sed
1382 1840 1689 1906 longealiud
1718 1838 1968 1910 operibus

391 1934 644 1974 exercere
695 1919 983 1986 probantur
1015 1934 1027 1967 :
1057 1913 1347 1986 secundum
1397 1914 1523 1966 illud
1563 1910 1702 1981 quod
1749 1910 1820 1962 ait
1849 1924 1970 1976 pro-

394 1993 575 2056 pheta,
599 1985 824 2058 Populus
845 1988 926 2058 hic
955 1985 1100 2058 labiis
1123 2001 1199 2036 me
1220 1985 1432 2058 (ignorat
1457 2001 1473 2058 ξ
1500 1999 1586 2058 cor
1611 1989 1970 2058 atttent_eoruni

393 2048 542 2128 iunge
561 2048 629 2112 est
657 2048 688 2111 ά
737 2075 813 2110 me
834 2055 866 2128 (_
883 2056 1008 2128 I_sai.
1039 2070 1192 2128 uls,
1218 2055 1340 2123 l5).
1504 2053 1688 2128 clamat
1708 2051 1824 2128 illis
1846 2048 1968 2128 Spi-

394 2118 532 2184 ritus
561 2139 818 2200 sanctus:
845 2121 869 2200 ]
897 2125 1156 2178 Peccatori
1176 2118 1341 2176 autem
1359 2124 1497 2200 dixit
1527 2122 1677 2180 Deus,
1705 2118 1893 2188 thuid
1916 2130 1969 2172 tu

397 2216 606 2252 enarras
631 2195 869 2267 justitias'
897 2213 1031 2248 meas
1055 2237 1068 2259 ,
1097 2195 1398 2267 etuassuntis
1429 2201 1775 2267 testamentum
1807 2206 1970 2267 meum

398 2286 488 2336 per
511 2285 566 2321 os
586 2261 725 2320 tum"
756 2268 780 2320 ?
818 2267 1088 2336 Tanquam
1137 2264 1337 2336 diceret
1353 2263 1594 2336 cipNihil
1631 2262 1724 2336 tibi
1753 2261 1972 2336 prodest

398 2331 540 2408 quiid
566 2338 749 2408 laudas
775 2331 961 2408 Deum.
998 2335 1108 2389 Illis
1143 2335 1284 2388 enim
1315 2333 1567 2408 qui‘bene
1594 2335 1793 2408 vivunt,
1823 2331 1972 2397 prod-

398 2399 481 2463 ést
519 2407 657 2476 quod
714 2407 960 2476 laudant;
993 2414 1047 2458 tu
1097 2414 1272 2476 autem
1322 2399 1365 2456 si
1402 2403 1594 2476 laudas
1627 2399 1970 2476 [etpeccata

401 2494 508 2550 pou
539 2470 743 2550 deseris
835 2475 965 2530 nihil
1002 2476 1091 2550 tibi
1116 2474 1383 2550 prodest.“
1402 2472 1596 2536 thuid
1625 2470 1709 2524 me
1733 2470 1919 2550 laudas
1946 2470 1970 2523 ἵ

399 2547 574 2628 [Audi
619 2540 943 2617 Scripiuram
983 2540 1306 2666 dicentean
1333 2541 1451 2596 Non
1495 2551 1565 2595 est
1609 2543 1832 2610 speciosa
1853 2540 1972 2620 ⁸ιιιιιε

399 2634 453 2666 ιιι
483 2635 568 2666 ore
615 2617 890 2666 peccatoris
917 2616 934 2666 (
961 2615 1118 2666 Eccli.
1150 2630 1238 2666 xv.
1322 2613 1364 2666 ι.
1387 2613 1441 2666 Si
1489 2614 1629 2665 enim
1660 2610 1798 2664 male
1818 2625 1969 2666 vms.

398 2610 453 2671 in
483 2635 568 2671 ore
615 2610 890 2688 peccatoris
917 2616 934 2684 (
961 2615 1118 2688 Eccli.
1150 2630 1238 2688 x_v,
1322 2613 1364 2682 ).
1387 2613 1441 2667 Si
1489 2614 1629 2688 enim
1660 2610 1969 2688 male_vivis,

399 2697 456 2741 et
483 2680 626 2741 bona'
677 2688 828 2751 dicis,
884 2680 1116 2739 nondum
1171 2680 1390 2738 laudas:
1419 2682 1514 2736 sed
1549 2694 1736 2751 rursus
1779 2680 1820 2730 si
1853 2695 1972 2751 eum

400 2760 631 2825 casperis
669 2748 1032 2819 beneiivere,
1078 2755 1282 2807 meritis
1325 2750 1682 2825 tuis‘trihuis,
1739 2748 1974 2825 nondum

400 2819 609 2882 laudas.
633 2826 767 2879 Nolo
792 2835 842 2879 te
862 2839 982 2880 esse
1024 2825 1282 2876 latrooem
1325 2821 1664 2876 insultantem
1699 2820 1842 2872 cruci
1874 2819 1975 2872 Do-

402 2898 534 2953 mini
564 2914 577 2951 :
609 2895 702 2949 sed
726 2910 825 2949 nec
853 2903 905 2948 te
936 2894 1080 2947 illum
1109 2894 1228 2946 volo
1253 2893 1440 2946 essein
1473 2891 1668 2958 templo
1689 2889 1974 2956 iactantem

401 2968 595 3022 merita
624 2980 736 3027 sua,
770 2973 828 3019 et
851 2963 1205 3018 occultantem
1233 2963 1447 3015 vulnera
1487 2976 1601 3014 sua.
1633 2959 1686 3014 Si
1707 2958 1868 3012 fueris
1896 2959 1976 3011 in-

407 3037 584 3106 iquus,
616 3046 668 3090 et
697 3048 1045 3106 perseverans
1064 3035 1122 3106 in
1153 3033 1239 3086 illa
1268 3032 1561 3106 iniquitate,
1585 3029 1835 3106 pon_dico_
1859 3028 1975 3092 tibi,

406 3099 510 3161 non
536 3099 776 3178 proderit
800 3105 916 3159 laus
927 3121 958 3178 _;
983 3104 1075 3158 sed
1092 3118 1194 3178 non
1222 3099 1552 3178 _me_laudas,_
1582 3099 1978 3178 laudent_i_stam

405 3192 525 3232 esse
538 3168 654 3230 'non
675 3175 892 3243 deputo.
927 3175 1131 3228 Rursus
1151 3174 1194 3226 si
1219 3173 1380 3243 fueris
1404 3169 1554 3243 quiasi
1575 3169 1771 3243 justus,
1803 3168 1854 3243 id
1875 3179 1976 3233 est,

407 3248 624 3300 lmmilis
648 3255 702 3300 et
725 3240 880 3314 pius;
926 3253 982 3298 et
1021 3243 1300 3312 dejustitia
1345 3242 1560 3314 inflatus
1600 3240 1900 3302 incesseris,
1929 3247 1983 3292 et

405 3318 539 3370 alios
563 3319 614 3371 in
645 3311 739 3369 tua
757 3311 1581 3384 comparatiochcontempseris,
1610 3317 1701 3384 aut
1725 3325 1982 3376 superes-

409 3387 594 3440 tuleris
633 3395 706 3446 te.
737 3380 984 3453 tanquam
1037 3383 1277 3454 glorians
1294 3382 1358 3435 de
1385 3381 1586 3454 meritis
1613 3380 1734 3442 tuis,
1765 3393 1868 3454 non
1899 3394 1983 3431 me

413 3456 616 3511 laudas.
638 3457 744 3509 Nec
771 3449 859 3508 ille
880 3470 966 3508 me
993 3449 1170 3507 laudat
1195 3453 1281 3521 qui
1305 3453 1443 3505 male
1457 3450 1582 3502 vivit
1609 3466 1624 3513 ;
1659 3464 1754 3521 nec
1782 3449 1870 3502 ille
1899 3465 1984 3521 me

409 3527 609 3588 laudat,
657 3525 745 3593 qui
775 3525 923 3593 quasi
961 3523 1040 3593 de,
1077 3539 1172 3576 suo
1213 3519 1542 3593 Vbencovivit.
1574 3519 1679 3574 Sed
1728 3519 1982 3593 riuinquid

410 3597 502 3650 ille
549 3590 846 3648 l’harisarus
897 3592 1045 3662 quasi
1077 3593 1142 3645 de
1167 3607 1266 3645 suo
1297 3591 1414 3645 talis
1439 3599 1573 3653 erat,
1600 3604 1719 3662 cum
1759 3590 1982 3662 diceret,

414 3665 617 3719 Gratias
646 3665 734 3716 tibi
753 3679 868 3732 ago,
892 3658 1013 3734 quia
1036 3678 1135 3714 non
1179 3676 1287 3714 sum
1311 3663 1440 3734 sicut
1468 3660 1632 3734 caeteri
1676 3658 1934 3734 hominum
1963 3660 1988 3711 .9

413 3734 625 3789 Gratias
655 3735 761 3786 Deo
787 3727 975 3801 agebat
1005 3746 1067 3785 ex
1090 3746 1158 3784 eo
1186 3731 1325 3801 quod
1366 3731 1562 3784 bonum
1589 3729 1637 3780 in
1661 3743 1716 3780 se
1739 3727 1984 3782 habebat.

415 3805 668 3870 Quamvis
697 3799 972 3870 ergo'boni
1011 3799 1205 3869 aliquid
1239 3801 1287 3851 in
1338 3808 1390 3854 te
1424 3801 1511 3863 sit,
1556 3814 1659 3851 non
1685 3812 1746 3850 ex
1783 3806 1846 3870 te
1871 3813 1990 3852 esse

415 3865 556 3941 ιῙιιοά
586 3865 784 3928 bonum
813 3882 914 3936 est,
957 3871 1052 3926 sed
1081 3865 1112 3923 ά
1146 3870 1253 3923 Deo
1302 3881 1353 3924 te
1401 3871 1669 3941 accepisse
1721 3865 1989 3941 profitere.

417 3937 615 3999 Tamen
646 3945 696 3998 in
721 3959 786 3998 eo
809 3943 922 4011 ipso
943 3943 986 3995 si
1031 3950 1083 3995 te
1108 3941 1359 3995 extuleris
1384 3937 1724 4011 supraalinm
1759 3952 1861 3990 non
1894 3937 1990 4011 ha-

418 4015 653 4078 bentem,
676 4010 843 4069 elatus
873 4012 1156 4076 teneberis,
1181 4011 1413 4065 nondum
1439 4010 1840 4063 laudatortueus
1863 4010 1988 4062 eris.

419 4085 598 4142 Primo
628 4101 754 4154 ergo
781 4086 1049 4150 corrigere
1089 4098 1116 4135 a
1161 4083 1244 4135 via
1269 4082 1515 4154 pessima,
1550 4079 1722 4154 incipe
1753 4078 1886 4154 bene
1913 4080 1992 4154 vi-

421 4172 567 4220 vere,
598 4148 832 4225 intelligo
877 4148 996 4224 quia
1048 4169 1150 4208 non
1194 4148 1496 4225 corriget-is,
1539 4148 1822 4225 nisi‘dono
1853 4149 1942 4202 Dei
1976 4167 1989 4203 :

418 4229 464 4281 Α
489 4218 703 4279 Domino
719 4218 859 4281 edim
878 4218 1076 4294 gressus
1091 4222 1306 4294 hominis
1325 4218 1604 4294 dirigentur
1617 4218 1782 4294 (Psai.
1805 4234 1867 4270 xx
1879 4235 1908 4271 χ
1921 4235 1990 4294 v1,

417 4297 491 4352 25
513 4297 551 4366 ).
579 4297 688 4349 Hoc
724 4311 843 4366 cum
878 4289 1236 4366 intellexeris,
1266 4291 1377 4345 fave
1402 4289 1452 4343 et
1479 4291 1629 4366 aliis,
1654 4300 1709 4342 ut
1730 4289 1832 4341 sint
1854 4290 1994 4366 quod

421 4377 478 4422 et
507 4357 557 4418 in
587 4381 644 4420 es
681 4382 693 4418 :
733 4365 851 4433 quia
883 4365 982 4416 hoc
1034 4377 1156 4433 eras
1197 4368 1251 4412 et
1291 4369 1347 4413 tu
1390 4360 1530 4428 quod
1561 4361 1632 4413 illi
1664 4369 1804 4433 sunt.
1854 4357 1994 4415 Favc

420 4445 676 4506 quantum
705 4429 877 4503 potes,
912 4442 963 4506 et
1021 4432 1126 4506 noli
1153 4433 1474 4506 deSperare:
1509 4444 1614 4506 non
1660 4429 1801 4506 enim
1830 4445 1996 4506 usque

422 4499 489 4560 ad
523 4517 571 4558 te
605 4499 753 4557 dives
801 4514 882 4558 est
916 4499 1118 4572 l)eus.[
1152 4499 1302 4572 Quod
1347 4501 1486 4572 enim
1517 4500 1607 4572 tibi
1643 4499 1806 4572 dedit.
1839 4501 1997 4554 crede

423 4574 562 4644 quod
591 4574 751 4628 etiam
782 4583 833 4626 et
859 4573 976 4625 aliis
997 4581 1050 4625 et
1087 4566 1212 4624 velit
1237 4578 1291 4621 et
1316 4570 1481 4637 possit
1507 4570 1653 4622 dare.
1684 4566 1839 4691 1Non
1871 4583 1998 4631 ergo

428 4645 621 4691 laudat-
655 4646 876 4691 ﬂlliﬂlm
911 4643 1011 4691 iam
1042 4639 1264 4691 emnerit
1287 4641 1420 4691 bene
1451 4641 1646 4691 vivere.
1677 4655 1742 4691 ιο
1768 4654 1865 4691 suo
1899 4655 1997 4691 nu-

427 4639 623 4710 laudat,
655 4646 876 4713 quicum
904 4643 1011 4711 jam
1042 4639 1264 4706 cmperit
1287 4641 1420 4693 bene
1451 4641 1646 4699 vivere,
1677 4639 1865 4713 ἀίξειιο
1899 4655 1997 4707 pu-

426 4725 501 4767 tat
525 4709 644 4768 esse
672 4709 812 4783 quod
865 4709 998 4767 bene
1027 4713 1172 4774 vivit,
1207 4726 1310 4764 non
1339 4719 1684 4783 acceptuma
1725 4709 1831 4761 Deo
1858 4727 1868 4760 :
1903 4725 2001 4783 nec

429 4786 511 4840 ille
530 4781 726 4848 laudat,
755 4784 841 4852 qui
869 4799 988 4836 cum
1019 4784 1151 4835 sciat
1179 4796 1237 4852 se
1263 4781 1401 4850 quod
1433 4781 1565 4836 bene
1588 4781 1734 4852 vivit,
1767 4782 2001 4852 accepis-

427 4872 484 4912 se
509 4872 538 4909 a
568 4856 697 4920 Deo,
730 4851 904 4907 tamen
931 4854 950 4883 '
976 4869 1138 4920 usqme
1158 4851 1222 4904 ad
1245 4868 1302 4904 se
1317 4851 1425 4904 vult
1445 4867 1562 4905 esse
1593 4851 1804 4920 divitem
1839 4851 2000 4904 lleum

423 4933 529 4998 [et
555 4941 662 4998 non
686 4919 886 4998 vultut
913 4919 1100 4998 et__ahi:_s
1131 4923 1524 4998 sit__n_tiserict_irs
1555 4919 1745 4998 Dens].
1781 4919 1868 4973 Ille
1900 4921 2000 4973 ita-

424 4989 527 5066 que
550 4997 637 5066 qui
681 4995 910 5057 dicebat,
950 4992 1150 5066 Gratias
1177 4992 1261 5066 lilii
1288 5008 1402 5060 ago,
1433 4989 1586 5055 Deus,
1611 4989 1745 5066 quod
1763 5007 1868 5066 non
1893 5007 2003 5043 sum

423 5060 549 5119 sicut
569 5060 740 5119 caeleri
757 5066 1036 5126 hominum,
1066 5062 1262 5131 injusti,
1287 5073 1533 5129 raptores,
1558 5060 1793 5123 adulteri,
1817 5061 1942 5131 sient
1959 5069 2004 5112 et

429 5135 740 5190 Publicanus
784 5135 875 5187 iste
901 5151 920 5198 ;
967 5130 1143 5186 nonne
1169 5140 1222 5183 et
1263 5131 1331 5182 ibi
1366 5139 1571 5197 poterat
1597 5131 1794 5191 dicere,
1823 5130 2001 5182 Donni-

427 5221 516 5270 ne,
540 5207 678 5260 dona
701 5204 1060 5260 etPublicauo
1089 5201 1210 5254 huic
1234 5201 1372 5270 quod
1405 5200 1532 5270 mihi
1560 5199 1789 5262 donasti,
1814 5200 2003 5268 supple

427 5286 480 5328 et
503 5267 652 5329 'mihi
683 5291 802 5344 quae
831 5274 1064 5327 nondum
1095 5267 1588 5344 dedistileedjam
1619 5267 2002 5344 quasisatura-

431 5358 516 5399 tus
554 5339 816 5398 ructabat.
867 5344 1076 5412 Pauper
1121 5356 1250 5394 vero
1277 5340 1408 5412 ille,
1445 5339 1508 5391 .id
1540 5339 1998 5412 est__l_‘ublieanus,

429 5415 556 5483 quid
578 5414 824 5470 diccbat?
855 5408 1096 5477 Domine,
1138 5410 1386 5480 propitius
1423 5418 1524 5462 esto
1565 5408 1687 5460 mihi
1731 5411 2001 5477 peccaturi.

491 5554 507 5584 ¹
544 5558 653 5616 [ωε
674 5549 845 5608 verba,
868 5552 914 5599 et
935 5559 1046 5598 cum
1066 5545 1248 5616 factum
1279 5545 1422 5606 fuerit
1445 5551 1554 5596 ante
1570 5551 1634 5605 te,
1651 5543 1873 5608 puniatur
1891 5559 1921 5596 a
1943 5553 2004 5608 te,

428 5627 523 5678 nec
554 5613 742 5678 habent
759 5617 985 5678 Itss.inec
1010 5613 1319 5678 augustioris.

491 5674 511 5706 ⁸
544 5671 616 5721 sic
638 5673 686 5721 in
706 5677 813 5720 uss.
840 5671 955 5720 Atin
982 5670 1141 5731 editis,
1161 5673 1358 5719 tamam.

1852 241 2213 301 APPENDIX.

3526 243 3663 299 1818

2081 347 2202 414 ldéo
2229 355 2502 427 descendit
2518 356 2838 424 justifieatus
2866 354 3186 427 Publicanns
3208 356 3378 426 magis
3393 372 3552 427 quam
3580 359 3674 414 illo

2077 427 2409 508 Phariszeus(
2437 426 2562 508 Luc.
2606 441 2756 506 xviu,
2797 426 3039 508 19-1.4
3062 427 3200 508 Ergo
3248 426 3424 508 audite
3449 428 3541 508 qui
3571 429 3671 508 be-

2076 515 2143 553 ne
2166 499 2357 560 vivitis,
2390 491 2569 550 audite
2598 497 2685 564 qui
2731 496 2870 550 male
2898 491 3094 560 vivitis,
3121 491 3444 562 Sacri/icium
3468 491 3670 553 'laudis

2074 567 2381 639 glori/icabit
2405 583 2502 639 me.
2544 566 2710 639 Nemo
2737 566 2866 639 mihi
2898 566 3051 639 offert
3072 567 3193 639 hoc
3235 569 3581 639 sacrificium.
3614 580 3670 623 et

2077 635 2249 693 inalus
2273 648 2372 692 est.
2406 637 2519 691 Non
2573 636 2714 700 dico,
2742 635 2859 689 Non
2913 637 3039 689 mihi
3071 637 3168 689 hoc
3196 636 3354 689 offert
3380 638 3395 668 ¹
3447 639 3618 691 malus
3650 655 3666 704 ;

2075 711 2191 773 sed,
2220 708 2388 762 Nemo
2429 706 2556 760 mihi
2606 706 2705 759 hoc
2732 706 2886 758 offert
2933 707 3121 760 malus.
3145 706 3246 773 Qui
3272 707 3412 759 enim
3464 708 3668 772 laudat,

2076 779 2247 832 bonus
2288 788 2410 832 est:
2457 778 2576 848 quia
2623 775 2892 848 silaudat,
2923 776 3082 848 etiam
3113 777 3246 848 bene
3286 778 3406 829 vivit
3443 793 3456 840 ;
3499 779 3588 848 qui
3620 781 3662 832 si

2078 849 2277 911 laudat,
2319 863 2424 900 non
2468 847 2638 900 solum
2659 846 2833 916 lingua
2859 846 3058 912 laudat,
3077 845 3170 900 sed
3199 856 3252 901 et
3283 847 3388 901 vita
3412 845 3532 902 cuni
3561 849 3666 903 lin-

2074 934 2174 988 gua
2208 923 2490 972 consentit.

2146 991 2198 1043 5.
2249 987 2567 1041 Adhortatio.
2617 984 2719 1058 [Et
2774 986 2893 1040 ideo
2936 1000 3065 1056 rogo
3107 1001 3244 1051 vos,
3286 985 3476 1041 fratres
3530 988 3668 1042 cha-

2075 1059 2307 1122 rissimi,
2363 1067 2614 1126 quantum
2673 1071 2988 1125 possumus,
3069 1071 3189 1126 cum
3257 1058 3347 1110 Dei
3399 1058 3670 1125 adjutorio

2075 1125 2392 1182 Studeamus
2412 1137 2468 1180 ut
2492 1127 2760 1196 quomodo
2789 1127 2956 1179 Deum
2992 1125 3268 1179 laudamus
3296 1127 3512 1180 vocibus
3539 1170 3552 1188 ,
3585 1130 3670 1183 sic

2075 1199 2234 1252 etiam
2262 1199 2414 1251 bonis
2437 1198 2672 1251 moribus
2697 1196 3079 1250 collaudemus.
3105 1197 3292 1250 Melius
3321 1207 3402 1250 est
3419 1199 3559 1250 enim
3585 1207 3667 1251 ta-

2074 1283 2197 1323 cere
2223 1278 2276 1321 et
2315 1266 2627 1321 benefacere
2654 1309 2669 1330 ,
2700 1282 2879 1336 quam
2905 1266 3069 1318 Deum
3100 1265 3314 1320 laudare
3359 1275 3412 1321 et
3443 1279 3663 1333 peccata

2074 1339 2428 1392 committere.
2461 1337 2560 1403 Qui
2593 1335 2733 1389 enim
2764 1335 2941 1388 laudat
2975 1337 3138 1389 Deum
3169 1336 3271 1388 vita
3301 1337 3458 1390 simul
3481 1347 3535 1391 et
3560 1338 3665 1391 lin.

2073 1423 2174 1476 gua
2202 1449 2215 1472 ,
2249 1408 2466 1460 vocibus
2494 1408 2690 1475 pariter
2715 1415 2768 1458 et
2795 1406 2946 1476 bonis
2975 1406 3228 1472 eperibus
3253 1447 3266 1466 ,
3299 1406 3582 1468 dupliciter
3610 1409 3662 1460 in

2073 1475 2132 1532 Se
2160 1487 2410 1545 provocat
2439 1477 2806 1546 gratiamrl)ei.
2835 1475 2888 1528 Si
2918 1491 3044 1529 vero
3071 1491 3177 1546 non
3211 1478 3462 1544 praevalet
3494 1477 3663 1530 Deum

2074 1547 2289 1603 lauda’re
2305 1545 2542 1611 vocibus,
2565 1545 2745 1600 laudet
2762 1547 2915 1599 bonis
2935 1545 3205 1614 operibus,
3225 1546 3451 1599 assiduis
3471 1548 3664 1600 oratio-

2073 1618 2252 1679 nibus,
2267 1617 2676 1685 cogitationibus
2693 1617 2911 1669 sanctis.
2927 1617 2982 1669 Si
3000 1616 3140 1668 enim
3162 1615 3276 1669 lucc
3293 1617 3572 1683 diligenter
3590 1627 3665 1669 at-

2075 1688 2354 1751 tendimus,
2378 1697 2431 1741 et
2453 1689 2502 1740 in
2527 1687 2626 1739 hoc
2643 1685 2838 1739 saeculo
2857 1701 2975 1739 cum
2994 1700 3178 1738 secura
3200 1687 3527 1739 conscientia
3550 1687 3666 1739 lau-

2073 1757 2200 1811 dare
2232 1757 2508 1811 Dominum
2555 1771 2837 1824 possumus
2860 1796 2875 1820 ,
2905 1764 2959 1808 et
2989 1755 3052 1824 fin
3099 1755 3274 1810 futuro
3303 1755 3369 1810 ad
3398 1766 3660 1812 aeternum

2071 1827 2320 1898 gaudium
2348 1823 2573 1883 feliciter
2599 1826 2872 1880 veniemus
2901 1823 3022 1895 (a)].

2615 1919 2846 1974 SEBMO
2884 1917 2993 1972 uv
3025 1918 3122 1987 (b).

2072 2011 2152 2065 De
2179 2028 2234 2065 eo
2276 2011 2412 2080 quod
2440 2011 2694 2080 Pmpheta
2720 2011 2841 2062 dicit
2883 2010 2936 2063 in
2972 2009 3178 2062 Psalmo
3207 2025 3406 2064 Lxxxm
3433 2053 3447 2075 ,
3481 2011 3516 2066 5
3539 2053 3555 2078 ,
3589 2015 3621 2066 4
3648 2054 3662 2078 ,

2143 2081 2247 2136 Cur
2273 2097 2448 2135 meum
2478 2090 2531 2135 et
2556 2095 2682 2136 caro
2712 2095 2828 2135 mea
2855 2080 3254 2136 exsultaverunt
3285 2081 3335 2133 in
3373 2080 3542 2136 Deum
3575 2086 3662 2136 vi-

2145 2168 2267 2205 vum
2304 2152 2393 2223 (c).

2147 2243 2198 2295 1.
2234 2241 2423 2294 Plenus
2445 2258 2588 2293 amor
2619 2240 2711 2293 Dei
2736 2240 2955 2294 excludit
2984 2256 3203 2293 amorem
3230 2239 3420 2293 siccati.
3454 2241 3553 2305 Qui
3575 2259 3666 2302 cor

2074 2319 2121 2365 et
2149 2328 2264 2364 caro
2292 2313 2344 2364 in
2373 2310 2533 2365 Deum
2559 2311 2823 2364 exsultent.
2851 2310 3152 2365 Secundum
3182 2310 3476 2376 apostolum
3501 2351 3514 2371 ,
3554 2313 3663 2363 fra-

2078 2391 2185 2435 tres
2227 2381 2526 2435 charissimi
2553 2423 2568 2440 ,
2601 2381 2688 2448 qui
2719 2382 2849 2433 satis
2877 2381 3048 2448 diligit
3077 2380 3328 2448 maculam
3352 2424 3366 2442 ,
3423 2395 3526 2433 neu
3560 2381 3662 2433 ha-

2076 2451 2164 2505 bet
2196 2453 2405 2520 plenum
2448 2447 2837 2503 diviniamoris
2863 2447 3128 2503 affectum.
3160 2447 3248 2504 Sic
3269 2450 3408 2503 enim
3438 2451 3665 2503 audistis

2078 2521 2178 2591 legi
2205 2539 2216 2573 :
2246 2521 2345 2591 Qui
2366 2520 2536 2591 diligit
2566 2521 2826 2591 sa’culum,
2851 2537 2952 2572 non
2980 2529 3052 2591 est
3079 2521 3296 2590 perfecta
3322 2520 3543 2591 Charitas
3568 2520 3665 2591 Dei

2077 2589 2247 2644 in'illo
2277 2589 2321 2657 (l
2347 2589 2501 2641 Joan.
2543 2605 2577 2643 ιι
2604 2631 2616 2649 ,
2651 2589 2760 2656 l5).
2794 2592 2869 2643 Ac
2898 2604 2992 2657 per
3020 2589 3121 2642 hoc
3157 2589 3281 2642 tunc
3319 2589 3550 2656 perfecte
3577 2590 3662 2643 iu-

2077 2661 2204 2726 cipit
2231 2660 2550 2713 christianus
2579 2662 2805 2712 futuram
2835 2668 2888 2713 et
2931 2670 3184 2713 aeternam
3211 2659 3371 2711 vitam
3399 2659 3621 2728 diligere
3647 2700 3662 2722 ,

2078 2745 2198 2784 cum
2221 2730 2381 2782 vitam
2404 2738 2720 2798 prtesentcm
2743 2730 2966 2798 emperit
2988 2743 3090 2782 non
3107 2744 3307 2782 amare.
3330 2729 3391 2782 Et
3415 2729 3534 2782 ideo
3553 2739 3667 2782 sta-

2081 2799 2173 2854 tim
2201 2797 2447 2868 sequitur
2467 2799 2516 2850 iu
2549 2798 2759 2852 Psalmo
2781 2841 2796 2862 ,
2829 2797 2927 2868 Qor
2954 2815 3117 2852 meum
3145 2808 3191 2851 et
3215 2815 3332 2868 caro
3356 2815 3464 2850 mea
3485 2801 3664 2852 exsul-

2081 2865 2306 2923 taverwit
2331 2869 2383 2920 in
2423 2867 2588 2922 Deum
2616 2868 2798 2921 vivum.
2827 2865 3122 2921 Confirmat
3145 2867 3287 2936 quod
3318 2883 3473 2936 supra
3505 2868 3665 2922 dixe-

2081 2947 2200 3002 rat,
2250 2938 2414 2991 Deum
2460 2953 2518 2992 se
2546 2953 2762 3000 amare,
2808 2953 2910 2990 non
2943 2938 3219 2991 s:eculum.
3267 2938 3564 2991 Exsultavit
3609 2941 3666 2992 in

2081 3007 2247 3063 Deum
2272 3009 2432 3061 vivum
2456 3025 2474 3071 ;
2503 3023 2606 3060 non
2632 3007 2914 3061 exsultavit
2959 3007 3009 3060 in
3039 3007 3139 3062 hoc
3165 3007 3364 3061 mundo
3389 3049 3403 3070 ,
3438 3023 3537 3062 uec
3564 3024 3666 3062 ex-

2083 3079 2297 3133 sultavit
2328 3078 2379 3131 in
2423 3078 2597 3143 aliqua
2629 3077 3018 3131 oblectamenta
3046 3093 3164 3144 qua:
3207 3077 3388 3131 mundi
3417 3087 3575 3142 sunt,
3613 3078 3668 3132 id

2084 3158 2167 3203 est
2189 3189 2203 3212 ,
2237 3163 2340 3200 non
2370 3147 2422 3201 in
2451 3146 2650 3201 divitiis
2673 3188 2688 3212 .
2721 3162 2824 3200 non
2850 3147 2900 3200 in
2930 3146 3132 3202 honore
3155 3187 3169 3210 ,
3203 3163 3306 3201 non
3334 3147 3387 3200 in
3416 3147 3621 3200 luxuria
3650 3190 3665 3211 ,

2085 3235 2192 3271 non
2221 3219 2270 3270 in
2299 3217 2559 3272 ebrietate
2583 3257 2596 3279 ,
2630 3232 2733 3270 non
2762 3217 2814 3270 in
2843 3217 3163 3270 vanitatibus
3194 3217 3415 3271 mortuis
3437 3257 3453 3281 ,
3482 3229 3532 3270 et
3558 3219 3671 3270 cito

2085 3303 2206 3341 cum
2234 3287 2379 3340 omni
2421 3303 2518 3340 suo
2544 3302 2725 3341 amore
2753 3288 3022 3340 morituris
3045 3327 3059 3350 ,
3091 3287 3184 3340 sed
3210 3287 3261 3339 in
3292 3286 3450 3337 Deum
3480 3288 3667 3339 riuum.

2086 3361 2259 3421 Quare
2297 3372 2402 3410 non
2430 3357 2598 3417 dixit,
2633 3354 2697 3408 In
2732 3357 2890 3409 Deum
2932 3366 3134 3410 tantum
3160 3399 3174 3422 ,
3205 3357 3298 3411 sed
3328 3357 3568 3423 addidit,
3599 3359 3674 3410 In

2089 3427 2252 3479 Deum
2278 3427 2440 3479 vivum
2463 3427 2487 3479 ?
2520 3427 2584 3480 Ut
2611 3426 2915 3496 ostenderet
2945 3426 3152 3480 scilicet
3177 3427 3299 3496 quia
3329 3435 3500 3479 totum
3526 3428 3672 3496 quod

2090 3512 2193 3552 non
2216 3498 2509 3565 pertineret
2528 3496 2590 3549 ad
2613 3495 2707 3549 Dei
2728 3498 2946 3557 cultum,
2965 3495 3282 3550 deberemus
3306 3496 3502 3550 habere
3518 3497 3674 3564 quasi

2092 3577 2380 3620 tuortuum.
2429 3566 2704 3635 Simulque
2734 3566 3066 3635 considerate
3093 3569 3193 3619 hoc
3220 3565 3362 3619 dicto
3406 3567 3675 3619 subtilita-

2092 3647 2197 3690 tem
2245 3635 2507 3689 sermonis
2535 3633 2670 3688 sacri
2704 3653 2716 3688 :
2747 3633 2846 3689 Cor
2886 3653 3048 3688 meum
3074 3676 3087 3698 ,
3118 3637 3317 3704 inquit,
3351 3645 3396 3688 et
3423 3652 3542 3689 caro
3579 3653 3678 3690 ea:-

2090 3707 2400 3760 sultavcruut
2422 3706 2474 3758 in
2501 3704 2665 3758 Deum
2687 3707 2868 3759 virum.
2892 3705 3154 3773 Numquid
3180 3721 3282 3758 non
3307 3705 3571 3759 sufficeret
3594 3707 3682 3759 di-

2093 3791 2216 3831 cere
2240 3817 2253 3839 ,
2285 3774 2382 3828 Cor
2411 3791 2573 3827 meum
2599 3776 2862 3828 exsultavit
2891 3776 2942 3828 in
2970 3775 3132 3827 Deum
3158 3777 3316 3828 virum
3341 3817 3354 3837 ,
3393 3776 3490 3828 nisi
3521 3775 3679 3829 addi-

2093 3845 2279 3908 disset,
2302 3855 2346 3897 ct
2373 3861 2490 3897 caro
2513 3845 2658 3898 mea?
2680 3845 2961 3899 Videamus
2987 3861 3113 3912 ergo
3139 3845 3408 3913 quomodo
3435 3847 3483 3897 in
3511 3847 3680 3900 Deum

2095 3925 2148 3969 et
2175 3931 2268 3968 cor
2295 3915 2450 3968 simul
2476 3924 2526 3967 et
2557 3930 2681 3966 caro
2709 3914 2939 3968 hominis
2969 3916 3214 3968 exsultat.
3242 3915 3542 3979 Quomodo,
3574 3917 3679 3969 nisi

2099 3996 2154 4038 ut
2176 3984 2334 4036 homo
2360 3994 2413 4038 et
2437 3999 2596 4038 carne
2621 3993 2674 4036 et
2697 3986 2856 4038 corde
2884 3985 2991 4038 Deo
3020 3985 3257 4038 serviat?
3284 3987 3386 4038 (lor
3411 3985 3552 4039 enim
3585 4001 3683 4039 ex-

2097 4056 2260 4109 sultat
2303 4055 2353 4107 in
2387 4055 2549 4108 Deum
2577 4095 2592 4119 ,
2641 4053 2854 4122 quando
2885 4054 3103 4107 honesta
3134 4066 3188 4109 et
3227 4065 3407 4110 sancta
3440 4056 3681 4124 cogitat,

2098 4124 2310 4193 quando
2329 4125 2574 4193 religiosa
2592 4138 2751 4190 Opera
2771 4133 2824 4176 et
2844 4125 2950 4176 Deo
2969 4125 3154 4192 placita
3177 4123 3522 4191 concupiscit.
3543 4123 3686 4177 Caro

2099 4205 2275 4248 autem
2316 4197 2583 4256 exsultat,
2616 4195 2826 4262 quando
2860 4194 3044 4260 pudica
3073 4203 3190 4257 est,
3221 4196 3433 4262 quando
3459 4195 3639 4246 sobria
3667 4236 3683 4258 ,

2100 4265 2314 4334 quando
2345 4266 2484 4318 nulla
2513 4265 2815 4334 impuritale
2847 4265 3116 4334 polluitur,
3149 4265 3360 4331 quando
3391 4264 3550 4317 nullis
3583 4265 3688 4316 im-

2101 4333 2312 4388 mundis
2351 4335 2554 4388 acttbns
2583 4333 2902 4387 sordidatur.
2931 4333 3117 4387 Videte
3156 4335 3299 4388 enim
3329 4350 3358 4389 e
3389 4335 3600 4387 diverso
3631 4341 3690 4386 et

2102 4405 2372 4473 agnoscite
2397 4446 2410 4469 ,
2441 4419 2598 4472 quam
2631 4419 2752 4456 vera
2799 4404 2906 4457 sint
2934 4420 3051 4472 qum
3079 4404 3198 4456 dico
3231 4423 3243 4458 :
3274 4405 3316 4457 si
3362 4404 3552 4457 viderit
3581 4403 3685 4456 alio

2102 4475 2222 4544 quis
2246 4484 2476 4527 vestrum
2505 4473 2775 4544 hominem
2801 4475 2991 4540 injusta
3019 4473 3306 4544 dicentem,
3331 4474 3584 4541 numquid
3607 4473 3689 4544 dif

2103 4542 2225 4599 cere
2253 4553 2428 4612 potest
2453 4543 2592 4612 quod
2622 4557 2715 4596 cor
2747 4542 2889 4596 illius
2915 4543 3145 4596 exsultet
3183 4544 3235 4596 in
3269 4544 3432 4597 Deum
3465 4545 3644 4596 vivum
3667 4543 3693 4594 ?

2103 4615 2211 4668 Aut
2235 4611 2277 4666 si
2306 4615 2424 4682 quis
2451 4611 2611 4666 alium
2636 4613 2824 4665 viderit
2850 4612 3118 4666 ebriosum
3145 4653 3159 4678 ,
3189 4613 3509 4680 impudicum
3535 4653 3548 4675 ,
3580 4611 3693 4665 for~

2105 4683 2396 4737 nicatorem
2423 4725 2437 4749 ,
2472 4683 2724 4748 tunnquid
2747 4683 2924 4736 dicere
2952 4693 3125 4749 potest
3147 4684 3284 4750 quod
3312 4697 3435 4737 caro
3459 4682 3576 4747 ejus
3597 4697 3696 4735 ex-

2106 4755 2265 4808 sultet
2294 4754 2345 4806 in
2378 4755 2542 4807 Deum
2589 4754 2808 4804 vivum?
2841 4753 2987 4804 Nulla
3033 4753 3171 4804 enim
3219 4767 3343 4806 caro
3370 4753 3601 4805 exsultat
3639 4752 3694 4804 in

2111 4823 2299 4892 Deum,
2323 4839 2442 4892 quae
2463 4822 2590 4875 vivit
2611 4823 2662 4875 in
2693 4822 2842 4874 vitio.
2871 4821 2993 4875 ideo
3018 4837 3144 4890 ergo
3167 4822 3430 4892 Pimpheta
3457 4822 3694 4883 dicebat,

2107 4890 2206 4947 Cor
2222 4890 2386 4946 meum
2407 4904 2451 4944 et
2467 4909 2586 4945 caro
2604 4909 2712 4944 mea
2728 4894 3097 4945 exsuttavemnt
3119 4894 3170 4943 in
3192 4891 3348 4944 Deum
3366 4895 3555 4954 vivum;
3572 4894 3699 4958 quia

2107 4975 2160 5016 et
2176 4963 2336 5017 corde
2350 4963 2612 5016 retinebat
2629 4963 2837 5030 plenam
2859 4961 3126 5028 religionis
3147 4962 3326 5028 fidem,
3345 4971 3399 5016 et
3413 4976 3573 5016 carne
3591 4976 3703 5015 ser-

2110 5034 2267 5087 vabat
2289 5031 2535 5087 devotam
2559 5031 2798 5101 corporis
2821 5033 3178 5085 sanctitatem.

2177 5187 2192 5217 ί
2230 5185 2357 5247 Apud
2377 5184 2706 5247 Augustinum,
2731 5183 2913 5247 offerat.

2174 5247 2246 5307 (a)
2266 5242 2470 5294 'Czesarii'
2488 5245 2627 5307 stilus
2643 5280 2658 5305 ,
2681 5242 2789 5293 cum
2823 5245 2978 5307 isthic,
3003 5249 3106 5292 tum
3138 5244 3187 5291 in
3211 5242 3317 5292 aliis
3338 5243 3514 5307 quibus
3540 5249 3706 5304 Augu-

2112 5305 2369 5368 stiuidicta
2395 5306 2762 5368 interpolantur,
2787 5306 3127 5368 additameutis
3150 5308 3313 5355 inesse
3339 5305 3544 5353 videtur.

2176 5367 2248 5488 Eb;
2281 5365 2421 5422 Alias.
2441 5369 2503 5417 55
2525 5365 2589 5416 ex
2616 5367 2828 5415 Homiliis

2198 5443 2224 5478 ί·
2280 5434 2329 5475 ιιι
2363 5428 2635 5488 Appendice
2669 5441 2797 5477 nuuc
2833 5429 2926 5488 prii:

2199 5371 2226 5416 ὁ
2281 5371 2421 5422 Alias.
2441 5371 2503 5417 55
2527 5380 2589 5416 ex
2616 5371 2828 5415 Homiliis
2848 5371 2926 5414 50.

2198 5371 2248 5491 εξ
2280 5434 2329 5475 ιιι
2363 5428 2635 5491 Appendice
2669 5441 2797 5477 [tunc
2833 5429 3038 5491 primum
3068 5426 3344 5491 collocatur.
3382 5432 3482 5473 Jam
3506 5437 3624 5491 ante
3661 5427 3712 5476 ia

2115 5488 2459 5538 Lovaniensum
2477 5489 2697 5551 editione
2721 5488 2955 5551 tanquam,
2966 5489 3142 5536 dubius
3176 5488 3595 5551 carehat__nomine
3616 5498 3713 5535 Αυ-

2115 5552 2326 5658 Fustini;
2351 5551 2429 5622 cui
2458 5549 2583 5622 ‘l‘also
2607 5548 2898 5622 adscriptum
2938 5550 3103 5621 fuisse,
3132 5562 3226 5597 non
3245 5548 3437 5619 difﬁcile
3459 5555 3716 5617 minyas-

2137 5624 2218 5658 mo
2253 5620 2305 5658 et
2340 5612 2573 5658 \‘mdmeo
2614 5624 2678 5658 ex
2718 5610 2828 5658 SlllO
2853 5618 2904 5658 et
2942 5610 3292 5658 interpretandi
3333 5618 3521 5658 ratione
3541 5607 3716 5658 lelldl‘

2135 5607 2218 5722 ut;
2253 5607 2573 5675 etvindingo
2614 5624 2678 5661 ex
2718 5607 2828 5662 stilo
2853 5618 2904 5662 et
2942 5607 3292 5674 interpretandi
3333 5611 3521 5658 ratione
3541 5607 3723 5667 dijudi-

2135 5716 2141 5722 .
2211 5686 2266 5722 is.

2119 5686 2266 5722 (.‘IDIS.
