3994 6178
282 333 418 394 1849

348 452 404 506 9.
433 450 672 506 Christus
692 489 710 516 ,
737 457 901 502 turtur
925 457 970 502 et
999 463 1185 517 passer.
1227 447 1336 502 Vox
1355 446 1572 517 turturis
1595 487 1608 517 ε
1641 447 1870 501 doctrina

276 524 546 578 castitatis.
579 515 768 574 Christi
808 515 1024 580 domus,
1057 516 1306 571 Ecclesia.
1344 515 1483 570 Pulli
1508 559 1523 582 ,
1571 516 1863 570 Christiani.

277 594 388 649 Nec
428 595 552 647 sine
591 605 751 644 causa
782 589 836 643 in
883 588 1333 656 consequentibus
1377 587 1555 640 statim
1589 587 1868 642 Psalmista

279 663 518 719 subdidit
541 703 558 728 ,
590 661 780 716 dicens
809 678 822 712 :
861 659 1056 712 Etenim
1087 674 1258 726 passer
1283 657 1468 710 invenit
1497 658 1591 710 sibi
1619 658 1826 728 domum
1849 700 1864 724 ,

279 745 324 798 et
365 743 538 784 turtur
565 731 740 784 nidum
783 729 916 793 sibi,
946 729 1029 781 ubi
1057 738 1266 798 reponat
1295 729 1462 798 pullos
1507 744 1642 780 suos.
1673 727 1726 780 In
1755 739 1868 782 tur-

281 795 396 857 ture
441 813 496 855 et
526 815 744 868 passere
785 800 1030 854 Salvator
1055 795 1234 852 uester
1277 795 1606 868 Signiﬁcatur
1627 839 1642 862 ,
1677 799 1868 854 fratres

281 872 603 927 charissimi.
637 871 827 924 Passer
851 871 1016 928 cnhn,
1047 879 1102 922 ut
1127 868 1292 929 scitis,
1325 883 1578 936 perparva
1609 870 1719 922 avis
1744 880 1862 933 est;

281 953 454 998 turtur
480 951 662 996 autem
685 982 699 1006 ,
735 951 790 993 ut
821 940 1046 1008 legimus
1069 981 1084 1004 ,
1116 938 1477 1008 pudicissima.
1511 939 1580 992 Et
1609 937 1725 992 ideo
1751 937 1868 993 Sal-

279 1025 430 1066 vator
463 1023 648 1065 noster
695 1007 1080 1079 passer’dictus
1122 1017 1240 1072 est,
1286 1007 1407 1076 quia
1437 1007 1615 1079 docuit
1664 1010 1867 1078 primus

279 1083 638 1137 humilitatem
664 1077 900 1144 {turtur
928 1079 1099 1132 dictus
1141 1086 1222 1132 est
1247 1119 1260 1140 ,
1293 1079 1412 1145 quia
1442 1077 1624 1132 docuit
1667 1077 1866 1146 primus

279 1155 602 1206 castitatem.
638 1150 788 1204 Unde
816 1150 976 1203 etiam
1021 1149 1072 1201 in
1097 1147 1330 1201 Canticis
1370 1149 1696 1202 canticorum
1739 1165 1865 1210 pro-

279 1225 434 1292 pltcta
457 1222 609 1286 dicit,
643 1220 750 1274 Vox
769 1221 976 1292 turturis
995 1218 1178 1292 audita
1189 1228 1260 1270 est
1277 1219 1330 1292 in
1353 1226 1674 1292 terranostra
1694 1216 1862 1292 (Cant.

279 1287 310 1347 it
336 1334 352 1357 ,
387 1292 504 1358 12).
543 1292 654 1345 Vox
705 1289 959 1352 tttrturis,
1011 1287 1250 1342 doctrina
1285 1288 1594 1356 intelligitur
1620 1287 1865 1344 Salvato-

279 1365 366 1416 ris.
403 1361 606 1416 Audire
631 1361 814 1428 carpit,
848 1361 1128 1427 puritatem
1156 1358 1411 1410 castitatis
1463 1359 1746 1412 adamavit.
1777 1359 1866 1410 Εε-

277 1434 406 1485 enim
436 1447 614 1502 passer
655 1431 840 1502 iurauit
865 1429 958 1482 sibi
979 1428 1182 1502 domnm
1208 1469 1222 1492 ,
1251 1437 1298 1480 et
1327 1437 1493 1502 turtur
1528 1429 1702 1502 nidum
1731 1429 1862 1502 sibi,

277 1503 358 1556 ubi
384 1497 604 1568 reponat
635 1501 800 1569 pultas
829 1516 965 1552 suos.
995 1499 1124 1564 Qum
1143 1505 1232 1569 est
1255 1497 1398 1569 enim
1430 1497 1620 1569 domus
1643 1497 1862 1569 Christi,

276 1574 372 1626 nisi
410 1567 652 1626 Ecclesia
680 1571 768 1624 Dei
792 1571 814 1621 ?
842 1569 970 1634 Quae
1014 1577 1094 1622 est
1123 1567 1312 1621 domus
1338 1567 1569 1630 Christi,
1604 1567 1701 1620 nisi
1732 1583 1862 1621 con-

277 1653 468 1696 ventus
495 1642 676 1710 populi
711 1638 1028 1693 christiani?
1061 1638 1206 1710 lianc
1230 1651 1357 1710 ergo
1383 1636 1599 1710 domum
1623 1637 1865 1692 Salvator

275 1728 394 1765 cum
441 1706 643 1780 ingenti
695 1708 1194 1780 pietatequmsivit,
1227 1715 1282 1780 et
1311 1706 1548 1780 invenit;
1583 1707 1718 1762 hanc
1764 1723 1861 1778 pec

276 1777 550 1835 ordiar-ite}
573 1781 759 1850 diligit.
789 1779 974 1832 Merito
1003 1777 1338 1850 peculiariter
1353 1777 1556 1850 diligit,
1583 1793 1739 1850 quam
1766 1777 1864 1846 pe-

277 1853 553 1905 culiariter
577 1847 950 1918 suo‘sanguine
977 1847 1319 1918 comparavit.
1353 1847 1408 1900 In
1437 1848 1534 1900 hac
1558 1863 1684 1916 ergo
1704 1848 1864 1902 domo

277 1922 522 1976 Salvator
566 1917 852 1989 congregat
883 1919 1052 1987 pullos
1078 1931 1223 1972 suos.
1249 1917 1412 1989 Quos
1437 1933 1565 1989 ergo
1595 1920 1864 1989 credimus

276 1993 470 2046 Christi
519 1987 732 2060 pullos?
760 1987 906 2056 Quos
929 2030 943 2053 ,
977 1989 1074 2042 nisi
1107 1987 1328 2060 populos
1367 1987 1726 2060 christianos?
1759 1989 1862 2042 De-

277 2064 431 2131 nique
456 2057 548 2131 qui
595 2062 702 2114 sint
735 2059 940 2131 Domini
985 2057 1152 2131 ndstri
1192 2057 1358 2131 pulli,
1391 2058 1504 2131 ipse
1544 2058 1700 2131 hodie
1730 2073 1862 2111 con-

275 2127 488 2186 ventus
513 2141 690 2184 vester
734 2129 982 2184 ostendit.
1033 2129 1164 2181 Dum
1206 2129 1348 2180 enim
1393 2127 1593 2196 aspicio
1632 2137 1861 2182 vestram

276 2201 742 2270 congregationem
768 2241 784 2265 ,
815 2213 1167 2270 congregasse
1209 2199 1260 2250 in
1308 2197 1530 2270 ecclesia
1565 2199 1748 2270 pullos
1781 2199 1862 2251 vi-

277 2268 758 2326 deo’Salvatorem.
791 2271 1044 2335 Quamvis
1070 2269 1306 2336 legamus
1338 2268 1388 2318 in
1417 2269 1534 2322 aliis
1565 2268 1712 2321 libris
1733 2271 1864 2322 scri-

277 2351 420 2411 ptum
447 2383 462 2406 ,
497 2351 558 2394 ut
585 2355 744 2409 supra
777 2339 883 2393 dixi
909 2380 932 2411 ,_
975 2337 1041 2391 Et
1071 2347 1236 2390 turtur
1264 2337 1440 2411 nidum
1483 2339 1577 2392 sibi
1600 2339 1734 2411 ,__ubi
1778 2355 1860 2411 re-

277 2407 426 2482 ponat
458 2411 632 2480 pullos
657 2407 817 2482 suos;
843 2409 934 2463 sed
963 2417 1244 2482 utrumque
1270 2407 1326 2482 id
1353 2421 1579 2482 persona
1609 2407 1864 2462 Ecclesia:

277 2477 410 2536 bene
437 2477 692 2535 convenit
722 2496 735 2532 :
769 2479 820 2533 id
847 2487 928 2533 est
953 2520 968 2542 ,
1001 2479 1142 2548 quod
1172 2493 1268 2531 nos
1295 2477 1537 2548 Salvator
1564 2487 1618 2532 et
1642 2493 1864 2546 congre-

275 2561 360 2618 μοι
385 2562 438 2604 et
469 2559 716 2618 reponat.
743 2547 1040 2618 Congregat
1068 2549 1207 2602 enim
1237 2561 1356 2618 nos,
1387 2555 1444 2618 ut
1471 2547 1766 2618 doctrinam
1801 2548 1862 2618 ilf

279 2623 376 2674 iins
401 2617 688 2674 audiamus
721 2636 734 2671 :
766 2627 820 2672 et
856 2617 1102 2689 reponit,
1134 2629 1190 2670 ut
1214 2617 1280 2672 ab
1311 2617 1513 2689 insidiis
1541 2617 1735 2689 diaboli
1767 2617 1863 2670 tuti

275 2706 392 2746 esse
423 2691 714 2759 possimus.
741 2689 892 2754 Quod
917 2686 976 2743 ut
999 2688 1175 2751 faciat,
1199 2695 1254 2741 et
1277 2686 1514 2759 quotidie
1537 2687 1722 2759 faciat,
1745 2702 1862 2754 pre-

275 2757 456 2815 cemur
487 2761 656 2814 Demn
682 2759 1010 2813 Salvatorem
1038 2767 1308 2820 nostrum;
1333 2757 1416 2810 cui
1445 2765 1526 2810 est
1555 2771 1674 2810 cum
1707 2757 1863 2812 Patre

276 2839 328 2885 et
345 2831 550 2901 Spiritu
573 2839 758 2885 saneto
779 2829 951 2883 honor
969 2837 1022 2884 et
1041 2828 1206 2898 gloria
1234 2829 1284 2881 in
1308 2827 1499 2882 saecula
1523 2829 1859 2882 surculorum.

275 2901 464 2955 Amen.

823 2967 1050 3024 SERMO
1085 2967 1175 3022 Lv
1216 2965 1311 3040 (a).

275 3079 354 3136 De
376 3097 436 3136 eo
459 3081 596 3150 quod
619 3081 864 3149 scriptum
887 3089 960 3134 est
985 3080 1040 3133 in
1068 3079 1278 3150 Psalmo
1301 3094 1488 3150 cxvm,
1521 3079 1610 3144 66,
1641 3079 1861 3150 Bonita-

378 3149 510 3216 tcm,
539 3161 593 3206 et
617 3151 972 3220 disciplinam,
1001 3159 1054 3204 et
1079 3149 1356 3204 scientiam
1381 3149 1516 3204 doce
1541 3165 1628 3203 me
1654 3149 1749 3220 (ὁ).

343 3265 398 3318 1.
435 3263 570 3332 Quid
595 3263 864 3318 orandum.
903 3261 1131 3316 Bonitati
1159 3261 1438 3316 necessaria
1476 3262 1744 3332 disciplina
1769 3304 1782 3326 ,
1814 3271 1862 3316 et

277 3331 471 3405 utrique
496 3333 725 3387 scientia.
757 3335 900 3388 luter
923 3341 1111 3405 caetera
1142 3332 1335 3405 quibus
1361 3331 1548 3386 beatus
1581 3331 1740 3405 David
1775 3333 1860 3386 in-

277 3401 612 3458 ﬁrmitatibus
640 3412 938 3458 nostrarum
969 3401 1216 3456 medetur
1243 3401 1536 3472 animarum
1563 3443 1578 3464 ,
1607 3403 1706 3456 sub
1731 3419 1862 3472 qna-

278 3474 396 3528 dam
429 3475 678 3528 trinitatis
702 3474 878 3542 regula
906 3473 1094 3526 orandi
1123 3487 1220 3526 nos
1251 3471 1472 3525 formam
1506 3471 1858 3542 tenereLtan-

280 3560 433 3611 quam
463 3541 818 3613 peritissimus
847 3544 1097 3612 magister
1120 3582 1135 3607 ,
1169 3542 1400 3613 erudiit,
1434 3541 1618 3597 dicens
1631 3559 1665 3613 _:
1698 3541 1859 3596 Boni-

278 3609 426 3667 tamn
447 3609 541 3678 ,ἐι
567 3613 886 3678 disciplinam
907 3653 922 3678 ,
939 3609 1001 3665 'et
1042 3612 1301 3666 scientiam
1326 3611 1450 3664 doce
1477 3629 1552 3664 me
1573 3653 1588 3677 ,
1621 3609 1854 3666 Domine.

279 3685 566 3738 Sollicitius
595 3684 770 3753 itaque
792 3725 808 3748 ,
839 3682 1028 3737 fratres
1051 3723 1066 3747 ,
1097 3681 1355 3753 intendite
1383 3696 1514 3753 quas
1557 3682 1656 3734 sibi
1689 3684 1857 3753 potis-

277 3756 468 3806 simum
491 3751 714 3808 virtutes
737 3753 888 3807 tribui
911 3768 1006 3806 rex
1027 3752 1364 3820 propheticus
1384 3751 1700 3819 depreCatur
1721 3770 1735 3806 :
1761 3752 1862 3806 Bo-

279 3827 484 3876 nitatem
507 3863 524 3889 ,
555 3835 598 3877 et
625 3823 944 3892 disciplinam
967 3865 980 3884 ,
1011 3823 1177 3887 inquit
1201 3862 1217 3886 ,
1245 3831 1292 3874 ct
1312 3822 1570 3874 scientiam
1595 3821 1717 3874 doce
1741 3839 1818 3876 me
1841 3865 1856 3888 ,

281 3892 514 3946 Domine.
546 3893 680 3946 Vere
710 3895 854 3946 novit
879 3901 1023 3947 recte
1052 3893 1248 3956 vivere,
1272 3893 1358 3960 qui
1389 3901 1533 3945 recte
1563 3893 1707 3944 novit
1735 3909 1857 3946 ora-

281 3979 353 4018 re.
383 3963 497 4016 Non
529 3965 668 4017 enim
711 3963 858 4032 potiit
887 3962 1270 4016 mundanarum
1314 3961 1610 4015 divitiarum
1641 3961 1858 4016 thesau-

281 4049 366 4086 ros
387 4075 404 4094 ,
439 4049 542 4086 non
571 4031 730 4100 regna
769 4031 988 4085 ﬁnitima
1014 4074 1028 4098 ,
1063 4047 1166 4085 non
1199 4040 1434 4098 tempora
1465 4032 1744 4097 prolixiora
1777 4035 1858 4086 vi-

281 4103 474 4168 vendi;
507 4103 598 4158 sed
633 4103 919 4156 bonitatem
951 4117 1008 4156 se
1036 4102 1214 4156 doceri
1243 4101 1401 4154 simul
1444 4111 1497 4153 et
1526 4102 1857 4168 disciplinam

279 4175 543 4242 peposcit.
576 4174 790 4226 Bonitas
819 4177 960 4226 enim
1005 4173 1128 4226 facit
1157 4172 1437 4242 amabilem
1482 4172 1812 4242 disciplinam
1839 4214 1856 4240 ,

281 4253 330 4295 et
351 4241 626 4312 disciplina
648 4242 811 4296 efﬁcit
831 4243 1199 4310 inculpabilem
1224 4241 1534 4312 bonitatem.
1553 4241 1661 4295 Nec
1683 4259 1859 4312 quem-

279 4327 432 4380 quam
465 4311 634 4367 latere
676 4323 803 4381 pnto
826 4353 841 4378 ,
871 4314 990 4382 quia
1025 4313 1233 4365 bonitas
1261 4311 1374 4366 sine
1416 4311 1692 4378 disciplina
1722 4311 1858 4367 deli-

280 4392 482 4436 ctorum
528 4393 698 4438 mater
732 4393 814 4437 est
837 4423 851 4444 ,
883 4391 938 4436 et
963 4383 1236 4450 disciplina
1267 4383 1383 4437 sine
1427 4382 1662 4436 bonitate
1693 4384 1858 4437 tristis

278 4453 518 4521 qua-dam
561 4453 862 4506 amaritudo
891 4453 1121 4506 vivendi.
1156 4451 1442 4506 Scientiam
1487 4455 1727 4522 praestari
1757 4453 1859 4506 sibi

279 4524 476 4588 pariter
503 4523 840 4591 implorat,ut
865 4523 1074 4577 noverit
1094 4523 1324 4576 scienter
1349 4521 1720 4591 sapienterque
1750 4523 1859 4578 dis-

279 4593 520 4660 tinguere
573 4594 662 4660 qui
691 4595 797 4646 sint
837 4593 1048 4647 termini
1093 4593 1338 4646 bonitatis
1363 4633 1376 4655 ,
1406 4601 1459 4646 et
1488 4607 1642 4660 quam
1669 4593 1860 4646 debeat

279 4661 474 4716 habere
497 4662 776 4729 disciplina
806 4678 1108 4716 mensuram
1135 4680 1148 4726 ;
1184 4677 1249 4715 ne
1278 4662 1410 4716 forte
1446 4671 1537 4715 aut
1562 4662 1738 4715 nimia:
1771 4679 1858 4716 re-

279 4732 548 4785 missionis
571 4733 700 4785 vitio
723 4733 932 4787 bonitas
961 4733 1253 4786 inconsutta
1283 4730 1513 4786 fmdctur
1535 4774 1549 4797 ,
1579 4741 1669 4785 aut
1697 4732 1858 4786 disci-

278 4802 417 4868 plina
447 4802 632 4855 durior
659 4804 768 4872 ipsa
795 4803 877 4856 sui
908 4803 1215 4856 austeritate
1241 4803 1586 4857 crudclcscat.
1621 4801 1726 4863 Vis,
1754 4802 1860 4856 fra-

279 4881 378 4935 ter,
415 4873 588 4926 bonus
620 4887 738 4926 esse
767 4872 1039 4940 peccanti?
1061 4873 1294 4942 Benigne
1324 4873 1533 4941 quidem
1565 4873 1734 4926 facis:
1765 4873 1858 4926 sed

277 4951 330 4994 ut
355 4957 482 5012 vere
518 4943 600 5012 sis
631 4943 800 4996 bonus
821 4981 836 5007 ,
866 4944 1100 5012 vigorem
1131 4943 1178 4997 ei
1223 4942 1417 4996 adhibe
1446 4943 1772 5011 disciplinre;
1805 4953 1862 4996 ut

279 5021 360 5062 tua
412 5011 486 5064 illi
517 5011 726 5064 bonitas
755 5011 994 5080 proliciat
1023 5013 1086 5065 ad
1114 5013 1359 5066 salutem.
1409 5015 1576 5077 Quem
1609 5015 1788 5081 utique
1815 5015 1860 5067 si

278 5082 414 5151 nulla
444 5083 740 5135 coercentis
764 5097 1004 5138 censura:
1033 5083 1394 5150 increpatione
1424 5083 1706 5146 terrueris,
1740 5097 1860 5151 per-

277 5149 474 5203 niciosa
507 5153 607 5204 erit
633 5154 682 5205 ei
725 5153 837 5206 lucc
861 5153 1070 5204 bonitas
1095 5149 1213 5214 tua;
1249 5153 1370 5219 quia
1401 5153 1659 5220 permittis
1689 5149 1860 5221 perire

276 5232 584 5286 peccantem
605 5263 620 5285 ,
659 5237 818 5292 quem
847 5231 1096 5286 potueras
1123 5223 1330 5276 salvare
1365 5231 1688 5292 correctum.
1718 5224 1858 5276 ιιυτ-

274 5301 393 5362 sum
415 5331 430 5362 ,
473 5291 516 5344 si
548 5291 712 5344 nimio
735 5293 1028 5362 disciplinae
1055 5291 1230 5362 rigore
1269 5291 1718 5362 nullamrscientia
1761 5293 1858 5346 bo-

275 5359 458 5431 nitatis
481 5362 497 5392 ι
529 5359 1254 5428 przetenderismedicinam;
1287 5361 1412 5414 dum
1441 5361 1668 5431 rigorem
1713 5371 1858 5416 tuum

277 5429 472 5500 refugit
513 5445 774 5500 peccans,
819 5433 1020 5500 peccati
1064 5431 1430 5501 mgritudinem
1476 5429 1578 5486 non
1625 5433 1855 5486 curabis.

337 5561 356 5586 '
393 5565 444 5609 In
463 5567 542 5610 its.
571 5560 603 5608 f.
627 5560 841 5612 sonantis
862 5560 1099 5612 bonitatis.

339 5641 584 5752 $231111),
626 5643 658 5690 4
697 5657 763 5692 ex
815 5642 1027 5693 Homiliis
1068 5645 1162 5705 50;
1213 5653 1264 5695 et
1310 5653 1448 5708 post,
1495 5647 1542 5694 in
1583 5645 1856 5708 Appendice

273 5713 440 5750 sem)
465 5705 535 5752 14.

337 5763 416 5822 (b)
443 5767 610 5817 mcerti
634 5767 859 5828 auetm'is,
881 5779 976 5818 non
1001 5765 1242 5817 lucruditi.

1739 327 1963 385 SERMO
2001 325 2109 382 LV.

3427 339 3564 397 1330

1979 441 2046 496 Et
2071 457 2188 519 qua:
2207 441 2432 519 tandem
2453 443 2828 519 vivcndiratio
2853 445 2975 510 erit,
3004 463 3190 519 qureve
3211 449 3414 519 iustitia
3437 457 3560 518 erit,

1975 521 2034 566 ut
2063 513 2287 589 solutior
2323 515 2512 570 lendas
2550 516 2902 589 cohibentiam
2933 519 2948 548 ι
2985 513 3227 586 [ιι-ιιιὺριιί
3255 524 3518 588 peccaturi
3545 513 3561 589 ζ

1975 591 2066 636 aut
2093 583 2442 656 immoderata
2479 587 2734 656 severitas
2762 601 2792 638 a
2823 583 2995 656 lapsu'
3019 605 3122 642 non
3151 583 3368 644 revocet
3390 583 3562 645 delin;

1975 654 2260 728 quentcm?
2278 653 2349 728 _Ut
2373 663 2548 728 autem
2579 654 2829 728 bonitatis
2855 653 3008 728 hujus
3031 658 3430 728 disciplinaque
3449 677 3563 714 ma-

1972 723 2246 797 gisterium
2273 725 2328 797 _i_n
2362 725 2558 778 nostris
2587 724 2747 778 fuisse
2775 723 3064 795 majoribus
3083 771 3096 790 ,
3128 723 3356 797 plenius
3382 730 3560 796 perfe-

1974 793 2214 861 ctiusque
2255 793 2557 858 discamus,
2595 809 2756 863 pauca
2799 793 2871 850 de
2899 793 3142 865 pluribus
3177 793 3558 856 venerabiliqu

1973 873 2182 932 patrum
2215 879 2587 918 reccnseamus
2615 867 2878 932 exempla.

2041 933 2097 1005 ετ
2133 933 2243 1005 llas
2271 935 2476 988 virtutes
2517 935 2568 986 in
2595 953 2648 989 se
2687 936 2906 989 exhibuit
2941 935 3140 990 Petrus.
3175 937 3413 1005 Implevit
3444 939 3558 995 sine

1972 1001 2132 1056 dubio
2159 1004 2486 1058 bonitatisac
2511 1005 2803 1074 disciplina:
2825 1007 2974 1059 istius
2998 1009 3218 1060 formam
3253 1001 3434 1062 beatus
3459 1011 3558 1064 Pe-

1975 1081 2086 1128 trus
2104 1115 2119 1138 ,
2148 1089 2269 1126 cum
2290 1115 2305 1138 ,
2337 1075 2474 1129 sicut
2499 1091 2625 1130 vere
2653 1075 2822 1130 DOIIUS
2842 1117 2855 1140 ,
2885 1077 3093 1130 oblatos
3118 1077 3216 1130 sibi
3248 1078 3442 1130 dicitur
3463 1095 3555 1132 cu-

1972 1157 2120 1216 rasse
2141 1143 2408 1216 inﬁrmos;
2431 1153 2486 1198 et
2512 1155 2566 1197 ut
2593 1145 2882 1216 disciplinae
2909 1147 3140 1202 celestis
3165 1159 3390 1210 amator,
3412 1150 3552 1216 jnsta

1974 1212 2174 1284 ultione
2217 1215 2434 1284 punisse
2464 1212 2747 1269 mendaces
2789 1217 3115 1284 perhibetur.
3149 1212 3426 1270 Nimirum'
3453 1219 3551 1272 bo-

1973 1283 2151 1357 nitatis
2180 1283 2556 1357 ejus‘gratiam
2599 1283 2821 1357 testatur
2854 1285 3055 1340 xEneas
3095 1287 3181 1340 ille
3207 1288 3395 1340 debilis
3416 1331 3429 1352 ,
3463 1291 3550 1357 qui

1971 1352 2190 1406 claudus
2213 1353 2279 1425 ab
2305 1353 2544 1425 infantia,
2565 1355 2758 1409 sedens
2783 1355 2834 1408 in
2867 1367 3014 1424 porta
3045 1358 3224 1425 templi
3245 1358 3449 1410 Domini
3472 1352 3553 1412 at-

1971 1437 2072 1491 que
2096 1423 2429 1496 mendicans,
2461 1424 2754 1496 inrnomine
2781 1423 2978 1480 Christi
3007 1423 3168 1488 Jesu,
3187 1427 3422 1496 Apostoli
3460 1445 3552 1482 cu-

1971 1493 2387 1568 rantigimperio
2426 1495 2706 1568 antiquam
2726 1497 2943 1568 accepit
2974 1493 3254 1568 sanitatem
3285 1496 3417 1568 (Act.
3451 1513 3504 1551 ιιι
3533 1539 3550 1564 ,

1970 1561 2084 1634 5i).
2117 1562 2482 1634 Probaverunt
2505 1561 2873 1632 et’disciplinae
2900 1566 3016 1634 ejus
3044 1561 3382 1620 severitatem
3410 1561 3552 1621 Ana;

1971 1633 2086 1704 nias
2114 1642 2166 1686 et
2193 1633 2452 1700 Saphira,
2496 1635 2584 1703 qui
2615 1633 2971 1688 distrahentes
3001 1652 3182 1704 agrum
3214 1653 3372 1704 quem
3419 1653 3542 1691 vcn-

1967 1701 2096 1776 dere
2141 1717 2297 1756 nemo
2343 1701 2598 1776 cogebat,
2631 1705 2755 1758 dum
2784 1701 3057 1776 depretii'
3079 1701 3370 1776 quantitate
3397 1723 3548 1761 men-

1971 1773 2168 1842 tiuntur
2201 1775 2454 1842 Apostolo
2475 1814 2489 1836 ,
2525 1784 2748 1829 mortem
2781 1775 2880 1828 sibi
2911 1773 3134 1830 falsitate
3179 1779 3395 1832 mercati
3427 1787 3550 1831 sunt

1971 1840 2079 1912 (Id.
2119 1856 2184 1914 vi,
2216 1840 2388 1912 f-H).
2421 1845 2537 1909 Quo
2575 1843 2714 1898 facto
2751 1843 2964 1898 edocuit
2999 1847 3412 1914 gloriosissimus
3451 1849 3550 1902 Pe-

1971 1923 2120 1984 trus,
2155 1913 2328 1966 inesse
2357 1915 2456 1968 sibi
2499 1915 2785 1968 bonitatem
2813 1929 2874 1969 ac
2905 1913 3232 1984 disciplinam
3256 1957 3270 1978 ,
3299 1917 3424 1970 dum
3463 1934 3548 1970 re-

1969 1981 2458 2054 mediumpraestat
2491 1984 2701 2038 inﬁrmo
2722 2027 2734 2046 ,
2765 1991 2821 2038 et
2859 1981 3250 2054 competentem
3290 1989 3450 2040 sumit
3483 1988 3549 2041 de

1971 2051 2314 2126 mendacibus
2342 2055 2596 2126 ultionem
2631 2071 2644 2106 :
2677 2055 2816 2123 quod
2847 2071 2966 2110 eum
2986 2051 3136 2110 recte
3159 2069 3444 2126 sancteque
3473 2057 3549 2111 fe-

1968 2121 2106 2194 cisse
2150 2122 2383 2176 ccnlestis
2423 2125 2608 2192 jmlicii
2647 2121 2942 2180 consensus
2969 2127 3218 2180 0~tcndit.
3251 2128 3323 2180 De
3359 2121 3546 2194 ’μειοΙύ-

1967 2192 2143 2266 ctione
2169 2207 2296 2246 vero
2315 2194 2569 2266 scientia:
2582 2195 2696 2262 ejus
2723 2196 2838 2264 quis
2862 2197 3124 2266 ambigat,
3159 2197 3243 2266 qui
3275 2192 3545 2250 Cltristnm

1969 2260 2250 2314 Dominum
2278 2263 2378 2315 vivi
2415 2265 2502 2316 Dei
2531 2260 2719 2317 Filium
2741 2260 2883 2330 esse,
2902 2265 2968 2318 de
2996 2260 3131 2320 ιῖιηῐο
3153 2260 3249 2318 sibi
3283 2267 3438 2320 Patre
3461 2283 3546 2320 re-

1968 2331 2195 2403 velante.
2217 2333 2578 2403 cognovit‘tEt
2603 2335 2722 2402 quia
2755 2334 2962 2386 bonitas
2991 2350 3050 2388 ac
3075 2335 3350 2403 disciplina
3374 2339 3548 2388 scicn-

1969 2401 2145 2467 tiaqne
2175 2417 2277 2454 non
2306 2401 2520 2468 deerat,
2557 2401 2845 2470 pascendos
2876 2405 2945 2457 illi
2979 2401 3233 2459 Dominus
3255 2419 3378 2458 suas
3399 2419 3546 2460 com-

1967 2471 2492 2544 memddvitoviculas
2519 2472 2731 2544 (Matth.
2759 2489 2843 2526 xvt
2864 2515 2877 2537 ,
2911 2475 3120 2544 ili-l9).

2038 2541 2088 2594 3.
2113 2538 2310 2617 Paulus
2326 2538 2572 2617 similiter.
2607 2543 2796 2617 Tenuit
2822 2538 3109 2617 bonitatem
3129 2560 3190 2598 ac
3215 2545 3544 2617 disciplinam

1966 2610 2125 2663 etiam
2169 2611 2582 2684 gloriosissimus
2637 2613 2857 2677 Paulus,
2917 2615 3034 2682 qui,
3083 2625 3138 2668 ut
3185 2616 3299 2684 ejus
3349 2610 3543 2683 scripta

1967 2689 2263 2752 testantur,
2295 2681 2571 2752 discipulis
2607 2684 2719 2736 suis
2758 2695 2810 2736 et
2857 2681 3057 2752 \irgam
3101 2681 3546 2740 cnt'rectiottiset

1967 2750 2211 2824 spiritum
2244 2750 2661 2824 mansuetudinis
2715 2750 3111 2824 przetetm—ebat;
3164 2767 3379 2824 propter
3405 2755 3544 2824 quod

1966 2818 2192 2874 faciebat
2219 2835 2338 2874 eum
2371 2822 2620 2876 omnibus
2656 2818 3016 2877 etiamabilem
3047 2818 3277 2889 boni-tas,
3301 2835 3352 2878 et
3383 2818 3546 2878 disci-

1967 2889 2462 2963 plinaterribilem.
2509 2891 2640 2946 Nam
2683 2893 2842 2963 etiam
2885 2893 3022 2947 inter
3065 2893 3176 2963 ipsa
3227 2893 3406 2947 mundi
3437 2895 3546 2962 pri-

1967 2959 2170 3032 mordia
2205 2969 2261 3013 ut
2291 2961 2576 3015 bonitatem
2625 2977 2687 3016 ac
2725 2961 3063 3032 disciplinam
3089 2959 3298 3018 'Chris‘ti
3327 2959 3545 3019 doceret

1965 3029 2239 3102 ecclesias,
2289 3040 2341 3083 et
2385 3033 2646 3102 removeri
2691 3029 3196 3102 jussit'peecantem
3239 3049 3267 3087 ιι
3307 3049 3548 3087 οοιιιιιιιι-

1966 3099 2125 3152 nione
2153 3109 2456 3173 sanctgrum
2489 3099 2762 3173 (lACQrfv,
2785 3103 2863 3173 5),
2891 3099 2946 3157 et
2967 3104 3212 3158 eumdem
3239 3105 3400 3171 recipi
3429 3119 3548 3158 cor-

1965 3178 2166 3242 rectum
2199 3169 2277 3239 (Il
2299 3168 2416 3224 Cor.
2449 3168 2506 3236 tt,
2547 3170 2690 3242 6-9).
2723 3168 2795 3226 De
2821 3168 3043 3227 scientia
3073 3181 3248 3228 autem
3279 3168 3395 3240 ejus
3419 3175 3544 3240 quid

1965 3253 2062 3291 nos
2101 3239 2356 3300 dicemus,
2379 3253 2498 3292 cum
2520 3239 2705 3296 clunes
2733 3255 2854 3295 eum
2884 3244 3127 3296 noverint
3157 3244 3206 3294 in
3238 3239 3546 3298 coelestibus

1965 3307 2234 3372 didicisse,
2278 3325 2396 3377 qum
2442 3309 2659 3364 doceret
2689 3312 2738 3362 in
2773 3313 2965 3366 terris?
2994 3312 3066 3364 lbi
3100 3313 3221 3365 talia
3252 3329 3308 3366 se
3339 3328 3544 3365 menm-

1965 3378 2099 3517 διὲἰι
2129 3377 2400 3517 υάυἳιιὶιςι,
2451 3381 2624 3449 qualia
2669 3381 2810 3450 loqui
2852 3383 3163 3435 mortalibus
3210 3399 3312 3436 non
3360 3383 3543 3437 liceret

2063 3463 2200 3509 .xn,
2274 3479 2288 3486 -
2363 3485 2376 3499 .

2063 3487 2073 3498 .
2108 3463 2200 3509 XII,
2235 3463 2376 3509 1-4).

1964 3446 2496 3571 (liiile'iniiltbnnes
2525 3517 2774 3588 Baptista.
2817 3520 3009 3574 Habuit
3050 3520 3396 3574 nihilominus
3443 3521 3542 3574 ho-

1963 3587 2180 3660 nitatem
2210 3596 2261 3641 et
2297 3587 2628 3660 disciplinam
2673 3591 2822 3644 testis
2860 3591 3157 3646 dominicus
3210 3601 3264 3644 et
3315 3592 3544 3660 baptista

1961 3656 2193 3710 Joannes
2211 3699 2223 3720 ,
2255 3658 2343 3729 qui
2371 3656 2744 3726 resipiscentes
2771 3676 2798 3713 a
2829 3663 3058 3729 peccatis
3087 3663 3195 3714 suis
3223 3656 3544 3729 prophetica:

1966 3729 2175 3796 pietatis
2207 3727 2374 3800 iaﬁ‘atu
2415 3730 2739 3796 poenitentia:
2771 3727 3033 3800 baptismo
3062 3727 3338 3796 diluebatj
3386 3743 3544 3800 atque

1963 3809 2020 3868 ut
2051 3814 2176 3852 vere
2207 3799 2452 3866 legalium
2499 3799 2881 3868 praeceptorum
2921 3812 3100 3856 custos
3146 3799 3468 3866 immobilis,
3488 3811 3545 3856 et

1965 3867 2228 3922 Herodem
2253 3883 2429 3937 regem
2457 3868 2524 3922 de
2551 3869 2728 3923 illicita
2755 3873 3036 3924 accusabat
3057 3887 3240 3932 uxore,
3265 3884 3315 3925 et
3337 3873 3543 3926 (:llttclls

1963 3938 2027 3991 ad
2057 3953 2114 3992 se
2139 3939 2577 3993 evntem-rentibus
2606 3942 2927 4008 purgatioris
2947 3943 3068 3993 vitae
3097 3952 3354 4008 praecepta
3389 3957 3542 3994 man-

1963 4008 2142 4060 dabat.
2169 4008 2415 4062 Scientite
2448 4019 2622 4060 autem
2654 4011 2792 4064 illius
2824 4009 3200 4076 plenitudinem
3227 4013 3346 4078 quis
3369 4019 3544 4077 potest

1963 4091 2270 4147 agnoscere,
2295 4079 2384 4144 qui
2409 4078 2548 4146 quod
2590 4093 2684 4145 pro
2722 4079 2891 4132 salute
2921 4081 3102 4133 mundi
3133 4081 3276 4134 venit
3309 4095 3339 4134 e
3367 4081 3504 4134 ccnlo
3525 4122 3538 4145 ,

1965 4149 2171 4216 primus
2191 4147 2436 4200 omnibus
2475 4149 2771 4201 revelavit?

2033 4217 2088 4272 5.
2147 4215 2426 4287 Peroratio.
2485 4217 2672 4271 Videte
2711 4219 2906 4287 itaque,
2957 4220 3167 4282 lratres,
3214 4233 3320 4287 quo
3353 4219 3536 4274 orandi

1963 4286 2280 4358 compendio
2313 4297 2365 4340 et
2393 4302 2493 4358 qua
2535 4286 2818 4358 paucitate
2837 4293 3118 4342 verborum
3159 4286 3540 4358 perfectionem

1965 4357 2172 4410 vivendi
2211 4357 2524 4410 venerabilis
2565 4357 2825 4426 Propheta
2877 4357 3173 4429 quatrebat.
3223 4361 3542 4416 Brevissimo

1965 4443 2193 4498 namque
2247 4441 2495 4498 sermone
2531 4429 2828 4492 conclusit,
2897 4429 3149 4498 quidquid
3189 4431 3539 4497 spiritualium

1968 4497 2124 4570 habet
2167 4496 2758 4570 mult_itudo_virtutum.
2788 4498 2841 4570 Si
2872 4496 2999 4568 ergo
3029 4496 3116 4554 ille
3157 4496 3540 4570 Prophetarum

1967 4567 2264 4634 praecipuus
2291 4566 2424 4619 hanc
2445 4567 2626 4621 doceri
2652 4585 2709 4622 se
2735 4585 2762 4620 a
2795 4569 2901 4622 Deo
2929 4566 3207 4623 sanctioris
3244 4566 3363 4624 vita:
3403 4573 3540 4626 viam

1967 4647 2243 4711 tantopere
2281 4637 2623 4711 precabatur;
2662 4639 2784 4706 quid
2828 4639 3002 4693 facere
3048 4655 3144 4692 nos
3183 4651 3412 4708 oportet,
3452 4641 3542 4711 qui

1965 4715 2018 4761 et
2045 4707 2177 4759 tardi
2207 4721 2394 4760 sensus
2421 4707 2724 4762 inlirmitate
2754 4717 3044 4776 torpemus,
3075 4719 3129 4762 et
3165 4707 3317 4762 nexia
3357 4707 3543 4767 remis-

1966 4777 2122 4849 sioris
2150 4779 2270 4829 vitae
2294 4777 3114 4849 mmsuetudinedepravamnr?
3138 4780 3258 4842 Nos,
3285 4782 3497 4849 inquam
3523 4824 3540 4846 ,

1967 4847 2134 4915 magis
2155 4861 2310 4900 orare
2339 4845 2593 4900 debemus
2618 4888 2632 4912 ,
2673 4845 2933 4912 dicentes,
2972 4847 3254 4903 Bonitatem
3281 4893 3294 4914 ,
3325 4845 3370 4904 et
3394 4845 3547 4906 disci;

1967 4918 2180 4990 plinam,
2208 4927 2251 4970 et
2275 4917 2536 4990 scientiam
2568 4917 2696 4990 doce
2743 4936 2835 4972 nos
2859 4961 2874 4984 ,
2903 4919 3119 4974 Domine
3150 4937 3167 4975 :
3197 4931 3458 4990 quatenus
3490 4924 3540 4976 in

1969 4987 2372 5059 nobisbonitas
2415 4986 2670 5041 malitiam
2721 4991 2935 5050 vincat,
2979 4991 3102 5043 vitia
3142 4986 3544 5059 ac'voluptatcs

1966 5057 2533 5127 disciplinacoerceat,
2561 5065 2616 5127 et
2645 5059 2956 5127 ignorantia!
2999 5063 3290 5116 caecitatem
3321 5057 3542 5116 scientia

1966 5127 2206 5197 veritatis
2255 5126 2532 5197 illuminet.
2577 5126 2632 5182 Si
2673 5126 2825 5184 enim
2881 5130 3069 5185 scieris
3125 5130 3542 5197 omnipotentem

1969 5196 2133 5268 Deum
2160 5196 2365 5268 Patrem
2399 5195 2688 5268 Filiumque
2729 5200 2844 5267 ejus
2881 5200 3202 5268 unigenitum
3239 5195 3392 5268 unius
3425 5216 3545 5256 esse

1966 5263 2298 5328 substanthe,
2330 5265 2582 5336 Spiritum
2605 5263 2826 5337 quoque
2851 5263 3089 5324 sanctum
3121 5269 3230 5337 pari
3251 5267 3548 5326 credideris

1966 5337 2262 5390 alternitate
2292 5346 2620 5405 regnantem,
2661 5341 2799 5392 nulla
2833 5353 3060 5408 unquam
3093 5349 3145 5392 te
3183 5339 3266 5394 vel
3309 5340 3546 5408 Pagano-

1966 5421 2092 5480 rum
2114 5421 2244 5459 vana
2267 5409 2573 5480 persuasio,
2605 5409 2705 5480 vel
2736 5408 3055 5462 Arianorum
3087 5411 3288 5480 perﬁda
3315 5411 3548 5466 turbabit

1967 5475 2228 5544 impietas.
2263 5475 2320 5529 Si
2351 5475 2506 5529 futuri
2527 5477 2708 5545 judicii
2741 5479 2961 5533 scientia
2987 5475 3249 5534 cor'tuum
3281 5490 3544 5536 mentem-

1965 5561 2068 5615 que
2109 5545 2411 5616 repleverit,
2437 5547 2658 5602 habebis
2695 5549 2748 5602 in
2791 5551 2890 5606 tuis
2923 5552 3159 5608 moribus
3188 5551 3543 5621 disciplinam.

2032 5709 2058 5784 ι·
2087 5707 2757 5784 Autronibentimn;utraque
2782 5713 2912 5784 enim
2951 5727 3043 5764 vos
3085 5719 3131 5768 in
3155 5731 3246 5769 usu
3289 5730 3392 5772 erat
3426 5721 3549 5784 apud

1985 5779 2200 5830 veteres,
2225 5785 2328 5826 pro,
2355 5779 2714 5822 romttrcnttam.
2783 5781 2836 5822 tt.
