3994 6178
310 307 449 364 1833

305 424 387 477 cui
415 420 645 486 militat,
688 419 890 489 possit!
921 417 1030 475 Nec
1064 416 1389 488 stipendium

376 491 498 545 terit
520 492 767 561 adipisci,
789 492 889 544 nisi
913 504 1173 560 superans
1195 489 1400 561 hostem
1416 489 1623 561 fortiter
1634 489 1820 561 vicerit
1846 491 1884 542 ¹.

352 561 497 630 igila,
528 559 848 629 christiano,
882 559 1176 614 suh’ocuiis
1209 560 1323 630 Dei.
1375 570 1429 612 ut
1455 559 1687 630 perfecta
1715 559 1883 612 victo-

302 626 718 693 ria'coroneris;
773 645 941 700 pugna
988 644 1107 682 cum
1135 626 1367 700 diabolo.
1394 626 1484 683 aui
1507 629 1616 696 jam
1647 638 1882 700 armatus

306 719 360 755 cs
384 700 600 755 Christo
639 717 654 753 :
685 699 861 755 tecum
904 708 986 754 est
1032 700 1192 759 Deus,
1233 699 1322 765 qui
1355 708 1405 753 te
1442 709 1591 766 optat
1627 699 1838 752 vincere
1861 739 1877 764 ,

306 782 475 826 terum
513 779 598 824 est.
643 771 906 831 Christus,
934 769 1022 837 qui
1053 779 1102 821 te
1132 768 1397 822 desiderat
1428 770 1713 823 munerari.
1736 768 1879 823 Con-

305 852 481 895 tentnc
534 840 853 910 przcsentia,
903 848 959 891 ut
995 838 1254 910 percipias
1296 838 1465 910 futura
1514 856 1528 891 :
1573 839 1881 906 temporalia

303 927 493 977 sperne
513 908 547 976 ,ἡ
572 920 630 964 ut
668 921 867 963 attertta
915 908 1084 977 possis
1125 909 1383 977 accipere.
1430 909 1731 962 Possidebis
1774 923 1883 963 ca:—

303 980 430 1040 lutn,
457 981 604 1048 quod
635 980 873 1033 diabolus
898 977 1169 1047 possidere
1193 994 1295 1031 nou
1322 979 1522 1047 potuit;
1550 978 1767 1033 habebis
1790 994 1883 1044 pa-

303 1050 560 1113 radisum,
590 1050 731 1104 unde
759 1050 1001 1103 inimicus
1022 1048 1269 1103 exclusus
1285 1059 1393 1101 est:
1413 1049 1642 1116 accipies
1667 1048 1879 1101 a‘terni-

305 1130 460 1173 tatcm
491 1162 507 1184 ,
559 1135 716 1189 quam
772 1118 1145 1187 prmvaricator
1179 1118 1348 1171 hostis
1390 1119 1585 1189 amisit.
1624 1118 1771 1172 Ilium
1797 1118 1876 1189 ad

303 1199 494 1242 terram
528 1186 744 1257 perﬁdia
770 1186 992 1254 dejccit;
1023 1198 1073 1241 te
1104 1194 1155 1241 ιιι
1194 1188 1389 1242 coelum
1434 1186 1564 1242 [idos
1611 1188 1829 1255 imponit
1862 1205 1877 1242 :

302 1260 386 1313 ille
415 1260 812 1313 eontemuendo
835 1259 1039 1313 caelesti
1069 1259 1259 1311 virtute
1285 1259 1519 1327 privatus
1544 1267 1653 1322 est;
1686 1267 1738 1310 tu
1766 1272 1881 1310 scr-

301 1329 492 1382 vicndo
535 1330 775 1397 angelica
824 1330 1101 1396 majestate
1149 1328 1392 1382 suffultus
1430 1342 1488 1382 es
1517 1345 1529 1383 :
1561 1328 1634 1380 illi
1681 1338 1876 1380 :ctcrna

300 1409 418 1452 sunt
439 1400 698 1467 Sttpplicia
717 1399 1007 1460 destinata;
1040 1397 1129 1450 tibi
1155 1397 1332 1451 divina
1359 1409 1479 1451 sunt
1503 1398 1715 1464 prirntia
1745 1412 1878 1464 prte-

300 1479 478 1537 parata
510 1487 526 1523 :
557 1469 647 1522 ille
676 1470 909 1536 perlidns
929 1472 1054 1522 'cum
1105 1468 1320 1536 perlidis
1360 1468 1624 1537 interibit;
1658 1476 1711 1520 tu
1750 1480 1876 1519 san-

299 1536 558 1592 ctificatus
604 1553 726 1591 cum
770 1540 968 1592 sanctis
1002 1538 1276 1605 regnabis;
1318 1548 1375 1590 ιιι
1411 1537 1498 1605 qui
1528 1536 1708 1591 fueras
1748 1546 1880 1589 tem-

299 1608 492 1675 poraiis
519 1616 575 1661 et
608 1607 905 1667 mendicus.
937 1609 1011 1661 sis
1038 1617 1234 1660 :rterna
1256 1607 1421 1676 gloria
1444 1607 1744 1661 decoratus.
1772 1606 1880 1676 Nec

297 1678 580 1745 quidquam
611 1679 664 1731 in
684 1679 877 1731 sarculo
892 1676 1228 1739 formidabis;
1252 1675 1373 1747 quia
1404 1687 1675 1731 auctorem
1693 1675 1877 1730 formi-

297 1748 433 1801 diuis
468 1747 739 1802 diabolum
766 1763 887 1801 cum
914 1747 1107 1801 smeulo
1132 1747 1379 1815 τεειιιιὶειὶ
1408 1748 1450 1801 ³.
1485 1751 1674 1802 Amen.

816 1837 1044 1892 SERMO
1082 1837 1213 1892 Lvn
1256 1838 1356 1907 (α).

325 1926 399 1980 De
445 1927 657 1982 muliere
697 1928 817 1997 [orti
861 1938 907 1980 et
950 1928 1012 1981 de
1062 1927 1326 1989 Ecclesia,
1371 1928 1423 1980 in
1471 1925 1854 1981 Proverbiorttm

773 2014 886 2067 cap.
918 2013 1077 2060 χιιι,
1114 1998 1272 2052 10-51
1309 1997 1401 2068 (b).

366 2090 414 2143 I.
461 2088 677 2143 Verbum
714 2088 807 2143 Dei
836 2092 1002 2143 cordis
1029 2096 1221 2160 fervore
1248 2091 1534 2161 fovendum.
1570 2092 1717 2161 Rogo
1745 2108 1839 2146 vos
1857 2134 1872 2158 ,

299 2159 483 2214 fratres
506 2161 835 2224 citatissimi,
869 2171 924 2214 ut
951 2159 1709 2219 scCundum'consuetudinem
1740 2163 1874 2217 ftde-

299 2230 418 2283 iium
444 2244 567 2283 cum
593 2230 807 2283 silentio
827 2240 879 2284 et
903 2232 1079 2300 quiete
1101 2246 1162 2284 ea
1188 2248 1301 2299 qua:
1323 2232 1472 2285 vobis
1495 2233 1872 2299 pratdicantur,

293 2301 582 2367 accipiatis.
607 2302 829 2353 Animus
851 2303 992 2354 enim
1019 2310 1200 2355 ttostcr
1225 2302 1458 2369 quando,
1483 2301 1715 2355 donante
1739 2303 1868 2367 Deo,

294 2370 484 2437 aliquid
529 2370 759 2438 potuerit
784 2370 851 2423 de
883 2372 1107 2424 lectione
1140 2380 1444 2425 sanctarum
1477 2372 1871 2439 Scripturarttm

292 2440 597 2506 concipere,
631 2440 960 2508 spiritualem
988 2442 1172 2497 nidum
1198 2442 1248 2493 itt
1278 2441 1528 2495 cordibus
1553 2442 1745 2495 vestris
1772 2441 1872 2495 de-

292 2509 488 2562 siderat
538 2510 795 2564 invenire.
847 2510 911 2563 Et
958 2511 1076 2564 ideo
1123 2511 1266 2565 velut
1311 2511 1593 2565 castissimi
1640 2519 1872 2566 turtures

291 2579 466 2632 divina
497 2580 658 2633 verba
687 2580 864 2635 sancti
885 2580 1113 2648 Spiritus
1143 2580 1352 2635 fervore
1393 2582 1444 2634 in
1485 2580 1664 2634 nidum
1693 2581 1870 2635 cordis

290 2650 448 2703 vestri
487 2649 670 2703 I'ovcrc
710 2653 1035 2713 ccutettdite,
1067 2666 1166 2703 nec
1194 2651 1512 2717 permittatis
1542 2661 1599 2703 ut
1634 2651 1685 2702 itt
1721 2650 1870 2705 vobis

288 2733 467 2774 semen
500 2719 722 2789 verbum
761 2720 851 2773 Dei
881 2730 1220 2789 peccatorum
1261 2719 1457 2787 frigore
1495 2720 1865 2788 congelascai,

288 2797 503 2857 prapter
528 2788 658 2842 illud
686 2790 827 2858 quod
855 2788 1109 2856 Scriptum
1144 2798 1260 2856 est,
1291 2789 1575 2842 Abuudrmit
1596 2790 1864 2858 iniquitas,

288 2860 561 2929 refrigescit
591 2859 813 2911 charitas
840 2858 1053 2929 (Matth.
1096 2874 1256 2921 xxw,
1290 2860 1402 2929 I2).
1450 2859 1634 2929 Estote
1661 2860 1864 2926 magis,

287 2927 418 2999 sicut
436 2930 566 2982 dicit
594 2929 900 2997 Apostolus,
931 2927 1131 2999 Spiritu
1158 2927 1397 2997 ferventes
1425 2928 1599 2999 (Rom.
1632 2945 1729 2993 ιιι,
1755 2930 1862 2999 li).

286 2998 563 3064 Quomodo
594 3001 735 3051 enint
767 3001 1028 3053 columine
1064 3000 1147 3052 vel
1194 3008 1424 3053 turtures
1459 3007 1739 3069 postquam
1766 2998 1862 3068 ge-

286 3069 496 3138 nuerint
526 3084 656 3133 ova,
681 3069 725 3122 si
767 3070 853 3123 illa
892 3069 1230 3136 permiserint
1270 3069 1600 3138 refrigerari,
1642 3070 1868 3138 perdent

288 3137 511 3208 fructum
544 3139 783 3202 illorum;
828 3140 898 3192 ita
937 3149 990 3208 ct
1033 3153 1158 3203 vos,
1204 3139 1247 3192 si
1286 3137 1601 3208 conceptum
1644 3140 1864 3194 verbum

289 3207 376 3277 Dei
411 3224 508 3277 per
532 3209 862 3263 oblivionem
902 3207 1205 3276 refrigerari
1229 3207 1563 3276 permittitis,
1594 3208 1864 3263 desidera-

286 3276 440 3331 bilem
472 3278 701 3333 frucmm
726 3279 923 3334 habere
948 3294 1053 3333 non
1086 3280 1324 3347 potestis.
1350 3278 1610 3333 Prazstate
1635 3280 1686 3333 in
1713 3278 1864 3334 vobis

286 3348 462 3418 nidum
494 3350 830 3401 sermonibus
860 3349 1079 3410 sanctis,
1110 3348 1402 3403 secundum
1438 3348 1578 3417 quod
1606 3350 1863 3418 scriptum

284 3429 389 3486 est,
423 3417 614 3470 Turtur
649 3420 833 3471 itwenit
862 3420 955 3471 sibi
987 3419 1161 3472 nidum
1187 3418 1273 3471 ubi
1300 3429 1508 3486 reponat
1546 3417 1728 3486 pullos
1748 3435 1864 3473 suos

284 3485 453 3555 (Psal.
487 3503 718 3549 Lxxxm,
749 3488 829 3556 4).
855 3490 918 3541 lit
946 3489 1194 3557 quoniam
1224 3485 1379 3541 ttohts
1404 3488 1677 3556 Scriptura
1706 3489 1862 3543 Salo-

285 3559 456 3612 monis
519 3558 858 3611 commendat
909 3560 1186 3627 mulierem
1238 3574 1524 3627 magttatn,
1579 3558 1859 3612 habentem

283 3637 529 3696 magnum
556 3629 750 3696 virum,
770 3628 971 3693 dicens,
997 3626 1260 3681 Mulierem
1280 3628 1461 3696 fortem
1487 3628 1596 3695 quis
1612 3629 1821 3681 inveniet
1838 3628 1864 3682 Σ)

285 3695 400 3749 ideo
425 3698 494 3750 de
522 3698 623 3752 hac
655 3695 945 3751 seCundnm
987 3708 1227 3751 tenorem
1260 3695 1422 3766 pauca
1453 3713 1571 3766 qum
1612 3699 1747 3752 Dens
1777 3699 1859 3752 di-

282 3776 471 3835 guatur
499 3782 818 3835 suggerere,
848 3767 1066 3821 auribus
1092 3768 1282 3821 vestris
1320 3769 1561 3833 cupimus
1593 3768 1857 3823 intimare.

346 3835 400 3889 2.
446 3835 675 3890 Ecclesia
697 3837 943 3891 catholica
964 3838 1120 3890 latere
1163 3854 1264 3890 non
1293 3846 1469 3907 potest.
1498 3868 1570 3878 —
1595 3836 1858 3892 Mulierem

282 3910 459 3974 fortem
503 3908 614 3975 quis
650 3908 905 3960 inveniet?
945 3908 1165 3960 DifIicile
1208 3919 1288 3960 est
1329 3907 1567 3961 invenire
1611 3923 1761 3972 eam,
1807 3918 1861 3962 et

281 3977 498 4030 diiiicile
532 3986 615 4030 est
655 3978 860 4031 nescire
896 3992 1035 4031 eam.
1080 3976 1270 4030 Nottnc
1310 3978 1419 4045 ipsa
1460 3986 1541 4032 est
1581 3978 1764 4030 civitas
1806 3979 1856 4031 itt

282 4057 461 4100 utunte
483 4062 600 4115 qua:
623 4046 874 4101 abscondi
900 4062 1004 4101 non
1029 4056 1203 4115 potest
1227 4044 1436 4118 (Matth.
1460 4063 1512 4118 v,
1540 4048 1664 4115 i4)?
1683 4048 1859 4115 Quare

283 4132 403 4183 ergo
443 4118 641 4170 dictum
682 4127 764 4171 cst
788 4158 801 4179 ,
847 4118 972 4179 Quis
1006 4117 1399 4171 inveniet?cum
1438 4117 1540 4171 dici
1580 4118 1854 4186 debuerit,

283 4190 410 4252 Quis
433 4202 539 4240 non
570 4187 834 4241 inveniet?
852 4186 958 4243 Sed
988 4197 1042 4240 tu
1064 4187 1331 4242 civitatem
1357 4189 1406 4240 itt
1431 4198 1610 4241 monte
1631 4189 1855 4256 positam

285 4256 428 4325 )tdes
463 4274 476 4309 :
508 4265 566 4310 ut
601 4268 776 4311 autem
810 4256 861 4311 itt
907 4267 1089 4311 monte
1135 4267 1454 4325 poneretur,
1502 4257 1712 4312 inventa
1754 4268 1854 4313 est.

283 4322 389 4392 Ipsa
416 4334 501 4379 est
531 4328 671 4381 enim
699 4327 812 4380 ovis
848 4327 931 4380 illa
968 4342 1086 4395 qum
1114 4322 1361 4396 perierat.
1398 4327 1463 4381 Et
1497 4343 1678 4381 revera
1700 4369 1716 4392 ,
1748 4327 1856 4382 fra-

282 4404 412 4458 tres,
447 4396 684 4451 Ecclesia
713 4397 970 4450 catltoiica
1003 4406 1087 4450 cst
1108 4438 1123 4461 ,
1154 4413 1273 4465 qua:
1306 4397 1415 4466 jam
1453 4398 1710 4451 illustrata
1731 4409 1854 4463 .est,

280 4466 389 4536 quis
427 4481 558 4535 ergo
596 4482 713 4521 eam
756 4482 860 4521 non
903 4466 1082 4520 videi?
1117 4467 1339 4533 Quando
1369 4468 1560 4521 Iatcbat
1591 4469 1708 4536 quis
1736 4483 1855 4523 eam

280 4534 615 4589 inveniebat?
644 4536 792 4590 Sicut
827 4536 968 4591 enim
990 4536 1101 4605 jam
1122 4537 1261 4590 dicta
1283 4548 1362 4590 est
1395 4538 1504 4605 ipsa
1528 4534 1752 4600 civitas;
1785 4539 1855 4591 ita

277 4614 325 4657 et
365 4607 483 4659 ovis
524 4622 682 4674 quam
723 4606 981 4674 perditam
1022 4608 1266 4673 quzrsivit
1306 4619 1504 4675 pastor.
1537 4606 1651 4675 ipse
1679 4616 1857 4675 pastor

278 4688 428 4729 mons
464 4686 547 4745 est
589 4692 604 4728 :
645 4676 760 4728 ovis
797 4692 924 4744 ergo
964 4675 1015 4729 itt
1058 4677 1293 4730 humeris
1330 4676 1443 4745 ejus
1482 4676 1667 4731 civitas
1696 4688 1776 4732 est
1803 4680 1854 4731 itt

278 4757 476 4799 monte.
511 4744 688 4800 Facile
725 4756 806 4799 est
842 4761 958 4800 eam
1000 4746 1181 4799 videre
1210 4744 1521 4800 collocatam
1567 4747 1616 4799 in
1648 4758 1851 4803 monte.

277 4814 555 4880 Quomodo
600 4826 776 4868 autem
825 4832 942 4869 eam
992 4815 1281 4880 invenires,
1330 4831 1449 4870 cum
1491 4818 1676 4871 lateret
1720 4818 1855 4873 inter

281 4898 468 4953 vepres
492 4893 547 4938 et
574 4886 754 4953 Spinas
785 4885 964 4954 utique
1000 4885 1314 4939 delictorum
1346 4888 1601 4939 suorum?
1628 4887 1700 4940 lbi
1735 4902 1850 4942 eam

276 4955 529 5021 quaesisse
574 4970 854 5024 magnum,
897 4956 968 5008 ibi
1010 4955 1277 5010 invenisse
1317 4956 1556 5010 mirabile
1595 4966 1693 5010 est.
1731 4957 1855 5013 limc

275 5025 383 5094 ejus
420 5024 659 5078 dti‘licilis
699 5026 1103 5078 commendatur
1142 5025 1378 5079 inventio
1402 5065 1417 5091 ,
1457 5040 1575 5080 cum
1616 5026 1844 5094 dicitur,

277 5092 541 5165 luberent
588 5099 771 5165 fortem
809 5097 921 5163 quis
961 5095 1216 5165 inveniet?
1266 5095 1317 5148 id
1367 5104 1483 5159 est,
1534 5092 1849 5151 Ecclesiam.

275 5163 397 5231 Quis
440 5180 549 5219 non
590 5163 741 5220 'videt
778 5181 894 5219 cam
927 5165 1037 5235 jam
1076 5181 1107 5220 a
1144 5164 1356 5220 Christo
1398 5165 1701 5233 inventam,
1738 5165 1848 5236 jam

332 5320 453 5389 tua
472 5325 579 5388 “.55-
607 5324 672 5389 έι
694 5317 832 5389 editi.
853 5318 1028 5389 νριειῑίε
1045 5315 1389 5389 despiceret}?
1408 5329 1641 5389 επιξειαηδ
1675 5316 1854 5389 hom

271 5378 454 5444 fortiter
472 5378 655 5444 vicerit.
680 5378 925 5444 erubescit
945 5378 1184 5444 sirpcidein
1206 5378 1389 5443 despici
1405 5414 1420 5440 ,
1444 5378 1539 5430 nisi
1556 5385 1744 5441 superet
1767 5380 1851 5429 Ito-

269 5438 385 5490 Περι
407 5439 521 5501 {orti
544 5438 757 5492 victoria.
1001 5438 1012 5444 ’
1170 5471 1175 5476 ι

330 5503 353 5565 ξ
386 5509 438 5565 ιιι
457 5503 760 5565 obtusus,
786 5501 1042 5565 superasti.

353 5562 404 5625 lt)
435 5561 578 5621 Alias,
594 5563 660 5611 de
682 5561 920 5625 Tempore
941 5563 1048 5612 218.

358 5621 406 5685 Ii)
439 5628 488 5671 in
523 5621 816 5693 Appendiee'
842 5637 970 5673 nunc
980 5626 1212 5734 infimum
1250 5622 1525 5697 collocatur.
1574 5623 1851 5695 Descriptus

369 5698 430 5732 ev
458 5692 706 5734 Augustin
730 5697 959 5733 sermone
1047 5685 1323 5734 .uonnulhs
1359 5694 1571 5734 mutans.
1614 5692 1666 5734 et
1690 5685 1850 5734 addito

272 5691 341 5731 est
369 5698 430 5732 ev
458 5692 641 5745 August
656 5685 706 5745 ni
730 5697 959 5745 sermone
980 5685 1061 5741 57,
1080 5685 1323 5734 nonnullis
1359 5688 1571 5734 mutatis.
1614 5692 1666 5734 et
1690 5685 1850 5734 addito

274 5747 470 5795 exordio
493 5781 507 5809 ,
532 5743 670 5808 quod
690 5744 750 5794 ad
770 5747 959 5797 (ἕπωιὶ
989 5746 1151 5797 stilum
1186 5759 1337 5810 prope
1369 5746 1569 5796 accedit.

1671 304 1896 364 SERMO
1934 306 2112 362 LVIII.

1466 420 1890 475 romotionentve

3442 326 3573 382 l85't

1995 419 2337 505 eminentem,
2382 421 2488 505 jam
2532 423 2893 505 conspicuam,
2938 428 3048 505 jam
3091 429 3376 501 gloriosam
3401 476 3417 501 ,
3460 438 3572 505 jam

1993 501 2252 569 ornatam,
2292 491 2399 569 jam
2444 491 2832 569 lucidant'aet,
2870 491 3417 569 ut'cito'explicem,’
3459 491 3572 561 ioto

1994 567 2253 631 terrarum
2292 561 2421 615 orbe
2459 562 2742 617 dilfusant?
2780 567 3050 622 Mulierem
3092 561 3243 625 ista'tu
3275 561 3570 631 Ecclesiam

1989 628 2101 709 qui
2133 631 2375 698 quaesivit
2431 642 2484 709 et
2540 634 2776 709 invenit,
2831 634 3073 691 Christus
3122 628 3453 709 agnoscitur.

1991 707 2267 783 postquam
2308 716 2425 754 eam
2470 701 2697 783 invenii,
2741 721 2843 783 non
2886 701 3222 783 solummodo
3250 712 3340 783 Vde
3397 701 3567 783 opinis

1990 778 2322 851 peccatorum
2342 786 2572 851 suorum
2598 775 2811 851 eripuit,
2843 777 2934 851 sed
2967 779 3124 851 etiam
3157 775 3565 851 lapidibus'pre-

1989 841 2137 917 tiosis
2170 841 2380 917 ornavit
2408 858 2433 917 :_
2452 841 2573 917 ideo
2597 843 2663 917 de
2685 841 2799 917 ipsa
2827 846 3053 917 dicitur,
3085 841 3360 905 Pretiasior
3386 841 3459 907 esi
3488 856 3568 909 la-

1986 907 2186 975 pidibus
2231 911 2479 977 pretiosis.
2528 912 2660 966 Voio
2703 907 2843 968 aliud
2892 907 3269 976 commendare
3306 907 3563 980 Charitati

1986 988 2206 1059 vestrm,
2234 989 2502 1059 quantum
2520 984 2708 1059 capitis
2728 1026 2744 1049 ,
2770 995 3026 1059 quantum
3058 988 3244 1053 timeo,
3273 1002 3560 1059 quantum-

1984 1050 2301 1126 quetimere
2326 1050 2533 1126 debetis
2557 1052 2732 1126 dehis
2766 1050 3027 1123 lapidibus
3052 1050 3321 1126 pretioSis.
3346 1062 3477 1115 Sunt
3503 1063 3558 1117 itt

1984 1116 2219 1194 Ecclesia
2265 1120 2467 1194 lapides
2505 1122 2720 1194 pretiosi
2770 1116 2834 1176 ρι’
2861 1116 3078 1194 semper
3126 1127 3366 1189 luerunt.
3417 1116 3558 1187 docti

1983 1186 2222 1264 scilicet,
2261 1186 2592 1264 abundantes
2633 1192 2856 1247 scientia
2900 1203 2952 1248 et
2981 1186 3278 1264 eloquentia
3321 1186 3374 1253 et
3412 1186 3561 1256 omni

1983 1255 2330 1335 instructique
2360 1259 2537 1335 inscgis'.
2575 1261 2995 1335 l’retiosiqplane
3035 1255 3119 1319 isii
3163 1268 3364 1335 lapides
3388 1281 3555 1335 sunt;

1980 1325 2208 1406 deipsis
2239 1328 2336 1381 fuit
2357 1325 2684 1406 Cyprianus,
2714 1332 2782 1406 d_e
2812 1325 2940 1401 ipsis
2971 1334 3070 1389 fuit
3095 1325 3406 1392 Ambrosius
3437 1341 3476 1400 ί,
3506 1325 3559 1393 ei

1980 1401 2158 1448 cmteri
2215 1413 2398 1477 eorum
2447 1401 2669 1477 similes.
2706 1402 2802 1477 ,Εχ
2846 1418 3029 1477 eorum
3077 1423 3300 1461 numero
3344 1411 3554 1477 quidam

1980 1477 2294 1521 erraverunt
2319 1468 2385 1521 ab
2410 1479 2599 1523 ornatu
2629 1472 2785 1539 hujus
2810 1474 3068 1527 mulieris.

2490 1559 2720 1614 SERMD
2758 1561 2913 1616 LVIII
2954 1562 3050 1635 (τι).

1979 1645 2045 1700 In
2058 1647 2285 1701 eumdem
2301 1650 2465 1703 locum
2485 1649 2889 1717 Proverbiornm,
2903 1670 3017 1725 cap.
3035 1671 3188 1722 χχιι,
3211 1656 3245 1727 ﬁ
3269 1696 3283 1711 .
3302 1658 3444 1714 ιοοδι
3458 1661 3529 1731 (b)
3548 1704 3554 1711 .

2052 1739 2102 1792 I.
2136 1737 2361 1817 Ecclesia
2398 1741 2449 1817 in
2481 1741 2658 1817 _multis
2697 1743 2935 1817 ﬁgurata.
2979 1745 3213 1817 Ecclesia
3251 1748 3548 1817 catholica,

1980 1806 2170 1882 [αλιι-εει
2198 1810 2516 1882 charissimi,
2547 1827 2650 1865 non
2683 1806 2853 1866 solum
2884 1823 3004 1882 post
3026 1814 3308 1871 adventum
3343 1806 3551 1875 Domini

1980 1886 2034 1931 et
2056 1878 2344 1950 Salvatoris
2372 1882 2535 1933 nostri
2559 1882 2839 1950 pnedicata
2867 1878 2986 1950 est;
3015 1885 3107 1939 sed
3130 1887 3288 1940 etiam
3314 1888 3380 1941 ab
3401 1889 3551 1944 initio

1980 1948 2162 2018 mundi
2220 1950 2399 2003 multis
2452 1948 2633 2018 figuris
2684 1961 2738 2006 et
2775 1948 3118 2008 sacramentis
3171 1958 3549 2013 secretioribus

1979 2016 2270 2085 designata.
2300 2018 2428 2072 Nam
2454 2016 2509 2073 et
2538 2021 2587 2073 itt
2627 2030 2809 2076 sancto
2841 2024 2970 2078 Abel
3010 2024 3245 2080 Ecclesia
3285 2028 3549 2084 catholica

1977 2085 2097 2166 fuit,
2125 2088 2257 2166 etin
2284 2088 2499 2166 NoeLet
2530 2091 2581 2166 in
2600 2092 2922 2166 _Abr_aitam_,
2962 2103 3016 2147 et
3054 2096 3104 2166 in
3136 2096 3353 2166 reliquis
3382 2113 3549 2166 usque

1977 2157 2042 2209 ad
2081 2157 2365 2212 adventum
2408 2161 2612 2213 Domini
2653 2162 2940 2216 Salvatoris
2981 2180 2995 2216 :
3037 2162 3105 2218 de
3143 2157 3432 2224 ipsa-enim
3461 2157 3548 2224 'ait

1976 2225 2247 2304 Salomon.
2262 2226 2331 2304 _M
2339 2229 2553 2304 alie‘reni
2571 2232 2759 2304 fortent‘
2776 2233 2885 2299 quis
2910 2233 3122 2304 inveniet
3143 2225 3176 2286 2’
3196 2234 3344 2301 Quod
3375 2236 3543 2304 dixit,

1974 2298 2084 2371 quis
2109 2298 2339 2358 inveniet,
2363 2298 2736 2371 difﬁcultatem
2750 2300 3074 2371 inveniendi,
3107 2298 3543 2371 non—itnpossiiti;

1976 2366 2175 2438 litatent
2204 2376 2415 2438 oportet
2441 2367 2678 2437 intelligi.
2710 2368 2906 2438 Mulier
2943 2371 3041 2423 ista
3083 2371 3230 2425 fortis
3252 2414 3269 2438 ,
3307 2366 3541 2428 Ecclesia

1973 2436 2400 2509 cst._Quotttodo_
2435 2454 2539 2509 non
2579 2446 2662 2509 est
2699 2437 2884 2509 fortis,
2924 2456 3040 2509 qua:
3079 2441 3144 2495 ab
3184 2436 3335 2495 initio
3363 2445 3541 2501 mundi

1976 2506 2598 2577 tantis_tribulationibus
2632 2506 2912 2577 fatigatur;
2939 2506 2995 2563 et
3033 2520 3209 2566 tamen
3241 2523 3347 2562 non
3375 2514 3543 2568 vinci-

1974 2574 2091 2647 t_ur?
2124 2573 2385 2647 Mulierem
2425 2580 2604 2647 fortem
2640 2573 2750 2645 quii
2788 2573 3040 2632 inveniet?
3077 2581 3205 2646 Quis
3233 2581 3369 2638 alius
3391 2622 3406 2647 ,
3440 2583 3538 2639 nisi

1971 2642 2243 2698 Christus?
2271 2645 2383 2698 Non
2412 2642 2585 2699 autem
2616 2642 2731 2699 eam
2761 2647 2947 2701 fortem
2988 2642 3214 2713 invenit;
3259 2650 3352 2707 sed
3390 2642 3543 2709 inve-

1970 2714 2164 2767 mendo
2190 2713 2381 2791 fqrtetit
2406 2715 2548 2791 fecit.
2575 2715 2709 2791 Nam
2730 2727 2784 2770 ut
2808 2732 2923 2771 eam
2950 2718 3232 2785 inveniret,
3258 2723 3541 2791 nonaginta

1970 2797 2161 2839 novem
2199 2783 2417 2862 ditnisit_
2437 2786 2488 2839 in
2529 2787 2829 2862 nitentibus,
2870 2795 2924 2841 ct
2960 2783 3546 2862 q‘ttccsivit_'unaut'que

1967 2861 2274 2930 erraverat,
2314 2865 2367 2909 et
2394 2854 2640 2930 humeris
2677 2857 2787 2930 suis
2812 2854 3114 2930 ἰιιιροεῖιςιιιι
3155 2859 3222 2914 ad
3249 2862 3388 2916 ovile
3418 2854 3544 2930 pro-

1967 2924 2155 2997 primu
2168 2926 2431 2997 revocavit
2454 2924 2725 2997 (Luc.xyv,
2744 2927 2800 2990 4,
2826 2924 2905 2997 5).
3012 2975 3027 2988 ,

2037 2993 2091 3065 2.
2124 2992 2277 3065 Lana
2288 3004 2332 3046 et
2354 2992 2514 3047 linunt
2532 2996 2654 3065 quid
2684 2996 2985 3065 signiﬁcent.
3010 3027 3079 3037 -—
3099 2997 3294 3053 Lanam
3315 3008 3359 3054 et
3381 3001 3539 3056 linum

1966 3063 2085 3132 fecit
2123 3062 2350 3117 manibus
2387 3065 2510 3119 suis.
2546 3062 2839 3120 Lanificam
2870 3076 2923 3121 et
2961 3067 3209 3123 linificam
3242 3081 3537 3126 matronam

1967 3134 2121 3207 istam
2153 3143 2368 3207 sanctus
2395 3150 2573 3207 sermo
2601 3135 2870 3207 describit.
2902 3135 3106 3204 Qu:cris
3136 3138 3273 3194 forte
3301 3157 3329 3192 a
3360 3141 3537 3207 nobis,

1964 3203 2089 3278 quid
2128 3205 2197 3256 sit
2242 3205 2401 3278 lana,
2439 3206 2564 3278 quid
2604 3205 2811 3278 linum?
2848 3204 2992 3259 Lana
3039 3210 3251 3278 carnale
3296 3203 3534 3278 aliquid,

1964 3272 2128 3345 linum
2162 3288 2290 3327 vero
2326 3272 2603 3345 spirituale
2641 3274 2899 3343 significat
2930 3293 2943 3328 :
2974 3276 3094 3345 quia
3136 3280 3186 3330 itt
3224 3272 3411 3332 ordine
3442 3272 3535 3334 ve;

1964 3343 2338 3397 Stitnctttorum
2379 3344 2629 3413 ittteriora
2659 3353 2782 3398 sunt
2822 3346 2959 3397 linea
2993 3343 3317 3400 'vestitttenta
3339 3389 3355 3413 ,
3385 3350 3533 3402 lanea

1962 3427 2092 3484 vero
2118 3415 2405 3466 exteriora.
2437 3411 2614 3484 [Lana
2655 3416 2813 3469 etiam
2839 3415 2903 3467 de
2926 3416 3303 3471 commixtione
3328 3411 3533 3472 amma-

1965 3482 2094 3537 lium
2124 3485 2374 3551 nascitur.
2416 3482 2605 3555 Linum
2645 3500 2771 3539 vero
2808 3484 2922 3537 sine
2958 3484 3134 3555 carnis
3173 3487 3439 3555 voluptate
3468 3489 3534 3543 de

1964 3560 2105 3626 terra
2148 3561 2489 3626 procreatur;
2531 3553 2651 3608 ideo
2688 3554 2945 3626 castitatis
2971 3553 3253 3626 itttagincm
3286 3553 3535 3626 praeferre

1963 3622 2170 3676 videtur
2204 3642 2216 3675 :
2248 3624 2301 3676 in
2328 3633 2528 3677 tantum
2568 3634 2625 3678 ut
2649 3625 2951 3679 sacerdotes
2983 3622 3185 3680 Veteris
3211 3627 3251 3680 Τ
3257 3622 3534 3681 estatncnti

1962 3708 2029 3763 ex
2062 3703 2325 3761 prtccepto
2362 3693 2538 3763 Legis,
2567 3704 2782 3763 propter
2808 3696 3065 3749 castitatis
3095 3695 3366 3761 indicium,
3385 3698 3537 3751 lineis

1962 3762 2305 3836 fettntraiibus
2331 3762 2623 3836 uterentur.
2657 3764 2799 3834 Ergo
2825 3765 2877 3818 in
2917 3765 3033 3819 lana
3059 3767 3271 3821 carnale
3296 3768 3488 3836 aliquid
3515 3808 3533 3833 ,

1963 3832 2014 3886 in
2059 3833 2170 3887 lino
2208 3849 2336 3906 vero
2371 3835 2643 3906 spirituale
2685 3832 3026 3906 significatur.
3062 3837 3162 3890 Pro
3191 3838 3342 3891 laude
3371 3832 3531 3892 etiam

1963 3902 2276 3975 pannulum]
2304 3902 2510 3957 Iuvenis
2530 3905 2671 3958 enim
2701 3902 2968 3961 hominem
2993 3908 3344 3974 porrigentem
3372 3923 3531 3961 manu

1961 3974 2328 4044 eleetnosyttas
2356 3975 2608 4044 pauperi,
2642 3990 2741 4028 nec
2772 3984 2947 4044 tamen
2967 3975 3031 4027 de
3064 3976 3171 4028 Deo
3202 3977 3271 4028 ibi
3293 3978 3531 4044 cogitan-

1963 4050 2066 4095 tem
2087 4082 2104 4108 ,
2133 4043 2226 4096 sed
2267 4043 2565 4097 homintbns
2596 4044 2803 4111 placere
2831 4043 3130 4112 cupientem
3162 4063 3175 4098 :
3206 4043 3411 4098 laneam
3442 4062 3533 4100 vc-

1959 4121 2117 4173 stem,
2159 4128 2275 4181 qua:
2304 4112 2482 4181 videri
2523 4122 2713 4181 potest,
2757 4112 2945 4177 habet;
2988 4114 3296 4167 interiorem
3338 4114 3533 4169 lineam

1961 4197 2066 4235 ttott
2099 4182 2277 4235 habet.
2299 4180 2699 4235 lttvettis’aiium
2725 4181 2988 4236 dicentem
3020 4182 3110 4236 tibi
3133 4225 3145 4247 ,
3172 4183 3376 4237 Sullieit
3402 4186 3531 4239 mihi

1960 4254 2283 4305 conscientia
2313 4267 2451 4323 mea,
2483 4253 2645 4306 Deum
2668 4253 2807 4317 colo,
2839 4253 3001 4306 Deutn
3027 4252 3223 4317 adoro;
3251 4255 3374 4323 quid
3404 4254 3533 4310 tttilti

1959 4338 2092 4391 opus
2116 4334 2195 4376 est
2222 4323 2288 4375 ad
2328 4322 2606 4376 ecclesiam
2646 4323 2722 4376 ire
2743 4364 2758 4389 ,
2798 4332 2889 4376 aut
2918 4322 3193 4378 visibilitcr
3217 4322 3532 4379 Christianis

1959 4392 2205 4447 misceri?
2231 4393 2421 4446 lineam
2463 4394 2573 4446 vnit
2610 4392 2807 4449 habere
2844 4394 2960 4448 sine
2999 4394 3195 4448 tunica.
3237 4394 3352 4448 Non
3383 4395 3534 4449 novit

1960 4478 2133 4531 neque
2180 4462 2520 4517 commendat
2572 4463 2693 4516 talia
2738 4479 2898 4532 opera
2938 4465 3126 4517 mulier
3174 4465 3291 4518 ista.
3334 4463 3533 4519 Invenit

1959 4532 2074 4586 lucc
2101 4532 2291 4586 mulier
2321 4534 2490 4585 lauant
2517 4543 2561 4587 et
2601 4533 2793 4599 linunt,
2820 4544 2865 4587 et
2894 4533 3007 4602 fecit
3037 4535 3173 4588 utile.
3207 4535 3352 4588 Multi
3382 4536 3531 4590 inve-

1960 4605 2143 4666 niunt;
2192 4602 2288 4656 sed
2334 4618 2439 4655 non
2496 4602 2693 4657 faciunt
2747 4604 2875 4657 utile
2928 4605 3169 4658 manibus
3214 4605 3344 4658 s'nis.
3397 4604 3533 4659 Cum

1959 4671 2187 4726 libenter
2216 4672 2445 4737 auditis,
2480 4672 2727 4728 invenitis
2752 4691 2765 4727 :
2792 4688 2912 4727 cum
2942 4673 3075 4728 bene
3101 4675 3275 4729 vivitis
3294 4716 3308 4738 ,
3338 4674 3530 4729 facitis.

2030 4742 2084 4795 '5.
2116 4741 2256 4814 Quid,
2277 4744 2442 4796 colunt
2468 4755 2513 4795 et
2540 4746 2726 4814 fusum.
2756 4772 2829 4784 —
2850 4742 3071 4796 Brachia
3106 4762 3200 4799 sua
3238 4746 3452 4814 ﬁrmarit
3482 4746 3535 4800 in

1958 4816 2094 4883 fuso.
2126 4813 2199 4867 De
2236 4812 2354 4866 fuso
2394 4814 2497 4867 isto
2517 4854 2531 4875 ,
2560 4813 2711 4883 quod
2743 4814 2995 4869 Dotninus
3031 4812 3273 4882 dederit,
3314 4816 3484 4871 dicam
3517 4833 3532 4871 :

1959 4882 2429 4962 nequeenittiista
2464 4882 2851 4962 lanittcia__s_tt_nt
2876 4900 2906 4962 a
2946 4885 3074 4940 viris
3103 4887 3296 4941 aliena.
3332 4887 3386 4940 ltt
3418 4886 3535 4941 fuso

1959 4951 2487 5026 lauiﬁciuntsignat,
2530 4955 2579 5005 itt
2615 4954 2840 5026 lanificio
2879 4956 3074 5009 bonum
3115 4973 3248 5026 opus
3288 4967 3534 5025 tanquam

1957 5023 2459 5095 castm‘muliertsiet
2480 5032 2735 5095 matrona:
2757 5025 3011 5094 impigr-az.
3044 5023 3331 5095 Diligenter
3359 5023 3532 5079 tamen

1955 5092 2172 5147 attende
2195 5094 2245 5146 in
2271 5092 2498 5145 lanificio
2520 5094 2625 5147 duo
2660 5092 3031 5160 instrumenta,
3056 5092 3230 5148 colum
3254 5105 3303 5147 et
3335 5094 3531 5147 fusum.

1957 5161 2016 5233 in
2056 5162 2327 5233 cololana
2367 5164 2630 5228 involuta,
2667 5180 2785 5233 qua:
2818 5166 2903 5217 liio
2927 5164 3168 5219 ducenda
3209 5171 3442 5217 transeat
3481 5165 3533 5217 in

1958 5231 2153 5288 fusum.
2182 5232 2335 5300 Quod
2364 5233 2555 5289 incolo
2582 5231 2875 5296 invulututn
2897 5242 2996 5298 est,
3022 5234 3196 5288 adhuc
3217 5236 3268 5287 itt
3292 5234 3528 5299 sinistra,

2026 5430 2042 5461 ι
2074 5428 2205 5491 Apud
2239 5430 2574 5492 Augustinum,
2604 5435 2832 5479 Donatus.

2039 5502 2091 5566 it)
2116 5501 2252 5561 Alias,
2270 5503 2336 5551 de
2358 5511 2593 5566 Tempore
2609 5503 2717 5552 2i7.

2038 5562 2089 5625 ὁ)
2106 5568 2155 5611 ιιι
2179 5564 2451 5627 Αρρειιὸιεε
2469 5562 2597 5613 nunc
2612 5565 2817 5627 primum
2836 5562 3112 5616 collocatur.
3125 5570 3191 5614 Ex
3208 5565 3384 5615 eodem
3407 5565 3542 5617 fonte

1954 5623 2156 5688 haustus
2171 5623 2316 5688 pado
2349 5623 2649 5685 praecedens.
2686 5625 2931 5688 conclusio
2955 5630 3147 5677 referre
3179 5628 3369 5688 Cic-sarii
3396 5628 3544 5688 inge-

1955 5687 2087 5732 nium
2107 5682 2329 5750 ινίιῐῑθιιιν.Δ
2349 5682 2687 5736 additamenta
2713 5685 2804 5737 alia
2842 5688 3080 5750 praecipua
3102 5687 3344 5739 uttcinuiis
3376 5682 3551 5741 disiic—

1952 5744 2148 5807 gueuda
2172 5746 2458 5797 curavimus.

3300 5842 3351 5855 ..δά
