4036 6188
393 313 528 372 1855

388 437 443 483 et
473 423 706 481 nondum
735 424 787 478 in
812 424 929 480 fuso
959 432 1040 479 est
1064 426 1080 456 ¹
1113 441 1126 478 :
1152 421 1293 492 quod
1321 421 1372 475 in
1401 421 1519 492 fuso
1544 418 1827 492 collectum
1857 429 1961 484 est,

386 501 494 579 jam
524 496 848 579 praeteritum
880 491 1306 579 est._0pus"crgo
1329 500 1480 579 italum
1510 491 1560 542 in
1589 491 1829 579 fuso-sit,
1851 504 1964 579 pou

392 559 444 623 in
485 559 623 622 colo.
658 566 713 619 In
753 566 873 619 colo
910 559 1176 618 enim‘est
1212 559 1351 630 quod
1380 561 1611 630 facturus
1635 574 1732 630 es;
1763 560 1817 612 in
1849 559 1967 630 fuso

391 638 532 707 quod
565 637 752 690 fecisti.
782 634 916 688 Vide
955 649 1082 707 ergo
1116 633 1160 685 si
1198 628 1364 707 habes
1402 629 1612 707 aliquid
1632 629 1682 682 in
1713 628 1848 682 fuso.
1892 628 1966 707 lbi

391 699 533 761 enim
565 709 840 759 firmantur
869 699 1082 760 brachia
1112 711 1197 755 tua
1219 744 1234 766 ,
1268 702 1336 754 ibi
1367 701 1469 755 erit
1496 699 1647 753 fortis
1667 699 1966 752 constantia

395 786 480 831 tua
503 820 515 838 ,
546 777 612 829 ibi
653 790 874 828 securus
908 775 1014 827 Deo
1040 773 1186 827 dices
1217 791 1228 824 :
1260 772 1359 834 Da,
1393 769 1694 840 quiadedi;
1727 769 1966 840 dimitte,

393 849 512 914 quia
543 846 752 908 dimisi;
783 844 893 914 iac,
925 845 1043 912 quia
1075 842 1196 897 feci.
1221 839 1374 908 Quod
1405 838 1600 907 pendet
1636 839 1690 914 in
1718 839 1866 914 colo,
1901 839 1969 892 ad

394 908 569 970 fusum
602 908 966 979 trajiciendmn
997 924 1079 968 est
1116 931 1128 967 :
1163 928 1266 965 non
1297 922 1473 964 autem
1511 909 1649 978 quod
1688 908 1969 979 collectum

394 995 476 1039 est
517 987 567 1038 in
610 977 824 1054 fusum,
848 983 911 1036 ad
948 986 1128 1054 colum_
1165 981 1532 1054 revocandum
1551 987 1651 1032 est.
1687 978 1826 1054 Ergo
1853 977 1972 1054 vide

435 1055 519 1108 uid
552 1070 696 1123 agas,
723 1064 780 1106 ut
808 1049 1001 1107 habeas
1028 1055 1078 1107 in
1109 1051 1244 1114 fuso,
1272 1060 1330 1104 ut
1350 1049 1565 1123 brachia
1597 1056 1680 1123 tua
1710 1049 1887 1101 firmes
1919 1049 1970 1123 in

435 1071 519 1108 tlttl
552 1071 696 1123 agas,
723 1071 780 1106 ιιι
809 1071 1001 1107 naneas
1029 1071 1078 1107 In
1109 1071 1244 1114 Iuso,
1272 1071 1330 1104 tu
1357 1071 1565 1103 Dracmn
1597 1071 1680 1101 tua
1710 1071 1887 1101 urmcs
1920 1071 1970 1100 Ill

395 1071 513 1178 iluso
534 1167 546 1182 .
579 1125 717 1194 quod
761 1135 811 1178 te
848 1125 1154 1178 consoletur
1177 1164 1201 1194 ,_
1215 1121 1373 1194 quod
1397 1129 1447 1174 te
1485 1120 1763 1194 continuet
1785 1159 1799 1182 ,
1831 1117 1973 1188 quod

395 1196 489 1250 tibi
515 1189 610 1249 det'
635 1195 876 1248 fiduciam
905 1192 1224 1260 deprecandi
1243 1189 1309 1244 ct
1337 1189 1602 1260 sperandi.

467 1267 520 1317 4.
551 1264 778 1317 Christus
809 1255 1074 1333 dupliciter
1117 1273 1160 1316 et
1199 1255 1499 1333 simpliciter
1529 1257 1832 1333 laudandus.
1873 1255 1974 1312 Se-

397 1335 608 1403 quitur,
654 1334 839 1386 Manus
881 1327 1000 1386 suas
1045 1333 1240 1398 aperuit
1289 1327 1519 1403 pauperi.
1571 1328 1697 1403 Εἰς),
1749 1327 1972 1403 fratres,

400 1399 649 1458 exercete
691 1405 972 1456 lanificium
1014 1399 1368 1456 sanctum.’Si
1410 1401 1528 1467 quis
1571 1399 1730 1450 habet
1762 1399 1973 1464 plenum

399 1475 693 1535 cellarium,
731 1474 941 1541 plenum
969 1474 1255 1534 horreum;
1285 1471 1458 1522 omnia
1487 1469 1581 1521 ista
1607 1467 1656 1519 in
1686 1469 1804 1541 colo
1828 1475 1973 1532 sunt,

401 1551 673 1596 transeant
703 1537 752 1594 in
782 1543 973 1596 fusum.
1008 1541 1097 1613 [In
1127 1542 1338 1613 sinistra
1379 1547 1531 1613 sunt,
1563 1537 1814 1613 quamdiu
1844 1552 1975 1604 pau-

403 1613 617 1682 peribus
640 1628 744 1665 non
767 1608 1067 1681 erogavcris
1093 1632 1104 1665 :
1131 1621 1182 1666 at
1205 1612 1292 1664 ubi
1322 1608 1975 1682 cmperisAiclceinOsynam

403 1676 598 1747 facere,
629 1676 1014 1736 transferuntur
1041 1682 1105 1736 ad
1129 1676 1432 1741 dexteram,
1465 1687 1518 1731 et
1556 1680 1611 1731 lit
1641 1693 1771 1745 Opus
1795 1676 1979 1740 ,‘unde

408 1752 572 1824 vestis
602 1752 973 1824 lieriipossit.]
1005 1751 1189 1806 Omnes
1226 1750 1482 1802 domestici
1513 1749 1620 1820 ejus
1650 1748 1809 1824 aestui
1841 1756 1975 1824 sunt.

404 1821 668 1888 Numquid
700 1823 766 1875 de
794 1818 1030 1877 nuditate
1059 1837 1331 1875 servorum
1354 1818 1570 1872 suorum
1599 1818 1856 1871 sollicitus
1880 1820 1981 1888 erit

402 1892 487 1946 vir
511 1891 625 1962 ejus
642 1891 858 1962 habens
882 1893 1157 1962 conjugem
1190 1891 1386 1962 talem?
1415 1888 1701 1962 [Quis__es_t
1740 1887 1977 1962 i_ste_v_ir1

407 1907 487 1946 vn'
511 1907 541 1948 e
566 1907 625 1949 us
657 1907 858 1946 nanens
882 1908 1157 1962 conjugem
1190 1907 1344 1944 talem
1368 1907 1385 1942 .'
1415 1907 1580 1961 [uuis
1619 1907 1701 1941 ρει
1741 1907 1838 1940 ιειθ
1864 1907 1944 1940 vrr
1965 1928 1977 1948 ,

407 1964 505 2035 nisi
529 1907 771 2018 fibristus
787 1961 812 2017 τ
829 1973 920 2017 aut
945 1978 1062 2035 qua:
1084 1971 1164 2035 est
1187 1960 1378 2035 coltjux
1401 2001 1415 2021 ,
1439 1959 1538 2035 nisi
1569 1957 1800 2035 Ecclesia
1830 1955 1980 2035 (a)?_]

409 2032 595 2087 VeStiti
637 2043 797 2099 sunt,
840 2027 1099 2103 qtiotquot
1126 2031 1193 2103 in
1232 2028 1445 2103 Christo
1474 2028 1725 2103 baptiza‘ti
1748 2027 1985 2103 sunt.__Et

410 2103 533 2155 boni
564 2105 700 2156 servi
731 2097 790 2156 et
815 2097 936 2157 mali
964 2097 1136 2156 vestiti
1161 2108 1303 2156 sunt.
1330 2098 1444 2155 Non
1473 2105 1646 2151 cessat
1675 2097 1761 2150 illa
1795 2097 1986 2150 mulier

408 2187 595 2226 omnes
625 2173 819 2227 vestire
849 2191 863 2226 :
898 2184 950 2225 nt
977 2187 1136 2226 nemo
1164 2181 1417 2240 queratur
1453 2175 1508 2222 et
1531 2167 1693 2240 dicat,
1725 2166 1984 2240 ldeo_non

408 2257 524 2294 sum
571 2243 705 2296 bene
753 2252 1022 2308 operatus,
1069 2237 1196 2309 quia
1236 2255 1341 2309 non
1385 2253 1501 2292 sum
1552 2238 1690 2309 bene
1739 2237 1984 2309 vestitus.

408 2309 652 2378 Duplicia
682 2305 841 2378 pallia
867 2313 980 2379 fecit
1008 2305 1112 2364 viro
1133 2326 1244 2362 suo.
1273 2308 1435 2362 Pallia
1467 2308 1656 2379 laudes
1680 2315 1825 2379 sunt,
1857 2305 1987 2361 fides

410 2390 464 2433 ct
491 2376 876 2434 confessiones;
910 2381 1118 2434 Laudas
1150 2381 1335 2440 Deum,
1361 2376 1546 2431 laudas
1570 2377 1854 2432 hominem.
1888 2379 1986 2429 Itu-

411 2452 620 2520 pliciter
666 2452 880 2514 laudas,
933 2461 984 2504 et
1030 2449 1352 2520 simpliciter
1394 2448 1576 2500 laudas
1623 2465 1636 2498 :
1687 2447 1985 2520 dupliciter,

411 2514 532 2589 quia
565 2521 723 2574 homo
749 2531 831 2576 est
851 2531 896 2571 et
928 2523 1099 2582 Dens;
1133 2514 1463 2589 simpliciter,
1489 2532 1592 2570 non
1612 2526 1682 2589 _ut
1707 2519 1782 2569 sis
1813 2514 1986 2589 fictus.

412 2587 690 2648 Photinus.
709 2607 737 2644 a
761 2605 866 2660 quo
891 2591 1121 2643 haeretici
1145 2587 1446 2660 PhOtiniaui
1472 2587 1990 2660 appellantur,qnasi

414 2661 634 2730 simplex
663 2657 873 2729 pallium
910 2661 1031 2714 fecit
1055 2662 1168 2713 viro
1197 2673 1312 2711 suo.
1344 2657 1528 2730 Solum
1547 2659 1697 2730 _enir_n
1723 2657 1990 2730 hominem

414 2725 675 2789 credidit,
707 2731 976 2784 Christum
1010 2731 1172 2783 Deum
1200 2730 1378 2781 colere
1413 2727 1603 2779 noluit.
1640 2727 1830 2780 Existit
1857 2725 1993 2778 alter

417 2809 602 2853 texens
631 2801 744 2852 viro
781 2814 876 2854 suo
917 2815 1208 2868 pannosum
1242 2797 1478 2868 pallium.
1509 2796 1596 2868 Ait
1627 2798 1767 2868 enim
1789 2793 1990 2868 ,_Cbri-

415 2880 530 2924 stus
563 2870 698 2923 Deus
718 2878 800 2923 est
829 2865 1053 2930 tantum,
1082 2868 1297 2922 omnino
1329 2865 1557 2918 hominis
1587 2866 1713 2919 nihil
1745 2865 1943 2919 habens
1978 2882 1990 2916 :

420 2940 522 2993 hoc
549 2938 822 2992 Manicha-i
855 2939 1058 2992 dicunt.
1089 2937 1393 2992 Photiniani
1429 2935 1647 3000 dicunt,
1674 2935 1843 2988 Homo
1875 2943 1994 2987 tan-

419 3019 531 3062 tum
560 3016 676 3072 est;
708 3008 979 3063 Manichtei
1009 3009 1223 3072 dicunt,
1261 3008 1398 3060 Deus
1439 3013 1641 3058 tantum
1683 3015 1785 3060 est.
1820 3003 1996 3077 [Ecce

419 3079 489 3133 de
530 3079 671 3147 quali
715 3081 937 3134 ecclesia
983 3094 1140 3148 quam
1189 3077 1414 3146 pretiosa
1457 3077 1996 3148 vestimenta_p_roce-

418 3143 570 3202 dunt.
603 3149 664 3202 Et
692 3159 968 3218 prepterea
996 3143 1064 3204 de
1092 3143 1202 3202 illa'
1220 3148 1474 3218 scriptum
1506 3155 1594 3218 est,
1617 3145 1755 3214 quod
1774 3143 1794 3217 ]
1813 3144 1997 3218 dupli-

420 3219 500 3273 cia
530 3219 683 3286 pallia
713 3216 913 3273 fecerat
932 3220 1045 3273 viro
1066 3234 1184 3273 Sno.
1217 3217 1448 3286 Duplicia
1473 3216 1661 3283 pallia;
1685 3216 2001 3286 confitemur

421 3284 562 3342 enim
596 3289 757 3342 Deum
783 3291 834 3342 in
867 3289 1100 3352 homine,
1131 3297 1184 3341 et
1215 3284 1481 3341 hominem
1514 3287 1564 3339 in
1595 3287 1720 3340 Deo.
1754 3284 1830 3338 De
1855 3285 2000 3354 bysso

421 3368 469 3413 et
493 3375 716 3426 purpura
741 3361 1026 3413 vestimenta
1067 3357 1357 3428 spiritualia
1387 3357 1706 3428 prwparttvit.
1741 3357 1815 3409 De
1842 3354 2002 3428 bysso

423 3425 700 3484 candidam
723 3425 1134 3494 confessionem,
1153 3429 1219 3481 de
1239 3441 1464 3497 purpura
1487 3426 1772 3496 gloriosam
1797 3425 2002 3494 passio-

424 3515 564 3554 nem.
598 3499 818 3569 Byssum
841 3542 854 3561 ,
883 3515 999 3552 cum
1033 3500 1574 3569 Dcntnconlitemnr,
1616 3498 1953 3566 agnoscimus
1986 3511 1998 3546 :

426 3568 686 3639 purpuras
717 3571 766 3622 in
796 3571 1116 3639 martyribus
1143 3568 1526 3639 collaudamus._

501 3637 575 3709 [ὅ.
600 3634 952 3709 Eleemosgnas
973 3637 1296 3707 facientes,de
1306 3637 1414 3690 colo
1431 3636 1624 3709 trahere
1639 3634 1928 3709 festinemus
1939 3635 2012 3688 ad

431 3704 619 3779 [us—um,
641 3717 684 3779 et
702 3708 764 3760 de
780 3704 981 3779 sinistra
1000 3711 1359 3779 transferamus
1379 3706 1444 3756 ad
1462 3705 1732 3779 dexteram.
1761 3704 1887 3767 Nos,
1911 3707 2006 3756 fra-

432 3774 558 3840 tres,
575 3777 764 3844 quibus
783 3777 918 3830 [)eus
945 3774 1147 3830 tantum
1170 3777 1362 3828 bonum
1384 3775 1624 3828 conferre
1643 3774 1883 3842 dignatus
1901 3783 2003 3844 est,

434 3855 493 3900 ut
521 3843 619 3899 nec
657 3846 723 3900 de
745 3847 960 3904 .lnd:ris.
998 3862 1095 3900 nec
1120 3846 1186 3899 de
1217 3845 1480 3899 luereticis
1510 3858 1872 3905 nasceremur,
1911 3843 2007 3897 sed

429 3916 703 3970 catholica
730 3916 978 3970 Ecclesize
993 3918 1083 3969 lilii
1099 3931 1215 3969 esse
1237 3929 1564 3969 mererentur
1583 3931 1594 3972 ;
1615 3922 1867 3982 quantum
1888 3928 2010 3980 pos-

431 4002 635 4048 sumus,
666 3986 773 4040 Deo
798 3989 995 4055 gratias
1018 3986 1328 4045 referamus,
1344 3983 1766 4055 quinobislidem
1787 3993 2004 4047 rectam,

430 4057 595 4110 ctsihi
625 4053 866 4125 placitam
895 4058 1150 4122 inSpirare
1168 4056 1250 4110 vel
1267 4056 1538 4109 insinuare
1558 4053 1801 4125 dignatus
1825 4061 1905 4106 est
1925 4062 2012 4122 :_et

431 4128 557 4181 totis
578 4123 776 4181 viribus
805 4129 950 4195 (quia
973 4125 1103 4195 fides
1126 4126 1241 4182 sine
1272 4125 1520 4194 operibus
1551 4138 1647 4177 nos
1673 4123 1879 4176 salvare
1905 4139 2008 4176 non

432 4200 632 4266 potest)
660 4198 724 4250 ad
762 4193 1034 4267 spirituale
1076 4193 1363 4250 lanificium
1396 4196 1521 4248 illud
1560 4204 1775 4267 nostros
1805 4196 2012 4267 animos

433 4264 812 4336 priuspzirei'itusl
855 4267 1058 4334 Jugitcr
1084 4267 1203 4318 ideo
1233 4268 1602 4336 eleemosynas
1630 4265 1912 4336 facientes,
1945 4264 2012 4317 de

431 4335 548 4389 colo
580 4337 787 4390 trahere
813 4337 1119 4389 festinemus
1141 4336 1205 4388 ad
1234 4337 1426 4398 fusum,
1446 4335 1579 4388 etde
1601 4335 1812 4387 sinistra
1837 4343 2006 4388 trans-

432 4405 667 4460 feramus
702 4407 769 4459 ad
828 4406 1103 4458 dexteram
1155 4423 1167 4459 :
1210 4415 1264 4457 ut
1297 4420 1388 4472 per
1417 4406 1781 4474 elecmosynas
1815 4419 2013 4473 panpe-

435 4491 554 4529 rum
595 4476 789 4530 stolam
825 4477 1186 4543 unusquisque
1222 4483 1458 4527 nostrum
1490 4483 1751 4542 przeparct
1778 4475 1826 4526 in
1856 4485 2013 4527 a'ler-

437 4561 562 4600 nmn
584 4585 599 4610 ,
643 4555 732 4609 ut,
763 4547 898 4599 sicut
926 4546 1050 4598 dicit
1081 4546 1366 4611 Apostolus
1388 4585 1400 4604 ,
1443 4545 1493 4596 in
1524 4545 1729 4598 (:(Bleeti
1771 4545 2016 4598 convivio

439 4617 598 4670 vestiti
627 4626 674 4669 et
700 4633 798 4669 non
830 4616 952 4668 nudi
982 4615 1292 4668 inveniamur
1320 4614 1395 4685 (ll
1425 4612 1542 4668 Cor.
1571 4631 1624 4679 v,
1652 4615 1710 4682 5)
1737 4632 1748 4667 :
1779 4630 1842 4666 ne
1865 4615 2017 4667 nobis

437 4686 659 4751 dicatur,
684 4687 873 4752 Amice,
897 4685 1144 4756 quomodo
1166 4686 1263 4756 huc
1283 4685 1480 4756 intrasti
1505 4701 1604 4737 non
1628 4685 1814 4737 habens
1839 4695 2017 4756 vestrm

439 4759 713 4828 nuptialem
736 4755 946 4826 (Manli.
971 4773 1076 4811 xxn
1098 4796 1113 4819 ,
1139 4755 1263 4828 19)?
1285 4755 1376 4828 sed
1400 4756 1567 4828 magis
1587 4755 1654 4808 ab
1674 4756 1851 4807 auditu
1879 4755 2019 4828 male

441 4824 674 4892 liberati,
709 4824 848 4881 illam
882 4829 1086 4882 felicem
1116 4836 1167 4882 et
1193 4824 1596 4880 desiderabilem
1625 4839 1804 4877 vocem
1834 4824 2020 4878 audire

441 4913 771 4961 mereamur,
811 4896 983 4951 Venite
1006 4937 1021 4962 ,
1050 4896 1291 4950 benedicti
1323 4897 1494 4950 Patris
1516 4897 1644 4960 mei,
1675 4896 1915 4962 percipite
1943 4911 2023 4947 re-

438 4985 591 5057 gnem
620 4971 1119 5057 qttoldprwparatum
1139 4978 1215 5057 est
1241 4969 1302 5020 ab
1331 4969 1523 5057 origine
1548 4966 1722 5019 mundi
1750 4964 1859 5036 (Id.
1896 4980 2016 5030 xxv,

444 5035 557 5112 5i);
590 5035 729 5110 quod
754 5035 865 5110 ipse
887 5035 1142 5109 pra-stare
1169 5035 1459 5108 digneturl]

971 5149 1198 5206 SERth
1238 5149 1353 5203 ιιι(
1397 5149 1493 5217 (b).

589 5245 662 5300 De
686 5247 842 5300 tribus
875 5246 1042 5315 pueris
1072 5242 1235 5296 missis
1266 5241 1317 5294 in
1353 5243 1604 5312 (emacem
1632 5240 1762 5310 ignis
1791 5237 1880 5309 (c).

520 5359 572 5412 1.
615 5356 842 5428 Tyranni
891 5356 1080 5409 sccvitia
1128 5354 1180 5406 in
1228 5362 1327 5406 tres
1383 5368 1584 5422 pueros.
1630 5351 1789 5406 Jubet
1841 5361 2026 5421 tyran-

507 5496 524 5557 t
564 5493 872 5557 Augustinus,
891 5488 1053 5557 adhuc
1077 5487 1294 5557 [taurum
1312 5491 1418 5557 est;
1441 5484 1569 5557 quod
1590 5482 1640 5535 in
1664 5486 1771 5548 fuso
1787 5491 1872 5556 est.

502 5556 576 5616 (ιι)
599 5548 694 5605 [th
715 5567 841 5616 nunc
862 5548 928 5616 ab,
946 5548 1210 5616 Augustino
1226 5550 1368 5597 abest
1391 5563 1402 5596 :
1429 5548 1518 5598 sed
1539 5557 1700 5596 tamen
1717 5549 1960 5609 reperitur
1984 5548 2032 5596 in

452 5609 719 5668 tera'Beda:
740 5609 1038 5664 (bllectione'
1052 5611 1110 5659 ad
1134 5609 1281 5658 Galat.
1309 5624 1341 5658 ι.

527 5681 579 5737 b)
613 5677 755 5734 Alias,
777 5678 841 5726 de
863 5684 1098 5737 Tempore
1119 5670 1228 5737 “liti.

527 5681 557 5726 υ
613 5679 755 5734 Alias,
777 5679 841 5726 de
863 5684 1098 5737 Tempore
1119 5679 1228 5719 2w.

503 5679 579 5796 icti
612 5745 662 5785 tu
687 5737 953 5799 Appendice
987 5748 1112 5784 nunc
1146 5734 1350 5795 primum
1372 5731 1644 5785 collocatur.
1675 5734 1845 5785 incerti
1875 5739 2033 5782 aucto-

1835 303 2199 362 APPENDIX.

3525 308 3658 366 1836

2077 432 2178 490 nus
2203 416 2475 490 fornacem
2499 417 2748 484 incendi,
2787 427 2842 474 et
2879 428 3134 488 quantum
3171 417 3289 487 ipse
3317 421 3434 490 igne
3465 425 3660 481 furoris

2072 489 2312 551 ardebat,
2344 497 2488 542 tanto
2513 490 2806 543 sanctiores
2829 503 3026 557 pueros
3056 489 3479 550 consummabat.
3511 496 3659 553 Nunc

2074 558 2320 612 undantis
2349 557 2476 612 fumi
2499 558 2760 613 densitate
2786 559 2977 613 caelum
3009 561 3326 626 contegitur,
3359 579 3502 618 nunc
3531 565 3661 619 har-

2073 627 2226 701 rifico
2254 629 2430 681 sonitu
2455 628 2692 701 Chaldmi
2725 630 3232 701 cuuctiterrentur;
3266 643 3324 683 ut
3349 637 3656 701 magnitudo

2074 697 2267 751 divinre
2295 698 2595 753 severitatis
2627 713 2722 767 per
2746 698 2998 766 supplicia
3025 697 3656 758 monstrat-etttrmevie-

2074 768 2161 822 bat
2191 767 2453 821 violentus
2476 769 2718 822 inimicus
2744 810 2756 829 ,
2789 769 3105 837 supplicium
3135 773 3247 824 suis
3274 770 3484 824 famulis
3510 788 3658 838 qia-«eo

2075 840 2294 892 siturus.
2328 838 2630 902 Szeviehat,
2673 853 2775 892 non
2808 848 2863 892 ut
2896 841 3068 904 jnstos
3099 840 3419 904 trucidaret,
3463 842 3556 895 sed
3604 855 3662 897 ut

2075 909 2187 962 suis
2215 909 2483 962 interitum
2520 918 2848 976 procuraret.
2881 909 3180 973 Sarviehat,
3214 924 3317 964 nou
3352 917 3408 964 ut
3449 926 3666 966 cresce»

2075 987 2192 1049 rent
2215 993 2491 1049 poenarum
2517 989 2817 1046 augmenta.
2851 978 2942 1032 sed
2966 988 3021 1030 ut
3046 980 3251 1033 cunctis
3273 990 3664 1037 monstraretur

2076 1048 2252 1118 divina
2283 1057 2547 1116 potestas;
2572 1058 2629 1101 ut
2657 1049 2780 1101 dum
2808 1049 2955 1118 impii
2979 1050 3249 1118 suppliciis
3279 1051 3663 1118 gloriarentur,

2079 1117 2409 1171 llatnntarum
2455 1120 2652 1188 impetu
2699 1117 3030 1172 vorarenlur.
3069 1117 3374 1174 Sawiebant
3421 1123 3668 1176 scelerati

2078 1187 2310 1261 libaldmi
2331 1187 2611 1261 suppliciis
2640 1189 2990 1261 hrzesentihus
3014 1191 3253 1261 perituri.
3287 1200 3341 1244 ct
3365 1190 3666 1246 futurorum

2080 1257 2243 1326 ignari
2274 1257 2496 1312 miniétri
2515 1258 2658 1327 jussa
2678 1259 2994 1323 accelerant,
3014 1257 3205 1327 parant
3229 1261 3490 1324 incendia,
3510 1261 3666 1315 ﬂam-

2083 1341 2199 1398 mas
2236 1340 2578 1398 exaggerant.
2629 1326 2926 1382 Crudelitas
2957 1329 3072 1398 ejus
3110 1329 3343 1398 possidet
3389 1340 3623 1385 mentem
3649 1375 3664 1398 ,

2080 1397 2278 1451 smvilia
2314 1399 2555 1452 innnutat
2590 1399 2936 1452 voluntatem.

2149 1466 2202 1520 2.
2228 1467 2351 1521 Tres
2387 1469 2528 1537 pueri
2565 1469 2618 1520 in
2662 1472 2866 1539 fornace
2892 1469 3058 1522 illmsi.
3103 1469 3155 1521 In
3203 1467 3470 1524 fornacem
3512 1471 3666 1527 missi

2082 1547 2206 1591 sunt
2235 1541 2436 1604 sancti,
2468 1539 2668 1609 fugiunt
2697 1539 2921 1591 llannme
2942 1581 2956 1602 ,
2989 1539 3182 1592 cedunt
3209 1539 3355 1609 ignes
3377 1581 3390 1602 ,
3421 1540 3667 1596 incendia

2083 1618 2457 1674 expavescunt.
2486 1608 2696 1661 Tnncnt
2743 1611 2890 1671 ignes
2928 1609 3118 1661 laedere
3140 1608 3272 1677 quos
3304 1609 3510 1663 fuerant
3538 1613 3669 1674 iussi

2085 1679 2378 1732 incolumes
2421 1693 2712 1732 reservare.
2743 1678 3042 1734 Ostendunt
3065 1679 3329 1747 justornm
3375 1681 3625 1734 meritum
3653 1723 3668 1740 ,

2083 1747 2210 1819 dum
2233 1749 2438 1816 tyranni
2462 1757 2808 1803 contemnunt
2835 1749 3135 1819 imperium.
3159 1749 3301 1802 Licet
3319 1752 3517 1803 sanctis
3544 1768 3668 1803 cum

2085 1817 2206 1885 igne
2245 1819 2445 1886 jocari,
2479 1819 2669 1887 quibus
2699 1833 2816 1872 cum
2851 1817 3149 1872 hominibus
3195 1835 3298 1872 non
3332 1819 3476 1872 licuit
3517 1837 3670 1873 com-

2086 1890 2299 1960 morari.
2333 1889 2500 1960 Licuit
2528 1888 2820 1960 infornace
2854 1889 3014 1960 Deum
3048 1890 3312 1952 venerari,
3342 1906 3498 1958 quem
3523 1891 3666 1960 apud

2087 1957 2328 2011 homines
2351 1975 2452 2012 non
2480 1959 2622 2011 licnit
2645 1959 2910 2011 honorari.
2939 1959 3084 2011 Licet
3112 1957 3437 2012 flammarum
3469 1957 3668 2013 mereri

2088 2030 2338 2098 obsequia
2361 2069 2374 2091 ,
2402 2030 2488 2097 qui
2520 2043 2620 2081 non
2649 2038 2950 2082 meruerant
2977 2028 3344 2082 Chaldteornm
3387 2031 3668 2098 supplicia.

2090 2097 2237 2151 Licet
2265 2099 2471 2167 ignibus
2495 2102 2795 2152 conservari
2825 2099 3039 2163 ilhesos,
3070 2115 3202 2166 quos
3225 2097 3677 2168 tyrmumsdedc-

2091 2180 2168 2220 rat
2197 2169 2517 2221 exurcndos.
2557 2169 2701 2222 Licia
2727 2170 2776 2220 in
2808 2184 2959 2236 pruna
2991 2185 3108 2221 esse
3146 2183 3396 2232 securos,
3419 2185 3553 2236 quos
3582 2186 3677 2223 cx-

2094 2247 2168 2289 Ira
2198 2253 2406 2305 pmnam
2446 2254 2553 2290 non
2578 2239 2714 2292 licuit
2743 2253 2862 2292 eSse
2892 2241 3114 2293 intactos
3145 2257 3157 2292 :
3191 2248 3247 2290 ut
3275 2240 3358 2291 ubi
3394 2240 3640 2293 interitus
3660 2280 3674 2302 ,

2092 2307 2160 2360 ibi
2206 2310 2347 2378 salus
2379 2324 2392 2372 ;
2439 2309 2524 2361 ubi
2555 2310 2807 2376 supplicia
2829 2350 2842 2372 ,
2877 2309 2946 2361 ibi
2990 2308 3350 2361 invenirentur
3377 2308 3678 2378 refrigeria.

2093 2378 2308 2450 Accipe,
2327 2377 2524 2450 hostis,
2551 2393 2580 2430 a
2613 2379 3236 2450 supplieiisexemplnm,
3266 2381 3349 2450 qui
3381 2377 3680 2431 lunnanita-

2095 2449 2161 2501 tis
2213 2447 2482 2517 perdidisti
2535 2449 2832 2501 consilium.
2868 2447 3097 2516 Fugiunt
3137 2449 3510 2517 ignesjustos,
3545 2465 3682 2516 quos

2096 2519 2288 2584 injuste
2314 2519 2574 2573 damnasti
2609 2535 2622 2572 :
2651 2528 3007 2585 expavescunt
3053 2517 3306 2578 llamnuc,
3337 2529 3390 2570 et
3421 2520 3681 2571 innocen-

2098 2597 2175 2641 tes
2217 2590 2591 2656 pronuntiant,
2622 2601 2756 2658 quos
2797 2586 2987 2659 dignos
3014 2588 3274 2657 supplicio
3315 2589 3538 2659 deputas
3575 2605 3589 2640 :
3629 2599 3683 2641 et

2096 2674 2213 2726 quae
2239 2659 2428 2712 s:rvire
2451 2656 2874 2721 consueverant,
2903 2656 3094 2727 dignos
3133 2666 3349 2710 sanctos
3379 2659 3429 2712 in
3459 2657 3682 2727 fornace

2097 2730 2404 2797 cernebant.
2441 2729 2699 2781 Damnant
2728 2728 2910 2782 hostes
2936 2726 2989 2782 et
3014 2729 3293 2782 absolvunt
3320 2727 3488 2797 ignes.
3517 2726 3685 2782 Chal-

2097 2796 2196 2850 d:ei
2228 2798 2498 2865 adjiciunt,
2527 2807 2579 2852 et
2608 2815 2776 2866 preme
2802 2797 3111 2852 defendunt.
3145 2796 3398 2853 Homines
3427 2797 3675 2860 sreviunt,

2099 2876 2151 2920 et
2197 2868 2448 2940 supplicia
2499 2877 2835 2922 venerantur.
2889 2868 3168 2939 Tyrannus
3220 2870 3434 2937 putabat
3477 2878 3684 2922 tantum

2102 2946 2363 2991 tormenta
2396 2952 2550 3006 posse
2576 2940 2763 2992 saevire
2783 2979 2797 3004 ,
2826 2947 3076 3006 quantum
3113 2941 3226 3007 ipse
3252 2939 3538 3007 sacrilegus
3569 2941 3687 2993 exi-

2100 3007 2434 3078 SIimahatse
2479 3016 2790 3077 potestatem
2822 3008 3032 3062 habere.
3067 3009 3220 3078 Ignes
3254 3009 3410 3077 justis
3446 3009 3638 3062 cedunt
3669 3050 3684 3070 ,

2101 3077 2320 3131 ardores
2347 3077 2678 3132 flammarum
2705 3079 2755 3131 in
2798 3077 3130 3147 refrigerium
3170 3089 3446 3132 vertuntur
3466 3121 3478 3141 ,
3524 3089 3575 3132 et
3606 3080 3689 3131 in-

2103 3149 2301 3201 stitutae
2340 3158 2540 3202 natura:
2569 3163 2788 3204 voraces
2815 3149 3042 3216 impetus
3071 3149 3452 3203 obliviscuntur
3476 3166 3488 3212 ;
3521 3157 3577 3201 ut
3600 3148 3687 3216 ju-

2103 3228 2212 3272 stos
2235 3227 2552 3273 venerantes
2575 3220 2842 3280 timerent,
2861 3227 2913 3272 et
2940 3235 3124 3273 eorum
3155 3219 3336 3272 hostes
3360 3233 3688 3287 persequen-

2105 3296 2184 3341 tes
2231 3289 2496 3354 pinnircnt.
2531 3289 2678 3357 Ignes
2703 3289 2876 3357 justos
2911 3289 3140 3357 hospitio
3167 3304 3286 3342 cum
3313 3289 3456 3341 omni
3485 3287 3691 3340 honore

2107 3361 2432 3423 susripiunt,
2477 3367 2530 3411 ct
2575 3359 2800 3439 libenter
2851 3360 3162 3440 obsequium
3207 3359 3464 3440 praebent.
3514 3358 3691 3410 Hostis

2107 3436 2310 3481 niutato
2349 3444 2543 3498 genere
2591 3429 2778 3492 s:evit,
2820 3443 2918 3483 nec
2958 3430 3129 3497 aliqua
3174 3429 3368 3496 pietate
3412 3439 3687 3498 movetur,

2108 3513 2205 3552 nec
2235 3497 2558 3552 bmmtnilate
2589 3498 2874 3552 blanditur.
2917 3500 3105 3553 Posset
3130 3501 3369 3558 vincorc,
3411 3497 3456 3550 si
3481 3497 3691 3566 ignibus

2109 3568 2412 3637 imperaret.
2444 3569 2750 3622 Olferuntur
2779 3583 2905 3637 ergo
2937 3569 3286 3638 ignibusjusti
3319 3569 3512 3638 vestitu
3542 3568 3690 3626 tecti,

2108 3638 2332 3692 vinculis
2384 3639 2614 3707 colligati
2659 3657 2672 3692 :
2714 3637 3072 3693 defenduntur
3121 3638 3398 3692 ardoribus
3452 3637 3606 3701 iusti,
3638 3647 3690 3690 et

2109 3723 2242 3778 quos
2271 3709 2348 3760 vis
2385 3709 2609 3762 lmmana
2641 3709 2908 3762 damnavit
2929 3749 2942 3770 ,
2975 3709 3110 3778 ignis
3140 3707 3383 3762 absolvit.
3417 3707 3560 3761 Nihil
3598 3722 3692 3760 co-

2111 3780 2272 3845 gitat,
2307 3779 2434 3831 nihil
2478 3780 2682 3833 metuit.
2724 3780 2811 3831 Sic
2854 3793 3078 3848 namque
3113 3778 3396 3832 crudelitas
3421 3778 3695 3847 tyrannica

2111 3857 2354 3916 superata
2387 3849 2740 3916 prosternitur
2760 3889 2774 3912 ,
2799 3849 2924 3902 dum
2960 3851 3039 3901 sui
3069 3849 3323 3902 satellites
3347 3847 3693 3916 devorantnr.

2112 3915 2293 3971 Corruit
2323 3915 2532 3986 pristiam
2555 3961 2568 3980 ,
2599 3927 2652 3971 ct
2679 3933 2950 3972 servormn
2987 3919 3076 3972 Dei
3105 3917 3294 3984 aSpicit
3322 3919 3566 3986 gloriam.
3595 3915 3694 3969 Ju-

2113 3987 2208 4040 stis
2240 3993 2388 4056 ignes
2409 3988 2717 4058 obsequium
2753 3998 3023 4058 przestant,
3047 3988 3255 4056 injustis
3277 3987 3546 4041 interitum
3574 3987 3703 4039 sub-

2116 4059 2433 4111 ministrant.
2463 4058 2592 4111 Dum
2615 4059 2846 4112 vindicat
2872 4057 3083 4112 flamma
3102 4099 3114 4122 ,
3149 4059 3293 4128 impii
3322 4065 3612 4122 necantur,
3644 4065 3700 4110 et

2110 4128 2235 4198 justi
2266 4129 2555 4185 salvantur.

2188 4201 2238 4253 5.
2271 4199 2578 4252 Miraculmn
2605 4199 2827 4270 agnoscit
2868 4208 3130 4270 tyrannus.
3157 4197 3288 4270 Cum
3317 4197 3391 4270 ad
3427 4196 3702 4270 fornacem

2118 4277 2374 4338 tyrannus
2415 4268 2723 4323 festinanter
2752 4268 3046 4328 accederet,
3075 4279 3251 4335 stupet
3277 4268 3703 4338 laudem,‘mira-

2119 4336 2204 4392 tur
2234 4343 2450 4405 factum,
2473 4347 2754 4393 veneratur
2779 4339 2942 4392 Deum
2972 4352 3092 4392 cum
3124 4340 3290 4391 tribus
3313 4338 3487 4407 pueris
3515 4336 3565 4388 in
3591 4336 3706 4389 for-

2120 4425 2269 4464 nace.
2320 4411 2517 4476 ASpicit
2546 4410 2689 4478 justo
2732 4409 3015 4476 divinoque
3053 4409 3250 4462 ambitu
3297 4407 3538 4478 protegi,
3572 4420 3710 4472 quos

2122 4496 2288 4546 nuper
2322 4476 2560 4548 iusserat
2579 4479 2841 4533 violentus
2871 4479 3152 4545 exstingui.
3189 4480 3243 4533 ln
3275 4480 3376 4530 illis
3405 4477 3457 4529 in
3488 4476 3708 4528 fornace

2121 4551 2295 4615 videt,
2322 4547 2483 4618 quem
2515 4554 2562 4602 in
2594 4550 2697 4602 illis
2724 4558 2846 4601 ante
2886 4563 2990 4601 non
3025 4564 3143 4602 esse
3184 4558 3409 4617 putaret.
3442 4548 3558 4611 Quo
3589 4547 3709 4597 visu

2123 4623 2339 4673 territus
2371 4620 2531 4674 furori
2561 4619 2703 4673 addit
2731 4619 2998 4672 lenitatem
3034 4635 3048 4670 :
3083 4620 3140 4671 lit
3169 4630 3385 4686 repente
3409 4618 3712 4686 confessor,

2123 4693 2211 4760 qui
2259 4707 2427 4758 nuper
2458 4691 2630 4743 fuerat
2681 4685 3296 4760 persecutor.Pratdicat
3342 4701 3496 4756 quem
3550 4685 3716 4760 paulo

2123 4756 2248 4815 ante
2278 4756 2521 4830 negabat,
2546 4756 2784 4830 venerari
2818 4759 3074 4830 prmeipit,
3103 4761 3191 4828 qui
3241 4765 3558 4810 venerantes
3614 4756 3715 4805 da—

2125 4828 2637 4899 n‘tnavitfltogatde
2677 4828 2890 4882 fornace
2931 4829 3100 4896 justos
3143 4831 3718 4899 proculere,precal_.ur

2127 4904 2192 4954 de
2226 4903 2342 4970 igne
2375 4893 2721 4970 licivfamulos
2748 4893 3010 4968 prosilire.
3044 4893 3205 4963 lixiie,
3243 4899 3429 4965 inquit,
3461 4893 3589 4970 servi

2128 4964 2329 5024 excelsi.
2364 4971 2513 5024 Nunc
2534 4985 2618 5024 me
2649 4964 2979 5023 defensorem
3011 4970 3100 5022 Dei
3132 4964 3401 5038 proﬁteor,
3432 4965 3585 5032 cuius
3613 4964 3719 5016 ini-

2129 5043 2325 5094 micum
2371 5042 2530 5094 fuisse
2561 5048 2794 5100 constat;
2820 5049 2876 5092 ut
2901 5040 3049 5104 cujus
3075 5053 3258 5093 servos
3287 5039 3498 5106 ignarus
3532 5048 3718 5106 perse-

2131 5113 2351 5181 quebar,
2380 5112 2494 5180 ejus
2525 5111 2766 5181 inimicos
2792 5119 2848 5162 ut
2876 5109 3154 5181 defensor,
3185 5103 3429 5181 ulciscar.
3456 5105 3609 5181 Tunc
3634 5103 3723 5181 _de

2133 5172 2347 5235 fornace
2370 5172 2712 5249 egrediuntur
2742 5180 2892 5232 illaesi
2935 5179 3177 5244 llebrazi,
3220 5180 3465 5249 laetantur
3505 5172 3720 5249 incolu-

2133 5267 2268 5316 mes,
2304 5245 2629 5318 triumphant
2654 5251 2882 5303 victores
2902 5289 2917 5314 ,
2948 5249 3087 5318 quod
3122 5251 3228 5303 Deo
3271 5248 3493 5318 fideliter
3519 5245 3712 5296 servie-

2135 5332 2287 5389 runt,
2308 5332 2360 5377 et
2380 5317 2612 5376 furerem
2637 5322 2844 5390 tyranni
2871 5317 3305 5388 contempserunt
3326 5317 3484 5388 (Dan.
3513 5321 3613 5383 ut).

2138 5545 2206 5594 ris
2229 5549 2307 5593 est
2322 5578 2336 5600 ,
2356 5554 2457 5591 suae
2487 5542 2536 5589 in
2558 5537 3021 5604 dicendofacultatis
3059 5543 3109 5586 et
3134 5533 3444 5604 eloquentize
3460 5525 3738 5604 periculurn

2139 5591 2390 5676 facientis:
2415 5605 2552 5676 cujus
2575 5603 2740 5651 itidem
2772 5591 3243 5676 ingeniumqsapitiut'

2141 5653 2242 5718 rius
2274 5653 2492 5735 impressi
2515 5675 2770 5738 sermones
2786 5696 2800 5719 ,
3023 5661 3071 5720 ὅ,
3095 5653 3143 5717 7,
3170 5658 3243 5717 25,
3274 5656 3352 5715 27,
3378 5653 3457 5715 i6,
3483 5660 3604 5712 etc.,
3626 5657 3749 5714 qut-

2143 5742 2240 5790 que
2261 5723 2480 5791 proxime
2503 5726 2836 5788 subsequitur,
2861 5723 2922 5771 60
