4036 6188
411 289 547 344 1857

967 401 1196 458 sanato
1235 403 1323 458 1.x
1355 403 1448 474 (a).

960 514 1039 568 De
1069 516 1308 570 Susanna
1351 517 1444 588 (ὁ).

481 611 532 665 Ι.
575 609 717 663 Justi
770 609 824 662 in
879 610 1052 663 saeculi
1117 609 1315 662 insidiis
1375 607 1484 660 Deo
1544 608 1786 661 liberante
1841 610 1994 662 victo-

405 697 506 734 νει.
549 681 1000 749 Quotiescumque
1044 681 1094 730 iu
1141 679 1238 732 hoc
1285 693 1534 749 perverso
1577 680 1773 731 sreculo
1811 689 1994 733 contra

411 751 703 805 ltudabiles
739 752 882 803 viros
915 748 1279 802 multiformes
1317 748 1600 801 tenduntur
1637 749 1841 801 insidire
1863 790 1877 812 ,
1911 751 1995 802 vel

409 822 630 875 diversa:
658 821 1042 874 calumniarum
1075 820 1389 871 emerserint
1419 834 1591 871 causae
1611 861 1626 880 ,
1669 820 1792 887 quid
1835 819 1994 872 homo

409 891 663 954 pestilens
693 891 908 958 cogitet,
941 888 1062 957 quid
1091 888 1332 941 diabolus
1357 889 1686 940 machinatur
1707 929 1720 949 ,
1751 905 1852 941 non
1883 905 1994 945 me-

407 970 518 1014 tuet
539 962 736 1028 justus,
761 960 880 1028 quia
907 974 1027 1012 cum
1055 958 1168 1026 ipso
1189 967 1270 1011 est
1289 958 1554 1028 Christus.
1582 959 1812 1027 Eligalur
1835 959 1993 1012 homo

407 1027 558 1084 miles
587 1033 639 1083 in
669 1031 856 1099 prazlio
886 1029 1205 1099 constitutus
1230 1070 1242 1091 ,
1283 1027 1456 1081 officia
1503 1044 1714 1096 semper
1743 1044 1993 1083 exercere

379 1098 682 1154 ’virtntnm.
709 1098 880 1154 Unum
909 1113 1035 1168 ergo
1065 1098 1130 1150 de
1158 1099 1365 1150 duobus
1387 1099 1758 1166 amplectitur:
1782 1108 1872 1152 aut
1903 1115 1992 1168 pa-

405 1171 610 1224 tefactis
637 1169 870 1229 insidiis,
905 1169 1019 1236 ejus
1061 1169 1358 1222 innocentia
1389 1169 1440 1220 iu
1483 1169 1676 1236 pupulo
1704 1169 1986 1234 clarescit;

401 1251 490 1294 aut
519 1239 965 1308 persequentibus
995 1238 1221 1292 inimicis
1265 1249 1596 1305 prazventtts,
1641 1254 1759 1292 cum
1803 1239 1990 1292 condi-

403 1313 603 1364 tionem
633 1310 822 1364 mortis
853 1309 1178 1372 excesserit,
1209 1308 1466 1360 molestiis
1489 1309 1831 1362 surcularibus
1859 1310 1994 1362 libe-

401 1393 567 1444 ratus,
591 1389 802 1448 portum
821 1379 1122 1448 securitatis
1141 1377 1376 1430 intrabit.
1404 1379 1584 1432 Daniel
1611 1377 1864 1446 prepheta
1892 1393 1992 1433 nec

401 1452 451 1502 in
479 1447 646 1504 lacum
679 1449 946 1517 projectus
979 1447 1190 1500 leonum
1225 1448 1416 1501 timore
1448 1450 1723 1514 perculsus
1755 1450 1985 1516 expavit;

399 1521 493 1572 sed
527 1521 664 1573 inter
687 1520 788 1572 ista
815 1519 1101 1572 bestiarum
1128 1532 1218 1570 ora
1235 1518 1553 1582 consistens,
1575 1518 1855 1571 Dominum
1880 1527 1988 1572 tota

401 1601 576 1644 mente
627 1589 886 1654 placavit,
933 1597 988 1641 et
1036 1588 1339 1656 tyrannicas
1375 1587 1750 1655 dispositiones
1791 1588 1989 1643 illaesos

399 1661 588 1712 evasit.
620 1659 906 1711 Zacharias
936 1656 1172 1726 pontifex
1197 1672 1438 1726 magnus,
1472 1673 1564 1724 pro
1585 1658 1725 1711 cultu
1755 1657 1868 1722 Dei,
1891 1673 1990 1726 pro

403 1731 608 1798 legibus
635 1731 834 1790 sacris,
867 1742 962 1795 pro
987 1743 1211 1782 censura
1239 1730 1290 1780 in
1320 1727 1515 1796 templo
1553 1727 1867 1782 sacerdotali
1907 1744 1990 1782 re-

403 1801 591 1854 bellem
625 1801 905 1866 increpans
935 1799 1207 1866 pupulum,
1241 1806 1467 1850 mortem
1497 1807 1806 1851 constanter
1831 1813 1988 1852 acce-

361 1890 370 1896 ·
399 1872 493 1938 pit,
522 1880 576 1922 et
604 1867 938 1938 detestabilis
963 1870 1108 1938 acies
1136 1866 1438 1920 Judznorum
1468 1868 1588 1935 ejus
1612 1883 1803 1923 cruore
1833 1868 1985 1938 pavi-

401 1936 638 1992 iuentum
671 1939 869 1992 infecit.
902 1936 1190 1991 Zacharias
1220 1947 1422 2006 martyr
1449 1937 1768 2006 triumphat,
1803 1949 1854 1991 et
1883 1937 1987 1990 Da—

399 2011 502 2063 niel
533 2009 814 2064 confessor
846 2007 1084 2062 exsultat
1113 2024 1125 2060 :
1156 2023 1290 2078 unus
1319 2008 1543 2078 moritur
1580 2017 1634 2061 et
1663 2007 1982 2078 triumphat,

399 2081 531 2132 alter
571 2078 750 2134 evadit
792 2087 847 2132 et
883 2085 1086 2146 regnat.
1127 2077 1230 2131 Sed
1261 2091 1359 2131 nec
1385 2077 1644 2131 femineus
1689 2077 1848 2132 sexus
1877 2078 1988 2132 suis

399 2149 674 2204 fraudator
700 2147 978 2218 exemplis,
1011 2148 1100 2216 qui
1131 2147 1398 2216 pudicitiae
1426 2157 1672 2202 ornatum
1703 2147 1988 2202 salubriter

397 2219 708 2274 reservavit.
1827 2233 1830 2236 λ

463 2290 518 2344 2.
553 2289 812 2344 Susanna:
830 2287 1106 2358 periculum
1132 2296 1179 2340 et
1204 2286 1451 2358 liberalia.
1477 2287 1720 2342 Susanna
1743 2287 1982 2351 illustris,

396 2359 556 2415 decus
584 2357 872 2428 pudicitiae,
902 2357 1027 2411 vicit
1057 2357 1436 2428 impudentiam
1462 2359 1720 2426 judicum,
1749 2358 1986 2428 petulan-

397 2433 518 2484 tiam
549 2427 824 2483 seniorum
851 2429 1167 2496 compressit
1194 2427 1481 2496 audacem;
1509 2444 1575 2482 ne
1603 2428 1820 2482 castitas
1846 2427 1896 2480 in
1923 2442 1985 2481 ca

361 2509 664 2568 ‘pateretur
693 2494 1178 2564 injuriamﬁStabat
1205 2494 1448 2552 Susanna
1485 2499 1542 2568 in
1574 2498 1775 2568 judicio
1817 2496 1986 2551 falso-

391 2567 506 2624 rum
533 2569 882 2623 mendacibus
912 2581 1166 2637 oppressa
1205 2567 1524 2622 testimoniis
1563 2567 1932 2622 damnatorum
1967 2586 1981 2622 :

389 2641 563 2694 stabat
595 2653 702 2694 non
735 2647 980 2706 tanquam
1004 2652 1114 2703 rea,
1143 2637 1234 2691 sed
1260 2653 1358 2706 pro
1371 2639 1612 2692 castitate
1627 2639 1848 2692 firmiter
1870 2651 1984 2691 mo-

389 2711 578 2764 ritura.
611 2709 726 2763 lbat
756 2723 882 2778 ergo
913 2707 1100 2778 pudica
1131 2706 1196 2760 ad
1225 2709 1538 2776 supplicium
1563 2751 1578 2774 ,
1629 2723 1732 2762 non
1776 2707 1983 2762 adulte-

387 2795 572 2833 rorum
604 2793 836 2847 corpus,
879 2780 930 2830 in
968 2793 1073 2847 quo
1098 2787 1335 2831 extrema
1385 2778 1546 2833 libido
1571 2787 1884 2841 exarserat,
1929 2785 1986 2832 et

385 2849 632 2903 diabolus
671 2847 1112 2902 inﬂammaverat.
1144 2847 1294 2913 Quod
1337 2857 1637 2916 protexerat
1677 2849 1876 2912 virtus,
1929 2855 1984 2901 et

385 2921 614 2974 ornabat
637 2918 836 2987 pudor,
866 2918 1088 2972 illa-:sum
1112 2917 1219 2988 ibat
1246 2917 1298 2970 in
1327 2919 1512 2971 mortis
1541 2919 1780 2973 exitium.
1813 2919 1981 2988 Egre-

384 2989 528 3057 gium
561 2989 814 3056 portabat
840 2997 998 3056 caput
1017 3029 1030 3048 ,
1062 2987 1212 3058 cujus
1243 2988 1444 3058 vultum
1473 2989 1674 3058 integra
1707 2989 1982 3043 conscien-

387 3061 455 3128 tia
477 3059 805 3113 sublimabat
825 3059 892 3111 ad
917 3059 1129 3112 cmlum.
1160 3057 1386 3126 Propter
1412 3057 1604 3112 damna
1633 3059 1870 3128 pudoris,
1896 3071 1982 3111 sa-

385 3127 510 3184 lutis
529 3139 654 3182 vota
687 3129 1004 3200 compressit
1025 3144 1038 3192 ;
1061 3135 1113 3181 et
1131 3128 1214 3180 cui
1239 3129 1448 3200 fuerunt
1463 3129 1622 3182 chara
1637 3127 1856 3197 ’prazn'tia
1875 3143 1980 3200 ca-

385 3200 600 3263 stitatis,
637 3201 759 3252 vita)
781 3199 1030 3267 gaudium
1064 3214 1166 3250 non
1198 3197 1394 3251 amisit.
1423 3199 1754 3268 Contempsit
1785 3197 1978 3262 unum;

385 3279 434 3322 et
456 3277 745 3323 consecuta
773 3277 856 3322 est
887 3277 1054 3322 totum
1081 3285 1094 3320 :
1123 3279 1177 3322 et
1207 3283 1325 3336 quae
1355 3271 1490 3322 mori
1513 3269 1699 3330 voluit,
1723 3285 1842 3322 cum
1868 3269 1980 3338 glo-

385 3340 460 3391 ria
485 3340 749 3393 casutatis
779 3339 982 3402 evasit;
1018 3347 1072 3391 et
1103 3353 1260 3406 quam
1295 3341 1557 3393 sententia
1585 3355 1743 3408 prava
1773 3339 1982 3406 dejece-

385 3417 487 3470 rat,
514 3409 734 3462 illustris
761 3408 1105 3462 conscientiae
1129 3409 1406 3476 integritas
1427 3409 1683 3478 erigebat,
1704 3417 1980 3477 metusque

385 3477 478 3532 Dei
510 3489 566 3533 et
603 3479 932 3532 imminentis
959 3479 1095 3531 sacri
1128 3479 1312 3545 judieii
1353 3477 1642 3534 indubitata
1669 3479 1975 3532 credulitas.

383 3549 429 3602 0
455 3563 609 3601 amor
641 3549 932 3602 honestatis
961 3557 1014 3601 et
1059 3547 1246 3616 Legis!
1276 3547 1518 3602 Susanna
1549 3549 1796 3602 adulterii
1845 3565 1976 3601 con-

386 3619 666 3674 scientiam
710 3619 1008 3688 graviorem
1047 3618 1338 3688 judicavit,
1383 3633 1540 3686 quam
1581 3633 1814 3686 pinnam.
1841 3618 1975 3672 Cum

385 3690 696 3755 duceretur,
719 3687 832 3742 non
859 3687 1070 3758 dolebat
1097 3687 1164 3741 de
1194 3689 1484 3757 supplicio;
1513 3691 1760 3758 quoniam
1784 3689 1980 3757 gaude-

385 3759 474 3813 bat
525 3759 594 3814 de
651 3758 956 3814 testimonio
1005 3757 1551 3814 falsidico.lnnocens
1577 3769 1861 3813 accusatur
1884 3775 1979 3828 per

385 3831 708 3883 sententiam
734 3847 748 3893 ;
777 3829 868 3884 sed
893 3837 1020 3882 nutu
1051 3829 1143 3882 Dei
1170 3830 1511 3898 suspenditur
1538 3845 1726 3898 pinna;
1759 3839 1814 3882 ut
1839 3829 1980 3896 judi-

387 3901 622 3952 cautium
655 3898 859 3953 falsitas
884 3899 1262 3966 denudaretur,
1282 3910 1334 3953 et
1357 3901 1611 3954 innocens
1639 3911 1974 3968 purgarctur.

387 3969 639 4024 lnlirmus
667 3983 828 4024 sexus
860 3977 1044 4024 contra
1087 3969 1230 4024 viros
1255 3971 1418 4038 surgit
1461 3971 1676 4034 fortior,
1711 3978 1978 4039 expugnat

387 4040 664 4094 libidinem
693 4039 907 4093 castitas
937 4049 990 4093 et
1029 4039 1308 4101 honestas,
1343 4041 1571 4108 impulsu
1609 4041 1828 4093 luxuria:
1854 4043 1976 4093 hor-

389 4111 548 4164 renda
575 4109 930 4179 prosternitur
957 4109 1287 4177 improbitas.
1311 4109 1554 4163 Susanna
1579 4111 1844 4179 propriam
1869 4111 1976 4163 vir-

389 4189 552 4234 tutem
598 4178 763 4233 animi
796 4179 1064 4250 scrravir,
1098 4186 1152 4231 et
1193 4180 1446 4248 judicium
1489 4178 1802 4250 populorum
1846 4195 1977 4236 con-

387 4261 591 4303 Stantcr
620 4249 849 4317 excepit.
897 4247 1206 4302 Cenllantur
1249 4251 1315 4304 de
1365 4247 1644 4305 innocente
1693 4251 1822 4302 falsa
1865 4251 1974 4304 cri-

387 4320 552 4373 mina.
585 4320 676 4374 llle
702 4319 844 4373 enim
873 4319 1106 4372 munitus
1133 4328 1214 4372 est.
1238 4361 1252 4386 ,
1282 4321 1370 4388 qui
1406 4320 1569 4375 Deum
1603 4319 1845 4374 habuerit
1883 4319 1976 4374 de-

385 4389 676 4444 fensorem.
731 4389 968 4460 Denique
1024 4389 1208 4460 Daniel
1261 4389 1516 4460 propheta
1572 4391 1822 4444 instinctu
1880 4390 1972 4444 Dei

384 4461 778 4522 commonitus,
811 4459 989 4512 Redite
1016 4458 1068 4511 in
1101 4458 1389 4528 judicium}
1422 4461 1756 4514 exclamavit.
1789 4461 1974 4528 Stupet

383 4530 616 4596 populus
663 4543 758 4598 pro
793 4528 993 4597 judicio
1039 4529 1362 4598 repentino;
1395 4541 1676 4585 revocatur
1721 4529 1968 4595 addicta;

383 4599 552 4669 falsos
577 4610 740 4654 testes
763 4614 926 4667 pavor
951 4599 1170 4653 invadit.
1205 4598 1380 4654 Gemit
1406 4600 1648 4654 diabolus
1671 4642 1684 4664 ,
1722 4599 1862 4669 quod
1894 4600 1974 4668 ip-

385 4667 494 4723 sius
515 4679 819 4723 comtnenta
851 4669 1118 4722 nudantur
1148 4687 1160 4722 :
1192 4671 1426 4738 gaudent
1453 4671 1636 4738 Angeli
1666 4667 1973 4738 de’pudoris

386 4738 690 4808 integritate
716 4749 1007 4808 comperta,
1039 4743 1179 4808 quod
1211 4739 1522 4794 defendatur
1551 4741 1602 4794 in
1647 4741 1806 4794 terris
1837 4741 1972 4794 veri-

389 4817 468 4862 tas
489 4808 726 4878 fatigata.
761 4809 1143 4878 Interrogatum
1171 4820 1254 4863 est
1275 4827 1380 4878 quo
1407 4810 1458 4862 in
1481 4809 1599 4864 loco
1627 4810 1868 4864 Susanna
1897 4808 1972 4862 fa-

387 4880 540 4934 cinus
560 4919 576 4943 ,
603 4879 710 4946 quo
737 4879 1090 4948 arguebatur,
1133 4880 1368 4934 admisit.
1403 4879 1498 4935 Hic
1517 4922 1532 4945 ,
1578 4880 1685 4936 Sub
1729 4881 1966 4944 lentisco,

385 4950 534 5012 dicit;
565 4949 672 5014 ille,
695 4947 982 5018 Sub’prino.
1001 4947 1132 5003 Cum
1159 4965 1286 5018 ergo
1314 4965 1497 5004 eorum
1525 4950 1824 5018 discrepant
1851 4964 1973 5019 pro-

387 5020 490 5073 lata
521 5033 778 5088 reSponsa
798 5061 812 5084 ,
841 5019 918 5073 sic
937 5021 1283 5088 repugnantia
1313 5019 1577 5074 dictorum
1609 5021 1741 5074 facta
1767 5021 1972 5075 nudan-

387 5101 490 5162 tur,
525 5099 582 5143 ut
607 5091 786 5162 vigore
813 5089 1006 5162 mentis
1037 5089 1308 5162 increpato
1337 5091 1820 5162 populoptestibus
1844 5105 1973 5162 con-

389 5159 522 5214 fusis
549 5161 743 5214 veritas
772 5159 1163 5231 ostenderetur.
1196 5159 1658 5231 Gaudet'populns
1696 5161 1764 5216 de
1807 5161 1972 5231 pudo-

389 5231 461 5282 ris
490 5231 792 5302 integritate
820 5247 832 5281 ε
865 5230 1156 5302 triumphat
1189 5230 1441 5296 maritus,
1471 5231 1619 5302 quod,
1649 5230 1972 5302 fidaminve-

389 5300 530 5354 nerit
547 5300 824 5371 conjugem
854 5318 866 5352 :
897 5299 1107 5354 tutatur
1133 5299 1348 5368 familia,
1380 5299 1523 5373 quod
1552 5301 1685 5358 nihil
1713 5303 1973 5357 invenerit

470 5433 522 5498 ᾳ)
551 5431 690 5492 Olim,
713 5432 780 5498 de
809 5441 1046 5498 Tempore
1069 5434 1186 5498 242,
1213 5444 1408 5498 etpost,
1434 5438 1482 5485 in
1502 5437 1776 5498 Appendice
1799 5437 1875 5486 69.

391 5555 400 5563 _
448 5493 524 5563 (b)_
546 5495 725 5563 incerti
758 5493 968 5545 auctoris
1003 5503 1055 5545 et
1087 5493 1332 5547 inerudiii.
1356 5493 1624 5563 observaie
1661 5501 1799 5563 juvat
1816 5501 1973 5563 ipsum

389 5555 438 5604 in
461 5554 753 5618 Bibliotheca:
777 5564 964 5605 Patrum
982 5565 1196 5618 exstare,
1213 5565 1342 5618 tomo
1367 5559 1590 5609 editionis
1609 5554 1902 5610 Coloniensis
1923 5561 1970 5618 5,

391 5620 672 5688 rarisiensis
698 5617 762 5688 2,
787 5618 980 5688 tametsi
1010 5618 1205 5688 brevior
1235 5617 1476 5682 aliquanto
1501 5623 1748 5688 etpassim
1770 5617 1972 5688 varium,

391 5683 554 5787 3:23.:
590 5680 712 5730 sicut
755 5686 810 5730 et
837 5680 888 5728 in
938 5680 1216 5742 Remigium
1255 5680 1338 5732 Ms.
1374 5683 1550 5734 Zenoni
1575 5680 1852 5735 't'eronensi
1888 5683 1972 5734 tri-

541 5757 574 5787 ι,
1599 5777 1602 5780 .

425 5747 574 5791 uultu.
1599 5777 1602 5780 .

1865 293 2092 350 SERMO
2133 293 2264 351 LXI.

3559 309 3586 366 1
3595 311 3692 368 358

2117 406 2170 478 in
2197 422 2256 460 ea
2285 407 2422 478 quod
2445 409 2620 478 puniat
2639 451 2652 474 ,
2687 411 2822 478 quod
2849 411 3090 466 adulterii
3119 412 3312 470 factum
3341 432 3445 472 non
3469 421 3688 478 invene-

2109 477 2208 556 rit,
2249 492 2346 556 nec
2364 477 2720 556 llroinicidiuni
2753 480 3172 556 diabolusiquod
3217 492 3562 556 procurabat,
3593 477 3694 547 ini-

2105 547 2328 616 pleverit
2356 547 2516 617 (Dan.
2547 548 2689 620 xtn).
3001 555 3018 568 ’

2643 639 2869 695 sentio
2909 641 3020 695 LXI
3053 641 3152 714 (α).

2105 723 2180 777 De
2230 723 2394 793 Pace,
2437 729 2491 781 in
2527 728 2656 810 illud
2687 729 2947 810 Evangelii
2959 731 3228 810 _}lfattluei_
3253 751 3367 805 cap.
3405 753 3456 806 v,
3504 740 3574 810 ᾖ.
3614 741 3647 798 9
3675 783 3687 804 ,

2543 799 2746 853 Felices
2769 799 2969 868 pacifici
2993 844 3008 866 ,
3037 815 3129 856 etc.
3163 803 3256 874 (1)).

2175 886 2224 938 1.
2243 883 2408 970 Pacis
2412 887 2620 970 fructus.
2637 889 2916 970 Concordia
2933 893 3294 970 fruuntur-ﬂ
3295 898 3440 970 elices
3464 903 3686 970 paciﬁci,

2099 957 2338 1034 quoniam
2373 958 2467 1034 ﬁlii
2492 957 2600 1034 _Dei
2625 957 3218 1034 vocabuntur.Meritum
3247 957 3550 1024 Christianae
3579 957 3686 1026 vir:

2102 1026 2227 1079 tutis
2255 1026 2460 1108 vilescit
2492 1029 2856 1108 in_cunct_is,_si
2883 1033 3133 1108 unitatem
3161 1051 3266 1108 non
3298 1037 3487 1092 habeat
3515 1045 3676 1108 pacis,

2101 1109 2200 1178 nec
2235 1097 2472 1178 pervenit
2499 1097 2563 1150 ad
2591 1100 2899 1178 voc:tl)nlu_|_n
2929 1103 3043 1178 ﬁlii,
3075 1105 3170 1178 nisi
3201 1121 3292 1172 per
3323 1097 3524 1162 nomen'
3544 1097 3685 1178 paci"-

2098 1166 2203 1232 ﬁci.
2235 1166 2348 1242 .Par
2379 1176 2458 1220 est
2481 1208 2495 1230 ,
2525 1183 2642 1234 quae
2671 1166 2935 1236 exSpoliat
2961 1166 3228 1227 hominem
3267 1166 3558 1242 servitute;
3592 1183 3684 1236 dat

2099 1249 2292 1318 nomen
2337 1237 2657 1318 itigeriuu1tt,
2693 1249 2858 1318 mutat
2883 1257 3002 1318 eum
3033 1243 3333 1300 Conditione
3357 1237 3678 1318 personam;

2097 1319 2162 1388 ex
2195 1303 2664 1370 famnloiliberum,
2699 1309 2862 1362 lilium
2897 1311 3018 1365 facit
3046 1327 3110 1366 ex
3138 1328 3322 1388 servo;
3357 1303 3556 1387 [Deum
3587 1303 3678 1388 pa:

2098 1383 2232 1446 trem
2268 1386 2454 1440 vocat,
2499 1387 2554 1430 et
2591 1389 2885 1432 commutat
2925 1395 3135 1435 servum
3179 1384 3230 1436 in
3267 1383 3404 1446 lilio,
3449 1383 3676 1444 anticum

2099 1443 2222 1524 facit
2251 1461 2312 1498 ex
2352 1447 2479 1526 Deo,
2510 1459 2710 1526 patrem
2741 1449 2915 1526 reddit
2941 1467 3004 1526 ex
3037 1452 3277 1526 Domino.
3307 1443 3402 1509 Sic'
3428 1457 3505 1510 sic
3533 1443 3678 1526 facit,

2096 1517 2184 1594 qui
2216 1517 2458 1595 nonfuit
2481 1519 2658 1595 perire
2683 1559 2696 1580 ,
2725 1520 2861 1586 quod
2885 1519 3260 1595 facitrgFelices
3289 1527 3490 1593 paciﬁci
3507 1569 3522 1592 ,
3552 1517 3680 1595 quo;

2096 1585 2232 1664 niqm
2261 1584 2360 1666 ﬁlii
2399 1585 2491 1638 Dei
2518 1584 2962 1666 vocabuntur.__En
3003 1591 3138 1666 filius
3161 1593 3260 1666 Dei
3289 1584 3422 1666 esse
3459 1584 3674 1666 incipit,

2095 1655 2181 1736 qui
2215 1655 2460 1736 pacificus
2490 1672 2609 1736 esse
2639 1660 2816 1736 etnp_it_.
2849 1659 2961 1712 Non
3001 1662 3289 1736 vult__li_lius
3317 1664 3439 1726 dici,
3469 1655 3676 1736 qui'pa;

2093 1722 2276 1804 ciliciis
2319 1726 2549 1804 noluerit
2591 1722 2813 1781 inveniri
2849 1747 2866 1804 :_
2897 1740 3061 1804 negor
3093 1732 3190 1784 sibi
3231 1722 3436 1801 patrem
3475 1722 3675 1804 Deu'm,

2093 1795 2180 1867 qui
2211 1793 2380 1848 ltmres
2405 1797 2548 1863 pacis
2569 1813 2687 1851 esse
2713 1793 3008 1867 nequivit‘.
3033 1793 3287 1856 Severum
3320 1819 3576 1862 sensurus
3595 1793 3678 1864 esi

2095 1861 2282 1926 llenm,
2316 1861 2472 1943 quem
2515 1861 2832 1943 clementem
2863 1869 3218 1943 blandumque
3238 1861 3571 1943 dedignatus
3596 1861 3679 1933 est

2095 1946 2317 2009 patrem.
2349 1933 2547 2009 Felices
2571 1938 2801 2005 paciﬁci,
2825 1941 3063 2009 quoniam
3097 1933 3194 2008 ﬁlii
3227 1941 3320 1996 Dei
3347 1933 3672 2000 vocabuntur.

2093 2003 2426 2084 Gaudeamus
2473 2003 2579 2059 hoc
2605 2003 3007 2084 nomine_'qt_tasi
3042 2003 3130 2064 filii
3171 2020 3238 2084 et_
3263 2012 3504 2084 lueredes
3541 2017 3672 2084 Dei,

2092 2073 2400 2152 colueredes
2427 2086 2605 2152 autem
2641 2073 3092 2152 Cbristir'Quauta
3117 2093 3196 2136 est
3219 2081 3380 2152 hujus
3413 2087 3557 2152 pacis
3583 2073 3672 2142 re:

2091 2143 2324 2218 tributio.
2351 2143 2710 2218 haereditatem
2739 2143 3008 2215 possidere
3029 2165 3148 2204 cum
3169 2143 3675 2218 Cliristo,'sub5tan-

2095 2211 2217 2291 tiam
2241 2214 2416 2291 Patris
2445 2214 2640 2291 habere
2668 2211 2788 2270 cuin
2819 2218 2970 2291 Filio,
3001 2224 3218 2291 cmleste
3244 2211 3464 2291 regnum
3507 2229 3670 2291 parti-

2090 2283 2253 2360 cipari
2282 2298 2412 2360 cum
2451 2284 2715 2360 Doritino,_
2743 2295 2800 2360 e_t
2839 2288 2891 2340 in
2932 2290 3259 2360 consortium
3305 2283 3670 2360 perpetuitatis

2089 2351 2292 2432 admitti
2315 2369 2433 2406 cum
2447 2354 2718 2432 Domino?
2747 2357 2898 2432 Quae
2915 2359 2983 2410 sit
3023 2357 3141 2432 huic
3153 2351 3630 2432 pravitas-morum
3649 2404 3667 2430 ,

2091 2421 2326 2500 invidere
2359 2424 2684 2500 melioribus,
2708 2421 2866 2500 atqtte
2889 2429 2938 2480 in
2965 2421 3348 2500 sordidioribus
3375 2421 3666 2500 inhaerere,

2088 2491 2321 2561 adoptati
2349 2495 2618 2547 victoriam
2646 2491 2890 2564 perdere,
2927 2511 2989 2550 ac
3019 2500 3156 2551 nolle
3185 2499 3546 2555 ha-reditatem
3581 2491 3668 2559 re;
3753 2523 3758 2528 ·

2087 2565 2632 2634 gnorutn‘cmlestium
2657 2565 2966 2634 possidere?
2995 2567 3205 2621 Etenim
3233 2567 3396 2624 ﬁlium
3417 2585 3476 2626 se
3499 2573 3589 2627 Dei
3615 2584 3671 2629 et

2087 2631 2420 2705 coha'redcm
2448 2631 2672 2704 denegat
2691 2635 2911 2698 Christi,
2943 2639 3030 2705 qui
3053 2641 3378 2694 recusaverit
3401 2641 3570 2696 Patris
3592 2659 3672 2698 re-

2086 2702 2284 2775 gimine
2313 2702 2613 2775 gubernari.
2654 2705 2762 2758 Pax
2807 2702 3086 2760 concordia
3127 2721 3204 2762 est
3243 2709 3496 2775 fratrum,
3527 2713 3665 2768 sicut

2087 2773 2342 2850 scriptum
2371 2783 2454 2828 est
2479 2792 2491 2827 :
2523 2773 2589 2850 [η
2612 2776 2766 2850 tribus
2796 2776 2984 2850 placuit
3013 2779 3216 2847 spiritui
3237 2796 3346 2850 meo
3364 2823 3378 2842 ,
3409 2773 3525 2850 quo:
3547 2795 3666 2836 sunt

2089 2843 2298 2909 probata
2327 2859 2494 2919 coram
2520 2843 2629 2898 Deo
2653 2857 2698 2898 et
2719 2843 3001 2919 hominibus
3023 2843 3050 2900 Ξ
3063 2849 3335 2902 concordia
3365 2843 3599 2919 fratrum,
3623 2863 3668 2906 et

2087 2927 2236 2982 uilior,
2259 2915 2602 2982 proximorum
2621 2956 2634 2975 ,
2679 2925 2726 2968 et
2767 2917 2842 2969 uir
2883 2927 2930 2971 et
2961 2919 3142 2972 mulier
3178 2915 3536 2974 consentientes
3571 2923 3666 2975 sibi

2115 2979 2273 3057 EccliL
2307 2999 2427 3057 xxv,
2460 2983 2667 3057 142).]
2687 2985 2982 3057 Concordia
3002 3003 3128 3057 ergo
3149 2989 3396 3054 fratrum,
3429 2991 3668 3046 voluntas

2109 3053 2193 3129 )ei
2210 3061 2311 3117 est,
2335 3053 2862 3129 jucunditas'Christi
2885 3098 2898 3122 ,
2931 3053 3189 3128 perfJCtio
3219 3053 3543 3124 sanctitatis,
3572 3062 3664 3129 ju-

2085 3122 2243 3174 stitia:
2265 3122 2461 3192 regula,
2497 3127 2716 3179 materia
2743 3122 3018 3192 doctrinae,
3049 3143 3256 3182 morum
3286 3122 3545 3190 custodia.
3572 3122 3660 3184 at-

2085 3193 2268 3266 quein
2303 3194 2461 3247 rebus
2487 3196 2734 3250 omnibus
2774 3195 3054 3266 laudabilis
3079 3199 3375 3266 disciplina.
3409 3201 3512 3253 Pax
3545 3200 3661 3255 suf-

2085 3261 2548 3339 fragium-precum
2578 3274 2678 3339 est,
2697 3265 3152 3339 supplicationum
3187 3261 3354 3322 facilis
3379 3279 3534 3339 atque
3557 3273 3660 3324 im-

2085 3332 2356 3404 petrabilis
2382 3335 2462 3404 via
2478 3351 2494 3404 ξ
2529 3336 2649 3402 quia
2677 3332 3062 3389 desideriorum
3089 3339 3322 3390 omnium
3353 3332 3659 3404 οοιιὶνθιοιιε

2085 3410 2164 3480 est
2183 3401 2450 3480 plenitudo
2475 3401 2644 3474 [sicut
2668 3407 2922 3480 scriptum
2946 3406 2996 3460 in
3015 3408 3281 3480 _A_postolo
3307 3401 3657 3480 (Philippm,

2084 3469 2115 3522 7
2135 3469 2174 3542 )_.
2209 3471 2314 3524 Pax
2345 3469 2867 3542 ergo—conventionis
2891 3469 3168 3529 amabilem
3193 3469 3454 3530 Deo'farit
3473 3469 3533 3531 ’ἰιί
3558 3469 3662 3532 frth

2083 3540 2291 3618 tribus,
2315 3540 2430 3610 qua:
2460 3545 2733 3600 cbaritatis
2767 3544 3408 3618 indicatitestimoniumj.
3445 3549 3550 3602 Pax
3577 3552 3662 3603 di-

2085 3609 2342 3687 lectionis
2369 3623 2538 3687 mater
2579 3624 2689 3678 est,
2713 3616 3032 3687 concordia:
3077 3618 3340 3687 vinculum
3357 3609 3388 3680 ,’
3415 3633 3478 3672 ac
3517 3635 3662 3687 pune

2083 3681 2276 3756 mentis
2297 3682 2546 3756 indicium
2584 3685 2916 3756 manifestum
2953 3704 2964 3739 :
3003 3686 3126 3754 quia
3156 3688 3252 3740 sibi
3275 3689 3436 3756 exigit
3463 3681 3662 3744 debeo

2082 3753 2224 3828 quod
2255 3755 2412 3819 velit,
2443 3755 2693 3824 quidquid
2723 3755 2948 3810 voluerit
2975 3753 3118 3825 petat
3138 3797 3152 3824 ,
3195 3765 3250 3812 et
3284 3753 3537 3828 quidquid
3565 3777 3658 3814 vo-

2083 3821 2242 3875 luerit
2265 3832 2458 3876 sumat.

2151 3889 2218 3967 ‘2._
2237 3891 2484 3967 Christum
2505 3895 2693 3962 spernit
2712 3896 2799 3964 qui
2817 3911 2990 3967 pacem
3012 3911 3111 3967 non
3131 3897 3366 3949 custodit.
3391 3898 3496 3952 Pax
3527 3915 3661 3967 prae-1

2082 3963 2250 4029 ceptis
2271 3963 2534 4028 regalibus
2563 3963 2925 4017 conservanda
2958 3974 3058 4028 cst,
3091 3966 3314 4018 Domino
3341 3963 3552 4021 Christo
3571 3971 3658 4022 di-

2081 4040 2267 4104 cente,
2311 4032 2515 4104 Pacenr
2537 4049 2696 4104 meum
2726 4033 2997 4104 docebis,
3039 4049 3211 4104 pacem
3251 4034 3480 4104 relinquo
3523 4041 3660 4092 vobis

2081 4099 2272 4168 (Joan.
2305 4116 2417 4166 xxv,
2449 4101 2572 4171 ‘27).
2605 4100 2736 4173 [Qui
2764 4099 3054 4173 discipulus
3089 4101 3282 4156 Christi
3325 4099 3426 4172 esi,
3457 4107 3657 4162 Christi

2084 4179 2345 4244 praecepta
2383 4179 2563 4244 servat
2584 4171 2844 4244 {servare
2875 4171 3222 4244 illaudatum,
3259 4183 3343 4228 est
3385 4171 3567 4244 pacem
3603 4179 3656 4232 iu

2081 4240 2326 4294 oninibus
2365 4241 2652 4295 custodire.
2685 4241 2815 4294 Nam
2857 4242 3091 4296 dividere
3128 4240 3414 4310 unitatem,
3441 4262 3546 4300 non
3577 4259 3660 4304 est

2079 4310 2389 4386 l'nagis‘tgrum
2418 4311 2596 4380 sequi;
2629 4311 2869 4386 sedejus
2899 4312 3205 4366 mandatum
3236 4315 3460 4370 calcare.
3491 4317 3652 4386 Sequi

2079 4381 2219 4456 enim
2240 4379 2530 4456 Christum,
2556 4391 2640 4436 est
2665 4379 3068 4456 haberepaeem
3095 4401 3108 4435 :
3137 4393 3314 4456 etnon
3337 4391 3483 4455 sequi
3515 4379 3655 4456 mind
3741 4414 3762 4430 ο

2081 4452 2225 4528 pacis
2253 4459 2363 4528 est,
2408 4449 2512 4506 hoc
2539 4462 2622 4507 est
2653 4452 2764 4528 lhoc
2793 4449 2993 4528 habere
3038 4453 3090 4506 in
3129 4455 3380 4528 magistro
3415 4449 3476 4510 ex
3507 4449 3660 4528 parte

2078 4517 2218 4592 quod
2243 4519 2446 4588 diligas,
2473 4533 2526 4575 et
2545 4538 2608 4574 ex
2635 4517 2782 4592 parte
2802 4521 2940 4592 quod
2963 4523 3199 4577 damnes.
3217 4517 3354 4580 illud
3375 4535 3458 4581 est
3476 4517 3659 4583 ainare

2079 4591 2351 4664 doctorem
2372 4591 2650 4664 ,‘doctoris
2691 4591 2937 4664 mandata
2958 4593 3032 4664 in
3069 4595 3314 4650 omnibus
3353 4597 3654 4664 custodire,

2077 4659 2304 4734 dicentis
2329 4679 2340 4712 :
2375 4660 2563 4734 Pacem
2591 4679 2753 4716 nteant
2771 4663 2836 4715 do
2859 4663 3012 4734 vobis,
3046 4681 3221 4734 pacem
3247 4667 3472 4733 relinquo
3497 4659 3654 4722 vobis;

2078 4729 2246 4800 Libet,
2274 4731 2479 4797 fratres,
2507 4730 2559 4784 in
2589 4747 2714 4800 pace
2737 4729 3056 4800 protrahere
3073 4750 3280 4798 moras;
3308 4729 3538 4791 delectat
3558 4739 3658 4794 hoc

2078 4799 2274 4875 dixisse
2309 4799 2635 4875 frequenter,
2647 4811 2707 4875 et
2730 4799 2918 4856 iterum
2951 4812 3108 4875 atque
3129 4805 3316 4858 iterum
3342 4809 3653 4875 prtecmiari,

2081 4869 2264 4949 Pacem
2291 4871 2542 4949 ntcmndo
2575 4871 2712 4926 vobis
2732 4912 2748 4938 ,
2781 4889 2967 4949 pacein
2994 4869 3188 4949 dimitto
3214 4869 3408 4949 vobis-.A]
3439 4877 3492 4930 lu
3525 4869 3654 4945 pace

2078 4956 2172 5012 vos
2198 4941 2430 5012 dimitto,
2455 4942 2506 4994 in
2529 4956 2657 5012 pace
2679 4957 2773 5012 vos
2793 4942 2992 5010 dimisi,
3019 4945 3070 4998 in
3095 4959 3222 5012 pace
3247 4961 3339 4999 vos
3367 4941 3652 5001 inveniam.

2079 5010 2428 5065 Proficiscens
2460 5011 2626 5066 voluit
2648 5011 2790 5082 dare
2828 5015 2968 5082 quod
3000 5010 3334 5070 desiderabat
3362 5015 3574 5072 rediens
3605 5019 3657 5072 in

2077 5081 2324 5135 omnibus
2353 5083 2610 5137 invenire.
2644 5081 2986 5142 [Consultum
3018 5086 3182 5139 voluit
3218 5100 3334 5140 esse
3363 5087 3446 5140 cui
3486 5086 3653 5142 dede-

2079 5162 2189 5213 rat,
2237 5151 2328 5226 qui
2379 5167 2547 5226 usque
2585 5151 2662 5226 ari
2701 5168 2997 5226 regressum
3043 5169 3194 5226 suum
3245 5170 3459 5210 servare
3513 5157 3656 5226 quod

2078 5223 2415 5291 priestiterat,
2445 5224 2758 5294 imperabat.
2785 5223 2921 5290 Quid
2949 5238 3077 5293 ergo
3105 5223 3338 5280 facturus
3365 5236 3448 5281 est
3474 5223 3654 5294 homo,

2143 5375 2158 5405 ¹
2177 5371 2420 5442 ﬁculnus
2455 5375 2504 5423 in
2541 5373 2685 5442 libro_
2702 5374 2767 5423 de
2811 5373 3073 5424 Virtutibus
3100 5382 3152 5424 et
3189 5375 3336 5436 vitiis,
3364 5389 3470 5439 cap.
3495 5377 3558 5437 6,
3579 5377 3665 5442 qui

2079 5432 2310 5498 paciﬁcus
2331 5449 2433 5498 esse
2449 5435 2720 5486 contemnit.

2142 5496 2215 5618 ξιιέ
2245 5497 2384 5556 olim,
2407 5497 2472 5546 de
2493 5505 2729 5560 Tempore
2756 5496 2870 5568 flii);
2897 5503 2949 5546 et
2980 5504 3104 5568 post,
3127 5499 3176 5546 in
3194 5497 3464 5576 Apoeudlce
3486 5501 3564 5549 57.

2166 5555 2194 5606 ὁ
2247 5565 2324 5608 Est
2359 5560 2484 5609 Petri
2520 5558 2786 5618 chrysologt
2821 5571 2984 5608 sermo
3024 5571 3452 5618 qumquagesunus
3473 5570 3564 5612 tert

2166 5555 2324 5624 b)_Est
2359 5555 2484 5624 Petri
2499 5555 2786 5624 ﬁbrisologi
2821 5555 2995 5608 senno'
3024 5555 3452 5624 quinquagesimus
3473 5565 3666 5624 tertius,

2079 5619 2167 5667 sed
2192 5618 2270 5668 hic
2287 5621 2460 5682 passim
2496 5618 2839 5685 interpolatits,
2859 5633 2954 5685 seu
2983 5618 3146 5685 multis
3159 5618 3348 5685 auctior
3378 5618 3664 5685 sententiis;

2080 5693 2204 5754 quas
2224 5681 2596 5754 commonstrant
2611 5681 2811 5732 ansulae.
2836 5681 3006 5733 Confer
3031 5681 3210 5736 Alcuini
3229 5681 3407 5736 librum
3421 5685 3484 5736 de
3519 5687 3652 5735 vina

2087 5747 2217 5792 ttbtts
2235 5750 2285 5794 et
2309 5750 2457 5803 \‘ttus,
2480 5756 2582 5807 cap.
2605 5743 2653 5791 6.

2239 5771 2285 5794 τοι
2315 5771 2457 5803 uua,
2480 5771 2582 5803 ιαμ·
2605 5771 2653 5791 Vo
