3994 6178
381 351 518 409 1879

380 490 524 546 enim
568 491 816 547 omnibus
874 489 1173 544 hominibus
1227 485 1417 542 feceris
1465 483 1598 544 hoc,
1671 477 1809 549 quod
1851 473 1950 549 tibi

382 560 480 628 ipsi
506 561 738 616 volueris
769 577 784 626 ;
815 561 880 614 ad
929 562 1194 628 integrum
1222 547 1790 628 peccatorumjauuam
1818 547 1954 628 clau-

385 623 487 684 dis.
539 630 654 685 Non
703 623 843 686 enim
871 631 973 684 crit
1018 623 1156 683 mide
1193 623 1266 700 ad
1310 626 1539 700 animam
1571 631 1729 700 tuam
1771 623 1955 699 .possn

383 701 617 762 intrare,
665 701 708 754 si
747 716 848 753 non
887 699 1056 753 solum
1101 699 1331 760 amicos,
1385 693 1477 749 sed
1514 693 1673 748 etiam
1714 693 1955 742 inimicos

385 770 618 826 volucris
649 778 758 823 toto
783 768 944 822 corde
972 769 1212 837 diligere.

456 839 508 893 8.
549 838 628 892 Ad
665 839 1027 907 eleemosgnam
1057 828 1359 892 Exhortatio.
1387 833 1552 907 ⁸ῐῖ-οεῡ
1582 846 1700 907 vos,
1732 828 1919 882 fratres
1938 864 1952 887 ,

385 909 546 962 sicin
585 908 684 961 hoc
709 902 905 962 mundo
947 909 1213 972 vivamus,
1252 903 1402 973 quasi
1441 902 1678 970 huspites
1703 909 1758 955 et
1803 911 1952 964 pere-

384 978 541 1045 grini.
588 977 851 1047 Quidquid
907 981 974 1033 de
1022 978 1199 1045 aliquo
1226 977 1495 1047 laborer.”
1522 973 1589 1047 de
1626 979 1958 1047 quoclljllqtlc

386 1037 816 1117 jvustoruEgoti'o,
857 1047 924 1103 de
953 1037 1186 1117 qualibet
1217 1046 1355 1110 justa
1388 1043 1572 1117 militia
1615 1037 1955 1108 acquirimus.

388 1113 483 1185 per
508 1113 898 1189 elecmosyuam
943 1113 1287 1189 it'lharlcrnam
1337 1113 1956 1189 patriam‘reponanmvs,

392 1173 615 1255 excepto
666 1173 806 1241 vic'tu
835 1186 1142 1254 quotidiano
1189 1193 1243 1238 et
1299 1173 1489 1238 vestitu
1545 1173 1789 1255 simplici.
1854 1173 1961 1255 Nee

389 1258 451 1324 in
497 1243 592 1308 ista
645 1243 1071 1324 peregrinatione
1111 1270 1208 1308 uos
1244 1258 1524 1324 consumat
1566 1243 1772 1324 luxurii}
1807 1262 1822 1311 ;
1861 1243 1958 1324 ἔθη

391 1323 456 1376 ad
509 1313 729 1391 patriam
776 1313 1012 1379 nostram
1060 1313 1817 1391 transmittatVmiscricordia.
1860 1313 1962 1391 lter

392 1386 597 1461 agimus
621 1434 638 1460 ,
666 1394 888 1458 fratres,
921 1396 986 1449 ad
1019 1397 1237 1462 patriam
1267 1392 1528 1446 tendimus
1556 1407 1581 1462 :_
1604 1404 1706 1440 nou
1734 1386 1963 1462 luxurie-

394 1454 517 1516 niur
558 1454 835 1518 in’itincre
861 1454 985 1518 vitce
1021 1454 1208 1532 liujus,
1245 1476 1510 1532 nunquam
1541 1460 1706 1511 simus
1745 1454 1914 1509 securi
1947 1469 1962 1516 ;

394 1532 488 1586 sed
518 1548 728 1602 semper
754 1535 978 1588 sollicite
1002 1530 1157 1602 atque
1185 1542 1336 1587 caute
1363 1530 1640 1602 vigilantes
1669 1569 1706 1602 ,_
1731 1541 1833 1602 non
1867 1538 1964 1577 no-

396 1602 475 1654 bis
503 1597 717 1657 delicias
745 1597 1098 1672 praeparemus
1124 1605 1173 1655 in
1211 1603 1292 1654 via
1343 1618 1356 1655 :
1401 1597 1460 1652 ut
1496 1599 1582 1672 qui
1621 1597 1830 1672 quidem
1865 1609 1967 1672 nie-

397 1672 500 1725 lius
544 1671 610 1725 ad
653 1663 872 1741 patriam
905 1683 1115 1741 portare
1163 1673 1456 1740 possimus,
1495 1663 1538 1721 si
1568 1663 1767 1741 ἰηλίμιεῃ
1788 1663 1964 1741 patria

396 1757 492 1808 pro
523 1735 723 1794 luxuria
743 1784 760 1808 ,
791 1758 886 1811 pro
907 1735 1033 1811 gula
1057 1784 1071 1803 .
1105 1735 1198 1809 prb
1229 1741 1482 1800 ebrietate
1506 1735 1800 1811 ,__tlllid‘l"_id
1824 1748 1965 1811 .ilns'

396 1804 582 1863 imitus
630 1804 1300 1874 laborare,'consuinimus
1348 1825 1363 1874 ;
1413 1809 1638 1878 qualiter
1698 1804 1965 1878 ad_illam

399 1889 651 1933 aeternam
701 1882 972 1936 veniemus
1010 1883 1033 1934 ?
1085 1882 1197 1948 Qua
1248 1875 1601 1934 fronte'inter
1642 1875 1871 1944 Angelos
1915 1883 1969 1928 et

400 1949 762 2018 Archangelos
793 1952 941 2005 bonis
970 1953 1220 2019 operibus
1261 1950 1385 2002 nudi
1411 1991 1426 2009 .
1475 1956 1808 2019 peccatorum
1841 1960 1966 2019 pau-

402 2019 484 2072 nis
526 2013 862 2075 sordentibus
892 2013 1136 2084 involuti,
1168 2029 1222 2075 et
1268 2019 1419 2073 malis
1458 2013 1660 2072 actibus
1687 2013 1966 2084 vulnerati,

400 2089 598 2142 intrare
652 2091 918 2158 possimus
961 2091 984 2142 ?
1029 2083 1289 2158 Quidquid
1333 2088 1598 2158 perditura
1654 2093 1768 2158 erat
1802 2083 1964 2158 gula,

401 2155 1002 2232 repot'iatjeleemosyna
1032 2155 1066 2226 ς’
1088 2155 1346 2229 quidquid
1377 2159 1427 2212 iu
1462 2167 1601 2232 terra
1631 2156 1846 2210 avaritia
1873 2155 1971 2232 ob-

402 2222 527 2292 ruit,
579 2222 937 2286 misericordia
967 2222 1248 2286 inca-elum-
1271 2228 1589 2284 transmittat
1620 2244 1634 2280 :
1663 2237 1722 2291 ut
1761 2222 1972 2294 quando

401 2296 468 2380 de
517 2299 617 2380 boe
663 2314 885 2380 corpore
928 2301 1101 2380 anima
1137 2300 1441 2380 egreditur,
1487 2294 1778 2380 splendidis
1801 2294 1971 2380 ‘v-esti-

404 2367 536 2438 bus,
568 2376 622 2420 et
641 2363 932 2435 castitatis,
971 2363 1349 2424 misericordia:
1375 2384 1435 2422 ac
1462 2363 1760 2438 patienlim.
1801 2363 1972 2438 “uilli.

401 2437 566 2490 litatis
617 2447 670 2490 et
708 2434 1006 2494 concordia:
1052 2440 1348 2506 margaritis
1387 2434 1646 2498 ornetur;
1694 2434 1975 2506 utraudire

401 2522 702 2576 mereamur
743 2525 772 2562 a
821 2510 1065 2576 Domino,
1097 2505 1260 2577 Euge,
1308 2524 1445 2561 serve
1488 2507 1611 2560 bone
1634 2517 1679 2560 et
1700 2505 1884 2577 fidelis,
1921 2513 1976 2558 et

405 2574 627 2645 reliqua.
671 2577 792 2644 Ista,
836 2574 1059 2645 fratres,
1087 2574 1392 2633 desiderare
1422 2577 1677 2631 debemus
1701 2617 1716 2645 ,
1747 2584 1801 2629 et
1831 2574 1972 2627 illam

403 2644 558 2700 aliam
616 2649 932 2703 Sententiam
979 2664 1370 2717 expavescere,
1417 2662 1572 2715 quam
1616 2644 1978 2717 audituraest

404 2717 580 2788 anima
633 2717 786 2788 bonis
829 2713 1078 2788 operibus
1125 2719 1263 2781 nuda
1293 2728 1375 2788 fet
1435 2713 1680 2788 vitiorum
1717 2713 1976 2788 sordibus

403 2785 658 2840 involuta.
703 2786 790 2841 Sic
831 2783 970 2841 enim
1002 2789 1070 2843 de
1105 2790 1189 2841 tali
1218 2787 1393 2841 anima
1419 2786 1672 2840 Dominus
1715 2784 1768 2838 in
1797 2783 1976 2836 Evan-

404 2854 544 2922 gelio
584 2855 836 2923 loquitur,
882 2857 1066 2912 dicens
1097 2876 1118 2912 ι
1153 2858 1356 2918 Amice,
1380 2854 1627 2924 quomodo
1657 2854 1754 2906 huc
1779 2853 1978 2906 intrasti

405 2940 507 2996 non
551 2923 735 2996 habens
763 2935 950 2996 vestem
981 2928 1258 2996 nuptialem
1284 2923 1400 2980 ."et
1425 2925 1519 2996 illo
1547 2925 1941 2996 obmutescente
1961 2964 1975 2984 ,

406 2993 534 3047 dicit
552 2994 820 3066 ministris
863 3015 876 3051 :
901 2987 1078 3066 Ligate
1113 2997 1190 3049 illi
1216 3012 1391 3049 manus
1411 2987 1456 3066 ἐι
1482 2995 1629 3064 pedes
1645 3034 1662 3058 ,
1683 3001 1734 3066 et
1754 2993 1980 3066 projicite

405 3079 519 3116 eum
545 3065 596 3135 in
625 3067 847 3135 tenebras
872 3063 1154 3125 exteriores.
1178 3065 1259 3119 ubi
1276 3067 1368 3120 erit
1393 3065 1539 3135 ﬂetus
1575 3072 1619 3117 et
1644 3063 1830 3135 stridor
1837 3064 1980 3135 aen-

408 3135 535 3186 tium
578 3133 806 3204 (Matth.
840 3151 970 3199 xxii,
1005 3135 1094 3203 l2,
1138 3136 1259 3206 15).
1283 3205 1286 3206 ν
1313 3131 1531 3206 Avertat
1572 3147 1603 3188 a
1634 3133 1784 3206 nobis
1837 3131 1981 3187 Deus

407 3206 563 3257 istam
610 3207 966 3273 sententiam,
993 3221 1149 3273 quam
1194 3204 1431 3260 audituri
1456 3213 1614 3267 sunt,
1663 3204 1982 3272 quicumque

412 3273 572 3347 modo
613 3289 713 3344 pro
758 3277 901 3328 nulla
943 3277 1279 3347 eleeniosyna
1309 3283 1399 3347 aut
1441 3273 1568 3327 nihil
1599 3284 1689 3347 aut
1717 3289 1899 3347 parum
1929 3273 1983 3326 in

409 3342 912 3412 coelum—reponunt.
957 3346 1030 3400 De
1067 3342 1257 3400 talibus
1294 3345 1422 3398 dicit
1462 3343 1770 3412 Apostolus,
1801 3342 1984 3396 Anima

443 3429 522 3466 ua:
564 3414 616 3466 in
647 3411 840 3469 deliciis
879 3425 970 3478 est,
1017 3417 1184 3470 vivens
1221 3424 1418 3468 mortua
1458 3423 1528 3467 est
1556 3413 1612 3479 (Ι
1642 3411 1774 3466 Tim.
1807 3429 1862 3475 v,
1891 3411 1980 3481 6).

435 3485 500 3536 sti
533 3484 838 3554 talescum
876 3486 1104 3540 exierint
1149 3485 1218 3540 de
1264 3499 1488 3554 corpore
1533 3499 1630 3536 suo
1652 3524 1680 3554 ,ί
1707 3497 1817 3554 non
1862 3497 1984 3537 cum

411 3553 612 3607 Lazaro
649 3553 720 3608 ab
755 3553 978 3623 Angelis
1007 3557 1058 3608 in
1106 3555 1332 3609 Abrahae
1364 3553 1576 3623 gremio
1605 3553 1982 3623 sublevantur;

411 3623 506 3678 sed
553 3622 868 3693 cumdivite
891 3632 1174 3693 purpurato
1218 3625 1283 3676 ad
1323 3622 1512 3677 inferni
1546 3622 1798 3691 profunda
1842 3637 1986 3676 mer-

411 3701 624 3759 guntnr.
681 3692 804 3773 llaec
853 3692 1464 3773 ergo’conslderantes,
1504 3702 1756 3773 quantum
1803 3705 1988 3759 possu-

411 3777 566 3832 inus,
614 3763 1008 3832 contringamus
1058 3763 1250 3817 victum
1309 3772 1364 3815 et
1409 3763 1656 3832 vestitum
1712 3769 1984 3825 nostrum,

415 3830 540 3900 dum
568 3845 752 3886 smnus
778 3830 844 3885 in'
869 3833 968 3887 hoc
1013 3831 1210 3886 mundo
1240 3849 1252 3886 :
1286 3843 1341 3885 ut
1377 3841 1494 3900 post
1516 3831 1719 3900 obitum
1748 3841 1987 3884 nostrum

413 3898 483 3952 de
502 3900 734 3955 elcemos
772 3917 958 3956 narum
987 3911 1284 3956 nostrarum
1311 3898 1706 3970 pretiosissimis
1733 3909 1787 3953 et
1806 3900 1988 3969 splen-

414 3968 553 4024 didis
600 3917 835 4025 vestibus
881 3973 1057 4025 ornari
1105 3986 1404 4025 mereamur
1447 3974 1497 4024 in
1533 3969 1702 4025 ccio.
1747 3979 1801 4024 et
1848 3970 1988 4022 illam

414 3968 553 4024 didis
600 3968 835 4025 vestibus
881 3973 1057 4026 ornari
1105 3968 1404 4026 mereamur
1447 3974 1497 4024 in
1533 3969 1702 4034 ccio,
1747 3979 1801 4024 et
1837 3968 1989 4022 illam

414 4039 822 4111 desiderabilem
870 4056 1051 4097 vocem
1083 4041 1268 4096 audire
1291 4082 1308 4107 ,
1340 4039 1504 4111 Euge,
1536 4055 1674 4092 serve
1710 4039 1835 4092 bone
1860 4051 1905 4092 et
1929 4040 1992 4107 ﬁ-

417 4108 571 4182 delis,
605 4112 723 4182 quia
764 4129 917 4181 super
956 4128 1118 4180 pauca
1156 4113 1315 4182 fuisti
1335 4108 1498 4182 ﬁdelis
1521 4150 1537 4172 ,
1580 4125 1738 4182 supra
1761 4111 1920 4182 multa
1947 4119 1994 4162 te

416 4177 716 4253 eortstituant
743 4197 763 4244 ,'
788 4177 921 4253 intra
940 4177 989 4236 in
1023 4177 1264 4253 gaudium
1291 4177 1495 4253 Domini
1517 4180 1591 4232 tui
1611 4179 1630 4250 (
1649 4177 1836 4253 Matth.
1863 4195 1987 4242 xxv,

417 4248 522 4318 2|)
555 4267 569 4313 ;
601 4251 666 4304 ad
711 4252 848 4320 quod
893 4248 1140 4320 gaudium
1188 4267 1286 4306 nos
1318 4251 1570 4305 Dominus
1608 4248 1708 4303 Sub
1748 4264 1843 4320 sua
1875 4264 1996 4317 pro-

422 4317 652 4402 tectifrue
678 4317 1106 4402 perduca'tLquir
1125 4323 1253 4402 vivit
1288 4329 1342 4375 et
1370 4328 1555 4402 regnat
1596 4333 1716 4372 cum
1759 4317 1916 4399 Patre
1943 4329 1996 4372 et

423 4388 624 4460 Spiritu
639 4399 846 4460 sancto,
874 4390 925 4443 in
945 4388 1200 4446 Trinitate
1224 4405 1362 4445 unus
1397 4388 1668 4460 Deus.per
1695 4389 1873 4444 omnia
1898 4403 1996 4442 sa:-

422 4457 539 4510 cula
567 4459 901 4513 saeculorum.
933 4461 1122 4514 Amen.

947 4551 1176 4608 SERMO
1212 4551 1356 4608 Lxx
1397 4549 1493 4624 (a).

422 4639 505 4694 De
526 4640 684 4696 verbis
712 4641 979 4714 Evangelii
1024 4645 1277 4708 Hattluei,
1325 4661 1439 4714 cap.
1468 4659 1522 4699 ιι
1543 4685 1558 4710 ,
1588 4643 1786 4709 23-50,
1815 4642 1996 4699 Conli-

855 4724 970 4769 teor
1001 4717 1112 4781 tibi,
1133 4717 1288 4770 Pater
1306 4757 1320 4780 ,
1344 4726 1439 4768 etc.
1474 4715 1569 4785 (b).

466 4803 549 4886 ⁸1..
575 4801 831 4886 Sanctum
852 4806 1191 4886 Evangelium
1209 4824 1336 4886 cum_
1354 4809 1639 4886 legeretur,
1667 4804 1878 4886 fratres,
1902 4821 1999 4886 arr-

424 4871 659 4954 divimus
685 4874 968 4954 Dominum
984 4871 1165 4954 :l'es_um
1190 4871 1484 4954 exsultasse
1511 4875 1811 4954 in__Spiritu,
1843 4884 1893 4929 et
1917 4875 2000 4954 di-

425 4943 593 5008 xisse,
619 4943 873 5002 Conﬁteor
911 4945 1020 5010 tibi,
1052 4946 1226 5010 Pater,
1249 4946 1467 5001 Domine
1491 4945 1603 5001 coeli
1622 4955 1668 4998 et
1694 4955 1861 5008 terrar,
1883 4946 2001 5010 quia

425 5010 726 5086 abscondisti
748 5014 855 5086 [nec
873 5031 905 5067 a
930 5016 1234 5086 sapientibus
1262 5026 1309 5069 et
1330 5016 1678 5086 prudentibus,
1700 5010 2002 5086 etrrevelasti

423 5098 484 5163 ea
506 5083 749 5163 parvulis.
774 5083 886 5163 Huc
906 5083 1070 5163 usdue
1088 5085 1296 5163 interim
1320 5083 1478 5141 verba
1500 5085 1723 5163 Domini:
1747 5083 1800 5163 _Si
1822 5085 1998 5154 digne,

427 5153 471 5232 si
503 5153 896 5235 diligentem-si,
911 5155 1057 5235 quod
1087 5155 1313 5222 primum
1335 5164 1439 5222 est,
1468 5155 1554 5224 pie
1577 5153 1997 5219 consideremus,

428 5225 724 5276 invenimus
746 5225 988 5290 primitus
1007 5266 1020 5286 ,
1053 5236 1156 5279 etc.

496 5291 550 5343 2.
584 5293 859 5366 Postremo
897 5295 1069 5362 aperit
1109 5293 1328 5350 caeleste
1355 5294 1666 5366 mysterium
1691 5337 1706 5360 ,
1735 5292 2002 5366 quodhsic

426 5359 685 5441 placuerit
719 5362 861 5441 Deo,
892 5359 949 5441 ut
988 5367 1218 5433 parvulis
1266 5359 1433 5441 magis
1467 5380 1624 5441 quam
1653 5359 2002 5441 prudentibus

426 5431 578 5483 istius
603 5434 782 5486 mundi
814 5431 1032 5501 gratiain
1061 5449 1208 5488 suam
1238 5431 1514 5489 revelaret.
1549 5431 1699 5501 Quod
1729 5434 2002 5502 apostolus

451 5569 460 5579 .
751 5551 816 5610 de
837 5567 1073 5624 Tempore
1096 5562 1188 5622 l8;
1209 5571 1262 5638 et
1283 5573 1409 5637 post,
1434 5565 1483 5613 in
1506 5563 1777 5626 Appendice

500 5679 512 5680 ί
718 5631 827 5672 ams
848 5631 924 5673 θεῖ
945 5637 1006 5672 εκ
1027 5627 1381 5680 Αιιςξιιειιηὶειωε
1399 5625 1588 5675 duobus
1618 5629 1878 5676 sermonum

589 5623 827 5687 conﬂatus
848 5631 924 5673 est
945 5623 1006 5672 ex
1027 5623 1381 5687 Attgustinianis
1399 5623 1588 5675 duobus
1618 5627 1923 5676 sermonibus
1943 5625 2003 5673 6‘7

746 5685 872 5732 inter
894 5679 1124 5734 nonnulla
1147 5687 1326 5737 inserta
1348 5694 1460 5737 sunt
1487 5689 1709 5736 Ambrosii
1729 5695 1779 5737 ct
1803 5688 2002 5736 aliorum

1787 330 2150 392 APPENDIX.

3494 321 3634 378 πεδί)

2060 466 2253 519 Paulus
2277 465 2398 518 stilo
2429 463 2662 531 pleniore
2693 461 2936 532 digessit,
2967 461 3193 532 dieeus_:_
3225 457 3407 511 Nonne
3429 457 3636 532 stultam

2059 537 2176 604 fecit
2209 534 2346 588 Deus
2379 527 2676 601 sapientiam
2708 527 3062 604 ltujusnmndi
3083 531 3119 604 ?_
3142 527 3276 581 Nam
3317 529 3554 604 quoniam
3581 529 3647 580 irr

2060 598 2153 656 Dei
2182 598 2556 674 sapientia'non
2585 598 2814 671 cognovit
2857 598 3634 674 ξιξεᾷηιηηάιιεηρσνβηρίεηιξαηι

2060 667 2257 738 Deum,
2287 674 2473 742 placuit
2503 671 2612 726 Deo
2647 667 2737 742 per
2769 671 3031 742 stultitiam
3051 668 3434 742 prtedieationis
3470 667 3637 742 salvos

2060 735 2253 814 [areret
2275 735 2527 796 credentes
2561 743 2608 814 (l7
2648 735 2765 794 Cor.
2812 755 2856 814 ι2
2885 739 2959 814 ’ΞΟ
2973 749 3017 792 et
3042 735 3154 803 ⁴21).
3187 739 3275 790 Ait
3295 752 3455 814 ergo,
3508 735 3593 814 ita
3619 777 3633 796 ,

2063 806 2247 876 Pater,
2292 814 2528 884 quoniam
2569 806 2766 880 sicfuit
2803 810 3040 884 placitum
3079 817 3196 860 ante
3230 819 3293 884 te.
3326 806 3637 884 Ctelcstiuui

2063 884 2202 935 eiiim
2222 876 2505 936 verborum
2533 876 2722 934 arcana
2749 876 2908 946 atque
2926 880 3142 932 virtutes
3171 876 3495 944 sapientibus
3521 876 3645 946 abs-

2061 953 2389 1011 Conduutur.
2429 961 2484 1005 et
2539 950 2765 1018 parvulis
2816 945 3156 1003 revelantur:
3199 945 3439 1018 parvulis
3500 945 3643 997 mali-

2067 1024 2167 1082 tia.
2202 1037 2305 1075 nou
2349 1037 2508 1074 sensu
2524 1017 2548 1083 ;⁷
2571 1018 2896 1086 sapientibus
2936 1031 3061 1086 vero
3109 1017 3343 1086 stultitia-2
3384 1029 3644 1086 przesuni-

2067 1093 2276 1160 ptione,
2308 1107 2411 1144 non
2447 1084 2740 1159 prudentia:
2769 1088 2961 1160 causis.
3009 1085 3258 1160 Factique
3292 1084 3448 1160 huius
3476 1085 3644 1150 atqui.-

2067 1155 2224 1214 tatem
2259 1155 2510 1213 Dominus
2531 1167 2763 1226 paterna:
2781 1157 3064 1210 voluntatis
3085 1156 3286 1226 judicio
3313 1155 3594 1226 coutirmat
3621 1171 3638 1214 ;

2065 1240 2121 1283 ut
2147 1230 2234 1298 qui
2259 1224 2609 1298 dedignantur
2630 1228 2831 1298 parvuli
2861 1227 3108 1298 inrpeum
3138 1225 3247 1278 fieri
3268 1265 3282 1289 ,
3311 1224 3455 1298 stulti
3475 1224 3643 1298 drin-

2065 1293 2191 1369 ceps
2219 1300 2272 1352 in
2315 1293 2570 1369 sapientia
2615 1293 2710 1369 sua
2740 1297 2889 1350 ﬂant.
2919 1295 3076 1369 Vides
3116 1310 3271 1369 quam
3290 1293 3569 1369 terribilis
3590 1295 3645 1344 in

2066 1362 2301 1422 consiliis
2333 1362 2604 1421 Dominus.
2647 1368 2800 1420 Disce
2843 1380 2979 1420 vera:
3021 1364 3332 1417 humilitatis
3359 1362 3604 1430 exempla
3629 1402 3652 1426 ,

2069 1453 2165 1492 nec
2191 1448 2390 1493 temere
2427 1436 2680 1490 discutias
2727 1451 2971 1503 supernte
3016 1433 3425 1502 dispensationis
3469 1433 3652 1503 consi-

2070 1509 2158 1560 lia.
2207 1506 2339 1560 Cum
2380 1507 2520 1560 enim
2565 1502 2830 1576 intulisset
2875 1513 3193 1572 utrumque,
3241 1503 3441 1576 scilicet
3495 1502 3642 1576 quod

2069 1578 2186 1630 aliis
2262 1578 2518 1630 adventus
2586 1579 2665 1628 sui
2729 1571 3080 1628 sacramenta
3137 1572 3506 1633 revelaverit,
3581 1571 3650 1623 ab

2069 1648 2184 1700 aliis
2219 1659 2348 1700 vero
2375 1645 2745 1702 absconderit:
2789 1659 2891 1697 non
2922 1657 3047 1696 mox
3074 1642 3332 1695 rationem
3365 1639 3652 1703 reddidit,

2073 1717 2167 1770 sed
2197 1717 2273 1769 sic
2304 1717 2412 1770 Deo
2437 1716 2685 1784 placitum
2713 1713 2843 1767 dixit
2868 1731 2878 1766 :
2902 1713 3002 1766 hoc
3028 1711 3314 1784 ostendens
3338 1710 3655 1784 manifeste,

2069 1787 2190 1854 quia
2235 1780 2487 1854 injustum
2538 1800 2656 1837 esse
2701 1798 2806 1837 non
2834 1791 3034 1851 potest,
3067 1782 3208 1854 quod
3247 1780 3447 1854 placuit
3480 1780 3650 1854 justo.

2070 1849 2147 1909 Ae
2175 1871 2240 1909 ne
2265 1849 2388 1924 quid
2416 1856 2468 1908 in
2495 1855 2584 1908 illo
2610 1854 2784 1924 minus
2813 1849 2968 1924 quam
2995 1851 3217 1924 quodin
3246 1851 3482 1924 Deo__est,
3506 1849 3656 1901 msti-

2073 1921 2335 1991 maretur,
2369 1926 2544 1978 statim
2574 1922 2808 1977 subdidit
2833 1937 2845 1973 :
2875 1922 3058 1976 Omnia
3089 1921 3211 1972 mihi
3251 1921 3437 1991 tradita
3463 1930 3579 1991 sunt
3616 1935 3652 1970 α

2075 1993 2232 2048 Patre
2266 1989 2394 2048 meo.
2431 1993 2820 2047 Pulcherrimus
2860 1993 3192 2046 connectitur
3235 1990 3302 2043 de
3345 1989 3451 2043 ﬁde
3479 1989 3652 2051 locus,

2073 2067 2286 2132 quando
2337 2064 2512 2118 omnia
2563 2063 2662 2116 sibi
2693 2062 2880 2116 tradita
2909 2062 3038 2115 dicit
3088 2075 3118 2113 a
3150 2061 3320 2132 Patre
3363 2074 3480 2132 suo.
3519 2059 3664 2132 cum

2073 2129 2242 2187 (inuria
2286 2135 2446 2202 legis,
2491 2133 2906 2201 omnipotentem
2949 2130 3228 2202 agnoscis,
3262 2144 3392 2202 Anon;
3434 2129 3659 2202 ἀθωρα-

2074 2220 2186 2258 rem
2208 2245 2223 2270 ,
2265 2198 2369 2257 non
2397 2198 2711 2272 degenerem
2748 2202 2938 2256 Patris.
2983 2200 3114 2254 Cum
3158 2199 3344 2272 tradita
3371 2199 3528 2272 legis,
3560 2198 3670 2272 Fi-

2076 2267 2530 2336 lium'confiteri's,
2572 2273 2656 2326 cui
2703 2287 2796 2341 per
2820 2280 3060 2341 naturam
3115 2271 3295 2341 omnia
3331 2270 3484 2321 unius
3526 2267 3658 2321 sub-

2075 2345 2282 2397 stantia:
2306 2344 2423 2410 jure
2454 2353 2578 2396 sunt
2604 2339 2812 2412 propria
2838 2355 2988 2412 ,Hnon
3031 2339 3174 2412 dono
3199 2340 3388 2393 collata
3416 2353 3509 2412 per
3533 2353 3664 2406 gra—

2077 2414 2225 2467 tiam.
2251 2409 2460 2467 Tradita
2489 2409 2662 2466 autem
2705 2409 2807 2466 Sibi
2835 2411 2962 2465 dicit
2989 2411 3165 2462 omnia
3187 2449 3200 2472 ,
3243 2424 3346 2462 non
3377 2409 3549 2462 solum
3599 2417 3659 2460 et

2079 2493 2271 2537 terram
2301 2483 2384 2536 vel
2413 2490 2604 2536 etetera
2631 2497 2748 2551 qua:
2778 2483 2890 2550 ipse
2913 2479 3150 2534 condidit
3173 2494 3236 2551 ac
3263 2478 3388 2551 fecit
3411 2478 3660 2551 cientem-

2080 2563 2160 2617 ta;
2190 2553 2284 2608 sed
2306 2553 2402 2605 hos
2435 2553 2522 2621 qui
2559 2546 2662 2618 per'
2694 2546 2884 2605 Filium
2915 2564 3188 2604 accessum
3229 2549 3426 2621 habent
3465 2546 3531 2600 ad
3561 2547 3665 2621 lfa-

2080 2632 2210 2676 trcm
2232 2665 2246 2687 ,
2269 2630 2324 2676 et
2351 2616 2473 2676 ante
2502 2616 2729 2675 rebelles
2760 2622 2896 2683 Deo,
2930 2628 3111 2689 postea
3142 2619 3420 2689 peritidem
3451 2616 3657 2689 sentire

2077 2700 2354 2759 coeperunt
2396 2709 2410 2745 :
2447 2690 2586 2745 unde
2627 2691 2812 2745 etalio
2854 2687 2972 2744 loco
3010 2690 3171 2749 dicit,
3216 2688 3375 2759 Omne
3401 2687 3536 2758 quod
3574 2689 3678 2738 dae

2078 2758 2203 2814 milii
2231 2761 2418 2827 Pater,
2448 2761 2514 2812 ad
2545 2777 2621 2830 nte
2643 2761 2800 2813 veniet
2827 2759 3004 2830 (Joan.
3035 2775 3086 2813 vt
3107 2800 3120 2818 ,
3147 2759 3259 2828 57).
3296 2758 3362 2812 Et
3398 2773 3542 2830 nemo
3564 2773 3661 2830 no-_

2077 2832 2147 2901 vit
2173 2831 2362 2884 Filium
2387 2871 2402 2896 ,
2435 2832 2531 2884 nisi
2552 2829 2756 2901 Pater;
2776 2827 2932 2901 neque
2967 2829 3184 2901 Patrem
3212 2827 3492 2901 quis__novit
3509 2867 3524 2891 ,
3563 2827 3672 2901 nisi

2079 2899 2279 2966 Filius,
2306 2910 2351 2953 et
2380 2894 2461 2953 eui
2479 2900 2688 2954 voluerit
2711 2894 2874 2953 Filius
2889 2900 3123 2953 revelare.
3148 2894 3278 2952 Cum
3308 2898 3527 2966 diceret,
3554 2894 3674 2949 Ne-

2081 2987 2163 3024 mo
2191 2965 2323 3024 novit
2351 2969 2572 3036 Filium,
2603 2971 2701 3023 nisi
2737 2969 2923 3032 Pater;
2952 2985 3056 3023 non
3085 2969 3247 3033 dixit,
3279 2968 3343 3020 Et
3367 2965 3452 3020 cui
3475 2967 3666 3036 volue-

2081 3042 2151 3095 rit
2175 3041 2326 3094 Pater
2351 3035 2587 3095 revelare
2617 3059 2630 3094 :
2660 3039 3104 3108 quemadmodum
3140 3054 3261 3092 cum
3291 3037 3476 3108 dixerit
3499 3076 3512 3096 ,
3547 3035 3674 3108 Ne-

2083 3127 2164 3163 mo
2203 3112 2336 3164 novit
2367 3109 2608 3176 Patrem,
2640 3106 2738 3164 nisi
2775 3109 2982 3173 Filius;
3011 3109 3242 3172 addidit,
3276 3108 3338 3160 Et
3377 3107 3459 3160 cui
3492 3106 3670 3158 volue-

2082 3182 2154 3234 rit
2191 3179 2358 3234 Filius
2393 3180 2629 3234 revelare.
2671 3179 2823 3247 Quod
2855 3195 2958 3232 non
3007 3179 3076 3232 ita
3119 3177 3515 3246 intelligendum
3545 3186 3672 3247 est,

2083 3251 2231 3320 quasi
2261 3266 2292 3304 a
2321 3251 2465 3305 nullo
2495 3250 2663 3318 possit
2689 3246 2966 3320 cognosci,
2998 3249 3099 3320 nisi
3133 3263 3163 3320 a
3189 3249 3316 3320 solo
3333 3247 3485 3320 Patre
3514 3246 3669 3320 :__Pa-

2086 3317 2168 3374 ter
2186 3328 2362 3374 autem
2384 3317 2680 3374 non’solum
2709 3335 2738 3372 a
2765 3319 2900 3374 Filio
2917 3360 2932 3383 ,
2965 3318 3058 3373 sed
3086 3319 3244 3372 etiam
3273 3317 3339 3370 ab
3365 3318 3442 3370 eis
3469 3317 3667 3384 quibus

2086 3390 2404 3444 revelaverit
2450 3389 2634 3458 Filius.
2682 3387 2772 3444 Sic
2813 3390 2955 3443 enim
3006 3388 3181 3456 potius
3223 3388 3419 3440 dictum
3447 3397 3562 3458 e_st_,
3609 3398 3672 3438 ut

2087 3460 2442 3529 intelligamus
2466 3468 2520 3512 et
2557 3454 2763 3513 Patrem
2815 3467 2870 3514 et
2899 3454 3071 3529 ipsum
3099 3457 3288 3511 Filium
3321 3471 3415 3525 per
3468 3454 3667 3509 Filium

2088 3531 2309 3583 revelari
2365 3544 2379 3581 :
2421 3529 2543 3598 quia
2587 3530 2700 3597 ipse
2741 3537 2824 3582 est
2869 3529 3060 3582 mentis
3098 3537 3294 3598 nostra:
3342 3529 3554 3598 lumen;
3608 3536 3673 3578 ut

2087 3598 2225 3666 quod
2258 3596 2664 3666 postca'intulit,
2691 3608 2738 3653 et
2754 3599 2833 3652 cui
2853 3599 3062 3651 voluerit
3092 3596 3256 3650 Filius
3281 3597 3496 3649 revelare
3515 3637 3537 3666 ,_
3557 3610 3670 3649 non

2069 3664 2297 3722 Patrem
2344 3678 2585 3734 tantum,
2605 3668 2700 3722 sed
2745 3669 2903 3722 etiam
2934 3668 3123 3722 Filium
3163 3666 3434 3734 accipias:
3476 3664 3542 3718 ad
3589 3675 3675 3717 to-

2090 3748 2198 3790 rum
2225 3739 2363 3792 enim
2390 3738 2528 3806 quod
2555 3739 2686 3792 dixit
2709 3779 2723 3804 ,
2751 3739 2957 3791 illatum
2979 3746 3079 3791 est.
3103 3736 3276 3790 Verbo
3303 3737 3442 3790 enim
3491 3749 3589 3806 suo
3607 3749 3672 3788 se

2092 3806 2249 3861 Pater
2274 3805 2526 3862 declarat.
2555 3808 2787 3862 Verbum
2825 3809 2963 3861 enim
2993 3823 3098 3860 non
3124 3806 3294 3859 solum
3325 3806 3373 3858 id
3404 3805 3542 3872 quod
3576 3819 3676 3872 per

2092 3877 2310 3931 verbum
2341 3878 2674 3942 declaratur,
2714 3878 2806 3930 sed
2846 3879 3003 3930 etiam
3030 3891 3089 3931 se
3115 3878 3287 3945 ipsum
3319 3875 3573 3929 declarat.
3604 3873 3680 3928 Us

2093 3948 2231 4000 scias
2259 3955 2434 4002 autem
2464 3948 2584 4016 quia
2625 3949 2762 4001 sicut
2787 3947 2949 4001 Filius
2987 3946 3194 4000 Patrem
3238 3945 3427 4014 quibus
3454 3945 3565 4016 vult
3590 3959 3682 3997 re-

2093 4019 2233 4069 velat
2253 4018 2422 4086 ipsum
2449 4057 2463 4080 ,
2485 4013 2613 4070 audi
2639 4017 2899 4071 dicentem
2939 4017 3111 4086 ipsum
3143 4013 3418 4086 Dominum
3449 4013 3630 4068 Iesum
3656 4054 3674 4077 ,

2094 4101 2214 4139 cum
2238 4085 2474 4141 laudaret
2496 4087 2728 4156 Petrum,
2759 4086 2899 4156 quod
2927 4101 3049 4140 eum
3072 4085 3264 4156 Filium
3291 4085 3380 4138 Dei
3401 4099 3520 4156 esse
3543 4098 3680 4137 con-

2098 4156 2268 4210 fessus
2296 4157 2366 4210 sit
2417 4174 2432 4213 :
2485 4155 2672 4209 Beatus
2709 4155 2792 4218 es,
2827 4156 3008 4210 Simon
3057 4155 3356 4218 Bar-Jona,
3400 4155 3519 4222 quia
3553 4167 3679 4205 caro

2096 4235 2144 4278 et
2189 4227 2394 4294 sanguis
2423 4243 2522 4279 non
2550 4226 2780 4278 revelavit
2808 4227 2896 4278 tibi
2919 4267 2934 4290 ,
2989 4227 3075 4278 sed
3122 4223 3278 4277 Pater
3305 4239 3440 4276 meus
3469 4223 3552 4292 qui
3601 4231 3684 4294 est

2097 4297 2149 4348 in
2178 4293 2314 4349 uelis
2351 4295 2559 4363 (Matth.
2583 4311 2700 4363 xvi,
2753 4297 2861 4363 l7).
2909 4295 3199 4348 Audiamus
3241 4308 3368 4361 ergo
3418 4308 3537 4363 eum
3584 4293 3678 4360 qui

2102 4361 2366 4447 sequitur,
2383 4376 2436 4447 et
2455 4366 2583 4420 dicit
2613 4383 2626 4418 :
2656 4361 2831 4418 Venite
2847 4365 2913 4417 ad
2935 4381 3031 4430 me,
3055 4381 3225 4420 omnes
3251 4367 3339 4434 qui
3361 4361 3602 4417 laboratis
3629 4371 3684 4415 es

2099 4446 2290 4488 onerati
2318 4446 2452 4489 εειιι.

2172 4506 2224 4557 5.
2265 4505 2453 4558 Mirum
2481 4504 2792 4573 quibusdam
2833 4504 3040 4559 videtur
3059 4546 3073 4567 ,
3123 4505 3311 4573 fratres
3337 4501 3634 4573 charissimi
3661 4541 3684 4565 ,

2100 4589 2220 4628 cum
2271 4571 2511 4628 audiunt'
2543 4574 2823 4628 Dominum
2874 4575 3172 4636 dicentem,
3231 4571 3404 4626 Venite
3445 4571 3516 4623 ad
3565 4587 3680 4634 me,

2102 4661 2273 4698 omnes
2309 4645 2396 4712 qui
2433 4645 2674 4698 laboratis
2723 4655 2770 4698 et
2818 4645 3012 4698 onerati
3058 4644 3207 4705 estis,
3264 4652 3316 4696 et
3337 4658 3426 4710 ego
3451 4641 3687 4708 reﬁciam

2102 4729 2208 4767 vos.
2241 4714 2654 4796 .Tollite‘jugum
2680 4730 2843 4796 meum
2879 4731 3030 4796 super
3055 4730 3174 4796 vos,
3216 4723 3261 4765 et
3301 4712 3533 4796 discitea
3567 4726 3689 4775 me,

2102 4785 2338 4852 quoniam
2371 4781 2505 4837 mitis
2537 4781 2650 4836 sunt
2690 4793 2738 4838 et
2771 4784 2975 4836 humilis
3009 4785 3187 4848 corde,
3221 4791 3268 4835 et
3301 4781 3560 4833 invenietis
3597 4796 3684 4832 re-

2103 4855 2267 4922 quiem
2311 4853 2573 4907 animabus
2625 4855 2818 4907 vestris.
2865 4852 3057 4923 Jugum
3101 4868 3268 4905 meum
3323 4855 3433 4923 leve
3482 4861 3612 4923 εει,Δ
3636 4857 3688 4902 et

2104 4919 2303 4976 sarcina
2349 4939 2460 4977 mea
2512 4923 2630 4979 levis
2676 4940 2696 4977 :
2741 4919 3080 4978 considerant
3115 4937 3207 4977 eos
3253 4921 3341 4990 qui
3375 4925 3556 4989 jugqu
3601 4919 3688 4987 ip—

2105 5007 2223 5047 sum
2242 5034 2259 5058 ,
2286 5002 2390 5048 etc.

2601 5083 2832 5139 SERMO
2867 5083 3034 5139 LXXI
3076 5083 3171 5155 (a).

2107 5173 2377 5246 De_verbis
2405 5173 2665 5246 Evangelii
2709 5173 3118 5246 Matthazi,cap.
3152 5191 3279 5240 xm,
3320 5173 3520 5236 24-50,
3554 5172 3695 5246 Cum

2177 5243 2473 5298 dormirent
2499 5243 2740 5299 homines
2761 5285 2775 5306 .
2804 5247 2949 5299 venit
2977 5243 3242 5308 inimicus,
3273 5257 3326 5300 et
3357 5244 3692 5311 supersemi-

2179 5314 2322 5385 navit
2346 5315 2716 5385 zizania,_etc.,
2747 5314 2906 5385 deque
2926 5316 3044 5369 aliis
3063 5315 3202 5378 locis,
3219 5314 3595 5368 exhortatorias
3623 5313 3695 5364 ad

2177 5383 2308 5437 bona
2335 5399 2488 5452 opera
2521 5381 2594 5454 (b)
2605 5421 2619 5435 .

2179 5475 2231 5529 1.
2293 5472 2573 5539 Inimicus,
2631 5475 2684 5528 in
2732 5474 2904 5544 ﬁgura
2953 5473 3101 5528 homo
3145 5473 3306 5528 dictus
3361 5482 3454 5527 est.
3502 5469 3694 5526 Domi-

2170 5628 2243 5750 ta;
2277 5627 2414 5686 Alias,
2439 5626 2504 5677 de
2526 5606 2764 5687 Tempore
2781 5625 2890 5675 εδδ.

2171 5689 2219 5749 (b
2273 5695 2322 5737 In
2365 5687 2636 5750 Appendiee
2661 5701 2790 5736 nunc
2826 5689 2890 5749 pri

2171 5685 2240 5750 (b)
2273 5695 2322 5737 In
2365 5685 2790 5750 Appendtee'nunc
2826 5689 3028 5749 primum
3063 5687 3341 5736 collocatur.
3369 5685 3569 5750 nubium
3610 5685 3696 5730 ir!—

2109 5747 2321 5801 buerunt
2342 5747 2694 5809 Lo'vanienses;
2717 5747 3070 5812 supposititium
3091 5754 3300 5797 asseruit
3321 5756 3427 5810 post
3449 5747 3704 5796 veriiuum
