4036 6186
305 234 440 294 1803

297 359 402 414 hoc
427 355 932 434 :rStimoghnmiliter
953 353 1164 434 dictum
1195 353 1251 434 [ς.
1270 353 1390 434 qula
1421 361 1602 434 tantus
1631 362 1803 434 terror
1832 367 1884 434 et

299 437 447 483 tmua
473 427 803 482 examinatio
828 426 930 478 erit
953 425 1004 479 in
1035 425 1122 478 die
1143 423 1322 492 judicii
1345 464 1360 488 ,
1413 426 1652 478 utetiam
1691 424 1764 477 illi
1794 425 1884 493 qui

298 501 474 553 oleum
495 497 872 552 misericordia:
892 511 950 548 se
977 495 1272 562 intelligunt
1293 495 1648 548 abundantius
1677 509 1879 562 praepa-

299 583 452 624 rasse
471 609 484 628 ,
515 575 754 621 metuant
797 579 866 618 ue
891 565 968 618 eis
999 564 1165 632 possit
1191 563 1254 616 ad
1282 563 1458 616 omnia
1491 573 1705 632 peccata
1737 563 1881 616 redi-

297 639 492 693 menda
522 637 786 691 sufficere.
825 635 956 688 Illud
985 631 1112 688 vero
1137 633 1277 702 quod
1316 631 1512 686 dictum
1539 643 1651 696 est,
1683 631 1708 684 Ι
1718 643 1765 685 te
1791 649 1881 700 po-

300 710 400 762 tius
425 707 492 759 ad
541 706 805 760 uendentes
822 745 837 768 ,
865 709 908 757 et
936 705 1082 757 envite
1107 704 1276 766 vobis;
1319 712 1492 770 potest
1522 703 1620 756 hoc
1655 702 1724 756 de
1749 719 1881 770 pati-

300 779 518 846 peribus
565 775 810 846 intelligi.
841 775 944 846 ipsi
987 781 1111 826 sunt
1141 773 1531 846 negotiatores,
1574 773 1662 846 qui
1704 773 1880 846 oleiun

295 841 595 901 animarum
647 841 982 911 lampadibus
1044 841 1403 896 necessarium
1465 841 1716 896 vendunt.
1777 841 1884 896 Per

295 918 444 984 ipsos
462 916 605 970 enim
630 913 732 968 hoc
751 913 1018 982 negotium
1039 911 1284 966 Christus
1307 926 1556 966 exercere
1583 913 1878 966 consuevit.

297 987 358 1040 In
393 987 525 1054 ipsis
554 985 698 1047 enim
724 984 916 1054 accipit
949 993 1156 1054 terrena
1177 1023 1192 1045 ,
1212 991 1617 1054 “repensaturus
1661 992 1878 1054 a-tcrua.

297 1051 538 1122 Denique
565 1057 644 1110 sic
673 1056 786 1121 ipse
811 1053 948 1106 dixit
970 1093 985 1116 ,
1017 1051 1276 1122 Quamdiu
1319 1052 1618 1122 fecistisuni
1640 1068 1705 1106 ea:
1733 1053 1882 1104 mini-

295 1129 394 1180 mis
445 1120 554 1178 istis
577 1167 592 1189 ,
645 1120 768 1176 mihi
798 1123 988 1192 fecistis
1019 1121 1230 1192 (Matth.
1260 1136 1372 1175 xxv
1395 1162 1411 1184 ,
1438 1120 1552 1192 40).
1589 1123 1881 1191 Lampach

293 1207 494 1257 autem,
520 1196 712 1247 anima:
729 1191 1258 1261 intelligttittur.Vasa
1285 1200 1462 1246 autem
1487 1191 1574 1244 illa
1594 1192 1680 1245 ubi
1703 1193 1878 1246 oleum

295 1273 606 1321 reservatur
628 1304 643 1330 ,
670 1263 1012 1318 conscientiae
1037 1261 1190 1314 bona:
1218 1261 1601 1327 significantur.
1629 1261 1768 1326 Quid
1797 1269 1881 1315 est

293 1345 470 1388 autem
496 1335 672 1386 oleum
697 1334 748 1386 in
777 1333 915 1386 vasis
943 1331 1139 1385 habere
1163 1371 1176 1392 ,
1199 1331 1454 1384 nisiintus
1475 1332 1525 1384 in
1554 1331 1879 1385 conscientia

295 1419 458 1472 opera
513 1405 650 1458 bona
679 1400 1110 1472 recondere'ilit
1137 1401 1258 1469 quia
1304 1415 1466 1472 opera
1510 1401 1648 1472 bona
1673 1401 1879 1472 alii_fa-

293 1469 446 1527 ciunt
472 1489 571 1543 pro
605 1473 696 1526 Dei
725 1487 940 1534 amore,
969 1471 1054 1524 alii
1093 1486 1204 1543 pro
1251 1470 1539 1543 cupiditate
1577 1470 1751 1543 _laudis
1777 1469 1878 1523 hu-

295 1540 494 1604 meum,
513 1543 746 1611 virgines
767 1543 870 1594 ilhc
885 1551 941 1594 et
967 1540 1106 1610 quod
1137 1541 1186 1592 in
1209 1540 1689 1611 corporevirgiues
1706 1551 1875 1605 erant,

292 1621 354 1666 et
380 1612 521 1682 quod
559 1607 619 1666 se
645 1613 836 1682 vigiliis
861 1613 902 1674 ’,
934 1607 1155 1682 psalmis
1178 1649 1192 1674 ,
1219 1607 1648 1682 lectionibusvel
1679 1611 1877 1664 oratio-

295 1677 456 1736 nibus
481 1677 802 1738 exercebant
821 1721 836 1746 ,
868 1677 1035 1734 totum
1063 1680 1163 1733 hoc
1189 1677 1460 1748 proflaude
1489 1678 1740 1742 humana,
1773 1695 1876 1733 non

295 1769 398 1822 pro
443 1753 552 1806 Deo
579 1753 660 1805 vel
705 1766 804 1822 pro
845 1747 1394 1822 atteruabcatitudine
1423 1749 1721 1822 faciebant;
1761 1750 1878 1822 ideo

295 1819 472 1876 inerte
519 1819 908 1876 interveniente
933 1862 948 1884 ,
982 1820 1068 1872 ubi
1099 1819 1167 1872 ab
1195 1819 1272 1872 eis
1291 1820 1520 1872 cessavit
1547 1819 1660 1872 laus
1711 1820 1878 1872 homi-

295 1908 456 1954 num,
481 1891 642 1946 simul
669 1889 772 1944 illis
805 1890 1000 1944 defecit
1028 1898 1082 1942 ct
1104 1889 1300 1943 oleum.
1331 1887 1460 1941 Nam
1489 1889 1615 1942 illud
1639 1889 1778 1956 quod
1802 1890 1878 1942 ris

291 1961 500 2016 dictum
537 1969 622 2041 est
643 2001 659 2024 ,
691 1959 772 2013 Ite
800 1961 964 2041 potius
992 1958 1059 2011 ad
1100 1957 1364 2041 uendentes
1383 1999 1404 2038 ,_
1439 1960 1657 2041 etentite
1693 1958 1874 2041 voltis:e

293 2041 475 2102 potest
495 2040 554 2102 et
579 2031 658 2085 sic
690 2027 868 2102 _accipi
892 2071 909 2102 ,
931 2038 1008 2102 ut
1035 2027 1343 2102 _vcndcntes
1395 2028 1753 2102 intelligantur
1801 2030 1878 2082 illi

292 2097 653 2172 quiAvirgiucs
682 2097 850 2154 fatuas
891 2098 1100 2172 blandis
1131 2097 1524 2172 adulationibus
1569 2097 1875 2166 praedicant.

295 2167 450 2226 ['nde
478 2167 790 2240 intelligitur
806 2169 944 2238 quod
967 2183 1154 2224 omnes
1179 2168 1268 2240 qui
1292 2167 1478 2240 laudes
1505 2167 1761 2240 humanas
1785 2185 1877 2223 ac-

291 2241 476 2310 cipere
497 2237 720 2310 cupiunt
741 2281 756 2307 ,
779 2237 932 2310 quod
953 2240 1002 2292 iu
1027 2253 1190 2310 opere
1213 2237 1303 2292 Dei
1325 2252 1578 2310 exercere
1595 2238 1874 2303 videntur;

293 2307 546 2364 humanis
569 2307 1020 2364 assentatiouibus
1041 2307 1278 2362 vendunt
1297 2348 1311 2368 ,
1335 2308 1657 2373 accipientes
1685 2322 1874 2362 vanam

293 2379 544 2444 laudem,
570 2389 626 2434 et
674 2379 890 2450 pratuiia
924 2389 1139 2450 _rcterna
1195 2377 1494 2450 perdentes.
1549 2377 1653 2431 Illae
1697 2387 1876 2432 autem

293 2451 534 2520 virgines
553 2447 875 2520 qutefoieum
924 2447 1309 2520 habuer_unt_in
1338 2447 1481 2502 vasis
1519 2451 1664 2512 suis,
1720 2462 1878 2520 omne

291 2516 430 2588 opus
453 2516 652 2574 bonum
680 2519 821 2572 intus
863 2518 917 2572 in
955 2516 1333 2588 conscientiam
1385 2526 1706 2588 posuerunt;
1744 2517 1878 2588 quia

292 2586 398 2644 hoc
421 2603 528 2645 non
551 2605 650 2658 pro
671 2589 858 2655 laude,
886 2587 978 2643 sed
1009 2602 1106 2657 pro
1136 2586 1498 2640 misericordia
1527 2587 1704 2640 divina
1733 2587 1880 2642 fece-

291 2667 438 2714 runt.

365 2730 420 2784 4.
455 2727 720 2798 Virginum
751 2727 1014 2798 exercitia,
1069 2744 1131 2798 ne
1150 2726 1407 2798 virginitas
1445 2730 1510 2781 sit
1553 2744 1702 2782 vana.
1751 2727 1878 2783 Hazc

289 2813 424 2868 ergo
453 2797 682 2854 fideliter
730 2797 1057 2868 cogitantes,
1107 2797 1297 2868 fratres
1327 2797 1698 2862 dilectissimi,
1754 2799 1876 2868 quia

291 2867 546 2936 parabola
580 2869 677 2922 ista
726 2868 791 2922 ad
833 2867 1129 2938 universam
1163 2867 1448 2920 Ecclesium
1479 2869 1739 2936 pertinet,
1775 2867 1876 2938 qui

291 2954 402 2991 non
437 2947 660 3004 possunt
679 2953 892 2992 servare
923 2937 1274 3005 virginitatem
1297 2940 1570 3006 Corporis,
1601 2937 1875 3006 integrita-

291 3017 400 3078 tem
429 3008 728 3061 custodiant
779 3006 956 3065 cordis
983 3024 995 3058 :
1024 3017 1098 3078 ut_
1129 3007 1172 3059 si
1209 3006 1275 3058 ad
1297 3021 1546 3062 coronam
1585 3017 1876 3078 martyrum

289 3077 410 3132 sive
449 3078 710 3145 virginum
738 3091 844 3130 non
895 3076 1164 3144 potuerint
1192 3078 1504 3145 pervenire,
1559 3076 1748 3131 saltem
1796 3079 1877 3132 vel

289 3144 548 3200 omnium
577 3157 912 3214 peccatorum
959 3144 1338 3214 indulgentiam
1375 3157 1680 3201 mereantur
1735 3148 1880 3201 acci-

249 3213 252 3215 ’
289 3213 719 3292 pere:_\’irgities
741 3231 866 3292 vero
895 3231 1013 3282 qua:
1045 3213 1396 3292 integritatem
1446 3217 1720 3292 Corporis,
1769 3217 1878 3292 l_)_eo

289 3285 620 3350 auxiliante,
651 3286 994 3348 custodiunt,
1017 3285 1144 3339 tutis
1171 3285 1398 3347 viribus,
1439 3301 1560 3339 cum
1591 3285 1684 3339 Dei
1729 3286 1880 3352 adju-

291 3357 466 3416 torio,
501 3356 742 3410 laborare
765 3354 1084 3408 contendant
1113 3355 1487 3409 verbositatem
1535 3357 1717 3422 fugere
1737 3396 1750 3417 ,
1784 3356 1878 3410 de-

293 3425 610 3480 tractionem
635 3427 712 3479 vel
740 3427 1217 3478 murmurationem
1259 3425 1400 3478 velut
1431 3425 1626 3480 diaboli
1671 3440 1876 3478 venena

291 3511 586 3564 respuere,
621 3495 832 3549 invidia:
869 3493 1509 3564 superbimqucimorbum
1537 3493 1725 3563 'quasi
1775 3495 1877 3548 hu-

291 3563 640 3634 stis’gladium
671 3565 1078 3632 pertimescere,
1101 3563 1458 3618 obedientiam
1489 3563 1762 3618 humiliter
1785 3580 1880 3618 eu-

297 3637 504 3688 stodire
539 3675 554 3696 ,
615 3649 884 3701 nunquam
933 3634 1160 3687 senioris
1191 3643 1452 3702 praecepta
1497 3642 1874 3698 contemnere,

291 3705 507 3758 lectioni
541 3714 596 3756 et
636 3704 864 3757 orationi
901 3704 1180 3766 insistere;
1221 3704 1264 3756 si
1293 3703 1571 3756 infirmitas
1617 3717 1720 3757 non
1753 3720 1876 3772 pro-

293 3773 478 3837 hibet,
527 3773 594 3826 ad
624 3774 825 3842 vigilias
868 3789 988 3827 cum
1035 3776 1176 3826 omni
1226 3773 1500 3843 alacritate
1535 3788 1874 3843 consurgere.

289 3843 408 3898 sive
429 3845 480 3896 in
510 3841 777 3905 oratorio,
819 3843 932 3898 sive
962 3844 1012 3896 in
1038 3843 1142 3896 alio
1168 3841 1406 3912 quolibet
1459 3843 1610 3907 loco;
1667 3841 1879 3912 semper

291 3913 438 3982 quod
471 3913 540 3966 ad
571 3913 924 3966 obedientiam
955 3912 1038 3967 vel
1092 3911 1159 3966 ad
1191 3911 1556 3982 humilitatem
1603 3911 1832 3980 pertinet
1859 3956 1874 3978 ,

291 3983 546 4038 studeant
572 3997 636 4037 ex
663 3997 756 4037 ore
795 3982 1034 4050 proferre
1059 3999 1071 4033 :
1097 3982 1140 4034 si
1171 3983 1378 4036 tristem
1423 3981 1652 4036 viderint
1679 4023 1693 4044 ,
1745 3999 1876 4036 con-

293 4053 540 4106 solcntur
578 4094 593 4118 ,
653 4053 700 4106 si
747 4051 1139 4107 inobcdientem
1189 4051 1538 4123 agnoverint,
1618 4055 1879 4122 castigare

291 4137 402 4176 non
427 4131 660 4176 cessent.

366 4193 418 4247 5.
458 4191 657 4262 Ubique
685 4191 940 4256 adiutores
965 4191 1150 4248 Christi
1188 4201 1234 4245 et
1269 4191 1478 4246 diaboli.
1517 4193 1616 4257 Qui
1663 4192 1880 4245 ministri

291 4261 486 4316 diaboli
511 4261 930 4316 in’monasteriis.
965 4265 1028 4316 Et
1052 4263 1173 4331 quia
1201 4263 1252 4314 iu
1282 4263 1424 4314 omni
1468 4262 1800 4331 professione
1825 4271 1880 4316 et

289 4333 420 4386 boni
455 4333 801 4386 invcuiuutur
825 4343 877 4385 et
919 4333 1072 4397 mali,
1102 4342 1156 4386 et
1187 4333 1236 4384 iu
1261 4331 1498 4386 Ecclesia
1531 4331 1724 4385 Christi
1771 4347 1876 4385 non

287 4403 467 4456 solum
497 4403 768 4464 triticum,
807 4401 900 4455 sed
928 4403 1086 4456 etiam
1125 4402 1287 4469 pultm
1327 4403 1700 4469 reperiuntur:
1733 4403 1882 4456 inve.

285 4472 514 4526 niuntur
533 4511 548 4536 ,
582 4472 722 4541 quod
750 4473 897 4541 pejus
926 4480 1035 4536 est,
1065 4472 1274 4530 clerici.
1305 4472 1548 4528 monachi
1587 4483 1641 4526 et
1684 4471 1880 4526 sancti-

283 4544 558 4596 moniales
585 4543 654 4596 ita
677 4543 1004 4612 negligentes
1027 4550 1080 4596 ct
1106 4541 1266 4609 tepidi
1286 4581 1302 4607 ,
1335 4552 1390 4612 ut
1423 4558 1526 4595 non
1553 4543 1696 4596 velut
1719 4543 1878 4612 spiri—

285 4613 466 4668 tuales
491 4627 653 4682 apes.
687 4611 861 4666 dulcia
891 4611 1186 4666 animarum
1242 4611 1396 4666 mella
1424 4611 1761 4674 conficiant,
1785 4612 1879 4666 sed

281 4683 439 4736 velut
484 4683 870 4738 crudelissima:
921 4697 1094 4750 vespa:
1139 4683 1414 4737 venenatis
1446 4683 1638 4751 lingua:
1682 4682 1882 4736 aculeis

279 4752 515 4806 fratrum
563 4752 724 4806 corda
761 4752 1092 4821 percutiant.
1145 4751 1233 4806 lsti
1263 4751 1396 4806 tales
1451 4767 1555 4806 non
1613 4751 1882 4821 adjutores

277 4821 526 4887 Christi,
555 4822 651 4876 sed
679 4819 992 4877 tlefensores
1021 4822 1217 4876 diaboli
1271 4835 1392 4876 esse
1438 4819 1749 4891 probantur.
1781 4823 1880 4888 Qui

283 4893 342 4945 si
364 4891 504 4946 forte
534 4891 768 4944 viderint
796 4891 1011 4946 fratrem
1041 4891 1120 4945 vel
1142 4907 1382 4946 sororem
1399 4902 1582 4944 contra
1613 4893 1880 4946 seniorem

271 4962 556 5030 superbos
577 4965 808 5015 existere
838 4960 860 4992 ⁸
884 5003 899 5026 ,
933 4976 1035 5015 non
1076 4961 1248 5015 solum
1288 4961 1505 5016 student
1533 4962 1774 5031 mitigare
1811 4963 1834 4994 ⁸
1863 5003 1878 5024 .

271 5033 382 5086 sed
407 5031 584 5100 magis
621 5031 869 5100 malignis
889 5032 1226 5086 sermonibus
1249 5031 1316 5085 ad
1350 5034 1604 5100 majorum
1631 5048 1752 5086 eum
1797 5031 1880 5086 fu-

350 5207 366 5269 f
403 5203 568 5253 C(xiex
587 5201 958 5269 Poetarum/tot:
981 5203 1154 5269 timore
1173 5209 1240 5254 est
1265 5203 1507 5269 humiliter
1525 5205 1722 5256 dictum.

349 5267 368 5298 ι
402 5269 480 5314 Sic
503 5265 762 5388 expiatam
909 5266 972 5326 [et
995 5279 1104 5329 qua:
1139 5265 1188 5316 in
1212 5279 1408 5330 corpore
1431 5266 1638 5331 virgines
1659 5275 1815 5330 ermtt,
1840 5275 1884 5320 et

351 5341 468 5378 sese
491 5340 683 5388 mgnus.
769 5385 780 5388 Α
847 5385 858 5388 _
888 5386 911 5388 Δ
1044 5386 1051 5388 _

265 5341 396 5391 quae
411 5341 468 5376 se
491 5340 683 5389 mgnus.
693 5340 708 5388 ι

353 5389 372 5419 ⁸
407 5389 539 5436 idem
562 5387 738 5453 codex,
761 5385 958 5453 incidite
980 5386 1052 5438 vel
1073 5388 1310 5453 superbia:
1331 5389 1560 5440 morbum.
1589 5394 1660 5441 sic
1681 5391 1777 5442 duo
1795 5393 1885 5442 ista

1720 235 1948 292 SERMO
1985 235 2215 292 LXXVI.

3439 253 3573 310 189i

1993 367 2170 430 rorem
2199 361 2460 430 conantur
2496 353 2820 430 accendere,
2865 357 3104 430 dicentes
3149 359 3290 430 quod
3342 359 3444 414 hoc
3474 377 3574 417 nec

1993 424 2160 488 possit
2182 437 2280 476 nec
2295 423 2488 476 debeat
2525 423 2721 476 diutius
2760 427 3008 481 sustineri
3039 447 3054 481 :
3087 423 3364 483 hortantur
3412 432 3572 484 ctiam

1993 503 2053 569 ιιι
2071 493 2168 546 ista
2199 493 2496 569 senioribus
2518 495 2803 569 poniiteat,
2835 512 2998 565 quare
3025 514 3118 552 eos
3139 509 3352 568 paterna
3375 499 3574 569 pietate

1989 561 2282 638 admonere
2320 563 2402 638 vel
2431 563 2693 638 castigare
2723 561 3004 638 voluerint.
3049 561 3155 623 Sed
3201 569 3320 638 quia
3355 561 3404 622 in
3429 571 3574 624 omni

1991 632 2461 706 proposito,sicut‘
2489 633 2598 706 jam
2627 635 2892 706 divinius,
2937 653 3041 690 non
3088 632 3260 693 solum
3302 639 3573 706 adjutores

1989 701 2332 778 veiininistri
2358 701 2553 778 diaboli
2585 703 2650 756 ad
2693 704 3111 778 iuobedientiaui
3153 710 3239 763 vel
3269 701 3572 778 superbiam
3635 727 3642 730 ·

1988 770 2176 842 callida
2220 771 2584 842 susurratioue
2637 775 2964 830 succendunt
3001 793 3015 830 :
3050 770 3348 842 adjutores'
3374 777 3568 832 Christi

1987 840 2178 893 blanda
2218 840 2588 896 adhortatione
2622 851 2676 896 et
2705 854 2889 898 sancto
2913 860 2976 900 ac
3005 840 3200 900 salubri
3249 849 3476 903 c0usi|io
3500 849 3568 902 ad

1989 909 2339 963 humilitatem
2369 912 2449 963 vel
2472 913 2936 968 mansuetudinem
2947 931 3196 972 revocare
3213 918 3564 972 contendunt.

1989 978 2065 1055 ll_l_i
2094 980 2232 1055 enim
2263 979 2350 1048 qui
2380 979 2433 1055 in
2455 981 2600 1055 clero
2640 982 2720 1055 vel
2749 983 2799 1034 in
2829 988 3150 1040 monasterio
3179 989 3332 1055 positi
3364 997 3417 1041 et
3438 1002 3496 1040 se
3517 997 3572 1042 et

1987 1049 2120 1126 alios
2148 1049 2830 1126 _ad_superbianierigunt,
2861 1055 3007 1126 velut
3051 1049 3310 1122 pharetra:
3357 1059 3565 1126 sagittis

1987 1118 2182 1193 diaboli
2209 1118 2376 1193 plenae
2400 1118 2716 1193 simplicium
2745 1123 2901 1193 corda
2926 1118 3207 1193 percutere
3232 1167 3246 1188 ,
3270 1137 3321 1179 et
3341 1118 3568 1180 Charita-

1989 1199 2094 1242 tem
2124 1189 2174 1242 in
2205 1189 2284 1241 eis
2303 1229 2315 1252 ,
2348 1188 2697 1246 humilitatem
2717 1192 2795 1246 vel
2820 1188 3278 1248 uiatisuctudincm
3308 1205 3569 1250 conantur

1985 1260 2350 1326 exstinguere.

2057 1327 2111 1403 ii.
2147 1328 2248 1392 Qui
2274 1344 2386 1403 vero
2416 1328 2622 1382 Christi.
2647 1330 2896 1403 Sedquia
2929 1333 3035 1386 Deo
3059 1335 3288 1403 propitio
3315 1335 3366 1388 iu
3387 1335 3565 1389 medio

1985 1397 2256 1474 paicarum
2285 1398 2549 1474 invenitur
2578 1408 2628 1474 et
2661 1397 2890 1474 triticum
2913 1443 2928 1466 ,
2953 1397 3144 1458 animm
3163 1397 3380 1458 'sanrta‘,
3399 1445 3416 1470 ,
3447 1421 3567 1474 qtuc

1986 1465 2128 1543 velut
2148 1467 2374 1521 armaria
2397 1465 2592 1543 Christi
2612 1465 2972 1543 spiritualibus
2998 1475 3248 1530 antidotis
3269 1465 3420 1543 plena
3445 1465 3568 1528 esse

1987 1536 2309 1610 probantur,
2343 1537 2632 1610 quidquid
2672 1541 2748 1594 illi
2797 1543 3221 1610 vulneraveriut,
3254 1536 3563 1600 emlestibus

1986 1605 2668 1678 medicamentisappositis
2691 1625 2878 1665 curare
2906 1605 3270 1668 nomlesiuu'nt
3288 1656 3303 1678 ,
3327 1616 3566 1668 dicentes

1985 1676 2300 1752 cuicumque
2347 1679 2628 1752 superbo,
2659 1679 2773 1752 Noli
2823 1683 3137 1750 superbire,
3195 1676 3390 1748 frater;
3443 1685 3564 1752 quia

1985 1746 2240 1822 scriptum
2261 1756 2380 1822 _est,
2413 1747 2655 1822 Snperbis
2681 1749 2814 1803 Deus
2841 1746 3022 1822 resigtit
3065 1754 3282 1821 (Jacobi
3311 1746 3398 1812 iV,
3443 1746 3510 1822 ti)
3549 1771 3564 1807 :

1984 1815 2092 1868 noli
2117 1817 2470 1892 iras_ci_,'__qu_ia
2492 1815 2752 1892 scriptum
2775 1831 2857 1892 est
2869 1863 2884 1887 ,
2929 1820 3020 1875 Ira
3049 1815 3102 1875 in
3141 1825 3255 1876 sinu
3285 1815 3566 1892 insipientis

1988 1887 2248 1964 requiescit
2275 1885 2467 1958 (Eccle.
2491 1903 2590 1964 vlt,
2735 1907 2748 1954 ;
2778 1885 3034 1964 etiterum
3055 1933 3070 1957 ,
3086 1892 3189 1964 ilra
3211 1885 3567 1964 t'irijustitiam

1985 1953 2078 2008 Dei
2122 1972 2220 2009 non
2249 1953 2484 2025 operatur
2512 1953 2743 2026 (Jacobi.
2763 1975 2778 2013 ι
2802 2001 2814 2023 ,
2835 1959 2947 2026 20).
2981 1961 3034 2017 Si
3058 1953 3210 2017 forte
3253 1953 3564 2016 inmiti-dieit-

1987 2034 2094 2098 teni
2137 2026 2402 2098 viderint,
2428 2026 2618 2082 blande
2646 2039 2698 2082 et
2745 2029 3017 2086 humiliter
3041 2031 3250 2098 dicunt,
3275 2033 3392 2086 Noli
3441 2048 3564 2086 esse

1984 2095 2350 2170 inobedicns,‘
2381 2096 2568 2170 frater;
2610 2099 2730 2170 quia
2783 2103 3038 2170 scriptum
3090 2111 3211 2166 est,
3240 2095 3567 2156 'Obetlientia

1982 2181 2136 2234 super
2170 2166 2482 2240 sacri/icium
2515 2167 2554 2235 (Ι
2598 2167 2724 2240 _Reg.
2755 2184 2824 2222 xv
2843 2211 2859 2234 ,
2889 2166 3018 2240 2‘2);
3049 2180 3103 2225 ct
3138 2173 3420 2240 Apostolus
3448 2173 3563 2225 cla-

1985 2244 2094 2312 mat
2113 2235 2369 2312 ,_0bedite
2395 2235 2690 2312 prtepositis'
2721 2241 2891 2292 vestris
2916 2235 2986 2312 et
3028 2235 3278 2311 subjacete
3319 2243 3420 2305 eis;
3447 2242 3567 2312 quia

1983 2304 2082 2380 ipsi
2098 2304 2330 2380 _uigiinnt
2368 2320 2459 2380 pro
2485 2306 2980 2380 animabusyestris,
3030 2304 3266 2380 tanquam
3321 2304 3566 2364 rationem

1982 2374 2226 2450 reddituri
2256 2373 2562 2450 (llebr._xut
2585 2415 2600 2438 ,
2629 2377 2743 2450 17).Δ
2763 2376 2880 2450 ista:
2923 2373 3270 2450 auiinaa'Deo
3307 2383 3478 2450 plenze
3519 2381 3564 2435 si

1985 2442 2218 2518 tepidum
2245 2442 2298 2496 et
2327 2445 2677 2518 negligentem
2697 2442 2922 2502 viderint
2948 2490 2962 2512 ,
2993 2450 3061 2504 de
3087 2442 3343 2518 spirituali
3385 2467 3564 2503 arma-

1983 2515 2065 2566 rio
2085 2553 2099 2578 ,
2125 2513 2174 2565 id
2205 2521 2285 2584 est
2303 2555 2316 2576 ,
2343 2513 2409 2568 de
2435 2515 2596 2570 corde
2617 2517 2756 2570 bono
2774 2559 2786 2579 ,
2819 2519 3035 2584 prolatis
3075 2513 3473 2574 medicamentis
3497 2523 3566 2574 ad

1982 2583 2446 2651 compunctionem
2474 2594 2733 2640 conantur
2758 2583 3049 2643 accendere
3080 2607 3092 2642 :
3127 2591 3170 2643 si
3193 2589 3560 2644 detrahentem

1981 2667 2046 2707 ac
2071 2662 2488 2728 murmur-autem
2514 2656 2734 2710 viderint
2753 2699 2767 2718 ,
2799 2657 2981 2712 dicunt
2999 2660 3046 2714 ei
3082 2659 3208 2712 illud
3231 2661 3368 2714 beati
3427 2663 3570 2728 Apo-

1983 2722 2104 2776 Stoli
2125 2763 2141 2786 ,
2174 2720 2352 2792 Neque
2380 2728 2835 2788 murmuraveritis,
2854 2730 2982 2780 sicut
3007 2728 3212 2796 quidam
3233 2747 3400 2783 eorum
3432 2720 3570 2782 niur-

1983 2801 2414 2870 mnraverunt,_et
2437 2796 2686 2870 perierunt
2721 2797 2783 2849 ab
2810 2799 3192 2870 exta-ininatore
3225 2799 3265 2870 (Ι
3314 2799 3432 2853 Cor.
3493 2815 3525 2852 x
3549 2839 3566 2864 ,

1984 2863 2118 2936 10)_:_
2149 2877 2320 2936 neque
2339 2863 2673 2936 detraxi-ritis
2698 2906 2712 2930 ,
2745 2867 2865 2936 quia
2896 2869 3149 2936 scriptum
3177 2863 3292 2935 est,
3327 2870 3426 2934 Qui
3469 2863 3564 2922 de;

1984 2931 2149 3008 trahit
2159 2933 2312 3008 fratri
2332 2973 2346 2996 ,
2372 2933 2595 3008 detrahit
2644 2935 2742 3004 legi
2765 2931 3076 3008 _(Jacobi'tv
3095 2979 3110 3002 ,
3141 2937 3230 3008 Η)
3266 2931 3288 2992 :7
3311 2931 3366 2993 ei
3388 2939 3510 2992 alibi
3543 2979 3560 3003 ,

1985 2999 2086 3082 Qui
2115 2999 2330 3082 detrahit
2359 3003 2504 3082 fratri
2521 3020 2632 3068 suo,
2655 2999 3020 3082 ειῖιιςιξέαιιὶιιιιθ.⁸
3044 2999 3110 3060 Et
3131 2999 3223 3076 per
3253 3009 3388 3063 hanc
3413 2999 3560 3082 _sau;

1982 3079 2122 3143 claui
2161 3070 2572 3143 admunitiouein
2599 3090 2628 3125 a
2651 3075 2965 3143 rtualiloquio
2989 3070 3339 3143 deterrentes,
3363 3079 3428 3130 ad
3453 3079 3570 3131 lau-

1982 3139 2214 3212 dandum
2245 3142 2409 3212 Deum
2438 3157 2532 3195 eos
2561 3142 2820 3210 incipiunt
2847 3139 3155 3212 provocare.
3197 3147 3252 3201 Si
3281 3139 3566 3201 verbosum

1982 3209 2064 3264 vel
2085 3211 2473 3264 cuuteutiosum
2495 3209 2808 3279 agnoverint
2827 3209 2857 3274 .’
2877 3214 3320 3268 medicamentum
3352 3217 3568 3268 ltlt'illll'-

1983 3279 2162 3332 uitatis
2187 3289 2498 3348 apponunt,
2531 3279 2773 3335 dicentes
2801 3283 2909 3344 illi,
2937 3283 3076 3351 quod
3111 3284 3160 3337 in
3186 3285 3358 3339 Veteri
3381 3285 3564 3338 Testa-

1983 3359 2182 3419 mento
2207 3358 2288 3419 est
2335 3351 2590 3419 scriptum
2612 3390 2626 3410 ,
2656 3351 2810 3416 Audi,
2835 3351 3000 3406 Israel
3024 3393 3039 3418 ,
3073 3363 3118 3405 et
3157 3363 3305 3419 tace;
3356 3365 3408 3408 et
3439 3355 3568 3407 illud

1982 3417 2122 3486 quod
2153 3417 2221 3472 de
2254 3417 2790 3491 Domino_Salvatore
2837 3424 3207 3491 prephetatum
3261 3417 3375 3484 est,
3422 3425 3567 3479 Sicut

1981 3504 2147 3557 agnus
2173 3503 2346 3540 coram
2372 3489 2607 3557 tondente
2627 3505 2681 3543 se
2705 3489 3035 3555 obmutescet;
3057 3505 3100 3544 et
3125 3496 3252 3546 sicut
3276 3507 3440 3546 mutus
3463 3511 3564 3547 non

1981 3556 2214 3628 aperiens
2243 3573 2296 3610 os
2316 3574 2460 3628 suum
2483 3556 2632 3626 (lsai.
2665 3575 2750 3613 mn
2777 3601 2790 3622 ,
2815 3562 2868 3626 7)
2897 3577 2911 3625 ;
2935 3571 2987 3615 et
3015 3563 3164 3628 illud,
3191 3563 3350 3616 Omne
3369 3565 3568 3617 verbum

1984 3629 2200 3698 otiosum
2229 3627 2365 3698 quod
2395 3627 2547 3698 locuti
2576 3630 2762 3698 fuerint
2791 3631 3018 3685 homines
3039 3673 3053 3696 ,
3083 3627 3294 3686 reddent
3321 3636 3570 3687 rationem

1981 3696 2046 3768 de
2069 3712 2131 3768 eo
2150 3695 2322 3768 indie
2340 3697 2528 3768 judieii
2559 3695 2774 3766 (Matth.
2802 3717 2874 3754 xu
2894 3743 2908 3762 ,
2933 3701 3044 3768 56).
3089 3703 3308 3756 Talibus
3345 3703 3484 3758 enim
3515 3715 3572 3758 ct

1984 3765 2068 3841 his
2089 3765 2350 3841 similibus
2371 3765 2788 3841 medicamentis,
2809 3765 3060 3841 quidquid
3085 3787 3205 3826 vasa
3235 3773 3432 3826 diaboli
3457 3785 3571 3826 stu-

1983 3835 2195 3888 duerint
2226 3836 2506 3891 vulnerare
2525 3879 2540 3904 ,
2573 3853 2696 3892 vasa
2718 3835 2913 3893 Christi
2945 3835 3274 3894 contendunt
3296 3851 3352 3896 ct
3373 3859 3572 3895 conan-

1985 3914 2070 3958 tur
2093 3905 2486 3976 adisauitatent
2518 3907 2788 3960 reducere.
2831 3909 2954 3963 Sive
2989 3925 3116 3976 ergo
3157 3911 3417 3974 clericus,
3459 3913 3572 3964 sive

1984 3975 2275 4028 monachus
2294 4015 2309 4037 ,
2339 3975 2452 4028 sive
2478 3976 2896 4030 sanctimonialis
2920 4019 2934 4040 ,
2967 3975 3270 4033 consideret
3288 3981 3570 4034 conscien-

1985 4047 2110 4115 tiam
2141 4059 2290 4097 suam
2316 4053 2413 4115 ;_et
2449 4045 2653 4115 sibene
2679 4047 2946 4115 loquendo
2972 4048 3266 4114 adiutorem
3301 4050 3492 4104 Christi
3517 4059 3570 4103 et

1983 4113 2319 4190 defensorem
2341 4113 2560 4180 justitia:
2611 4131 2671 4190 _sc
2701 4113 2820 4170 esse
2859 4113 3140 4190 cognoscit
3171 4120 3220 4184 ί,
3249 4119 3473 4190 gaudeat
3513 4131 3570 4173 et

1986 4184 2097 4258 _Dco
2125 4183 2321 4252 gratias
2346 4193 2500 4258 agat,
2531 4193 2582 4238 et
2610 4185 2725 4258 ipso
2753 4183 3040 4258 auxiliante
3063 4183 3364 4258 perscvi-ret
3405 4205 3572 4258 nsque

1985 4253 2039 4306 in
2071 4253 2226 4327 finem
2248 4253 2406 4327 ;_quia
2423 4268 2534 4327 non
2551 4253 2640 4322 qui
2659 4257 2904 4327 _cmpcrit,
2925 4257 3018 4327 sed
3039 4253 3126 4327 qui
3158 4253 3574 4327 perseveraverit

1984 4338 2152 4391 usque
2183 4322 2233 4376 in
2259 4323 2415 4396 linem
2436 4363 2451 4386 ,
2484 4323 2570 4378 hic
2594 4322 2776 4396 salvus
2805 4326 2906 4380 erit
2933 4322 3112 4395 (Idfx
3131 4322 3284 4396 .92).
3317 4331 3414 4394 Qui
3444 4345 3574 4384 vero

1985 4408 2081 4462 per
2102 4391 2404 4468 superbiam
2427 4409 2571 4468 ,_per
2601 4391 3012 4450 inobcdieutiam
3035 4397 3115 4468 vel
3141 4391 3386 4452 invidiam
3415 4399 3573 4468 adju-

1985 4473 2154 4516 turt‘m
2196 4462 2276 4516 vel
2307 4462 2560 4516 vicarium
2583 4479 2704 4518 esse
2747 4481 2806 4520 se
2853 4469 3016 4520 sentit
3043 4467 3274 4530 diaboli,
3303 4462 3572 4525 doleat-de

1985 4533 2288 4602 preat-irrito,
2313 4545 2494 4605 carem
2527 4535 2592 4587 de
2625 4534 2799 4588 futuro
2821 4551 2834 4598 ;
2859 4547 2912 4589 et
2935 4553 3029 4605 per
3049 4537 3400 4593 humilitatem
3442 4555 3574 4594 con--

1987 4612 2190 4676 struat,
2234 4602 2385 4676 quod
2417 4619 2510 4670 per
2538 4605 2800 4676 snperbia:
2823 4602 3156 4676 tyrannidem
3196 4608 3572 4674 destruxerat;

1985 4672 2127 4746 quod
2156 4673 2421 4746 iracundia
2453 4672 2884 4746 succendunt",
2935 4676 3138 4746 mitiget
3173 4672 3566 4745 mansuetith

1985 4743 2129 4816 quod
2157 4743 2354 4816 malitia
2394 4742 2476 4796 vel
2508 4743 2860 4798 inohedicutia
2903 4742 3352 4816 iexasperaverat,
3398 4742 3566 4802 chori;

1987 4812 2112 4866 tatis
2153 4812 2378 4866 dulcedo
2424 4822 2709 4880 componat
2749 4831 2761 4866 :
2795 4823 2849 4868 et
2883 4815 3009 4870 dum
3047 4812 3228 4872 adhuc
3277 4820 3450 4872 anima
3485 4819 3573 4872 illa

1987 4883 2268 4938 tenebrosa
2292 4923 2307 4947 ,
2337 4897 2454 4950 qum
2483 4881 2696 4937 diabolo
2729 4887 2930 4940 servire
2977 4896 3358 4948 consueverat,
3393 4890 3442 4941 iu
3474 4890 3576 4944 isto

1987 4953 2196 5006 mortali
2225 4967 2452 5020 corpore
2481 4954 2773 5016 retinetur,
2805 4957 3096 5010 remedium
3147 4959 3245 5011 sibi
3277 4960 3324 5011 in
3373 4960 3459 5011 die
3490 4975 3582 5012 uc-

1986 5023 2248 5076 cessitatis
2275 5023 2514 5090 acquirat
2544 5041 2556 5074 :
2591 5034 2646 5076 ut
2670 5023 2738 5078 de
2764 5027 2977 5081 sinistra
3007 5030 3286 5081 translatus
3307 5029 3355 5080 in
3387 5028 3569 5080 dexte-

1987 5108 2100 5146 ram
2126 5107 2246 5145 cum
2271 5094 2464 5144 ovibus
2493 5093 2691 5148 Christi
2723 5097 2906 5150 audire
2939 5109 3235 5159 mereatur,
3272 5096 3458 5156 Venite.
3492 5099 3573 5150 be-

1987 5163 2204 5226 nedicti,
2246 5163 2488 5233 percipite
2532 5181 2742 5234 regnum
2773 5166 2907 5234 quod
2951 5166 3086 5218 vobis
3117 5176 3351 5236 paratum
3396 5177 3466 5220 est
3512 5167 3573 5220 ob

2051 5335 2288 5394 {Textus
2329 5349 2399 5385 suc
2440 5338 2716 5387 restituitur
2761 5341 3043 5388 auctoritate
3089 5341 3265 5390 cmlicis
3313 5349 3572 5394 Pot-tarum.

1989 5393 2122 5458 [quia
2154 5397 2393 5458 scriptum
2433 5404 2522 5454 est,
2563 5399 2650 5458 ῳιιὶ
2691 5399 2899 5449 detrahit
2924 5399 3066 5458 fmiri
3085 5415 3200 5458 suo,
3227 5393 3574 5454 eradicubitur.

261 5457 496 5500 nectere
519 5448 648 5498 solet
671 5450 920 5498 Cursarius.
1132 5448 1141 5453 ’
1329 5485 1333 5490 .

349 5515 370 5542 ο
394 5513 472 5579 sic
509 5523 576 5560 ex
623 5511 798 5560 eodem
854 5511 960 5559 eod.
997 5510 1203 5572 [cutura
1246 5517 1480 5563 seniorem
1537 5515 1740 5579 superbe
1783 5514 1888 5566 exi-

257 5573 567 5698 “rri'lorte,
595 5644 688 5682 nou
711 5629 863 5684 saltim
885 5643 978 5683 non
1010 5633 1198 5685 student
1221 5635 1456 5699 mitigare.

1987 5455 2074 5515 Qui
2094 5455 2750 5526 laliurlouztetutoadiutorem
2779 5468 2824 5510 et
2849 5455 3142 5524 defatsorem
3169 5455 3375 5524 inania:
3408 5481 3456 5516 se
3477 5481 3580 5516 esse

2077 5531 2090 5564 ι
2138 5533 2158 5566 ,ς
2231 5555 2242 5566 .

1988 5525 2425 5651 ³ξὶίξηριιιιξιιίιει
2458 5581 2538 5651 .ad
2569 5583 2794 5651 eumdem
2839 5583 3070 5651 policent.
3109 5585 3274 5651 [quod
3295 5599 3380 5651 per
3414 5601 3575 5651 super-

1993 5639 2082 5690 bire
2103 5641 2410 5704 tyrannidem
2435 5641 2743 5694 destruxerat
2756 5679 2770 5706 ,
2791 5643 2972 5708 mitith
2993 5639 3349 5711 nmtiiwtudd.)
