4036 6186
484 304 620 360 itali?)

481 424 657 491 quitur
706 421 1025 476 hominibus.
1074 419 1181 473 lluc
1210 417 1349 473 eulm
1399 418 1558 491 etiam
1598 417 1737 491 quod
1786 416 1942 472 hodie
1985 418 2051 472 de

480 488 660 546 sancta
685 491 967 561 Evangelia
989 491 1179 544 lectum
1202 496 1313 561 est,
1338 488 1926 561 quarririutellectorem
1958 504 1971 541 :
1988 496 2055 561 _et

479 578 598 638 cum
635 557 1175 638 fueritintellecmtn,
1223 557 1495 638 spirituale
1518 557 1643 638 facit
1678 557 1946 638 gaudium.
1988 558 2055 611 Et

481 636 530 685 in
563 632 661 686 inae
692 633 915 686 lectione
939 628 1093 682 simul
1121 626 1503 682 consideranda
1523 635 1605 683 est
1631 626 1814 697 inuno
1835 627 2053 681 eodem-

478 720 579 762 que
613 702 965 767 ltcdemptore
1008 706 1189 752 nostro
1212 697 1471 766 disjuncta
1508 698 1744 821 (γει-³110
1761 696 2054 751 divinitatis

478 786 525 821 υι
574 772 945 821 humanitatis.
986 778 1146 821 atque
1173 766 1492 821 omnimodis
1560 767 1867 821 ctestandus
1901 782 2054 821 error

478 786 525 825 et
574 766 945 833 humanitatis,
986 778 1146 838 atque
1173 766 1492 838 omnimodis
1524 766 1867 838 detestandus
1901 782 2055 821 error

480 841 790 912 Eutychetis
810 881 824 904 ,
855 839 940 907 qui
966 835 1120 912 unam
1148 846 1348 912 taptum
1376 838 1427 890 in
1449 835 1678 912 Christo_
1698 836 2054 912 dogmatizare

479 906 751 978 praesumit
789 906 1168 978 Operationem.
1195 906 1255 961 In
1302 906 1554 978 alterutra
1597 907 1735 978 enim
1780 906 1930 975 parte
1970 906 2054 978 vel

476 975 568 1058 qui
596 981 765 1058 solum
806 975 1073 1058 hominem
1111 975 1540 1058 fuissendixerit,
1582 976 2055 1058 gloriammegabit

474 1050 808 1127 (_2otnlit_ori_s;
838 1050 918 1101 vel
945 1049 1032 1127 qui
1056 1048 1247 1127 solum
1278 1046 1444 1127 Deum
1465 1087 1481 1113 ,
1510 1046 2055 1127 negabit_ntiserieor-

474 1122 612 1173 diam
642 1116 1028 1187 Redemptoris.
1056 1116 1258 1186 Nempe
1277 1116 1425 1187 quod
1450 1131 1610 1187 super
1647 1116 1852 1187 turbam
1889 1116 2051 1187 mise-

476 1202 621 1256 retur
651 1184 905 1243 Dominus
925 1228 939 1253 ,
973 1204 1036 1240 ne
1064 1187 1145 1241 vel
1173 1184 1375 1256 inedia,
1409 1187 1493 1241 vel
1518 1184 1781 1256 longioris
1805 1185 1905 1240 viae
1924 1184 2055 1240 deﬁ-

474 1254 579 1315 c'iat
620 1259 833 1323 labore,
870 1256 1185 1311 noverimus
1208 1255 1453 1310 affectum
1483 1270 1603 1311 esse
1626 1254 1784 1325 atque
1810 1270 2054 1325 compas-

474 1331 677 1384 sinnem
710 1328 952 1383 humana:
985 1325 1322 1396 fragilitatis:
1355 1326 1493 1395 quod
1532 1334 1711 1380 autem
1753 1326 1821 1381 de
1848 1336 2051 1396 septem

474 1401 698 1469 panibus
726 1408 780 1453 et
804 1397 983 1469 paucis
1015 1397 1245 1469 piscibus
1278 1396 1484 1450 satiavit
1508 1407 1732 1469 quatuor
1767 1396 1928 1450 millia
1959 1396 2053 1450 ho—

476 1466 674 1523 ininnm
698 1512 710 1531 ,
738 1466 1002 1522 credimus
1026 1466 1219 1522 divinae
1240 1480 1373 1535 opus
1397 1480 1515 1521 esse
1540 1466 1769 1535 virtutis.

543 1540 595 1592 2.
627 1539 844 1602 Turbae,
876 1535 1074 1589 Gentes.
1108 1536 1257 1590 Cibus
1279 1533 1400 1605 iquo
1426 1535 1695 1600 carebant,
1730 1533 1834 1588 Lex
1864 1534 2048 1605 Moysi.

475 1611 724 1664 Attendat
744 1624 868 1677 ergo
886 1607 1148 1677 Sanctitas
1168 1616 1361 1677 vestra,
1384 1607 1503 1677 quia
1521 1605 1621 1659 hoc
1642 1605 1793 1659 nobis
1814 1607 2054 1677 preposif

476 1690 582 1732 tmn
615 1690 726 1740 est,
760 1674 897 1747 quod
924 1690 1041 1747 cum
1084 1683 1257 1730 vestra
1291 1674 1546 1747 charitatc
1577 1684 1895 1747 tractemus,
1920 1674 2049 1747 quid

475 1750 573 1803 sibi
605 1750 730 1803 velit
751 1744 905 1815 hujus
930 1746 1004 1799 rei
1039 1754 1239 1799 tantum
1268 1745 1609 1814 mysterium,
1636 1744 1777 1814 quod
1803 1760 1867 1799 eo
1893 1744 2051 1797 modo

473 1834 532 1872 se
557 1821 720 1872 Deum
744 1816 1014 1884 discipulis
1041 1815 1433 1871 demonstrasse
1458 1823 1637 1867 sancta
1657 1815 2049 1884 testaturiscri-

475 1899 625 1955 plura
651 1930 666 1952 ,
697 1883 963 1956 quomodo
989 1885 1325 1956 Evangelium
1358 1892 1555 1956 narrat.
1589 1884 1675 1956 Ait
1702 1884 1849 1956 enim
1872 1883 2046 1937 Evan-

472 1953 657 2028 gelista
700 1953 749 2011 in
792 1956 1043 2028 hodierna
1088 1953 1324 2028 lcetione
1356 1970 1370 2006 ε
1402 1953 1529 2028 Cum
1562 1953 1719 2007 multa
1751 1953 1894 2007 turba
1924 1964 2049 2028 esset

472 2023 585 2081 cum
623 2028 779 2091 Jesu,
809 2041 896 2079 nec
924 2024 1156 2078 haberent
1191 2024 1324 2093 quod
1353 2023 1711 2077 manducarent
1731 2066 1745 2088 ,
1774 2025 2050 2078 convocatis

472 2098 729 2164 discipulis
751 2097 819 2149 ait
840 2094 943 2149 illis
963 2110 981 2148 :
1005 2093 1058 2164 bl
1064 2095 1247 2147 isereor
1262 2094 1418 2147 turba:
1431 2094 1566 2147 huic.
1595 2093 1699 2147 Sed
1723 2095 2050 2164 requiramus

470 2163 609 2237 quod
631 2168 704 2220 ait
730 2164 991 2237 superius,
1015 2163 1051 2217 -1
1056 2181 1088 2217 n
1117 2164 1217 2217 illis
1237 2164 1407 2237 diebus
1425 2164 1703 2237 cunrturba
1718 2165 1877 2216 multa
1904 2174 2045 2216 esset.

469 2232 726 2304 Superius
752 2232 891 2290 enim
923 2241 1262 2288 accesserunt
1292 2232 1457 2287 Judaei
1484 2233 1549 2304 ad
1578 2233 1903 2288 Salvatoreut
1926 2274 1940 2295 ,
1964 2248 2051 2287 ac-

469 2302 721 2360 etts:ttttes
754 2304 1039 2374 discipulos
1070 2304 1217 2371 ejus,
1250 2317 1315 2358 eo
1357 2302 1496 2374 quod
1528 2319 1633 2356 non
1662 2305 1781 2374 lotis
1807 2303 2049 2374 manibus

472 2379 867 2430 matulucareut.
892 2372 1045 2439 Quos
1073 2374 1323 2427 Dominus
1354 2372 1651 2442 redarguit,
1692 2373 1813 2443 quia
1839 2389 1956 2442 qtue
1983 2373 2049 2427 de

469 2447 631 2501 μοι-ιιι)
661 2446 796 2499 mala
827 2442 1137 2513 procedunt,
1164 2459 1224 2496 ea
1243 2445 1437 2513 potius
1452 2444 1717 2497 hominem
1740 2443 2049 2513 coinquina-

472 2528 603 2571 rcut.
646 2516 715 2570 Et
753 2512 948 2569 relictis
972 2514 1117 2576 illis.
1148 2515 1290 2566 venit
1330 2512 1382 2566 in
1415 2512 1604 2566 ﬁnibus
1626 2513 1917 2576 'Gcntiutn,
1959 2512 2049 2566 ubi

469 2587 660 2641 mulier
683 2584 982 2653 Cltanatuea
1003 2623 1017 2647 ,
1045 2599 1161 2653 qua:
1183 2592 1263 2636 est
1284 2592 1452 2653 mater
1479 2583 1751 2652 gentilium
1777 2622 1791 2647 ,
1827 2598 1922 2651 pro
1942 2584 2047 2636 lilia

467 2671 584 2723 sua,
612 2655 663 2709 id
689 2663 790 2719 est,
821 2651 1078 2723 Ecclesia,
1105 2653 1380 2706 Dominum
1404 2651 1719 2723 deprecatur
1739 2670 1753 2707 :
1771 2668 1888 2723 quae
1917 2662 2050 2723 tam-

468 2721 916 2794 diu'postulavit,
958 2722 1129 2794 donec
1171 2723 1433 2791 acciperet
1470 2721 1611 2794 quod
1651 2721 1882 2794 petebat.
1923 2722 2050 2794 Post

470 2794 585 2849 haec
604 2789 812 2847 'iterum
855 2792 1060 2845 curavit
1096 2789 1310 2862 mutuati
1341 2800 1406 2862 et
1434 2789 1668 2862 su'rdum'
1698 2789 1906 2862 (Marc,
1931 2792 2044 2861 vtt).

470 2865 607 2933 Ergo
629 2864 679 2916 in
715 2863 797 2916 his
817 2862 1003 2933 diebus
1022 2876 1157 2933 cum
1169 2860 1445 2914 multitudo
1464 2860 1644 2933 populi
1670 2860 2044 2933 concurrisset,

468 2929 565 2987 nec
582 2934 817 2985 haberent
845 2931 979 2999 quod
1004 2929 1363 2983 manducarcnt
1395 2945 1413 2983 :
1437 2931 1615 2983 turbas
1647 2932 1789 2985 enim
1821 2930 1907 2986 hic
1934 2946 2047 2985 om-

470 3018 563 3058 nes
584 3004 756 3072 gentis
782 3000 1079 3072 signiﬁcare
1103 3010 1382 3072 creaturas
1402 3000 1775 3069 intelligimus,
1804 3016 1901 3066 pro
1926 3002 2041 3072 quif

471 3075 566 3127 hus
591 3070 716 3141 ipse
761 3071 1016 3126 Dominus
1060 3070 1419 3141 misericordia
1462 3079 1859 3141 commovetur,
1904 3071 2046 3141 quod

468 3160 568 3196 non
595 3139 829 3195 haberent
858 3140 991 3210 quod
1031 3140 1394 3210 manducarent
1422 3155 1440 3191 :
1462 3139 1546 3194 hic
1569 3139 2044 3209 spiritualitefde-

470 3213 653 3266 bemus
680 3209 994 3281 intelligere;
1014 3209 1151 3281 quod
1178 3210 1297 3265 ideo
1324 3225 1429 3263 non
1458 3210 1721 3281 habebant
1746 3212 1879 3279 quod
1906 3228 2047 3265 man-

467 3283 704 3336 ducarent
729 3279 886 3349 :quia
913 3280 1109 3335 Gentes
1138 3280 1330 3350 Legem
1358 3295 1462 3350 non
1504 3279 1802 3345 habebant,
1838 3281 1888 3334 id
1928 3291 2043 3348 est,

467 3354 698 3421 quinque
728 3351 1100 3421 librosMoysi,
1143 3349 1246 3404 non
1288 3349 1613 3421 PrOphetas,
1658 3365 1762 3404 non
1790 3351 2044 3420 pradica-

469 3419 663 3501 tiouein
692 3422 858 3501 seucti
888 3419 1138 3486 Joannis;
1167 3422 1307 3501 quia‘
1319 3419 1516 3501 Gentes
1545 3435 1648 3474 non
1690 3419 2007 3501 per-Legem
2028 3461 2042 3485 ,

467 3493 559 3547 sed
593 3509 685 3560 per
715 3492 871 3546 ﬁdem
906 3491 1246 3545 veneruutad
1271 3490 1707 3561 Redemptorch
1727 3490 1846 3545 Ideo
1874 3490 2047 3547 triduo

470 3571 839 3631 perseverant,
876 3562 973 3614 hoc
999 3568 1114 3631 est,
1150 3560 1203 3631 in
1240 3560 1542 3631 natiritate,
1592 3561 1644 3615 in
1678 3561 1962 3631 passione,
1994 3562 2045 3616 in

469 3626 854 3685 resurrectione
877 3629 1123 3694 Domini;
1146 3630 1257 3685 sive
1276 3629 1328 3683 in
1354 3629 1530 3696 Patre,
1555 3641 1610 3685 et
1638 3626 1699 3684 in
1720 3626 1888 3692 Filio,
1914 3641 1967 3685 et
1994 3632 2044 3685 in

468 3701 664 3769 Spiritu
706 3711 906 3753 sancto.
941 3700 1297 3769 Perseverare
1313 3700 1453 3753 enim
1478 3740 1494 3765 ,
1522 3714 1834 3768 permanere
1871 3711 1952 3753 est
1992 3701 2045 3755 in

468 3768 821 3831 confessione,
847 3770 984 3822 sicut
1014 3769 1123 3837 ipse
1155 3768 1405 3823 Dominus
1429 3770 1503 3823 ait
1529 3787 1541 3823 :
1566 3769 1665 3836 Qui
1684 3780 1850 3823 autem
1876 3786 2046 3839 perse-

468 3840 704 3894 veraverit
729 3856 884 3908 usque
909 3838 960 3911 in
989 3839 1276 3911 linem,_ltic
1301 3840 1468 3911 salvus
1495 3840 1586 3893 erit
1612 3839 1821 3911 (Matth.
1848 3838 1903 3911 ex,
1925 3840 2042 3911 22).

473 3912 604 3965 Dicit
644 3926 770 3980 ergo
802 3906 1093 3980 Dominus,
1142 3906 1264 3962 Non
1297 3908 1477 3980 habent
1518 3906 1655 3979 quod
1702 3906 2045 3964 manducent:

466 3982 587 4052 quia
618 3978 812 4051 Legem
841 3994 948 4052 non
972 3978 1168 4033 habent
1200 3996 1214 4052 ς
1241 3988 1286 4032 et
1306 3978 1552 4052 dimittere
1564 3980 1871 4052 eosjojunos
1890 3980 2008 4052 nolo
2026 4021 2043 4049 ,

468 4049 530 4105 ne
556 4049 791 4121 deﬁciant
825 4052 874 4103 in
904 4050 982 4121 nia
999 4066 1019 4121 ;
1051 4059 1107 4121 ut
1128 4049 1217 4121 qui
1236 4064 1340 4121 per
1380 4049 1536 4105 ﬁdem
1566 4049 1762 4121 Christi
1799 4051 2044 4105 credide-

467 4119 628 4185 runt,
657 4138 749 4190 per
776 4121 929 4174 lidetn
951 4119 1146 4190 Christi
1173 4119 1523 4173 salvarcntur.
1551 4120 1769 4186 Quidam
1798 4130 1963 4173 autem
1983 4138 2047 4175 ea:

468 4193 544 4246 his
563 4189 784 4261 delenge
811 4200 1065 4261 verterunt.
1099 4189 1276 4261 Longe
1305 4190 1446 4244 enim
1477 4200 1630 4261 erant
1650 4191 1847 4245 Gentes
1864 4207 1891 4243 a
1915 4192 2041 4258 Deo,

467 4262 693 4383 iét‘t':tltt|])0
725 4260 816 4330 per
847 4260 1007 4314 idola.
1034 4260 1097 4313 Et
1122 4260 1282 4314 modo
1314 4262 1488 4315 omnis
1515 4260 1602 4329 qui
1633 4270 1847 4330 peccat,
1884 4261 2045 4332 longe

467 4342 542 4382 est
568 4350 594 4382 tt
671 4346 756 4383 ett.

467 4342 542 4382 est
568 4350 594 4382 tt
631 4338 756 4383 Deu.

536 4401 591 4471 5_
629 4398 902 4471 lncrcduli
942 4398 1167 4471 Apostoli
1194 4438 1207 4461 ,
1230 4398 1415 4471 __donec
1464 4400 1741 4454 revelentur
1784 4402 2039 4471 mysteria.

468 4500 536 4510 -—-
561 4469 749 4522 Dicunt
779 4468 1012 4537 discipuli
1041 4468 1193 4539 ejus”:
1225 4467 1370 4539 unde
1395 4469 1516 4539 istos
1550 4470 1660 4539 quis
1700 4467 1879 4539 potth
1905 4482 2045 4525 satu-

468 4556 582 4593 rare
626 4539 836 4608 punibus
878 4539 929 4610 in
969 4537 1283 4591 solitudine?
1321 4538 1506 4593 Adhuc
1528 4537 1811 4610 A‘postolos
1834 4542 2045 4597 tenebat

467 4607 837 4674 incredulitas,
880 4607 1052 4663 donec
1090 4610 1340 4675 mysteria
1384 4607 1743 4664 revelaticntur
1773 4629 1787 4666 :
1813 4626 1915 4666 nec
1950 4627 2042 4667 re-

466 4680 823 4749 cordabantur
851 4676 990 4749 quod
1016 4677 1210 4732 iecerat
1236 4677 1301 4749 de
1327 4680 1559 4749 quinque
1587 4680 1807 4749 panibus
1835 4689 1890 4736 et
1907 4682 2045 4737 duo'

468 4695 823 4736 coruauantur
851 4695 990 4748 quoa
1016 4695 1210 4732 tecerat
1236 4695 1301 4732 ae
1327 4695 1559 4801 qumque
1587 4695 1807 4749 panthus
1835 4695 1890 4736 et
1907 4695 2031 4737 duo-

468 4752 563 4834 ltus
603 4747 963 4834 piscibtts.“Et
998 4748 1321 4834 interregno“
1348 4766 1605 4834 eoshesus
1629 4760 1746 4834 quot
1771 4768 1924 4834 panes
1950 4753 2031 4806 ha-

463 4818 651 4874 berent.
674 4889 681 4891 Α
702 4819 801 4885 Qui
845 4818 1110 4885 dixerunt,
1156 4818 1380 4891 Septem.
1410 4818 1477 4873 Et
1504 4818 1739 4891 praecepit
1769 4818 1927 4876 turbae
1945 4863 1959 4885 ,
1988 4833 2043 4875 ut

465 4889 833 4961 discumberent
870 4904 1026 4961 super
1054 4897 1263 4961 terram.
1308 4888 1373 4942 Et
1401 4888 1649 4958 accipiens
1670 4888 1831 4960 panes
1854 4894 2042 4961 gratias

463 4963 581 5031 egit,
610 4970 657 5014 et
686 4959 821 5032 dedit
834 4958 1104 5032 discipulis
1129 4958 1312 5032 suisut
1340 4958 1764 5032 apponereutt‘lt‘t
1795 4958 1951 5032 pisces
1968 4963 2041 5015 si-

466 5029 651 5085 militer
686 5029 968 5092 benedixit,
1018 5038 1064 5081 et
1104 5030 1267 5097 posuit
1311 5029 1426 5083 ante
1460 5033 1594 5085 illos.
1622 5031 1687 5083 Et
1713 5029 2040 5089 ntanducav¢~

461 5112 621 5166 runt,
668 5102 971 5172 etusaturati
1012 5106 1128 5153 sunt
1152 5139 1188 5172 ,_
1213 5108 1259 5152 et
1290 5101 1593 5172 sustulerunt
1624 5112 1809 5171 septem
1845 5112 2044 5172 spartes

464 5175 657 5237 plenas.
705 5170 869 5224 Erant
907 5180 1073 5224 autem
1104 5169 1189 5237 qui
1215 5171 1640 5242 ntana‘ucarerunt
1662 5169 1805 5242 quasi
1827 5169 2044 5242 quatuor

465 5244 667 5313 millia,
698 5242 1111 5313 extramulieres
1146 5247 1189 5292 et
1215 5240 1452 5313 infantes.
1484 5241 1553 5295 Et
1579 5240 1803 5313 virtutes
1828 5241 2043 5313 quidem

462 5312 672 5366 Domini
720 5310 1149 5381 manifestissime
1193 5311 1459 5366 credimus
1494 5327 1613 5366 esse
1637 5311 1802 5367 factas
1829 5310 1879 5367 in
1908 5327 2044 5381 prtu-

461 5384 595 5435 seuti
639 5399 654 5435 :
689 5380 784 5436 scd
816 5380 941 5449 quid
973 5382 1130 5436 lateat
1166 5382 1216 5434 itt
1243 5382 1498 5451 mysterio
1520 5421 1534 5444 ,
1565 5381 1728 5451 ipsius
1752 5380 1921 5452 gratia
1944 5383 2043 5438 do-

463 5462 623 5507 nante
651 5453 1002 5519 requiramus.

530 5523 581 5575 4.
638 5521 866 5591 Duplicis
900 5536 1097 5591 panum
1136 5520 1568 5588 multiplicationis
1605 5522 1829 5575 collatio.
1866 5521 2044 5576 Prima

460 5589 669 5645 Judwos
690 5589 730 5661 ,V
758 5589 917 5644 altera
947 5590 1126 5643 Gentes
1166 5592 1378 5661 exhibet.
1423 5591 1475 5643 In
1506 5592 1768 5660 superiori
1792 5592 1933 5646 enim
1963 5593 2040 5647 le-

464 5660 731 5733 ctiune‘dc
751 5661 983 5733 quinque
1012 5660 1241 5733 panibus
1259 5669 1311 5733 et
1335 5660 1538 5715 duobus
1558 5660 1791 5733 piscibus
1811 5665 2042 5733 quinque

461 5731 622 5784 millia
650 5729 919 5784 hominum
948 5732 1152 5785 satiavit
1188 5750 1197 5784 :
1233 5732 1313 5787 hic
1358 5729 1809 5804 septetupanibus
1832 5729 2044 5789 satura-

1921 303 2279 359 AI'PENDIX.

3603 314 3745 373 1904

2163 422 2236 501 vit
2281 430 2516 501 quatuor
2551 417 2711 501 millia
2757 418 3048 501 ltpminum.
3082 419 3158 475 lhl
3185 419 3428 492 discipuli
3457 440 3748 501 suggeram

2165 487 2431 569 Domino,
2466 487 2735 569 dicentes,
2781 488 2945 543 Locus
2987 490 3212 569 desertus
3245 487 3431 569 est',‘_et
3458 487 3582 551 Ιιοῖἇ
3610 517 3753 569 prta-

2164 559 2295 611 teriit
2319 576 2337 623 ;
2377 559 2567 613 dimitte
2611 559 2780 612 turbas
2803 601 2819 623 ,
2859 570 2915 613 ut
2950 570 3118 615 euntes
3146 563 3199 616 in
3226 563 3433 618 castella
3456 559 3623 621 emani
3646 572 3747 625 sibi

2161 627 2512 707 escas-(Mare.
2542 644 2628 707 vr,
2662 630 2851 697 51-44)
2884 648 2897 684 :
2927 631 3012 707 hic
3034 632 3243 707 penitus
3270 636 3742 707 tacentdiscipuli:

2160 698 2254 753 sed
2302 698 2415 767 ipse
2460 698 2712 753 Dominus
2758 715 2852 768 pro
2892 701 2973 755 eis
3017 698 3271 756 sollicitus
3317 713 3418 758 est.
3457 698 3748 765 Videamus

2198 783 2332 845 nare
2370 777 2586 845 tacent._
2613 768 2744 845 Quia
2787 768 3008 845 necdum
3038 771 3424 845 missiluerant
3450 776 3747 845 praedicare

2243 839 2450 909 ntibus,
2492 837 2587 909 sed
2622 840 2797 907 potius
2824 839 2888 893 ad
2918 855 3044 895 oves
3073 842 3301 909 perditas
3329 837 3518 900 domus
3547 847 3739 903 lsrael.

2162 907 2315 980 Prior
2341 924 2465 978 ergo
2494 908 2581 980 illa
2613 908 2859 980 parabola
2886 907 3113 978 pertinet
3135 911 3200 965 ad
3221 912 3465 980 Iudaeos;
3490 916 3588 970 ista
3612 933 3746 972 vero

2159 978 2224 1032 ad
2260 977 2481 1060 Gentes.-
2504 977 2839 1060 lbi.qu_inque
2860 977 3022 1048 panes
3047 980 3284 1048 fuerant,
3310 982 3411 1038 hoc
3437 977 3519 1060 est
3540 1028 3556 1052 ,
3584 988 3746 1056 quin-

2136 1063 2263 1123 tque
2291 1048 2408 1123 libri
2434 1048 2599 1123 M_oy_si
2629 1066 2641 1101 :
2669 1048 2765 1123 hic
2778 1064 2903 1103 vero
2925 1060 3127 1123 septem
3152 1066 3314 1120 panes
3335 1094 3352 1119 ,
3381 1054 3469 1123 qui
3491 1048 3614 1110 sunt
3642 1073 3741 1111 sc-

2161 1118 2446 1196 ptiforntis_
2463 1118 2689 1196 Spiritus
2712 1119 2848 1196 dona
2871 1159 2886 1196 ε
2914 1118 3060 1196 sicut
3076 1118 3383 1196 ait:satictus
3398 1118 3574 1196 'lsaias
3604 1142 3701 1196 pro
3721 1159 3743 1169 -

2159 1187 2315 1264 pheta
2340 1230 2355 1255 ,
2396 1189 2631 1264 ‘Spiritus
2657 1189 2931 1264 sapientia;
2969 1199 3017 1244 et
3042 1189 3364 1264 intellectus,
3384 1195 3587 1264 spiritus
3604 1187 3743 1251 cou-

2157 1258 2263 1331 silii
2286 1267 2347 1331 et
2385 1258 2693 1331 fortitudinis
2715 1258 2737 1327 ,⁷
2770 1259 2975 1331 spiritus
2998 1260 3216 1331 {cientur
3240 1270 3289 1331 et
3310 1258 3511 1331 pietatis
3532 1281 3552 1328 ,'
3577 1277 3624 1319 et
3652 1283 3742 1321 re-

2159 1328 2313 1451 plebit
2355 1345 2476 1411 eum.
2509 1328 2715 1409 spiritue
2749 1330 2952 1411 timoris
2995 1328 3200 1411 Domini
3235 1328 3384 1402 (Isai.
3429 1349 3514 1399 ll,
3544 1334 3737 1407 2et5).

2185 1398 2232 1451 ht
2256 1398 2532 1451 duodecnm
2554 1397 2764 1451 eoohmt
2793 1400 2931 1451 olent
2952 1398 3151 1451 Smrttu
3172 1412 3355 1451 sancto
3381 1421 3394 1451 :
3420 1402 3505 1451 hic
3528 1415 3736 1451 sentem

2185 1397 2232 1452 hi
2254 1397 2764 1475 duodecim'cophini
2793 1399 2931 1468 pleni
2952 1398 3151 1475 Spiritu
3172 1397 3355 1455 sancto
3381 1421 3394 1457 :
3420 1397 3509 1475 hic
3528 1397 3739 1475 septeni

2157 1468 2400 1522 ccclesim
2418 1510 2443 1544 ,_
2475 1469 2587 1522 sive
2628 1468 3181 1544 se_ptem_candelabra
3211 1485 3390 1544 aurea.
3419 1472 3491 1527 lbi
3517 1468 3624 1529 duo
3654 1477 3739 1544 pi-

2157 1551 2313 1608 sces,
2357 1539 2444 1608 qui
2493 1548 2614 1593 sunt
2666 1538 2769 1591 duo
2816 1537 3193 1607 Testamenta,
3248 1541 3359 1596 sive
3409 1558 3545 1597 unus
3594 1537 3729 1599 liber

2162 1607 2397 1682 omnium
2422 1608 2828 1682 Prophetarum,
2863 1608 2944 1662 vel
2966 1608 3037 1678 (a)
3057 1609 3223 1682 sancti
3247 1610 3465 1667 Joannis
3488 1614 3747 1682 pra-dica-

2160 1678 2231 1730 tio
2265 1694 2280 1748 :7
2309 1677 2392 1731 hic
2421 1677 2721 1731 indelinitus
2745 1677 2997 1733 numerus
3023 1680 3259 1748 punitur,
3289 1696 3408 1748 quae
3438 1677 3561 1738 sunt
3587 1684 3731 1738 dona

2156 1747 2461 1815 gratiarum,
2480 1748 2618 1801 sicut
2649 1748 3044 1818 aittApostolus,
3061 1747 3164 1801 Alii
3194 1766 3282 1818 per
3307 1747 3557 1818 Spiritum
3580 1755 3741 1808 datur

2154 1832 2317 1891 sermo
2358 1818 2648 1891 sapientiae,
2688 1816 2779 1869 alii
2816 1834 2976 1891 sermo
3017 1816 3270 1891 scientiar,
3309 1816 3399 1873 alii
3428 1824 3691 1891 praphetia
3715 1866 3733 1888 ,

2154 1887 2244 1939 alii
2280 1903 2465 1968 genere
2513 1887 2853 1968 linguarum,
2881 1887 2970 1940 alii
3011 1887 3676 1968 interpretatiesermpnum
3716 1887 3737 1947 ὲ

2154 1958 2323 2031 omnia
2367 1972 2481 2011 vero
2508 1958 2649 2031 tuac
2680 1966 2918 2031 operatur
2968 1974 3099 2031 u_uus
3147 1967 3295 2028 atque
3328 1960 3461 2031 idem
3504 1961 3739 2031 Spiritus

2158 2024 2199 2096 (Ι
2226 2025 2341 2080 Cor.
2374 2043 2474 2092 xu,
2503 2025 2679 2097 8-11).
2713 2024 2966 2097 lhisuper
2988 2026 3164 2081 fenum
3191 2024 3504 2085 recumbunt
3524 2024 3621 2096 {et
3648 2033 3737 2087 hic

2154 2111 2327 2171 super_
2339 2106 2551 2151 terram.
2583 2096 2855 2171 Utrimque
2866 2096 2977 2171 una
3002 2099 3336 2171 conversatio
3353 2140 3381 2171 ,_
3393 2115 3499 2171 una
3521 2102 3690 2171 gratia
3713 2144 3729 2166 ,

2155 2183 2253 2238 una
2282 2167 2445 2221 virtus
2464 2208 2478 2229 ,
2512 2181 2611 2219 una
2641 2166 2830 2221 deitas.
2866 2166 2938 2221 lbi
2966 2182 3123 2238 super
3154 2166 3332 2223 fenum
3353 2166 3687 2226 discumbunt
3709 2211 3731 2238 ,

2156 2236 2255 2289 hoc
2290 2246 2372 2291 est
2391 2279 2405 2302 ,
2444 2237 2756 2291 mortiﬁcata
2783 2251 2943 2305 opera
2972 2237 3144 2291 carnis
3168 2254 3182 2302 ;
3215 2238 3333 2305 quia
3355 2279 3371 2305 ,
3403 2239 3583 2295 Onntis
3607 2236 3735 2295 caro

2152 2307 2372 2379 fenum,
2394 2308 2467 2359 ait
2510 2306 2762 2379 propheta
2789 2306 2941 2376 (ικαὶ.
2971 2323 3038 2361 Χι.
3057 2347 3072 2371 ,
3100 2306 3153 2378 6)
3187 2325 3199 2361 :
3230 2306 3320 2362 hic
3346 2323 3506 2379 super
3531 2320 3733 2366 terram

2152 2377 2530 2439 discumbunt,
2576 2376 2633 2429 id
2682 2385 2800 2439 est,
2851 2391 3010 2445 opera
3060 2376 3267 2432 terrena
3291 2376 3623 2435 conculcant.
3656 2381 3736 2436 Ibi

2190 2447 2383 2516 uinque
2427 2447 2588 2499 millia
2628 2445 2839 2511 refecti,
2878 2446 2966 2516 qui
3007 2462 3258 2501 numerus
3287 2449 3516 2517 pertinet
3538 2451 3605 2504 ad
3634 2451 3734 2505 Ju-

2151 2517 2295 2588 tla-os
2322 2534 2336 2582 ;
2370 2532 2490 2570 nam
2522 2528 2639 2588 post
2660 2518 3024 2588 ascensionem
3055 2517 3301 2588 Domini,
3333 2518 3581 2588 loquente
3601 2536 3735 2574 sau-

2151 2597 2238 2659 eto
2269 2587 2459 2652 Petro,
2492 2586 2724 2656 quinque
2752 2586 2911 2659 millia
2933 2596 3055 2659 sunt
3074 2587 3319 2659 baptizati
3345 2586 3477 2659 (Act.
3509 2606 3562 2643 IV
3587 2632 3602 2647 .
3629 2592 3684 2659 4)
3714 2610 3731 2647 :

2154 2656 2238 2709 hic
2264 2667 2439 2711 autem
2475 2666 2697 2725 quatuor
2719 2656 2879 2710 millia
2900 2698 2916 2723 ,
2941 2656 3042 2710 hoc
3059 2665 3142 2711 est
3160 2656 3229 2712 de
3250 2656 3363 2712 tota
3379 2668 3517 2714 terra
3538 2656 3734 2715 otnnes

2151 2725 2348 2797 Gentes
2375 2741 2403 2779 a
2427 2733 2655 2797 quatuor
2679 2726 2982 2780 cardinibus
3000 2726 3121 2781 caeli
3140 2767 3155 2791 ,
3183 2727 3249 2782 de
3274 2728 3566 2797 septiformi
3599 2747 3731 2785 san-

2149 2795 2473 2867 etiSpiritu's
2501 2798 2667 2866 gratia
2678 2811 2816 2867 esse
2846 2798 3074 2867 repletas
3104 2797 3156 2850 in
3186 2795 3348 2852 vitam
3369 2807 3646 2855 :eternam.

2218 2866 2295 2922 ὅ(
2321 2866 2638 2920 Adhortatio.
2676 2866 2744 2920 Et
2770 2866 2886 2920 ideo
2905 2908 2918 2931 ,
2946 2866 3311 2932 dilectissimi,
3344 2882 3440 2923 nos
3485 2871 3573 2932 qui
3622 2887 3732 2926 non

2152 2950 2245 3004 per
2288 2935 2527 3060 Legem,
2580 2936 2673 3019 sed
2727 2951 2819 3006 per
2869 2936 3024 3018 ﬁdem
3073 2936 3339 2992 credimus
3392 2938 3443 3020 in
3502 2935 3735 2995 Domino

2152 3017 2332 3060 nostro
2404 3020 2498 3060 esu
2545 3005 2795 3060 Chnsto:
2842 3021 2932 3060 aut
2998 3021 3102 3060 non
3162 3020 3226 3060 ex
3299 3009 3577 3060 oneribus.
3631 3012 3733 3060 sed

2152 3017 2332 3061 nostro
2373 3005 2498 3061 Jesu
2545 3005 2795 3077 Christo;
2842 3008 2932 3077 qui
2998 3021 3102 3060 non
3162 3020 3226 3060 ex
3299 3009 3577 3077 operibus,
3631 3012 3734 3064 sed

2153 3076 2261 3144 ipsa
2283 3077 2449 3149 gratia
2473 3091 2656 3130 sumus
2679 3075 3080 3149 redempti‘rqui
3106 3090 3210 3149 non
3237 3092 3303 3149 ex
3324 3075 3557 3149 quinque
3578 3082 3731 3149 pani-

2152 3149 2247 3219 bus
2271 3188 2285 3212 ,
2331 3146 2378 3200 id
2421 3155 2501 3219 est
2526 3187 2550 3219 ι
2582 3161 2657 3219 (ξχῄ
2677 3148 2907 3216 quinque
2933 3146 3084 3219 libris
3111 3146 3276 3217 Moysi
3289 3189 3315 3219 ί,
3344 3146 3437 3219 sed
3466 3146 3533 3202 ex
3564 3146 3736 3219 septi-

2151 3216 2302 3303 tonui
2330 3218 2496 3298 gratia
2522 3217 2749 3303 Spit-itus
2778 3217 2945 3303 san‘cti
2972 3232 3160 3303 sumus
3189 3216 3410 3303 repleti,
3439 3219 3578 3301 sicut
3601 3216 3730 3302 hea-

2152 3294 2249 3359 tust
2280 3288 2437 3359 Isaias
2473 3286 2918 3359 prophetaverat,
2961 3286 3177 3359 dicens,
3220 3286 3442 3359 Spiritus
3465 3290 3737 3359 sapientis!

2149 3355 2510 3428 etrintellectu’s
2532 3398 2546 3422 ,
2592 3357 2797 3426 spiritus
2838 3355 3120 3428 consiliiet
3148 3355 3486 3428 fortitudinis,
3518 3355 3733 3428 spiritus

2148 3427 2369 3480 scientia:
2392 3437 2436 3479 et
2463 3427 2659 3495 pictatis
2682 3441 2699 3489 ;
2726 3435 2770 3479 et
2792 3428 2994 3495 replebit
3018 3426 3161 3480 illum
3182 3428 3387 3495 spiritus
3407 3426 3599 3483 timoris
3626 3430 3733 3482 Do-

2149 3497 2272 3549 mini
2298 3512 2316 3549 :
2365 3496 2415 3549 in
2462 3495 2561 3549 huc
2602 3512 2729 3561 ergo
2772 3495 3065 3566 St-ptifortui
3103 3497 3329 3567 Spiritus
3366 3499 3531 3552 sancti
3558 3501 3733 3567 gratia

2149 3580 2491 3631 maneamus,
2525 3568 2575 3620 in
2601 3582 2702 3635 qua
2735 3568 2900 3620 vocati
2932 3581 3146 3631 sumus,
3178 3568 3363 3635 repleti
3391 3567 3534 3622 dono
3556 3567 3734 3637 Spiri-

2150 3646 2233 3690 tus
2273 3636 2441 3690 sancti
2461 3676 2475 3701 ,
2508 3652 2602 3705 per
2634 3637 2910 3690 Dominum
2943 3646 3179 3690 nostrum
3210 3637 3388 3691 Jesum
3418 3636 3688 3693 Christum
3711 3681 3729 3703 ,

2148 3706 2236 3774 qui
2277 3705 2402 3759 vixit
2423 3716 2484 3761 et
2513 3716 2698 3775 regnat
2728 3707 2778 3759 in
2810 3706 3009 3760 unitate
3033 3706 3270 3774 ejusdem
3297 3706 3527 3776 Spiritus
3552 3711 3733 3766 sancti

2150 3776 2291 3831 Deus
2308 3815 2324 3841 ,
2351 3791 2444 3845 per
2465 3777 2639 3830 omnia
2664 3776 2855 3829 Saecula
2874 3776 3213 3830 StDCUIOI'IIm.
3239 3778 3430 3832 Amen.

2624 3865 2851 3939 SElttIO
2887 3865 3125 3922 Lxxxu
3153 3866 3248 3939 (θ),

2148 3934 2226 3990 De
2260 3936 2420 3991 verbis
2460 3935 2721 4005 Evangelii
2748 3935 2933 4000 Luae,
2963 3955 3075 4004 cap.
3110 3934 3421 4005 nihil”,
3455 3936 3739 3997 Venerunt

2332 4014 2510 4061 autem
2535 4016 2589 4060 et
2608 4006 2881 4061 Puhlicaui
2904 4007 2971 4061 ad
2996 4006 3253 4062 Joannem
3272 4049 3289 4075 ,
3315 4019 3409 4063 etc.
3438 4009 3536 4079 (cl.

2218 4097 2358 4168 Nunt.
2406 4098 2455 4150 1.
2497 4097 2726 4151 Conditio
2761 4098 2902 4151 nulla
2925 4107 3132 4168 excusat
3161 4106 3489 4168 peccatorenr.
3518 4098 3734 4168 Stipen-

2148 4167 2253 4220 dia.
2285 4166 2469 4220 Militia
2494 4168 2754 4221 christiani
2779 4168 2961 4237 printa.
2991 4166 3239 4222 Nonnulli
3267 4168 3456 4223 fratres
3475 4209 3489 4233 ,
3518 4166 3612 4237 qui
3635 4182 3736 4223 aut

2150 4239 2349 4291 militia:
2386 4237 2598 4307 cingulo
2635 4237 2938 4291 detinentur
2960 4278 2974 4301 ,
3020 4248 3111 4291 aut
3146 4239 3196 4293 in
3225 4248 3342 4293 actu
3369 4248 3492 4292 sunt
3516 4239 3734 4307 publico

2147 4309 2439 4369 constituti,
2462 4323 2581 4362 cum
2609 4316 2829 4377 peccant
2846 4308 3096 4377 graviter,
3140 4308 3237 4362 hac
3257 4309 3429 4362 solent
3444 4323 3472 4361 a
3494 4310 3735 4377 peccatis

2146 4378 2256 4432 suis
2299 4378 2467 4447 prima
2502 4393 2561 4432 se
2602 4391 2731 4432 voce
2766 4392 3055 4442 excusare,
3097 4378 3237 4447 quod
3282 4379 3538 4441 militant;
3573 4387 3629 4431 et
3659 4395 3733 4434 ne

2146 4447 2283 4502 bene
2326 4447 2609 4517 aliquando
2657 4447 2877 4511 faciant,
2922 4458 3206 4517 occupatos
3246 4463 3305 4502 se
3344 4449 3495 4502 malis
3520 4450 3736 4503 actibus

2146 4527 2543 4588 conqueruntur
2572 4536 2596 4588 :7
2620 4517 2837 4587 perinde
2868 4519 2884 4550 ί
2908 4520 3057 4588 quasi
3084 4519 3268 4572 militia
3300 4518 3594 4582 hominum,
3622 4535 3733 4573 non

2146 4587 2389 4643 voluntas
2427 4587 2479 4643 in
2520 4587 2673 4658 culpa
2714 4588 2815 4653 sit;
2857 4587 2940 4642 ita
2965 4589 3103 4657 quod
3143 4588 3240 4658 ipsi
3278 4596 3503 4658 gerunt.
3536 4589 3737 4643 ol‘liciis

2146 4659 2257 4714 suis
2281 4659 2604 4714 adscribunt.
2633 4657 2745 4712 Non
2768 4659 2911 4713 enim
2935 4657 3195 4721 militare}
3217 4657 3465 4712 delictum
3485 4667 3571 4713 est
3592 4676 3608 4721 ;
3631 4661 3736 4713 sed

2185 4738 2364 4799 r0pter
2389 4729 2620 4799 praedam
2647 4729 2873 4783 militare
2890 4770 2907 4796 ,
2938 4736 3212 4799 peccatum
3238 4737 3339 4783 est.
3367 4728 3476 4783 Nec
3504 4743 3733 4798 rempu-

2148 4744 2337 4853 ﬁlicam
2363 4814 2548 4853 aererc
2568 4840 2583 4853 .
2613 4798 2955 4853 criminosum
2978 4808 3099 4853 est;
3130 4797 3223 4853 sed
3254 4798 3374 4853 ideo
3400 4813 3560 4853 acere
3588 4814 3733 4853 rem-

2184 4797 2337 4853 licam
2363 4797 2548 4868 gerere
2568 4840 2583 4864 ,
2613 4797 2955 4869 criminosum
2978 4808 3099 4863 est;
3130 4797 3223 4853 sed
3254 4798 3374 4853 ideo
3400 4813 3560 4869 agere
3588 4797 3739 4869 rem-

2148 4867 2439 4937 publicam,
2482 4879 2539 4922 ut
2576 4884 2686 4923 rem
2720 4867 3029 4923 familiarem
3060 4870 3234 4937 potius
3258 4867 3487 4938 augeas,
3518 4868 3742 4923 videtur

2147 4955 2266 4994 esse
2304 4940 2621 4994 damnabile.
2659 4939 2941 5006 Propterea
2972 4940 3111 4992 enim
3140 4938 3465 5007 providentia
3499 4939 3738 5008 quadam

2146 5011 2495 5063 militantibus
2532 5018 2654 5063 sunt
2683 5010 2945 5077 stipendia
2973 5009 3256 5063 constituta
3283 5025 3297 5072 ;
3328 5024 3396 5064 ne
3422 5008 3550 5063 dum
3576 5024 3739 5063 sum-

2147 5091 2267 5150 ptus
2304 5082 2588 5149 qua-ritur,
2626 5079 2816 5150 prme
2852 5088 3140 5148 grassetur.
3182 5078 3313 5133 Illud
3357 5088 3533 5133 autem
3572 5079 3743 5149 quale

2146 5149 2229 5204 est
2259 5151 2396 5219 quod
2423 5165 2542 5203 cum
2584 5149 2655 5203 ob
2696 5165 2931 5203 errorem
2980 5150 3209 5218 aliquem
3235 5163 3265 5202 a
3300 5150 3601 5205 senioribus
3640 5166 3740 5204 ar-

2146 5231 2397 5290 guuntur,
2423 5231 2474 5273 ct
2498 5222 2782 5288 imputatur
2809 5219 2962 5273 alicui
2988 5219 3055 5273 de
3082 5220 3183 5273 illis
3208 5234 3306 5274 cur
3330 5220 3509 5275 ebrius
3534 5222 3698 5277 fuerit
3717 5261 3739 5289 ,

2211 5312 2228 5342 ¹
2257 5318 2305 5359 ιιι
2325 5317 2433 5359 ltss.
2459 5308 2723 5373 plerisque,
2743 5308 2964 5373 proinde.

2228 5374 2280 5434 α)
2313 5379 2467 5434 Forte,
2483 5378 2547 5434 et.

2209 5373 2280 5495 iiii
2561 5434 2728 5482 Verbis
2750 5430 2931 5482 nomint
2956 5433 3041 5494 t9;
3062 5440 3114 5484 et
3136 5441 3262 5496 post,
3285 5435 3336 5483 in
3360 5430 3629 5496 Appendioc
3651 5432 3703 5496 s.

2210 5494 2283 5567 (ε)
2315 5496 2499 5544 Pridem
2520 5496 2734 5567 rejectus
2756 5507 2792 5567 a.
2806 5494 3179 5567 Lovaniensibtis
3193 5496 3300 5567 fuit,
3320 5496 3402 5557 qui
3422 5494 3607 5567 Maximi
3628 5510 3672 5567 el
3694 5494 3742 5541 i-

2148 5558 2277 5617 seopi
2302 5569 2413 5605 esse
2434 5592 2448 5616 ,
2473 5569 2528 5605 ac
2547 5558 2673 5606 inter
2697 5558 3030 5606 Ambrosians
3065 5558 3273 5617 reperiri
3312 5562 3620 5617 monuerunt.
3649 5565 3743 5603 .m-

2149 5616 2341 5679 gnstiuo
2364 5619 2411 5666 in
2435 5620 2767 5680 manuscriptt's
2790 5621 2919 5667 bene
2941 5618 3102 5668 multis
3128 5616 3407 5667 constanter
3426 5616 3741 5680 adscr-initur.

2148 5678 2287 5727 (Li-rte
2311 5680 2504 5740 quidem
2530 5694 2623 5728 non
2661 5678 2717 5728 ad
2746 5682 3052 5743 Augustinum
3070 5715 3083 5740 ,
3107 5680 3195 5729 sed
3227 5687 3349 5731 torte
3382 5691 3475 5726 nec
3499 5678 3557 5726 ad
3596 5679 3737 5726 Mati-

2151 5754 2279 5791 uutnt
2298 5744 2527 5805 pertinet.
