4036 6186
459 367 596 437 1939

451 494 540 567 {td
567 493 673 550 Deo
721 493 852 567 (Act.
879 508 932 567 v_.
958 486 1038 563 4).
1083 487 1139 547 Si
1180 503 1348 567 ergo_,
1376 485 1600 567 fratres,
1631 483 1863 567 ananias
1907 494 2038 567 conf

450 553 753 631 damnatur,
785 553 1069 634 quodnon
1100 553 1269 616 totuni
1296 553 1500 634 dederit
1525 555 1664 634 quod
1702 554 1770 610 de
1795 567 1893 634 suo
1923 553 2036 634 ipse

456 621 771 706 promiserat
789 621 823 706 ;’ί
836 631 961 706 quid
1008 628 1398 706 censemns__t_le
1433 642 1500 682 eo
1525 621 1613 694 qui
1642 641 1748 706 non
1776 624 1888 678 vult
1913 621 2036 706 red-

454 693 582 762 dere
611 703 750 777 quod
781 693 911 777 aliis
927 699 1265 777 repromisit?
1297 698 1489 777 Videte
1506 693 1633 766 ergo
1667 703 1732 777 et
1771 693 2035 777 }'os,_ira-

456 780 581 836 tres,
602 766 723 844 quid
748 766 1094 844 prnmiseritis
1123 771 1389 844 l)eo,_curn
1416 770 1640 844 primum
1665 766 1784 844 ﬁdei
1811 766 2033 844 gratiam

478 834 782 912 percepistis.
811 843 947 897 Ecce
966 834 1309 896 abundant'in
1331 834 1543 912 civitate
1566 845 1744 892 nostra
1764 834 2032 912 hospites;

478 857 782 912 »ει-ορριδιις.
811 857 947 897 ILCCO
966 857 1230 896 abundant
1259 858 1309 893 In
1331 857 1543 894 οιιίιίιιε
1566 857 1744 892 nosu'a
1764 857 1998 902 ιιυδμιιυδ
2018 857 2031 885 :

456 857 621 987 incita
647 913 786 987 quod
827 912 1043 983 polliciti
1063 916 1244 987 _esns;
1275 909 1673 987 ne_dicatnr‘et
1717 904 1869 987 vobis
1893 897 2035 987 quod

454 971 678 1039 Ananiae
699 971 895 1038 dictdm
925 989 1037 1049 est,
1062 981 1176 1036 Non
1206 971 1413 1035 mentiti
1439 978 1568 1035 estis
1594 971 1926 1042 hominibus,
1940 971 2034 1028 sed

455 1049 581 1110 Deo.

1005 1137 1237 1199 SERMO
1274 1135 1340 1196 et
1370 1136 1466 1212 (α).

455 1256 532 1312 De
555 1256 715 1313 verbis
756 1256 1001 1327 Aetnam,
1030 1269 1144 1327 cap.
1177 1269 1242 1319 ι,
1275 1250 1428 1316 1-28,
1459 1244 1714 1305 Ascendit
1751 1246 1940 1327 Petrus

523 1327 851 1382 emnaculum
883 1326 1019 1379 circa
1052 1322 1237 1378 haram
1264 1331 1497 1388 sextam,
1532 1328 1586 1376 et
1623 1333 1742 1374 cum
1770 1322 2030 1382 esuriret,

526 1396 691 1451 voluit
714 1406 927 1466 gustare
948 1436 962 1461 ,
993 1403 1088 1448 etc.
1125 1391 1221 1464 (ὁ).

529 1531 576 1583 1.
619 1528 873 1582 Animalia
919 1525 1107 1581 munda
1150 1525 1226 1581 rei
1269 1524 1527 1580 immunda
1564 1539 1687 1593 quos
1730 1521 2031 1593 signiﬁcent.

453 1599 534 1652 Ad
557 1597 837 1653 Ecclesium
871 1598 954 1666 qui
987 1597 1283 1666 pertineant.
1311 1588 1816 1666 Pra.’_c_epta'1udaic'a
1845 1609 1936 1666 qur
1964 1593 2034 1645 le-

487 1677 540 1722 at
587 1668 831 1722 Ecclesia.
871 1657 1023 1721 Cibus
1063 1667 1383 1719 Christianus.
1424 1657 1523 1718 Vds
1550 1673 1801 1717 ostensum
1850 1657 2032 1728 Petro,

487 1686 540 1722 αι
587 1686 831 1722 ιπειεεια.
871 1686 1023 1721 unus
1063 1686 1383 1719 carisuanus.
1429 1686 1523 1718 ras
1550 1686 1801 1717 οδιεηετιιη
1850 1686 2032 1728 retro,

453 1686 702 1792 gfrclesia.
723 1737 874 1791 Modo
893 1752 1008 1789 cum
1024 1736 1181 1790 lectio
1201 1739 1423 1788 Aetnam
1438 1735 1808 1802 Apostolorum
1826 1731 2033 1798 legere-

456 1817 563 1875 tur,
593 1808 889 1861 audivimus
908 1805 1048 1876 quod
1079 1807 1261 1860 beatus
1281 1803 1464 1858 Petrus
1491 1805 1625 1876 circa
1647 1804 1825 1876 horam
1844 1811 2034 1854 sextam

457 1872 754 1940 ascenderit
783 1878 835 1929 in
855 1872 1162 1930 cwnaculum
1185 1891 1204 1928 :
1225 1885 1404 1929 etcum
1421 1875 1626 1928 esurire!
1643 1912 1658 1936 ,
1689 1872 1845 1925 voluit
1864 1883 2036 1940 gusta-

458 1960 529 2001 re.
567 1938 868 2000 Parentibus
909 1957 1076 1998 autem
1115 1945 1404 2014 discipulis,
1433 1944 1520 1997 itte
1560 1943 1723 2010 fartus
1754 1951 1825 1996 est
1865 1938 1920 1994 in
1948 1957 2033 1994 ea:-

458 2032 598 2072 cessu
619 2017 798 2070 mentis
819 2031 838 2068 :
857 2026 900 2068 et
925 2015 1043 2069 vidit
1072 2032 1156 2068 vas
1182 2015 1374 2084 grande
1393 2017 1520 2084 velut
1541 2015 1748 2084 linteum
1772 2027 2028 2084 magnum,

456 2097 672 2155 quatuor
713 2087 855 2140 tineis
896 2081 1271 2154 impensum-de
1309 2083 1433 2155 coelo
1472 2083 1722 2155 subm_itti,
1769 2081 1866 2155 ubi
1891 2089 2032 2155 erant

457 2152 625 2226 omnia
649 2152 993 2226 quadrupedia
1019 2163 1066 2208 et
1103 2154 1352 2226 serpentia
1391 2163 1563 2226 terna.
1591 2152 1661 2226 Et
1683 2167 1779 2226 uox
1809 2152 1877 2226 de
1909 2152 2032 2226 creto

457 2225 623 2279 sonuit
644 2219 858 2288 iPetre,
873 2233 1036 2277 macta
1061 2233 1108 2277 et
1126 2219 1395 2277 manduca.
1419 2220 1483 2276 At
1505 2219 1591 2276 ille
1610 2221 1735 2274 dixit
1757 2237 1776 2276 :
1799 2220 2029 2283 Domine,

458 2303 511 2347 tu
537 2295 652 2363 scis,
670 2295 786 2363 quia
824 2302 1165 2363 communenet
1194 2292 1506 2363 immundum
1537 2305 1796 2360 nunquam
1821 2291 2031 2344 mandu-

457 2365 583 2420 cavi.
611 2360 689 2417 Et
703 2379 798 2417 v0.1:
832 2364 1010 2416 iterum
1033 2379 1051 2416 :
1074 2361 1223 2430 Quod
1260 2360 1395 2416 Deus
1423 2364 1705 2423 mandavit,
1733 2369 1785 2413 tu
1811 2376 1872 2414 ne
1896 2377 2032 2414 com-

456 2449 605 2487 mune
625 2435 829 2487 dixeris.
859 2432 965 2486 Hoc
989 2436 1174 2502 factum
1204 2441 1274 2486 est
1299 2448 1384 2502 per
1405 2441 1496 2494 ter,
1521 2439 1566 2484 et
1592 2437 1841 2502 receptum
1861 2439 1932 2502 est
1947 2445 2032 2502 uas

458 2505 508 2556 in
530 2504 673 2558 creto.
705 2503 838 2571 Quid
865 2520 990 2572 ergo
1015 2501 1312 2572 signiﬁcent
1334 2503 1452 2566 ista,
1473 2501 1723 2572 breviter,
1746 2501 1788 2554 si
1809 2501 2028 2572 thetis,

457 2570 742 2628 Charitatis
781 2570 969 2628 vestra:
1009 2570 1223 2627 auribus
1264 2574 1507 2640 cupimus
1549 2570 1814 2625 intimare.
1844 2570 2030 2624 Omnia

457 2644 700 2696 animalia
727 2658 842 2712 qua:
866 2642 1130 2712 prohibita
1146 2650 1274 2712 sunt
1296 2641 1493 2695 .ludmis
1522 2642 1862 2712 manducare,
1884 2642 2030 2711 signa

457 2720 580 2767 Sunt
607 2711 784 2766 rerum
801 2754 814 2777 ,
839 2723 892 2766 et
911 2753 923 2773 ,
947 2713 1080 2766 sicut
1105 2711 1300 2765 dictum
1326 2721 1408 2765 est
1427 2754 1441 2778 ,
1467 2711 1666 2765 umbra:
1697 2712 1989 2764 futurorum
2015 2729 2028 2765 :

457 2783 617 2835 veluti
642 2781 779 2851 quod
807 2783 1056 2850 scriptum
1083 2789 1165 2835 est
1191 2780 1268 2851 eis
1288 2822 1301 2844 ,
1333 2789 1390 2834 ut
1419 2795 1534 2848 qum
1562 2792 1684 2835 sunt
1714 2781 2030 2835 ruminant'a

457 2861 509 2905 et
532 2850 893 2920 ﬁssa’nngula,
914 2853 1025 2972 ipsa
1048 2850 1394 2913 manducent;
1417 2865 1638 2920 quorum
1670 2860 1843 2903 autem
1867 2867 2030 2904 unum

458 2921 540 2972 vel
592 2930 873 2972 utrumque
950 2919 1169 2972 t'fltei‘il.
1198 2935 1304 2972 non
1353 2920 1876 2972 manducenttDeut.
1919 2937 2029 2972 xw.

458 2921 540 2974 vel
592 2919 873 2987 utrumque
914 2919 1169 2980 defuerit,
1198 2935 1304 2974 non
1353 2919 1876 2990 ma’ndueent(l)eut.
1919 2937 2029 2986 xw,

461 2992 548 3061 [iet
565 2991 641 3058 7).
662 2991 716 3043 in
745 2990 826 3044 his
847 2998 1021 3043 autem
1051 2991 1360 3061 animalibus
1386 2991 1626 3045 homines
1646 2991 1855 3061 quidam
1873 2991 2034 3059 signi-

457 3059 680 3115 ﬁcantur
709 3074 814 3114 non
860 3062 1185 3128 pertinentes
1225 3059 1290 3113 ad
1333 3060 1638 3116 societatem
1665 3059 2028 3114 sanctorum:

460 3133 581 3184 tissa
626 3131 766 3185 enim
813 3131 1003 3198 ungula
1048 3129 1112 3182 ad
1143 3143 1353 3195 mores,
1385 3132 1669 3186 ruminatio
1698 3146 1824 3184 vero
1851 3131 1913 3183 ad
1944 3145 2030 3182 sa-

459 3201 707 3270 pientiam
735 3198 1177 3270 pertinet.iQuare
1205 3199 1271 3253 ad
1294 3215 1470 3254 mores
1498 3200 1617 3253 ﬁssa
1645 3201 1872 3269 ungula?
1899 3200 2030 3268 Quia

457 3269 672 3324 difﬁcile
711 3269 936 3336 labitur;
987 3269 1167 3337 lapsus
1217 3270 1394 3334 enim,
1427 3271 1624 3338 peccati
1670 3271 1878 3339 signum
1927 3277 2029 3324 cst.

461 3339 770 3409 lttnninatio
798 3349 972 3393 autem
1017 3339 1083 3409 ad
1125 3341 1437 3409 sapientiam
1470 3340 1724 3394 doctrina:
1768 3340 2034 3409 (ptumodo

460 3409 719 3476 pertinet?
745 3408 875 3477 Quia
907 3409 1033 3461 dicit
1062 3401 1330 3477 Scriptura
1351 3451 1366 3471 ,
1398 3401 1688 3463 T/iesaurus
1731 3401 2035 3464 desiderabi-

460 3477 520 3551 tis
545 3480 802 3551 reqniescit
830 3481 879 3531 in
909 3479 1248 3551 oresapieutis
1266 3493 1284 3540 ;
1305 3479 1378 3530 uir
1407 3489 1572 3551 autem
1597 3481 1777 3534 stultus
1799 3480 1944 3551 glutit
1971 3482 2033 3551 it-

460 3549 563 3618 tmu
591 3546 770 3616 (Prov.
801 3563 891 3600 χχι
915 3546 1182 3618 ,20).Qui
1203 3561 1328 3618 ergo
1357 3549 1531 3618 audit,
1561 3560 1613 3604 et
1637 3546 1952 3618 negligentia
1977 3550 2035 3603 ﬁt

458 3615 774 3681 obliviosos,
805 3616 952 3686 quasi
993 3617 1145 3684 glutit
1181 3615 1320 3685 quod
1359 3617 1589 3679 audivit,
1618 3629 1677 3672 ut
1709 3615 1818 3686 jam
1850 3620 1901 3672 in
1941 3631 2034 3676 ore

463 3700 567 3739 ιιυιι
594 3686 783 3756 sapiat,
805 3683 1127 3756 auditionem
1149 3683 1313 3756 ipsam
1336 3687 1600 3756 scpclicns
1623 3683 1908 3743 oblivione.
1933 3692 2032 3756 Qui

438 3763 636 3808 -nutem
667 3757 716 3808 in
749 3755 886 3823 Lege
915 3753 1120 3808 Domini
1164 3753 1446 3808 meditatur
1471 3756 1558 3811 die
1595 3773 1656 3810 ac
1695 3767 1882 3823 nocte,
1917 3753 2032 3814 tan-

460 3840 616 3892 quam
645 3824 892 3894 ruminat,
917 3834 969 3878 et
995 3825 1044 3876 in
1067 3823 1292 3892 quodam
1319 3825 1469 3894 quasi
1495 3827 1667 3894 palato
1692 3830 1868 3884 cordis
1888 3835 2032 3888 verbi

459 3910 650 3966 sapore
676 3893 986 3966 delectatur.
1028 3894 1140 3966 iloc
1159 3909 1294 3966 ergo
1317 3893 1460 3966 quod
1489 3893 1807 3966 prmceptum
1835 3911 1910 3955 est
1938 3902 2032 3957 .Iu-

460 3963 590 4041 tiaris
609 4007 623 4028 ,
642 3964 913 4041 _sign_ilicat
938 3964 1076 4041 quod
1108 3964 1172 4017 ad
1206 3963 1518 4041 Ecclesium,
1546 3967 1596 4021 id
1624 3963 1724 4034 est,
1748 3971 1811 4024 ad
1838 3986 2034 4041 eurpns

459 4033 652 4090 Christi
675 4075 690 4099 ,
714 4033 801 4106 ad?
833 4039 1086 4103 gratiam,
1116 4035 1530 4106 societatemque
1577 4033 1881 4095 sanctorum
1929 4033 2033 4099 non

463 4107 763 4172 pertineant
793 4105 864 4157 illi
895 4105 982 4172 qui
1013 4114 1102 4158 nul
1122 4105 1745 4174 negligentesauditores
1774 4121 1916 4171 ειιιιι,
1945 4127 2034 4167 aut

462 4189 637 4250 mores
669 4175 838 4250 nuntios
867 4175 1056 4228 habent
1082 4210 1098 4239 ,
1129 4177 1295 4250 aut_in
1326 4188 1548 4250 ntroque
1585 4181 1712 4250 vitio
1743 4183 2031 4250 reprehen-

459 4243 672 4320 duntur.
705 4243 793 4320 Si_e
830 4252 1021 4320 eadem
1063 4260 1180 4320 qum
1227 4244 1281 4320 in
1330 4243 1477 4300 hunc
1512 4249 1726 4320 modum
1775 4243 2032 4320 praecepta

459 4311 578 4364 data
606 4313 980 4385 sunt_.lud:Lis,
1013 4311 1319 4385 umbratica:
1346 4325 1469 4370 sunt
1513 4311 1921 4385 signiﬁcationes
1951 4311 2034 4374 in-

462 4388 717 4450 turorum.
745 4381 1089 4450 Posteaquam
1108 4383 1249 4436 venit
1273 4383 1360 4437 lux
1382 4381 1572 4439 mundi
1585 4389 1835 4443 Dominus
1857 4402 2036 4446 noster

457 4448 612 4528 Iesus
664 4448 1350 4528 Christus,‘tantummodo
1400 4465 1456 4528 ut
1506 4458 1880 4528 intelligantur,
1930 4478 2034 4516 nun

461 4521 621 4598 etiam
643 4521 1099 4598 _ut.nbservcntur,
1125 4523 1386 4598 leguntur.
1414 4525 1539 4579 Data
1566 4539 1643 4580 est
1670 4521 1796 4598 érgo
1827 4521 2032 4585 licentia

460 4589 774 4644 (.hristiauis
793 4631 807 4656 ,
839 4600 896 4644 ut
925 4607 1027 4645 non
1057 4589 1346 4646 secundum
1375 4611 1560 4648 vanam
1590 4589 2036 4655 Inuicvconsuettt-

461 4659 636 4734 dinem
665 4659 888 4726 iaciant,
918 4663 1008 4734 scd
1056 4663 1370 4734 manducent
1402 4666 1540 4734 quod
1574 4668 1733 4720 velint
1769 4685 1886 4722 eum
1918 4686 2033 4724 mo-

461 4729 735 4805 deratione
754 4771 768 4792 ,
795 4743 912 4783 cum
938 4731 1322 4805 benedictione,
1351 4729 1469 4788 cuin
1497 4737 1781 4805 gratiarum
1807 4741 2032 4793 actione.

463 4799 721 4854 Fortassis
747 4815 875 4869 ergo
901 4812 950 4855 et
986 4803 1141 4856 Petro
1164 4803 1229 4856 ita
1258 4805 1452 4858 dictum
1481 4799 1588 4869 e'st,
1617 4805 1802 4861 Occide
1829 4819 1874 4862 et
1893 4826 2039 4862 umn-

461 4870 627 4935 duca;
655 4880 710 4924 ut
735 4870 844 4938 jam
873 4887 974 4922 non
1006 4882 1206 4926 teut-ret
1244 4874 1664 4929 observationem
1691 4877 1990 4932 Judmorum
2021 4899 2033 4934 :

461 4953 565 4994 non
596 4951 768 4994 tamen
813 4940 862 4992 ei
903 4941 1054 5008 quasi
1084 4957 1275 5011 gurges
1305 4947 1504 4998 ventris
1531 4956 1582 4999 et
1611 4945 1748 5000 iunia
1777 4952 2037 5002 voracitas

461 5015 716 5081 lruperata
757 5021 857 5064 est.
884 5011 988 5064 Sed
1019 5020 1192 5088 tamen
1223 5022 1279 5065 ut
1306 5014 1604 5088 intelligatis
1627 5058 1640 5081 ,
1669 5016 1769 5072 hoc
1796 5019 1847 5072 in
1875 5025 2035 5088 ﬁgura

459 5096 578 5157 esse
629 5089 978 5157 Inqtistratum
1029 5081 1112 5146 ei,
1143 5091 1294 5157 erant
1341 5083 1394 5136 in
1442 5081 1532 5137 illo
1577 5102 1704 5140 vase
1748 5081 2034 5157 serpeutia.

459 5151 736 5229 linrnquid
769 5149 1341 5229 poteratmmandncarc
1387 5158 1700 5224 serpentes?
1731 5149 1866 5225 Quid
1911 5175 2039 5229 ergo

455 5222 556 5277 sibi
587 5223 698 5276 vult
725 5222 822 5276 ista
847 5221 1202 5292 signiﬁcatio?

539 5401 593 5470 ᾳ)
625 5393 746 5450 Olim
766 5398 867 5470 ,ΑΒ
889 5409 953 5450 ex
988 5398 1200 5470 noniilils
1233 5403 1325 5470 50;
1351 5411 1402 5454 et
1439 5411 1566 5470 post,
1591 5408 1636 5456 in
1655 5409 1927 5470 Appendlce
1961 5411 2038 5463 19.

537 5441 592 5466 ν,
816 5441 866 5451 ,ν
890 5441 953 5450 ν..
1233 5441 1293 5453 υν
1352 5441 1402 5454 ι.
1442 5441 1566 5468 ιω,
1591 5441 1927 5470 manus...“
1965 5441 2038 5463 ιο.

537 5441 1405 5546 i’)._'f“£‘£_i2.m?§.‘3§9§l‘iis.figi”?
1441 5469 1652 5546 ι’ξξεῖεέην
1689 5488 1710 5514 ε
1727 5476 1958 5546 εξοοιιηε
1977 5476 2042 5546 d9

463 5542 488 5572 ι
510 5525 663 5586 Opere
679 5525 850 5589 sancti
867 5525 1134 5589 _Augustin_i
1175 5527 1387 5589 episcopi
1410 5564 1424 5586 ,
1441 5525 1515 5577 'de
1541 5526 1730 5580 visione
1759 5525 1892 5583 beati
1915 5538 2042 5585 Petri

462 5597 487 5630 ι
508 5584 821 5650 apostoli,_et
848 5586 915 5635 de
937 5584 1154 5650 Cornelio
1189 5584 1478 5638 centurione
1505 5603 1517 5639 :
1551 5607 1575 5636 ι
1622 5593 1668 5640 id
1694 5601 1804 5650 est,
1841 5609 1904 5644 ex
1937 5584 2044 5646 ser-7

458 5651 604 5715 tirone
630 5647 719 5715 ιρι)
743 5647 870 5715 inter
893 5648 1259 5715 Augustinianos
1275 5685 1289 5709 ,
1313 5651 1396 5714 qui
1422 5652 1468 5697 iu
1495 5653 1732 5714 prioribus
1755 5647 2046 5709 editionihus

456 5704 865 5780 fuit‘deﬂiversis
893 5704 1378 5780 vig'esimnssextus.
1405 5704 1653 5778 Excerptts
1687 5723 1852 5766 autem
1876 5704 2045 5780 praet;-

458 5762 526 5815 lio
543 5765 703 5814 adulta
725 5774 800 5815 est
820 5776 870 5816 et
888 5762 1234 5830 recapimlatio.

1896 351 2256 420 APPENDIX.

2205 475 2588 551 2.__Ani_malia_,
2620 474 2820 551 Gentes.
2855 473 3036 551 Petrus
3083 478 3300 551 figuram
3346 488 3508 551 gestat
3548 480 3724 536 Eccleo

2137 546 2244 621 gite.
2272 547 2374 621 Vas
2399 548 2526 621 illud
2548 547 2836 604 Ecclesium
2857 546 3149 618 signiﬁcat}
3175 546 3405 621 quatuor
3425 552 3578 606 linere
3603 554 3722 621 qui-

2140 617 2237 671 bus
2263 617 2589 690 dependebat
2610 625 2881 690 ._quatuor
2909 615 3086 690 partes
3125 615 3269 674 orbis
3296 629 3557 677 terrarum
3575 665 3591 687 ,
3622 615 3726 690 per

2138 698 2269 810 quas
2299 687 2600 742 extenditur
2623 687 2860 744 Ecclesia
2889 687 3146 744 catholica
3169 729 3185 756 ,
3217 705 3334 758 qua:
3377 691 3572 759 ubique
3617 687 3723 746 dii.

2161 773 2253 810 usa
2281 767 2378 810 est.
2417 758 2744 810 Onieumaue
2783 773 2909 810 creo
2937 759 3164 810 voluerit
3202 761 3252 810 in
3298 771 3498 810 nartem
3529 763 3636 810 ire-
3673 775 3723 810 et

2161 761 2253 812 ‘usa
2281 767 2378 810 est.
2417 758 2744 828 Quicumque
2783 773 2909 825 ergo
2937 759 3164 814 voluerit
3202 761 3252 813 in
3298 758 3498 828 partem
3529 763 3636 826 ire,
3673 775 3726 818 et

2139 842 2234 896 per
2262 829 2488 951 aliquam
2514 828 2755 882 haeresim
2783 829 2849 883 ab
2870 829 3114 883 universo
3139 831 3406 884 conscindi
3427 873 3439 891 ,
3471 846 3575 884 non
3600 848 3723 902 per-

2141 898 2271 951 tinet
2297 913 2322 948 a
2391 908 2615 951 quatuor
2636 899 2892 951 linearum
2922 909 3331 951 sacramentum.
3362 900 3416 951 Si
3446 911 3622 951 autem
3657 904 3722 951 ad

2141 898 2271 951 tinet
2297 898 2363 951 ad
2391 908 2615 967 quatuor
2636 899 2892 952 linearum
2922 909 3331 953 sacramentum.
3362 900 3416 954 Si
3446 898 3622 955 autem
3657 904 3722 956 ad

2137 967 2392 1040 vision‘em
2410 961 2565 1022 'Petri
2597 971 2985 1040 non_pertinet,
3014 981 3112 1023 nec
3139 969 3204 1022 ad
3234 970 3414 1040 claves
3431 986 3550 1040 qua:
3581 972 3644 1024 da
3656 982 3724 1026 L-e

2137 1045 2261 1090 sunt
2291 1036 2478 1103 Petro,
2502 1036 2806 1105 pertinebit.
2835 1038 2955 1092 ldeo
2984 1040 3125 1093 enim
3151 1047 3376 1106 quatuor
3403 1036 3554 1094 lineis
3585 1041 3721 1094 sub-

2138 1108 2239 1162 mis
2271 1123 2356 1161 um
2383 1118 2465 1178 cst
2489 1122 2578 1161 vas
2602 1107 2745 1170 illud,
2774 1108 2894 1177 quia
2920 1123 2948 1160 a
2975 1116 3201 1178 quatuor
3219 1109 3392 1164 ventis
3417 1110 3548 1165 dicit
3571 1109 3720 1164 Deus

2137 1177 2534 1249 congregandos
2553 1186 2768 1232 sanctus
2793 1192 2916 1249 suos
2942 1177 3001 1232 in
3018 1179 3175 1233 ﬁnem
3205 1178 3391 1249 (Marc.
3420 1195 3514 1249 xm
3533 1222 3550 1247 ,
3577 1180 3672 1249 27)
3703 1197 3717 1235 :

2136 1248 2254 1316 quia
2282 1263 2420 1301 nunc
2456 1261 2616 1317 super
2639 1262 2828 1303 omnes
2870 1248 2998 1301 istos
3044 1258 3272 1317 quatuor
3307 1248 3552 1317 cardines
3583 1248 3721 1306 ﬁdes

2137 1318 2436 1387 evangelica
2466 1316 2730 1387 dilatatur.
2761 1317 3017 1370 Animalia
3048 1316 3175 1387 ergo
3206 1318 3292 1371 illa
3320 1316 3518 1373 Gentes
3548 1329 3672 1373 sunt
3701 1339 3714 1374 :

2135 1386 2321 1441 omnes
2347 1388 2486 1440 enim
2507 1386 2707 1456 Gentes
2733 1402 2850 1456 qua:
2877 1386 3162 1441 immundie
3189 1397 3342 1441 erant
3365 1389 3637 1443 erroribus
3662 1399 3716 1444 et

2135 1455 2627 1529 superstitionibus.
2674 1464 2728 1529 et
2755 1455 3211 1529 concupiscentiis
3257 1458 3366 1511 suis
3387 1499 3401 1522 ,
3433 1469 3713 1529 antequam

2135 1526 2342 1598 veniret
2380 1526 2649 1598 Christus;
2679 1527 2766 1579 illo
2792 1526 3106 1598 adveniente
3125 1568 3140 1590 ,
3164 1527 3372 1582 donatis
3402 1527 3499 1598 sibi
3532 1526 3717 1598 pecca-

2139 1597 2204 1651 tis
2223 1638 2238 1661 ,
2268 1596 2477 1650 munda:
2504 1595 2654 1650 facta:
2683 1603 2824 1662 sunt.
2858 1595 3006 1650 [inde
3038 1596 3147 1665 jam
3187 1603 3308 1664 post
3345 1595 3714 1652 remissionem

2137 1676 2471 1735 peccatorum
2501 1681 2663 1736 quare
2708 1681 2810 1719 non
2843 1667 3159 1736 recipiantur
3179 1667 3230 1719 iu
3262 1681 3454 1736 corpus
3481 1665 3714 1734 Christi,

2135 1733 2273 1806 quod
2300 1746 2381 1790 est
2410 1733 2640 1790 Ecciesia
2675 1736 2796 1800 Dei,
2824 1733 2972 1806 cujus
3010 1747 3288 1804 personam
3318 1733 3508 1806 Petrus
3533 1749 3712 1806 gesta-

2135 1802 2264 1860 bat?
2295 1806 2479 1860 Petrus
2514 1806 2568 1860 in
2595 1806 2771 1858 multis
2799 1805 2929 1860 locis
2971 1802 3220 1873 apparet,
3256 1805 3395 1874 quod
3431 1802 3714 1873 personam

2133 1882 2305 1945 gestet
2335 1875 2599 1930 Ecclesiae.
2627 1875 2682 1930 Si
2705 1875 2892 1927 Petrus
2915 1874 3132 1940 ﬁguram
3164 1876 3399 1943 gestabat
3429 1877 3714 1942 Ecclesiae,

2135 1953 2189 2000 et
2215 1945 2449 1999 Ecclesia
2479 1959 2672 2015 corpus
2694 1945 2889 2015 Christi
2916 1953 3039 2015 est;
3059 1946 3279 2013 recipiat
3314 1945 3365 1998 in
3399 1961 3456 2000 se
3482 1948 3632 2015 quasi
3661 1948 3714 2001 in

2134 2029 2310 2090 escam
2344 2029 2492 2068 suam
2530 2012 2640 2084 jam
2685 2014 2964 2069 mundatus
3001 2012 3230 2090 Gentes,
3263 2016 3453 2085 quibus
3498 2012 3714 2083 peccata

2132 2085 2349 2140 dimissa
2369 2095 2511 2138 sunt.

2203 2155 2258 2208 5.
2300 2151 2532 2208 Gentium
2577 2152 2758 2208 occisia
2803 2159 2850 2206 et
2893 2152 3231 2208 manducatio.
3273 2148 3426 2210 Unde
3470 2155 3615 2210 misit
3647 2156 3715 2211 ad

2134 2223 2279 2294 illum
2303 2221 2581 2294 Cornelius
2602 2222 2814 2292 gentilis
2844 2222 3002 2277 hamo
3021 2265 3036 2289 ,
3068 2232 3122 2279 et
3145 2226 3233 2294 qui
3263 2238 3382 2278 cum
3412 2226 3500 2279 illo
3527 2236 3711 2291 erant,

2133 2293 2284 2362 cuius
2345 2291 2697 2362 eleemosyna:
2748 2301 2982 2362 acceptas
3036 2291 3421 2348 mandaverunt
3473 2310 3592 2350 eum
3647 2297 3712 2349 ad

2171 2361 2411 2417 nemdam
2452 2361 2664 2416 modum
2693 2377 2706 2414 :
2737 2363 2970 2416 restabat
2997 2370 3055 2416 ut
3081 2373 3329 2431 tanquam
3369 2365 3518 2418 cibus
3559 2381 3714 2419 mun-

2171 2378 2411 2417 uemaam
2452 2378 2664 2416 mooum
2693 2378 2706 2414 :
2737 2378 2970 2416 resraoat
2997 2378 3055 2416 ut
3081 2378 3329 2431 tanquam
3369 2378 3518 2418 ClDtlS
3559 2381 3714 2419 mun-

2132 2378 2705 2504 dusincorporaretur
2747 2431 3025 2504 Ecclesiae,
3069 2433 3169 2504 hoc
3210 2442 3321 2504 est,
3354 2434 3562 2504 corpori
3614 2436 3717 2488 Do-

2134 2501 2282 2554 mini.
2306 2501 2494 2554 Petrus
2513 2510 2686 2554 autem
2715 2500 3006 2570 trepidabat
3030 2503 3237 2558 tradere
3258 2500 3512 2558 Gentibus
3539 2505 3713 2556 Evan-

2132 2571 2511 2640 geliumzquia
2556 2570 2630 2622 illi
2678 2571 2765 2637 qui
2811 2571 3146 2625 crediderant
3181 2587 3246 2627 ex
3275 2573 3710 2638 circumcisione,

2136 2640 2482 2710 prohibebant
2507 2640 2786 2710 Apostolus
2829 2640 3035 2695 tradere
3085 2642 3464 2696 ineircumcisis
3494 2643 3712 2696 christi-

2132 2724 2286 2763 anam
2330 2709 2517 2780 ﬁdem;
2545 2708 2599 2763 et
2623 2708 3011 2780 dicebantinon
3053 2727 3144 2765 eos
3171 2711 3367 2766 debere
3393 2713 3456 2764 ad
3499 2713 3716 2780 partici—

2135 2781 2396 2850 pationem
2429 2778 2698 2846 Evangelii
2743 2779 3029 2850 accedere,
3062 2781 3162 2835 nisi
3205 2778 3561 2850 suscepissent
3606 2783 3716 2834 cire-

2132 2849 2511 2903 cumcisionem
2531 2887 2548 2913 ,
2577 2863 2694 2916 quae
2721 2847 2908 2902 tradita
2949 2860 3062 2904 erat
3109 2852 3343 2916 patribus
3364 2847 3579 2905 eorum.
3611 2852 3714 2906 Vas

2133 2934 2261 2987 ergo
2287 2917 2418 2989 illud
2454 2917 2835 2989 dubitationem
2875 2920 3084 2973 sustulit
3110 2917 3305 2983 Petro;
3345 2928 3401 2975 et
3431 2921 3547 2974 ideo
3593 2931 3714 2989 post

2136 2989 2275 3058 illam
2325 2987 2580 3058 visionem
2616 2987 2928 3058 admonitus
2967 3000 3047 3042 est
3089 3007 3116 3042 a
3164 2990 3364 3058 Spiritu
3407 2987 3625 3053 sancto,
3659 3001 3716 3044 ut

2133 3057 2479 3127 descenderet
2513 3065 2566 3127 et
2609 3057 2710 3127 iret
2752 3071 2872 3127 eum
2919 3058 2997 3112 eis
3039 3059 3125 3127 qui
3154 3057 3406 3114 venerant
3446 3075 3473 3111 a
3512 3060 3716 3115 Cerne-

2134 3126 2225 3192 lio,
2253 3134 2307 3181 et
2332 3125 3131 3198 perrexitntlornellusenimet
3159 3130 3248 3198 qui
3278 3145 3396 3183 eum
3423 3129 3513 3184 illo
3536 3139 3711 3195 erant,

2135 3195 2382 3266 tanquam
2429 3195 2652 3269 exAillis
2703 3195 3018 3249 animalibus
3066 3195 3423 3264 liabehantnr,
3480 3216 3600 3269 qum
3661 3202 3711 3254 in

2134 3264 2259 3320 vase
2309 3274 2461 3338 erant
2506 3264 2908 3338 demonstrata:
2941 3282 3073 3334 quos
3108 3278 3286 3324 tamen
3325 3269 3433 3338 jam
3487 3264 3714 3325 nnmda-

2133 3344 2289 3408 verat
2333 3336 2499 3408 Deus,
2534 3335 2622 3403 qui
2674 3335 3042 3408 elecmosynas
3088 3351 3270 3390 eorum
3299 3335 3713 3408 acceptavcrat.

2134 3403 2418 3459 Occidendi
2448 3419 2574 3473 ergo
2594 3413 2745 3457 erant
2769 3413 2822 3458 et
2846 3403 3194 3460 manducandi
3221 3423 3234 3458 :
3262 3407 3313 3461 id
3334 3403 3523 3472 est,'ut
3551 3409 3718 3463 inter-

2136 3474 2318 3545 ficeret
2362 3475 2412 3527 in
2461 3475 2538 3528 eis
2567 3473 2726 3545 vitam
2771 3477 3125 3543 praeteritam,
3155 3491 3256 3545 qua
3301 3493 3402 3530 non
3453 3489 3713 3534 noverant

2133 3543 2435 3608 Christum;
2467 3555 2519 3596 et
2548 3544 2924 3615 transirentjn
2965 3560 3154 3614 corpus
3175 3543 3328 3614 ejus,
3361 3555 3609 3615 tanquam
3658 3551 3710 3602 in

2134 3627 2322 3668 novam
2346 3615 2504 3686 vitam
2551 3607 2816 3686 societatis
2843 3607 3115 3669 Ecclesiae.
3144 3607 3274 3668 Nam
3299 3607 3353 3671 et
3389 3607 3576 3670 Petrus
3601 3619 3716 3686 ipse

2135 3697 2272 3756 cum
2301 3682 2506 3756 adeos
2538 3683 2796 3756 venisset,
2828 3689 3265 3756 commemoravit
3313 3682 3714 3756 breviterwqhid

2134 3752 2233 3804 sibi
2263 3753 2314 3806 in
2343 3753 2427 3805 illa
2458 3751 2662 3805 visione
2701 3761 3049 3806 monstratum
3094 3755 3181 3807 sit.
3223 3756 3308 3807 Ait
3334 3760 3473 3809 enim
3500 3773 3512 3808 :
3538 3751 3717 3811 Et'ros

2133 3823 2446 3894 seitisﬂqunm
2475 3821 2706 3894 illicitum
2729 3822 2794 3894 sit
2809 3823 2914 3894 uiro
2937 3821 3124 3894 Judwa
3147 3825 3386 3894 rorijungi
3411 3835 3455 3878 et
3479 3827 3720 3880 accedere

2133 3891 2202 3942 ad
2225 3890 2532 3961 alienigenas
2555 3907 2574 3943 :
2591 3891 2678 3944 sed
2707 3890 2827 3961 mihi
2853 3891 3062 3944 ostendit
3090 3890 3255 3958 Deus,
3289 3890 3537 3947 neminem
3577 3912 3718 3948 com-

2135 3977 2334 4013 munem
2373 3960 2813 4033 aut__immundum
2841 3962 3088 4033 [ceruinam
3130 3963 3312 4015 dicere.
3356 3964 3507 4030 Quod
3536 3967 3717 4033 utique

2138 4040 2262 4084 tunc
2288 4030 2519 4085 ostendit
2549 4031 2718 4091 Deus,
2745 4045 2863 4084 cum
2902 4047 3000 4085 vos
3032 4032 3118 4085 illa
3158 4034 3371 4086 sonuit:
3403 4033 3549 4099 Quod
3576 4030 3717 4088 Deus

2135 4101 2421 4163 mundaeit,
2452 4110 2504 4152 tu
2532 4117 2594 4152 ne
2621 4099 2931 4153 immundum
2958 4099 3163 4154 dixeris.

2205 4171 2257 4223 4.
2299 4169 2565 4234 Linteum,
2604 4170 2991 4240 incorruptionis
3027 4171 3326 4240 symbolum.
3367 4171 3469 4225 Ter
3497 4174 3559 4226 de
3588 4175 3715 4227 creto

2133 4240 2429 4293 submissum
2454 4240 2505 4291 in
2531 4239 2816 4312 mysterium
2841 4239 3116 4292 Trinitatis.
3145 4240 3372 4312 Quatuor
3399 4243 3563 4304 linere,
3589 4257 3719 4312 qua-

2137 4319 2250 4381 tuor
2276 4318 2440 4375 partes
2467 4306 2890 4381 orbis._Fortasse
2915 4322 3188 4381 quaeratur
3206 4311 3364 4381 etiam
3398 4313 3522 4366 illud
3543 4352 3558 4374 ,
3586 4306 3721 4381 qua-

2136 4393 2194 4432 re
2216 4379 2433 4432 linteum
2457 4385 2587 4448 erat,
2615 4377 2672 4448 in
2701 4392 2806 4446 quo
2825 4377 2978 4432 erant
2999 4379 3084 4432 illa
3110 4379 3374 4433 animalia.
3398 4381 3512 4435 Non
3538 4377 3722 4448 utique

2137 4449 2250 4502 sine
2278 4461 2456 4517 causa.
2497 4446 2749 4499 Novimus
2787 4449 2927 4500 enim
2965 4448 3103 4517 quod
3154 4449 3372 4502 linteum
3429 4452 3565 4504 tinea
3614 4446 3720 4505 non

2137 4516 2418 4588 consumit,
2443 4530 2559 4585 qua:
2579 4517 2906 4588 vestesaiias
2927 4516 3234 4588 corrumpit.
3269 4519 3332 4571 Et
3353 4519 3471 4574 ideo
3496 4521 3584 4588 qui
3612 4523 3723 4573 vult

2137 4585 2201 4656 ad
2231 4587 2538 4656 mysterium
2571 4585 2822 4639 Ecclesia:
2851 4587 3125 4640 catholica:
3144 4585 3438 4655 pertinere,
3465 4585 3724 4643 eicludat

2137 4655 2204 4709 de
2232 4655 2392 4709 cerde
2417 4670 2513 4726 suo
2541 4657 2932 4726 corruptionem
2975 4657 3228 4710 malarum
3259 4659 3724 4726 coacupiscentia-

2139 4741 2285 4789 rum;
2314 4733 2367 4796 et
2396 4727 2464 4779 ita
2495 4725 2969 4796 incorruptibiliter
3009 4727 3247 4779 ﬁrmetur
3277 4727 3326 4779 in
3361 4725 3480 4787 ﬁde,
3512 4739 3570 4780 ut
3597 4744 3722 4796 pra-

2138 4795 2218 4850 vis
2250 4795 2654 4858 cogitationibus
2681 4803 2924 4862 tanqunm
2968 4796 3121 4848 tineis
3169 4811 3270 4849 non
3319 4795 3646 4864 pcnetrctur,
3681 4799 3725 4852 si

2140 4867 2252 4919 vult
2275 4865 2750 4936 adsacr‘atncntum
2795 4867 2929 4918 illius
2957 4866 3098 4918 lintei
3130 4868 3414 4934 pertinere,
3456 4883 3559 4934 quo
3595 4870 3724 4936 tign-

2139 4947 2285 4988 ratur
2315 4933 2570 4987 Ecclesia.
2603 4934 2775 5000 Quare
2813 4946 2988 4988 autem
3027 4944 3107 4989 ter
3135 4933 3201 4988 de
3231 4937 3367 4988 coelo
3397 4933 3722 4990 submissum

2140 5015 2243 5067 cst,
2276 5005 2374 5056 nisi
2402 5004 2522 5072 quia
2559 5018 2744 5056 omnes
2773 5003 2969 5058 Gentes
2997 5005 3047 5057 in
3095 5007 3304 5058 nomine
3331 5006 3605 5061 Trinitatis
3631 5008 3725 5059 ba-

2141 5076 2420 5144 ptizantur,
2483 5088 2601 5144 qua:
2657 5074 2920 5144 pertinent
2973 5073 3310 5144 adquatuor
3361 5085 3536 5143 partes
3582 5077 3726 5129 orbis

2144 5143 2314 5206 terrm,
2341 5159 2438 5215 qua
2467 5143 2846 5215 disseminatur
2878 5143 3134 5215 Ecclesia,
3171 5161 3327 5212 quam
3359 5145 3729 5215 signiﬁcabant

2142 5226 2366 5284 quatuor
2387 5213 2574 5284 linem,
2606 5213 2794 5284 quibus
2823 5229 2915 5284 vasi
2950 5213 3078 5284 illud
3123 5213 3552 5277 conueetebatur,
3578 5224 3633 5269 et
3675 5216 3727 5268 in

2144 5282 2355 5338 numine
2387 5282 2556 5336 Patris
2582 5293 2652 5352 et
2671 5282 2782 5334 Filii
2811 5292 2865 5336 et
2885 5282 3112 5352 Spiritus
3136 5285 3303 5337 sancti
3333 5285 3614 5338 credentes
3643 5286 3728 5337 iu—

2141 5364 2421 5410 limantur,
2446 5360 2503 5404 ut
2527 5351 2817 5421 pertineant
2841 5351 2906 5406 ad
2933 5354 3241 5408 societatem
3268 5354 3730 5408 communionem-

2142 5439 2252 5494 quer
2275 5423 2616 5494 sanctorum?
2657 5421 2892 5494 Quatuor
2919 5437 3046 5492 ergo
3086 5424 3279 5494 lineae,
3298 5435 3523 5494 quatuor
3553 5434 3734 5490 partes

2144 5491 2306 5556 orbis,
2339 5502 2393 5546 et
2425 5493 2558 5546 trina
2589 5493 2871 5564 submissio
2895 5491 3200 5564 mySterium
3241 5491 3511 5545 Trinitatis
3548 5503 3733 5546 osten-

2144 5563 2243 5619 dit.
2266 5564 2394 5628 Quae
2420 5577 2506 5616 res
2530 5563 2687 5617 etiam
2717 5562 3098 5617 duodenarium
3131 5577 3408 5615 numerum
3445 5565 3731 5630 Apostoio-

2145 5649 2261 5688 rum
2283 5633 2533 5698 ostendit,
2571 5642 2816 5702 tanquam
2849 5634 3010 5688 ternis
3039 5648 3133 5702 per
3159 5641 3382 5700 quatuor
3415 5631 3684 5700 deputatis
3715 5648 3729 5684 :

2147 5714 2334 5774 quater
2357 5704 2497 5756 enim
2531 5702 2647 5765 tria,
2679 5701 2958 5774 duodecim
2987 5702 3134 5774 ῆιιιιιζ
3163 5703 3233 5774 lit
3246 5703 3364 5774 quia
3391 5717 3483 5770 per
3507 5715 3737 5774 quatuor

2151 5772 2326 5843 partes
2365 5774 2506 5827 orbis
2545 5781 2698 5827 terrm
2744 5772 3052 5842 mysterium
3096 5772 3363 5826 Trinitatis
3400 5773 3732 5840 praedicaturi
