3994 6178
305 380 324 428 ι
337 374 440 430 9ᾇ5

303 489 460 558 pretii
516 502 612 556 pro
647 487 852 558 jactura
902 487 1124 556 prapria:
1173 485 1429 540 libertatis
1469 494 1521 540 et
1579 486 1878 558 addictitme

303 557 572 627 perpetuae
609 559 876 614 servitutis
901 573 927 610 a
957 571 1054 610 suo
1075 564 1426 624 consequatur
1450 565 1706 627 emptore.
1727 557 1876 622 Quod

297 625 461 682 etiam
495 629 633 680 inter
659 627 822 680 Adam
845 637 1002 695 atque
1024 637 1319 694 serpentem
1345 625 1771 680 manifestissime
1799 629 1877 680 ri-

299 699 488 751 demus
518 697 816 764 impletum.
849 697 938 748 Ille
967 698 1106 750 enim
1134 713 1162 748 a
1189 703 1432 764 serpente
1462 697 1682 764 pretium
1722 696 1880 749 liber-

303 769 424 820 tatis
453 781 566 819 suze
606 783 698 820 esu
737 766 1026 818 interdicta:
1063 766 1266 819 arboris
1298 767 1533 834 capiens.
1581 781 1608 818 a
1651 765 1875 820 naturali

303 837 542 889 libertate
561 836 806 890 discchit
831 854 843 886 :
873 837 1050 903 illique
1072 837 1252 888 maluit
1269 837 1606 902 svu'tctipsum
1628 845 1876 902 perpetua

301 905 530 960 vendere
559 906 844 966 servitute,
873 920 901 956 a
927 922 1034 974 quo
1067 905 1212 958 vetiti
1255 907 1394 972 pomi
1439 905 1630 958 lethale
1655 905 1875 972 pretium

299 979 468 1028 luerat
495 985 770 1029 assccatus
791 993 802 1027 :
823 991 923 1044 qua
947 975 1515 1044 deincepsconditione
1539 975 1873 1040 constrictus,

301 1060 402 1096 non
455 1045 724 1097 immerito
762 1043 974 1098 omnem
1017 1043 1337 1109 posteritatis
1371 1059 1480 1096 sua:
1527 1045 1826 1112 progeniem
1859 1084 1872 1105 .

301 1123 558 1180 perpetuo
575 1114 769 1176 eidem.
788 1114 936 1181 cujus
963 1113 1178 1168 effectus
1209 1123 1289 1166 est
1313 1128 1518 1178 servus,
1545 1113 1775 1166 subdidit
1804 1115 1877 1166 fa-

299 1184 520 1235 mulatu.
537 1183 672 1246 Quid
697 1185 833 1236 enim
857 1185 996 1235 aliud
1019 1185 1208 1237 servile
1233 1183 1528 1252 conjugium
1557 1193 1726 1252 potest
1757 1197 1878 1251 pro-

295 1266 501 1316 ereare,
531 1269 690 1320 quam
712 1253 926 1306 servos?

365 1321 418 1374 4.
465 1321 596 1374 Jure
641 1333 806 1374 tamen
849 1337 938 1374 suo
982 1323 1095 1374 hinc
1135 1338 1234 1374 non
1271 1321 1446 1374 cecidit
1479 1321 1738 1374 Dominus.
1772 1321 1875 1374 Sed

295 1391 546 1460 hautinem
591 1393 796 1444 invitum
834 1391 1055 1453 liberari.
1082 1401 1126 1442 et
1161 1391 1402 1460 injustam
1429 1401 1472 1443 et
1497 1389 1704 1460 malum.
1738 1391 1872 1460 Quid

295 1460 458 1528 ergo?
501 1459 764 1528 Numquid
803 1472 1008 1528 emptor
1035 1461 1132 1514 iste
1155 1459 1392 1514 versutus
1423 1470 1476 1512 et
1512 1459 1731 1514 callidus
1775 1459 1874 1512 Do-

301 1529 444 1582 mino
473 1544 604 1584 vero
639 1541 798 1598 atque
840 1530 1074 1598 legitimo
1105 1531 1192 1596 jus
1229 1530 1600 1583 dominationis
1643 1529 1873 1596 eripuit?

301 1598 413 1652 Non
444 1599 512 1653 ita
547 1609 628 1653 est
660 1617 673 1651 :
703 1597 870 1667 neque
894 1597 1036 1653 enim
1067 1601 1142 1654 sic
1169 1599 1256 1652 ille
1281 1614 1439 1653 omne
1470 1599 1728 1667 peculium
1758 1597 1869 1662 Dei,

299 1671 452 1720 unius
498 1669 696 1722 fraudis
741 1669 1016 1722 tlolositate
1073 1669 1322 1737 pervasit.
1355 1679 1406 1720 ut
1450 1669 1737 1737 potentiam
1780 1667 1874 1720 do-

299 1739 442 1790 minii
497 1739 580 1790 sui
651 1753 806 1790 verus
850 1739 1146 1791 dominator
1209 1737 1504 1800 amitteret,
1548 1737 1634 1805 qui
1701 1738 1869 1804 ipsmn

299 1821 507 1876 quoque
535 1815 851 1875 ctrptorem.
897 1809 1137 1875 quamris
1164 1807 1400 1872 refugum
1443 1807 1526 1860 vel
1571 1805 1821 1876 rebellem
1853 1848 1868 1870 ,

301 1875 472 1928 tamen
499 1876 631 1944 jugo
661 1879 896 1942 reprimit
921 1877 1210 1930 servitutis.
1245 1875 1345 1944 sed
1371 1877 1489 1944 qttia
1513 1875 1755 1929 omnibus
1783 1891 1866 1928 ra-

301 1945 584 1999 tionalibus
605 1947 860 2000 creaturis
888 1947 1085 1998 arbitrii
1119 1945 1412 1998 libertatem
1451 1947 1670 1998 (Ircator
1695 1946 1868 1998 indul-

299 2027 436 2067 svrat
461 2056 475 2076 .
509 2030 604 2068 eos
643 2016 726 2078 qui
772 2031 829 2069 se.
867 2025 1046 2068 eontra
1099 2016 1174 2068 fas
1217 2013 1395 2068 edacis
1434 2015 1870 2081 concupiscentite

301 2085 718 2152 tran-tgressione
774 2085 1155 2144 vendiderant.
1197 2085 1389 2138 invitos
1448 2083 1512 2136 ad
1585 2085 1867 2152 ingenitam

299 2153 594 2206 libertatem
643 2169 890 2208 revocare
933 2170 1034 2206 non
1076 2155 1277 2207 debuit.
1322 2153 1866 2221 Ahhorretsiqnidem

298 2223 360 2274 ab
385 2223 480 2276 illo
505 2223 724 2290 justilite
751 2233 802 2277 ct
837 2225 1041 2291 pietatis
1080 2231 1322 2286 auctore,
1362 2223 1610 2291 quidquid
1651 2223 1866 2276 bonitati

302 2293 640 2360 atquitatique
681 2294 1000 2346 contrarium
1044 2303 1137 2346 est.
1189 2293 1377 2346 Malum
1421 2293 1560 2346 enim
1601 2291 1790 2352 fuerat,
1824 2295 1866 2345 si

298 2376 564 2414 concessa:
597 2363 850 2414 libertatis
881 2363 1188 2416 beneficium
1219 2369 1520 2416 revocasset
1555 2378 1568 2414 :
1596 2361 1864 2428 injustmn.

299 2431 336 2482 si
391 2430 618 2482 liberum
667 2431 930 2484 hominem
984 2433 1213 2499 potentia
1258 2445 1348 2484 sua
1381 2431 1684 2496 opprimens
1712 2439 1868 2498 atque

299 2501 588 2569 captivans.
621 2501 876 2552 libertatis
903 2511 1131 2569 accepta:
1161 2501 1485 2568 privilegium
1515 2500 1731 2564 exsequi
1761 2517 1864 2553 ltttll

299 2568 536 2630 sivisset;
569 2569 719 2636 cujus
745 2569 968 2622 salutem
998 2568 1046 2622 in
1073 2571 1237 2622 futura
1265 2580 1384 2621 tunc
1405 2569 1594 2620 saecula
1623 2583 1866 2622 reserva-

299 2637 386 2696 vit.
419 2647 474 2690 ul
505 2647 652 2691 rei-to
677 2639 862 2691 ordine
890 2639 1244 2704 complerctur
1267 2640 1444 2690 statuti
1473 2638 1724 2704 temporis
1755 2638 1866 2705 ple-

297 2707 498 2760 nitudo.
523 2707 808 2776 Oportebat
835 2710 972 2762 enim
1002 2709 1116 2776 ejus
1135 2708 1370 2761 sobolem
1395 2706 1710 2776 tatndiusuh
1731 2709 1865 2760 avita

297 2775 598 2830 Conditione
645 2776 872 2838 durare,
927 2775 1199 2845 quousque
1243 2777 1482 2830 eamdem
1529 2775 1866 2840 ori_.i-ialihus

299 2847 517 2898 vinculis
571 2845 842 2898 liberatam
867 2887 880 2908 ,
927 2848 976 2898 in
1021 2849 1290 2914 antiquum
1331 2845 1603 2914 libertatis
1631 2853 1822 2897 statum
1849 2885 1863 2908 ,

301 2915 485 2983 prioris
511 2916 711 2967 Domini
734 2915 897 2982 gratia
930 2917 1098 2984 pretio
1123 2912 1201 2967 sui
1231 2915 1498 2984 sanguinis
1523 2912 1862 2984 reformaret;

299 2999 451 3052 quam
477 2985 684 3050 pictatis
709 2983 954 3038 instinctu
981 2987 1148 3052 potuit
1171 2983 1341 3037 etiam
1361 2993 1482 3038 tunc
1506 2985 1740 3042 salvare;
1773 2983 1865 3037 sed

301 3053 502 3116 noluit.
548 3053 668 3121 quia
713 3068 834 3106 eum
874 3054 1071 3109 decreti
1101 3055 1180 3108 sui
1210 3054 1503 3122 irrumpere
1539 3053 1863 3107 sanctionem

298 3125 518 3188 aequitas
547 3137 650 3174 non
677 3123 900 3175 sinebat.

367 3193 420 3245 5.
455 3191 704 3260 lniquitas
729 3203 912 3244 nostra?
937 3193 1231 3245 venditionis
1255 3207 1424 3253 causa,
1450 3200 1494 3244 et
1513 3192 1865 3258 redemptionis

300 3259 626 3314 obstat-etum.
664 3260 754 3314 Vis
785 3275 942 3315 nosse
971 3277 1182 3316 causam
1224 3262 1538 3316 venditionis
1561 3262 1707 3314 tute?
1729 3262 1863 3315 Audi

305 3329 472 3398 ipsum
525 3329 928 3398 Redemptorem
981 3339 1126 3384 tmun
1181 3347 1275 3398 per
1327 3333 1512 3384 Isaiam
1555 3331 1862 3399 prophetam

303 3401 632 3467 apertissime
663 3399 1072 3466 proclamantem
1099 3417 1110 3453 :
1145 3400 1268 3465 Quis
1295 3409 1365 3453 est
1395 3401 1486 3452 iste
1509 3399 1632 3452 liber
1666 3401 1865 3467 repudii

305 3471 470 3521 matris
515 3479 706 3532 vestrm,
755 3485 852 3537 quo
890 3471 1056 3522 dimisi
1097 3471 1243 3523 eam?
1275 3480 1360 3522 aut
1387 3471 1496 3536 quis
1538 3478 1610 3521 est
1649 3471 1866 3523 creditor

305 3555 454 3600 meus,
483 3539 562 3591 cui
587 3538 784 3590 vendidi
821 3540 943 3592 vos?
967 3539 1095 3592 Ecce
1115 3541 1165 3591 in
1191 3538 1532 3606 iniquitatibus
1551 3540 1722 3590 vestris
1743 3555 1864 3592 ven-

307 3609 392 3660 diti
415 3610 552 3672 estis,
583 3617 628 3659 et
655 3609 706 3659 in
727 3609 988 3661 sceleribus
1009 3611 1180 3662 vestris
1207 3609 1374 3661 dimisi
1403 3619 1608 3660 matrem
1631 3617 1861 3662 vestram.

313 3677 392 3730 Vis
417 3679 574 3730 etiam
606 3677 878 3731 evidenter
903 3693 1190 3745 agnoscere
1219 3693 1315 3731 cur
1345 3687 1394 3732 te
1433 3681 1556 3746 jugo
1599 3677 1866 3731 servitutis

305 3747 566 3800 addictum
615 3746 876 3816 redimere
930 3749 1178 3816 potentia:
1223 3761 1330 3800 sua:
1367 3749 1562 3800 virtute
1591 3747 1866 3801 noluerit?

309 3817 432 3870 Audi
458 3816 582 3886 quid
623 3815 687 3868 ad
729 3815 1020 3885 superiora.
1062 3817 1252 3886 quibus
1273 3817 1472 3870 eisdem
1501 3816 1713 3871 famulis
1739 3831 1866 3870 eau-

305 3900 408 3938 s:im
463 3887 772 3938 voluntaria:
823 3887 1136 3940 venditionis
1181 3887 1466 3953 exprobrat
1501 3927 1516 3949 .
1566 3886 1862 3952 adjecerit:

306 3955 560 4024 A'mnquid
592 3955 876 4008 abbreviata
915 3965 960 4008 et
1001 3957 1208 4022 parvula
1235 3961 1368 4026 facta
1395 3966 1464 4010 est
1491 3972 1671 4026 manus
1713 3973 1823 4009 mea
1845 3998 1860 4020 ,

305 4036 352 4076 ut
395 4043 492 4078 non
535 4027 718 4094 possim
749 4026 1026 4079 redimere?
1053 4036 1138 4077 aut
1179 4025 1276 4078 non
1315 4035 1384 4078 est
1415 4027 1468 4077 in
1507 4041 1584 4078 me
1607 4025 1762 4078 virtus
1799 4027 1866 4078 ad

303 4091 604 4147 liberandum
631 4091 783 4160 (Isai.
805 4111 852 4154 l..
885 4097 930 4158 l,
953 4097 1052 4164 ‘2)?
1075 4095 1178 4149 Sed
1200 4096 1322 4164 quid
1345 4095 1466 4148 ltuic
1489 4096 1866 4162 potentissima:

303 4165 672 4216 lttiscritatt‘tliat
699 4165 814 4233 ejus
854 4180 1062 4232 semper
1099 4164 1392 4224 obstiterit.
1427 4165 1564 4218 idem
1609 4166 1864 4233 propheta

301 4233 622 4302 demonstrat
653 4251 664 4284 :
701 4231 849 4297 Ecce,
897 4231 1082 4302 inquit,
1133 4251 1230 4286 non
1269 4243 1338 4286 cst
1377 4231 1658 4286 abbreviata
1689 4231 1866 4288 manus

303 4301 519 4366 Domini,
547 4312 598 4353 ut
625 4303 820 4355 salvare
844 4301 1078 4371 nequeat;
1117 4319 1272 4371 neque
1309 4313 1580 4372 aggravata
1621 4313 1692 4355 cst
1731 4305 1867 4356 auris

299 4373 399 4438 ejus
425 4383 476 4424 ut
507 4388 608 4422 non
637 4371 874 4441 exaudiat
919 4387 936 4424 :
970 4374 1054 4425 sed
1091 4371 1385 4441 iniquitates
1402 4382 1572 4426 vestrae
1597 4373 1866 4426 diviserunt

295 4442 417 4492 inter
451 4458 536 4493 ros
565 4451 611 4492 et
642 4439 803 4492 Deum
832 4451 1066 4506 vestrum,
1096 4439 1296 4508 peccata
1327 4453 1484 4494 vestra
1506 4443 1866 4496 absconderant

293 4512 470 4581 [aciein
497 4512 609 4578 ejus
634 4527 664 4560 a
685 4511 837 4574 vobis,
867 4527 926 4562 ne
950 4513 1202 4563 exaudiret
1228 4511 1334 4578 (Id.
1361 4527 1465 4574 th,
1487 4513 1509 4564 l
1535 4521 1578 4568 et
1609 4511 1685 4581 2).

361 4583 412 4634 6.
441 4579 592 4648 Legis
619 4581 806 4647 peccati
835 4581 926 4632 vis.
949 4581 1078 4644 Quia
1109 4596 1232 4644 ergo
1262 4582 1498 4634 carnales
1522 4595 1620 4634 nos
1648 4579 1790 4642 fecit.
1814 4590 1866 4635 et

291 4651 454 4718 spinis
494 4665 555 4701 ac
589 4649 794 4702 tribulis
821 4649 1190 4703 condemnavit
1232 4651 1317 4704 illa
1361 4651 1526 4718 prima
1571 4651 1660 4703 Dei
1703 4651 1864 4704 male-

291 4720 469 4778 dictio.
501 4733 704 4786 nosque
731 4721 798 4770 ita
839 4720 1018 4787 iniquo
1051 4729 1198 4787 pater
1227 4731 1405 4774 noster
1429 4723 1748 4774 commercio
1773 4735 1865 4774 ve-

292 4787 584 4858 numdedit.
617 4795 673 4840 ιιι
702 4789 895 4842 bonttm
915 4789 1054 4856 quod
1077 4790 1316 4842 \olumus
1343 4805 1498 4858 agere
1521 4804 1860 4856 nequeanms.

289 4857 411 4910 dum
441 4859 598 4910 divisi
640 4873 668 4908 a
711 4859 963 4912 memoria
1000 4859 1188 4912 summi
1233 4859 1345 4922 Dei,
1384 4857 1446 4912 ea
1479 4875 1595 4927 qua:
1623 4858 1864 4912 humana:

292 4927 588 4997 fragilitatis
619 4937 762 4988 sunt,
789 4929 1022 4996 cogitare
1047 4927 1413 4997 cotnpellimur
1431 4968 1445 4992 ,
1475 4929 1598 4981 dum
1621 4929 1864 4996 puritatis

288 5013 472 5066 attulre
507 4996 813 5064 ﬂagrantes,
845 4999 1122 5050 inccntivis
1151 4996 1492 5060 naturalibus,
1517 5013 1634 5065 quae
1658 4997 1864 5066 penitus

289 5065 535 5134 ignorare
562 5067 802 5126 velimus.
835 5070 991 5120 etiam
1037 5069 1178 5120 inviti
1223 5069 1532 5136 plerumque
1557 5065 1866 5136 compungi-

289 5137 680 5200 mur;scimns,
713 5138 832 5204 quia
880 5151 982 5189 non
1029 5137 1228 5192 habitat
1273 5138 1322 5190 in
1353 5152 1512 5192 carne
1543 5145 1720 5189 nostra
1767 5137 1862 5189 bo-

286 5219 412 5278 num
444 5205 624 5278 (Rom.
663 5221 754 5266 ru.
796 5205 906 5278 l8),
945 5207 996 5260 id
1045 5216 1145 5269 est.
1197 5208 1371 5278 hujus,
1412 5222 1568 5274 quam
1595 5206 1861 5278 diximus,

289 5275 508 5346 theoria:
524 5289 682 5343 atque
701 5275 938 5346 puritatis
961 5287 1207 5344 perpetua
1227 5277 1465 5346 jugisque
1485 5276 1860 5344 tranquillitas:

287 5345 376 5398 sed
410 5347 603 5398 factmu
633 5355 713 5397 est
741 5345 875 5398 istud
902 5350 1184 5413 pessimum
1219 5361 1280 5399 ac
1301 5345 1522 5413 lugubre
1543 5346 1822 5398 divortium
1847 5387 1860 5411 ,

285 5423 344 5467 ut
368 5429 490 5467 cum
537 5425 716 5484 mente
765 5415 888 5483 Legi
939 5416 1026 5468 Dei
1070 5417 1270 5470 servire
1309 5417 1552 5478 velimus,
1595 5431 1860 5484 nunquam

289 5485 485 5536 scilicet
526 5483 764 5536 volentes
787 5501 813 5536 n
841 5485 1098 5539 rharitate
1125 5487 1300 5539 divina
1330 5486 1607 5539 dimovere
1641 5483 1866 5553 conspe-

289 5565 460 5614 ctum;
492 5562 670 5606 tamen
708 5555 1004 5607 carnalibus
1029 5557 1259 5609 tenebris
1286 5555 1610 5612 circmufusi.
1637 5557 1860 5622 quadam

293 5623 404 5691 lege
449 5624 650 5690 peccati
689 5623 753 5674 ah
791 5639 856 5677 co
898 5623 1036 5692 quod
1082 5625 1276 5684 bonum
1319 5626 1581 5684 novimus.
1612 5639 1864 5692 cogamur

291 5693 440 5744 arcili
467 5711 478 5743 :
512 5693 714 5745 scilicet
742 5693 807 5746 ad
838 5709 994 5746 etu'as
1033 5694 1486 5761 cogitatione-smne
1521 5703 1776 5752 terrenas.
1797 5696 1864 5748 ab

291 5761 374 5817 illa
423 5763 618 5818 utentis
661 5763 974 5818 celsitudine
1019 5765 1439 5828 dccidentcs.atl
1477 5778 1606 5834 quas
1645 5780 1742 5818 nos
1779 5766 1858 5819 lett

1739 371 1960 429 διέκλεο
1999 375 2127 430 (τιν.

3430 393 3563 450 1946

1989 493 2290 573 pcecati._id
2320 502 2422 558 est,
2458 495 2544 550 illa
2583 499 2840 573 sententia
2873 501 2960 556 Dei
2994 519 3094 557 non
3127 504 3394 560 immerito
3431 521 3557 562 cau-

1986 561 2320 642 tlc_nmavit_._
2351 580 2508 634 quam
2557 569 2755 642 primus
2800 571 3023 626 delictor
3061 578 3283 642 excepit.
3337 577 3403 630 Et
3438 561 3562 631 inde

1983 633 2266 712 est,_qootl_
2307 633 2489 688 beatus
2519 633 2787 712 apostolus
2813 656 2930 694 cum
2962 633 3293 710 apertissime
3335 647 3558 700 fateatur

1985 702 2266 782 inevitaliili
2311 719 2368 756 se
2389 745 2403 767 ,
2441 702 2759 782 _rcl_'mnnes
2787 702 3017 782 sanctos,
3049 717 3247 780 peccati
3284 715 3436 782 hujus
3465 732 3558 770 ne-

1983 775 2229 842 cessitate
2255 775 2579 842 constringi,
2620 786 2791 832 tamen
2823 775 3085 835 neminem
3115 799 3296 836 eorum
3346 775 3411 838 ab
3457 785 3554 838 hoc

1983 853 2099 892 esse
2143 840 2518 896 damnandum—
2543 847 2796 901 audenter
2835 853 3070 904 enuntiat
3098 894 3109 910 .
3149 853 3327 906 dicens
3359 873 3371 907 :
3407 854 3552 907 Nihil

1981 924 2096 990 ergo
2120 927 2248 990 nunc
2269 913 2600 990 damnationis
2626 927 2694 990 cst
2729 918 2816 990 his
2838 921 2922 984 qui
2956 935 3066 974 sunt
3103 924 3152 974 in
3181 922 3376 976 Christo
3405 923 3550 976 Jrsu.

1980 976 2088 1050 Lex
2111 981 2240 1032 enim
2277 980 2497 1050 Spiritus
2529 987 2640 1037 vita:
2672 987 2722 1038 in
2756 976 2951 1041 Christo
2981 991 3102 1042 Jcsu
3143 993 3362 1045 liberavit
3409 1011 3486 1045 me
3518 1011 3550 1046 η

1980 1047 2087 1130 Ιςθε
2125 1047 2588 1130 peccati'etﬁmortis
2615 1055 2784 1124 (Rom.
2820 1074 2928 1122 \‘lll,
2955 1060 3130 1126 letﬁ);
3161 1062 3209 1114 id
3241 1071 3338 1120 est.
3371 1065 3547 1130 quoti-

1979 1116 2132 1172 diana
2150 1121 2334 1198 Vgratia
2361 1121 2574 1198 Christi,
2617 1116 2802 1178 onmes
2832 1116 3049 1198 sanctos
3076 1116 3199 1183 suos
3221 1132 3285 1184 ab
3311 1116 3409 1184 hac
3430 1133 3546 1198 lege

1959 1189 2274 1263 .peccatict
2305 1193 2505 1252 mortis.
2539 1192 2588 1244 in
2625 1210 2781 1261 quam
2823 1196 3019 1263 jugitcr
3059 1200 3142 1252 vel
3175 1201 3412 1254 nolentes
3448 1189 3543 1254 c5-

1977 1265 2173 1322 guntur
2199 1259 2490 1322 incurrere.
2523 1259 2654 1314 cum
2674 1259 3034 1318 remissionem
3075 1267 3368 1322 debitorum
3416 1286 3544 1324 suo-

1979 1340 2091 1378 rutn
2124 1342 2152 1380 a
2187 1327 2408 1382 Domino
2440 1341 2737 1398 precantur.
2771 1334 3017 1388 absolvit.

2535 1462 2764 1519 SERMO
2803 1466 2910 1521 CIV
2946 1468 3041 1538 (al.

1980 1551 2056 1606 De
2081 1555 2236 1606 verbis
2265 1555 2510 1626 Apostoli,
2537 1556 2554 1608 Ι
2583 1557 2698 1609 Cor.
2728 1574 2842 1626 cap.
2883 1575 2960 1624 Ill,
2995 1561 3178 1622 ll-l5,
3209 1560 3544 1618 Fundamcn—

2187 1632 2293 1677 tum
2319 1624 2458 1678 aliud
2481 1641 2639 1680 nemo
2667 1624 2838 1696 potest
2865 1643 3078 1698 ponere,
3107 1640 3201 1684 etc.
3229 1631 3324 1700 (ὁ).

2062 1733 2106 1810 Ι..
2158 1732 2284 1803 Igne
2347 1735 2538 1810 minuta
2601 1745 2792 1810 tantum
2857 1749 3078 1810 peccata,
3115 1751 3410 1810 purgantur.
3483 1741 3538 1796 In

1975 1800 2206 1874 lectione
2241 1805 2527 1874 apostolica
2553 1846 2566 1868 ,
2629 1806 2815 1860 fratres
2857 1800 3157 1863 'charissin'ii
3183 1800 3544 1874 ,"audirimus

1973 1871 2281 1936 Apostolum
2321 1873 2581 1948 dicentem
2617 1894 2627 1928 :
2665 1875 3068 1948 Fundamentum
3095 1871 3236 1932 aliud
3273 1896 3414 1933 nemo
3451 1897 3544 1948 po-

1975 1949 2064 2014 t_cst
2085 1958 2266 2014 ponere
2292 1953 2472 2014 prmter
2493 1944 2545 1996 id
2567 1947 2700 2012 quod
2726 1948 2940 2012 positum
2961 1959 3051 2010 est,
3075 1949 3206 2014 quod
3227 1959 3296 2002 est
3319 1944 3543 2003 Christus

1970 2007 2141 2084 (esus.
2176 2011 2235 2064 Si
2263 2007 2371 2080 quis
2397 2023 2562 2066 autem
2579 2007 2964 2083 'superauliﬁcat
2987 2007 3140 2084 supra
3166 2019 3543 2082 fundamentum

1973 2078 2084 2156 hoc.
2108 2078 2306 2156 aurum,
2340 2097 2619 2156 argentum,
2649 2078 3125 2154 lapides'prctios'os,
3157 2078 3314 2156 ligna,
3349 2090 3540 2156 fenum.

1969 2148 2228 2222 stipulam,
2281 2152 2668 2222 uniuscuiusque
2702 2148 3216 2222 aptis-manifestum“
3257 2148 3368 2210 erit.
3423 2155 3543 2210 Dies

1970 2219 2102 2294 enim
2141 2217 2342 2294 Domini
2387 2217 2692 2294 declarabit,-
2735 2217 2852 2294 quia
2893 2225 2943 2275 in
2983 2217 3098 2294 igne
3134 2227 3449 2286 revelabitur,
3495 2237 3544 2279 et

1971 2287 2358 2363 uniuscujusque
2379 2306 2504 2363 opus
2533 2289 2680 2363 quale
2708 2287 2790 2356 sit,
2823 2293 2950 2363 ignis
2980 2287 3335 2363 cbmprobabit.
3371 2295 3429 2348 Si
3453 2311 3541 2347 cn-

1961 2355 2050 2426 jus
2076 2355 2202 2424 Opus
2228 2359 2464 2411 manserit
2488 2355 2621 2426 quod
2646 2355 3382 2426 supcrmdi/icavit,"mercedem
3412 2363 3540 2415 arri-

1971 2425 2088 2492 piet.
2125 2425 2185 2478 Si
2209 2427 2352 2500 cujus
2378 2425 2507 2500 opus
2543 2425 2740 2500 arserit,
2781 2425 3129 2484 detrimentum
3161 2434 3373 2500 patietur
3396 2450 3408 2485 :
3435 2435 3541 2497 ipse

1971 2504 2134 2546 autem
2165 2495 2344 2572 spirits
2371 2497 2499 2560 erit;
2533 2498 2606 2572 sic
2647 2507 2811 2572 tamen
2847 2501 3123 2572 quasiper
3161 2495 3348 2572 ignem.
3395 2495 3538 2554 Multi

1971 2576 2092 2636 sunt
2119 2565 2204 2636 qui
2227 2565 2504 2636 lectionem
2533 2565 2684 2636 istam
2710 2568 2842 2621 male
2860 2565 3214 2636 intelligenles
3240 2570 3364 2622 falsa
3388 2585 3538 2624 secu-

1972 2633 2123 2684 ritate
2149 2633 2498 2706 decipiuntur,
2528 2635 2650 2706 dum
2679 2637 2899 2690 credunt
2927 2633 3064 2706 quod
3093 2640 3136 2690 si
3164 2654 3320 2706 supra
3349 2639 3536 2704 funda—

1969 2711 2204 2782 mentum
2229 2702 2425 2783 .Christi
2469 2705 2708 2783 capitalia
2756 2702 2972 2783 crimina
3015 2702 3294 2783 nidificcnt,
3326 2702 3536 2783 peccata

1971 2775 2079 2835 ipsa
2111 2786 2203 2838 per
2228 2775 2398 2846 ignem
2433 2775 2786 2828 transitorium
2831 2779 3032 2842 possint
3073 2779 3306 2846 purgari,
3331 2775 3406 2830 et
3435 2779 3533 2842 ipsi

1971 2849 2148 2914 postea
2202 2841 2266 2892 ad
2319 2843 2477 2914 vitam
2533 2841 2843 2914 perpetuam
2891 2841 3198 2914 pervenire:
3245 2841 3540 2900 Intellectus

1971 2908 2086 2980 iste,
2121 2908 2308 2964 fratres
2333 2908 2648 2976 charissimi,
2681 2908 3024 2976 corrigendos
3049 2923 3163 2976 est;
3193 2917 3310 2980 quia
3343 2917 3441 2980 ipsi
3481 2931 3539 2968 se

1968 2977 2241 3047 seducunt,
2271 2980 2356 3047 qui
2381 2981 2551 3034 taliter
2566 2982 2660 3034 sibi
2680 2983 3034 3037 blandiuntur.
3065 2983 3161 3037 lllo
3181 2977 3320 3038 enim
3367 2977 3541 3038 trans-

1969 3046 2382 3122 i'orioAignc,7dc
2411 3050 2666 3122 quodiin
2689 3052 2989 3118 Apostolus,
3023 3053 3144 3122 Ipse
3171 3064 3332 3106 autem
3373 3053 3542 3106 salvus

1968 3117 2079 3176 erit.
2103 3119 2174 3170 sic
2193 3127 2356 3170 tamen
2386 3119 2527 3186 quasi
2559 3137 2644 3185 per
2669 3117 2852 3189 ignem,
2899 3137 3001 3175 non
3027 3117 3288 3188 capitalia,
3319 3123 3408 3174 sed
3441 3123 3540 3174 mi-

1969 3193 2093 3237 nuta
2145 3195 2358 3258 peccata
2411 3197 2718 3258 purgantur.
2763 3189 2827 3242 Et
2877 3191 3137 3257 quamvis.
3190 3191 3330 3258 quod
3384 3191 3536 3258 pejus

1967 3263 2201 3316 cst,non
2248 3255 2418 3308 solum
2474 3257 2690 3322 majora,
2743 3258 2834 3312 δρᾶ
2880 3255 3034 3312 etiam
3087 3255 3304 3320 minuta,
3357 3255 3400 3312 si
3450 3255 3538 3311 iii-

1967 3324 2128 3396 mium
2144 3325 2218 3396 _(_c)
2249 3325 2395 3392 plura
2423 3325 2542 3396 sint,
2571 3338 2804 3394 mergunt
2833 3344 2846 3378 :
2873 3327 2939 3381 de
2966 3329 3092 3396 ipsis
3115 3329 3398 3395 majoribus
3427 3329 3537 3381 sive

1968 3393 2258 3446 minoribus
2319 3395 2587 3461 peccatis,
2651 3393 2748 3448 etsi
2815 3412 2918 3449 non
2967 3393 3302 3458 omnia,'vel
3363 3396 3534 3462 aliqua

1967 3463 2426 3516 commemoranda
2455 3475 2594 3526 sunt,
2639 3481 2702 3517 tte
2725 3466 2911 3532 aliquis
2951 3481 3008 3519 se
3034 3466 3256 3518 inaniter
3283 3480 3536 3519 excusare

1967 3540 2205 3604 conetur,
2233 3532 2468 3604 ctdicat,
2497 3535 2696 3586 nescire.
2725 3549 2782 3588 se
2807 3551 2924 3604 qua:
2947 3536 3051 3588 sint
3076 3535 3270 3588 minuta
3301 3543 3534 3603 peccata,

1969 3601 2048 3654 vel
2077 3616 2194 3669 quae
2224 3602 2444 3655 crimina
2484 3605 2722 3671 capitalia
2756 3605 2794 3656 ί.

2037 3691 2090 3744 9..
2122 3692 2339 3746 Pcccata
2355 3695 2613 3762 capitalia.
2639 3695 2956 3763 thuamvis
2984 3694 3266 3764 Apostolus
3293 3694 3535 3764 capitalia

1970 3761 2116 3832 plura
2149 3761 2658 3823 commcinorarcrit.
2693 3761 2788 3818 nos
2823 3775 2996 3818 tamen
3028 3761 3093 3818 ne
3115 3763 3536 3832 desperationem

1970 3831 2142 3902 facere
2172 3833 2460 3896 videamur,
2497 3833 2724 3886 hreritcr
2753 3835 2975 3887 dicimus
3004 3849 3120 3902 qua!
3147 3831 3254 3886 sint
3283 3834 3370 3886 illa
3405 3851 3420 3884 :
3452 3845 3538 3884 sa-

1969 3901 2258 3968 crilegium.
2309 3902 2668 3964 homicidium,
2701 3901 3036 3959 adulterium.
3084 3903 3269 3954 falsum
3299 3902 3538 3954 testimo-

1972 3969 2137 4032 nium,
2171 3969 2382 4030 fttrtum,
2419 3971 2618 4036 rapina,
2648 3973 2911 4038 superbia,
2939 3969 3152 4032 invidia,
3184 3971 3432 4029 avaritia;
3462 3977 3536 4032 et,

1969 4039 2012 4090 si
2045 4040 2198 4106 longo
2239 4047 2472 4106 tt-tnpot-e
2501 4049 2758 4102 teneatur,
2804 4038 3108 4096 iracundia;
3137 4047 3189 4090 ct
3218 4039 3462 4095 ebrietas,
3495 4039 3538 4091 si

1969 4107 2176 4160 assidua
2216 4109 2302 4166 sit.
2335 4108 2383 4159 in
2429 4123 2610 4161 eorum
2641 4123 2860 4160 mtmero
2890 4116 3238 4173 computatur.
3284 4106 3538 4169 Quicum-

1969 4191 2072 4243 que
2100 4177 2238 4230 enim
2271 4177 2440 4244 aliqua
2484 4176 2550 4230 dc
2581 4177 2692 4230 istis
2724 4177 2950 4242 pereatis
2980 4177 3030 4227 in
3077 4191 3133 4228 se
3161 4175 3416 4228 dominari
3445 4189 3538 4226 eo-

1969 4245 2226 4312 gnovcrit,
2261 4246 2355 4298 ιιίηἰ
2405 4245 2558 4313 digne
2591 4262 2646 4298 se
2676 4245 3054 4302 emendaverit.
3087 4254 3160 4306 et,
3211 4246 3252 4296 si
3301 4245 3538 4296 habuerit

1969 4315 2216 4384 Spatium,
2240 4314 2396 4383 longo
2421 4323 2655 4384 temp-ire
2689 4315 3046 4383 paenitentiam
3075 4316 3259 4382 egerit,
3291 4323 3344 4384 et
3371 4314 3540 4380 largas

1969 4383 2334 4452 eleemosynas
2361 4383 2678 4452 erogarcrit,
2711 4393 2764 4439 et
2791 4399 2818 4437 a
2853 4385 3080 4452 peceatis
3121 4385 3248 4448 ipsis
3275 4383 3540 4452 abstinuef

1969 4454 2073 4508 rit;
2106 4451 2517 4506 illo’transitor’io
2542 4453 2658 4518 igne
2681 4455 2746 4507 de
2774 4469 2878 4521 quo
2899 4455 2970 4505 ait
2998 4451 3300 4520 Apostolus,
3331 4451 3537 4518 purgari

1967 4537 2071 4643 gon
2102 4523 2310 4643 pote-rid,
2335 4523 2426 4576 sed
2453 4533 2643 4576 :rterna
2675 4523 2822 4577 illum
2853 4525 3062 4576 ﬂamma
3091 4521 3206 4575 sine
3237 4523 3340 4576 ullo
3370 4535 3540 4573 reme-

2009 4608 2056 4643 io
2077 4607 2250 4643 crueia
2293 4604 2348 4643 ιι.

2009 4593 2056 4644 io
2077 4593 2348 4646 cruciabit.

2040 4682 2090 4736 5.
2139 4680 2352 4733 Peccata
2383 4683 2592 4734 minuta.
2640 4682 2710 4734 Ab
2736 4682 2814 4734 his
2838 4682 3072 4733 immunis
3099 4697 3261 4732 nemo.
3309 4679 3539 4732 Animam

1969 4767 2068 4803 non
2118 4750 2370 4814 occidunt,
2417 4751 2503 4804 scd
2551 4751 2760 4817 fwdant.
2803 4751 2931 4816 Qua:
2976 4761 3152 4803 autem
3195 4752 3300 4802 sint
3343 4751 3538 4801 minuta

1970 4831 2200 4886 peccata,
2233 4819 2356 4872 licet
2384 4821 2628 4872 omnibus
2655 4830 2774 4872 nota
2807 4821 2932 4882 sint,
2983 4830 3155 4872 tamen
3182 4820 3300 4884 quia
3329 4819 3540 4882 longum

1967 4899 2049 4942 est
2073 4897 2132 4943 ut
2155 4891 2332 4942 omnia
2359 4890 2699 4956 replit'entur,
2728 4904 2861 4955 opus
2881 4899 2962 4942 est
2987 4899 3044 4942 ut
3071 4905 3134 4942 ex
3164 4890 3237 4942 eis
3263 4888 3345 4941 vel
3368 4888 3539 4952 aliqua

1970 4960 2321 5012 nominemus.
2351 4957 2567 5024 Quoties
2610 4959 2798 5024 aliquis
2839 4969 2929 5011 aut
2966 4959 3016 5011 in
3043 4959 3162 5012 t-ibo
3205 4967 3292 5010 aut
3323 4958 3372 5008 in
3419 4966 3540 5022 potu

1969 5029 2085 5094 plus
2109 5029 2297 5095 accipit
2327 5043 2482 5096 quam
2514 5043 2728 5081 necesse
2757 5029 2843 5092 sit,
2877 5029 2938 5082 ad
2971 5028 3167 5081 minuta
3201 5036 3408 5093 peccata
3441 5039 3535 5074 no-

1968 5098 2104 5151 verit
2149 5098 2430 5164 pertinere.
2465 5097 2685 5164 Quoties
2711 5098 2828 5165 plus
2869 5099 3099 5166 loquitur
3129 5111 3282 5164 quam
3312 5101 3540 5166 oportet,

1967 5176 2059 5220 aut
2101 5163 2214 5234 plus
2243 5175 2379 5220 tacet
2405 5163 2558 5235 quam
2602 5163 2832 5234 expedit.
2881 5163 3096 5233 Quoties
3125 5163 3405 5232 panperem
3450 5163 3542 5212 iiii-

1970 5246 2194 5304 portune
2235 5246 2500 5305 petentem
2550 5246 2846 5302 exasmrat.
2899 5235 3116 5305 Quoties
3154 5249 3271 5305 cum
3320 5245 3544 5305 corpore.

1969 5302 2038 5358 Sit
2071 5302 2250 5368 Sanus,
2296 5306 2414 5359 aliis
2457 5306 2813 5372 jejunautibus
2855 5302 3114 5372 prandere
3143 5302 3403 5372 voluerit;
3457 5309 3543 5372 aut

1969 5389 2157 5429 somno
2190 5375 2398 5430 deditus
2440 5369 2640 5429 tafdius
2683 5375 2748 5428 ad
2791 5369 3066 5428 ecclesiam
3111 5372 3294 5441 surgit.
3330 5369 3547 5436 Quoties
3633 5426 3636 5428 γ

2033 5530 2048 5560 ¹
2075 5530 2306 5578 Οιῡδθτίιιε
2341 5531 2388 5578 in
2411 5526 2700 5578 Bibliotheca
2734 5533 2940 5586 Patrum,
2966 5539 3073 5587 qua:
3095 5531 3254 5574 autem
3277 5517 3546 5572 crimitu‘lia

1968 5597 2014 5641 et
2043 5589 2284 5651 capitalia.

2033 5649 2109 5710 (tt)
2139 5650 2280 5705 Alias,
2302 5649 2364 5698 de
2389 5651 2568 5700 Sanctis
2590 5649 2668 5698 41.

2034 5709 2103 5770 (b)
2140 5719 2243 5758 l-‘rnt
2267 5713 2310 5758 in
2346 5711 2631 5760 Bibliotheca
2659 5718 2842 5758 t‘atrttm
2866 5709 3058 5758 humilia
3080 5710 3266 5756 thsarii
3291 5715 3472 5756 octava.

2036 5773 2104 5832 (τ)
2139 5779 2296 5831 Forte,
2318 5773 2434 5820 nimi
2455 5786 2560 5820 'mn.
