4036 6186
441 302 579 361 1979

437 435 652 478 carnem
677 416 930 487 suscepit.
960 412 1107 469 Nunc
1129 412 1306 479 itaque
1331 409 1663 489 quicumque
1674 407 1807 489 iram
1833 418 2021 489 contra

440 493 663 548 alterum
707 478 879 549 tenet",
924 497 1096 539 tamen
1131 478 1599 550 propter’amorem
1632 479 1721 550 Dei
1753 478 2020 550 dimittat;

441 572 495 618 et
523 560 713 616 obtulit
737 548 940 612 votum.
968 554 1025 609 Si
1049 548 1168 622 quis
1193 548 1465 622 consuevit
1492 549 1599 616 jam
1633 549 1784 622 longa
1815 548 2022 622 diutur-

445 633 609 686 nitate
653 630 704 682 in
753 625 957 682 luxuria
1001 618 1261 679 volutari,
1305 620 1580 686 resipiscit
1618 618 1939 686 aliquando,
1972 626 2025 672 et

444 703 676 758 excutiat
717 697 900 752 sordes
939 707 1061 748 suas
1099 706 1194 759 per
1218 690 1721 768 couqumctioﬁnem}
1752 698 1805 742 et
1833 689 2027 768 clamet

443 773 493 826 in
522 771 683 825 corde
711 783 808 821 suo
832 767 883 818 iu
905 758 1142 838 oratione
1168 761 1426 838 secretius
1442 759 1512 838 ad
1543 759 1817 838 Domitutm
1851 775 1862 786 '
1894 758 2027 838 l’iis:

442 842 580 894 sime
623 838 842 891 Domine
867 876 881 895 ,
915 829 1409 886 misericordissime
1442 830 1578 880 [)cus
1598 868 1613 894 ,
1642 828 1869 881 sufliciat
1898 828 2026 881 mihi

442 908 728 980 quodghue
774 917 940 980 usque
982 901 1231 980 peccavi,
1265 900 1412 980 quod
1447 909 1503 979 te
1530 898 1822 980 contempsi
1842 896 2027 979 ,.quo.d

444 969 698 1032 fI-toribus
732 969 908 1028 carnis
953 969 1086 1025 mea:
1129 969 1359 1024 satisfeci
1389 987 1400 1020 :
1441 969 1548 1037 jam
1580 983 1746 1032 nunc,
1780 979 1831 1022 te
1858 969 2026 1035 inspi-

444 1057 615 1106 rante.
664 1061 829 1099 voveo
870 1057 956 1096 me
999 1056 1027 1094 a
1058 1042 1297 1118 _nequilia
1326 1055 1440 1092 mca
1462 1053 1867 1118 conversurum.
1897 1038 2027 1118 Cum

447 1118 560 1170 luce
591 1116 795 1178 fecerit,
828 1125 882 1168 et
905 1114 1003 1165 iste
1024 1111 1212 1165 obtulit
1238 1121 1436 1162 votum.
1462 1109 1656 1163 lterum
1683 1110 1727 1161 si
1754 1109 1870 1178 quis
1898 1108 2030 1161 invi-

442 1188 529 1241 dia
572 1196 780 1240 tenetur
811 1182 1006 1244 fratris,
1036 1191 1086 1235 et
1120 1181 1366 1234 felicitate
1395 1180 1532 1233 illius
1558 1189 1648 1231 aut
1675 1183 1879 1232 actione
1909 1194 2029 1246 pro-

445 1273 600 1324 spera
641 1271 744 1309 non
783 1254 1095 1307 delectatur.
1128 1251 1278 1324 quod
1324 1259 1403 1302 est
1443 1259 1924 1324 peccatumusque
1961 1249 2026 1324 ad

447 1319 672 1381 martem
698 1344 710 1387 ;
741 1325 1017 1394 promittat
1044 1328 1097 1374 et
1127 1319 1237 1386 ipse
1261 1319 1490 1394 in__corde
1514 1334 1629 1394 suo,
1663 1320 1985 1394 imitaturum
2011 1319 2026 1349 ί

448 1412 505 1451 se
534 1398 705 1465 potius
732 1389 880 1447 actus
909 1392 1096 1469 bonos,
1126 1406 1281 1469 quam
1307 1391 1524 1469 livorem
1554 1389 1788 1469 ejusdem
1818 1389 2030 1469 habitu:

447 1459 565 1520 rum
620 1484 631 1518 :
679 1475 876 1520 etcum
918 1463 1031 1514 hare
1071 1460 1278 1526 fecerit,
1309 1468 1362 1513 et
1387 1461 1497 1527 ipse
1524 1459 1713 1511 obtulit
1741 1470 1941 1511 votum.
1974 1459 2029 1512 Si

447 1540 564 1604 quis
597 1552 720 1587 vero
751 1535 849 1608 sibi
880 1531 1126 1608 conscius
1149 1531 1324 1608 estde
1356 1530 1673 1608 homicidio,
1706 1529 2029 1608 in_dicat.sibi

449 1599 565 1674 ipse
604 1606 654 1658 in
681 1603 841 1658 corde
867 1617 964 1656 suo
991 1600 1389 1680 ραξιιὶ-ιςέιιιὶιιιιι,ζ
1417 1607 1472 1652 et
1498 1599 1725 1678 vindicet
1754 1601 1803 1652 in
1832 1615 1890 1652 se
1917 1599 2032 1680 ipso

449 1670 584 1729 mala
616 1691 710 1727 sua
733 1716 746 1738 ,
777 1684 830 1728 et
858 1681 1053 1726 statuat
1075 1672 1173 1722 sibi
1199 1679 1323 1723 ante
1356 1670 1518 1723 Deum
1548 1671 1837 1722 cruciatum
1863 1670 2034 1738 pumi-

447 1747 626 1798 tentiac
652 1754 705 1799 et
729 1743 956 1812 spatium
983 1757 998 1806 ;
1027 1749 1080 1812 et
1103 1741 1579 1812 animumplenum
1613 1755 1844 1812 veneno,
1873 1755 2030 1808 quem

449 1825 572 1869 ante
613 1810 801 1868 effusio
843 1811 1113 1880 sanguinis
1141 1810 1362 1878 proximi
1392 1811 1676 1875 sauciavit,
1711 1812 1909 1862 cruciet
1940 1824 2033 1880 per

449 1886 827 1938 abstinentiam
857 1891 910 1936 et
939 1879 1284 1934 humilitatem
1317 1898 1330 1931 :
1363 1888 1417 1932 et
1446 1881 1837 1932 communicare
1865 1879 2034 1932 nulla-

453 1964 609 2009 tenus
635 1961 923 2022 prmsumat
946 1968 960 2015 ;
987 1961 1168 2022 utnon
1197 1950 1476 2022 dupliciter
1499 1967 1555 2002 se
1584 1949 1766 2022 infelix
1793 1949 2026 2022 damnet,

449 2025 574 2078 dum
619 2020 668 2077 in
708 2024 868 2078 corde
909 2021 1190 2099 criminum
1219 2020 1529 2099 hor_roribus
1558 2020 1712 2099 pleno
1736 2020 2032 2099 sacratissi-

449 2110 594 2148 mum
637 2109 830 2163 corpus
873 2091 1078 2163 Domini
1124 2090 1420 2163 periculose
1464 2091 1730 2163 prmsmnit
1759 2090 2030 2163 accipere.

448 2165 600 2230 Quod
627 2165 669 2218 si
700 2157 815 2232 quis
846 2177 902 2217 se
929 2157 1366 2232 talemagnoscit,
1395 2167 1448 2212 ct
1479 2159 1590 2211 luce
1611 2157 1794 2232 fecerit
1818 2177 1832 2222 ;
1857 2161 2034 2226 etipse

451 2229 605 2288 olfert
652 2229 854 2287 votum.
909 2231 967 2284 Si
1014 2231 1131 2298 quis
1177 2229 1346 2293 forte,
1394 2237 1452 2281 ut
1490 2229 1723 2292 assolet,
1755 2230 2033 2284 detrahere

449 2319 662 2372 semper
702 2303 1010 2365 consuevit,
1050 2307 1105 2354 et
1143 2300 1366 2372 aliorum
1395 2299 1630 2372 actiones
1657 2300 1906 2372 obloqui,
1937 2315 2036 2355 nec

449 2367 583 2427 suas'
624 2375 926 2442 respicere;
974 2377 1175 2442 voveat
1211 2369 1365 2442 hodie
1407 2369 1514 2420 Deo
1547 2367 1600 2420 ill
1635 2370 1795 2442 corde
1821 2385 1952 2435 SUO,
1982 2379 2036 2424 Cl

449 2443 591 2498 dicat
623 2461 637 2497 :
672 2439 782 2497 lluc
809 2456 971 2511 usque
1001 2440 1067 2511 de
1094 2439 1338 2511 aliisdixi
1362 2478 1377 2503 ,
1408 2453 1492 2511 me
1524 2453 1629 2511 non
1648 2439 1856 2511 inspexi
1888 2457 1902 2504 ;
1935 2457 2034 2509 ego

447 2529 594 2567 eram
627 2508 900 2575 miserior,
924 2521 977 2563 et
997 2510 1128 2564 alios
1151 2509 1373 2564 miseros
1397 2508 1763 2561 existimabam
1796 2527 1807 2561 :
1837 2520 1890 2563 et
1916 2508 2034 2565 ideo

451 2600 591 2637 nunc
614 2583 810 2636 suflicit
836 2582 974 2650 quod
1003 2579 1241 2650 peccavit
1266 2577 1441 2650 lingua
1458 2579 1826 2650 ‘meaLamodo
1846 2596 2031 2650 emen-

448 2654 578 2708 darc
614 2647 870 2707 delibero}
922 2647 1056 2703 Ecce
1097 2649 1185 2716 qui
1229 2647 1344 2700 haec
1373 2647 1526 2710 facit,
1559 2648 1714 2702 offert
1745 2658 1941 2702 votum.
1976 2649 2031 2704 Si

449 2725 568 2792 quis
605 2723 872 2777 crudelem
898 2735 956 2775 se
983 2719 1172 2792 sentit,
1207 2716 1624 2792 misericordiam
1654 2718 1815 2772 animi
1841 2731 2035 2792 voveat

454 2785 602 2856 Deo;
642 2793 687 2846 si
723 2793 839 2861 quis
868 2791 1152 2861 superbum
1172 2828 1187 2851 ,
1215 2795 1404 2861 voveat
1434 2785 1890 2861 humilitatem._Si
1915 2791 2032 2861 quis

448 2864 574 2916 vino
601 2858 816 2914 nimium
849 2872 931 2914 est
957 2858 1166 2912 deditus
1185 2899 1200 2922 ,
1233 2858 1574 2910 sobrietatem
1603 2868 1790 2910 voveat
1821 2859 1948 2912 Deo.
1975 2860 2032 2914 Si

447 2933 568 3000 quis
592 2933 787 2986 seniori
814 2945 910 2984 suo
942 2929 1193 3000 peccavit,
1223 2928 1428 3000 veniam
1457 2935 1639 2995 petat;
1667 2937 1722 2981 et
1749 2930 1795 2982 si
1815 2929 1904 2982 ille
1923 2945 2029 2984 non

447 2996 684 3070 sapuerit
715 3009 916 3068 petere,
944 2996 1036 3052 ille
1063 3005 1235 3050 tamen
1262 2996 1509 3070 dimittat.

519 3067 572 3125 ϐ.
628 3067 865 3122 Votorum
896 3069 1072 3138 talium
1100 3071 1312 3138 fructus.
1342 3067 1522 3135 Angeli
1546 3067 1774 3120 custodes
1801 3078 1914 3122 vota
1940 3085 2032 3123 no-

446 3148 554 3193 stra
598 3139 814 3205 o/I‘erunt
854 3138 980 3191 Deo.
1020 3137 1228 3191 Etcum
1257 3137 1369 3190 hare
1398 3138 1574 3190 oinnia
1606 3139 1834 3192 feceritis
1857 3180 1872 3203 ,
1899 3139 2029 3193 cha-

446 3210 642 3264 rissimi
665 3252 680 3275 ,
713 3210 914 3263 offertis
936 3217 1116 3261 votum
1148 3209 1256 3274 lico
1287 3207 1532 3328 placitum
1553 3248 1566 3268 ,
1601 3216 1656 3262 et
1680 3209 1826 3278 quasi
1855 3225 2031 3263 remu-

447 3281 646 3328 iteratis
685 3279 974 3328 Christum.
1021 3277 1088 3328 Et
1128 3286 1246 3328 post
1305 3293 1400 3328 tare
1430 3278 1605 3328 veniet
1631 3281 1778 3328 vobis
1809 3280 2028 3328 benedi-

447 3281 646 3334 neratis
685 3279 974 3333 Christum.
1021 3277 1088 3330 Et
1128 3286 1246 3344 post
1288 3277 1400 3331 haec
1430 3278 1605 3330 veniet
1631 3277 1778 3332 vobis
1809 3280 2028 3334 benedi-

445 3351 554 3404 ctio
573 3391 589 3415 ,
633 3358 687 3404 et
724 3360 841 3401 vota
871 3359 1042 3401 vestra
1072 3347 1362 3400 offerentur
1386 3357 1509 3400 ante
1540 3348 1765 3403 tribunal
1797 3349 2026 3417 Christi,

443 3427 533 3486 et,
583 3420 721 3472 sicut
765 3420 893 3472 dixit
923 3420 1196 3479 Salomon,
1228 3426 1629 3471 monumentum
1661 3430 1892 3472 vestrum
1921 3436 2027 3474 nou

442 3485 668 3558 seeipiet
688 3489 1006 3542 oblivionem
1036 3485 1188 3559 (Sap.
1217 3503 1284 3549 ιι,
1313 3488 1406 3556 Ἡ)
1434 3497 1524 3559 :et
1547 3487 1750 3542 dicetur
1769 3489 1835 3542 de
1858 3491 2025 3555 vobis,

447 3559 587 3613 Ecce
631 3562 853 3626 populus
891 3572 1041 3628 meus
1081 3573 1238 3628 quem
1277 3558 1825 3628 acquisivisauguine
1865 3574 2024 3620 meo;

441 3629 702 3682 saturavit
757 3643 844 3698 me
886 3627 1051 3698 votis,
1095 3627 1331 3698 implevit
1368 3641 1452 3698 me
1494 3627 1851 3682 odoramentis
1883 3644 1896 3680 :
1930 3644 2028 3698 ego

443 3713 539 3767 ero
577 3698 656 3751 eis
699 3697 848 3766 quasi
894 3696 1262 3767 Dominus,_ct
1302 3696 1398 3765 ipsi
1431 3705 1584 3767 erunt
1615 3699 1739 3751 mihi
1772 3698 1822 3750 in
1851 3696 2029 3767 popu-

443 3765 594 3832 lum,
636 3775 692 3820 et
727 3782 830 3819 non
873 3767 977 3820 erit
1003 3766 1138 3818 ultra
1183 3765 1232 3817 iu
1277 3768 1355 3818 eis
1399 3766 1676 3833 captivitas
1721 3776 1815 3820 aut
1851 3765 2025 3822 deso-

444 3835 593 3890 latio.
643 3836 894 3890 Putemus
955 3851 1110 3903 quam
1162 3834 1315 3889 dulce
1367 3844 1471 3900 est,
1505 3836 1715 3904 quando
1760 3845 1878 3891 vota
1925 3853 2024 3891 no-

441 3913 552 3960 stra
599 3906 757 3969 talia,
823 3905 997 3975 qualia
1044 3904 1184 3969 dixi,
1226 3905 1411 3975 Angeli
1440 3905 1542 3975 qui
1605 3906 1850 3960 Custodes
1902 3910 2024 3963 vitae

444 3984 641 4030 nostra:
668 3988 812 4038 sunt,
837 3974 959 4029 ante
987 3984 1328 4042 conspectum
1345 3974 1536 4028 divinw
1559 3975 1846 4042 majestatis
1868 3978 2024 4032 obtu-

442 4044 620 4100 lerint.
664 4047 718 4101 Si
756 4046 954 4115 aliquid
994 4044 1266 4098 offerimus
1309 4044 1507 4115 homini
1540 4054 1752 4098 terreno
1781 4055 1834 4100 et
1862 4049 2022 4102 mori-

444 4127 564 4170 turo
587 4157 601 4178 ,
627 4126 681 4170 et
709 4114 885 4170 tamen
907 4129 1182 4185 speramus
1210 4130 1307 4168 nos
1332 4115 1399 4185 ab
1423 4114 1513 4185 illo
1531 4115 1753 4168 multum
1782 4131 2023 4185 receptu-

441 4201 530 4240 ros
555 4196 609 4240 et
633 4184 961 4255 adjuvandus
993 4203 1007 4240 :
1037 4185 1080 4239 si
1111 4187 1218 4239 Deo
1243 4184 1440 4255 aliquid
1466 4184 1534 4240 de
1563 4187 1760 4240 nostris
1786 4184 2022 4243 moribus

439 4254 754 4326 offeramus,
782 4266 1034 4326 quantum
1061 4254 1420 4326 recipiemus?

512 4326 564 4377 7.
603 4324 868 4379 Incarnizti
892 4324 1077 4380 Christi
1105 4324 1464 4394 recordationis
1494 4325 1708 4394 fructus.
1739 4324 1889 4381 Nunc
1919 4329 2020 4381 ita-

437 4410 543 4466 que
587 4397 915 4451 exsultemus
956 4396 1011 4466 in
1043 4393 1269 4466 Domino
1291 4395 1668 4466 ,gaudeamus
1695 4412 1815 4451 cum
1856 4395 1977 4451 fletu
2003 4440 2017 4462 ,

439 4464 708 4521 memores
730 4467 897 4518 simus
937 4464 1255 4532 dignationis
1281 4465 1472 4534 divina:
1497 4473 1552 4519 et
1579 4468 1898 4534 captivitatis
1922 4485 2020 4521 no-

439 4547 591 4589 strae.
637 4536 1034 4602 Quemcumque
1082 4534 1312 4600 potentia
1362 4533 1574 4599 elevat,
1627 4533 1802 4590 veniat
1847 4538 1916 4590 illi
1967 4539 2017 4592 in

440 4615 672 4658 mentem
715 4605 985 4658 humilitas
1007 4602 1202 4658 Christi
1229 4620 1242 4664 ;
1278 4611 1334 4657 ut
1364 4618 1470 4657 non
1500 4603 1758 4673 dirigatur
1780 4607 1845 4660 ad
1874 4609 2018 4662 illum

438 4675 702 4730 sententia
725 4674 824 4728 ista
850 4717 864 4736 ,
897 4675 1033 4741 Quid
1058 4673 1285 4742 superbis
1308 4714 1322 4738 ,
1350 4684 1482 4726 terra
1509 4685 1553 4728 et
1581 4675 1704 4729 cinis
1732 4675 1917 4744 (Eccli.
1951 4695 1978 4730 χ
2001 4719 2014 4744 ,

438 4744 494 4812 9)
522 4746 545 4797 ?
569 4745 793 4816 Quando
822 4745 1064 4816 videmus
1088 4759 1478 4816 quemcumque
1500 4745 1750 4800 miserum
1777 4757 1867 4800 aut
1891 4762 2016 4816 ege-

437 4830 605 4878 num,
655 4815 835 4869 veniat
883 4814 1034 4869 nobis
1084 4814 1137 4867 in
1189 4823 1418 4868 mentem
1465 4816 1828 4870 misericordia
1877 4814 2012 4882 [)ei;

435 4885 648 4952 quando
673 4884 937 4953 captivum
959 4925 974 4948 ,
1007 4884 1181 4939 veniat
1211 4885 1362 4938 nobis
1388 4885 1438 4938 in
1469 4894 1698 4939 tuentem
1724 4887 2018 4954 redemptio

437 4955 645 5009 Domini
689 4955 873 5008 nostri.
915 4954 1136 5024 Quando
1176 4963 1448 5023 peccatum
1478 4955 1844 5023 quodcumque
1871 4957 2014 5010 dele-

432 5033 544 5079 etat
569 5035 661 5079 aut
681 5025 918 5093 subrepit
940 5065 954 5088 ,
984 5025 1052 5077 sit
1082 5025 1232 5078 nobis
1261 5025 1311 5078 in
1336 5026 1590 5078 memoria
1619 5027 1757 5092 quod
1781 5026 1888 5094 jam
1917 5027 2014 5080 dev

433 5094 538 5148 leta
595 5105 719 5149 sunt
771 5106 984 5163 peccata
1037 5105 1235 5148 nostra.
1285 5094 1404 5164 Non
1459 5095 1740 5162 perdamus
1785 5098 2012 5164 pretium

436 5165 707 5233 sanguinis
737 5165 968 5230 Christi,
1002 5180 1098 5217 nec
1126 5163 1452 5218 maculemus
1480 5164 1670 5217 stolam
1701 5163 1891 5218 aniime
1918 5182 2016 5236 per

435 5234 762 5302 iniquitatem
783 5275 798 5300 ,
839 5245 930 5288 aut
966 5236 1234 5302 rapinam.
1281 5244 1370 5286 aut
1397 5236 1894 5301 concupiscentiam.
1921 5234 2012 5290 1a-

432 5306 642 5358 cuimus
663 5347 676 5370 ,
711 5304 824 5385 jam
851 5306 1016 5386 erecti
1041 5319 1256 5384 sumus;
1285 5304 1840 5386 vulneratil’ueratuus
1858 5307 2012 5386 dam

432 5388 618 5444 sumus
657 5375 847 5428 sanati.
869 5373 992 5444 ,Non
1022 5375 1124 5429 erit
1153 5375 1420 5428 excusatio
1444 5373 2015 5444 qualiscmnquefllia-

435 5442 586 5513 belus
615 5453 790 5513 potest
814 5443 882 5499 ad
915 5444 1112 5499 malum
1142 5445 1365 5498 invitare
1384 5485 1397 5508 ,
1427 5442 1530 5497 non
1561 5455 1734 5512 potest
1759 5442 2009 5512 trahere;

431 5511 836 5584 delectationem
871 5513 1070 5584 infert,
1114 5529 1220 5569 non
1247 5511 1597 5584 potestatem;
1626 5517 1903 5570 consilium
1933 5511 2012 5570 in-

429 5583 598 5652 gerit,
625 5597 730 5638 non
756 5583 1082 5640 conﬂictum.

499 5713 518 5748 ⁸
537 5721 605 5768 Ita
620 5722 724 5767 uss.
747 5718 978 5780 potiores.
1015 5717 1098 5771 Alii
1115 5730 1223 5770 cum
1248 5719 1416 5783 editis,
1441 5718 1798 5771 meditaturum.

1882 285 2244 345 APPENDIX.

3579 292 3716 349 1980

2204 406 2256 458 8.
2319 403 2604 474 Virginibus
2645 407 2764 470 quid
2804 411 3083 460 curandum
3123 418 3207 461 aut
3241 408 3534 462 cavendum.
3563 408 3715 468 Nunc

2131 489 2258 543 ergo
2301 486 2512 543 propter
2555 488 2759 544 partum
2804 477 2966 530 beatre
2996 477 3170 531 Mat-iac
3197 478 3265 531 sit
3293 478 3418 532 mihi
3446 496 3622 534 sermo
3651 483 3718 538 ad

2131 545 2364 612 virgines
2383 585 2398 608 ,
2427 546 2536 599 sive
2565 545 2628 598 ad
2660 547 2800 599 viros
2819 587 2833 609 ,
2867 547 2978 601 sive
3001 547 3063 600 ad
3092 547 3344 611 feminas,
3375 550 3485 604 sive
3507 551 3714 616 viduas,

2131 617 2244 668 sive
2278 616 2594 682 pteuitcutes
2613 655 2627 679 ,
2661 617 2770 669 sive
2796 633 3054 684 pauperes
3073 658 3086 681 ,
3123 618 3233 672 sive
3260 634 3463 674 servos.
3499 619 3613 676 Non
3634 634 3717 678 est

2130 684 2268 754 apud
2313 685 2476 738 Deum
2513 686 2613 739 nisi
2647 687 2955 739 meritorum
2988 687 3254 742 discretio.
3288 690 3478 744 Audite
3507 708 3591 745 me
3622 693 3718 748 ita-

2131 770 2266 828 que,
2313 756 2633 828 quicumque
2681 755 2821 828 dono
2861 755 3056 828 Christi
3108 758 3160 812 in
3215 773 3438 826 corpore
3486 761 3718 828 virgines

2131 825 2281 877 estis.
2333 825 2665 898 Generaliter
2702 826 2887 894 loquor
2913 826 2976 880 ad
3002 843 3186 882 ouuws
3207 870 3222 893 ,
3252 825 3427 883 audite
3456 825 3720 898 me.'Qui-

2132 907 2359 961 eumque
2407 895 2645 962 agnoscit
2691 911 2748 948 se
2793 911 2912 949 esse
2937 898 3076 964 quod
3104 899 3252 962 dico,
3287 899 3493 953 studeat
3521 910 3576 954 ut
3601 895 3721 955 cor-

2131 979 2260 1038 pore
2288 964 2522 1038 eteorde
2543 965 2611 1038 sit
2629 966 2795 1033 virgo.
2820 967 2906 1020 Sic
2933 969 3150 1038 gau-leat
3179 969 3246 1022 de
3273 969 3417 1022 lucro
3445 974 3715 1038 corporis,

2133 1036 2174 1087 si
2207 1050 2309 1086 non
2339 1035 2527 1087 habeat
2555 1035 2806 1089 damnum
2834 1039 3042 1089 animai.
3062 1037 3298 1091 Gaudeat
3325 1050 3497 1094 tamen
3517 1035 3581 1094 die
3601 1035 3709 1096 tam

2136 1105 2369 1172 pretioso
2397 1104 2762 1175 (lOIIOACill'iSii
2788 1123 2800 1168 ;
2829 1107 3052 1175 gaudeat
3082 1123 3199 1160 eum
3229 1108 3557 1175 humilitate,
3592 1111 3722 1166 fleat

2133 1189 2252 1245 eum
2282 1175 2494 1241 pietate.
2536 1173 2742 1230 Gratias
2780 1173 2919 1243 agat,
2949 1178 3070 1245 quia
3105 1185 3299 1231 tantam
3334 1173 3634 1234 felicitatem
3664 1183 3717 1236 in

2136 1244 2434 1311 integritate
2464 1254 2634 1312 portat
2668 1263 2680 1299 :
2710 1246 2938 1316 ilcctetur,
2969 1244 3092 1315 quia
3123 1257 3489 1303 sccuturuscst
3513 1253 3718 1316 Agnnm

2134 1330 2467 1390 quocumque
2497 1316 2616 1390 ierit
2641 1331 2655 1379 ;
2678 1315 2921 1390 sitamen
2950 1318 2999 1370 in
3032 1333 3124 1390 ore
3150 1318 3266 1384 ejus
3287 1359 3299 1378 ,
3333 1321 3467 1390 sicut
3494 1315 3720 1390 legimus

2135 1383 2187 1457 in
2217 1383 2548 1457 Apocalypsi.
2583 1384 2915 1439 mendacium
2947 1402 3050 1440 non
3081 1383 3377 1441 inveniatur
3398 1383 3577 1457 (Apoc:
3606 1409 3716 1457 xw,

2134 1454 2201 1518 4,
2259 1454 2363 1528 5)-_
2387 1455 2524 1528 Oret
2551 1457 2996 1528 perseverantiam
3018 1500 3031 1521 ,
3074 1467 3126 1528 ut
3173 1474 3274 1528 non
3302 1460 3373 1512 illi
3396 1454 3719 1528 qualiscumL

2136 1539 2238 1592 que
2281 1524 2562 1578 delectatio
2607 1525 2786 1579 Sil‘Cllii
2831 1535 2922 1579 aut
2947 1527 3140 1581 invidia
3170 1527 3365 1581 diaboli
3394 1524 3594 1583 tantum
3623 1533 3719 1584 do.

2137 1610 2263 1646 num
2309 1594 2486 1655 tollat,
2522 1602 2718 1648 tantam
2759 1596 3046 1650 claritatem
3079 1598 3336 1652 innubilet
3359 1640 3374 1660 ,
3405 1610 3608 1653 tantum
3643 1603 3720 1654 ni-

2138 1665 2580 1736 torcminfuscel.
2613 1665 2813 1718 Teneat
2841 1666 3048 1720 fortiter
3072 1709 3086 1730 ,
3118 1683 3222 1720 non
3249 1669 3432 1736 perdat
3454 1687 3564 1723 rem
3590 1673 3720 1725 irre-

2140 1734 2470 1800 parabilem,
2521 1751 2623 1786 non
2669 1749 2773 1788 uno
2815 1747 3086 1790 momento
3121 1734 3487 1793 delectationis
3515 1743 3722 1795 amittat

2135 1803 2354 1876 gratiam
2388 1805 2660 1876 corporis,
2691 1819 2793 1876 non
2823 1807 3099 1860 contrahat
3127 1809 3506 1876 turpitudinem
3530 1814 3720 1865 auiuue

2142 1874 2702 1946 per,pulchritudinem
2738 1875 2919 1929 forma.-
2949 1874 3249 1946 eorruptai,
3281 1881 3384 1932 non
3418 1881 3562 1934 illum
3591 1897 3718 1934 cou-

2136 1945 2454 2019 cupisccntia
2503 1945 2694 2019 vincat.
2715 1946 2783 2019 _Si
2813 1961 2898 1999 me
2928 1945 3189 2010 audierit,
3223 1962 3496 2016 permanet
3526 1969 3539 2004 :
3572 1952 3716 2019 quod

2134 2015 2178 2064 si
2210 2029 2311 2066 non
2337 2013 2592 2076 audierit,
2624 2015 2917 2070 amissurus
2945 2027 3026 2071 est
3052 2019 3192 2088 quod
3220 2013 3490 2089 nunquam
3522 2013 3604 2076 est
3630 2038 3719 2076 re-

2138 2092 2434 2150 paraturus.

2207 2153 2260 2206 9.
2308 2153 2442 2224 Quid
2484 2156 2786 2224 conjugatis.
2837 2156 2972 2220 Quid
3012 2157 3193 2212 viduis.
3239 2156 3374 2222 Quid
3399 2160 3715 2216 mulieribus.

2137 2220 2331 2275 lterum
2363 2223 2426 2275 ad
2455 2239 2550 2277 vos
2571 2220 2708 2298 inihi
2730 2235 3016 2298 sermoest
3038 2267 3053 2291 ,
3083 2229 3169 2294 qui
3193 2220 3446 2296 conjuges
3473 2230 3680 2285 habetis
3704 2250 3719 2298 ;

2136 2308 2330 2368 moneo
2369 2302 2425 2346 ut
2457 2305 2601 2368 caste
2630 2295 2884 2349 habeatis.
2917 2296 3048 2348 Nam
3075 2306 3127 2350 et
3160 2295 3429 2353 Elisa’beth
3456 2317 3573 2368 qua:
3599 2295 3716 2356 louQ

2134 2363 2300 2434 garvis
2339 2365 2664 2430 temporibus
2689 2375 2832 2434 caste
2859 2381 2978 2420 cum
3006 2369 3194 2422 marito
3220 2368 3420 2423 vixorat
3443 2363 3539 2434 ,et
3563 2374 3723 2426 ambo

2139 2433 2319 2486 fideles
2344 2445 2466 2486 ante
2497 2434 2770 2486 Dominum
2802 2433 3029 2501 fuerant,
3049 2439 3360 2504 meruitjam
3387 2433 3454 2492 de
3478 2453 3724 2495 emortuo

2138 2504 2340 2555 semine
2366 2503 2560 2576 habere
2589 2505 2773 2576 lilium,
2797 2506 2886 2572 qui
2913 2515 2966 2559 et
2989 2503 3269 2561 sanctitate
3293 2519 3540 2576 parentes
3563 2527 3723 2564 orna-

2138 2583 2314 2649 ret,_ct
2337 2573 2706 2649 prardicationc
2728 2579 2920 2628 multos
2949 2576 3192 2649 infideles
3217 2573 3550 2649 converteret
3569 2581 3720 2649 (Luc.

2138 2642 2202 2710 ι).
2248 2641 2440 2696 lterum
2484 2644 2632 2697 vobis
2661 2644 2847 2711 loquor
2869 2685 2884 2706 ,
2917 2662 3035 2712 qua:
3060 2647 3188 2698 estis
3217 2648 3388 2700 vidua:
3415 2667 3427 2701 :
3456 2641 3723 2704 custodite

2135 2712 2440 2764 viduitatem
2467 2754 2481 2775 ,
2506 2726 2610 2764 non
2632 2722 2802 2766 estote
2825 2715 3062 2768 verbosa?
3087 2733 3101 2780 ;
3127 2717 3219 2770 sed
3245 2733 3366 2770 cum
3391 2719 3601 2770 silentio
3626 2737 3722 2773 ex-

2134 2790 2370 2856 Spectate
2407 2782 2682 2856 Dominum
2707 2824 2720 2847 ,
2748 2784 2836 2856 qui
2867 2786 3122 2856 pupillum
3151 2797 3203 2839 et
3225 2788 3434 2839 viduam
3457 2790 3675 2856 suscipit
3703 2808 3718 2854 ;

2133 2851 2673 2924 sedbonautviduam
2697 2892 2712 2917 ,
2745 2853 2840 2906 sed
2868 2855 3007 2908 illam
3035 2872 3151 2924 qua:
3177 2857 3230 2909 in
3258 2859 3516 2918 oratione,
3541 2851 3717 2913 in'hu-l

2135 2921 2357 2993 militate
2380 2962 2394 2983 ,
2440 2921 2491 2993 iu
2520 2923 2872 2993 eleentosyuis
2901 2933 2983 2978 est
3009 2921 3247 2993 prmupta
3284 2945 3298 2980 :
3326 2927 3370 2978 si
3399 2937 3544 2980 certe
3570 2930 3712 2984 unde

2135 2990 2292 3064 faciat
2330 2991 2614 3064 non_habet
2641 3033 2654 3054 ,
2689 2990 3021 3064 voluntatem
3043 2990 3235 3049 bonam
3262 3005 3317 3049 et
3342 2997 3719 3064 Cogitationem

2133 3061 2394 3113 sinceram
2435 3060 2644 3114 habeat.
2687 3061 3098 3138 Mulieres,_non
3128 3060 3436 3138 maledicite:
3453 3107 3464 3125 .
3495 3074 3599 3120 non
3630 3069 3722 3138 ju-

2134 3138 2249 3204 rate
2275 3171 2288 3194 ,
2321 3145 2422 3183 non
2451 3140 2622 3184 estote
2649 3143 2904 3204 promptze
2929 3135 2995 3188 ad
3026 3136 3368 3204 loquendum.
3401 3136 3559 3191 Forte
3585 3135 3720 3193 dicis

2133 3199 2494 3268 importunum
2537 3216 2657 3255 esse
2695 3199 2834 3268 quod
2875 3203 3014 3257 dico.
3055 3199 3168 3258 Non
3199 3205 3325 3259 mihi
3351 3217 3528 3260 tacere
3555 3210 3717 3263 licet:

2133 3269 2251 3344 plus
2293 3272 2451 3344 timeo
2485 3270 2629 3344 illum
2658 3272 2744 3339 qui
2767 3272 2955 3344 jubet,
2988 3290 3144 3343 quam
3171 3276 3318 3329 illum
3350 3276 3439 3344 qui
3466 3277 3714 3332 detrahit.

2135 3337 2246 3405 Ego
2288 3340 2407 3391 dico
2436 3357 2446 3391 :
2475 3341 2564 3412 qui
2601 3337 2868 3408 agnoscit,
2896 3337 3182 3409 emendet;
3211 3347 3298 3412 qui
3330 3337 3382 3398 ili
3410 3362 3470 3399 se
3497 3363 3600 3401 non
3629 3364 3718 3402 re-

2131 3412 2433 3485 cognoscit,
2461 3411 2639 3464 audiat
2668 3419 2722 3464 et
2751 3420 2963 3478 teneat,
2993 3423 3050 3468 ut
3072 3415 3191 3468 aliis
3219 3411 3315 3485 pro
3341 3417 3511 3471 salute
3530 3418 3719 3473 dicere

2170 3480 2315 3530 assit.

2131 3492 2468 3625 ρυῗᾘξορυὶιί
2498 3550 2863 3625 pauitantibus.
2897 3552 3144 3623 Plangere
3158 3555 3300 3608 docte
3350 3554 3498 3609 Nunc
3512 3556 3621 3625 jam
3643 3558 3714 3611 ad

2130 3633 2225 3670 vos
2257 3619 2472 3691 loquor,
2505 3621 2819 3687 pceuiteutes
2839 3663 2852 3684 ,
2885 3625 2972 3691 qui
3001 3619 3363 3691 pinnitentiam
3401 3627 3452 3678 in
3479 3619 3710 3682 ecclesia

2129 3688 2410 3764 accepistis
2453 3700 2506 3743 et
2531 3691 2701 3764 agitis.
2735 3688 3078 3764 Perseverate
3107 3694 3158 3748 in
3187 3695 3308 3748 ﬂetu
3331 3737 3345 3758 ,
3377 3696 3426 3748 in
3457 3710 3716 3764 compun-

2129 3759 2304 3812 ctione
2325 3758 2482 3812 docte
2508 3760 2755 3834 plangite.
2779 3761 2915 3828 Quid
2933 3772 3033 3828 est,
3056 3764 3213 3817 docte
3236 3765 3466 3834 plangite
3486 3765 3509 3818 ?
3529 3758 3714 3834 ld'est,

2130 3837 2186 3879 ut
2215 3844 2317 3903 non
2349 3830 2596 3903 quaeratis
2621 3830 2672 3882 in
2702 3834 2941 3887 oratione
2968 3830 3283 3903 temporales
3310 3830 3416 3901 res,
3447 3837 3537 3890 sed
3557 3830 3717 3892 aiter?

2130 3912 2250 3950 nam
2280 3898 2656 3974 beatitudinem
2670 3909 2722 3954 et
2749 3898 3112 3974 remissionetit
3134 3898 3600 3974 peccatorum.Qui
3633 3909 3717 3962 sic

2127 3977 2264 4029 orat,
2298 3969 2408 4036 ipse
2428 3969 2582 4046 docte
2609 3969 2827 4046 plangit.
2839 3972 2949 4046 Non
2967 3969 3238 4046 cadentad
3254 3985 3448 4029 terram
3464 3969 3716 4046 laiéryma:

2127 4046 2337 4111 vestrm;
2360 4039 2482 4107 quia
2508 4055 2664 4111 verax
2689 4052 2769 4093 est
2795 4041 2884 4095 ille
2903 4043 2986 4095 cui
3015 4043 3270 4111 propheta
3296 4046 3430 4098 dixit
3453 4064 3468 4099 :
3489 4039 3716 4100 Posuisti

2126 4105 2530 4183 (aermnae—meas
2544 4109 2595 4161 in
2616 4121 2881 4183 conspectu
2903 4121 2988 4165 tuo
3007 4105 3174 4180 Ρεάι.
3201 4130 3292 4180 ιν,
3316 4114 3394 4183 9).
3424 4115 3525 4169 Vos
3549 4116 3716 4170 modo

2125 4177 2255 4249 satis
2279 4176 2481 4231 debetis
2509 4193 2686 4233 amare
2716 4176 2878 4235 Deum
2903 4221 2919 4247 ,
2947 4176 3090 4236 etde
3122 4176 3310 4238 timore
3330 4176 3439 4249 jam
3469 4185 3535 4239 ad
3565 4187 3703 4240 dile-

2125 4246 2356 4324 ctionem
2400 4249 2662 4324 transire;
2696 4251 2838 4324 quia
2867 4255 2944 4305 sic
2977 4253 3201 4324 legimus
3241 4255 3290 4306 in
3329 4246 3613 4324 Evangelia
3639 4256 3715 4310 de

2127 4317 2420 4396 pgccatrice
2444 4317 2706 4396 .i_ll_a,__Cui
2726 4317 2948 4396 inultum
2975 4317 3523 4396 dimittitur,_niultmii
3544 4325 3713 4396 diligit

2126 4383 2272 4463 (Luc.
2298 4401 2372 4440 vn
2391 4427 2406 4451 ,
2431 4387 2543 4454 47).
2570 4387 2634 4440 Et
2655 4388 2772 4463 ideo
2795 4391 3013 4444 multum
3033 4393 3237 4446 debetis
3255 4383 3476 4462 diligere
3500 4383 3666 4450 Deum
3683 4436 3706 4463 ,

2125 4456 2212 4534 qui
2254 4471 2346 4510 vos
2381 4458 2764 4534 exspectando,
2803 4468 2986 4513 etnon
3014 4463 3311 4530 puniendo,
3345 4456 3409 4518 5d
3443 4456 3713 4534 poeniten;

2127 4525 2250 4577 tiam
2281 4525 2572 4593 perducere
2597 4527 2842 4594 dignatus
2865 4537 2967 4582 est.

2197 4596 2281 4668 tl.
2337 4597 2651 4665 Apostmphe
2692 4597 2759 4648 ad
2797 4615 3058 4668 pauperes.
3107 4601 3260 4656 Nune
3303 4603 3491 4656 iterum
3515 4604 3582 4658 ad
3611 4621 3712 4662 vos

2129 4665 2478 4744 niilii__sermo
2517 4675 2645 4744 es_t,_
2673 4665 2949 4744 pauperes.
2992 4671 3254 4744 Vosdico
3294 4689 3582 4742 pauperes,
3613 4679 3710 4744 qui

2124 4734 2478 4810 mendicans,
2495 4736 2583 4805 qui
2615 4736 2681 4790 de
2710 4734 3041 4810 eleemosyna
3065 4734 3482 4797 Christianorum
3507 4734 3707 4802 vivitis.

2122 4802 2480 4878 Cuitstilamjrii
2501 4802 2904 4878 ,lconsolamini
2934 4802 2958 4860 ἕ
2979 4811 3246 4864 tribulatio
3272 4823 3444 4865 vestra
3472 4829 3707 4868 conver-

2123 4881 2262 4944 tetur
2305 4874 2355 4926 in
2395 4873 2686 4944 ‘gaudium,
2731 4886 2784 4930 et
2826 4876 2978 4932 dolor
3019 4890 3194 4933 vester
3220 4882 3270 4934 in
3298 4881 3552 4936 lielitiam.
3582 4885 3711 4941 Non

2122 4943 2270 5016 vobis
2314 4944 2381 4997 sit
2429 4945 2732 5014 ingratum,
2769 4947 2908 5016 quod
2949 4949 3290 5016 mendicatis,
3338 4967 3438 5007 nec
3482 4954 3598 5008 ideo
3648 4957 3708 5010 in

2121 5013 2282 5090 corde
2325 5013 2504 5090 vestro
2548 5015 2747 5090 aliquid
2785 5013 2977 5090 contra
3021 5019 3183 5073 Deum
3211 5013 3435 5085 dicatis;
3462 5025 3579 5090 quia
3613 5025 3708 5080 ille

2114 5082 2289 5156 justus
2309 5092 2359 5136 et
2382 5084 2496 5152 pius
2523 5095 2605 5138 est
2628 5082 2677 5139 in
2704 5087 2949 5140 omnibus
2972 5090 3222 5156 operibus
3249 5092 3380 5144 suis.
3417 5082 3618 5147 Et'ideo
3645 5108 3705 5149 te

2122 5153 2244 5205 fecit
2271 5167 2553 5227 pauperem
2579 5195 2605 5227 ,_
2623 5165 2679 5208 ut
2703 5153 3240 5212 sufferendo'brevem
3265 5162 3514 5227 inepiam,
3541 5174 3708 5216 ator-

2121 5237 2242 5274 nam
2270 5223 2426 5275 vitam
2459 5225 2760 5292 acquirercs
2793 5244 2806 5277 :
2839 5237 2893 5281 et
2919 5227 3132 5280 divitem
3167 5229 3288 5282 ideo
3310 5223 3432 5284 fecit
3456 5272 3469 5291 ,
3497 5223 3705 5287 nidum

2120 5293 2212 5344 tibi
2245 5292 2505 5370 superflua
2531 5295 2681 5370 daret
2700 5336 2714 5359 ,
2747 5296 3041 5351 remedium
3069 5299 3297 5366 peccatis
3322 5302 3430 5353 suis
3461 5303 3707 5370 acquire-

2119 5370 2218 5438 re_t.
2274 5362 2339 5415 Et
2391 5363 2510 5418 ideo
2564 5366 2823 5432 patientes
2874 5362 3090 5432 estote,
3140 5377 3195 5422 et
3241 5362 3550 5438 eISpectate'
3590 5372 3706 5426 Do-

2119 5447 2340 5486 mtuum.

2193 5502 2275 5582 l2.
2314 5502 2393 5554 Ad
2416 5519 2597 5582 seruos.
2620 5505 2794 5582 _Etiam
2817 5521 2994 5582 sermo
3022 5508 3256 5582 mihiest
3277 5509 3342 5566 ad
3368 5526 3493 5580 vos,
3519 5513 3701 5582 servi,

2119 5573 2438 5651 quicumque
2471 5574 2757 5651 _dontinos_
2786 5579 3047 5651 carnales,
3080 5579 3287 5651 habetis
3315 5623 3331 5647 ,
3375 5573 3713 5651 cuicumun

2120 5644 2317 5720 servitii
2350 5644 2702 5720 conditionem
2728 5646 2934 5720 debetis
2960 5666 2971 5699 :
3000 5649 3213 5720 obedite
3231 5644 3460 5708 dominis
3477 5644 3708 5720 vestris,

2119 5713 2318 5782 diligite
2346 5729 2407 5769 ex
2435 5715 2594 5770 corde
2620 5757 2631 5781 ,
2665 5733 2766 5771 non
2800 5718 2862 5772 ad
2893 5719 3102 5774 oculum
3131 5724 3448 5794 servientes,
3477 5729 3566 5785 sed
3592 5713 3707 5791 mi;
