3994 6178
289 440 567 498 nisterium
609 440 674 490 es
711 447 894 488 arnore
937 431 1186 485 facientes
1219 427 1432 498 (Eplies.
1455 441 1508 480 vt
1529 467 1542 490 ,
1568 426 1679 494 5-7)
1704 441 1718 488 ;
1745 423 1870 492 quia

287 522 344 567 ct
371 511 490 564 illos
512 509 656 562 Deus
683 503 955 558 constituit
975 511 1032 554 ut
1055 501 1206 552 vobis
1221 498 1566 552 dominentur
1584 535 1600 560 ,
1624 504 1678 567 et
1697 509 1790 567 vos
1813 501 1871 546 ut

287 564 554 636 serviatis.
595 577 738 630 Bene
777 573 970 626 servile
1009 569 1462 641 propterADeum,
1491 567 1614 641 quia
1639 565 1704 641 de
1731 564 1872 617 bono

289 651 506 704 servitio
551 643 852 699 mercedem
899 636 1182 694 habebitis.
1227 637 1282 692 Si
1325 637 1448 691 boni
1484 636 1716 700 fueritis,
1759 648 1872 687 me-

289 719 448 775 liores
489 718 642 769 eritis
675 712 904 768 dominis
941 711 1095 762 malis
1121 726 1136 762 :
1161 708 1284 776 quia
1323 706 1462 773 apud
1504 707 1664 758 Deum
1695 704 1870 776 anima

287 773 702 853 uniuscuiusque
745 795 848 835 non
899 790 1002 853 cst_
1025 773 1372 853 discernenda
1423 776 1698 853 nobilitate
1731 815 1743 835 ,
1777 773 1870 826 sed

285 873 450 928 opere
475 873 490 920 ;
517 843 628 908 ἰιεὸ
649 867 844 928 genere
865 893 879 912 .
899 848 1012 928 sed
1019 849 1253 928 actione.
1281 845 1404 898 Ideo
1427 859 1571 928 nunc
1591 843 1656 896 ad
1684 857 1870 928 omnes

288 915 416 983 alibi
448 915 630 980 sermo
650 915 791 984 vluit,
823 921 942 988 quia
974 918 1216 988 Christus
1241 931 1338 984 pro
1363 915 1870 988 onmibus'mortuus

287 981 370 1052 est
413 995 634 1066 (llicor.
673 1007 708 1046 ν
727 1034 759 1066 ,_
782 981 896 1066 lii).
932 989 1000 1042 Et
1029 987 1146 1066 ideo
1171 981 1380 1038 servate
1405 1000 1522 1066 qua:
1546 983 1690 1066 dixin,
1721 991 1784 1066 ut.
1803 981 1870 1035 de

287 1053 436 1120 vobis
481 1065 706 1118 fructum
731 1053 1001 1122 habeam,
1049 1065 1102 1110 et
1139 1069 1234 1107 vos
1269 1069 1454 1106 omnes
1485 1054 1535 1106 in
1564 1053 1870 1106 caelestibus

288 1135 498 1190 horreis
519 1167 536 1199 ,
575 1133 662 1186 ubi
693 1129 956 1184 l‘rnn‘tenta
986 1125 1352 1199 congreganda
1379 1132 1532 1199 sunt,
1565 1123 1868 1199 misericors

291 1191 546 1259 Dominus
573 1201 906 1262 iutromittat,
929 1199 1018 1267 qui
1045 1191 1172 1249 vivit
1189 1191 1244 1247 et
1265 1203 1446 1262 regnat
1473 1194 1526 1246 in
1541 1191 1737 1247 scecula
1762 1205 1866 1244 ειε-

288 1277 552 1330 culorum.
585 1276 776 1326 Amen.

774 1355 1000 1412 SERMO
1027 1351 1232 1410 cxvut
1277 1353 1374 1422 (α).

780 1453 830 1496 ιιι
855 1445 998 1496 Natali
1017 1447 1219 1506 Domini,
1239 1461 1268 1494 ιι
1289 1443 1378 1508 (b).

361 1541 410 1593 1.
451 1536 616 1590 Filius
646 1533 742 1586 Dei
753 1549 862 1586 non
891 1540 1113 1583 mutatur
1131 1545 1242 1582 cum
1266 1530 1322 1596 [it
1344 1529 1512 1582 homo.
1539 1525 1728 1593 Hodie,
1757 1525 1868 1580 fra-

287 1619 399 1664 tres
445 1603 816 1667 dilectissimi,
866 1601 1196 1654 celebramus
1243 1599 1532 1652 Dominica:
1580 1599 1868 1650 nativitatis

285 1681 428 1732 diem
453 1717 468 1740 ,
516 1674 566 1728 id
613 1683 694 1727 est
716 1713 732 1735 ,
761 1670 968 1725 Domini
1013 1669 1180 1740 nostri
1217 1668 1342 1722 Jesn
1368 1667 1564 1740 Christi
1590 1685 1601 1720 :
1629 1667 1716 1740 qui
1745 1681 1868 1720 cum

285 1737 544 1816 aqualem
585 1743 874 1796 trinitatem
903 1743 918 1772 ³
945 1757 1064 1816 cum
1091 1739 1246 1792 Patre
1291 1737 1586 1816 possideat,
1618 1737 1706 1816 qui
1744 1751 1866 1790 cum

287 1807 504 1879 omnium,
537 1823 729 1866 terram
761 1827 824 1864 ac
854 1812 1050 1872 maria,
1082 1816 1136 1862 et
1165 1809 1338 1879 omnia
1367 1822 1485 1875 qua:
1517 1807 1570 1879 in
1611 1807 1690 1879 eis
1718 1816 1862 1871 sunt,

287 1877 550 1958 parieti-tu
583 1883 736 1934 l’atre
765 1881 958 1958 virtute
985 1878 1292 1958 [irruat-erit,
1325 1877 1376 1928 in
1411 1877 1711 1954 novissimis
1735 1885 1866 1928 tem-

287 1945 506 2024 poribus
535 1953 694 2024 hoino
721 1953 862 2024 nasci
901 1967 964 2004 ex
994 1946 1206 2002 homine
1231 1947 1475 2014 dignatus
1503 1958 1580 2000 εει
1605 1985 1619 2006 ,
1662 1945 1738 1998 sic
1769 1963 1866 1996 no-

287 2020 450 2078 stram
475 2020 812 2086 suscipiendo
842 2029 1102 2080 naturam,
1126 2027 1182 2068 ut
1211 2030 1312 2068 ιιοιι
1337 2025 1662 2083 permutaret
1692 2030 1862 2068 suam.

289 2096 643 2150 Permanente
667 2091 808 2142 enim
841 2089 1046 2156 integro
1070 2086 1360 2140 divinitatis
1387 2095 1548 2150 statu,
1581 2087 1868 2156 assumpsit

287 2165 556 2217 hominem
591 2160 680 2212 Dei
713 2158 907 2222 Filius;
940 2153 1034 2210 nec
1060 2157 1238 2210 amisit
1277 2156 1417 2223 quod
1459 2165 1604 2216 erat.
1648 2153 1742 2208 sed
1775 2171 1862 2208 so-

289 2235 444 2288 ciavit
489 2231 588 2284 sibi
629 2229 769 2298 quod
809 2230 860 2281 iu
910 2229 1022 2294 ipso
1069 2237 1192 2298 ante
1221 2241 1322 2298 non
1365 2225 1866 2298 fuer:_i_t.__Invisibilis

287 2318 416 2371 ergo
439 2294 732 2371 secundum
755 2298 1081 2371 divinitatem
1109 2297 1196 2350 Dei
1221 2294 1392 2371 Filius
1409 2295 1866 2371 x'isiliiletit_5ttsce-

289 2363 682 2440 pifltoiiiineiii,
715 2367 1026 2440 immortalis
1054 2365 1349 2440 Inurtalt-m,
1381 2363 1866 2440 in_ipas_sibilishpas-

286 2433 494 2496 sibilent
515 2473 532 2504 ,
562 2448 616 2492 et
644 2447 700 2490 nt
745 2447 908 2490 totum
951 2437 1178 2504 breviter
1206 2434 1654 2504 comprehendam
1679 2473 1694 2496 ,
1727 2433 1866 2504 Deus

289 2511 556 2565 hominem
610 2507 870 2575 Quidquid
900 2520 1026 2574 ergo
1055 2503 1372 2575 inﬁrmitatis
1395 2503 1614 2575 legimus
1642 2506 1692 2575 ιιι
1716 2503 1868 2575 Chri-

287 2593 390 2640 sto,
425 2580 474 2632 id
503 2587 604 2638 est,
633 2571 1020 2646 quod'esurivit
1042 2616 1054 2634 ,
1100 2572 1243 2646 quod
1281 2573 1482 2646 doluit,
1536 2571 1672 2638 quod
1705 2572 1864 2646 etiam

285 2661 514 2705 mortem
549 2642 904 2714 pro'peccatis
947 2645 1142 2714 nostris
1173 2643 1453 2706 sustinuit,
1485 2651 1734 2714 suscepto
1765 2642 1866 2714 hoc

287 2735 385 2790 pro
412 2712 582 2790 salute
600 2712 789 2790 uestra
817 2715 1013 2790 homini
1044 2713 1356 2790 deputemus
1377 2753 1392 2776 ,
1438 2712 1582 2790 salva
1605 2712 1747 2763 illius
1769 2713 1864 2790 _qui

287 2781 540 2856 suscepit,
561 2786 613 2838 id
630 2784 882 2856 esthrbi
903 2784 1012 2856 Dei,
1033 2781 1324 2836 reverentia
1345 2799 1355 2832 :
1375 2782 1462 2848 qui
1481 2781 1868 2856 ita_human_ita-

287 2869 396 2912 tem
425 2851 686 2911 divinitati
711 2871 816 2908 sum
838 2853 1032 2922 jnnxit.
1063 2863 1118 2904 ut
1138 2867 1253 2905 eam
1285 2860 1403 2918 post
1433 2851 1730 2922 passionem
1750 2851 1866 2922 iim-ﬁ

289 2929 596 2998 passibilem
632 2925 796 2998 faciat
815 2920 963 2998 {non
993 2931 1180 2998 autent
1199 2929 1256 2998 ut
1281 2923 1448 2986 lieret,
1479 2920 1619 2988 quod
1647 2921 1866 2989 cogitari

287 2992 466 3052 scelus
486 3007 586 3058 est,
611 2994 860 3048 divinitas
885 2995 995 3062 ipsa
1025 2992 1307 3059 passibilis.

355 3067 412 3122 2.
449 3065 702 3119 Nativitas
725 3059 919 3117 Christi
935 3079 1072 3126 vero,
1100 3062 1186 3114 sed
1211 3077 1311 3114 non
1332 3069 1583 3112 consueta.
1615 3059 1716 3113 Per
1737 3061 1868 3115 hanc

287 3147 454 3191 tamen
499 3135 732 3203 conjugia
765 3149 867 3185 non
894 3133 1164 3184 datnuavit.
1198 3129 1328 3183 Nam
1368 3129 1468 3183 etsi
1507 3131 1558 3182 in
1609 3131 1700 3184 Dei
1731 3131 1870 3186 Filio

287 3223 354 3263 ex
381 3206 656 3260 divinitate
683 3211 736 3256 et
765 3203 1092 3255 humanitate
1117 3215 1222 3254 una
1251 3215 1470 3267 persona
1495 3210 1574 3253 est.
1595 3241 1608 3263 ,
1641 3216 1762 3253 cum
1793 3213 1869 3255 ta-

287 3293 410 3331 men
437 3275 586 3328 audis
617 3282 796 3326 natum
818 3287 886 3325 ex
905 3271 1117 3325 homine
1145 3271 1236 3324 Dei
1265 3269 1473 3329 Filium,
1499 3271 1605 3322 noli
1627 3285 1869 3325 commu-

289 3362 412 3402 nem
447 3348 589 3398 hunc
633 3345 702 3396 ibi
745 3343 964 3396 credere
1006 3341 1295 3394 nativitatis
1333 3351 1582 3392 exortum
1613 3355 1674 3392 ex
1705 3355 1869 3408 Opere

287 3416 574 3484 coniugali,
603 3413 744 3483 quod
765 3412 983 3484 quidem
1005 3426 1031 3462 a
1057 3411 1166 3484 Deo
1193 3419 1274 3464 est
1299 3411 1664 3484 constitutum,
1696 3421 1752 3462 ut
1772 3411 1870 3484 hu-

291 3478 517 3540 manitas
541 3478 875 3552 propagetur.
907 3482 1094 3544 Aliter,
1123 3482 1359 3552 inquam.
1387 3478 1592 3552 ibi‘l‘uit
1624 3479 1869 3552 humani-

291 3557 416 3611 tatis
434 3549 677 3616 exortns,
707 3549 860 3620 longe
887 3568 914 3604 a
939 3559 1115 3604 nostra
1145 3550 1422 3603 nativitate
1449 3549 1711 3602 diversus.
1737 3549 1866 3602 Nam

290 3627 392 3679 etsi
431 3627 482 3678 in
531 3623 718 3677 eadem
739 3663 754 3686 ,
789 3629 906 3692 qua”
925 3635 1022 3675 nos
1051 3620 1358 3674 naturaliter
1400 3633 1582 3672 sumus
1603 3661 1618 3682 ,
1643 3620 1871 3673 veritate

289 3697 470 3749 carnis
491 3703 644 3746 natus
667 3701 748 3746 est
767 3692 1041 3754 Christus;
1071 3706 1176 3744 non
1200 3699 1374 3743 tamen
1397 3703 1586 3756 coquo
1604 3705 1701 3743 nos
1723 3703 1871 3743 more

289 3775 582 3832 conceptus
609 3771 662 3818 et
686 3775 842 3816 natus
879 3773 957 3816 est
981 3761 1048 3815 de
1077 3760 1342 3830 t'onjttg'to,
1373 3759 1423 3811 id
1452 3767 1534 3812 est
1558 3801 1572 3825 ,
1607 3760 1745 3832 unde
1767 3773 1872 3812 ca:-

293 3835 392 3888 teri
423 3829 592 3888 esorti
618 3847 821 3896 sumus,
855 3833 977 3885 licet
1015 3845 1203 3886 omnes
1235 3829 1580 3898 procreentur
1607 3829 1868 3882 homines.

293 3905 424 3960 Nam
447 3913 504 3958 et
527 3901 838 3956 mirabiliter
865 3910 1171 3971 procreatus
1196 3909 1296 3954 est.
1327 3899 1580 3971 Legitima
1611 3899 1698 3952 illa
1720 3913 1869 3971 com-

293 3975 484 4029 mixtio
528 3973 758 4026 hominis
799 3969 998 4024 hoinini
1033 3972 1265 4040 quidem,
1317 3970 1438 4022 licet
1461 3969 1610 4037 juxta
1639 3970 1872 4024 divinam

293 4045 662 4099 auctoritatem
683 4043 838 4110 culpa
871 4055 975 4094 non
1002 4049 1154 4094 vacet
1180 4043 1219 4100 ³,
1249 4055 1352 4094 non
1379 4047 1552 4110 tamen
1578 4040 1736 4092 etiam
1757 4040 1872 4108 glo-

293 4115 436 4169 riosa
463 4123 563 4167 est.
595 4111 649 4165 In
679 4109 874 4165 Christi
897 4113 1028 4164 vero
1054 4110 1328 4163 nativitate
1352 4109 1468 4162 sine
1495 4110 1873 4165 commixtione

297 4183 608 4253 propagatio
636 4183 780 4237 omni
807 4195 1032 4253 prorsus
1053 4180 1522 4253 gloria_ctbonore
1550 4180 1868 4253 cumulatur.

297 4237 552 4308 Domitius
581 4253 758 4320 itaque
795 4237 975 4305 noster
1008 4237 1160 4305 .le'sus
1185 4249 1448 4312 Christus,
1475 4237 1662 4320 ordine
1687 4250 1876 4303 nativi-

295 4325 422 4378 tatis
449 4319 692 4392 exocpto,
723 4324 882 4375 homo
907 4335 1064 4392 verus
1095 4329 1404 4387 procreatus
1430 4331 1494 4371 ex
1529 4319 1732 4388 virgine
1759 4329 1870 4384 est,

292 4391 594 4462 eodemque
642 4391 1040 4460 omnipotentiae
1083 4392 1235 4460 signo
1276 4397 1563 4455 conceptus
1604 4397 1659 4462 et
1697 4399 1870 4443 natus.

297 4459 569 4532 Virginem
616 4459 805 4515 habuit
838 4469 1101 4532 matrem,
1140 4459 1265 4532 eum
1297 4465 1598 4527 portaretur
1641 4459 1693 4512 in
1724 4469 1876 4532 utero

291 4529 536 4600 virginis,
565 4541 618 4586 et
643 4547 762 4584 cum
786 4540 1024 4600 exiutcro
1052 4529 1359 4600 funderetur
1383 4545 1395 4580 :
1425 4542 1524 4600 nec
1563 4535 1737 4600 tamen
1777 4531 1875 4600 ista

295 4599 546 4658 nativitas
565 4601 807 4670 conjugis
832 4599 1126 4666 damnavit,
1151 4599 1244 4653 sed
1269 4599 1556 4668 potentiam
1583 4599 1876 4654 divinitatis

293 4673 597 4727 lienoravit.

369 4741 708 4796 5.1Vobiscum
737 4740 890 4792 Deus.
943 4739 1080 4796 Olim
1139 4738 1296 4808 hujus
1339 4749 1491 4792 novre
1538 4737 1877 4794 fecunditatis

293 4819 508 4882 signum
577 4811 737 4865 Isaias
779 4811 1035 4882 prepheta
1089 4811 1406 4882 praedixerat
1439 4825 1452 4860 :
1481 4808 1659 4882 ideo,
1686 4811 1874 4879 inquit,

293 4877 436 4938 dabit
463 4880 708 4934 Dominus
731 4877 839 4950 ipse
866 4877 1003 4934 nobis
1030 4877 1247 4950 signum.
1279 4877 1411 4950 Ecce
1455 4879 1596 4949 virgo
1639 4881 1694 4933 in
1739 4877 1880 4934 utero

289 4953 540 5017 concipiet
589 4962 635 5004 et
679 4949 838 5020 pariet
889 4949 1084 5017 ﬁlium,
1135 4959 1186 5020 et
1229 4949 1484 5003 vocabitur
1531 4965 1711 5004 nomen
1771 4953 1880 5020 ejus

297 5023 602 5077 Emmanuel
621 5021 672 5080 (1
681 5019 772 5072 Sai.
795 5037 885 5080 vn,
911 5021 1022 5084 Μ).
1041 5019 1192 5087 Quod
1210 5019 1562 5086 signatissime
1583 5021 1648 5074 de
1669 5019 1882 5075 Christo

297 5093 528 5148 Domino
549 5099 732 5145 nostro
753 5099 836 5146 est
855 5092 1228 5160 prephetatum
1255 5107 1267 5141 :
1303 5089 1614 5144 Emmanuel
1639 5092 1779 5145 enim
1803 5092 1882 5144 in-

363 5245 380 5278 ¹
405 5249 548 5292 Forte
567 5277 580 5302 ,
603 5239 816 5291 dii-itiith
846 5255 910 5290 ιιι.

363 5307 384 5337 ⁸
407 5312 572 5356 Forte.
596 5302 738 5366 culpa
760 5317 856 5352 vaca
873 5310 906 5351 t.

387 5369 438 5436 ᾳ)
465 5367 607 5436 alias,
629 5364 694 5414 de
716 5372 954 5436 '_l_‘empore
977 5364 1025 5414 8.

389 5423 440 5489 ὁ)
463 5433 512 5476 ιιι
538 5427 812 5489 Appendice
830 5423 956 5475 nunc
980 5428 1184 5488 primum
1206 5423 1484 5489 collocatur,
1505 5432 1573 5474 De
1595 5425 1886 5489 hocsormo-

287 5486 520 5540 acidum
543 5486 691 5551 aurae
709 5489 776 5536 de
795 5486 1054 5551 superidre
1077 5489 1416 5551 Lovanienses,
1439 5487 1568 5551 idem
1593 5486 1813 5551 verlinns
1833 5494 1887 5551 et

301 5551 570 5614 vindingus
585 5549 946 5614 iudicaverunt.
972 5549 1166 5598 videtur
1181 5549 1596 5614 aduasserendam
1617 5549 1794 5614 Christi
1811 5550 1885 5598 di-

299 5609 553 5674 vinitatém
576 5609 886 5674 compositus,
913 5609 1098 5660 fortean
1122 5622 1153 5674 a_
1171 5610 1337 5672 vigilio
1355 5611 1624 5674 'I‘apsitano,
1645 5610 1728 5672 qui
1751 5609 1886 5670 plura

298 5673 414 5730 ejus
431 5674 653 5736 generis
673 5671 701 5722 ti
723 5685 782 5722 se
805 5674 934 5723 edita
958 5671 1186 5736 oriusctda
1209 5671 1374 5723 centra
1411 5671 1602 5720 Arianos
1623 5675 1714 5720 sub
1748 5681 1885 5723 vetc-

293 5737 404 5786 ιἰιιιι
421 5733 620 5787 Patrum
643 5735 840 5784 nomine
864 5733 1140 5798 lutiicatit.

1692 311 1772 366 SE
1781 309 1922 364 [ὶΜο
1955 301 2139 364 CXIX.

3418 307 3556 362 Η)δῖ

1983 427 2322 486 terpretatur,
2355 409 2637 472 Nobiscum
2662 409 2818 471 Deus.
2848 406 2986 486 Ergo
3011 415 3256 471 Salvator
3287 428 3466 472 noster
3489 418 3555 472 ab

1979 489 2170 542 etfectu
2197 503 2376 542 rerum
2407 489 2566 542 etiam
2597 487 2697 540 hoc
2723 501 2916 540 nomen
2942 489 3166 554 accepit,
3199 495 3257 540 ut
3281 497 3554 541 vocaretur

1976 557 2256 612 Nobiscum
2287 557 2446 610 Dens.
2489 557 2551 610 Et
2583 557 2696 624 ipse
2723 565 2844 610 tunc
2874 557 3012 610 Deus
3039 573 3158 608 trum
3186 557 3433 609 omnibus
3459 571 3553 608 no-

1977 627 2060 680 bis
2085 641 2204 682 eSse
2235 627 2480 694 dignatus
2504 637 2604 688 est,
2648 625 2860 694 quando
2886 627 3116 692 suscepit
3139 626 3274 678 hanc
3299 641 3512 678 carnem
3534 664 3552 691 ,

1977 693 2438 763 utperhominem,
2460 693 2782 764 quivisibilis
2799 703 2933 760 erat,
2959 695 3260 748 conversari
3287 710 3312 743 v
3337 693 3450 747 dert
3469 703 3554 764 tur

1977 767 2030 818 in
2063 767 2236 821 terris.
2264 765 2352 820 Sic
2371 763 2509 818 enim
2533 765 2788 818 .leremias
2818 765 3072 833 propheta
3104 765 3439 828 t-romiscrat,
3467 763 3552 815 di-

1975 850 2102 889 cens
2127 854 2140 886 :
2172 835 2270 886 Hic
2297 843 2370 887 est
2398 834 2536 886 Deus
2559 843 2743 896 uoster,
2773 843 2818 886 et
2845 850 2944 886 non
2976 834 3298 886 (estimabitur
3325 834 3456 884 alius
3483 833 3556 886 ad

1976 921 2108 957 cuiu.
2141 905 2238 956 llic
2262 905 2512 956 adinvcnit
2539 919 2734 956 omnem
2760 904 2890 971 riam
2933 903 3241 971 disciplima,
3272 913 3316 971 et
3346 903 3552 954 tradidit

1975 975 2116 1026 illam
2153 973 2312 1026 Jacob
2339 990 2493 1042 puero
2517 989 2608 1026 suo
2631 1013 2644 1036 ,
2676 983 2723 1024 et
2755 969 2916 1025 Israel
2945 969 3124 1024 dilecto
3152 989 3261 1026 suo.
3291 970 3414 1024 Post
3446 973 3554 1024 ham

1973 1043 2024 1094 in
2057 1046 2200 1096 terris
2243 1045 2376 1096 visus
2417 1053 2526 1102 est,
2569 1053 2614 1094 et
2656 1058 2768 1094 eum
2811 1043 3093 1094 hominibus
3135 1053 3452 1094 conuersatus
3481 1049 3554 1092 est

1975 1111 2205 1180 (Baruch
2233 1129 2318 1173 ιιι,
2348 1112 2558 1180 56-58).
2601 1111 2751 1165 Unde
2780 1123 2832 1164 et
2863 1112 2976 1178 ipse
3011 1112 3260 1164 Dominus
3287 1109 3350 1162 ad
3387 1110 3552 1162 disci-

1973 1184 2122 1249 pulos
2143 1196 2267 1234 suos
2290 1185 2340 1234 in
2367 1181 2652 1247 Evangelia
2678 1181 2805 1234 dicit
2831 1199 2843 1234 :
2878 1180 3038 1232 Tanto
3063 1192 3282 1248 tempore
3301 1181 3554 1249 vobiscum

1971 1247 2102 1314 sum,
2133 1261 2178 1304 et
2207 1268 2306 1304 non
2338 1252 2634 1320 cognovistis
2661 1252 2776 1302 me?
2809 1251 2906 1312 Qui
2928 1249 3064 1320 uidet
3093 1247 3190 1312 me,
3225 1251 3353 1301 ridet
3379 1259 3422 1302 et
3453 1247 3552 1300 Pa-

1975 1331 2096 1391 trem
2134 1337 2296 1373 meum
2329 1319 2502 1391 (Jomt.
2533 1335 2640 1382 xw,
2675 1319 2750 1386 9),
2784 1331 2836 1372 et
2865 1319 3062 1388 reliqua
3093 1327 3548 1391 qttaisequuntur.

1973 1389 2114 1442 Talia
2141 1392 2282 1444 enim
2310 1389 2398 1443 Dei
2429 1390 2592 1444 Filius
2619 1406 2710 1457 per
2735 1399 3062 1456 assumptum
3091 1389 3358 1442 hominem
3388 1403 3550 1455 Opera

1971 1457 2197 1514 faciebat
2221 1501 2236 1524 ,
2283 1471 2338 1512 ut
2363 1475 2428 1528 ex
2455 1461 2566 1528 ipsa
2593 1474 2812 1526 operum
2841 1459 3080 1512 claritate
3110 1468 3164 1528 et
3193 1457 3365 1510 Patris
3393 1457 3552 1510 simul

1971 1542 2024 1582 et
2055 1529 2172 1582 Filii
2211 1527 2824 1584 divinitasnosceretur.
2857 1529 3008 1593 Quod
3050 1527 3092 1580 si
3130 1527 3412 1594 diligenter
3463 1543 3552 1580 re-

1973 1599 2258 1664 spiciamus
2285 1600 2350 1652 ad
2382 1614 2596 1652 causam
2615 1640 2627 1656 ,
2657 1608 2872 1666 prepter
2912 1613 3068 1664 quam
3101 1598 3354 1649 Dominus
3384 1607 3548 1648 totum

1971 1667 2072 1722 hoc
2113 1677 2498 1722 sacramentum
2529 1669 2762 1736 suscepti
2801 1667 3030 1719 Inmunis
3061 1667 3279 1736 implere
3306 1666 3554 1732 dignatus

1971 1747 2074 1800 est,
2105 1747 2232 1792 tunc
2257 1751 2383 1792 vere
2407 1735 2765 1790 obtinebimus
2794 1736 2946 1790 nobis
2977 1737 3104 1790 illud
3131 1735 3406 1804 impletum
3433 1749 3552 1788 esse

1971 1808 2356 1876 propheticum.

2039 1873 2092 1932 4⁷.
2117 1877 2321 1944 Duplex
2344 1893 2497 1930 causa
2519 1875 2913 1940 Iucaruationis,
2940 1875 3192 1943 reparatio
3219 1883 3264 1926 et
3288 1873 3550 1926 instructio

1969 1957 2164 2000 nostra.
2197 1947 2396 2011 Duplex
2418 1947 2556 2000 enim
2589 1947 2950 2014 principaliter
2971 1962 3129 1999 Causa
3156 1955 3265 2006 est,
3295 1945 3364 1998 ob
3393 1959 3552 2012 quam

1970 2015 2066 2070 Dei
2099 2016 2260 2070 Filius
2287 2015 2454 2068 factus
2491 2025 2572 2068 est
2615 2017 2750 2068 lilius
2781 2015 3030 2068 hominis.
3062 2015 3174 2068 Una
3216 2024 3330 2078 est,
3373 2023 3428 2066 ut
3467 2029 3554 2066 se-

1969 2087 2198 2140 cundum
2227 2087 2494 2138 hominem
2523 2087 2700 2138 omnia
2734 2085 2978 2154 patiendo
3008 2101 3102 2152 pro
3133 2084 3285 2154 nobis
3306 2123 3322 2146 ,
3351 2098 3379 2134 a
3425 2097 3544 2150 pcc-

1969 2165 2208 2209 calorum
2237 2171 2334 2208 nos
2375 2155 2595 2208 vinculis
2633 2153 2908 2208 liberaret.
2938 2155 3026 2207 Sic
3056 2155 3196 2206 enim
3237 2153 3396 2206 Isaias
3427 2168 3552 2218 pro-

1967 2225 2126 2292 pheta
2161 2225 2508 2292 praedixerat:
2543 2221 2642 2276 llic
2677 2234 2878 2288 peccata
2908 2234 3078 2276 nostra
3119 2223 3352 2292 portavit,
3383 2231 3428 2274 et
3459 2238 3552 2289 pro

1968 2241 2126 2292 pueta
2201 2241 2508 2278 rteuixerat:
2543 2241 2642 2276 mc
2677 2241 2878 2288 peccata
2908 2241 3078 2276 nostra
3119 2241 3352 2292 portavit,
3383 2241 3428 2274 et
3459 2241 3552 2289 pro

1968 2293 2109 2346 nobis
2137 2241 2302 2358 deﬂet;
2328 2304 2382 2347 et
2409 2307 2593 2346 rursus
2611 2334 2624 2354 ,
2655 2291 2776 2360 Ipse
2809 2303 2976 2344 autem
2999 2293 3286 2344 vulneratus
3323 2299 3395 2343 est
3430 2306 3552 2358 pro-

1969 2373 2078 2430 pter
2103 2371 2304 2432 peccata
2327 2372 2517 2415 nostra.
2547 2361 2782 2414 Eruditio
2817 2363 2954 2432 pacis
2980 2370 3165 2414 nostra:
3191 2363 3242 2413 in
3260 2375 3357 2432 ro;
3384 2361 3552 2432 livore

1969 2429 2236 2502 enim'ejus
2261 2449 2352 2484 nos
2381 2432 2750 2502 sanatisumus
2792 2429 2960 2502 (lsui.
2991 2447 3082 2484 thl
3102 2473 3116 2490 .
3159 2431 3192 2482 4
3213 2472 3226 2494 ,
3255 2430 3333 2497 5).
3367 2429 3548 2480 Altera

1969 2515 2100 2556 vero
2127 2501 2284 2556 causa
2313 2511 2396 2555 est
2423 2501 2708 2554 Dominica:
2735 2501 3016 2570 passionis,
3052 2511 3108 2552 ιιι
3132 2515 3247 2564 nos,
3271 2513 3403 2566 quos
3431 2513 3554 2550 san-

1967 2573 2126 2640 guine
2151 2587 2246 2624 suo
2277 2571 2498 2624 redemit
2523 2587 2550 2622 ιι
2582 2569 2745 2624 vitiis
2765 2580 2924 2638 atque
2947 2570 3258 2640 criminibus
3279 2610 3293 2634 ,
3329 2585 3431 2620 non
3457 2583 3550 2640 so-
3617 2617 3622 2624 ,

1970 2637 2078 2694 lum
2107 2641 2362 2694 doctrina:
2391 2639 2584 2692 auxilio
2613 2649 2668 2694 et
2705 2637 2887 2708 gratia:
2907 2681 2919 2702 ,
2968 2639 3060 2692 sed
3099 2640 3258 2691 etiam
3307 2637 3553 2704 exetnplo

1968 2725 2066 2764 suo
2095 2711 2163 2764 ad
2201 2710 2431 2762 studium
2459 2711 2754 2762 sanctitatis
2796 2709 3144 2770 accenderet;
3196 2717 3253 2760 ut
3297 2723 3394 2760 nos
3445 2722 3550 2758 non

1970 2785 2130 2834 modo
2173 2780 2570 2849 praecipientem
2619 2780 2932 2842 Dominum,
2977 2779 3072 2832 sed
3103 2778 3259 2830 etiam
3308 2776 3554 2849 exeniplo

1970 2864 2068 2905 suo
2095 2847 2408 2902 ad'virtutis
2437 2849 2640 2918 fastigia
2671 2855 3048 2918 provocantem
3071 2887 3084 2911 ,
3118 2849 3320 2918 nnijore
3359 2847 3552 2918 alat-ri.

1973 2927 2082 2973 tate
2109 2933 2475 2988 sequeremur,
2517 2917 2579 2972 et
2607 2917 2960 2988 juStissimnm
3001 2917 3554 2988 [loniinnntacpium

1971 2985 2203 3054 Patrem,
2238 2987 2526 3042 secundum
2567 2985 2884 3041 sententiam
2915 2987 3051 3040 beati
3083 2987 3246 3050 Petri,
3281 2985 3395 3038 Filii
3427 2985 3549 3036 imi-
3605 3003 3620 3022 ο

1971 3061 2170 3112 tatitme
2197 3057 2514 3112 coleremus.
2546 3055 2634 3111 Sic
2662 3059 2802 3111 enim
2827 3057 3014 3111 Petrus
3039 3057 3110 3109 ait
3137 3074 3148 3108 :
3183 3055 3412 3110 Christus
3439 3071 3555 3122 pus-

1970 3145 2056 3181 sus
2083 3137 2152 3180 est
2181 3144 2270 3194 pro
2297 3127 2437 3178 nobis
2455 3166 2470 3188 ,
2498 3127 2634 3196 vobis
2661 3127 2946 3196 relinquens
2982 3127 3262 3196 exemplum
3292 3133 3344 3196 ut
3374 3139 3556 3196 sequa-

1971 3198 2094 3250 mini
2123 3193 2326 3264 vestigia
2351 3199 2473 3264 ejus.
2508 3195 2605 3260 Qui
2633 3193 2888 3263 peccatum
2911 3211 3011 3246 non
3037 3195 3170 3260 fecit,
3199 3210 3286 3246 nec
3311 3193 3458 3246 dolus
3479 3193 3558 3244 in-

1971 3277 2142 3320 ventus
2171 3277 2240 3320 est
2269 3267 2322 3318 in
2351 3281 2436 3318 ore
2460 3266 2566 3334 ejus
2589 3281 2607 3318 :
2633 3265 2719 3333 qui
2744 3281 2858 3318 cum
2885 3264 3281 3334 malediceretur,
3313 3278 3411 3314 non
3435 3277 3553 3334 rna-

1972 3335 2250 3398 ledicebat;
2279 3351 2390 3387 cum
2433 3330 2705 3403 pateretur,
2734 3351 2836 3388 non
2873 3332 3304 3390 conrnrinabutur;
3331 3330 3560 3383 tradebat

1971 3415 2138 3458 autem
2159 3405 2410 3475 judicanti
2435 3420 2488 3456 se
2511 3405 2732 3472 injuste:
2758 3405 2842 3474 qui
2881 3413 3084 3474 peccata
3109 3411 3284 3475 nostra
3309 3403 3414 3467 ipse
3441 3417 3558 3475 p81:-

1974 3477 2085 3528 tulit
2111 3470 2175 3528 iri
2193 3489 2404 3541 corpore
2431 3470 2712 3544 suo—super
2755 3470 2948 3544 lignum
2967 3513 2989 3544 ,γ
3014 3483 3066 3544 ut
3096 3473 3310 3544 peccatis
3341 3470 3528 3524 mortui
3541 3509 3557 3532 .

1964 3545 2179 3614 justitia:
2225 3535 2446 3598 vitiamus
2471 3543 2547 3614 _(l
2585 3535 2726 3614 l’le'tr.
2755 3535 2822 3606 n',
2863 3543 2926 3597 21
2943 3535 3339 3614 σε’-4).Ῥι·ιεδιει
3380 3549 3554 3614 autem

1974 3610 2229 3668 Dominus
2256 3621 2438 3668 noster
2465 3610 2620 3667 Jesus
2645 3613 2916 3678 Christus,
2951 3619 3008 3666 ut
3032 3610 3200 3682 gratia
3230 3612 3345 3678 ejus
3371 3610 3557 3678 adjuti,

1973 3683 2038 3738 ad
2069 3683 2286 3752 vestigia
2317 3683 2433 3750 ejus
2461 3684 2726 3753 sequenda
2751 3684 3085 3753 properetis;
3114 3689 3167 3753 ιιι
3193 3682 3422 3753 peccatis
3445 3695 3562 3753 om-

1973 3755 2132 3808 nibus
2159 3749 2227 3808 ac
2247 3749 2390 3806 vitiis
2422 3749 2840 3818 mortiﬁcatin
2854 3749 2974 3806 sola
3002 3749 3378 3818 vivatis'Opera
3401 3749 3558 3817 justi-

1974 3825 2062 3878 tize
2090 3823 2408 3886 exercenda,
2437 3825 2632 3892 gratias
2659 3833 2876 3892 agentes
2901 3822 3043 3877 Patri
3075 3822 3207 3892 Deo,
3235 3821 3316 3892 cui
3348 3829 3431 3874 est
3451 3821 3564 3888 glo-

1977 3889 2469 3976 ria’etituperium'.
2498 3903 2552 3947 et
2593 3889 2816 3976 Domino
2855 3905 3037 3976 nostro
3072 3890 3196 3976 Jesu
3236 3889 3464 3952 Christo,
3505 3897 3562 3942 et

1974 3961 2190 4032 Spiritui
2221 3961 2404 4018 sancto
2433 3962 2486 4016 in
2513 3963 2706 4017 saecula
2735 3962 3070 4016 seculorum.
3099 3961 3291 4014 Amen.

2487 4072 2714 4127 sermo
2751 4071 2915 4126 crux
2941 4070 3040 4139 (a).

2439 4169 2488 4211 lu
2522 4162 2667 4212 Natali
2699 4161 2902 4222 Domini,
2929 4177 2979 4210 ιιι
3002 4161 3092 4224 (b).

2053 4243 2103 4296 i.
2159 4242 2446 4314 Reparatur
2491 4243 2639 4296 homo
2680 4245 2923 4314 superbus
2965 4259 3051 4313 per
3089 4243 3327 4314 humilem
3375 4242 3558 4298 Deum.

1979 4311 2146 4366 Primi
2198 4313 2413 4366 hominis
2479 4311 2757 4383 procreatio
2808 4311 3095 4368 renovatur.
3166 4313 3414 4382 Legimus
3439 4355 3452 4376 .
3509 4323 3563 4370 et

1981 4383 2206 4438 ﬁdeliter
2233 4383 2543 4453 retinemus,
2572 4385 2714 4453 quod
2752 4385 2853 4438 sub
2897 4385 3011 4452 ipso
3055 4383 3313 4453 principio
3343 4401 3563 4438 Irascen-

1981 4453 2048 4523 tis
2089 4451 2270 4506 mundi
2315 4455 2368 4507 in
2421 4451 2605 4523 primo
2649 4455 2865 4510 homine
2920 4451 3108 4508 fecerit
3156 4451 3254 4508 nos
3303 4453 3441 4508 Deus
3493 4453 3560 4508 ad

1980 4522 2262 4591 imaginem
2300 4535 2354 4577 et
2381 4522 2778 4578 similitudinem
2826 4539 2998 4578 suam.
3051 4525 3188 4578 Ecce
3235 4523 3288 4578 in
3334 4523 3430 4576 hac
3475 4525 3562 4580 die

1978 4603 2180 4647 mutata
2208 4593 2320 4648 vice
2352 4594 2517 4648 lactus
2543 4603 2627 4648 est
2655 4597 2792 4648 Deus
2820 4595 2887 4648 ad
2913 4594 3198 4663 imaginem
3229 4606 3282 4648 et
3309 4595 3560 4648 similitu-

1980 4663 2158 4732 dinem
2203 4673 2458 4718 nostram.
2493 4663 2552 4718 ln
2590 4665 2774 4732 primis
2800 4663 2868 4718 de
2910 4665 3020 4718 suis
3050 4664 3268 4718 meliora
3299 4667 3558 4720 contulit:

1981 4731 2034 4786 in
2063 4733 2311 4788 secundis
2340 4733 2408 4788 de
2449 4731 2648 4788 nostris
2691 4735 2939 4788 inferiora
2981 4735 3238 4803 suscepit.
3271 4735 3372 4788 Per
3399 4735 3563 4788 inter-

1981 4803 2136 4858 dictae
2161 4805 2368 4858 arboris
2393 4813 2605 4874 gustum
2637 4805 2790 4873 primi
2823 4804 3057 4874 hominis
3079 4805 3284 4858 incauta
3309 4803 3566 4874 fragilitas

1983 4874 2202 4928 tentavit
2225 4884 2474 4942 appetere
2501 4873 2789 4942 ambitione
2817 4873 3104 4928 damnabili
3137 4873 3343 4930 Domini
3375 4873 3451 4928 sui
3479 4875 3563 4928 dio

1983 4941 2278 5022 vinitatcm,
2298 4941 2656 5022 persuadente
2681 4944 2893 5000 diabolo
2916 4955 2972 5022 et
3000 4945 3230 5022 dicente,
3263 4945 3408 5022 side
3429 4943 3566 5022 ligno

1984 5013 2078 5066 hoc
2108 5015 2441 5082 gustareritis,
2485 5016 2772 5082 aperientur
2813 5017 2944 5068 oculi
2975 5016 3119 5068 vestri
3140 5057 3154 5078 ,
3198 5025 3244 5068 et
3274 5014 3410 5068 eritis
3437 5013 3565 5066 sicut

1985 5085 2056 5138 dii
2087 5083 2234 5150 (Gen.
2267 5099 2342 5148 ιιι,
2375 5085 2451 5152 '5).
2481 5083 2708 5153 Ideoque
2727 5099 3075 5155 agnoscamus
3103 5085 3170 5155 pii
3203 5083 3374 5155 Patris
3397 5083 3568 5155 admi-

1985 5155 2206 5208 rabilem
2237 5155 2544 5210 bonitatem.
2574 5153 2780 5218 Homo,
2807 5156 3122 5209 sollicitante
3149 5153 3393 5216 inimico,
3427 5153 3568 5208 Dens

1987 5239 2106 5278 esse
2135 5225 2298 5278 voluit
2327 5241 2420 5295 per
2461 5227 2764 5295 superbiam
2791 5243 2803 5278 :
2834 5235 2886 5278 et
2933 5221 3452 5295 Deusltoinol‘actus
3482 5231 3569 5295 est

1989 5309 2083 5363 per
2111 5291 2549 5350 misericordiam.
2577 5295 2862 5350 lnnovatur
2887 5296 2939 5348 in
2969 5291 3122 5348 nobis
3146 5292 3374 5362 quodam
3404 5291 3566 5348 modo

3571 4051 3578 4088 ι

2054 5426 2285 5491 ((1)0lim,
2307 5427 2370 5478 de
2393 5437 2630 5491 Tempore
2651 5429 2710 5491 9;
2734 5434 2785 5478 et
2807 5435 2933 5490 post,
2957 5429 3006 5476 in
3039 5425 3311 5491 Appendice
3333 5425 3411 5476 21.

2053 5487 2126 5549 (b)
2151 5491 2322 5544 Incerti
2368 5487 2577 5540 auctoris
2601 5487 2821 5550 est,'nec’
2833 5491 3006 5552 injuria
3032 5487 3118 5552 per
3141 5489 3464 5540 Levauieuses
3485 5501 3567 5536 re.

1985 5549 2184 5614 jectus:
2222 5553 2416 5614 tametsi
2454 5553 2580 5614 quod
2615 5549 2866 5614 continere
2882 5549 3044 5614 'aiunt'
3069 5551 3327 5614 plerasque
3367 5558 3568 5614 senteng

1991 5609 2084 5674 tias
2106 5623 2168 5660 ex
2193 5611 2407 5674 Homiliis
2428 5609 2484 5660 si
2501 5614 2723 5660 Bel-nardi
2749 5613 2796 5661 in
2815 5609 3120 5674 Evangeliuin
3149 5609 3317 5662 Missus
3332 5619 3421 5672 est,
3443 5609 3568 5661 haud

1991 5673 2300 5783 meinohis
2324 5683 2620 5736 compertum
2644 5677 2720 5724 sit.
2749 5683 2814 5723 ne
2839 5689 2886 5722 ιι.
2931 5673 2961 5722 ι
2995 5683 3044 5725 et
3089 5673 3120 5724 2
3158 5674 3254 5724 vid.
3279 5675 3453 5725 Euseb.
3487 5673 3570 5724 δα
