3994 6178
366 329 497 388 9001

370 445 561 500 fratres
589 432 906 494 charissimi,
931 431 1211 485 adventum
1241 424 1338 481 Dei
1364 432 1422 503 et
1445 419 1676 503 hominis
1699 415 1941 503 ce’lebre-

372 489 488 567 init;
505 489 730 575 51(th
747 489 819 559 ad
847 489 1009 558 Deum
1035 510 1382 575 revertamur.
1408 493 1570 575 igitur
1589 489 1945 575 diemfestqm

374 558 724 640 Eé'iéiiréin'u's;
759 558 862 628 non
896 575 1136 644 humanae
1165 558 1614 644 devotionisnsed
1641 558 1945 644 divinadi-

842 640 1180 721 iplirmttatis,
1208 637 1299 721 sed
1328 633 1636 721 aeternitatis

375 698 641 779 Eiiiilsiii's',
666 698 762 769 sed
794 698 1184 766 reformationis
1215 705 1418 760 Domini
1452 702 1616 756 nostri
1642 700 1768 755 Jesu
1790 698 1949 753 Chri-

375 793 439 846 sti
468 806 480 843 :
511 787 599 858 qui
627 778 750 840 cum
778 785 932 837 Patre
955 790 1008 834 et
1027 778 1225 849 Spiritu
1253 783 1454 838 sancto,
1482 783 1586 826 etc.

858 887 1088 946 SEIlMO
1123 884 1337 941 CXXIX
1367 882 1464 956 (rt).

807 1011 874 1054 De
888 1001 1107 1052 Calendis
1127 999 1376 1058 Januariis,
1396 1013 1411 1047 t
1431 996 1519 1060 (ὁ).

450 1113 503 1165 l.
543 1110 710 1162 Janus
753 1107 862 1169 quis
909 1104 1075 1172 fuerit.
1105 1099 1422 1172 Idololatria:
1450 1100 1608 1172 origo.
1634 1099 1793 1172 Unde
1816 1099 1954 1172 {uno

373 1183 498 1238 dum
534 1180 709 1249 facies.
745 1170 1049 1249 Superstitio
1078 1171 1401 1249 colendarum
1431 1170 1808 1249 ianttrtriarunt.
1833 1170 1954 1224 Dies

381 1239 722 1305 calendarum
753 1239 989 1304 istarum,
1025 1240 1215 1296 fratres
1244 1239 1539 1292 charissimi
1560 1281 1574 1299 ,
1600 1254 1733 1308 quas
1756 1239 1954 1294 Janua-

386 1322 490 1374 rias
515 1327 726 1381 vocant,
757 1330 785 1368 a
813 1313 1040 1382 quodam
1069 1310 1203 1364 Jano
1232 1309 1444 1382 homine
1469 1308 1674 1382 perdito
1699 1309 1954 1382 actsacri-

388 1390 502 1458 lego
531 1378 725 1458 nomen
761 1378 1166 1458 accepitjanus
1191 1388 1385 1458 autem.
1405 1379 1506 1458 iste
1530 1378 1635 1431 dux
1663 1379 1874 1458 quidam
1901 1389 1957 1458 et

425 1446 631 1525 tinceps
673 1446 1308 1525 hominuml’aganorum
1359 1446 1498 1501 fuit:
1530 1462 1687 1516 quem
1726 1449 1956 1525 imperiti

407 1519 629 1580 nomines
652 1535 706 1578 et
731 1523 910 1577 rustici
939 1521 1067 1574 dum
1093 1522 1242 1585 quasi
1281 1531 1459 1585 regem
1485 1526 1756 1582 metuunt,
1783 1519 1959 1572 colere

389 1596 530 1649 velut
558 1596 721 1648 Deum
750 1599 1060 1660 cmperunt;
1089 1586 1390 1641 detulerunt
1436 1586 1576 1660 enim
1621 1587 1670 1640 ei
1720 1587 1958 1641 illicitum

391 1665 668 1728 honorem,
691 1663 815 1716 dum
840 1658 896 1713 in
921 1675 985 1713 eo
1011 1665 1368 1726 expavescunt
1394 1658 1592 1728 regiam
1621 1664 1958 1728 potestatem.

393 1725 1115 1802 Ilomines'quippetstultiet
1146 1727 1448 1802 ignorantes
1476 1725 1810 1802 Deum,_illos
1837 1735 1962 1802 tunc

391 1805 618 1857 maxime
638 1795 779 1856 deos
795 1795 1186 1859 existimabant,
1215 1810 1348 1864 quos
1371 1795 1506 1848 inter
1535 1795 1776 1848 homines
1799 1795 1965 1848 subli-

393 1873 587 1924 miores
607 1886 728 1926 esse
746 1870 1054 1923 cernebant.
1080 1869 1156 1919 Ac
1179 1866 1254 1918 sic
1285 1864 1476 1918 factum
1499 1875 1578 1918 est
1600 1875 1655 1917 ut
1675 1865 1831 1917 unius
1853 1865 1963 1918 veri

392 1942 482 1995 Dei
523 1942 695 1993 cultus
725 1939 791 1992 ad
832 1938 993 1990 multa
1021 1935 1240 1989 deorum
1270 1934 1352 1986 vel
1384 1935 1556 2002 potius
1582 1934 1964 1988 daemoniorum

396 2011 606 2063 nomina
640 2007 1032 2062 transferretur.
1062 2005 1211 2059 Diem
1240 2017 1366 2071 ergo
1391 2003 1728 2056 calendarum
1756 2003 1968 2058 hodier-

396 2095 580 2132 narum
607 2078 674 2132 de
703 2079 914 2131 nomine
937 2075 1075 2140 Jani,
1104 2075 1240 2126 sicut
1262 2071 1374 2138 jam
1403 2072 1598 2126 dictum
1628 2081 1730 2138 est,
1763 2089 1968 2127 nuncu-

395 2156 587 2217 parunt
609 2165 624 2201 :
644 2155 886 2217 atquetut
909 2145 958 2199 ei
987 2143 1186 2217 homini
1217 2142 1968 2217 divinos‘honoreseonferre

395 2211 695 2285 cupiebant,
718 2211 772 2269 et
798 2215 953 2268 linem
986 2211 1291 2285 uniusanni
1318 2221 1371 2265 et
1399 2211 1621 2285 alterius
1643 2213 1848 2285 initium
1870 2212 1966 2267 de-

398 2280 764 2356 pu'tarunt.'Et
791 2285 911 2354 quia
941 2282 1079 2356 apud
1118 2281 1238 2356 illos
1260 2280 1515 2356 januaria;
1543 2281 1780 2356 calendar
1807 2297 1967 2356 unum

396 2351 593 2410 annum
622 2351 863 2424 implere,
885 2363 939 2407 et
959 2351 1181 2424 alterum
1204 2351 1436 2418 incipere
1457 2351 1784 2424 dicebantur,
1810 2351 1968 2407 istum
2017 2381 2024 2388 -

398 2425 587 2480 Jauum
618 2421 770 2494 quasi
814 2425 865 2478 in
911 2421 1168 2494 principio
1213 2434 1276 2473 ac
1320 2421 1547 2494 termino
1576 2431 1885 2494 posuerunt,
1908 2431 1973 2494 ut

403 2511 560 2549 unum
589 2489 784 2549 annum
818 2489 1058 2557 implere,
1081 2492 1303 2544 alterunt
1334 2491 1564 2557 incipere
1593 2489 1879 2545 diceretur.
1904 2492 1973 2545 Et

401 2565 523 2618 hinc
553 2572 654 2626 est,
685 2563 827 2632 quod
859 2558 1122 2616 Idolorum
1152 2560 1385 2632 cultores
1415 2560 1514 2629 ipsi
1542 2558 1676 2613 Jano
1717 2563 1850 2615 duas
1896 2561 1974 2614 fa-

401 2635 509 2689 cies
563 2630 891 2704 ligurarunt;
941 2646 1100 2686 unam
1153 2638 1276 2704 ante
1329 2630 1542 2696 ipsum,
1577 2631 1806 2704 alteram
1857 2639 1976 2699 post

404 2704 574 2773 ipsum
595 2700 621 2768 ξ
643 2718 798 2756 unam
825 2717 941 2772 qua:
969 2700 1291 2773 prietcritum
1317 2714 1512 2773 annum
1538 2700 1975 2773 videreturaspi-

403 2771 543 2836 cere,
572 2775 788 2828 alteram
817 2771 934 2840 qua:
961 2771 1195 2824 futurum
1223 2785 1238 2840 ς
1267 2771 1433 2840 acisic
1459 2771 1700 2840 homines
1727 2771 1977 2839 insipien-

407 2851 484 2896 tcs
520 2843 652 2897 duas
690 2843 738 2896 ei
779 2837 938 2895 facies
972 2837 1293 2911 deputatido,
1322 2839 1594 2911 dum_eutm
1619 2839 1775 2893 deum
1805 2837 1978 2911 facere

407 2913 640 2979 cupiunt,
668 2921 961 2965 monstrum
1003 2907 1123 2979 esse
1168 2907 1422 2979 fecerunt.
1454 2907 1747 2979 Voluerunt
1785 2911 1835 2964 in
1876 2910 1978 2965 deo

407 2977 503 3034 suo
527 2996 645 3035 esse
677 2981 996 3050 prrecipuum
1021 2977 1219 3046 Pagaui
1249 2977 1511 3050 homines,
1543 2977 1684 3050 quod
1710 2989 1793 3034 est
1819 2982 1977 3035 etiam

410 3052 459 3104 in
505 3051 790 3119 pecudibus
834 3047 1236 3119 monstrosum._
1282 3047 1353 3119 Et
1385 3047 1505 3101 ideo
1545 3049 1741 3119 optima
1782 3052 1980 3104 erroris

409 3122 487 3174 sui
506 3116 869 3175 declarations
895 3129 1053 3186 atque
1079 3116 1294 3186 indicio,
1323 3116 1448 3186 dum
1477 3131 1597 3171 eum
1627 3118 1866 3185 religiosa
1889 3135 1980 3172 va-

411 3194 570 3312 ttlitate
612 3205 857 3260 magnum
900 3185 1058 3242 deum
1099 3185 1266 3240 videri
1300 3185 1501 3249 volunt,
1537 3186 1856 3242 daemonium
1883 3204 1980 3258 pu-

464 3269 681 3312 Icarum.

446 3261 681 3314 licaruttt.

477 3329 529 3382 2.
571 3329 837 3384 Cervulum
875 3327 1128 3394 facientes.
1171 3325 1273 3378 Viri
1305 3327 1518 3395 feminas
1546 3327 1824 3382 induentes.
1851 3327 1983 3383 Hinc

414 3399 586 3467 itaque
610 3408 694 3453 est
716 3397 858 3467 quod
891 3398 1003 3468 istis
1029 3397 1216 3468 diebus
1239 3395 1439 3468 Pagani
1463 3398 1704 3452 homines
1731 3413 1983 3468 perverso

414 3466 644 3521 omnium
673 3466 850 3522 rerum
877 3467 1062 3520 ordine
1085 3466 1329 3537 obscenis
1350 3466 1772 3537 deformitatibtis
1799 3477 1984 3537 tegun-

416 3547 531 3601 tur;
562 3545 619 3591 ut
658 3537 791 3592 tales
830 3538 1011 3606 utique
1049 3551 1110 3606 se
1149 3536 1342 3606 faciant
1365 3536 1450 3606 qui
1478 3536 1675 3600 colunt,
1704 3536 1984 3606 qualisest

417 3606 512 3660 iste
536 3611 624 3676 qui
651 3607 860 3660 colitur.
889 3604 943 3660 In
976 3605 1090 3676 istis
1115 3607 1254 3676 enim
1289 3604 1475 3676 diebus
1509 3605 1688 3659 miseri
1722 3604 1982 3676 homines,

414 3686 500 3739 et.
531 3675 670 3744 quod
710 3677 861 3746 pejus
882 3685 983 3741 est,
1025 3675 1183 3742 aliqui
1224 3675 1490 3746 baptizati,
1529 3684 1746 3746 sumunt
1789 3675 1986 3731 formas

413 3745 947 3814 adulteras,’species
993 3753 1353 3815 mouisti-esas.
1433 3745 1487 3798 in
1535 3745 1726 3813 quibus
1773 3747 1985 3815 quidem

416 3819 538 3869 sunt
569 3831 686 3884 quae
715 3817 942 3884 primum
979 3814 1244 3884 pudenda,
1272 3822 1361 3884 aut
1387 3816 1562 3882 potius
1585 3815 1810 3868 dolenda
1839 3828 1984 3870 sunt.

415 3884 542 3953 Quis
571 3883 731 3939 enirn
754 3883 1199 3956 sapiens’poterit
1240 3883 1478 3956 credere,
1513 3884 1736 3956 inveniri
1780 3887 1988 3956 aliquos

416 3951 558 4008 sanae
588 3956 780 4008 mentis
812 3951 901 4023 qui
930 3954 1201 4007 cervulum
1249 3951 1520 4014 facientes.
1562 3954 1614 4008 in
1657 3951 1886 4009 ferarum
1931 3973 1989 4012 se

419 4025 577 4078 velint
615 4025 848 4078 habitum
887 4023 1246 4078 commutare?
1283 4024 1386 4079 Alii
1425 4024 1724 4077 vestiuntur
1765 4027 1990 4093 pellibus

418 4093 711 4162 pecudum;
739 4095 828 4146 alii
857 4103 1133 4147 assumunt
1161 4093 1330 4164 capita
1362 4093 1670 4164 bestiarum,
1697 4097 1991 4164 gaudentes

418 4173 472 4219 et
494 4165 838 4234 exsultantes,
861 4164 907 4217 si
934 4163 1106 4218 taliter
1125 4179 1182 4217 se
1213 4166 1266 4216 in
1294 4162 1490 4218 ferinas
1509 4162 1718 4234 species
1738 4168 1992 4220 transfor-

419 4233 698 4305 maverint,
732 4243 789 4285 ut
820 4234 1058 4305 homines
1084 4247 1186 4286 non
1213 4248 1330 4287 esse
1360 4232 1636 4305 videantur
1661 4232 1752 4304 (c).
1782 4235 1862 4288 Ex
1885 4253 1992 4305 quo

421 4304 655 4358 indicant
677 4317 740 4358 ac
768 4302 1022 4373 probant,
1060 4318 1168 4357 non
1199 4311 1304 4356 tam
1341 4317 1402 4358 se
1432 4302 1679 4360 habitum
1698 4302 1990 4362 belluinum

502 4460 553 4525 ᾳ)
577 4457 718 4515 Alias.
735 4458 1198 4525 interviguerianos
1217 4457 1293 4525 μ,
1316 4459 1366 4507 in
1393 4459 1541 4525 prima
1567 4468 1703 4523 parte
1724 4463 1966 4525 Supplem.

503 4518 622 4586 b)_tn
665 4518 964 4586 Appendice'
993 4533 1120 4568 nunc
1161 4518 1682 4586 primumjcollocatur.
1730 4518 1994 4586 Augustino

423 4579 646 4653 adscribit
669 4579 809 4652 vetus
829 4581 1040 4653 quidam,
1063 4579 1177 4653 quo'
1198 4582 1451 4653 vigperius
1471 4595 1588 4653 usus
1608 4581 1758 4653 fuisse
1781 4579 1991 4653 νῖᾳεωιι,

424 4641 728 4710 biblicthecaa
763 4640 1175 4710 jatri_Celbertinaz
1209 4640 1402 4710 codex;
1429 4644 1516 4710 sed
1549 4647 1812 4706 quominus
1844 4640 1995 4710 ipsius

427 4714 536 4768 esse
559 4703 811 4768 credatur,
842 4703 1031 4752 obsistit
1065 4716 1176 4751 cum
1213 4702 1402 4768 dicendi
1427 4702 1583 4768 ratio,
1597 4719 1706 4768 quae
1739 4702 1994 4760 cassat-ium

427 4763 583 4821 potius
602 4763 785 4826 refert,
820 4770 923 4812 tum
951 4775 1061 4826 qute
1101 4764 1381 4825 posterioris
1404 4766 1495 4813 aevi
1519 4763 1594 4815 est
1605 4763 1628 4825 ,“
1659 4781 1715 4816 ac
1736 4767 1993 4821 difficulter

425 4831 539 4887 ante
559 4823 745 4887 cassat-ii
771 4823 1151 4887 tempus'repohi
1170 4827 1322 4886 possit
1344 4823 1631 4887 _observatio
1654 4829 1730 4877 hic
1750 4842 1797 4878 n.
1819 4831 1851 4878 3
1874 4831 1993 4883 facta

425 4883 489 4931 de
511 4883 702 4952 publico
716 4883 902 4952 jejunio
937 4883 1492 4952 per_'omnes__Feclesias
1519 4887 1734 4952 calendis
1762 4891 1994 4952 januariis

429 4955 457 4992 a
476 4944 654 5012 sanctis
673 4944 883 5012 antiquis
902 4944 1120 5012 patribus
1156 4947 1344 4996 indicto.
1369 4953 1423 4995 Et
1443 4947 1568 5012 alter
1603 4944 1800 5012 quidem
1824 4965 1886 5001 ex
1910 4944 1995 5002 saé

431 5006 620 5080 yarricis
633 5006 973 5080 manuscriptis
998 5015 1112 5080 post
1130 5019 1408 5080 sermonem
1427 5009 1489 5080 de
1505 5006 1993 5080 circumcisionetcui

427 5067 520 5114 iste
543 5068 764 5137 proxime
782 5067 1109 5137 subiungitur,
1132 5067 1427 5137 absolutum,
1442 5069 1592 5137 habet
1610 5073 1679 5120 sic
1703 5085 1715 5120 :
1749 5088 1772 5117 ι
1795 5067 1995 5136 Explicit

435 5144 456 5169 ι
477 5138 640 5174 sermo
671 5126 746 5192 de
774 5126 1142 5192 Circumcisione
1192 5126 1417 5192 Domini;
1440 5133 1604 5192 Incipit
1638 5145 1801 5183 sermo
1843 5126 1994 5187 s'ancti

435 5203 457 5230 ι
477 5189 700 5235 Maxentii
717 5187 780 5236 de
802 5187 948 5237 Natali
970 5191 1170 5239 Domini.
1195 5197 1242 5238 tu
1267 5189 1482 5241 calendis
1502 5187 1754 5243 Januariis.
1772 5211 1795 5239 ι
1817 5203 1870 5245 Et
1881 5211 1992 5248 mox

428 5248 940 5312 subsequitursermo,
971 5267 994 5295 ι
1018 5251 1129 5299 Dies
1157 5250 1480 5312 calendarum,
1507 5269 1530 5296 ν
1561 5261 1653 5303 etc.
1696 5256 1787 5304 Sed
1818 5257 1868 5304 in
1905 5257 1996 5308 hoc

427 5309 655 5356 sermone
678 5309 858 5358 nullum
880 5311 944 5359 de
974 5313 1212 5362 Dominica
1245 5309 1495 5362 nativitate
1528 5317 1732 5363 verbum
1769 5322 1993 5368 occurrit.

427 5369 520 5416 sub
543 5371 737 5418 nomine
759 5373 962 5421 Faustini
987 5373 1198 5433 episc0pi
1224 5387 1316 5433 per
1346 5374 1617 5423 Bollandum
1651 5378 1701 5424 in
1723 5379 1846 5426 Actis
1883 5387 1996 5429 san-

427 5435 788 5500 ctorum,tomo
809 5433 1042 5500 l,_editus
1064 5435 1228 5500 estad
1263 5441 1404 5484 vetus
1439 5439 1690 5500 exemplar
1729 5440 1992 5500 Aceiense,

431 5501 518 5556 esu
527 5492 740 5556 Acincu,
763 5493 887 5556 apud
921 5497 1283 5556 Burgundiones
1314 5492 1609 5547 monasterii.
1627 5506 1887 5551 sermones
1909 5493 1996 5552 £29

432 5557 482 5599 et
498 5550 588 5616 150
602 5553 651 5616 in
672 5550 856 5616 Cesarii
879 5557 978 5603 vita
993 5550 1319 5616 retieriuntur.

489 5612 701 5683 (vitane
716 5614 985 5683 illustratur
1018 5612 1441 5683 Autissigdorensis
1476 5632 1603 5683 anno
1639 5621 1731 5670 5'78
1759 5623 1994 5676 celebrati

430 5672 614 5724 consilii
636 5685 787 5724 canon
815 5677 858 5736 l,
881 5689 979 5740 quo
1007 5693 1030 5724 ι
1051 5685 1148 5728 non
1184 5677 1299 5730 licet
1325 5679 1539 5732 calendis
1568 5684 1799 5746 januariis
1833 5672 1996 5738 vetula

1775 297 2000 359 SERMO
2037 293 2274 352 CXXIX.

3590 237 3604 258 \

2055 407 2252 466 habere
2271 451 2284 474 ,
2325 422 2481 479 quam
2512 421 2746 463 sensum.
2769 407 2898 462 Nam
2926 407 3165 478 quamvis
3191 405 3518 479 diversorum
3547 413 3623 464 si-

2052 477 2403 536 militudinem
2433 479 2740 558 animalium
2767 477 3064 558 exprimere
3103 479 3153 530 in
3175 491 3248 558 .se
3274 477 3470 540 velint;
3502 492 3624 532 cer-

2056 563 2164 606 tum
2194 562 2276 606 est
2301 559 2499 614 tamen,
2525 551 2576 603 in
2605 549 2686 601 his
2715 547 2880 615 magis
2906 561 3001 600 cor
3027 547 3282 615 pecudum
3311 561 3450 612 esse,
3468 562 3624 616 quam

2054 622 2296 676 formam.
2319 620 2566 675 Jamvero
2592 617 2718 670 illud
2747 617 2900 685 quale
2923 626 2976 670 et
3003 631 3158 685 quam
3187 625 3338 684 turpe
3363 625 3462 679 est,
3485 618 3627 685 quod

2053 692 2152 745 viri
2199 691 2330 753 nati,
2363 688 2554 744 tunicis
2595 687 2942 741 muliebribus
2981 687 3295 756 vestiuntur,
3335 695 3390 740 et
3436 687 3629 756 turpis-

2055 762 2189 815 sima
2209 761 2425 814 demum
2447 757 2802 812 demutatione
2824 756 3144 825 puellaribus
3171 755 3349 823 ﬁguris
3372 755 3629 811 virile’roo

2057 832 2156 884 bur
2175 829 2501 893 effeminant,
2527 841 2633 880 non
2663 828 3035 880 erubescentes
3063 825 3253 879 tunicis
3278 825 3630 880 muliebribus

2059 901 2292 954 inserere
2313 899 2570 953 militares
2588 896 2814 949 lacertos
2834 912 2850 950 :
2869 895 3116 950 barbatas
3138 895 3297 948 facies
3321 894 3628 962 praeferunt,

2057 978 2112 1023 et
2137 969 2300 1023 videri
2332 968 2539 1022 feminae
2568 967 2770 1021 volunt.
2793 965 2862 1019 Et
2890 965 3080 1018 merito
3110 965 3311 1018 virilem
3337 963 3627 1033 jam-forti—

2061 1039 2294 1092 tudinem
2323 1052 2426 1092 non
2457 1036 2671 1097 habent,
2693 1037 2780 1104 qui
2813 1036 2863 1086 in
2886 1034 3121 1088 mulieris
3144 1034 3632 1104 habitumtransie-

2059 1117 2202 1162 runt.
2225 1107 2375 1163 Justo
2400 1106 2542 1161 enim
2565 1105 2762 1175 judicio
2787 1104 2877 1175 Dei
2905 1105 3148 1157 evenisse
3165 1103 3496 1175 credendum
3523 1113 3629 1167 est,

2061 1189 2118 1232 ιιι
2147 1178 2427 1231 militarem
2451 1173 2698 1229 virtutem
2727 1173 3053 1240 amitterent,
3089 1173 3178 1242 qui
3218 1174 3529 1228 feminarum
3571 1187 3633 1230 se

2061 1249 2240 1317 specie
2259 1247 2693 1317 deformassent.__
2796 1313 2821 1317 _
3028 1312 3069 1317 _
3207 1313 3216 1317 _
3283 1316 3300 1317 γ
3469 1309 3471 1311 ,

2133 1318 2184 1372 5.
2219 1316 2610 1385 Superstitiones
2624 1315 2758 1368 aliae.
2785 1313 2998 1368 Strente.
3028 1312 3096 1368 Et
3132 1313 3253 1383 quia
3280 1316 3420 1368 Deus
3441 1314 3626 1385 placa-

2064 1395 2148 1441 tus
2174 1383 2322 1440 vobis
2348 1387 2606 1454 inspirare
2633 1385 2878 1453 dignatus
2907 1393 3008 1454 est,
3043 1392 3101 1437 ut
3156 1398 3252 1452 pro
3279 1399 3462 1437 amore
3486 1383 3627 1454 fidei.

2065 1457 2164 1511 ista
2220 1453 2536 1509 miserabilis
2573 1454 2900 1509 consuetudo
2927 1453 2994 1507 de
3037 1454 3134 1506 hac
3171 1454 3384 1507 civitate
3419 1454 3472 1506 in
3503 1453 3637 1507 inte-

2101 1540 2214 1579 rum
2243 1525 2552 1589 tolleretur;
2584 1538 2714 1592 rogo
2739 1539 2853 1588 vos,
2885 1522 3078 1576 fratres
3103 1523 3422 1585 charissimi,
3456 1533 3510 1575 ut
3539 1537 3633 1575 vo-

2101 1541 2214 1579 rum
2243 1541 2552 1589 toueretur;
2584 1541 2714 1592 rogo
2739 1541 2853 1588 vos,
2885 1541 3078 1576 rratres
3103 1541 3422 1585 cnarissmi,
3456 1541 3510 1575 ut
3539 1541 3633 1575 vo-

2065 1541 2148 1649 ﬁis
2175 1610 2281 1648 non
2308 1594 2538 1648 sufficiat
2565 1593 2706 1662 quod
2733 1595 2829 1662 ipsi
2862 1593 2964 1646 hoc
2989 1594 3206 1658 malum,
3239 1593 3349 1662 Deo
3379 1593 3635 1658 donante,

2068 1680 2171 1718 non
2200 1662 2369 1717 facitis
2398 1680 2412 1716 :
2444 1664 2537 1717 sed
2587 1661 2907 1731 ubicumque
2950 1663 3072 1715 alibi
3123 1663 3235 1714 ﬁeri
3261 1661 3518 1726 videritis,
3549 1676 3638 1731 ar-

2066 1733 2230 1814 guite,
2252 1734 2524 1814 castigate,
2554 1729 2902 1814 corripite—et
2919 1741 3093 1814 vestro
3116 1731 3310 1811 salubri
3326 1732 3550 1786 consilio
3567 1729 3640 1814 de

2070 1800 2171 1857 isto
2223 1800 2506 1857 miserabili
2558 1802 2834 1870 sacrilegio
2861 1800 3051 1854 stultos
3079 1800 3321 1870 homines
3347 1808 3637 1854 removete.

2072 1871 2139 1926 Et
2159 1879 2214 1925 ut
2237 1871 2302 1924 ad
2349 1873 2609 1938 integrum
2654 1869 2984 1924 vos’divinze
3031 1869 3412 1923 misericordim
3452 1883 3641 1923 conse-

2070 1941 2250 2004 cretis,
2283 1941 2442 1995 etiam
2468 1937 2601 1993 illas
2651 1941 2780 1994 alias
2823 1937 3244 2000 observationes,
3276 1940 3417 1993 velut
3443 1938 3639 1993 diaboli

2071 2025 2272 2064 venena
2296 2009 2549 2078 respuite,
2577 2023 2729 2076 quas,
2757 2008 2895 2078 quod
2940 2009 3091 2078 pejus
3119 2017 3218 2073 est,
3251 2009 3430 2076 plures
3456 2009 3507 2062 in
3541 2023 3641 2077 po-

2074 2080 2198 2148 pulo
2222 2077 2509 2131 christiano
2537 2077 2817 2148 observare
2845 2094 2948 2130 non
2981 2077 3324 2132 erubescunt.
3352 2079 3485 2148 Sunt
3500 2079 3642 2131 enim

2113 2148 2434 2217 uitcalendis
2456 2147 2733 2217 januariis
2763 2148 2980 2217 auguria
3032 2147 3334 2217 observant,
3369 2157 3425 2202 ut
3469 2147 3644 2217 focum

2113 2165 2164 2202 ut
2201 2165 2434 2201 caienois
2456 2165 2712 2215 januarus
2763 2165 2980 2217 auguria
3032 2165 3334 2209 onservant,
3369 2165 3425 2202 ut
3469 2165 3644 2201 locum

2073 2165 2140 2272 iie
2156 2216 2317 2270 domo
2347 2231 2461 2280 sua,
2489 2215 2573 2270 vel
2596 2215 2737 2268 aliud
2766 2217 3134 2282 quodcumque
3172 2216 3504 2281 beneficium,
3535 2216 3646 2271 cui-

2074 2301 2303 2354 cumque
2355 2286 2548 2352 petenti
2581 2301 2685 2339 non
2713 2285 2963 2340 tribuant.
2999 2285 3292 2340 Diabolicas
3317 2287 3475 2339 etiam
3506 2294 3646 2340 stre-

2077 2370 2195 2435 nas,
2221 2364 2275 2409 et
2300 2355 2508 2435 abatiis
2537 2354 2820 2435 accipiunt,
2853 2365 2912 2435 et
2942 2355 3040 2422 ipsi
3062 2355 3179 2435 aliis
3207 2355 3440 2410 tradunt.
3464 2356 3643 2435 Aliqui

2078 2427 2236 2480 etiam
2259 2425 2462 2491 rustici,
2491 2425 2762 2478 meusulas
2809 2427 2858 2478 in
2902 2425 2999 2478 ista
3029 2433 3181 2478 nocte
3208 2441 3324 2494 quae
3377 2424 3646 2494 praeteriit,

2079 2496 2262 2564 plenas
2290 2496 2469 2548 multis
2489 2493 2670 2558 rebus,
2690 2510 2807 2562 quae
2852 2494 2918 2547 ad
2948 2493 3384 2549 manducandum
3401 2502 3525 2548 sunt
3551 2509 3648 2547 ne-

2078 2564 2344 2626 cessarias,
2387 2574 2803 2634 componentes,
2845 2572 2963 2634 tota,
3009 2574 3163 2618 nocte
3206 2566 3283 2619 sic
3331 2565 3651 2634 compositas

2079 2649 2199 2689 esse
2219 2634 2422 2699 volunt,
2476 2633 2756 2704 credentes
2783 2635 2922 2704 quod
2956 2633 3056 2688 hoc
3084 2635 3182 2687 illis
3208 2635 3443 2690 calcnrla:
3465 2637 3652 2704 janua-

2081 2705 2173 2758 ria:
2197 2713 2447 2771 prmstare
2493 2701 2714 2772 possint,
2742 2701 2814 2756 ιη’
2831 2719 2922 2772 per
2965 2714 3130 2758 totum
3172 2719 3366 2758 annum
3411 2703 3650 2758 convivia

2083 2774 2291 2826 illorum
2320 2773 2372 2825 in
2401 2773 2489 2826 tali
2517 2772 2836 2826 abundantia
2869 2784 3228 2842 perseverent.
3255 2774 3321 2828 Et
3346 2775 3488 2842 quia,
3513 2773 3652 2828 sicut

2082 2843 2337 2911 scriptum
2361 2853 2461 2906 est,
2490 2842 2745 2896 Modicum
2775 2844 3072 2910 fermentum
3118 2853 3270 2896 totum
3301 2860 3517 2897 massam
3537 2859 3653 2895 cor-

2083 2910 2271 2981 rumpit
2304 2910 2323 2982 (
2350 2911 2520 2965 Galat.
2561 2927 2615 2982 v_,
2652 2912 2748 2982 9),
2782 2913 2940 2966 etiam
2972 2913 3092 2976 ista,
3115 2923 3168 2966 et
3197 2913 3297 2965 alia
3333 2913 3413 2966 his
3440 2912 3654 2979 similia,

2084 2979 2208 3049 qua!
2232 2979 2444 3052 longum
2470 2989 2552 3034 est
2577 2979 2774 3043 dicere,
2805 2998 2922 3050 qua:
2961 2982 3028 3035 ab
3075 2984 3328 3050 imperitis
3356 2993 3446 3036 aut
3471 2998 3661 3052 parva.

2084 3059 2176 3104 aut
2201 3051 2340 3104 nulla
2369 3059 2583 3119 peccata
2607 3051 2929 3115 creduntur;
2959 3066 2989 3104 a
3019 3055 3208 3105 vestris
3245 3051 3483 3106 ordinate
3509 3052 3656 3106 lami-

2087 3120 2169 3190 liis
2199 3120 2459 3174 removeri
2485 3137 2497 3172 :
2525 3129 2578 3190 et
2609 3120 2709 3190 hoc
2735 3121 3027 3190 prmcipite,
3055 3130 3112 3173 ut
3137 3121 3216 3174 sic
3256 3122 3502 3175 calendas
3529 3122 3666 3190 istas

2085 3189 2284 3256 colant,
2311 3188 2576 3258 quomodo
2602 3189 2824 3242 aliorum
2849 3188 3108 3242 mensium
3135 3191 3310 3244 colere
3338 3191 3530 3245 solent.
3557 3189 3656 3256 Qui

2087 3259 2225 3312 enim
2243 3257 2438 3327 aliquid
2466 3257 2532 3312 de
2559 3258 2885 3328 Paganorum
2904 3259 3288 3314 consuetudine
3320 3261 3371 3313 in
3402 3259 3655 3314 istis-die-

2088 3327 2191 3398 bus
2208 3328 2492 3382 observare
2521 3327 2802 3398 voluerint,
2832 3328 3122 3383 timendum
3146 3338 3229 3385 est
3257 3345 3324 3384 ne
3349 3329 3434 3392 eis
3453 3343 3651 3385 nomen

2086 3396 2427 3469 christianum
2450 3396 2821 3469 prodesse'non
2849 3397 3032 3469 possit.

2158 3468 2212 3520 4.
2233 3466 2493 3541 ,ΙεῙιιηξιιηι
2513 3467 2634 3520 aliut
2652 3466 2896 3541 indictum
2914 3469 2968 3541 in
2989 3469 3209 3541 (glandis
3224 3470 3499 3541 januariis.
3528 3469 3656 3525 Per-

2089 3538 2252 3590 sonati
2279 3538 2500 3611 homines
2520 3553 2631 3611 non
2657 3539 2962 3611 aspiciendi.
3006 3539 3076 3611 Et
3105 3538 3238 3594 ideo'
3257 3541 3423 3594 sancti
3455 3542 3659 3611 antiqui

2092 3608 2462 3679 patresnostri
2489 3607 2886 3679 considerantes
2929 3610 3213 3663 maximam
3255 3619 3456 3679 partem
3486 3607 3660 3665 homi~

2092 3691 2217 3730 num
2242 3675 2429 3730 diebus
2449 3675 2562 3730 istis
2591 3677 2725 3745 gula:
2743 3678 2824 3732 vel
2847 3679 3065 3732 luxuria:
3088 3675 3376 3746 deservire,
3406 3689 3460 3734 et
3487 3681 3662 3736 ebrie-

2093 3746 2286 3800 tatibus
2313 3754 2368 3800 et
2406 3746 2675 3815 sacrilegis
2702 3748 3064 3803 saltationibus
3091 3749 3339 3813 insanire,
3366 3761 3662 3806 statuerunt

2094 3815 2145 3868 in
2176 3819 2479 3888 universum
2504 3817 2779 3888 mundum,
2805 3826 2859 3870 ut
2884 3833 3181 3888 peromncs
3210 3820 3472 3875 Ecclesias
3496 3821 3662 3888 publi-

2092 3887 2560 3956 cumindiceretur
2597 3886 2850 3956 jejunium
2883 3887 2979 3956 (a)-.
2999 3887 3068 3942 Ut
3107 3899 3454 3954 agnoscerent
3482 3886 3667 3944 miseri

2095 3954 2338 4027 homines
2358 3956 2407 4007 in
2435 3963 2633 4008 tantum
2660 3971 2719 4008 se
2739 3955 2872 4027 male
2892 3954 3083 4027 facere,
3113 3967 3169 4027 ut
3197 3957 3511 4027 proillorum
3539 3975 3667 4027 pec-

2093 4023 2222 4076 catis
2250 4039 2468 4077 necesse
2494 4034 2631 4097 esset
2661 4025 2904 4097 omnibus
2939 4023 3475 4097 Ecclesiisijejunare.
3504 4023 3651 4097 Jeju-

2096 4107 2281 4147 nemus
2315 4108 2462 4161 ergo,
2492 4094 2679 4146 fratres
2730 4093 3047 4159 charissimi,
3103 4095 3154 4148 in
3207 4096 3319 4149 istis
3357 4095 3543 4151 diebus
3567 4093 3583 4159 Ξ
3611 4107 3666 4153 et

2095 4177 2214 4215 cum
2243 4178 2363 4216 vera
2389 4170 2444 4216 et
2495 4164 2723 4230 perfecta
2766 4164 3020 4218 charitate
3050 4163 3321 4218 stultitiam
3348 4166 3678 4222 miserorum--

2097 4231 2370 4304 hominum
2427 4231 2735 4304 lugeamus,
2759 4242 2818 4304 ut
2867 4234 2950 4287 vel
2987 4235 3068 4304 sic
3124 4234 3417 4304 intelligant
3468 4236 3661 4291 malum

2097 4317 2272 4377 suum,
2287 4302 2418 4377 dum
2446 4317 2542 4370 pro
2563 4317 2621 4377 se
2655 4302 2883 4377 viderint
2917 4303 3179 4377 publicum
3231 4302 3500 4377 observari
3518 4306 3668 4377 jeju.
3709 4333 3712 4335 λ

2097 4371 2262 4443 nium.
2287 4370 2467 4439 Neque
2493 4373 2635 4426 enim
2659 4370 3050 4441 desperandum
3073 4382 3177 4437 est,
3206 4374 3345 4443 quod
3373 4375 3494 4430 il‘los
3518 4370 3663 4430 Deus

2097 4441 2265 4509 possit
2292 4450 2470 4524 nostra
2505 4443 2744 4523 oratione
2773 4441 3239 4524 vael‘castigatione
3251 4445 3539 4524 corrigere,
3568 4448 3659 4515 qui

2100 4511 2504 4583 per‘apostolum
2521 4527 2674 4565 suum
2706 4511 2959 4566 ineffabili
2983 4511 3175 4581 pietate
3203 4511 3663 4583 promisitdiccus,

2101 4579 2199 4650 Qui
2227 4582 2444 4633 converti
2468 4583 2636 4650 fecerit
2683 4579 2995 4650 peccatorem
3015 4585 3077 4635 ab
3101 4579 3268 4636 errore
3294 4584 3389 4637 vite
3407 4600 3527 4649 ante,
3564 4579 3668 4640 sal;

2096 4649 2228 4703 uabit
2256 4649 2600 4724 animantejus
2628 4667 2661 4704 a
2680 4660 2852 4724 morte,
2868 4653 3140 4724 tet_operict
3161 4653 3528 4724 multitudinem
3553 4671 3668 4724 pec-

2097 4729 2320 4792 catorum
2342 4717 2584 4792 (Jacobi.
2613 4736 2665 4792 γ,
2693 4719 2763 4775 20
2782 4720 2825 4792 ).
2856 4721 2964 4792 Qui
2988 4717 3166 4792 etiam
3212 4722 3265 4776 in
3295 4724 3409 4777 istis
3434 4717 3678 4780 calendis.

2097 4789 2275 4862 stultis
2303 4789 2602 4862 heminibus
2628 4789 2898 4862 luxuriose
2952 4790 3256 4862 ludentibus
3304 4793 3532 4862 aliquam
3565 4794 3666 4848 hu»-

2098 4859 2406 4931 tnanitatem
2434 4859 2768 4931 impenderit,
2816 4861 3020 4931 peccati
3057 4875 3242 4916 eorum
3270 4859 3580 4931 participem
3607 4879 3679 4919 sol

2098 4943 2217 4983 esse
2245 4943 2350 4983 non
2376 4928 2596 4984 dubitet.
2620 4929 2749 4985 Nam
2785 4928 2875 5001 qui
2917 4931 2982 4986 de
3002 4931 3175 4986 salute
3197 4928 3386 4986 animae
3406 4928 3518 4987 suae
3547 4933 3670 4987 feli-

2105 5097 2128 5127 ι
2147 5087 2232 5144 aut
2252 5079 2448 5130 cervolo
2464 5079 2645 5144 facere,
2663 5083 2746 5133 vel
2766 5091 2956 5136 strenas
2971 5085 3228 5136 diabolicas
3241 5087 3522 5138 observare.
3543 5105 3566 5136 ι
3584 5097 3672 5141 Le-

2098 5141 2312 5214 gendum
2348 5159 2379 5214 ξ
2395 5141 2610 5214 vetulam
2632 5141 2726 5194 aut
2745 5145 2994 5214 cervulum
3035 5147 3216 5214 facere,
3239 5165 3262 5192 ι
3283 5156 3344 5214 _ut
3364 5149 3414 5214 in
3445 5158 3490 5198 s.
3531 5151 3664 5214 Eligii

2098 5201 2216 5275 ξςίω,
2241 5202 2325 5250 lib.
2348 5201 2395 5261 2,
2420 5216 2525 5275 cap.
2553 5206 2630 5275 εδ,
2653 5219 2743 5275 seu
2767 5207 2814 5254 in
2838 5214 3042 5275 tractatu
3064 5208 3128 5275 de
3167 5201 3463 5275 nectitudine
3502 5201 3668 5275 ωιιῖὸὶ

2097 5261 2632 5334 iicaa‘conyersatippis,
2656 5267 2768 5334 vide
2804 5266 3032 5334 ttalitgar1
3067 5269 3118 5334 in
3154 5271 3406 5334 Pugnitent.
3603 5261 3666 5332 ϐε

2098 5323 2353 5396 Burchard.
2388 5323 2571 5396 lib._l9_,
2726 5328 2782 5388 ὅς
2809 5335 2861 5377 et
2895 5323 3116 5396 Bonifacii
3156 5333 3368 5393 episcOpi
3411 5323 3668 5396 Meg'untini

2101 5383 2438 5460 epistolam?!
2459 5383 3063 5460 lashaﬁéslrapaeamr-
3088 5390 3134 5460 6,-

2162 5445 2234 5505 (a)
2257 5451 2325 5493 De
2347 5445 2440 5510 hoc
2454 5446 2657 5510 solemni
2668 5445 2856 5510 jejunio
2869 5445 2979 5500 facit
2999 5445 3297 5501 mentionem
3316 5453 3565 5504 concilium
3583 5461 3668 5504 T0-

2099 5503 2316 5578 letanum
2356 5506 2544 5578 4,__can.
2580 5503 2748 5578 l_l,:e't
2796 5518 3080 5578 Turonense
3116 5512 3165 5578 2,
3201 5525 3309 5578 can,
3357 5503 3431 5578 νῇ
3472 5503 3670 5578 Jamque

2100 5565 2214 5630 olim
2248 5565 2653 5630 Augustinussic'
2670 5571 2720 5619 in
2742 5584 2968 5622 sermone
2991 5572 3099 5630 198,
3135 5565 3199 5623 de
3236 5574 3452 5625 (“alendis
3493 5565 3667 5626 Janua-

2101 5627 2462 5739 miihgori’ulum
2487 5629 2831 5685 exhortabatur
2861 5646 2874 5682 :
2919 5651 2942 5681 ι
2963 5627 3262 5687 inebriantur
3303 5635 3372 5688 illi
3379 5675 3392 5702 ,
3417 5649 3502 5692 vat
3537 5637 3675 5702 jejun-
