3994 6178
423 353 563 410 εοοτ

421 476 535 519 ctor
551 463 822 518 ambarum
840 468 922 516 est
940 477 954 523 ;
980 473 1134 514 unam
1152 473 1252 529 qua
1270 456 1320 511 in
1338 471 1497 515 carne
1520 455 1808 524 nascimur,
1837 458 1994 513 aliam

423 548 523 603 qua
562 534 613 586 in
646 532 748 587 ﬁde
776 531 1121 603 renascimur.

494 604 546 657 5.
586 603 883 655 Judazorum
907 608 954 652 et
983 596 1216 653 Gentium
1240 596 1501 649 adunatio.
1538 597 1875 651 Exsullemus
1912 612 1997 652 er-

423 687 519 739 go,
551 682 603 725 et
626 670 974 739 jucundemur
997 668 1148 739 ineo
1181 681 1337 733 quem
1369 667 1535 739 panni
1566 668 1914 739 involveram,
1944 677 1998 721 et

426 736 611 810 angeli
626 736 961 794 nuntiabant:
982 736 1072 805 qui
1090 736 1139 788 in
1162 737 1386 810 prmsepi
1402 736 1845 810 jace_bat,etintra
1858 745 1997 790 astra

427 805 681 878 fulgebat:
699 823 850 878 quem
874 821 1050 878 regem
1076 805 1474 878 sempiternum,
1497 805 1751 878 Gentibus
1772 805 1999 878 adoran-

426 874 679 940 dum,non
697 874 1007 930 diadematis
1019 874 1345 944 gemma,sed
1358 874 1640 929 coelistella
1652 875 1996 929 monstrabat:

424 948 512 1017 qui
532 946 691 1017 ubera
707 945 945 1017 sugebat,
964 954 1017 998 et
1032 945 1292 1017 lactentes
1305 956 1560 1017 martyres
1572 944 1813 1017 faciebat.
1834 946 2003 1017 A__gno-

425 1013 636 1070 scamus
649 1016 874 1084 lapidem
890 1013 1391 1084 angularem,inquo
1404 1014 1509 1084 duo
1519 1013 2003 1084 parietesdediver-

426 1099 487 1139 so
505 1082 794 1147 venientes,
814 1098 949 1137 unus
960 1098 1025 1137 ex
1038 1082 1477 1136 circumcisioneJ
1487 1083 1774 1149 udaeorum,
1791 1084 1927 1137 alter
1937 1098 2002 1137 ex

426 1154 687 1222 praeputio
716 1154 1019 1217 nationum,
1058 1150 1199 1205 ﬁdeli
1239 1153 1423 1205 osculo
1465 1153 1831 1222 copulantur_:
1882 1151 2005 1221 Ipse

428 1220 500 1276 est
526 1220 660 1277 enim
695 1239 798 1293 paa:
823 1231 1022 1293 nostra,
1052 1223 1136 1289 qui
1170 1222 1284 1292 fecit
1316 1231 1524 1293 utraque
1557 1239 1731 1293 unum.
1773 1220 1893 1288 Ipse
1918 1220 2002 1274 ve-

431 1294 595 1358 niens,
624 1291 760 1346 sicut
787 1291 1007 1345 audistis
1036 1305 1129 1358 per
1158 1291 1491 1361 Apostolum,
1523 1292 1875 1361 evangeligauit
1913 1308 2005 1360 pa-

429 1378 535 1417 cem
572 1364 648 1432 his
681 1363 765 1432 qui
794 1363 957 1430 longe,
988 1370 1032 1412 ct
1060 1376 1231 1429 pacem
1264 1359 1340 1412 Itis
1373 1360 1457 1432 qui
1487 1358 1664 1429 prape'
1686 1362 1701 1423 (
1724 1358 1921 1432 Eii/tes.
1943 1376 2000 1432 ιι,

431 1433 518 1496 14,
558 1429 889 1502 17).Ῥιόρε
915 1439 1066 1483 erant
1111 1436 1381 1502 pastores;
1432 1430 1587 1496 longe
1630 1436 1780 1482 erant
1822 1429 1998 1502 Magi:

432 1498 644 1570 utrique
683 1507 1042 1569 agnoverunt,
1073 1498 1277 1570 utrique
1296 1508 1560 1570 evenerunt
1580 1514 1606 1570 ;A
1624 1508 1676 1553 et
1701 1498 2002 1570 secundum

432 1567 618 1624 Isaiam
655 1567 1001 1639 prophetam,
1044 1569 1252 1639 utrique
1294 1569 1343 1620 in
1388 1567 1610 1639 prmsepi
1635 1567 1840 1639 Acibatja
1877 1582 2002 1639 sua,

437 1635 686 1708 tanquam
712 1635 810 1693 bos
851 1647 904 1692 et
930 1638 1131 1708 asinus,
1164 1637 1475 1708 invenerunt
1499 1638 1516 1706 (
1538 1637 1664 1708 [_sai.
1701 1652 1744 1700 ι,
1773 1635 1863 1708 '5).
1896 1637 2004 1708 llos

432 1705 573 1762 enim
614 1709 834 1777 populos
855 1722 919 1761 ex
950 1706 1145 1777 Judmis
1173 1715 1227 1759 et
1264 1705 1517 1761 Gentibus
1542 1705 1785 1777 Christus
1807 1705 2005 1774 gloriﬁ-

433 1788 583 1831 catus
603 1775 904 1844 assumpsit,
941 1775 1196 1844 primitias
1222 1785 1373 1829 natus
1397 1777 1619 1842 accepit.
1649 1775 1728 1829 Ad
1754 1790 1850 1844 nos
1877 1790 2004 1843 ergo

433 1848 662 1901 maxime
692 1843 847 1915 hujus
872 1843 976 1900 diei
1006 1846 1232 1914 pertinet
1259 1845 1570 1916 gratulatio,
1609 1846 1697 1913 qui
1725 1860 1789 1899 ex
1821 1843 2004 1900 Genti-

433 1916 532 1969 bus
554 1917 813 1970 venimus.

504 1985 558 2040 6.
610 1985 824 2039 Muncra
870 1984 1137 2053 Magorum
1186 1982 1414 2053 mystica.
1459 1982 1797 2037 Protulerunt
1834 1983 2002 2052 Magi,

434 2054 644 2122 quando
672 2055 935 2108 Christum
967 2054 1336 2118 adoraverunt,
1370 2067 1576 2116 aurum,
1608 2053 1745 2116 thus,
1770 2061 1824 2122 et
1857 2068 2003 2122 myr-

433 2121 583 2195 r‘ham
612 2122 820 2195 (Matt_h.
846 2139 903 2185 ιι,
929 2124 1021 2195 ll)
1052 2137 1279 2195 :“aurum
1303 2162 1316 2184 ,
1348 2123 1466 2195 quia
1502 2137 1677 2191 regem
1717 2121 1961 2175 viderunt
1988 2138 2003 2185 ;

436 2192 575 2256 thus,
605 2189 724 2263 quia
756 2193 922 2248 Deum
964 2193 1357 2263 intellexerunt.
1398 2189 1774 2260 Cognoverunt
1807 2199 1860 2245 et
1881 2206 2005 2263 _car-

435 2278 555 2315 nem
587 2261 895 2330 passuram;
926 2277 1045 2314 nam
1083 2270 1139 2314 et
1172 2261 1439 2330 myrrham
1476 2263 1807 2326 protulerunt
1829 2261 1896 2314 ad
1918 2275 2007 2315 se-

433 2333 713 2399 pulturam.
752 2331 874 2385 Hzec
912 2331 986 2384 illi
1017 2330 1304 2384 secundum
1332 2330 1806 2399 considerationem
1834 2344 2003 2399 suam.

434 2397 479 2453 Α
505 2402 655 2455 nobis
680 2411 854 2453 autem
884 2415 1066 2453 aurum
1107 2400 1295 2465 accipit
1320 2441 1333 2465 ,
1370 2398 1417 2451 si
1448 2400 1812 2469 eleemosynas
1842 2397 2005 2453 facia-

435 2485 584 2534 mus;
610 2471 749 2536 thus,
784 2471 827 2523 si
855 2471 1119 2524 orationes
1148 2469 1459 2532 fundamus;
1490 2468 1795 2538 myrrham,_
1822 2469 1864 2521 si
1911 2482 2008 2536 pro

433 2540 522 2593 illo
561 2540 866 2594 moriamur.
897 2539 1124 2592 Proinde
1158 2538 1279 2607 quia
1308 2536 1592 2606 Epiphania
1629 2536 2009 2607 manifestatio-

434 2623 554 2662 nem
598 2610 761 2663 verbo
797 2623 972 2678 grmco
1015 2606 1209 2663 indicat
1238 2608 1432 2678 (latens
1480 2608 1673 2678 quippe
1700 2606 1862 2678 Magis
1907 2606 2007 2678 do-

435 2679 562 2732 mini
595 2676 819 2734 inf'antia
839 2678 1173 2744 cupientibus
1201 2677 1423 2731 adorare
1450 2676 1811 2730 manifestatur
1838 2676 2008 2730 indice

437 2749 637 2817 stella),
671 2762 767 2801 nos
806 2748 944 2800 viam
991 2746 1236 2815 fulgentis
1262 2746 1549 2817 Evangelii
1592 2760 1912 2814 sequamur,
1955 2756 2008 2817 et

435 2814 616 2871 sancte
666 2817 946 2870 adoremus
994 2814 1083 2871 cui
1134 2814 1405 2883 manifesti
1439 2829 1653 2880 sumus;
1693 2822 1752 2868 ut
1796 2814 2007 2883 quando

437 2886 574 2938 Deus
619 2887 891 2941 manifeste
926 2886 1100 2939 veniet
1129 2926 1143 2948 ,
1190 2899 1287 2938 nec
1330 2882 1504 2936 infans
1546 2884 1682 2947 erit,
1728 2882 1852 2953 quia
1901 2900 2007 2938 non

432 2955 608 3009 silebit
632 2953 802 3027 (Psal.
832 2971 973 3021 xm,
1002 2955 1055 3025 ὅ)
1082 2994 1096 3020 ,
1139 2954 1190 3007 in
1220 2953 1440 3008 dextera
1469 2953 1581 3021 ej'us
1609 2968 1865 3024 apparere
1895 2969 2007 3009 me-

434 3040 665 3081 reamur.
1678 3045 1692 3058 ⁸

899 3114 1124 3170 SERMO
1162 3112 1396 3169 CXXXII
1425 3111 1518 3184 (a).

862 3213 911 3254 tn
934 3205 1189 3268 Epiphania
1211 3205 1411 3263 Domini,
1437 3219 1470 3254 ιι
1486 3204 1576 3267 (b).

505 3309 557 3362 1.
595 3308 758 3362 Hodie
786 3308 1009 3377 capulati
1048 3324 1161 3377 cum
1201 3305 1441 3377 Gentibus
1469 3305 1659 3359 Judaei.
1703 3306 1912 3360 Domini
1954 3315 2009 3361 et

431 3378 717 3432 Salvatoris
744 3374 908 3433 nostri
922 3378 1046 3433 Jesu
1057 3374 1253 3430 Christi
1279 3376 1535 3440 adventus
1555 3378 1609 3428 in
1630 3391 1798 3445 carne
1818 3377 1868 3429 in
1892 3378 2008 3445 ipso

435 3447 501 3501 de
528 3448 738 3518 Virgine
764 3447 879 3518 rudi
910 3449 1034 3518 ejus,
1051 3456 1237 3518 exortu
1266 3445 1587 3518 manifestari
1613 3443 1870 3518 Centibus
1894 3443 2005 3503 (ἔω-

432 3519 541 3588 pit,
567 3514 687 3572 cum
719 3517 792 3588 ad,
814 3514 952 3571 eum'
974 3516 1299 3588 adorandum
1330 3516 1463 3588 Magi
1491 3514 1565 3588 _ab
1605 3515 1820 3588 Oriente
1845 3532 2007 3571 vene-

432 3584 572 3640 runt.
619 3587 715 3639 Hic
765 3587 879 3640 dies
922 3585 1340 3639 solemnissimus
1383 3584 1559 3638 debita
1602 3585 1879 3639 sanctitate
1924 3594 2008 3641 est

434 3658 597 3709 factus
640 3656 911 3720 Ecclesiae,
940 3655 1169 3708 maxime
1198 3669 1316 3721 quae
1349 3655 1516 3707 crevit
1551 3668 1617 3706 ex
1646 3653 1924 3718 Gentibus,
1951 3664 2006 3709 et

434 3724 670 3792 augulari
710 3724 885 3792 lapide
927 3724 1151 3778 alterum
1190 3723 1440 3792 parietem
1473 3730 1733 3776 structura
1760 3723 2006 3778 uberiore

434 3790 699 3862 compegit
735 3790 841 3846 z'ut
879 3793 965 3846 ille
1002 3806 1103 3862 pax
1138 3798 1316 3862 nostra
1356 3790 1553 3845 faceret
1581 3800 1801 3859 utraque
1843 3808 2003 3862 unum

435 3860 651 3987 ἒΕρΙιεεῖ
678 3878 733 3929 ιι,
764 3863 876 3930 14),
904 3877 969 3916 ex
996 3860 1393 3915 circumcisione
1412 3870 1465 3914 et
1493 3862 1747 3929 praeputio
1772 3861 2006 3917 condens

481 3933 747 3987 cclesiam.
778 3931 929 3987 Unde
960 3941 1013 3986 et
1040 3930 1172 3987 lapis
1212 3930 1477 3987 angularis
1516 3931 1685 3983 dictus
1724 3940 1839 3987 est.
1892 3940 2006 3986 tan-

481 3930 747 3987 cclesiam.
778 3931 929 3987 Unde
960 3941 1013 3986 et
1040 3930 1172 3999 lapis
1212 3930 1477 3998 angularis
1516 3931 1685 3983 dictus
1724 3940 1839 3995 est,
1892 3940 2007 3986 tan-

434 4018 591 4073 quam
619 4004 669 4057 in
692 4017 748 4057 se
774 4002 1029 4073 copulans
1047 4016 1110 4054 ex
1137 4000 1439 4054 diversitate
1455 4001 1756 4073 venientes,
1782 4007 1841 4053 ut
1861 4014 2006 4073 cem-

434 4069 664 4127 mutaret
691 4069 942 4140 utrosque
969 4072 1019 4125 in
1059 4085 1166 4125 uno
1203 4084 1425 4140 corpore
1455 4069 1585 4140 Deo,
1614 4070 1749 4123 sicut
1775 4070 2005 4140 prophe-

432 4144 532 4197 lica
558 4150 611 4196 et
634 4139 933 4212 evangelica
957 4140 1320 4212 et__apostolica
1349 4139 1587 4212 doctrina
1610 4147 1847 4194 testatur.
1870 4139 2005 4212 Nato

430 4211 605 4280 itaque
644 4209 867 4265 Domino
898 4226 965 4265 ex
997 4209 1211 4280 Virgine
1239 4250 1255 4276 ,
1280 4250 1281 4253 η
1304 4224 1460 4280 quem
1511 4210 1664 4280 diem,
1702 4210 2005 4280 nuperrime

429 4278 827 4349 celebravimus,
847 4289 1087 4349 pastores
1108 4278 1363 4349 admoniti
1388 4279 1459 4349 ab
1484 4279 1697 4349 Angelis
1713 4278 2003 4332 seCundum

432 4348 628 4405 Lucam
657 4347 1034 4418 evangelistam
1058 4348 1125 4401 ad
1152 4347 1363 4400 infantis
1386 4347 1542 4418 Verbi
1574 4362 1811 4418 praesepe
1839 4362 2005 4418 vene-

430 4428 554 4471 runt
601 4417 756 4487 (Luc.
790 4416 843 4481 ιί,
879 4416 970 4487 9);
1005 4424 1242 4485 pastores
1277 4424 1452 4469 autem
1493 4416 1565 4487 illi
1602 4417 1854 4487 Israelita:
1890 4417 2004 4471 fue-

430 4496 555 4540 runt
579 4504 590 4539 :
612 4485 739 4541 ecce
757 4485 1102 4556 praesignatus
1129 4494 1212 4540 est
1238 4500 1374 4539 unus
1395 4485 1586 4552 paries,
1601 4486 1672 4556 ad
1698 4487 2002 4556 angularem

430 4557 658 4625 lapidem
688 4555 1181 4625 de’circumcisione
1210 4568 1543 4625 percurrens.
1592 4555 1778 4609 Paucis
1816 4555 2006 4612 diebus

430 4620 555 4681 inde
599 4626 898 4686 transactis.
930 4620 1086 4679 hodie
1116 4620 1249 4694 Magi
1274 4623 1340 4677 ab
1368 4623 1582 4694 Oriente
1623 4625 1834 4679 venisse
1887 4641 2005 4680 cre-

429 4696 646 4758 dttntur,
688 4705 743 4750 et
788 4696 928 4749 illius
975 4694 1175 4763 parvuli
1208 4692 1625 4762 magnitudinem
1652 4696 1963 4763 cognovisse
1987 4736 2002 4761 ,

425 4780 564 4835 quos
606 4765 880 4820 Matthacus
919 4765 1237 4835 evangelista
1282 4773 1661 4835 commemorat
1700 4764 1909 4831 (Matth.
1944 4781 1999 4829 ιι,

429 4833 609 4906 {-12).
665 4836 801 4889 Ecce
844 4834 978 4889 alius
1018 4834 1208 4906 paries
1229 4848 1293 4888 ex
1341 4833 2005 4906 przeputii__desperatione

426 4902 753 4959 concurrens
791 4918 889 4958 nos
926 4903 1137 4972 prepric
1181 4902 1455 4971 ﬁguravit,
1497 4912 1553 4957 et
1576 4902 1717 4957 diem
1743 4902 1895 4957 nobis
1930 4903 2005 4958 fe-

427 4984 565 5028 stum
597 4975 837 5028 familiari
869 4974 1045 5027 laetitia
1074 4973 1376 5041 geminavit.

495 5045 550 5098 2.
585 5045 746 5098 Stella
778 5055 895 5097 ante
942 5038 1193 5096 biennium
1230 5045 1487 5110 apparuit.
1534 5040 1666 5105 Quid
1713 5038 1893 5110 Magos
1936 5043 2004 5095 ad

427 5116 744 5169 adorandum
791 5112 1063 5167 induxerit.
1108 5112 1162 5165 lu
1192 5114 1328 5165 coelo
1347 5112 1487 5165 enim
1513 5111 1752 5165 videntes
1780 5110 2001 5179 ignotis-

426 5185 613 5237 simam
638 5184 866 5246 stellam,
897 5197 1001 5236 non
1025 5191 1148 5236 ante
1172 5195 1366 5249 paucos
1392 5181 1525 5244 dies,
1557 5180 1650 5233 sed
1678 5190 1801 5233 ante
1837 5180 2003 5235 ferme

427 5252 718 5315 biennium,
742 5254 879 5307 sicut
913 5252 1194 5320 inquirenti
1227 5250 1419 5304 Herodi
1450 5251 1812 5320 patefecerunt
1838 5250 2027 5317 (unde

428 5339 459 5375 a
489 5323 675 5376 bimatu
696 5333 741 5376 et
768 5324 906 5392 infra
935 5319 1115 5376 occidit
1150 5323 1369 5391 infantes
1399 5319 1672 5373 secundum
1698 5329 1913 5391 tempus,
1945 5329 1998 5374 ul

506 5475 558 5535 a)
583 5474 724 5531 Alias,
748 5472 811 5521 de
834 5481 1069 5535 Tempore
1091 5472 1168 5520 35.

510 5527 558 5595 ὁ)
586 5543 632 5583 In
657 5527 931 5596 Appendice
951 5527 1097 5581 "nunc
1139 5533 1341 5596 primum
1364 5527 1999 5596 collogaturzpubius‘vide-

421 5589 565 5643 batur
582 5589 955 5645 Iovanieusibus
978 5607 989 5641 :
1017 5600 1067 5641 at
1096 5589 1284 5640 vet-lino
1309 5597 1357 5637 et
1384 5590 1615 5652 \‘indingo
1638 5589 1803 5644 falsus,
1829 5592 1998 5639 iisdem

425 5654 608 5703 scilicet
640 5656 826 5705 indiciis
848 5662 900 5703 et
922 5655 1234 5715 argumentis,
1275 5652 1450 5715 quibus
1485 5654 1700 5714 rejectus
1741 5658 1815 5701 est
1838 5665 1999 5702 sermo

420 5720 657 5773 superior.

1856 345 2214 404 APPENDIX.

3530 335 3668 391 2008

2103 457 2358 533 scriptum
2378 464 2485 533 est,
2503 458 2639 532 qugd
2664 458 2953 533 inquisierat
2981 478 3012 533 ιι
3044 461 3268 533 Magis);
3296 463 3436 520 hanc
3461 466 3672 521 stellam

2102 527 2595 608 sicutintelligitur',
2636 527 2898 592 admirati,
2928 532 3080 599 cujus
3107 527 3264 587 eiiain
3293 543 3670 608 esset,_c_onse-

2101 598 2281 718 Τιθηιί
2322 598 2643 652 revelatione
2687 614 2844 654 nosse
2876 598 3216 667 meruerunt,
3248 604 3389 672 regis
3431 604 3675 661 videlicet

2136 665 2402 718 udzeorum
2433 685 2445 718 :
2472 682 2641 718 eouue
2665 678 2789 718 nato
2817 684 2935 718 cum
2962 680 3015 718 et
3040 670 3137 718 hoc
3160 671 3272 718 eius
3292 674 3457 718 armis
3479 690 3675 718 ρηαηιι-

2136 665 2445 744 udzeorum_:
2472 682 2641 735 eoque
2665 678 2789 744 nato
2817 684 2935 744 cum
2962 680 3015 744 et
3040 670 3137 744 hoc
3160 665 3272 739 ejus
3292 665 3460 741 gratia
3479 690 3681 744 cogno-

2103 735 2420 812 vissent_,_ad
2458 751 2578 812 eum
2617 738 2942 812 adorandum
2984 741 3139 795 hodie
3172 735 3454 797 occurrere
3493 735 3678 812 ptine-

2105 814 2246 879 ru_nt_.
2299 805 2414 879 Non
2459 808 2640 875 utique
2684 808 2792 877 regi
2830 808 3130 879 Iudaeorum
3155 850 3169 873 ,
3210 812 3394 879 quales
3440 805 3526 866 alii
3556 829 3679 869 esse

2105 874 2363 951 solebant,
2392 874 2529 951 hunc
2556 874 2661 951 tam
2692 874 2936 944 magnum
2970 874 3515 951 honorem'longinqui
3543 884 3679 938 alie-

2106 943 2312 1015 nigenae
2349 945 2523 1015 etab
2559 946 2744 999 eodem
2797 943 2965 1015 regno
3010 963 3225 1015 prorsus
3270 943 3505 1005 exiran'ei
3547 967 3578 1005 a
3618 968 3679 1008 se

2106 959 2312 1065 ntﬁenae
2349 959 2402 997 et
2447 959 2513 998 au
2559 959 2744 999 eoaem
2799 961 2965 1015 regno
3010 963 3225 1015 prorsus
3270 959 3505 1005 extranei
3547 967 3578 1005 a
3618 968 3679 1008 se

2105 1011 2172 1065 de
2211 1014 2285 1067 eri
2317 1013 2731 1079 arbitrabantur;
2766 1016 2859 1069 sed
2896 1016 3052 1071 talem
3096 1027 3275 1071 natum
3320 1034 3440 1074 esse
3480 1020 3682 1076 didice—

2106 1091 2264 1155 Eant,
2314 1083 2365 1135 in
2410 1098 2515 1152 quo
2552 1083 2823 1138 adorando
2869 1100 2927 1139 se
2964 1086 3187 1140 salutem
3227 1104 3346 1155 qua:
3385 1091 3675 1146 secundum

2109 1150 2271 1227 Deum
2308 1160 2389 1205 est
2407 1150 2443 1217 ,“
2467 1155 3102 1227 conseeuturosminime
3144 1150 3463 1227 dubitarent.
3496 1159 3681 1227 Neque

2108 1220 2247 1272 enim
2276 1230 2403 1295 mtas
2437 1229 2553 1295 erat
2579 1223 2764 1295 saltem
2791 1224 2875 1277 cui
2895 1224 3127 1295 adulatio
3158 1226 3384 1280 humana
3425 1220 3679 1295 serviret;

2109 1302 2213 1342 non
2252 1290 2351 1343 sub
2380 1291 2578 1367 poplite
2616 1292 2744 1367 sella
2770 1292 2995 1367 regalis,
3021 1309 3128 1367 non
3164 1294 3232 1367 de
3274 1297 3524 1351 membris
3559 1290 3683 1367 pur;

2147 1373 2273 1436 ura_,
2305 1374 2411 1436 non
2440 1360 2509 1414 de
2538 1362 2709 1428 capite
2752 1361 2993 1415 diadema
3029 1362 3269 1436 fulgebat
3302 1385 3316 1416 :
3347 1381 3452 1419 non
3485 1360 3680 1436 pompa

2130 1428 2470 1503 amulantium
2493 1469 2509 1495 ,
2538 1445 2641 1503 no_n
2673 1439 2843 1503 terror
2866 1428 3167 1503 exercitus,
3198 1448 3303 1486 non
3330 1428 3682 1503 gloriosorum

2108 1495 2246 1549 fama
2277 1498 2574 1565 praeliorum
2606 1497 2704 1553 hos
2731 1499 2796 1553 ad
2825 1515 2946 1553 eum
2972 1501 3116 1555 viros
3153 1495 3218 1556 ex
3263 1495 3481 1558 remotis
3525 1508 3681 1561 terris

2108 1579 2227 1619 cum
2266 1575 2410 1637 tanto
2437 1577 2561 1622 voto
2591 1569 2989 1637 supplicationis
3030 1580 3337 1625 attraxerat.
3377 1572 3592 1628 Jaeebat
3628 1577 3680 1629 in

2108 1636 2330 1708 prgesepi
2359 1652 2487 1704 puer
2515 1636 2669 1690 ortus
2694 1636 2899 1708 recens,
2928 1639 3148 1708 exiguus
3173 1655 3417 1708 corpore,
3444 1654 3682 1697 contem-

2110 1704 2307 1771 ptibilis
2336 1716 2685 1777 paupertate:
2718 1707 2810 1761 sed
2847 1704 3091 1776 magnum
3140 1704 3338 1777 aliquid
3386 1704 3584 1765 latebat
3630 1715 3682 1768 in

2109 1786 2289 1839 parvo,
2320 1776 2457 1843 quod
2489 1776 2561 1828 illi
2590 1775 2831 1831 homines
2862 1775 3102 1843 primitiae
3131 1775 3377 1832 Gentium
3406 1796 3511 1833 non
3542 1790 3681 1837 terra

2109 1852 2371 1918 portante,
2403 1843 2496 1897 sed
2521 1845 2657 1899 caelo
2686 1855 2933 1918 narrante
2967 1846 3281 1918 didicerant,
3312 1850 3379 1902 ad
3406 1850 3543 1918 quod
3573 1862 3679 1905 tam

2108 1926 2173 1965 ex
2202 1912 2484 1986 longinquo
2506 1922 2610 1967 tam
2635 1915 2899 1982 supplices
2920 1916 3222 1986 veniebant,
3253 1919 3392 1986 quod
3424 1912 3682 1976 intuendo

2108 1995 2216 2053 non
2243 1982 2509 2053 videbant,
2540 1992 2595 2036 et
2624 1986 2913 2051 promereri
2943 1985 3211 2039 adorando
3234 1982 3535 2053 cupiebant.
3568 1989 3683 2044 Re-

2108 2050 2227 2117 gina
2272 2051 2481 2118 quidem
2528 2052 2704 2106 Austri
2744 2063 2961 2106 venerat
3003 2069 3031 2106 a
3062 2054 3253 2109 ﬁnibus
3299 2050 3454 2110 terrae
3494 2060 3681 2115 audire

2108 2118 2417 2193 sapientiam
2440 2119 2770 2193 Salomonis:
2792 2138 2887 2176 nec
2908 2123 2996 2176 illa
3022 2125 3170 2193 regni
3193 2124 3308 2193 ejus
3331 2127 3673 2192 sublimitate,

2109 2188 2201 2273 sed
2234 2190 2424 2273 mentis
2450 2192 2857 2273 luce-commota
2884 2205 2965 2273 est
2997 2188 3247 2273 (IllAR‘eg'.
3282 2210 3335 2259 x,
3370 2196 3431 2273 ιξ
3483 2188 3672 2273 Metui.

2110 2272 2203 2321 xu,
2229 2257 2340 2328 42).
2377 2260 2745 2329 Verumtamen
2785 2262 2956 2315 inerat
3003 2257 3053 2315 in
3091 2257 3374 2317 Salomone
3400 2264 3635 2319 doctrina
3662 2308 3679 2329 ,

2109 2342 2226 2448 ﬂuat
2252 2329 2427 2382 verbis
2456 2328 2570 2397 ejus
2608 2331 2911 2398 longissime
2934 2346 2995 2385 ac
3023 2332 3275 2386 latissime
3303 2333 3584 2389 dilfamatis
3611 2328 3679 2391 ad

2150 2396 2414 2448 iseendum
2448 2400 2614 2448 notuit
2639 2400 2901 2448 studiosos
2918 2402 3122 2448 animos
3148 2403 3381 2448 excitare
3412 2420 3425 2448 ε
3456 2407 3679 2448 nrnindn

2150 2396 2414 2473 iscendum
2448 2396 2614 2464 patuit
2639 2396 2901 2473 studiosos
2918 2402 3122 2473 animos
3148 2403 3381 2473 excitare
3412 2420 3425 2454 :
3456 2407 3682 2473 proinde

2111 2465 2198 2518 illa
2228 2481 2331 2543 non
2378 2468 2627 2522 latentem
2656 2469 2821 2523 Deum
2842 2470 2979 2543 ,_sed
3004 2471 3321 2543 loquentem
3365 2465 3632 2528 hominem
3662 2515 3685 2543 ,

2110 2548 2216 2587 non
2259 2535 2482 2610 adorare
2513 2548 2763 2610 venerat,
2793 2540 2893 2610 sed
2915 2535 3116 2610 audire.
3150 2540 3245 2594 llic
3272 2550 3445 2594 autem
3468 2544 3555 2610 qui
3587 2535 3684 2597 do;

2110 2614 2329 2657 naverat
2356 2606 2499 2659 illam
2528 2608 2838 2674 sapientiam
2863 2608 3129 2663 Salomoni
3153 2650 3168 2673 ,
3210 2619 3263 2662 et
3287 2620 3397 2663 erat
3428 2606 3593 2667 virtus
3619 2629 3683 2669 ac

2113 2674 2368 2751 sapientia
2401 2677 2529 2742 Dei,
2563 2677 2865 2751 infirmitate
2889 2678 3064 2751 carnis
3095 2678 3339 2751 indutus,
3375 2681 3546 2735 adhuc
3590 2699 3681 2751 per

2110 2744 2590 2820 pusillamattatem
2621 2748 2826 2820 tacebat
2854 2747 2905 2820 in
2935 2747 3139 2820 terris,__
3147 2750 3254 2815 jam
3285 2764 3378 2818 per
3405 2744 3677 2820 amplissi-

2111 2826 2251 2866 mam
2276 2813 2602 2881 majestatem
2630 2816 2862 2869 clarebat
2893 2817 2909 2847 ³
2945 2817 2995 2869 in
3025 2813 3196 2870 caelis.

2266 2881 2569 2955 Detestunda
2595 2883 2814 2955 Herodis
2838 2885 3123 2947 crudelitas,
3152 2888 3243 2939 sed
3262 2888 3419 2955 magis
3441 2890 3674 2945 miranda

2109 2950 2319 3025 _a_tultitia
2344 2951 2659 3025 Judteorum.
2690 2954 2825 3025 Quid
2869 2956 3024 3008 times
3048 2998 3062 3019 ,
3097 2950 3371 3010 Herodes?
3400 2960 3523 3025 quid
3566 2976 3683 3014 ma-

2110 3018 2250 3089 ligna
2280 3031 2457 3075 mente
2486 3018 2751 3076 turbaris?
2783 3026 2837 3078 Si
2877 3018 3097 3096 salutem
3147 3034 3287 3096 tuam
3335 3018 3509 3096 sapias
3534 3070 3549 3091 ,
3597 3031 3687 3085 ille

2110 3101 2263 3143 natus
2292 3101 2373 3162 est
2398 3107 2489 3159 per
2513 3108 2669 3161 quem
2700 3109 2922 3162 regnum
2969 3095 3059 3146 Dei
3104 3095 3301 3160 videas,
3352 3095 3455 3149 neu
3485 3100 3568 3151 cui
3597 3115 3683 3154 re-

2108 3172 2269 3233 gnum
2301 3161 2569 3233 heminum
2602 3161 2854 3217 invideas.
2904 3162 3039 3228 Quid
3082 3166 3275 3217 saevis?
3320 3166 3443 3233 quid
3482 3169 3683 3223 occidis

2109 3229 2504 3308 infantesiquid
2526 3237 2735 3308 aetatem
2753 3234 3015 3308 innoxiam
3043 3234 3234 3286 noxius
3262 3229 3418 3308 noxio
3439 3237 3613 3308 gladio
3637 3241 3681 3305 ‘,

2108 3300 2417 3371 ins‘ectaris?
2444 3302 2484 3352 A
2515 3301 2688 3369 gladio
2707 3302 2845 3370 regis
2872 3303 3027 3369 hujus
3047 3318 3203 3356 nemo
3223 3306 3323 3356 erit
3342 3300 3679 3371 crudelitate,

2108 3367 2201 3447 sed
2235 3369 2425 3447 pietate
2467 3367 2703 3447 securus:
2747 3367 3064 3447 Detestanda
3107 3388 3241 3447 ergo
3279 3375 3425 3447 regis
3459 3367 3685 3430 Herodis

2109 3439 2311 3491 insania
2361 3454 2376 3492 :
2425 3439 2521 3509 sed
2567 3440 2732 3508 magis
2776 3441 3014 3494 miranda
3060 3439 3276 3495 stultitia
3326 3443 3630 3498 Judmorum
3664 3488 3680 3509 ,

2109 3518 2480 3578 propteriquos
2503 3507 2815 3577 judicaudos
2838 3510 3183 3578 dispositione
3210 3512 3386 3566 divina
3414 3527 3475 3567 se
3494 3528 3524 3567 a
3546 3507 3678 3569 con?

2108 3587 2289 3651 speetu
2323 3577 2588 3651 Magorum
2614 3578 2883 3651 Christum
2903 3577 3249 3648 qumrentium
3280 3597 3565 3651 parumper
3588 3586 3674 3638 illa

2107 3644 2568 3722 stella_subtraxit.
2602 3648 2855 3716 Apparuit
2899 3644 3146 3722 namque,
3190 3658 3247 3722 ut
3275 3644 3449 3722 locum
3473 3644 3543 3706 ἰιι
3573 3668 3680 3722 quo

2109 3728 2239 3788 puer
2264 3714 2427 3788 fuerat
2437 3757 2449 3777 ,
2470 3714 2878 3788 demonstraret.
2898 3714 3112 3773 Poterat
3135 3719 3315 3788 utique
3341 3721 3496 3775 index
3524 3714 3681 3776 etiam

2107 3784 2332 3838 civitatis
2348 3785 2594 3856 existere;
2614 3787 2706 3856 sed
2723 3787 2862 3856 quod
2879 3787 2929 3840 in
2945 3784 3249 3843 Bethlehem
3271 3789 3421 3842 Judaa
3441 3791 3683 3846 Christus

2108 3862 2435 3931 nasceretur,
2467 3856 2534 3909 de
2561 3854 2959 3931 Libris'sanetis
3005 3858 3309 3931 interrogati
3337 3858 3504 3931 Judaei
3528 3930 3531 3931 ν
3553 3876 3679 3931 pro-

2108 3920 2248 3996 ferre
2268 3924 2792 3996 _debueruntpparati
2817 3926 2882 3996 ad
2912 3920 3233 3996 legendum,
3270 3930 3396 3981 oeci
3425 3930 3490 3983 ad
3523 3920 3680 3984 intel-

2108 3990 2395 4060 ligendum,
2415 3994 2537 4066 _duri
2555 3990 2991 4066 ad'credendum:
3016 3996 3123 4049 Hos
3150 3990 3277 4066 ergo
3301 3999 3463 4052 etiam
3495 4014 3592 4053 nos
3627 4001 3680 4054 in

2106 4068 2367 4136 vetustate
2414 4063 2602 4136 litterae
2648 4063 3010 4136 dimittamus,
3062 4074 3118 4119 et
3165 4063 3234 4121 ex
3281 4081 3465 4121 eorum
3513 4068 3681 4136 adjuti

2107 4129 2380 4184 codicibus
2399 4172 2413 4195 ,
2440 4132 2765 4188 adorandum
2806 4134 3075 4189 Christum
3094 4150 3213 4189 cum
3236 4137 3350 4191 istis
3369 4129 3680 4208 alienigenis

2106 4213 2477 4269 agnoscamus.

2571 4312 2797 4369 SERMO
2833 4312 3095 4368 CXXXIII
3127 4316 3225 4385 (a).

2526 4409 2578 4454 ιιι
2599 4405 2852 4467 Epiphania
2873 4406 3075 4460 Domini.
3098 4421 3148 4456 ιιι
3172 4405 3260 4468 (b).

2184 4485 2231 4537 Ι.
2256 4484 2600 4539 Solemnitatis
2614 4503 2766 4540 causa
2778 4497 2822 4540 et
2837 4488 2986 4539 ratio.
2999 4486 3244 4553 Causam,
3258 4488 3612 4554 dilectissimi,
3629 4502 3687 4548 et

2107 4554 2367 4631 rationem
2398 4557 2746 4631 solemnitatis
2759 4556 3048 4631 hodiernae,
3067 4572 3207 4626 saepe
3222 4560 3371 4631 vobis
3382 4569 3435 4614 et
3450 4576 3683 4631 evange-

2109 4621 2208 4677 lica
2248 4624 2501 4690 narratio,
2533 4634 2602 4698 et_
2624 4627 2975 4680 observantiae
3017 4621 3345 4698 consuetudo
3393 4621 3681 4698 patefecit:

2109 4707 2207 4763 nec
2236 4708 2455 4748 necesse
2480 4703 2560 4749 est
2590 4695 2658 4747 ita
2692 4709 2829 4748 nunc
2857 4711 2974 4763 qua:
3014 4696 3153 4750 inter
3192 4695 3478 4752 Salvatoris
3514 4703 3682 4754 nostri

2107 4760 2334 4837 humana
2368 4763 2651 4837 primordia
2668 4774 2801 4837 sunt
2829 4760 2982 4837 gesta
2999 4805 3012 4827 ,
3054 4766 3298 4834 replicari
3324 4776 3383 4820 ut
3405 4768 3471 4821 de
3495 4770 3683 4837 splen-

2106 4830 2237 4905 dore
2266 4830 2386 4905 novi
2413 4832 2632 4905 sideris,
2647 4833 2713 4886 de
2734 4830 2916 4905 Magis,
2940 4830 3315 4905 Magoritmque
3349 4830 3678 4905 muneribus,

2106 4901 2173 4953 de
2201 4902 2401 4954 saevitia
2442 4902 2685 4965 Herodis,
2712 4912 2765 4956 et
2789 4902 2855 4957 de
2881 4901 3245 4959 interiectione
3267 4906 3539 4960 infantium
3568 4901 3681 4961 dis-

2105 4983 2376 5045 seramus;
2404 4972 2925 5045 eum,__sicut_nostis,
2962 4983 3017 5045 et
3055 4974 3302 5045 in_stell:e
3349 4976 3549 5045 fulgore
3590 4978 3683 5032 Dei

2106 5040 2295 5118 gratia,
2329 5050 2383 5093 et
2409 5041 2660 5118 _in__tribu§
2688 5041 2815 5094 viris
2852 5043 3057 5096 vocatio
3094 5042 3370 5118 Gentium,
3400 5040 3453 5099 et
3478 5048 3529 5118 in
3558 5062 3684 5118 rege

2106 5109 2269 5178 impio
2297 5109 2581 5163 crudelitas
2610 5111 2939 5178 Paganorum
2965 5151 2980 5176 ,
3023 5120 3076 5165 et
3115 5113 3167 5165 in
3208 5115 3475 5169 occisione
3506 5109 3681 5169 infan-

2109 5177 2257 5251 tium,
2275 5190 2594 5251 cunctorum
2622 5177 2923 5251 martyrum
2972 5180 3138 5234 forma
3182 5185 3538 5251 prmcesserit.
3568 5185 3675 5239 Sed

2105 5247 2224 5315 quia
2274 5248 2325 5300 in
2371 5249 2736 5320 sacratissimo
2774 5247 2865 5303 die
2918 5247 3242 5305 reddendum
3294 5255 3586 5320 exspectati
3609 5253 3677 5306 uti

2076 5328 2080 5335 ’
2106 5326 2296 5371 vestra:
2324 5328 2405 5371 est
2430 5318 2772 5373 sacerdotalis
2801 5322 3062 5375 sermonis
3087 5320 3344 5389 ofﬁcium,
3367 5318 3595 5377 nitamur
3620 5333 3678 5381 ut

2168 5470 2184 5500 ί
2210 5475 2277 5516 Ita
2298 5475 2405 5518 Mss.
2431 5481 2619 5531 omnes.
2646 5477 2701 5519 At
2723 5470 2865 5531 editi,
2888 5470 3142 5521 clamabat.

2168 5530 2188 5595 ξ
2212 5535 2263 5595 tn
2284 5537 2387 5595 uss.
2412 5530 2593 5595 desunt
2615 5532 2945 5595 voces,7noa:io
2961 5532 3139 5595 gladio.

2168 5590 2240 5667 te)
2262 5589 2500 5667 9519199.
2511 5599 2752 5667 Temper?
2890 5602 2941 5667 (ξι
2961 5589 3088 5667 basta
3116 5595 3163 5643 ίιι
3181 5595 3461 5667 ,ΑΡΡθῐιάίοθ
3476 5595 3553 5667 ξι

2112 5712 2120 5721 ο
2145 5649 2238 5724 (ὁ)
2262 5657 2341 5724 Fs}
2360 5653 2531 5700 Leonis
2556 5649 2687 5724 papae
2699 5652 2763 5724 de
2787 5649 3040 5724 Epiphania
3061 5649 3241 5706 Domini
3258 5649 3474 5719 octavus,
3489 5659 3679 5723 ipsique

2111 5712 2160 5760 in
2180 5712 2402 5761 omnibus
2424 5712 2757 5776 manuscriptis
2790 5712 3030 5764 tribuitur.
