3994 6178
766 261 794 276 ἄρ

399 433 606 502 implere
629 447 824 485 omnem
843 429 1134 502 justitiam:
1166 427 1216 483 id
1247 434 1346 490 est,
1371 426 1510 502 Quid
1538 427 1790 502 truncis-ta
1819 441 1937 502 com
1956 452 1974 464 ο

400 495 701 558 memoras?
729 495 1060 567 Propositum
1087 508 1345 565 suscepta:
1371 497 1384 528 ⁸
1415 495 1726 567 htnuilitatis
1751 496 1974 564 implen-

397 573 524 628 dum
559 581 661 627 est.
691 566 840 624 'I‘unc
866 569 955 622 ille
981 569 1068 636 qui
1102 583 1422 634 ιιι-ςιτειιιιιυιοιι
1460 566 1797 631 formidabat,
1829 567 1975 620 velo-

399 645 534 698 citer
560 643 728 707 paruit
763 638 1115 707 pra‘oipieutis
1145 637 1385 707 imperio.

467 714 521 767 4.
561 705 823 765 Trinitatis
850 707 1208 775 manifestatio,
1243 705 1432 777 ill/tristi
1460 705 1702 777 potentia.
1733 705 1977 775 Baptiza-

399 790 486 836 tur
523 795 651 848 ergo
676 779 832 833 .lesus
861 792 966 848 non
989 777 1088 830 sibi
1112 817 1130 848 ρ
1162 776 1254 830 sed
1287 776 1439 828 nobis
1461 775 1833 848 Ξίιιιψιίῑιιιιιιςγε
1868 793 1973 830 nou

399 860 458 903 ut
488 844 792 918 purificetur
818 847 989 918 aquis,
1031 847 1123 900 sed
1171 857 1231 901 ut
1274 860 1436 918 aquas
1480 847 1592 918 ipse
1632 844 1970 918 sanctificet:

400 915 695 988 baptizatur
719 931 892 970 novus
919 915 1110 988 homo,
1143 925 1213 988 Διιι
1253 916 1377 988 novi
1405 915 1972 988 Baptismatisuconsti-

398 983 511 1042 tuat
538 995 949 1042 sacramentum.
981 983 1153 1054 Aperti
1180 993 1295 1038 sunt
1317 1026 1331 1047 ,
1366 985 1554 1053 inquit,
1585 985 1631 1038 ei
1658 985 1770 1038 διιέιί
1789 1000 1806 1038 ;
1826 985 1973 1038 aesti-

399 1072 488 1112 mo
530 1068 587 1112 ut
630 1059 680 1110 in
721 1056 1027 1110 coelestibus
1068 1065 1207 1108 esset
1252 1054 1562 1107 miraculum
1604 1055 1670 1123 tle
1731 1056 1810 1108 his
1857 1069 1975 1123 quae

396 1127 713 1196 gerebantur
740 1128 791 1179 in
821 1126 997 1196 terris,
1020 1125 1158 1196 sicut
1177 1123 1570 1196 aitSeriptura,
1593 1122 1665 1196 In
1689 1141 1832 1196 quem
1851 1122 1975 1196 cou-

398 1192 656 1262 Eupiscunt
695 1195 870 1264 Angeli
912 1193 1267 1265 prospiceretl
1314 1192 1456 1246 Patr.
1485 1193 1662 1265 1,12).
1698 1193 1975 1265 Quomodo

399 1266 546 1319 enim
567 1263 816 1334 poterant
841 1263 942 1316 non
974 1263 1150 1334 mirari
1181 1263 1413 1317 Virtutes
1437 1263 1693 1334 caelorum
1721 1274 1770 1316 et
1799 1264 1976 1317 Domi-

399 1331 672 1391 natiories.
703 1335 985 1391 Cherubim
1016 1343 1069 1386 et
1092 1331 1402 1400 Seraphim,
1433 1348 1554 1386 cum
1596 1333 1838 1387 viderent
1870 1334 1974 1386 Do-

399 1405 598 1456 tniumn
647 1402 866 1456 sabaotli
910 1404 959 1455 in
1002 1401 1160 1455 fluvio
1203 1403 1270 1456 ab
1314 1401 1530 1456 homine
1569 1403 1863 1472 baptizari?
1908 1402 1977 1457 Ut

397 1484 572 1527 autem
628 1473 847 1527 Joannis
890 1473 1159 1526 attestatio
1212 1472 1372 1526 etiam
1418 1472 1624 1527 ecelesti
1672 1474 1976 1526 testimonio

397 1544 762 1605 confirmetur,
783 1539 1193 1611 vitletSpiritutu
1221 1549 1459 1596 sanctum
1481 1542 1740 1611 Corporali
1770 1543 1972 1611 specie,

398 1613 546 1682 quasi
575 1613 874 1682 columbam
902 1610 1315 1682 descendentem
1340 1651 1354 1673 ,
1401 1621 1455 1665 et
1483 1610 1784 1682 manentem
1805 1610 1976 1682 super

397 1679 578 1735 Jesum
607 1700 619 1734 :
648 1681 794 1734 audit
829 1689 882 1732 et
932 1681 1146 1735 Patrem
1197 1681 1493 1744 dicentem,
1550 1679 1648 1732 Hic
1693 1691 1766 1733 est
1813 1679 1977 1735 Filius

398 1767 535 1822 naeus
560 1750 800 1822 dilectus,
828 1748 878 1822 in
907 1766 1018 1822 quo_
1031 1751 1160 1822 mihi
1185 1749 1312 1822 bene
1333 1751 1615 1822 rontplacui
1644 1748 1864 1822 (Matth.
1897 1766 1973 1822 ιιι,

402 1818 614 1891 ιιιτιιλ
644 1818 945 1891 Advertite,
979 1819 1334 1891 dilecnssitni
1358 1820 1576 1891 fratres.
1605 1818 1797 1888 quanta
1826 1820 1977 1891 nobis

399 1890 449 1941 in
481 1887 794 1957 baptismate
841 1888 1045 1942 Domini
1093 1889 1259 1941 nostri
1311 1888 1435 1942 Jesu
1477 1887 1672 1943 Christi
1718 1890 1976 1957 patefacta

397 1959 467 2011 sit
494 1959 656 2026 gratia
683 2000 698 2021 ,
727 1973 883 2025 quam
921 1959 1101 2012 subtili
1139 1959 1485 2012 Sacramento
1528 1959 1760 2012 Trinitas
1788 1974 1847 2013 se
1878 1959 1976 2011 bo-

398 2027 483 2081 die
506 2027 703 2081 homini
737 2027 1009 2080 revelavit.
1038 2029 1194 2080 Pater
1221 2029 1360 2080 enim
1387 2029 1599 2082 auditur
1623 2029 1675 2082 in
1701 2045 1851 2093 voce,
1882 2029 1973 2082 Fi.

400 2096 500 2150 lius
529 2096 896 2150 manifestatur
918 2098 968 2150 in
997 2096 1230 2162 homine,
1275 2096 1504 2165 Spiritus
1545 2107 1760 2152 sanctus
1786 2098 1978 2165 digno-

397 2167 562 2237 scitur
605 2167 655 2220 in
705 2167 971 2237 columba.
1023 2165 1191 2237 Quam
1244 2167 1468 2219 mirifico
1505 2175 1682 2221 autem
1726 2169 1979 2237 mysterio

401 2236 652 2288 Dominus
680 2244 858 2288 noster
883 2235 1037 2289 Jesus
1063 2236 1301 2287 Christus
1328 2237 1407 2288 vel
1441 2244 1578 2289 tactu
1605 2235 1847 2303 corporis
1873 2238 1977 2299 sui,

400 2306 478 2358 vel
503 2306 724 2357 transitu
751 2304 933 2367 gloriae
955 2321 1062 2357 sum
1083 2319 1296 2358 omnem
1318 2305 1383 2357 ad
1410 2314 1740 2359 momentum
1770 2316 1980 2360 creatu-

400 2389 511 2426 ram
552 2375 880 2434 sanctilicat,
931 2373 1158 2427 viviticat
1199 2383 1253 2428 et
1297 2374 1566 2428 illustrat?
1616 2377 1796 2442 Aquas
1836 2378 1978 2430 enim

396 2451 692 2506 consecrat,
733 2443 856 2496 dum
901 2444 1220 2511 baptizatur;
1257 2453 1449 2498 terram
1481 2443 1813 2507 sanctificat.
1851 2445 1975 2498 dum

397 2513 691 2582 sepelitur;
725 2523 961 2566 mortuos
987 2515 1205 2566 suscitat
1230 2553 1245 2575 ,
1287 2513 1410 2566 dum
1450 2514 1710 2582 resurgit;
1741 2515 1979 2570 cmlestia

397 2582 674 2647 gloriftrat.
700 2582 824 2636 dum
851 2583 1092 2637 ascendit
1121 2582 1175 2637 iu
1204 2585 1420 2651 cauum,
1449 2593 1504 2640 et
1519 2585 1666 2640 sedet
1698 2585 1765 2640 ad
1791 2586 1978 2641 dexte-

400 2667 513 2705 ram
544 2654 734 2706 l‘atris.

859 2728 1088 2828 SEltilO
1125 2769 1364 2827 cxxxv
1407 2771 1508 2843 (α).

827 2883 878 2933 ln
900 2885 1152 2947 Epiphania
1174 2886 1374 2947 Domini,
1396 2900 1423 2936 v
1448 2883 1542 2948 (ὁ).

472 2983 523 3041 1.
569 2986 719 3042 Unda
768 2989 989 3056 amplius
1038 2988 1200 3041 ditata
1246 3005 1396 3058 quam
1448 2987 1634 3042 Maria.
1685 2987 1984 3054 Intelligere

399 3072 702 3128 poSsumus,
733 3059 922 3112 fratres
951 3059 1270 3122 charissimi,
1300 3069 1549 3126 quantam
1572 3060 1792 3127 gratiam
1822 3059 1981 3114 Chri-

399 3127 484 3180 SIo
526 3127 757 3197 Domino
805 3128 1113 3192 debeamus,
1165 3129 1252 3197 qui
1311 3138 1426 3182 vota
1476 3129 1614 3182 votis
1663 3130 1980 3194 accumulat,

399 3196 594 3266 gaudia
616 3198 820 3266 gaudiis
851 3196 1194 3265 multiplicat.
1215 3198 1350 3252 Ecce
1379 3198 1518 3252 enim
1546 3198 1720 3253 adhuc
1749 3200 1984 3253 eXSuIta-

401 3265 517 3319 tuus
541 3265 810 3321 Chi-istum
836 3267 1118 3321 Dominum
1150 3279 1325 3320 uatum
1347 3283 1362 3331 ;
1388 3277 1438 3321 ct
1459 3268 1714 3337 jamieum
1743 3269 1985 3324 lwtatnur

402 3351 499 3405 pro
527 3339 694 3391 salute
725 3339 934 3390 humani
957 3337 1166 3406 generis
1191 3337 1528 3405 baptizatum.
1578 3336 1811 3392 Necdum
1832 3352 1985 3394 ortus

402 3407 521 3475 ejus
548 3416 630 3461 est
655 3409 861 3476 expleta
905 3406 1201 3476 festivitas;
1244 3416 1299 3462 et
1338 3409 1447 3476 jam
1495 3407 1828 3474 baptismatis
1869 3409 1985 3476 ejus

400 3486 481 3529 est
505 3475 824 3532 celebranda
855 3475 1187 3530 solemnitas.
1217 3477 1309 3530 \‘ix
1334 3486 1487 3530 natus
1521 3486 1603 3530 est
1640 3475 1981 3544 hominibus;

401 3557 452 3599 et
479 3547 588 3613 jam
615 3547 912 3600 renascitur
931 3547 1300 3617 sacramentis.
1333 3547 1497 3600 Hodie
1522 3548 1684 3606 enim.
1719 3549 1840 3603 licet
1867 3560 1986 3617 post

403 3617 567 3668 multa
588 3631 846 3668 annorum
875 3630 998 3666 corr
1017 3615 1156 3676 cula,
1179 3627 1517 3669 Consecratus
1544 3627 1624 3669 est
1648 3618 1698 3669 in
1728 3615 1979 3672 .lordane.

405 3683 478 3756 ita
501 3699 628 3752 ergo
649 3683 910 3753 disposuit
938 3685 1213 3756 ltoiuinus,
1239 3694 1294 3735 ut
1315 3684 1450 3737 votis
1469 3695 1590 3738 vota
1616 3685 1980 3756 subjungeret,

405 3752 504 3824 l_i_oc
539 3763 630 3824 est
653 3793 669 3817 ,
699 3752 754 3805 ut
784 3768 890 3805 uno
919 3753 1216 3824 eodemque
1257 3763 1493 3824 tempore
1522 3764 1578 3808 et
1616 3752 1864 3809 ederetur
1891 3752 1985 3824 per

405 3820 714 3894 Virginem,
742 3830 814 3894 _ct
841 3835 948 3894 per
995 3823 1305 3894 mysterium
1347 3823 1682 3894 gigneretur;
1735 3820 1984 3894 essetque

402 3892 704 3947 continuata
735 3891 1026 3958 festivitas,
1057 3892 1234 3946 carnis
1280 3893 1570 3946 nativitatis
1612 3903 1774 3964 atque
1816 3891 1985 3964 bapti-

466 4053 482 4084 ι
509 4059 557 4116 ιιι
583 4051 742 4116 editis,
759 4050 1061 4116 proposition
1079 4049 1284 4116 suscepi.
1308 4063 1398 4101 rm.
1424 4055 1527 4112 Ms,
1553 4050 1850 4116 Propositum
1871 4066 1983 4105 san-

397 4121 493 4164 cte
514 4112 810 4163 Imutilt'tatis.

483 4193 536 4256 ιι)
569 4195 708 4252 Alias,
730 4195 794 4242 de
816 4201 1052 4256 Tempore
1073 4193 1152 4244 36.

489 4255 537 4318 li)
573 4260 619 4318 In
645 4255 1081 4318 Appendicernunc
1104 4257 1309 4317 primum
1331 4256 1606 4308 collocatur.
1639 4257 1821 4308 Dubius
1849 4270 1878 4307 ε
1897 4265 1982 4309 Lo-

399 4315 740 4383 yanieusibu's',
765 4315 1008 4383 averlino
1041 4315 1210 4383 autem
1226 4325 1277 4383 et
1300 4319 1530 4382 \indingo
1553 4320 1883 4383 supposititius
1901 4321 1985 4370 ha-

401 4378 564 4426 betur.
590 4385 692 4444 Non
710 4377 859 4444 verba
875 4377 1108 4426 duntaxat
1123 4378 1347 4444 inusitata
1369 4377 1658 4444 Augustino;
1669 4381 1826 4444 qualia
1848 4391 1978 4444 sunt,

409 4455 431 4482 ι
459 4450 574 4502 pura
597 4439 723 4502 unda
746 4439 1051 4502 submersum
1069 4471 1084 4494 ,
1121 4440 1564 4502 alarizeeastifieatio
1581 4477 1596 4502 ,
1620 4439 1766 4490 maria
1789 4439 1984 4496 calculis

409 4515 432 4568 ς
454 4497 683 4568 alligavit,
710 4508 952 4568 pagorum
971 4500 1111 4548 beata
1136 4499 1317 4562 legatio
1334 4514 1348 4560 ;
1365 4517 1386 4544 ι)
1417 4503 1504 4568 sed
1527 4497 1760 4568 contraria
1787 4517 1983 4568 quoque

402 4560 555 4624 ipsius
576 4560 805 4624 doctrinae
827 4561 1057 4624 continet,
1084 4560 1233 4623 atque
1255 4574 1346 4609 usu
1370 4561 1640 4624 periculosa
1657 4598 1670 4623 ,
1693 4573 1746 4614 ut
1778 4560 1888 4613 c'utn
1903 4560 1983 4618 'de

402 4574 555 4667 ιιίῗιιιε
576 4574 805 4610 uoca-mae
827 4574 1057 4617 continet,
1084 4574 1233 4623 atque
1255 4574 1346 4609 usu
1370 4574 1640 4624 periculosa
1657 4598 1670 4623 ,
1693 4574 1746 4614 ιιι
1778 4578 1888 4613 eum
1919 4574 1983 4618 de

398 4627 433 4666 c
469 4621 586 4684 risto
615 4622 806 4684 dicitur,
838 4638 860 4666 ιι
878 4622 977 4684 jam
1014 4624 1280 4672 renascitur
1312 4627 1650 4683 sacramentis,
1675 4635 1985 4679 consecratus

409 4698 434 4746 ς
455 4688 532 4730 est
560 4681 829 4746 ln‘Jordane
848 4681 991 4746 {per
1005 4685 1283 4746 mysterium
1314 4681 1660 4746 gigneretur,’
1692 4694 1786 4736 etc.
1828 4705 1852 4734 ι
1872 4690 1986 4746 Quae

400 4741 577 4792 haresi
601 4743 764 4808 favent
797 4741 965 4808 Felicis
988 4741 1270 4808 Urgelitaui,
1295 4741 1458 4808 contra
1470 4741 1618 4808 quem
1641 4746 1864 4796 Alc-uinus
1887 4741 1986 4798 dis-

395 4802 687 4870 putanslib.
700 4803 732 4870 f2
756 4837 771 4860 ,
795 4821 817 4849 tt
839 4809 888 4852 In
905 4802 1206 4870 baptismate,
1239 4826 1261 4853 α
1281 4807 1365 4863 ait,
1398 4824 1419 4852 ι
1439 4802 1650 4870 Joannis,
1675 4809 1723 4856 in
1746 4822 1843 4870 quo
1858 4811 1986 4860 Chri-

409 4881 433 4908 ε
455 4865 848 4928 διιιδλιιαιοιίῑιιιιιε
872 4865 978 4921 est;
992 4879 1086 4928 non
1122 4869 1210 4916 l'uit
1231 4869 1562 4928 regeneratio.
1585 4885 1608 4913 ιι
1638 4865 1795 4919 Habes
1817 4871 1906 4920 hac
1920 4873 1985 4922 de

397 4926 732 5000 ire‘insigiieip.
749 4927 1030 5000 ΔΛιιειιδξὶιιξΔ
1048 4926 1412 5000 sententiainin
1445 4929 1647 5000 etistola
1672 4930 1757 5000 [87
1773 4966 1789 4990 ,
1813 4945 1863 4979 ιι.
1882 4933 1936 4982 51
1968 4949 1981 4984 :

404 5004 432 5031 4
452 4984 766 5056 ltrofeé‘to‘ille
784 4984 1095 5056 singulariter
1118 4996 1268 5056 natus
1289 4996 1363 5036 est
1380 5023 1394 5046 ,
1421 4984 1498 5038 cui
1521 4992 1709 5056 renasci
1747 4984 1986 5056 nonopus

404 5067 432 5092 ς
451 5048 578 5096 fuit.)
602 5053 649 5096 In
673 5048 946 5109 netiiigiano
958 5047 1124 5097 codice
1147 5052 1340 5108 prail’ert
1353 5063 1528 5099 nomen
1547 5053 1852 5101 ambrosiin
1870 5047 1987 5106 falso

396 5109 630 5172 quidem,
655 5109 744 5172 seu
783 5108 943 5157 editus
963 5109 1089 5172 forte
1121 5117 1198 5157 est
1219 5122 1280 5157 ex
1313 5113 1574 5172 suppositis
1605 5114 1850 5163 ambrosio
1883 5131 1986 5165 ser-

400 5171 643 5238 monibus,
667 5171 775 5238 sive
794 5171 855 5238 ab
880 5171 1054 5238 eodem
1078 5178 1273 5238 auctore
1297 5182 1330 5238 a_
1346 5171 1444 5238 quo
1459 5175 1645 5238 prodiit
1677 5187 1840 5224 sermo
1861 5181 1986 5238 apud

409 5230 701 5297 mulirosinm
723 5232 795 5290 l7,
817 5231 885 5280 de
909 5233 1143 5292 Baptismo
1163 5231 1331 5280 Christi
1349 5230 1592 5295 {ubi—ipse
1617 5238 1841 5287 Dominus
1864 5230 1988 5297 fari-

402 5297 494 5361 (er.
517 5291 690 5339 dicitur
707 5310 753 5361 με
774 5291 1084 5361 consecratus
1102 5326 1116 5349 ,
1142 5299 1281 5361 natus
1305 5300 1356 5361 et
1372 5291 1663 5361 generatus»
1685 5310 1773 5357 per
1804 5291 1987 5361 mvste-

408 5370 435 5392 α
458 5352 580 5398 rium
598 5365 614 5420 _:
636 5368 659 5396 ι
705 5352 769 5420 ita
812 5360 866 5402 ut
897 5354 1008 5420 lucc
1046 5355 1145 5415 ipsa
1175 5355 1285 5403 dies
1321 5352 1590 5420 ibi‘natalis
1621 5352 1729 5419 ejus
1759 5352 1985 5420 vocetur;

396 5412 803 5478 quemadmodum
826 5422 878 5462 et
895 5415 941 5462 in
967 5416 1056 5478 hoc
1065 5412 1300 5464 sermone
1324 5415 1497 5478 legere
1517 5424 1609 5475 est,
1640 5412 1852 5469 (Natalis
1869 5412 1988 5478 ergo

412 5471 600 5544 Ielioglie
617 5472 741 5544 alter
771 5482 845 5544 est
875 5476 1081 5544 quodam
1112 5478 1251 5524 modo
1272 5471 1538 5544 Salvatoris.
1555 5471 1854 5544 {Praeterea
1877 5471 1986 5544 quae

403 5531 481 5579 llic
519 5534 687 5604 Ioseph
726 5531 936 5604 interiit
968 5544 1116 5604 Deum
1153 5545 1339 5604 Patrem
1386 5537 1648 5604 instituitur
1677 5531 1986 5604 comparatio,

405 5604 500 5662 non
517 5593 636 5662 aliis
649 5595 752 5643 fere
771 5597 934 5662 verbis
952 5597 1219 5662 explicatur
1244 5599 1290 5646 in
1307 5612 1542 5662 sermone
1567 5599 1624 5649 10
1645 5602 1770 5662 apud
1787 5593 1986 5652 'Antbrol

402 5661 552 5725 supra.
573 5661 762 5725 Suutet
783 5654 871 5706 alia
896 5654 1115 5725 quaedam
1128 5672 1246 5725 cum
1276 5659 1382 5710 aliis
1399 5654 1688 5724 quibusdam
1720 5664 1985 5714 Ambrosia-

403 5721 484 5757 ωδ
500 5717 810 5765 Sertnouibus
831 5719 1182 5770 convenientia.

1849 309 1954 365 AP?
1983 309 2208 366 ENDIX.
2697 326 2704 336 ‘
2873 316 2878 322 '
3006 325 3053 349 “-

3513 317 3663 377 2012

2083 424 2269 479 sinatis
2299 441 2310 476 :
2345 433 2401 478 ut
2427 423 2869 494 quemadmodum
2899 433 3023 481 tunc
3050 438 3170 481 eum
3199 427 3454 486 miramur
3478 432 3656 487 incor-

2081 506 2233 567 rupta
2278 504 2446 549 matre
2488 496 2853 567 progenitum;
2901 497 2970 549 ita
3021 505 3090 567 et
3119 513 3257 551 nunc
3300 500 3657 567 suscipiamus

2081 565 2228 638 illum
2255 580 2382 638 pura
2411 565 2547 638 unda
2575 567 2906 638 submersum
2933 583 2945 617 :
2969 573 3023 619 et
3046 566 3336 634 gloriemur
3360 571 3410 621 in
3435 565 3659 638 utroque

2084 634 2242 710 hieto,
2273 635 2395 702 quia
2428 634 2590 710 filiuni
2617 637 2799 710 genuit
2828 644 3027 700 mater,
3053 644 3108 689 et
3132 647 3275 710 casta
3303 649 3417 710 est;
3451 649 3505 693 et
3532 634 3654 710 quia

2080 703 2360 778 Christum
2393 703 2528 778 unda
2577 704 2721 764 lavit.
2742 711 2808 778 et
2853 715 3031 778 sancta
3061 715 3171 778 est.
3205 704 3343 778 _Nam
3375 709 3510 762 sicut
3539 703 3658 778 post

2083 782 2286 847 partum
2314 773 2605 841 glorilicata
2634 782 2715 826 est
2741 773 2913 847 Maria:
2944 774 3287 847 castificatio;
3316 777 3383 830 ita
3415 773 3656 847 post'ba-

2081 842 2334 917 ριίςιιιιιιιι
2361 857 2510 917 aqum
2538 851 2618 896 est
2649 843 2941 917 puriﬁcatio
2969 846 3310 917 comprobata
3343 863 3356 900 :
3389 842 3489 902 nisi
3514 851 3658 917 quod

2081 927 2214 980 pene
2235 911 2418 978 majori
2445 927 2683 975 munere,
2705 927 2861 980 quam
2887 912 3068 979 Maria,
3094 913 3230 966 unda
3253 914 3413 968 ditata
3442 911 3545 971 est:
3568 919 3659 972 Illa

2080 983 2220 1034 enim
2245 982 2344 1035 sibi
2363 990 2561 1034 tantum
2583 981 2774 1034 meruit
2801 980 3132 1044 castitatem;
3163 983 3260 1037 ista
3291 987 3440 1038 nobis
3466 990 3659 1040 eon‘tu-

2081 1050 2140 1104 lit
2169 1051 2779 1122 sanctiiicationcm._llla
2813 1051 3004 1122 meruit
3034 1067 3101 1122 ne
3134 1066 3371 1122 peccaret
3399 1072 3412 1120 ;
3446 1059 3564 1122 ista,
3597 1068 3648 1112 ut

2083 1129 2298 1194 peccata
2336 1131 2600 1194 purgaret.
2621 1188 2632 1194 _
2653 1119 2740 1173 Illa
2785 1119 3216 1194 propriadelicta
3243 1138 3356 1194 agse
3385 1119 3654 1194 repudiat,

2082 1188 2178 1244 ista
2219 1189 2270 1243 in
2313 1188 2372 1245 se
2404 1204 2499 1259 per
2542 1188 2635 1243 Dei
2676 1188 2900 1259 gratiam
2946 1188 3547 1251 aliena.condonat.'llli
3573 1188 3662 1254 est

2081 1261 2269 1316 collata
2301 1258 2605 1328 virginitas;
2647 1258 2732 1312 isti
2777 1259 2968 1313 donata
3015 1258 3331 1316 fecunditas.
3375 1263 3464 1317 Illa
3495 1281 3656 1320 unum

2083 1330 2411 1402 procreavit,
2435 1338 2488 1384 ct
2513 1329 2661 1402 virgo
2685 1337 2799 1402 est;
2831 1329 2928 1382 ista
2958 1338 3184 1402 generat
3202 1331 3410 1402 plures,
3444 1343 3498 1385 et
3524 1349 3654 1402 pura

2081 1397 2182 1454 est.
2234 1398 2327 1468 illa
2377 1407 2568 1468 prtetcr
2605 1397 2872 1452 Christum
2914 1397 3083 1452 nescit
3119 1397 3280 1454 alium
3317 1397 3658 1465 filiuntfista

2081 1484 2200 1524 cum
2230 1467 2443 1523 Christo
2469 1476 2637 1522 mater
2662 1477 2745 1520 est
2772 1469 3106 1536 populorum.

2151 1539 2205 1591 2.
2253 1537 2502 1591 Nativitas
2527 1536 2713 1592 Clu-isti
2738 1537 2974 1606 secunda.
3008 1537 3205 1591 Natalis
3243 1554 3371 1606 ergo
3401 1540 3558 1596 hodie
3582 1543 3656 1596 al-

2083 1616 2166 1661 ter
2191 1618 2274 1663 est
2301 1606 2529 1677 quodam
2574 1605 2733 1677 modo
2765 1605 3079 1677 Salvatoris.
3123 1606 3253 1660 Nam
3291 1610 3492 1663 eisdem
3536 1627 3658 1665 eum

2082 1678 2267 1745 signis,
2313 1675 2514 1731 eisdem
2558 1675 2829 1748 miraculis
2872 1677 3240 1748 cognoscimus
3265 1679 3500 1748 genitum
3521 1722 3537 1744 ,
3565 1681 3659 1736 διε-(1

2082 1744 2224 1801 nunc
2255 1749 2455 1816 majore
2495 1747 2749 1816 mysterio
2776 1744 3118 1816 baptizatum.
3165 1744 3400 1816 Denique
3427 1749 3659 1816 Spiritus

2082 1826 2317 1898 sanctus,
2345 1815 2432 1898 qui
2463 1813 2596 1894 tunc
2611 1814 2683 1868 illi
2711 1816 2760 1895 in
2790 1825 2940 1898 utcrp
2961 1813 3132 1898 adfuit
3162 1813 3372 1898 (ιτιιεξι,
3547 1835 3662 1896 mo-

2081 1883 2153 1939 do
2196 1900 2317 1938 eum
2361 1883 2414 1939 in
2451 1885 2662 1954 gurgite
2699 1884 3102 1954 circumfulsit:
3143 1883 3232 1954 qui
3273 1895 3397 1940 tunc
3442 1883 3661 1942 Mariam

2083 1955 2395 2025 castigavit,
2445 1952 2588 2025 nunc
2630 1952 2827 2006 ﬂuenta
2871 1952 3181 2025 sanctificat.
3229 1954 3384 2009 Pater
3415 1959 3503 2025 qui
3537 1966 3662 2012 tunc

2083 2023 2420 2097 obumbravit
2449 2023 2499 2076 in
2516 2022 2738 2097 virtute,
2768 2037 2906 2076 nunc
2930 2025 3121 2097 clamat
3151 2024 3203 2078 in
3233 2040 3362 2097 voce
3387 2043 3400 2078 :
3431 2022 3484 2080 et
3509 2029 3662 2097 quasi

2084 2094 2372 2146 maturiOre
2383 2091 2626 2156 consilio,
2641 2092 2726 2159 qui
2743 2099 2868 2147 tunc
2884 2092 3122 2145 umbram
3140 2095 3380 2160 pratsﬁtit
3411 2091 3664 2151 nativita-

2085 2163 2145 2224 ti,
2162 2163 2316 2215 itit)th
2339 2161 2695 2215 testimonium
2720 2161 2958 2228 perhibet
2980 2163 3206 2217 veritati.
3229 2165 3464 2218 Ailenitn
3490 2167 3660 2221 Deus:

2088 2230 2189 2302 (lic
2231 2242 2302 2284 est
2338 2230 2504 2283 Filius
2533 2247 2671 2302 meus
2701 2230 2928 2294 dilectus,
2973 2232 3024 2285 in
3072 2248 3168 2299 quo
3218 2234 3341 2286 mihi
3383 2237 3665 2302 complacui

2087 2299 2296 2372 (Matth.
2314 2301 2637 2368 ni,l7).ll:rc
2657 2302 2821 2372 prima
2842 2302 3164 2372 praiclarior.
3185 2299 3668 2372 Pra‘clarior'plane

2085 2371 2170 2442 est
2186 2373 2417 2442 secunda
2443 2387 2598 2438 quam
2614 2371 2782 2442 prima
2805 2372 3066 2442 nativitas.
3091 2371 3180 2425 Illa
3211 2373 3352 2426 enim
3375 2377 3486 2428 sine
3501 2371 3666 2442 teste,

2086 2441 2295 2494 silentio
2325 2440 2590 2494 Christum
2631 2441 2843 2509 genuit;
2876 2440 2972 2494 ista
3002 2457 3120 2494 cum
3148 2441 3439 2499 divinitatis
3463 2440 3669 2510 profess

2087 2510 2236 2565 sione
2267 2510 2545 2583 Dominum
2577 2510 2889 2583 baptizavit.
2909 2512 2989 2565 Ah
3016 2511 3101 2564 illa
3129 2526 3187 2566 sc
3211 2512 3429 2582 .Iost-ph,
3456 2515 3542 2583 qui
3571 2529 3670 2582 pa-

2087 2589 2168 2636 ter
2197 2582 2496 2651 putabatur,
2523 2590 2767 2651 excusat:
2795 2581 2850 2651 in
2882 2581 2978 2634 hac
3000 2596 3060 2636 se
3091 2590 3260 2650 pater,
3292 2581 3380 2650 qui
3414 2581 3516 2636 non
3545 2581 3672 2638 cre-

2086 2649 2620 2721 debatur,’iusinuat.
2674 2649 2748 2703 lbi
2789 2650 2995 2721 laborat
3039 2649 3428 2721 suspicionibus
3469 2665 3666 2720 mater,

2085 2723 2208 2790 quia
2235 2720 2545 2793 professioni
2560 2720 2747 2793 deerat
2771 2731 2950 2788 pater;
2982 2719 3380 2793 hicheuoratur
3403 2719 3667 2793 geniti-ix,

2087 2794 2206 2860 quia
2232 2792 2481 2846 divinitas
2503 2791 2664 2862 lilium
2693 2799 3035 2862 protestatnr.
3063 2791 3396 2862 Honoratior,
3421 2791 3667 2862 inquam,

2087 2861 2342 2919 secunda,
2382 2876 2538 2929 quam
2571 2861 2736 2928 prima
2767 2860 3010 2930 nativitas
3041 2877 3055 2914 :
3082 2861 3338 2930 siquidem
3378 2860 3529 2930 pater
3573 2863 3670 2919 hic

2091 2930 2231 2984 Deus
2258 2930 2550 2998 majestatis
2579 2930 2911 2994 inscribitur;
2943 2929 3049 2984 illic
3071 2929 3267 2998 .loseph
3299 2929 3491 2986 artifex
3512 2934 3670 2986 aesti-

2089 3012 2283 3053 matur.
2317 2999 2382 3053 Et
2404 2999 2522 3054 licet
2544 3001 2593 3053 in
2617 3009 2838 3069 utraque
2861 2999 3114 3053 Dominus
3140 3016 3236 3069 per
3262 3001 3515 3068 Spiritum
3541 3015 3672 3055 san-

2088 3079 2229 3142 ctum
2253 3081 2303 3123 et
2330 3079 2481 3142 natus
2500 3072 2598 3142 _sit,
2627 3078 2682 3123 et
2702 3069 3023 3142 baptizatus;
3052 3079 3228 3142 tamen
3253 3070 3559 3142 honoratior
3577 3078 3675 3127 est

2087 3141 2175 3209 qui
2197 3140 2678 3209 deicwliselatnat,
2702 3155 2865 3209 quam
2895 3140 2984 3207 qui
3008 3141 3058 3192 in
3084 3140 3241 3193 terris
3269 3140 3491 3194 laborat.

2161 3211 2213 3264 5.
2255 3208 2390 3264 Deus
2422 3208 2604 3280 Pater,
2636 3208 2806 3280 faber.
2834 3208 3029 3277 .Ioseph
3059 3224 3188 3277 ergo
3223 3209 3372 3264 faber
3417 3212 3466 3280 in
3507 3210 3674 3268 terris

2125 3289 2239 3332 ater
2292 3279 2571 3348 putabatur
2609 3278 2729 3332 esse
2784 3278 2990 3332 Domini
3049 3279 3340 3332 Salvat0ris
3370 3279 3499 3347 (Id.
3542 3297 3671 3348 xm,

2089 3294 2204 3403 ΕΒ).
2238 3363 2337 3403 nec
2375 3349 2442 3402 ab
2472 3349 2572 3402 hoc
2610 3363 2771 3403 onere
2814 3348 2952 3402 Deus
2989 3348 3076 3403 (mi
3107 3363 3230 3402 vere
3269 3360 3351 3403 est
3377 3351 3529 3403 Pater
3555 3350 3671 3403 Do-

2126 3349 2204 3418 5).
2238 3363 2337 3404 nec
2375 3349 2442 3402 ab
2463 3349 2572 3418 hoc
2610 3363 2771 3418 opere
2814 3348 2952 3402 Deus
2989 3348 3076 3418 qui
3107 3363 3230 3402 vere
3269 3360 3351 3403 est
3377 3351 3529 3404 Pater
3555 3350 3674 3405 Do-

2091 3417 2216 3488 mini
2256 3419 2420 3473 nostri
2446 3417 2570 3473 .lesu
2596 3417 2789 3472 Christi
2820 3417 3152 3488 excluditur:
3187 3434 3307 3472 nam
3341 3429 3424 3474 est
3463 3431 3516 3475 et
3551 3421 3673 3488 ipse

2092 3487 2256 3542 faber.
2294 3489 2408 3556 Ipse
2434 3490 2576 3542 enim
2604 3497 2685 3542 est
2723 3487 2933 3546 artifex.
2963 3491 3049 3553 qui
3083 3489 3236 3555 hujus
3259 3491 3437 3542 mundi
3466 3487 3673 3545 machi-

2090 3574 2216 3630 natn
2235 3573 2340 3611 non
2371 3557 2541 3612 solum
2569 3557 2814 3619 ntirab.li,
2842 3558 2935 3611 scd
2961 3559 3116 3630 etiam
3152 3559 3400 3630 ineffabili
3431 3563 3671 3630 potentia

2090 3627 2375 3682 fabricatus
2418 3637 2532 3693 est;
2575 3637 2822 3696 tanquam
2869 3629 3080 3696 sapiens
3117 3627 3448 3682 architectus
3472 3632 3672 3684 caelum

2088 3696 2382 3751 subtilitate
2423 3697 2712 3765 suspendit,
2763 3707 2958 3750 terram
3011 3699 3150 3751 mole
3196 3697 3451 3760 fundavit,
3499 3701 3672 3753 maria

2089 3765 2306 3820 calculis
2343 3767 2591 3835 alligavit.
2627 3765 2748 3836 ipse
2779 3777 2861 3819 est
2902 3767 3112 3820 artifex.
3139 3768 3225 3834 qui
3253 3769 3320 3821 ad
3365 3785 3673 3824 mensuram

2087 3836 2371 3904 quamdam
2414 3835 2678 3905 superbia:
2720 3835 2936 3903 deponit
2968 3836 3191 3905 fastigia,
3237 3837 3548 3891 humilitatis
3573 3856 3678 3892 ex-

2091 3913 2257 3958 tretna
2287 3905 2554 3959 sublimat.
2586 3905 2701 3973 Ipse
2732 3915 2814 3958 est
2840 3905 3048 3966 artifex,
3074 3907 3163 3973 qui
3193 3907 3241 3958 in
3273 3911 3466 3962 nostris
3503 3910 3676 3961 mori-

2089 3974 2190 4029 bus
2215 3977 2454 4044 praecidit
2493 3975 2761 4046 superflua
2787 3991 2971 4042 opera,
3006 3977 3149 4046 utilia
3191 3992 3413 4046 qumque
3449 3993 3678 4032 conser-

2089 4055 2196 4098 vat.
2235 4046 2349 4112 Ipse
2386 4055 2467 4098 est
2507 4045 2716 4107 artifex,
2749 4047 2900 4111 cujus
2933 4045 3159 4099 securim
3205 4046 3269 4099 ad
3302 4045 3530 4103 radicem
3570 4063 3678 4101 no-

2087 4125 2250 4168 stram
2277 4116 2498 4184 positam
2515 4115 2746 4170 Joannes
2763 4115 2994 4183 Baptista
3011 4117 3363 4170 comminatur
3387 4134 3399 4170 :
3424 4127 3479 4170 ut
3493 4121 3678 4172 omnis

2089 4186 2248 4238 arbor
2275 4201 2394 4253 qua:
2421 4201 2660 4238 normam
2687 4184 2848 4253 justa:
2875 4185 3211 4239 discretionis
3235 4189 3542 4249 excesserit,
3569 4203 3639 4241 cx
3662 4219 3677 4228 -

2087 4255 2196 4308 cisa
2223 4255 2476 4309 radicitus
2497 4255 2733 4327 tradatur
2755 4256 2997 4327 incendio
3025 4253 3132 4327 (Id.
3163 4271 3240 4320 in,
3277 4256 3359 4327 10)
3384 4272 3398 4318 ;
3425 4273 3541 4322 qua:
3571 4273 3679 4309 au-

2091 4334 2196 4378 tem
2250 4340 2554 4380 mensuram
2608 4325 2849 4380 veritatis
2886 4325 3156 4390 habuerit,
3199 4325 3403 4380 coeleSti
3447 4327 3671 4382 fabricae

2087 4395 2388 4462 deputetur.

2159 4466 2206 4518 4.
2253 4463 2481 4536 Christus
2519 4466 2637 4518 dum
2687 4464 2999 4536 baptizatur,
3025 4482 3184 4535 aquas
3235 4466 3461 4519 mundat.
3494 4464 3672 4536 Hodie

2089 4549 2219 4603 ergo
2262 4534 2555 4602 baptizatur
2598 4534 2852 4590 Dominus
2888 4536 2938 4589 in
2977 4534 3229 4590 Jordane.
3254 4537 3422 4602 Quale
3449 4546 3530 4590 est
3570 4535 3680 4592 hoc

2093 4603 2433 4673 baptismum,
2476 4605 2562 4659 ubi
2593 4607 2777 4674 purior
2816 4615 2896 4658 est
2941 4606 3084 4660 fonte
3137 4607 3224 4660 ille
3257 4607 3345 4674 qui
3391 4607 3674 4672 mergitur,

2091 4674 2179 4727 ubi
2206 4675 2330 4728 dum
2369 4684 2671 4743 susceptmn
2698 4691 2830 4742 aqua
2862 4675 3034 4740 diluit,
3074 4691 3176 4728 non
3216 4676 3460 4729 sordibus
3501 4676 3680 4728 inlici-

2093 4754 2196 4814 tur,
2228 4744 2320 4798 sed
2368 4744 2823 4800 benedictionibus
2854 4745 3182 4800 h‘tnioratur?
3207 4745 3395 4813 Quale,
3429 4746 3674 4814 inquam,

2091 4812 2381 4884 Salvatoris
2421 4825 2506 4870 est
2547 4815 2890 4884 baptismum,
2924 4817 2976 4868 in
3023 4831 3130 4884 quo
3161 4812 3450 4883 purgantur
3493 4812 3679 4884 potius

2092 4883 2287 4938 fluenta
2335 4901 2492 4953 quam
2541 4883 2800 4955 purgant?
2850 4885 2998 4938 Novo
3040 4883 3180 4939 enim
3239 4883 3682 4939 sanctificationis

2090 4969 2285 5077 genere
2319 4955 2587 5009 Christum
2618 4971 2721 5009 non
2753 4963 2858 5009 tam
2898 4955 3023 5008 lavit
3052 4956 3210 5018 unda,
3251 4971 3409 5025 quam
3439 4956 3540 5009 lota
3567 4966 3679 5008 est.

2140 5040 2222 5076 am
2249 5039 2312 5077 ex
2339 5041 2443 5077 aut»
2463 5024 2704 5077 Salvator
2726 5027 2776 5077 in
2796 5041 2927 5077 artua
2951 5040 3010 5077 se
3030 5028 3234 5077 mersit.
3257 5044 3320 5077 ex
3344 5041 3410 5077 eo
3436 5032 3678 5077 omnium

2140 5039 2312 5094 anteit
2339 5041 2443 5094 quo
2463 5024 2704 5080 Salvator
2726 5027 2776 5078 in
2796 5041 2927 5093 aqua
2951 5040 3010 5079 se
3030 5028 3234 5084 tiietsit.
3257 5024 3320 5079 ex
3344 5041 3410 5079 eo
3436 5032 3678 5080 omnium

2091 5093 2367 5162 gurgitum
2383 5105 2578 5148 tractus
2605 5105 3019 5164 cunetorumque
3045 5095 3269 5149 fontium
3289 5111 3448 5150 venas
3471 5105 3678 5164 myste-

2094 5165 2174 5217 rio
2217 5164 2549 5232 baptismatis
2598 5165 2932 5219 consecravit
2960 5184 2972 5218 :
2997 5175 3054 5219 ut
3097 5166 3182 5219 ubi
3215 5168 3438 5232 quisque
3483 5165 3534 5218 in
3577 5179 3679 5217 no-

2094 5235 2238 5286 mine
2267 5235 2472 5304 llotnini
2504 5235 2752 5304 baptizari
2779 5235 3022 5299 voluerit,
3049 5251 3152 5289 non
3177 5244 3282 5287 tam
3313 5237 3459 5288 illum
3487 5235 3676 5287 mundi

2094 5317 2226 5370 aqua
2251 5303 2435 5372 diluat,
2457 5319 2612 5372 quant
2640 5305 2838 5358 Christi
2867 5305 3005 5357 unda
3033 5305 3290 5372 purificct.
3315 5305 3554 5360 Salvator
3577 5320 3681 5358 an-

2096 5381 2200 5425 tem
2242 5371 2360 5427 ideo
2387 5374 2638 5440 baptizari
2669 5375 2849 5435 voluit,
2879 5390 2982 5426 nou
3014 5371 3073 5428 tit
3101 5376 3200 5427 sibi
3231 5376 3539 5429 munditiam
3581 5387 3676 5427 ac-

2093 5445 2346 5512 quireret.
2378 5443 2471 5497 sed
2500 5454 2556 5496 ut
2583 5444 2733 5498 nobis
2763 5444 2957 5498 fluenta
2985 5444 3282 5499 mundaret.

2165 5513 2223 5584 5ἶ
2263 5511 2477 5584 Munera
2515 5515 2743 5583 mystica.
2776 5514 2976 5567 interea
3006 5515 3274 5584 Magorum
3301 5515 3452 5569 beata
3482 5513 3683 5582 legatio

2099 5580 2349 5648 perducta
2389 5582 2453 5634 ad
2493 5580 2640 5638 saera
2669 5585 2926 5637 cunabula
2957 5580 3160 5637 radium
3199 5586 3430 5647 desuper
3453 5580 3681 5638 curren-

2097 5661 2203 5703 tetu
2248 5652 2484 5724 miratur.
2536 5653 2771 5724 Judaeam
2825 5655 3075 5722 praecedit
3121 5655 3412 5722 lEllllOpltl,
3471 5653 3681 5724 peccati

2097 5720 2337 5776 exucnda
2377 5723 2647 5794 nigredine
2668 5763 2682 5790 ,
2708 5735 2760 5780 et
2785 5720 2904 5780 fidei
2933 5725 3194 5780 induenda
3228 5720 3488 5782 cairdore.‘
3502 5724 3682 5792 Quam
