4050 6178
207 301 338 358 2065

277 417 328 471 6.
351 413 546 468 Maces
567 409 774 464 Latroni
794 405 1350 478 pronu'ssaJideamus
1367 402 1489 474 quid
1511 403 1646 478 inter
1665 401 1766 456 ista

205 483 518 554 reSpondeat
543 481 692 554 dives
719 487 771 533 et
787 473 936 554 larga
970 478 1060 554 Dei
1097 475 1303 554 bonitas
1329 492 1342 528 :
1364 473 1480 554 quia
1507 473 1640 554 sicut
1669 486 1764 554 ex-

205 539 342 611 cedit
377 563 530 617 vota,
559 551 628 604 ita
667 539 904 617 gratiam'
937 547 1172 617 adiungit
1210 545 1275 598 ad
1317 539 1526 617 merita.
1568 539 1762 617 Hodie,

205 610 400 694 inquit;
425 610 746 690 tanquamvsi
781 610 1020 694 diceret;
1036 610 1170 694 Quid
1197 629 1284 694 me
1303 655 1316 675 ,
1347 611 1514 694 inquit
1534 651 1546 674 ,
1573 610 1764 694 olido-

207 679 399 749 lissime
422 679 602 746 comes
627 697 682 742 et
708 688 861 740 unice
889 687 1018 738 tanti
1051 679 1200 738 festis
1223 681 1506 750 triumphi,
1532 679 1656 750 quid
1680 693 1766 733 me

207 775 472 830 tantopere
493 756 818 830 exorandum
843 765 1026 830 putas,
1059 763 1116 806 ut
1139 755 1190 806 in
1219 753 1304 806 die
1326 749 1504 830 iudicii
1533 749 1634 830 mei
1657 763 1766 802 me-

207 816 442 886 minerim
473 829 587 883 tui?
616 826 750 894 Quid
793 816 878 879 me
920 824 984 876 ad
1013 816 1342 894 'przescntem'
1361 816 1762 894 retributionem

207 909 438 966 paratum
458 941 474 964 ,
507 899 558 952 in
601 887 845 966 tempora
877 902 982 946 tam
1015 887 1166 966 longa
1196 889 1535 966 dissimulas?
1550 887 1684 966 quid

203 956 372 1026 futura
413 956 607 1023 saecula
635 956 790 1018 fidem
835 963 885 1014 in
931 971 984 1016 te
1028 956 1311 1030 perfectam
1355 956 1767 1030 fatigastﬂodie

203 1057 392 1094 mecum
415 1040 514 1091 eris
541 1037 594 1088 in
621 1033 856 1102 paradiso
885 1029 1041 1102 (Luc.
1063 1045 1216 1096 xxm,
1233 1029 1762 1102 t3)._Ergo_tanquam

205 1108 528 1164 hereditaria
543 1115 598 1158 et
621 1095 839 1173 paterna
867 1095 1040 1173 sedes,
1057 1115 1173 1168 quae
1203 1095 1422 1166 expulso
1441 1095 1765 1173 Adam,quat

203 1177 430 1244 expulsis
453 1165 661 1244 duobus
677 1213 693 1244 ν
724 1172 902 1244 clausa
927 1179 1016 1244 est
1031 1165 1319 1244 innumeris
1340 1167 1574 1244 populis,
1603 1173 1656 1244 te
1679 1165 1762 1244 in-

203 1233 438 1300 troeunte
461 1233 804 1298 reserabitur.
835 1239 1111 1304 Ingredere
1149 1237 1271 1290 illuc
1299 1233 1531 1304 primus;
1561 1233 1656 1289 sed
1683 1233 1762 1286 in-

201 1331 380 1384 gressu
405 1313 644 1384 feliciore
679 1325 836 1384 quam
863 1309 1094 1384 primus.
1127 1307 1262 1384 Intra
1293 1304 1602 1384 paradisum
1624 1317 1765 1384 ,__ne-

203 1373 456 1454 quaquam
485 1373 766 1454 ultractim
797 1373 964 1454 Adam
1005 1373 1760 1454 visurus-internum..i‘iullum

203 1441 506 1512 illic'cibum
545 1449 822 1512 lctbalem,
855 1447 1050 1500 nullam
1077 1445 1184 1514 jam
1217 1447 1414 1514 legem,
1453 1441 1647 1495 nullam
1667 1455 1758 1514 ar-

205 1511 378 1578 borem
423 1521 767 1589 pertimescas
797 1534 810 1570 :
836 1531 948 1589 ego»
966 1511 1204 1589 tibi_'illic
1227 1511 1330 1589 ero
1347 1511 1756 1589 _victu_s_et_vita.

203 1593 268 1647 Et
287 1607 350 1646 ne
371 1580 506 1644 forte
531 1588 782 1650 verearis,
811 1580 988 1639 ne'tibi
1013 1583 1200 1651 aliquis
1227 1581 1390 1636 hostis
1418 1581 1468 1633 in
1495 1581 1586 1634 illo
1605 1580 1760 1651 beato

201 1675 446 1722 nemore,
481 1675 554 1712 ne
590 1649 836 1724 antiquus
881 1654 968 1708 ille
1015 1649 1146 1724 latro
1169 1651 1466 1724 insidietur,
1495 1649 1761 1724 ppssessio

203 1731 290 1786 tibi
333 1719 443 1782 illic
481 1744 566 1782 me
609 1719 976 1798 introduceme
1016 1722 1327 1798 ﬁl'tllﬂbillll'.
1367 1719 1597 1774 Recedat
1634 1731 1760 1798 ergo

207 1799 484 1854 infidelitas
503 1838 518 1863 ,
547 1811 664 1864 quae
695 1795 856 1864 Deum
884 1801 936 1845 et
963 1791 1227 1864 hominem
1270 1805 1371 1864 non
1410 1791 1755 1864 recognoscit.

203 1869 322 1922 Nam
365 1855 516 1920 sicut,
537 1855 780 1918 diabolus
821 1871 902 1916 est
929 1863 1016 1931 qui
1046 1859 1112 1914 de
1141 1859 1382 1928 paradiso
1420 1857 1653 1927 expulit;
1686 1855 1756 1910 ita

201 1939 334 1992 Dens
357 1947 436 1988 est
457 1935 547 2004 qui
579 1933 798 1987 reduci:.

265 2007 314 2062 7.
335 1993 591 2058 Christum
605 2004 656 2054 in
673 2019 816 2054 cruce
831 1999 988 2052 Deum
1011 2007 1268 2062 testantur,
1278 1996 1530 2068 judicium
1549 1995 1683 2068 illius
1699 1993 1761 2068 de

201 2075 492 2138 latronibus,
507 2075 633 2124 mira
650 2071 784 2124 illius
803 2071 1065 2138 patientia,
1077 2063 1306 2138 creatura
1319 2069 1566 2138 uniuersa.
1589 2063 1760 2116 Homi-

202 2147 270 2198 nis
281 2135 1030 2214 quantaduritiestSecunilum
1056 2135 1515 2214 lia-.c,_eharissitni,
1539 2149 1634 2202 per
1653 2147 1760 2186 om-

200 2206 308 2268 nem
327 2221 600 2280 gestorum
615 2209 874 2280 ordinem,
897 2209 1056 2280 Deum
1076 2206 1402 2280 subbomine
1415 2217 1759 2280 agnoscamus

199 2271 520 2349 operantem.
551 2281 756 2333 Positus
785 2279 836 2330 in
859 2276 1092 2349 patibulo
1121 2275 1254 2328 velut
1286 2271 1562 2349 arbiterin
1583 2271 1758 2325 medio

199 2341 558 2404 damnatorum
575 2391 590 2412 ,
611 2341 886 2416 negantem
909 2345 1117 2416 repulit.
1135 2343 1364 2416 suscepit
1383 2341 1754 2416 confitentem;

201 2421 330 2474 hunc
349 2410 758 2487 deputat—rogito
777 2457 804 2487 ._
821 2410 1240 2487 illum—relinquit
1268 2411 1491 2466 inferno.
1525 2410 1626 2487 Per
1645 2410 1758 2487 huic

198 2505 314 2558 ergo
333 2479 612 2558 credamus
631 2479 684 2558 in
704 2485 976 2558 majestate
990 2479 1366 2558 iudicaturum,
1393 2495 1548 2548 quem
1565 2479 1672 2558 ja_m
1689 2479 1755 2558 in

197 2547 348 2614 cruce
392 2569 446 2611 et
491 2547 904 2610 misericordiam
931 2555 946 2584 ³
978 2547 1212 2606 videmus
1237 2547 1483 2604 exercere
1523 2557 1576 2602 et
1611 2547 1754 2613 judi-

197 2628 349 2684 cium.
373 2625 700 2688 Credamus,
727 2625 966 2690 inquam,
996 2622 1194 2686 Deum,
1227 2620 1305 2690 vel
1336 2634 1398 2673 ex
1425 2618 1534 2690 sola
1564 2617 1756 2690 vit-tute

201 2697 464 2762 patientia:
483 2735 498 2757 ,
527 2695 616 2762 qui
645 2685 768 2746 dum
797 2685 864 2744 ab
890 2691 1101 2762 homine
1112 2689 1267 2762 cruci
1295 2697 1349 2742 et
1373 2685 1752 2762 nccitraditur,

197 2756 267 2820 sic
289 2756 502 2834 quoque
531 2756 730 2828 homini
756 2762 976 2829 gloriam
1003 2759 1274 2834 pollicetur
1299 2775 1311 2809 :
1335 2757 1422 2834 qui
1454 2756 1570 2810 illas
1614 2757 1755 2822 ipsas

199 2830 486 2902 injurias-et
514 2835 690 2900 plagas
717 2839 1002 2902 congestas
1021 2830 1071 2882 in
1098 2843 1289 2902 corpus
1325 2830 1476 2902 suum
1493 2867 1506 2886 ,
1534 2838 1755 2902 conver-

199 2893 262 2974 tit
281 2905 334 2958 in
367 2893 1006 2974 ρι’ριίιίιιιῖιοδιτυιῖι..’δρᾶ
1033 2907 1090 2974 et
1115 2893 1224 2974 ipsa
1263 2895 1418 2974 totius
1447 2893 1754 2974 mundiura-

200 2961 458 3028 tionabilis
497 2981 736 3025 creatura
763 2968 989 3022 motibus
1013 2967 1122 3020 suis
1136 2961 1316 3020 'Deum
1349 2963 1596 3033 loquitur.
1621 2961 1752 3022 Nam

199 3045 246 3096 in
267 3041 440 3096 media
469 3041 712 3108 passione
751 3038 955 3090 Domini
983 3035 1274 3108 Salvatoris
1302 3033 1537 3108 cmlestia
1566 3042 1618 3086 et
1647 3040 1754 3086 ter-

199 3126 316 3166 rena
360 3102 667 3171 turbantur;
700 3107 786 3160 lux
831 3121 949 3160 cum
991 3113 1144 3158 nocte
1183 3104 1450 3166 miscetur,
1490 3102 1751 3156 elementa

195 3181 514 3250 quatiuntur,
529 3187 585 3232 et
597 3177 664 3232 ab
679 3175 904 3250 antiquis
919 3173 1222 3228 ministeriis
1234 3171 1542 3250 ellugantui.
1559 3171 1752 3250 Aperte

197 3239 366 3304 rerum
393 3239 580 3301 natura
608 3239 919 3314 perspicitur
945 3242 1266 3314 commoveri
1287 3283 1312 3314 ,Α
1333 3239 1472 3295 velut
1499 3241 1552 3293 in
1579 3239 1750 3292 vindi-

195 3329 326 3372 ctam
357 3317 590 3372 auctoris
611 3311 700 3370 sui
727 3311 854 3368 velit
878 3312 1088 3366 armari.
1119 3312 1280 3365 Terra
1301 3311 1410 3380 ipsa
1441 3323 1694 3380 concussa
1713 3325 1750 3380 a

199 3387 547 3442 fundamentis
567 3386 695 3446 suis,
717 3383 864 3452 quasi
884 3397 1000 3450 qua:
1025 3395 1232 3452 crucem
1261 3378 1468 3434 Domini
1491 3379 1572 3432 vix
1595 3378 1754 3452 susti-

199 3467 314 3512 neat
341 3460 388 3522 ',
431 3467 688 3524 tanquam,
717 3448 784 3506 ad
825 3448 997 3506 scelus
1048 3451 1318 3524 proprium
1368 3448 1748 3524 contremiscit.

201 3527 313 3580 Dies
341 3517 766 3592 refugo'lumine
787 3561 804 3586 ,
832 3519 1096 3592 quomodo
1125 3517 1298 3592 potest
1317 3559 1345 3592 ,_
1358 3517 1518 3592 sumit
1546 3517 1748 3592 lamen-

199 3605 300 3649 tum
323 3637 338 3656 ,
371 3605 426 3650 et
449 3585 596 3646 lusco
631 3585 864 3646 tristium
895 3585 1231 3643 tenebrarum
1263 3587 1474 3648 habitu,
1501 3585 1752 3656 moretu-

197 3655 396 3733 genti’s,
423 3663 658 3733 induitur
682 3677 696 3714 :
718 3668 770 3714 et
811 3661 948 3733 sicut
991 3667 1096 3711 tota
1137 3657 1256 3712 ouili
1287 3657 1442 3733 facies
1469 3655 1752 3733 Dominicte

199 3724 480 3788 [novitatis
505 3731 724 3802 gloriam
769 3743 901 3802 nova
933 3729 1047 3782 luce
1091 3735 1336 3802 testatur;
1371 3726 1448 3802 ita_
1469 3724 1640 3802 crucis
1669 3725 1750 3776 in-

195 3803 380 3872 iuriam
413 3793 822 3872 novistenebris
848 3799 1155 3872 detestatur.
1185 3797 1250 3850 Et
1277 3809 1394 3864 qua:
1419 3793 1608 3872 duritia
1633 3807 1754 3846 cor-

197 3863 270 3926 dis
289 3871 546 3925 humani?
571 3869 658 3922 V33
687 3869 763 3922 eis
781 3867 869 3936 qui
891 3867 1029 3936 inter
1057 3867 1154 3920 ista
1186 3863 1562 3936 non’credunt;
1589 3877 1754 3931 quan-

196 3941 476 4010 doquidem
520 3948 764 4010 creatura
799 3933 1172 4010 insensibilis,
1202 3949 1321 4004 qua:
1363 3933 1599 4010 recipere
1647 3947 1752 4010 non

199 4003 368 4079 potest
407 4007 735 4079 credulitatis
771 4005 1042 4066 allectum,
1072 4005 1164 4058 dat
1201 4003 1752 4079 tamenDconconfes-

197 4070 357 4134 Sionis
398 4077 746 4145 obsequium:
772 4084 966 4128 etcum
1007 4088 1103 4142 pro
1137 4073 1252 4145 solo
1278 4073 1493 4145 homine
1503 4070 1754 4145 _Cbristu_s_

197 4157 433 4202 mortuus
458 4141 561 4211 sit;
583 4145 825 4214 perbibet
844 4145 900 4214 ei
931 4141 1102 4214 tamen
1131 4144 1286 4197 etiam
1316 4157 1436 4210 pars
1463 4141 1547 4196 illa
1573 4141 1752 4192 mundi

199 4216 555 4272 testimonium
585 4212 916 4278 divinitatis,
947 4212 1012 4267 ad
1052 4227 1206 4282 quam
1253 4226 1356 4266 non
1403 4219 1756 4281 pervenerunt

197 4287 454 4342 beneficia
482 4284 758 4352 passionis.

261 4357 312 4410 8.
357 4349 614 4420 Quantum
639 4357 787 4406 homo
815 4352 974 4405 ualeat
1001 4359 1046 4404 et
1083 4350 1272 4404 debeat.
1306 4349 1470 4416 Quam
1503 4363 1615 4401 reus
1636 4363 1754 4420 cum

199 4417 599 4494 peccatfludicii
615 4420 998 4494 futuritoltliuio,
1030 4437 1210 4488 magna
1231 4420 1417 4494 peccati
1444 4435 1606 4488 poma.
1625 4417 1755 4482 Qua:

195 4489 310 4548 cum
359 4495 432 4548 ita
479 4489 974 4556 sint,‘charissimi,
1012 4498 1260 4558 agnoscat
1303 4489 1461 4542 homo
1488 4495 1752 4558 quantum

197 4563 398 4628 valeat,
427 4571 486 4615 et
523 4555 776 4628 quantum
822 4559 966 4613 illum
1011 4555 1118 4628 Deo
1164 4559 1447 4612 obnoxium
1479 4555 1632 4628 faciat
1668 4556 1754 4628 vel

197 4625 516 4706 natur-avet
534 4625 729 4706 gratia.
770 4631 1047 4706 Agnoscat
1079 4627 1236 4706 homo
1268 4635 1522 4706 quantum
1571 4625 1637 4706 ab
1663 4625 1756 4706 illo

193 4711 464 4770 exspectet
485 4694 622 4752 Déus
637 4715 667 4770 g7
683 4704 738 4752 et
759 4694 917 4770 quem
943 4705 1086 4750 tanta
1107 4694 1404 4770 dignatione
1427 4694 1609 4770 habuit
1629 4694 1758 4747 cba-

195 4765 342 4834 rum,
371 4784 530 4840 quam
571 4769 698 4822 velit
742 4765 860 4821 esse
905 4768 957 4820 in
1002 4765 1402 4840 conversatione
1443 4765 1752 4840 pretiosum.

193 4831 458 4910 Agnoscat
482 4837 640 4910 homo
659 4847 912 4906 quantum
938 4835 1108 4910 valeat
1125 4844 1222 4910 ,__et
1247 4831 1496 4910 quantum
1525 4831 1714 4910 debeat
1739 4849 1754 4884 :

191 4902 390 4964 et'durn
423 4909 650 4976 pretium
677 4902 828 4960 suum
856 4907 1081 4976 cogitat,
1110 4905 1228 4976 vilis
1253 4903 1351 4976 sibi
1377 4917 1494 4976 esse
1514 4902 1720 4954 desinat
1739 4943 1752 4964 ,

191 4987 242 5032 et
267 4971 442 5048 potius
467 4977 636 5031 vicem
661 4975 896 5028 muneris
925 4971 1281 5048 Salvawricx
1316 4973 1428 5048 ipso
1457 4971 1600 5048 bono
1623 4985 1719 5024 suo
1737 5012 1752 5039 ,

191 5047 242 5102 id
261 5039 378 5112 est,
409 5047 480 5100 de
523 5054 832 5100 conservata
873 5044 1044 5112 salute
1085 5039 1345 5095 restituat.
1387 5039 1756 5112 custodiamus

191 5133 315 5184 ergo
341 5109 568 5170 sollicite
593 5114 734 5183 quod
773 5113 913 5184 tanti,
939 5111 1150 5166 sudoris
1177 5111 1494 5184 commercio
1521 5109 1756 5184 Christus

191 5179 431 5240 redemit.
467 5179 816 5250 lteus'itaque
843 5183 944 5235 erit
983 5195 1086 5235 non
1115 5181 1262 5250 parvi
1293 5179 1478 5250 pretii,
1508 5179 1599 5250 sed
1629 5193 1756 5231 san-

189 5255 360 5324 guinis
405 5253 631 5319 Christi,
663 5249 752 5321 qui
799 5251 958 5306 violat
999 5257 1054 5305 et
1095 5249 1448 5304 cetutnaculat
1489 5249 1754 5309 animam,

252 5390 272 5420 ι
299 5395 348 5436 tn
367 5399 488 5436 mas.
506 5399 560 5435 et
572 5385 697 5447 apud
709 5385 968 5436 Eusebium
979 5383 1316 5434 desiderantur
1333 5393 1498 5442 voces,
1515 5381 1760 5447 etms'seri-

420 5461 440 5509 ;
471 5441 672 5509 adjectae
709 5447 787 5498 hic
819 5449 944 5496 forte
975 5450 1141 5496 contra
1161 5453 1377 5494 mentem
1397 5441 1605 5493 auctoris
1626 5441 1760 5504 pela-

216 5573 274 5632 _8
299 5569 570 5630 Eusebius,
605 5563 746 5629 quasi
785 5577 898 5631 qua:
937 5577 1082 5632 super
1123 5575 1318 5632 crucem
1369 5571 1522 5614 Deum
1557 5565 1764 5616 uissus-

193 5627 358 5704 tinent.

1583 281 1810 340 SERMO
1845 281 2022 337 CLIV.

3297 295 3366 350 20
3379 295 3442 351 ιθ

1874 399 2070 482 ilbi-isti
2087 403 2348 482 sanguine
2370 407 2424 482 et
2441 403 2682 482 passione
2702 411 3002 482 mandatam
3024 423 3039 470 ;
3070 407 3432 482 blasphemus,

1873 468 2135 550 homicida
2150 514 2162 534 ,
2191 468 2460 550 castitatis
2473 471 2882 550 proditor._ii:ec
2910 476 3004 528 tria
3025 468 3320 546 capitaliter
3342 468 3436 536 oc:

1870 539 2068 594 cidunt.
2095 543 2470 595 Contestamur
2495 539 2748 595 (Illaritati
2780 553 2967 598 vestrae
2993 539 3180 601 causas
3203 559 3432 603 aeterno-

1869 624 1984 689 rum
2011 611 2290 663 malorum.
2316 611 2679 689 Blaspbemtts,
2708 611 2986 689 homicida.
3014 615 3248 682 proditor
3277 621 3436 672 casti-

1870 680 2178 754 tat_is__su_:e,
2208 691 2540 754 expugnator
2573 680 2792 754 aliente;
2825 683 2872 735 id
2918 680 3032 744 est;
3077 684 3166 752 qui
3215 686 3432 754 legitimi

1867 749 2056 802 cubilis
2095 751 2212 821 jura
2253 749 2766 821 transgreditur,_qui
2810 763 2956 805 extra
2982 749 3431 821 coniugem—suam

1871 833 1963 884 per
2005 819 2303 872 mortiferos
2343 829 2485 872 errat
2535 819 2842 886 amplexus,
2897 837 3019 874 reus
3071 819 3172 876 erit
3221 834 3433 879 :t'let'tlzt:

1867 889 2052 958 mortis
2081 888 2242 958 :"quia
2269 889 2422 958 vilem
2467 889 2518 940 in
2547 903 2606 940 se
2649 889 2827 942 habuit
2855 893 3162 958 sanguinem
3201 893 3432 947 Redem-

1867 957 2052 1024 ptoris.
2095 957 2165 1030 Et
2209 957 2330 1030 qttia
2377 958 2571 1030 clamat
2599 959 2930 1030 Apostolus,
2958 957 3142 1030 Neque
3187 979 3428 1030 rapaces,

1865 1041 2022 1100 neque
2045 1025 2258 1078 adulteri
2283 1042 2490 1096 regnum
2513 1025 2954 1100 _I)ei_possidebunt
2979 1029 3022 1096 (l
3051 1025 3167 1082 (lor.
3191 1025 3272 1094 vt',
3305 1025 3428 1100 10);

1865 1095 2220 1150 abstineamus
2263 1095 2450 1148 manus
2477 1097 2544 1150 ab
2583 1095 2769 1149 alienis
2789 1139 2804 1160 ,
2836 1095 3018 1154 oculos
3047 1100 3114 1152 ab
3153 1101 3322 1152 aliena
3353 1095 3431 1152 fe-

1865 1165 2005 1216 mina
2032 1179 2316 1220 caveamus
2341 1181 2352 1214 :
2378 1181 2443 1234 ne
2469 1167 2676 1233 corpori
2703 1165 2773 1218 illi
2801 1167 2940 1234 quod
2971 1167 3038 1220 de
3063 1177 3244 1221 nostro
3270 1168 3426 1223 Chri—

1863 1241 1976 1301 stus
2001 1235 2312 1301 assumpsit,
2345 1233 2587 1300 injuriam
2615 1233 2864 1288 faciamus
2895 1235 2944 1288 in
2975 1247 3154 1290 nostro
3181 1253 3424 1301 corpore.

1861 1300 2156 1356 Careamus
2189 1300 2262 1354 ita
2302 1305 2528 1370 peccatis
2559 1313 2612 1356 ct
2639 1304 2946 1358 criminibus
2977 1306 3132 1357 vitam
3168 1300 3422 1370 prodere;

1865 1381 1920 1424 ut
1943 1373 2006 1424 ad
2033 1387 2130 1425 nos
2160 1388 2262 1424 non
2292 1372 2538 1440 respiciat
2566 1373 2835 1440 prophetia
2878 1374 2962 1426 illa
2991 1374 3236 1428 terribilis
3255 1416 3270 1438 ,
3307 1375 3425 1430 Non

1861 1450 1964 1521 est,
1993 1442 2188 1524 inquit,
2213 1439 2347 1494 Deus
2367 1439 2418 1494 in
2443 1439 2706 1524 conspectu
2729 1444 2864 1524 ejus”,
2888 1444 3184 1524 polluuntur
3207 1446 3300 1524 via.-
3317 1447 3426 1524 eius

1862 1511 1914 1582 in
1953 1513 2088 1582 omni
2125 1520 2375 1582 tempore,
2403 1515 2701 1582 auferuntur
2733 1511 2930 1582 judicia
2955 1521 3040 1564 tua
3081 1531 3112 1564 a
3157 1514 3284 1582 facie
3315 1511 3426 1582 ejus

1863 1580 1882 1648 (
1893 1579 2032 1650 l‘sal.
2055 1595 2108 1632 Ix
2124 1621 2138 1644 ,
2165 1581 2239 1648 5).
2265 1579 2648 1650 Irremediabile
2669 1579 2956 1650 periculum
2977 1589 3078 1643 est,
3101 1579 3178 1636 sic
3195 1579 3424 1650 aliquem

1862 1647 2002 1700 vitiis
2049 1659 2102 1702 et
2139 1647 2509 1716 cupiditatibus
2551 1647 2695 1704 frena
2742 1651 2954 1714 laxare,
2985 1659 3040 1703 ut
3079 1665 3137 1704 se
3165 1647 3422 1706 rationem

1865 1719 1972 1798 Deo
1999 1733 2101 1770 non
2131 1719 2430 1798 meminerit
2453 1719 2812 1782 redditurum;
2839 1719 2958 1788 quia
2979 1729 3330 1798 .puto_mag_na
3355 1721 3424 1774 sit

1856 1789 1964 1856 jam
1999 1789 2194 1855 peccati
2235 1803 2388 1856 paena
2408 1827 2423 1852 ,
2458 1797 2654 1841 metum
2683 1803 2748 1843 ac
2774 1789 3082 1842 memoriam
3113 1789 3270 1844 futuri
3299 1805 3421 1856 per-

1859 1855 2060 1912 didisse
2098 1857 2302 1926 judicii.
2331 1855 2444 1911 Non
2476 1857 2626 1911 nobis
2669 1859 2738 1910 ita
2780 1857 2951 1910 dulcia
2989 1859 3096 1912 sint
3133 1855 3421 1926 pauperum

1860 1926 2024 1992 Spolia
2065 1925 2396 1995 postmodum
2439 1925 2596 1980 nimis
2637 1927 3002 1980 amaricatnra.
3033 1925 3419 1993 Nihilominus,

1859 1997 1994 2049 sicut
2033 1997 2226 2050 dictum
2273 2007 2382 2058 est,
2411 1995 2728 2064 refugiamus
2771 1997 2944 2050 carnis
2983 1997 3169 2050 alienae
3213 1995 3420 2050 abomi-

1861 2064 2032 2118 nanda
2059 2066 2333 2132 contagia,
2367 2067 2586 2119 vitemus
2622 2065 2849 2118 obscena
2889 2066 3112 2119 inimica:
3141 2066 3422 2133 voluptatis

1861 2135 2120 2188 incendia.
2153 2133 2275 2188 llaec
2311 2136 2397 2204 qui
2436 2135 2573 2203 agit,
2604 2135 2898 2188 cbarissimi
2919 2175 2933 2198 ,
2963 2135 3028 2188 de
3056 2135 3243 2204 stipula
3271 2149 3335 2188 ac
3359 2135 3421 2188 li—

1857 2205 1974 2270 guis
2017 2203 2344 2286 iniquitatum
2393 2213 2671 2286 perpetuos
2707 2205 2806 2284 sibi
2847 2203 3335 2286 succendit’ignes,
3366 2213 3422 2286 et

1859 2288 2126 2342 nunquam
2147 2273 2555 2342 exstinguendos
2577 2273 2855 2342 eoncinnat
2882 2288 3125 2342 vapores.
3153 2273 3266 2326 Non
3290 2273 3419 2326 tanti

1859 2351 1940 2394 est
1966 2341 2098 2406 vita,
2129 2344 2170 2395 si
2213 2342 2278 2396 ad
2323 2341 2422 2396 hoc
2465 2343 2602 2394 vivat
2644 2341 2834 2406 homo,
2868 2351 2923 2395 ut
2953 2341 3010 2395 in
3057 2344 3236 2411 paucis
3267 2341 3420 2410 hujus

1857 2413 1978 2464 vita:
2005 2412 2157 2465 annis
2181 2420 2454 2464 consumat
2479 2420 2708 2464 aeternos
2726 2451 2742 2474 ,
2771 2421 2826 2464 et
2849 2413 2946 2466 sub
2975 2411 3120 2466 brevi
3149 2411 3254 2466 line
3285 2427 3418 2466 con-

1857 2491 2041 2550 greget
2062 2481 2160 2534 sibi
2193 2496 2376 2548 paruas
2393 2482 2508 2534 sine
2533 2481 2636 2533 line
2663 2496 2956 2534 mansuras.

1927 2550 1980 2602 9.
2015 2549 2244 2602 Latronis
2273 2551 2550 2616 exentplum
2577 2565 2638 2601 ne
2663 2550 2955 2604 remissioris
2977 2550 3084 2603 vitat
3103 2549 3164 2604 sit
3185 2549 3378 2603 occasio
3399 2565 3420 2604 :

1856 2621 1976 2684 quia
2002 2620 2174 2687 paucis
2212 2619 2336 2687 ﬁdes
2358 2619 2588 2672 Latronis
2607 2659 2621 2680 ,
2648 2627 2692 2672 et
2731 2620 2873 2672 multi
2915 2620 3009 2672 huc
3039 2621 3176 2672 inani
3217 2635 3303 2687 spe
3331 2619 3420 2672 de-

1856 2691 2004 2758 cepti.
2021 2757 2026 2758 7
2045 2689 2148 2758 sed
2190 2705 2255 2741 ne
2285 2689 2418 2743 forte
2437 2730 2452 2758 ,
2480 2688 2773 2741 cbarissimi
2794 2729 2808 2752 ,
2834 2689 3060 2758 aliquem
3085 2689 3238 2744 nimis
3263 2703 3418 2758 secu-

1857 2773 1974 2812 rum
2007 2757 2160 2812 faciat
2185 2767 2276 2810 aut
2319 2757 2594 2812 remissum
2625 2767 2728 2810 tant
2761 2773 2892 2812 nova
2933 2757 3156 2812 felicitas
3189 2757 3418 2810 creduli-

1859 2828 2007 2890 tatis,
2036 2843 2101 2881 ne
2145 2825 2280 2881 forte
2324 2825 2463 2880 dicat
2506 2827 2694 2894 aliquis
2737 2827 2788 2880 in
2831 2827 2993 2880 corde
3031 2827 3300 2882 suo:Nou
3331 2841 3420 2881 me

1855 2911 2024 2966 usque
2049 2896 2181 2950 adeo
2203 2897 2480 2950 Conturbet
2504 2905 2556 2966 ct
2583 2895 2781 2966 cruciet
2811 2910 2896 2966 rea
2922 2895 3242 2966 conscientia
3259 2937 3274 2959 ,
3307 2911 3416 2950 non

1856 2963 1952 3020 me
1983 2981 2148 3035 usque
2185 2966 2316 3020 adeo
2353 2965 2626 3035 cotttristet
2667 2965 2940 3032 culpabilis
2969 2966 3113 3035 vita;
3145 2963 3298 3018 video
3321 2967 3420 3019 sub

1855 3033 2152 3099 momento,
2185 3036 2336 3088 video
2377 3033 2476 3086 sub
2518 3036 2708 3100 exiguo
2755 3035 2924 3101 spatio
2966 3034 3152 3088 latroni
3199 3035 3420 3088 crimina

1855 3117 1948 3156 sua
1975 3105 2194 3168 donata,
2222 3115 2273 3158 et
2317 3103 2444 3156 mihi
2491 3105 2720 3158 resoluta
2763 3112 2937 3157 tuente
2979 3104 3347 3170 concipiuntur
3377 3105 3416 3157 ί.

1856 3173 2087 3236 Primum
2115 3171 2496 3228 consideranda
2539 3182 2620 3226 est
2657 3173 2708 3224 in
2749 3173 2950 3225 latrone
2985 3172 3074 3224 illo
3118 3188 3220 3225 non
3247 3173 3416 3224 solum

1855 3243 2179 3298 credulitatis
2206 3241 2574 3310 compendiosa
2597 3241 2826 3306 devotio,
2854 3240 2946 3294 sed
2973 3243 3224 3307 temporis
3253 3241 3412 3304 illius,

1855 3313 1953 3366 sub
1979 3329 2080 3380 quo
2109 3313 2218 3366 haec
2256 3313 2560 3380 agebantur,
2592 3311 2827 3380 occasio,
2861 3310 3422 3380 quojustorumlcgi-

1857 3391 1940 3436 tur
1967 3378 2216 3436 titubasse
2245 3378 2532 3451 perfectio.
2555 3379 2750 3451 Deinde
2774 3389 2896 3451 ante
2921 3378 3046 3451 mihi
3075 3379 3230 3451 tidem
3261 3378 3420 3451 latro-

1855 3451 1936 3503 nis
1963 3451 2217 3514 ostende,
2245 3447 2298 3506 ξεί
2333 3458 2454 3502 tunc
2484 3449 2572 3502 tibi
2620 3447 2836 3501 latronis
2867 3447 3236 3502 beatitudinem
3269 3447 3420 3516 polli-

1853 3533 1995 3573 core.
2027 3521 2260 3573 Immittit
2285 3519 2524 3574 diabolus
2549 3519 2881 3572 securitatem
2903 3556 2918 3581 ,
2944 3527 3000 3568 ut
3023 3516 3214 3570 inferat
3240 3517 3419 3584 perdi-

1854 3591 2050 3642 tionem
2078 3606 2092 3642 :
2119 3605 2286 3658 neque
2314 3589 2628 3642 dinumerari
2653 3597 2868 3656 possunt
2886 3627 2899 3650 ,
2928 3595 3152 3653 quantos
3167 3587 3278 3638 haec
3304 3587 3420 3658 ina,-

1855 3658 1935 3710 nis
1957 3659 2066 3726 spei
2096 3657 2276 3711 umbra
2307 3659 2594 3727 deceperit.
2632 3659 2956 3720 lie-terreant,
2986 3671 3198 3727 quajso,
3229 3670 3325 3727 nos
3353 3657 3420 3710 ab

1855 3727 1952 3781 hac
1967 3723 2301 3796 persuasione
2317 3723 2720 3782 innumerabiles
2735 3727 2906 3794 populi
2923 3723 3124 3796 subtali
3142 3726 3422 3796 securitate

1854 3795 2043 3851 nudiet
2063 3797 2210 3850 vacui
2229 3797 2396 3862 bonis,
2413 3807 2465 3850 et
2484 3797 2631 3849 ιιιειιὶς
2651 3796 2808 3864 pleni,
2827 3810 2890 3850 ex
2910 3798 3006 3848 bac
3022 3795 3135 3848 luce
3155 3795 3418 3862 prmrepti.

1925 3869 2011 3921 10.
2055 3868 2246 3921 Salutis
2272 3876 2462 3932 tempus
2487 3865 2689 3931 differre
2707 3907 2721 3928 ,
2753 3865 3258 3932 periculosissimum,
3292 3866 3419 3918 stul-

1857 3935 2129 4000 tissimum,
2161 3935 2264 3988 Deo
2286 3935 2483 3989 odibilc.
2524 3935 2674 3987 Latro
2704 3935 2880 3986 salutis
2921 3950 3046 4000 opus
3075 3949 3174 3984 non
3204 3933 3416 3987 distulit.

1855 4005 2102 4069 Quotidie
2129 4005 2524 4072 ettpaveseenda
2566 4003 2810 4056 transitus
2830 4003 3004 4072 tuosu'i
3027 4009 3078 4072 et
3104 4001 3420 4072 commigrae

1857 4074 2013 4128 tionis
2053 4071 2248 4128 incerta
2289 4074 2444 4138 hora;
2474 4089 2589 4141 qua:
2630 4082 2682 4124 ct
2719 4071 3006 4141 modo__vel
3051 4071 3310 4141 insperata
3337 4071 3419 4124 vel

1857 4144 2026 4197 subita
2065 4151 2212 4206 sunt,
2242 4151 2296 4196 et
2338 4143 2390 4194 in
2430 4139 2681 4195 aitet-num
2728 4139 2974 4192 remediis
3002 4139 3226 4191 caritura
3275 4150 3416 4192 sunt.

1857 4213 2265 4266 l’ratvenicndus
2277 4220 2356 4264 est
2374 4211 2486 4264 dies
2502 4210 2588 4277 qui
2607 4208 2893 4276 prmvenire
2909 4209 3198 4277 consuevit.
3219 4207 3334 4275 ipse
3360 4223 3420 4262 se

1856 4283 2087 4345 seducit,
2121 4289 2174 4334 et
2198 4281 2263 4334 de
2293 4289 2462 4333 morte
2486 4275 2578 4333 sua
2608 4275 2762 4340 ludit,
2796 4279 2886 4346 qui
2925 4275 3025 4330 hoc
3054 4277 3247 4344 cogitat
3274 4293 3286 4328 :
3310 4277 3418 4346 Ρο-

1859 4361 1959 4405 tcst
1985 4351 2111 4403 mihi
2134 4350 2352 4403 extremi
2377 4349 2626 4416 temporis
2647 4345 2962 4414 indulgentia
2981 4346 3278 4399 subvenire.
3305 4345 3418 4400 Non

1858 4431 1939 4475 est
1983 4423 2080 4474 hoc
2107 4439 2118 4472 :
2145 4421 2400 4488 primum,
2428 4415 2545 4487 quia
2592 4417 3033 4488 periculosissima
3075 4425 3156 4488 est
3183 4415 3268 4488 _in_
3296 4416 3418 4468 ulti—

1857 4507 1999 4543 mum
2026 4485 2164 4543 diem
2193 4485 2461 4558 promissa
2477 4485 2764 4558 securitas;
2796 4485 3016 4558 deinde,
3042 4485 3419 4558 stultissimum

1858 4569 1939 4614 est
1982 4569 2038 4612 nt
2075 4555 2232 4614 causa
2273 4575 2389 4628 qua:
2415 4557 2937 4628 deineccssitatibus
2971 4555 3143 4623 agitur
3167 4555 3417 4628 aeternis,

1858 4629 2222 4682 inutilitatibus
2248 4624 2366 4680 viue
2411 4627 2705 4680 deﬁcientis
2748 4624 3105 4680 committatur
3147 4625 3419 4678 extremis.

1859 4699 2061 4752 0dibile
2103 4707 2184 4750 est
2227 4697 2362 4765 apud
2411 4697 2612 4758 Deum,
2646 4695 2856 4762 quando
2903 4693 3059 4765 homo
3090 4694 3188 4765 sub
3233 4693 3422 4748 liducia

1859 4767 2180 4836 paenitentia:
2223 4761 2276 4819 in
2304 4775 2626 4836 senectutem
2653 4761 2934 4836 reservata:
2969 4761 3188 4836 liberius
3219 4773 3418 4836 peccat.

1857 4831 2070 4891 Credite
2091 4877 2104 4898 ,
2137 4835 2432 4889 cbarissimi
2449 4876 2462 4898 ,
2489 4834 2699 4887 diflicile
2719 4845 2802 4886 est
2821 4841 2878 4884 ut
2904 4831 3087 4884 callida
3117 4831 3422 4886 dissimula—

1861 4907 1933 4960 tio
1961 4906 2264 4959 ordinanda:
2304 4901 2766 4958 consummationis
2795 4901 3036 4955 obtinere
3061 4901 3216 4970 digna
3243 4903 3312 4956 sit
3351 4902 3424 4955 l'a-

1859 4977 2108 5030 cultatem
2138 4993 2150 5027 :
2178 4974 2316 5042 apud
2347 4974 2488 5042 illum
2514 4972 2689 5026 cordis
2717 4973 3058 5042 interpretem
3086 4985 3300 5042 arsrnon
3327 4971 3422 5024 ad-

1861 5045 2084 5098 mittitur
2113 5045 2176 5096 ad
2203 5041 2444 5096 salutem.
2471 5041 2560 5095 Ille
2583 5049 2779 5106 autem,
2808 5041 2873 5096 de
2897 5057 3002 5108 quo
3033 5041 3188 5094 locuti
3209 5054 3422 5104 sumus,

1861 5114 2046 5168 beatus
2091 5113 2254 5178 latro,
2297 5114 2514 5174 beatus,
2548 5111 2788 5178 inquam,
2822 5127 2924 5164 non
2967 5111 3074 5176 jam
3113 5109 3258 5175 juxta
3288 5109 3422 5159 viam

1861 5185 2076 5238 insidias
2101 5182 2350 5246 tendens,
2381 5181 2472 5234 sed
2505 5180 2640 5234 viam
2671 5181 2836 5248 ipsam
2877 5181 2926 5232 in
2965 5178 3178 5232 Christo
3206 5186 3390 5230 tenens
3409 5217 3424 5239 ,

1860 5267 1924 5307 ac
1945 5253 2062 5305 vita:
2091 5251 2319 5319 praedam
2363 5251 2538 5303 subito
2581 5250 2820 5318 rapiens,
2849 5249 3344 5319 immutatogencre
3375 5254 3428 5297 et

1863 5337 1996 5375 nova
2039 5315 2202 5387 spolia
2233 5321 2299 5373 dc
2327 5329 2496 5373 morte
2527 5315 2734 5388 propria
2766 5315 3190 5388 rcportans,_ille
3217 5329 3313 5368 nec
3343 5329 3426 5388 sa:

1863 5391 1986 5445 lutis
2025 5381 2260 5458 tempora
2291 5390 2465 5443 sciens
2491 5381 2722 5452 distulit,
2753 5381 2850 5438 nec
2893 5381 3124 5440 remedia
3153 5393 3320 5438 status
3347 5385 3427 5436 sui

1923 5501 1942 5532 ι
1968 5505 2104 5547 Forte
2117 5495 2394 5554 legendum,
2409 5494 2744 5554 conceduntur.
2759 5497 2848 5542 Aut
2855 5495 2992 5554 certe
3000 5489 3244 5554 abundant
3264 5490 3434 5554 verba,

1863 5566 1909 5612 et
1929 5558 2048 5608 mila
2072 5550 2278 5606 resoluta
2297 5550 2451 5606 mente
2472 5553 2814 5616 concipiuntur.
2837 5559 2888 5602 Et
2921 5551 3025 5614 ipsa
3066 5550 3262 5614 quidem
3293 5551 3432 5601 emito

1865 5628 2090 5694 tumcum
2101 5619 2303 5668 Eusebio
2320 5616 2644 5679 nunusaipti.
