4050 6178
489 355 615 411 ειη

490 468 658 531 Legit.
683 468 810 523 Post
830 467 974 522 illum
987 473 1382 521 sacrosanctum
1412 464 1618 518 Domini
1645 466 1871 520 natalem
1895 466 2057 531 diem,

488 534 683 594 nullius
715 538 944 590 hominis
991 536 1313 590 nativitatem
1361 534 1583 601 legimus
1635 535 1908 601 celebrari,
1964 539 2064 592 nisi

490 610 655 662 solius
680 607 816 661 beati
847 605 1068 660 Joannis
1117 604 1386 669 Baptistae.
1421 604 1475 656 In
1506 605 1622 657 aliis
1652 607 1848 658 sanctis
1875 619 1926 659 et
1954 608 2065 661 ele-

486 678 586 731 ctis
618 677 708 731 Dei
741 677 979 729 novimus
1003 675 1150 726 illum
1185 673 1324 726 diem
1353 673 1474 733 coli,
1523 689 1628 742 quo
1653 675 1770 728 illos
1799 684 2062 743 posteon-

491 747 895 800 summationem
946 744 1205 802 laborum,
1251 752 1304 796 et
1345 743 1607 797 devictum
1651 746 2063 812 triumphatum-

486 831 591 884 que
623 814 871 869 mundum
903 814 955 884 iu
1007 823 1289 884 perpetuas
1329 814 1653 884 :eteruitates
1689 829 1923 884 pnesens
1949 815 2062 870 luec

488 883 593 938 vita
623 884 864 950 parturiit
895 899 909 944 ;
948 883 996 934 in
1027 883 1143 934 aliis
1167 892 1527 934 consummata
1551 883 1714 935 ultimi
1751 883 1852 936 diei
1875 885 2060 939 merita

485 954 824 1007 celebrantur
855 969 866 1002 :
902 953 954 1005 in
983 951 1083 1005 hoe
1107 952 1262 1003 etiam
1309 951 1474 1018 prima
1511 951 1624 1003 dies
1669 961 1721 1004 et
1763 954 1870 1021 ipsa
1899 955 2060 1009 etiam

487 1022 720 1075 hominis
747 1022 893 1076 initia
925 1029 1340 1080 consecrantur;
1377 1036 1470 1088 pro
1502 1021 1625 1090 hac
1673 1022 1873 1090 abSque
1901 1023 2060 1077 dubio

483 1107 662 1154 causa,
706 1093 827 1159 quia
877 1105 968 1158 per
997 1091 1135 1143 hunc
1165 1090 1419 1142 Dominus
1451 1089 1734 1144 adventum
1767 1089 1943 1157 suum,
1977 1109 2045 1147 ne

485 1162 661 1214 subito
695 1161 936 1214 homines
984 1161 1306 1226 insperatum
1351 1173 1453 1210 non
1495 1171 1862 1227 agnoscerent,
1897 1163 2061 1217 voluit

483 1246 604 1285 esse
634 1241 900 1283 testatum.
950 1229 1183 1284 Joannes
1204 1238 1377 1281 :mtem
1412 1227 1571 1294 ﬁgura
1604 1228 1700 1282 fuit
1729 1232 1924 1284 veteris
1951 1232 2056 1285 Te-

485 1301 755 1362 smmenti,
785 1311 838 1354 et
864 1301 914 1351 in
947 1315 1004 1352 se
1057 1299 1279 1350 formam
1334 1299 1562 1366 praetulit
1609 1299 1802 1366 Legis:
1855 1310 1909 1354 et
1940 1302 2059 1356 ideo

482 1368 716 1423 Joannes
737 1367 1486 1439 prtenuntiavit.Salvatorctn,
1515 1368 1650 1421 sicut
1689 1367 1795 1422 Lex
1836 1372 2055 1439 gratiam

486 1436 848 1506 priccucurrit.
889 1437 1040 1502 Quod
1084 1447 1259 1489 autem
1293 1436 1524 1488 nondum
1576 1447 1729 1490 natus
1759 1439 1825 1492 de
1843 1436 2057 1494 secreto

484 1507 708 1562 materni
739 1508 870 1560 uteri
911 1506 1264 1576 prophetavit.
1300 1515 1354 1560 et
1383 1521 1575 1576 expers
1614 1507 1746 1560 lucis
1767 1507 1875 1575 jam
1907 1513 2055 1564 testis

482 1587 566 1631 est
590 1577 824 1631 veritatis
849 1595 859 1628 :
889 1575 989 1630 hoc
1013 1585 1092 1629 est
1121 1575 1516 1644 intelligendum
1542 1618 1555 1637 ,
1581 1577 1718 1642 quod
1755 1577 1923 1631 latens
1957 1581 2057 1632 sub

481 1647 744 1702 velamine
779 1655 830 1699 ct
873 1645 1263 1706 earnelittcrm,
1318 1655 1370 1698 et
1417 1645 1822 1713 Redemptorem
1860 1649 2055 1702 mundo

482 1716 672 1784 spiritu
724 1715 1045 1782 pranlicavit,
1090 1725 1142 1766 et
1175 1715 1327 1767 nobis
1384 1715 1658 1768 Dominum
1715 1726 1950 1770 nostrum
1989 1717 2055 1772 de

481 1786 708 1852 quodam
742 1785 895 1854 Legis
919 1794 1070 1837 utero
1120 1784 1481 1854 proclamavit.
1539 1784 1676 1851 Ergo
1719 1787 1838 1854 quia
1885 1786 2053 1841 Juda'i

485 1863 863 1924 erravcrttttta
902 1863 1106 1918 ventre,
1135 1853 1184 1906 id
1212 1863 1312 1915 est,
1333 1869 1361 1905 a
1389 1853 1528 1921 Lege
1559 1871 1674 1921 qum
1699 1853 1910 1908 Christo
1931 1872 2052 1924 gra-

482 1924 602 1976 vida
627 1933 738 1977 erat
766 1940 780 1987 ;
809 1922 1167 1995 Errarerunt_a
1189 1931 1370 1995 uentre,
1392 1924 1546 1995 locuti
1567 1933 1680 1976 sztnt
1700 1924 1832 1992 falsa
1858 1925 1875 1995 (
1907 1922 2050 1978 Psnl.

488 2007 612 2056 Lvtt,
636 1991 708 2064 4)
740 2013 752 2047 :
785 1994 902 2046 ideo
925 1993 1003 2045 ltic
1032 1993 1162 2064 venit
1183 1993 1233 2044 in
1258 1993 1610 2064 testimonium,
1642 1991 2053 2064 nt’testinionium

482 2061 756 2131 perhiberet
786 2063 848 2116 de
877 2063 1064 2115 lumine
1089 2062 1104 2129 (
1130 2061 1287 2115 Jonn.
1314 2078 1352 2124 ι,
1382 2062 1472 2129 8).
1505 2062 1654 2127 Quod
1676 2073 1847 2117 autem
1887 2064 2048 2118 Joan-

485 2147 579 2186 nes
600 2135 648 2186 in
668 2147 881 2186 carcere
902 2133 1216 2185 constitutus
1235 2131 1300 2182 ad
1322 2131 1586 2201 Christum
1610 2132 1897 2201 discipulos
1927 2149 2053 2187 suos

484 2202 736 2274 ordinat(
768 2201 952 2274 Matth.
1001 2217 1073 2264 χι,
1103 2201 1137 2252 2
1167 2201 1208 2270 ),
1241 2201 1345 2274 Lex
1369 2200 1434 2254 ad
1469 2200 1758 2274 Evangelia
1783 2205 2052 2257 transmit-

480 2271 563 2324 tit.
603 2269 734 2338 Qtue'
771 2271 1047 2339 Lexjnxta
1077 2269 1256 2339 typum
1310 2269 1529 2324 Joannis
1567 2269 1714 2340 quasi
1743 2273 2052 2339 ignorantia:

481 2340 663 2395 clausa
698 2356 929 2403 carcere,
992 2341 1042 2393 in
1085 2341 1314 2410 obscuro
1341 2349 1392 2393 et
1424 2341 1474 2392 in
1502 2341 1721 2410 occulto
1745 2342 1974 2410 jacehat,
1998 2352 2051 2396 et

480 2409 715 2463 Judaiea:
758 2410 1010 2464 excitatis
1076 2424 1263 2463 sensus
1305 2409 1442 2462 intra
1501 2409 2052 2466 litteratutcnebatur

479 2479 733 2534 inclusus.
1661 2503 1671 2513 ο

547 2549 603 2602 2.
635 2547 863 2602 Lucerna
882 2548 1083 2620 ardens.
1117 2548 1191 2601 De
1225 2547 1320 2602 hoc
1346 2547 1527 2620 beatus
1552 2548 1891 2620 Evangelista
1924 2566 2050 2620 pro-

483 2617 743 2690 loquitur,
762 2618 862 2672 Ille
900 2617 1241 2690 eratlucerna
1288 2618 1472 2671 ardens
1501 2617 1690 2688 (Joan.
1718 2617 1777 2690 7v,
1805 2621 1872 2675 55
1903 2617 1958 2690 )’;
1990 2621 2040 2674 id

479 2697 582 2753 est,
611 2688 840 2756 Spiritus
861 2689 1025 2741 sancti
1050 2689 1169 2756 igne
1191 2702 1496 2760 succensus,
1513 2696 1568 2741 ut
1594 2689 1791 2760 mundo
1813 2688 2050 2760 ignoran-

483 2757 566 2810 tia:
596 2769 750 2812 nocte
779 2772 1042 2826 possesso,
1070 2760 1244 2829 lumen
1276 2758 1461 2809 salutis
1488 2758 1810 2829 ostenderet,
1835 2757 1891 2812 et
1919 2776 2050 2829 qua-

477 2827 522 2880 si
549 2827 686 2881 inter
715 2827 1054 2881 densissimas
1079 2827 1390 2880 delictorum
1436 2827 1698 2891 tenebras,
1732 2827 2048 2895 splendidis-

474 2896 666 2949 simum
690 2897 906 2965 iustitia:
952 2896 1115 2966 solem
1165 2897 1293 2948 lueis
1323 2911 1432 2948 sua:
1461 2897 1606 2948 radio
1635 2897 2043 2966 demonstraret,

475 2965 542 3019 de
565 2980 623 3019 se
650 2967 763 3035 ipso
784 2966 984 3031 dicens,
1016 2965 1123 3034 Ego
1136 2966 1501 3035 voxclamantis
1520 2967 1570 3017 in
1599 2966 1825 3033 tleserlol
1857 2965 2044 3023 Matth.

473 3049 554 3101 ιιι,
586 3036 618 3089 3
639 3034 678 3103 ).
709 3035 996 3090 Vit‘leamus
1025 3037 1073 3087 in
1096 3051 1199 3104 quo
1240 3034 1470 3095 deserto,
1510 3036 1558 3088 id
1586 3045 1686 3101 est,
1719 3038 1768 3089 in
1795 3038 2044 3092 Gentium

476 3106 695 3173 populo.
730 3105 904 3160 Vacua
934 3106 1074 3158 enim
1109 3107 1296 3157 timore
1331 3105 1422 3175 Dei
1461 3115 1691 3172 pectora,
1739 3119 1789 3160 et
1837 3107 2038 3175 Spiritu

475 3184 660 3228 sancto
689 3175 945 3240 carentia,
970 3175 1183 3228 deserto
1205 3174 1499 3245 squalentis
1527 3177 1689 3229 eremi
1729 3174 2045 3245 comparan-

475 3252 576 3297 tur.
611 3245 858 3298 Desertus
885 3246 1024 3300 enitn
1065 3253 1178 3296 erat
1203 3243 1288 3296 hic
1322 3244 1546 3297 tnundus
1567 3246 1634 3298 ab
1662 3248 1806 3298 omni
1841 3243 2042 3302 cultura

473 3313 594 3368 ﬁdei
645 3327 697 3368 et
750 3315 950 3367 timoris
991 3315 1102 3377 Dei,
1144 3322 1582 3385 et_peeeatorum
1641 3317 1806 3385 spinis
1842 3317 2044 3370 obsitus

471 3385 745 3450 squalebat
777 3394 1020 3450 tanquam
1052 3399 1176 3450 ager
1219 3382 1466 3446 incultus,
1508 3394 1560 3436 et
1591 3382 1786 3438 nullam
1839 3388 2044 3448 penitus

469 3451 727 3506 bonorum
761 3468 977 3522 rperum
1012 3452 1383 3505 fecunditatem
1415 3455 1683 3518 attulerat,
1709 3456 1911 3510 nullum
1939 3457 2042 3510 im-

471 3520 622 3591 brem
683 3520 864 3590 gratia:
916 3522 1203 3591 spiritualis
1243 3531 1540 3588 acceperat.
1599 3523 1820 3577 Mittitur
1857 3527 2043 3580 beatus

469 3589 720 3650 Joannes,
743 3591 828 3658 qui
861 3589 979 3644 eum
1013 3607 1106 3658 per
1125 3591 1482 3662 prophetiam
1510 3603 1666 3660 atque
1698 3597 2040 3662 apostolicam

471 3661 921 3730 prmdicatiouem,
951 3659 1746 3730 annuntiandoApmnitentiam,‘
1767 3666 1913 3730 quasi
1951 3681 2042 3718 ru-

473 3727 590 3781 dem
619 3743 864 3799 campum
887 3728 1270 3799 pro~eittdet'et_,
1324 3727 1633 3783 fecundaret
1659 3741 1712 3785 et
1743 3727 2038 3799 excoleret,

471 3795 627 3850 divini
659 3798 800 3850 verbi
831 3797 1120 3850 seminibus
1145 3797 1387 3861 impleret
1415 3813 1427 3848 :
1457 3807 1509 3849 et
1533 3799 1596 3850 ad
1630 3811 1885 3854 maturam
1930 3795 2043 3856 fro;

466 3881 606 3936 gent,
632 3866 679 3936 id
712 3875 813 3927 cst,
843 3866 906 3918 ad
937 3867 1349 3936 regenerationis
1371 3869 1589 3932 gratiam
1624 3878 1962 3935 prchararet.

537 3935 588 3988 5.
616 3935 742 4000 Qua!
760 3951 850 3987 suo
872 3937 921 3987 in
944 3947 1056 3987 ortu
1081 3938 1277 4008 revelat.
1311 3935 1426 4008 Jatn
1454 3937 1830 4008 illudqnantm
1859 3941 2042 4008 gloria:

470 4013 570 4069 est,
597 4005 738 4070 quod
769 4004 1042 4081 Zachariae
1067 4005 1330 4081 sacci-dot
1351 4007 1462 4059 seni
1496 4015 1560 4081 et_
1592 4004 2041 4081 Elisabetlr'steri-

471 4072 566 4126 lia
612 4075 877 4140 Gabriele,
918 4074 977 4145 id
1008 4082 1114 4145 est,
1161 4075 1226 4127 ab
1281 4075 1370 4145 illo
1411 4076 1599 4143 angelo
1644 4072 1983 4145 promitti'tur,
2010 4097 2039 4135 a

467 4158 573 4208 quo
604 4145 779 4196 Maria:
822 4144 1066 4198 nativitas
1092 4143 1326 4216 Domini,
1375 4146 1649 4216 nuntiatur
1679 4165 1691 4199 :
1720 4157 1769 4200 et
1801 4150 1948 4216 quasi
1972 4143 2037 4204 ex

465 4215 646 4281 aliquo
674 4215 862 4268 similis
898 4215 1124 4275 Domini,
1158 4215 1500 4281 pra-mittitur
1532 4216 1669 4268 lilius
1695 4215 1889 4270 sterilis
1916 4229 2039 4273 ante

465 4281 628 4335 lilium
663 4282 912 4358 Virginis,
955 4283 1300 4358 nescioquod
1357 4285 1526 4358 majus
1567 4286 1883 4358 miraculum
1927 4289 2035 4358 ipsa

465 4353 739 4405 nativitate
763 4350 1353 4418 deelarans.luspcrata
1413 4354 1559 4420 prole
1609 4356 1894 4422 posteritas
1926 4350 2039 4411 ιῖιιι-
2084 4378 2089 4383 τ

465 4431 682 4473 neratnr
711 4439 724 4479 :
753 4427 874 4488 quia
908 4436 1046 4472 novo
1091 4431 1240 4486 partu
1265 4431 1379 4473 erat
1409 4423 1731 4476 muneranda
1779 4435 1833 4479 et
1861 4426 2036 4480 ditati-

463 4489 524 4542 da
552 4491 842 4557 virginitas.
874 4491 1216 4543 Prmmittitur
1237 4501 1359 4544 ante
1383 4491 1563 4545 Jesnm
1594 4493 1857 4548 Christum
1886 4496 2040 4550 Joan-

460 4574 575 4618 nes,
605 4561 750 4627 quasi
777 4559 1172 4613 Testamentum
1214 4570 1363 4612 vetus
1384 4569 1506 4614 ante
1551 4577 1781 4624 novum;
1817 4575 1872 4618 ut
1923 4567 2038 4620 dies

462 4628 566 4680 diei
600 4637 800 4683 ernetet
829 4629 1069 4704 verbum,
1098 4639 1150 4682 et
1182 4641 1629 4704 sacramentorum
1667 4633 1888 4687 obscura
1917 4651 2040 4704 pro-

463 4697 694 4770 funditas
717 4699 1134 4752 evidentioribus
1163 4714 1312 4770 nova:
1329 4699 1582 4754 doctrina:
1604 4704 1872 4770 mysteriis
1887 4697 2038 4758 reve-

461 4767 617 4819 letnr.
661 4767 1002 4821 Pra~mittitur
1043 4785 1169 4837 ergo
1201 4769 1412 4821 lucerna
1444 4780 1568 4823 ante
1609 4767 1799 4836 solem,
1854 4789 2038 4828 servus

461 4845 583 4890 ante
633 4838 932 4901 Dominum,
985 4840 1185 4910 amicus
1234 4849 1357 4893 ante
1382 4855 1655 4908 sponsum,
1688 4857 1866 4910 przreo
1914 4851 2037 4899 ante

458 4905 707 4983 judieem,
731 4923 826 4983 vox
861 4917 983 4983 ante
1017 4908 1265 4983 verbum.
1291 4910 1368 4983 _Et
1402 4905 1519 4964 ideo
1547 4911 1616 4983 de
1639 4905 1704 4964 se
1741 4911 1888 4983 dicit,
1924 4913 2037 4983 Ego

461 4991 554 5030 vox
574 4977 838 5029 clamantis
858 4978 909 5029 in
937 4979 1146 5030 deserto.
1169 4979 1305 5045 Quid
1335 4988 1415 5032 est
1438 4981 1579 5042 quod
1605 4981 1789 5035 beatus
1803 4977 2036 5037 Joannes

459 5058 640 5117 vocem
669 5062 726 5100 se
748 5062 865 5100 esse
885 5048 1054 5100 dixit?
1083 5048 1144 5101 ld
1167 5059 1267 5111 est,
1295 5049 1417 5117 quia
1446 5049 1600 5104 Verbi
1625 5054 2035 5106 annuntiatoret

465 5115 772 5184 prmdicator
796 5124 933 5170 erat.

463 5231 567 5276 cap.
593 5217 642 5273 9,
667 5217 712 5264 in
738 5215 978 5264 nonnullis
995 5229 1105 5276 quae
1131 5215 1210 5265 hic
1234 5228 1365 5264 num.
1387 5217 1417 5264 6
1453 5215 1684 5275 leguntur
1709 5219 1870 5267 verbis
1895 5234 1906 5268 :
1931 5233 2039 5268 cum

466 5277 655 5326 homilia
680 5278 826 5326 etiam
850 5279 981 5326 inter
1003 5276 1299 5325 Eusebianas
1314 5277 1375 5324 de
1397 5276 1655 5327 Nativitate
1676 5284 1823 5327 sancti
1843 5279 2041 5330 Joannis

466 5338 701 5396 secunda,
724 5350 865 5398 quam
891 5339 1085 5399 quidem
1110 5350 1170 5399 ex
1199 5339 1284 5383 ista
1311 5340 1578 5397 praesertim
1604 5343 1912 5399 sententia,«
1940 5343 2039 5391 Sci-

467 5401 683 5463 vit_quod
708 5411 802 5463 non
828 5398 1078 5463 sufﬁceret
1125 5397 1354 5463 eligentis
1400 5401 1574 5458 gratia,
1624 5402 1716 5463 nisi
1762 5397 2040 5463 invigilaret

466 5457 804 5523 coliaborautis
849 5459 1103 5523 industria,
1129 5474 1150 5523 ῃ
1182 5457 1360 5523 Fausti
1386 5457 1500 5523 esse
1538 5457 1834 5523 conﬁcimus,
1863 5457 1943 5523 qui
1970 5466 2041 5513 si-

469 5519 586 5568 mile
607 5523 855 5580 quidpiam
882 5519 1004 5566 dixit
1024 5521 1071 5566 in
1093 5519 1216 5567 libro
1232 5520 1250 5568 ι
1265 5520 1329 5567 de
1345 5519 1522 5568 Libero
1544 5521 1770 5570 Arbitrio.
1789 5519 2039 5574 Observa-

469 5592 577 5628 mus
597 5581 790 5628 tandem
820 5581 1085 5629 Eusebiana
1111 5580 1304 5629 humilia
1326 5582 1382 5627 ad
1413 5581 1665 5629 Monachus
1693 5584 1904 5631 secunda
1922 5598 2039 5634 eou-

470 5645 612 5689 tineri
629 5649 813 5698 partem
831 5644 1071 5702 sermonis
1089 5641 1232 5699 hujus
1249 5655 1339 5689 non
1361 5654 1610 5702 extgnam,
1626 5645 1792 5692 abillis
1807 5647 2037 5693 nimirum

474 5703 638 5750 verbis
660 5714 790 5748 num.
817 5702 877 5749 6:
912 5719 932 5745 ι
966 5701 1191 5749 Novitnus
1213 5704 1322 5762 quia
1347 5701 1645 5750 familiariter
1670 5718 1715 5752 m
1753 5719 1806 5751 us
1835 5707 2041 5757 humana

479 5775 507 5806 it
530 5765 577 5810 in
601 5763 804 5809 diversis
829 5763 967 5823 hujus
984 5765 1144 5811 tnuu-li
1168 5762 1425 5824 illecebris,
1452 5780 1470 5807 ι
1506 5775 1599 5813 etc.

1934 352 2292 409 APPENDIX.

3618 366 3777 426 ‘2]!2

2246 471 2299 548 ρ.
2355 469 2564 548 Verbum
2581 473 2714 548 quid
2740 472 2824 540 sit,
2854 474 2978 548 quid
3002 491 3116 548 vos.
3158 477 3253 533 llic
3273 479 3384 548 jam
3415 480 3642 537 sollicite
3676 501 3774 538 re-

2173 539 2446 607 quiramus
2472 539 2764 621 quid'inter
2801 539 3018 621 verbum
3055 547 3123 601 sit
3152 558 3206 602 et.
3237 539 3440 621 vocem.
3472 551 3771 621 Scriptura:

2176 619 2375 686 saneta:
2419 611 2636 664 verbum
2667 613 3092 686 essedeliniunt,
3125 618 3264 686 quod
3304 619 3439 672 intra
3481 611 3640 675 animi
3682 625 3770 676 si-

2177 677 2398 752 lentiqu
2445 690 2625 752 mente
2653 683 3022 751 concipimus;
3075 677 3294 741 verbum
3347 705 3467 743 esse
3499 690 3770 748 deliniant

2177 747 2343 814 ipsam
2367 747 2764 813 cogitationem,
2798 747 2914 821 quae.
2938 747 3109 810 adhuc
3138 759 3273 810 intra
3304 761 3643 815 conscientia:
3672 747 3768 817 se;

2175 829 2317 900 creta
2346 821 2639 900 retinetur:
2669 837 2850 900 vo_c_em
2880 839 3027 891 vero,
3053 842 3148 895 per
3175 843 3332 900 quam
3370 830 3588 883 vcrlmm
3631 847 3766 900 pro-

2173 885 2340 968 fertur
2372 889 2420 940 in
2455 890 2704 968 medium.
2733 893 2864 968 Volt,
2892 885 3164 968 sontis-rest
3191 885 3346 951 index
3378 885 3719 967 cogitatioitis
3746 921 3762 968 ;

2169 957 2387 1037 verbum
2418 973 2544 1037 vero
2577 960 2991 1037 ipsa‘cogitatio.
3025 966 3169 1019 Sicut
3196 968 3337 1022 enim
3379 957 3590 1037 quando
3631 957 3763 1026 ver-1

2167 1025 2500 1109 bumncorde
2554 1025 3273 1109 Icimeipinvmstnecessaria
3322 1025 3412 1109 est-
3452 1055 3551 1092 vox
3602 1025 3765 1109 quasi

2166 1095 2428 1174 quoddam
2485 1095 2786 1174 vehiculum
2837 1103 3017 1174 verbi;
3083 1114 3134 1158 et
3186 1108 3477 1174 quamlibet
3527 1095 3760 1164 verbum

2166 1163 2339 1241 ipsum
2371 1182 2463 1233 per
2491 1168 2599 1222 oris
2628 1184 2815 1225 sonum
2845 1173 2910 1225 ad
2941 1163 3103 1228 alium
3139 1163 3537 1241 transferamus,
3570 1163 3756 1235 tamen

2165 1232 2292 1288 illud
2326 1232 2585 1306 integrum
2613 1241 2770 1294 etiam
2813 1243 2944 1295 intra
2993 1259 3109 1304 nos,
3135 1245 3183 1298 id
3223 1256 3327 1310 est,
3357 1232 3592 1300 clausum
3619 1264 3647 1300 a
3673 1232 3758 1302 lo;

2164 1314 2359 1374 quente
2400 1309 2730 1373 transfertur,
2765 1319 2820 1364 ut
2851 1323 3024 1364 tamen
3075 1314 3124 1365 in
3166 1329 3258 1367 sua
3300 1309 3425 1369 seile
3472 1328 3752 1374 teneatur:

2165 1372 2233 1454 ita
2271 1383 2328 1453 et
2367 1372 2723 1454 omnipoiens
2754 1380 2908 1454 Pater
2946 1382 3291 1454 innotescere
3341 1386 3494 1439 nobis
3539 1389 3749 1454 volens,

2161 1441 2481 1522 Sapientiam
2513 1441 2810 1522 et_Verbum
2832 1450 2957 1522 illud
2978 1453 3115 1518 quod
3138 1455 3188 1505 in
3215 1455 3462 1522 principio
3487 1468 3592 1508 erat
3612 1441 3755 1515 Dan;

2162 1514 2302 1590 apud
2333 1513 2493 1567 Deum
2529 1515 2704 1585 (Joan.
2735 1535 2772 1583 ι,
2807 1519 2883 1588 1),
2935 1513 3071 1574 sicut
3100 1513 3482 1590 ipse'testaiur,
3529 1513 3752 1580 Erucio;

2160 1582 2229 1661 uit
2271 1599 2358 1634 cor
2401 1582 2564 1637 meum
2595 1582 2804 1661 uerbum
2830 1582 3012 1643 bonum
3036 1582 3204 1661 (Paul.
3237 1609 3382 1656 xuv,
3409 1582 3746 1659 2),-beatum

2160 1649 2437 1727 Joannem,
2459 1657 2606 1722 quasi
2634 1672 2815 1711 vocem
2847 1676 2939 1726 per
2956 1649 3112 1727 quam
3137 1662 3200 1714 ad
3230 1679 3325 1716 nos
3347 1649 3564 1717 verbum
3587 1679 3744 1719 suum

2163 1721 2442 1799 proferret,
2469 1721 2788 1799 assumpsit.
2835 1721 2987 1795 Quod
3013 1731 3224 1799 quidem
3270 1733 3486 1786 verbum
3536 1734 3603 1787 de
3653 1737 3744 1790 illa

2159 1790 2287 1872 sede
2318 1791 2388 1872 ita
2417 1794 2481 1846 ad
2522 1811 2616 1872 nos
2642 1790 2934 1872 descendit,
2966 1790 3112 1853 ut'in
3143 1801 3283 1864 sinu,
3317 1803 3365 1854 id
3401 1811 3502 1866 est,
3532 1803 3583 1855 in
3610 1820 3740 1872 pro-

2159 1857 2560 1941 l'uado_l’aterni
2603 1869 2832 1941 pectoris
2873 1857 3226 1937 permaneret,
3261 1857 3465 1925 terrena
3491 1857 3737 1941 ἰὶδίιῖιιιὲ,

2161 1938 2214 1981 ct
2233 1930 2476 2006 _(_-cel_estia
2501 1930 2614 2006 non
2637 1930 2958 2006 relinquens.

2228 2000 2279 2053 5.
2319 2000 2534 2080 Joannis
2575 2021 2681 2080 pro?
2706 2000 2897 2080 etEt-eris
2940 2007 3208 2078 PrOpItetis
3252 2011 3431 2080 gloria.
3484 2011 3747 2066 Mediator

2157 2077 2229 2150 est
2268 2072 2394 2150 nori_
2427 2082 2472 2124 et
2516 2072 2692 2150 veteris
2740 2072 3068 2150 Testamenta
3104 2072 3272 2133 “illth
3295 2081 3470 2149 itaque
3511 2083 3737 2150 gloriam

2156 2137 2343 2217 beat-us
2369 2141 2601 2217 Joannes
2630 2145 2860 2214 Baptista
2898 2164 3000 2200 non
3040 2148 3105 2202 de
3145 2137 3451 2217 longinquo,
3483 2137 3619 2205 sicut
3651 2169 3740 2206 re-

2159 2206 2283 2288 liqui
2313 2209 2624 2288 l_’r0pheta3;
2679 2206 2771 2288 sed
2804 2217 3004 2271 vicinus
3039 2227 3092 2272 ct
3129 2206 3400 2288 prosimus
3426 2206 3733 2278 antecessit.

2155 2275 2230 2330 llli
2273 2275 2553 2358 adventum
2586 2275 2724 2355 regis
2762 2297 2884 2358 ante
2931 2288 3090 2358 multa
3131 2275 3370 2357 'tempora
3414 2275 3738 2358 prtedicave;

2156 2358 2309 2428 runt,
2355 2350 2443 2428 alii
2483 2350 2748 2428 dixerunt,
2791 2355 3116 2426 Quandoque
3167 2350 3428 2413 venturus
3461 2371 3574 2422 est;
3617 2362 3729 2428 alii,

2154 2416 2292 2499 lzleee
2330 2419 2456 2499 cito‘
2479 2425 2622 2478 venit
2652 2443 2665 2479 :
2710 2416 3045 2499 iste'autctn'
3067 2445 3223 2496 quem
3266 2416 3733 2499 venturum'prte-v

2155 2485 2548 2568 dixit,-venisse_
2590 2496 2920 2568 monstravit,
2963 2505 3016 2549 et
3056 2485 3384 2566 prophetiam
3428 2485 3736 2568 suam'ipso

2152 2572 2309 2636 quem
2331 2564 2676 2638 annumiabat
2697 2565 2977 2638 assistente
3003 2564 3306 2636 complevit.
3338 2569 3522 2622 Adlmc
3554 2564 3734 2638 itaque

2153 2625 2205 2678 in
2243 2638 2396 2709 utero
2419 2634 2610 2709 _tnatris
2639 2650 2753 2709 sua:
2791 2635 2990 2703 Spiritu
3033 2625 3215 2709 saneto
3244 2649 3326 2692 est
3375 2625 3733 2709 repletus-et

2152 2710 2307 2779 suam
2334 2700 2496 2779 ipsius
2544 2700 2872 2779 nativitatem
2906 2707 3267 2779 prophetando
3319 2700 3571 2779 prtevenit
3595 2700 3625 2776 ;’
3662 2711 3730 2764 ad

2152 2766 2549 2848 similitudinem
2595 2773 2800 2849 Domini
2842 2766 3199 2849 sancii'licatus
3239 2766 3518 2847 antequam
3552 2766 3728 2849 natus,

2151 2833 2286 2888 intra
2317 2839 2521 2895 viscera
2561 2845 2851 2904 exsultans,
2880 2855 2934 2898 et
2963 2845 3249 2902 Salvatoris
3291 2833 3573 2903 adventum
3615 2833 3731 2906 ma:

2153 2913 2304 2960 teruo
2337 2922 2795 2990 .ore_pr_otestans.
2827 2914 2964 2990 Vere
3019 2918 3226 2990 lucerna
3272 2919 3492 2990 ardens,
3527 2923 3578 2974 in
3623 2938 3730 2990 quo

2153 2983 2259 3055 tam
2295 2979 2800 3056 _singularis__grali:_t
2841 2984 3030 3056 divinae
3069 2988 3386 3056 dignationis
3423 2979 3655 3051 ell‘ulsit:
3673 3001 3730 3046 ut

2144 3043 2253 3112 jam
2287 3043 2501 3116 jamque
2543 3043 2724 3106 adfore
2770 3043 3177 3127 Redemptoreiit
3221 3067 3420 3113 saneta:
3458 3043 3730 3126 genitricis

2149 3127 2581 3197 voee'narraret;
2628 3133 2681 3176 et
2708 3137 2804 3190 per
2827 3139 2970 3197 eam,
2999 3128 3142 3180 velut
3183 3144 3280 3196 per
3317 3130 3600 3197 quamdam
3633 3147 3728 3183 ve-

2149 3184 2319 3265 ritatis
2349 3184 2656 3265 lucernam,
2700 3184 2930 3245 nondum
2956 3184 3026 3250 'in
3069 3184 3236 3251 luccin
3275 3184 3510 3265 prolatus
3547 3209 3730 3254 osten-

2147 3252 2318 3309 deret.
2349 3258 2443 3312 llic
2469 3270 2550 3313 est
2582 3252 2668 3316 ille
2691 3264 2814 3316 novi
2843 3272 2896 3316 et
2923 3267 3116 3320 veteris
3142 3252 3462 3322 Testamenti
3505 3252 3730 3324 idoneus

2149 3325 2425 3404 mediator,
2454 3339 2506 3382 et
2541 3331 2755 3399 gloriosi
2794 3334 2924 3407 Agni
2955 3335 3144 3401 dignus
3183 3345 3428 3390 ostensor
3457 3355 3469 3389 :
3498 3340 3588 3407 qui
3622 3341 3727 3394 Do-

2148 3407 2346 3474 nititum
2379 3413 2530 3452 suum
2568 3409 2622 3474 et
2665 3405 2977 3459 annuntiare
3016 3421 3122 3459 uno
3167 3415 3405 3474 tempore
3451 3405 3647 3463 tnéruit
3673 3419 3727 3464 et

2149 3463 2346 3536 videre,
2378 3483 2478 3520 una
2508 3470 2798 3536 eademque
2827 3487 2936 3526 sua:
2981 3463 3458 3531 nativitatis'wtate
3497 3488 3550 3532 et
3588 3463 3726 3534 nova

2147 3535 2428 3603 incipiens.
2452 3547 2505 3592 et
2528 3550 2704 3593 vetera
2719 3535 3069 3598 concludens.

2218 3605 2270 3657 6.
2322 3605 2411 3687 Vis
2446 3610 2677 3687 facienda
2717 3621 2919 3687 propter
2944 3631 3151 3684 regnum
3193 3617 3450 3669 cmlorum.
3491 3618 3564 3672 De
3603 3634 3729 3687 per-

2147 3687 2276 3758 sona
2323 3675 2478 3756 hujus
2527 3675 2858 3758 Evangelista
2917 3675 3156 3758 tesiatur,
3201 3687 3244 3738 A
3276 3687 3488 3758 diebus,
3531 3675 3719 3758 inquit,

2145 3741 2361 3828 {pannis
2393 3741 2614 3828 regnum
2644 3741 2880 3828 ﬂuuiorum
2921 3756 3017 3808 vim
3049 3741 3239 3828 patitur
3265 3741 3487 3826 (Matth:
3681 3741 3722 3828 ):

2147 3812 2397 3884 Novimus
2435 3812 2552 3882 quia
2591 3818 2918 3876 familiariter
2961 3812 3112 3878 mens
3150 3812 3378 3880 hum‘ana
3409 3828 3459 3879 in
3499 3812 3728 3884 divcmis

2148 3883 2512 3962 liiijtis_mttttdi
2544 3888 2809 3962 illecebris
2839 3902 2893 3944 et
2929 3895 3369 3962 concupiscentiis
3394 3896 3596 3952 devicta
3641 3883 3723 3954 fu?

2143 3953 2219 4020 git
2260 3953 2519 4030 laborem,
2553 3960 2749 4025 expetit
2781 3953 3124 4030 voluptatem,
3155 3973 3208 4017 et
3238 3967 3320 4018 vix
3360 3966 3639 4023 adducitur
3667 3953 3726 4026 ut

2144 4025 2578 4098 consuetudinem
2624 4042 2653 4079 a
2693 4043 2749 4080 se
2777 4025 2915 4083 vita!
2939 4025 3128 4098 prioris
3158 4034 3401 4088 excludat
3433 4054 3444 4089 :
3478 4039 3568 4091 sed
3597 4025 3722 4094 cum

2143 4094 2364 4169 eruperit
2401 4096 2646 4169 cogitare
2672 4098 2838 4153 ultimi
2878 4094 2980 4155 diei
3026 4107 3413 4169 necessitatem,
3453 4121 3514 4160 ac
3555 4107 3722 4164 futuri

2139 4162 2324 4246 judieii
2373 4162 2846 4246 pondos,__ineitata
2887 4180 2937 4224 et
2965 4173 3339 4246 stitiiulata'vel
3380 4162 3473 4242 s'pe
3515 4162 3721 4246 praemii

2145 4235 2224 4314 vel
2254 4235 2441 4317 timore
2469 4237 2733 4317 supplicii1
2756 4239 3106 4317 voluntarium
3150 4242 3355 4317 bellum
3379 4235 3558 4317 indicit
3593 4264 3722 4317 pas-

2143 4304 2408 4380 sionibus,
2453 4313 2506 4358 et
2555 4308 2658 4380 vim
2713 4309 2833 4380 facit
2883 4313 3116 4378 pristinis
3163 4313 3274 4367 suis
3325 4304 3628 4380 desideriis,
3664 4331 3721 4375 et

2143 4373 2401 4446 violenter
2441 4390 2500 4446 se
2526 4375 2737 4446 vincere
2783 4373 2896 4446 ipsa
2922 4382 3212 4436 contendit.
3253 4381 3367 4436 Non
3413 4387 3552 4439 enim
3601 4373 3720 4446 sine

2141 4443 2392 4516 violentia
2445 4443 2556 4498 fieri
2605 4443 2886 4516 potest'ut
2933 4449 2999 4502 de
3051 4451 3369 4506 ahumlantia
3421 4464 3471 4508 et
3511 4443 3721 4516 deliciis

2075 4555 2082 4562 .
2143 4512 2207 4565 ad
2267 4514 2455 4566 hunem
2513 4523 2565 4567 ct
2607 4512 2793 4578 ‘sitim,
2848 4518 2912 4571 ad
2966 4520 3334 4575 abstinentiam
3397 4532 3452 4578 et
3502 4512 3719 4584 erucem

2144 4591 2405 4657 transeat;
2439 4592 2496 4636 ut
2523 4599 2710 4657 somno
2741 4587 2882 4652 prius
2911 4598 3067 4657 atque
3107 4592 3216 4642 otio
3245 4593 3466 4646 amicam
3498 4611 3717 4653 carnem

2142 4654 2463 4731 contritione
2503 4654 2799 4731 vigiliisque
2841 4654 3104 4731 c0nliciat.
3137 4661 3271 4726 Non,
3319 4663 3550 4731 inquam,
3599 4671 3721 4725 sine

2143 4722 2389 4803 violentia
2435 4723 2550 4805 lieri
2576 4735 2760 4805 potest
2792 4730 3242 4805 utmunttsqttisque
3260 4722 3590 4788 iracundiam
3624 4722 3719 4805 pa;

2145 4792 2346 4869 tientia,
2376 4793 2673 4875 superbiam
2704 4794 2999 4875 humilitaie
3024 4792 3343 4875 contmntei;
3375 4818 3554 4875 amore
3586 4792 3722 4875 pau-

2146 4863 2384 4929 pet-tatis,
2409 4861 2710 4916 divitiarum
2759 4880 2822 4919 ac
2874 4867 3203 4921 sullieicntize
3250 4861 3723 4928 aﬂluentiam'su-

2145 4942 2333 4999 peret;
2387 4932 2726 4985 vinolentiam
2783 4936 3097 4999 sobrietate,
3151 4939 3408 4994 luxuriam
3469 4945 3720 5001 castitate

2140 5001 2486 5072 eoudemnet;
2541 5011 2595 5055 et
2633 5002 2792 5056 homo
2835 5007 3010 5060 subito
3053 5008 3102 5060 in
3148 5009 3318 5062 virum
3367 5015 3718 5072 transforme-

2143 5081 2227 5146 tur
2263 5071 2574 5146 perlectum,
2619 5079 2674 5124 et
2709 5074 2936 5146 quodam
2977 5076 3136 5131 modo
3181 5081 3314 5133 alter
3355 5082 3607 5139 reddatur
3646 5071 3720 5146 ex

2141 5142 2345 5222 altero_;_
2385 5156 2456 5222 ae
2483 5142 2560 5195 sie
2588 5156 2616 5194 a
2658 5143 2849 5199 talibus
2887 5152 2982 5214 per
3013 5147 3315 5202 violentiam
3345 5166 3563 5222 regnent
3599 5142 3715 5212 cca;

2143 5211 2273 5264 leste
2297 5210 2559 5278 diripitur.

2215 5283 2283 5355 7.A
2311 5281 2422 5333 Duo
2449 5282 2761 5355 abstinetttiw
2796 5300 2996 5355 genera.
3030 5285 3142 5341 Duo
3177 5298 3353 5343 autem
3385 5299 3508 5344 sunt
3543 5295 3714 5350 absti-

2141 5352 2421 5430 nentiae-et
2451 5353 2621 5404 erucis
2643 5352 2860 5421 genera,
2883 5371 3044 5430 unum
3075 5360 3371 5426 corporale.
3393 5362 3532 5416 aliud
3559 5366 3719 5430 Spiri-

2143 5422 2302 5500 tuale.
2323 5420 2493 5500 Unum
2519 5436 2548 5474 a
2569 5420 2693 5500 potu
2716 5432 2871 5492 atque
2897 5427 3065 5500 epulis
3089 5420 3402 5500 temperare,
3420 5420 3714 5500 appetitum

2141 5492 2277 5559 gulae
2294 5506 2322 5544 a
2340 5491 2774 5546 delectationibus
2789 5491 3175 5557 etmolltssimis
3194 5491 3540 5555 suavitatibus
3558 5519 3714 5559 coer-

2142 5561 2392 5643 cerenab
2440 5561 2522 5614 his
2563 5575 2682 5630 qua:
2725 5572 3056 5643 pet-"tractum
3095 5575 3151 5621 et
3178 5579 3385 5636 gustum
3435 5572 3716 5643 visumque

2141 5630 2440 5699 decipiunt,
2485 5646 2698 5684 sensum
2731 5630 2974 5688 viriliter
3026 5630 3302 5700 revocare,
3344 5653 3406 5693 ae
3456 5630 3718 5698 violen'ter

2139 5700 2466 5780 abstrahere.
2517 5702 3114 5780 Alterumabstinentia:
3142 5717 3196 5760 et
3222 5709 3395 5780 erucis
3434 5721 3602 5780 genus
3631 5729 3716 5771 est

2141 5772 2422 5838 pretiosius
2465 5780 2620 5827 atoue
2666 5772 2959 5843 sublimius,
3002 5785 3176 5832 motus
3215 5779 3376 5834 animi
3426 5772 3629 5852 regere,
3659 5797 3715 5842 et
