4050 6178
387 355 520 415 2161

385 491 616 545 ettmque
644 515 659 540 ,
708 473 896 530 fratres
957 469 1960 545 chariss‘fud,sanctorumuutartyrum

385 538 654 604 solemnia
671 545 1026 608 celebramus,
1056 542 1126 594 ita
1155 540 1280 608 ipsis
1298 538 1745 608 intercedentibus
1773 552 1964 605 exspe-

383 629 641 672 ctemusa
673 614 894 668 Domino
938 607 1188 678 consequi
1235 610 1544 676 temporalia
1581 607 1860 672 beneﬁcia,
1905 615 1962 660 ut

385 685 533 756 ipsos
559 694 820 755 martyres
839 680 1094 756 imitando
1117 679 1358 746 accipere
1401 693 1702 732 mereamur
1738 689 1957 733 a-terna.

383 751 470 810 A'b
499 757 628 822 ipsis
653 751 794 808 enim
841 753 892 806 in
928 751 1150 822 veritate
1202 759 1502 802 Sanctorum
1547 757 1833 819 martyrum
1874 763 1961 822 so-

387 815 584 880 lemnia
611 825 964 882 celebrantur,
1000 820 1088 887 qui
1120 815 1354 888 ipsorum
1383 815 1700 888 martyrum'
1719 819 1958 886 exempla

385 907 706 964 sequuntur.
757 891 1136 964 Solemnitates
1185 887 1344 964 enim
1367 887 1656 964 martyrum
1710 889 1961 964 exhorta:

387 957 562 1020 tiones
591 973 716 1016 sunt
740 961 1145 1028 martyriorum,
1175 968 1226 1010 ut
1259 957 1450 1028 imitari
1473 972 1576 1010 non
1595 958 1785 1028 pigeat,
1815 957 1956 1026 quod

384 1035 666 1089 celebrare
713 1027 958 1086 delectat.
1008 1027 1114 1081 Sed
1164 1041 1261 1079 nos
1287 1027 1529 1080 volumus
1569 1027 1798 1095 gaudere
1835 1043 1956 1081 cum

385 1107 584 1160 sanctis
606 1146 621 1166 ,
673 1109 727 1156 et
771 1098 1159 1154 tribulationem
1188 1095 1368 1148 mundi
1424 1095 1668 1166 nolumus
1697 1097 1958 1152 sustinere

384 1189 507 1230 cum
534 1165 680 1243 ipsis.
711 1165 810 1239 Qui
839 1170 1000 1243 eiiiur
1031 1175 1245 1243 sanctos
1268 1173 1591 1243 unartyres,_
1615 1165 1666 1218 in
1703 1177 1954 1243 quantum

386 1234 642 1316 potuerit,
677 1234 868 1316 imitari
915 1237 1161 1316 uoluerit,
1225 1234 1292 1316 ad
1341 1234 1524 1316 eorum
1573 1234 1954 1316 beatitudinem

387 1305 494 1368 non
527 1305 720 1382 poterit
745 1309 1044 1382 per_v_enire_.
1075 1305 1164 1360 Sic
1191 1315 1244 1356 ct
1265 1305 1538 1382 apostolus
1573 1305 1764 1382 Paulus
1819 1321 1954 1374 prte-

383 1375 550 1446 dicat,
580 1375 788 1446 dicens,
818 1378 878 1434 Si
907 1377 1148 1447 ﬁterimus
1159 1375 1314 1447 (socii‘
1325 1375 1632 1447 passionum,
1645 1376 1888 1447 _erimush
1910 1384 1956 1430 et

386 1443 785 1508 consolationuui
812 1449 878 1516 (ll
907 1443 1025 1502 Cor.
1057 1462 1093 1508 ι,
1120 1445 1194 1512 7);
1217 1443 1540 1516 etDominus
1564 1445 1616 1497 in
1645 1443 1950 1516 Evangelio,

388 1524 452 1578 Si
483 1522 696 1576 mundus
730 1513 968 1582 vos-odit,
1005 1517 1176 1568 scitote
1201 1515 1317 1584 quia
1339 1529 1414 1564 me
1441 1513 1656 1580 priorem
1685 1515 1819 1568 vobis
1839 1515 1953 1568 odio

387 1593 560 1646 habuit
587 1590 765 1660 (Joan.
800 1603 887 1660 xv,
921 1586 1030 1660 l8).
1065 1585 1290 1636 ltecusat
1327 1597 1446 1660 esse
1483 1584 1534 1637 in
1578 1597 1818 1652 corpore,
1863 1585 1953 1654 qui

386 1663 566 1716 odium
595 1653 700 1714 non
736 1658 848 1711 vult
871 1653 1132 1710 sustinere
1156 1669 1276 1706 cum
1299 1653 1491 1720 capite.

455 1731 512 1784 2.
557 1729 664 1784 Nec
691 1737 1094 1798 martyrum_nec
1125 1723 1318 1798 _Christi
1345 1722 1560 1798 imitatio
1596 1721 1950 1798 impossibilia.

389 1801 496 1856 Sed
525 1800 655 1854 dicit
695 1791 924 1864 aliqiiis;
961 1795 1024 1848 Et
1052 1793 1168 1864 quis
1204 1801 1298 1864 (est
1327 1791 1416 1860 qui
1467 1795 1633 1861 possit
1677 1793 1952 1864 beatorum

387 1881 679 1941 martyrum
707 1861 925 1935 vestigia
969 1861 1162 1941 sequi?
1200 1862 1456 1941 lluicego
1487 1861 1802 1941 respondeo,
1833 1865 1952 1932 quia

387 1932 698 1995 nonsolum
725 1932 1004 2004 inarfyres,
1028 1932 1120 2004 sed
1148 1933 1308 1985 etiam
1331 1932 1498 1999 ipsum
1525 1933 1799 2004 Dominum
1831 1948 1952 2004 cum

386 2012 552 2078 ipsius
587 2001 877 2078 adiutorio,
898 2004 944 2058 si
977 2003 1236 2078 volumus,
1270 2015 1548 2078 possumus
1577 2001 1788 2078 imitari.
1813 2003 1952 2078 Audi

386 2069 494 2134 rion
552 2069 669 2142 me;
709 2076 802 2130 sed
834 2069 1002 2142 ipsum
1053 2073 1335 2142 Dominum
1370 2071 1550 2138 generi
1583 2069 1810 2142 humano
1845 2074 1955 2126 cla-

385 2160 616 2203 mantem
715 2139 903 2198 Discite
937 2159 968 2194 τι
993 2158 1070 2212 me
1091 2141 1208 2212 quia
1230 2141 1361 2193 mitis
1385 2156 1496 2212 sum
1519 2149 1566 2192 et
1585 2139 1788 2194 humilis
1804 2142 1955 2194 corde

385 2217 598 2290 (Matth.
627 2209 700 2281 xi,
745 2214 876 2290 29L
908 2209 1043 2290 nudi
1083 2219 1138 2264 et
1169 2211 1377 2290 beatum
1412 2209 1626 2290 Petrum
1657 2212 1952 2290 apostolum

383 2280 782 2346 sditionentetn.
813 2280 1044 2338 Christus
1073 2296 1249 2350 passus
1279 2289 1349 2332 est
1371 2296 1462 2350 pro
1477 2280 1637 2344 nobis,
1669 2281 1953 2350 relinquens

383 2359 526 2410 nobis
551 2355 857 2420 exemplum,
889 2361 944 2404 ut
972 2349 1236 2419 sequamur
1271 2349 1476 2420 uestigia
1503 2350 1610 2420 ejus
1639 2349 1680 2420 (Ι
1723 2349 1950 2420 Petr._tt,

383 2431 502 2496 21).
527 2417 998 2496 ὃίηιὶιίἰιοιχριιιιΙιιξ
1011 2417 1293 2496 apostolus
1309 2417 1533 2496 elainat‘,‘
1551 2417 1954 2496 ImitatorcaDei

382 2487 556 2562 estote,
587 2497 713 2550 sicut
738 2493 832 2560 filii
856 2487 1137 2562 charissimi
1163 2487 1454 2562 (Ephes._v,
1486 2487 1560 2562 1).
1589 2488 1724 2554 Quid
1741 2490 1808 2542 ad
1839 2489 1954 2544 haec

383 2559 849 2636 respondebimus,
873 2561 1062 2636 fratres
1088 2559 1420 2636 charissimi,
1437 2559 1702 2636 vefquam
1726 2574 1950 2636 excusa-

383 2627 586 2690 tionem
617 2635 812 2688 habere
836 2627 1187 2699 poterimus?
1226 2629 1279 2684 Si
1301 2697 1306 2699 _
1332 2628 1422 2681 tibi
1453 2627 1664 2699 aliquis
1701 2629 1867 2699 dicat,
1899 2637 1954 2684 ut

383 2709 608 2760 virtutes
636 2719 766 2774 quas
791 2697 915 2774 fecit
939 2701 1199 2774 Dominus
1227 2697 1422 2774 debeas
1451 2697 1664 2774 imitari,
1689 2698 1828 2774 iusta
1858 2714 1950 2774 p_o-

383 2787 488 2831 test
513 2791 634 2831 esse
655 2767 928 2828 excusatio
956 2781 1078 2831 tua;
1120 2769 1240 2837 quia
1265 2769 1484 2822 virtutes
1505 2777 1558 2821 et
1587 2767 1842 2822 mirabilia
1873 2768 1950 2822 fa-

383 2863 508 2902 cere
536 2862 640 2900 non
660 2843 905 2898 erunibus
934 2839 1112 2892 datum
1137 2850 1217 2893 est
1234 2838 1400 2905 :juste
1417 2847 1470 2890 et
1490 2847 1634 2891 caste
1661 2839 1858 2903 vivere,
1899 2847 1954 2892 et

382 2916 692 2970 cbaritatem
715 2923 844 2967 cum
862 2909 1108 2964 omnibus
1126 2907 1412 2972 custodire,
1431 2921 1552 2960 cum
1578 2907 1670 2961 Dei
1692 2908 1954 2972 adjutorio

387 2995 690 3054 prcinptum
716 2992 814 3036 est.
847 2979 960 3054 Non
986 2979 1128 3033 enim
1160 2979 1272 3046 ipse
1301 2977 1556 3032 Dominus
1583 2977 1729 3054 dicit,
1757 2979 1954 3054 Discite

382 3048 414 3110 ἱι
443 3048 795 3109 ιιιθίιιυι-ιιιοε
822 3050 1100 3113 suscitare,
1149 3063 1308 3116 super
1345 3062 1510 3114 aquas
1552 3048 1708 3101 siccis
1735 3049 1955 3115 pedibus

381 3126 682 3188 stabulare;
725 3136 828 3174 non
871 3119 972 3188 hoc
1020 3117 1189 3172 dicit:
1223 3116 1318 3172 sed
1344 3117 1466 3188 quid
1492 3117 1607 3188 ait?
1653 3117 1785 3181 Quia
1821 3119 1956 3174 mitis

381 3212 496 3249 sum
522 3205 568 3247 et
590 3185 792 3246 humilis
833 3187 1020 3253 corde;
1071 3196 1126 3242 et
1154 3185 1369 3251 iterum,
1399 3185 1605 3256 Diligite
1623 3189 1851 3242 inimicos
1875 3207 1957 3243 ue-

382 3277 535 3327 stros,
560 3263 832 3332 benefacite
858 3260 936 3332 his
963 3259 1050 3326 qui
1078 3257 1286 3310 oderunt
1311 3272 1394 3332 uos
1415 3274 1434 3332 _;
1463 3267 1518 3312 et
1544 3257 1753 3332 iterum,
1781 3257 1958 3332 Estote

383 3335 611 3408 perfecti,
633 3327 758 3385 sicut
785 3341 854 3408 et_
873 3328 1027 3408 I_’at_er
1051 3327 1450 3408 vester‘ctelestis
1481 3331 1738 3408 perfectus.
1751 3339 1841 3408 est,
1871 3329 1956 3394 qui

383 3397 538 3458 solem
566 3419 710 3456 suum
732 3401 854 3454 oriri
880 3399 998 3467 facit
1021 3413 1172 3464 super
1212 3397 1366 3451 bonos
1403 3406 1450 3451 et
1475 3397 1632 3451 malos
1659 3397 1870 3466 (Matth.
1900 3415 1953 3466 v,

385 3475 487 3544 44η
507 3473 622 3544 45).
657 3473 718 3524 Ει
738 3472 861 3544 licet
891 3471 996 3523 sint
1016 3468 1118 3521 alia
1149 3469 1331 3544 multa,
1365 3468 1637 3544 inquibus
1666 3469 1956 3544 debeamus

383 3553 440 3598 et
467 3537 632 3598 Deuin
655 3551 710 3595 et
747 3543 928 3595 beatos
954 3549 1214 3609 martyres
1239 3537 1467 3602 imitari,
1517 3537 1615 3609 ista
1645 3547 1823 3592 tamen
1849 3539 1956 3593 duo

385 3615 648 3683 pratcipna
666 3619 812 3676 sunt,
835 3611 885 3664 id
903 3619 1003 3675 est,
1023 3618 1080 3683 ut
1095 3608 1250 3683 mites
1269 3609 1435 3683 simus
1455 3615 1510 3662 et
1525 3608 1750 3663 humiles
1772 3609 1953 3678 corde,

385 3678 440 3739 ct
459 3683 700 3736 inimicos
724 3689 934 3734 nostros
967 3680 1089 3732 totis
1117 3679 1315 3732 viribus
1335 3678 1636 3747 diligamus.

459 3753 514 3808 5.
557 3751 846 3806 Praesertim
891 3751 942 3802 in
981 3749 1301 3802 inimicorum
1351 3749 1632 3801 dilectione.
1681 3747 1955 3803 Charitatis

383 3823 486 3877 duo
511 3823 678 3893 pedes.
713 3821 786 3874 De
808 3819 1090 3893 dilectione
1121 3819 1471 3893 inimicorum,
1495 3817 1686 3893 fratres
1707 3818 1958 3873 charissi-

386 3896 482 3960 mi,
512 3889 689 3946 nullus
719 3907 947 3960 unquam
979 3890 1030 3960 iu
1084 3889 1303 3960 veritate
1347 3903 1405 3942 se
1453 3890 1648 3960 poterit
1673 3904 1952 3944 excusare.

385 3957 572 4018 Potest
591 3961 716 4015 mihi
745 3957 934 4029 aliquis
959 3959 1162 4029 dicere,
1186 3957 1300 4012 Non
1329 3973 1540 4025 possum
1563 3959 1825 4029 jejunare,
1850 3975 1954 4014 non

385 4049 600 4103 possum
623 4027 886 4103 (vigilaret;
917 4028 1166 4103 numquid
1188 4029 1572 4095 potestdicere,
1602 4027 1714 4082 Non
1745 4044 1955 4095 possum

385 4097 603 4156 ainare?
623 4097 802 4156 Potest
821 4099 1016 4160 dicere,
1039 4097 1153 4151 Non
1175 4111 1387 4166 possum
1410 4113 1495 4152 res
1521 4112 1664 4151 meas
1683 4107 1816 4152 totas
1837 4113 1958 4167 pau-

388 4173 606 4243 poribus
628 4173 848 4243 donare,
881 4179 934 4222 et
961 4169 1012 4243 i_n_
1053 4169 1374 4220 uionasterio
1400 4167 1954 4243 Deo_servire_:_n_um-

387 4237 516 4309 quid
545 4249 720 4310 potest
745 4240 944 4310 dicere,
974 4239 1037 4290 Et
1063 4253 1166 4310 non
1199 4251 1414 4310 possum
1443 4237 1658 4310 diligere
1673 4238 1706 4310 'tA
1731 4237 1956 4310 Sidixe-

388 4307 464 4366 ris
491 4307 612 4382 quia
644 4309 950 4382 nonpossis
977 4323 1006 4359 a
1033 4307 1156 4382 vino
1186 4307 1271 4382 vel
1315 4323 1345 4359 a
1387 4307 1634 4382 carnibus
1659 4307 1950 4382 abstinere,

386 4376 654 4436 credimus
681 4379 772 4433 tibi
798 4396 810 4430 :
839 4379 882 4430 si
907 4387 1080 4430 autem
1107 4376 1304 4430 dixeris
1324 4376 1462 4445 quod
1492 4393 1594 4430 non
1619 4377 1791 4444 possis
1821 4377 1872 4430 in
1903 4385 1954 4431 te

387 4449 730 4522 peccantibus
751 4447 1042 4522 indulgere,
1073 4447 1288 4522 omnino
1310 4461 1414 4522 non
1441 4445 1725 4522 credimus.
1748 4447 1815 4522 Et
1833 4448 1954 4522 quia

387 4515 527 4574 nulla
551 4519 702 4574 nobis
731 4516 985 4570 remansit
1008 4515 1312 4577 excusatio;
1343 4517 1468 4570 dum
1493 4530 1596 4569 non
1625 4515 1692 4569 de
1713 4515 1950 4581 cellario,

387 4591 482 4645 sed
504 4591 571 4644 de
599 4589 756 4642 corde
785 4587 938 4640 ismm
968 4585 1360 4655 eleemosynam
1401 4585 1648 4652 iubemur
1693 4583 1911 4652 implere
1936 4604 1950 4638 :

390 4671 446 4714 ut
473 4675 569 4728 per
593 4659 730 4711 viam
759 4657 880 4728 vitae
901 4655 970 4709 ad
990 4665 1244 4728 aeternam
1271 4669 1569 4728 mereamur
1595 4655 1959 4728 patriamper-

387 4723 592 4790 venire,
627 4742 730 4781 non
761 4726 929 4779 solum
955 4725 1174 4788 amicos,
1193 4723 1286 4778 sed
1313 4724 1470 4778 etiam
1499 4723 1740 4778 inimicos
1763 4723 1954 4793 diliga-

388 4813 528 4852 mus.
559 4798 652 4852 llis
699 4797 842 4850 enim
867 4794 1074 4848 duobus
1112 4795 1408 4863 praeceptis,
1455 4793 1506 4847 id
1536 4804 1646 4857 est,
1687 4793 1958 4862 diligendo

389 4869 558 4922 Deum
577 4876 632 4922 et
657 4865 924 4934 diligendo
947 4863 1264 4933 proximum,
1293 4864 1442 4934 quasi
1471 4863 1678 4934 duobus
1705 4864 1954 4934 spiritua-

389 4937 530 4992 libus
575 4931 819 5006 pedibus
849 4931 961 5004 per’
987 4934 1126 4986 viam
1172 4931 1325 5006 verte
1352 4931 1624 5006 charitatis
1667 4933 1957 5006 valebimus

387 5003 627 5072 currere,
659 5013 714 5060 et
757 5004 824 5059 ad
855 5003 1114 5058 aeternam
1153 5003 1374 5070 patriam
1403 5005 1692 5072 poterimus
1735 5003 1960 5056 feliciter

389 5076 698 5146 pervenire,
737 5073 859 5146 istis
885 5072 1104 5146 pedibus
1127 5073 1374 5146 currebat
1417 5073 1688 5140 apostolus
1735 5072 1952 5146 Paulus,

387 5141 600 5215 quando
641 5141 1240 5215 dicebat,’Egp__autem
1275 5141 1347 5196 sic
1395 5157 1563 5208 curro,
1609 5158 1714 5196 non
1738 5142 1959 5211 quasiin

387 5211 630 5285 incertum
665 5213 706 5285 (Ι
733 5214 848 5267 Cor.
874 5229 948 5278 nt,
968 5211 1093 5282 ⁷26).

457 5287 512 5338 4.
553 5279 794 5337 Inimicos
813 5299 989 5336 amans
1013 5279 1082 5335 est
1107 5281 1244 5352 ﬁlius
1267 5279 1384 5336 Dei.
1414 5279 1534 5352 on
1561 5281 1774 5352 diligens
1791 5281 1962 5334 homi-

389 5357 504 5409 cida
533 5363 604 5408 est
651 5363 696 5406 et
735 5355 786 5406 in
834 5353 1065 5406 tenebris.
1115 5351 1215 5418 Qui
1253 5367 1382 5421 ergo
1425 5351 1673 5405 dilexerit
1722 5353 1964 5406 inimicos

385 5440 536 5489 suos,
569 5423 693 5476 illud
729 5426 780 5475 in
825 5437 890 5476 eo
920 5423 1193 5490 impletum
1230 5421 1331 5474 erit
1371 5422 1512 5488 quod
1539 5421 1791 5476 Dominus
1809 5421 1959 5485 dixit,

391 5494 598 5564 Diligite
625 5492 852 5546 inimicos
878 5500 1081 5556 uestros,
1109 5499 1163 5544 ut
1187 5491 1293 5544 sitis
1314 5491 1410 5559 ﬁlii
1431 5490 1603 5545 Patris
1631 5493 1777 5546 vestri
1805 5491 1889 5560 qui
1912 5491 1968 5543 in

384 5640 534 5690 supra
553 5641 704 5690 serui.
726 5626 806 5688 67,
829 5641 878 5675 n.
905 5627 961 5690 4;
985 5626 1050 5690 de
1073 5639 1206 5690 num.
1222 5627 1271 5690 5,
1297 5626 1485 5690 Ctesarii
1521 5625 1684 5690 homil.
1699 5625 1772 5674 .32
1787 5660 1814 5690 ,η
1825 5639 1969 5690 supra

385 5685 537 5740 sei-ru.
567 5689 671 5746 110,
693 5702 741 5736 ιι.
767 5685 814 5745 5,
835 5695 888 5737 et
909 5685 960 5746 9,
982 5689 1010 5736 7
1032 5701 1094 5737 ex
1117 5685 1265 5739 editis
1281 5699 1308 5738 ιι
1327 5685 1525 5748 Baluzio;
1549 5689 1612 5738 de
1636 5701 1766 5737 nunt.
1793 5689 1841 5748 6,
1861 5685 1970 5738 vide

389 5762 534 5814 supra
555 5762 702 5800 εει-ω.
727 5749 836 5812 210,
860 5764 909 5798 ιι.
935 5751 984 5800 5.

1733 341 1961 404 εειιιιο
1999 347 2180 404 CCXX
2189 346 2270 408 Vl.

3507 363 3649 420 Elii?

2073 469 2212 521 caelis
2235 479 2324 520 est.
2351 467 2498 537 Elige
2529 469 2686 522 modo
2715 469 2858 539 quod
2891 470 2980 525 tibi
3046 471 3286 528 lacuerit.
3318 473 3371 530 Si
3401 475 3644 536 inimicos

2073 535 2343 594 dilexeris.
2371 553 2475 592 non
2496 541 2665 592 solum
2685 539 2909 594 amicus.
2932 487 3216 594 sefetiam
3245 545 3380 594 filius
3407 545 3497 594 Dei
3526 563 3644 594 eas-

2069 535 2343 601 dilexeris,
2371 535 2475 592 non
2496 541 2665 592 solum
2685 535 2909 605 amicus,
2932 535 3028 596 sed
3053 542 3216 596 etiam.
3245 545 3380 599 filius
3407 545 3497 601 Del
3526 535 3646 604 esse

2069 607 2380 690 memberis.
2435 607 2491 690 Si
2511 624 2644 690 vero
2690 609 2933 664 inimicos
2968 625 3149 690 amare
3171 613 3428 690 nolueris,
3461 620 3642 690 propi-

2072 677 2200 753 tium
2243 678 2408 753 Deum
2441 677 2636 732 habere
2681 695 2784 753 non
2826 680 3022 753 poteris
3050 698 3062 733 :
3097 677 3508 753 quiascript‘uin
3537 677 3642 752 e'st,

2073 746 2171 820 Qui
2200 747 2304 800 odit
2335 748 2544 820 fratrem
2566 763 2731 820 suum,
2760 746 3012 820 homicida
3036 746 3174 818 est-(l
3200 746 3462 819 Joanfln,
3510 756 3598 820 15)

2073 759 2170 810 Qui
2200 759 2304 800 oait
2335 759 2544 814 fratrem
2566 763 2731 808 suum,
2760 759 3012 802 homicida
3036 761 3109 804 est
3130 759 3174 818 (Ι
3200 759 3354 805 Joan.
3385 770 3462 819 In,
3510 759 3576 810 15
3625 771 3642 820 ;

2068 826 2124 870 ct
2143 817 2350 894 iterum,
2383 817 2490 894 Qui
2504 834 2608 894 non
2631 817 2816 894 diligit,
2841 829 3006 872 manet
3033 823 3278 894 in‘morte
3296 821 3478 894 (lbid.,
3511 759 3600 894 ibi
3625 841 3642 890 ;

2067 895 2122 940 et
2151 886 2364 957 iterum,
2393 887 2490 952 Qui
2525 887 2626 940 odit
2653 891 2859 957 fratrem
2877 905 3050 952 suum,
3078 890 3130 943 in
3151 886 3360 944 tenebris
3387 886 3478 957 est,
3521 903 3568 948 et
3581 886 3642 950 ’ξιξ

2067 955 2280 1030 tenebris
2313 957 2632 1030 ambulat,et
2653 955 2825 1030 nescit,
2841 975 2938 1030 quo
2965 959 3146 1030 vadat;
3171 961 3408 1030 quoniam
3431 955 3642 1018 tenebrat

2065 1026 2436 1098 obctecaverunt
2462 1027 2633 1098 oculos
2675 1029 2782 1098 ejus
2811 1026 2922 1094 (Id.
2965 1044 3024 1092 ιι,
3051 1029 3140 1098 Η)
3165 1026 3194 1094 ς’
3219 1039 3272 1084 et
3304 1031 3492 1086 iterum
3515 1033 3640 1087 alibi

2061 1096 2318 1169 scriptum
2349 1105 2429 1169 est
2449 1137 2463 1158 ,
2495 1095 2686 1169 Itinera
2717 1097 3022 1169 impiorum,
3047 1095 3132 1162 qui
3152 1099 3393 1169 injuriam
3431 1102 3642 1158 retinent

2063 1164 2322 1238 ntalefttcti
2349 1167 2689 1238 in‘ntortetnj.
2717 1164 2991 1238 N¥umquid
3013 1167 3126 1222 haec
3149 1164 3308 1224 verba
3338 1186 3456 1226 mea
3483 1181 3640 1238 sunt,

2061 1230 2252 1304 fratres
2276 1233 2609 1288 charissimi?
2639 1235 2716 1289 De
2741 1230 3027 1304 Scripturis
3053 1239 3250 1292 sanctis
3293 1249 3346 1292 et
3373 1230 3642 1298 canonicis

2059 1303 2494 1426 Rrefcrunturﬂt
2511 1320 2638 1372 ergo
2659 1320 2756 1358 nec
2778 1303 3054 1360 homicidae
3073 1308 3258 1372 simus,
3289 1324 3384 1362 nec
3413 1311 3464 1364 in
3493 1319 3642 1366 tene-

2097 1374 2168 1426 ris
2197 1389 2598 1426 remaneamus:
2628 1375 2932 1426 Studeamus
2959 1392 3062 1426 non
3093 1377 3262 1426 solum
3291 1380 3516 1426 amicos-
3543 1381 3637 1426 St-d

2097 1374 2168 1426 ris
2197 1389 2598 1439 remaneamus;
2628 1375 2932 1430 Studeamus
2959 1392 3062 1430 non
3093 1377 3262 1430 solum
3291 1380 3517 1440 amicos,
3543 1381 3638 1434 Sed

2058 1443 2214 1514 etiam
2266 1443 2506 1498 inimiCos
2533 1445 2752 1512 diligere
2797 1463 2810 1500 :
2851 1456 2908 1499 ut
2962 1447 3102 1514 pium
3147 1455 3200 1501 et
3240 1447 3638 1504 misericordem

2059 1507 2338 1582 Dominum
2362 1507 2936 1582 possimus-secundum
2953 1507 3212 1570 cautionis
3231 1531 3342 1570 sua:
3369 1518 3640 1574 vinculum

2057 1580 2220 1636 libera
2244 1580 2563 1636 conscientia
2593 1587 2893 1638 convenire.
3573 1611 3576 1614 ’

2127 1653 2178 1725 5.
2217 1651 2340 1725 Qutc
2375 1654 2425 1725 in
2448 1670 2539 1706 nos
2561 1665 2844 1725 peccantur,
2878 1655 3186 1725 indulgendo
3203 1670 3224 1718 ,'
3241 1670 3351 1724 qua:
3375 1656 3426 1708 in
3447 1655 3632 1722 Deum,

2058 1724 2332 1795 punienda.
2387 1721 2458 1795 In
2505 1721 2648 1795 nobis
2689 1733 2764 1795 est
2811 1721 3130 1793 peccatorum
3178 1721 3472 1778 retiredium.
3518 1721 3636 1795 ipso

2058 1791 2200 1863 enim
2219 1791 2372 1863 dixit,
2399 1791 2459 1863 S_t'
2478 1793 2764 1846 dimiseritis
2789 1791 3076 1847 hominibus
3105 1804 3306 1863 peccata
3335 1791 3634 1862 eorumfdi-

2058 1861 2212 1914 mittet
2247 1861 2381 1914 vobis
2407 1860 2564 1914 Pater
2587 1871 2740 1916 vester
2763 1863 2974 1916 caelestis
3006 1860 3208 1930 peccata
3233 1874 3395 1917 uestra
3421 1881 3440 1917 :
3467 1860 3636 1921 sinon

2059 1930 2367 1996 dimiseritis,
2386 1947 2475 1983 nec
2509 1931 2661 1984 l’ater
2687 1942 2843 1986 vester
2865 1934 3078 1986 dimittet
3101 1933 3236 1987 vobis
3265 1933 3427 1986 debita
3449 1944 3632 1988 uestra.

2061 1997 2346 2068 Diligenter
2369 2001 2643 2066 attendite,
2664 2001 2851 2056 fratres
2873 2003 3190 2067 chariSsimi,
3215 2013 3266 2056 et
3283 2003 3471 2058 scitote
3491 2005 3633 2060 aliud

2056 2083 2176 2140 esse
2229 2070 2279 2123 in
2329 2069 2490 2122 Deum
2517 2086 2759 2139 peccare,
2791 2072 2931 2125 aliud
2971 2073 3022 2125 in
3073 2072 3363 2126 hominem.
3411 2072 3634 2140 Quando

2057 2138 2200 2209 enim
2223 2139 2272 2192 in
2299 2155 2396 2194 nos
2418 2138 2638 2209 peccant
2661 2141 2920 2205 homines,
2941 2142 2988 2196 si
3018 2141 3394 2208 penitentibus
3424 2138 3632 2198 veniam

2057 2223 2160 2260 non
2189 2207 2572 2280 indulgeamus,
2605 2218 2876 2278 peccaturo
2917 2207 3272 2266 incurrimus:
3304 2211 3515 2280 quando
3539 2227 3634 2267 auo

2057 2285 2162 2350 tem
2191 2279 2446 2350 aliquisin
2478 2279 2643 2332 Deum
2672 2281 2988 2350 peccaverit,
3017 2281 3062 2334 si
3100 2282 3216 2335 sine
3241 2279 3426 2350 grandi
3451 2281 3632 2336 distri-

2055 2346 2574 2419 ctionefiudulgere
2601 2349 2940 2412 voluerimus,
2971 2346 3266 2418 participes
3282 2365 3378 2404 nos
3397 2353 3632 2419 peccatis

2056 2416 2178 2488 ejus
2192 2415 2474 2488 efficimus:
2501 2419 2638 2472 Dixit
2657 2434 2784 2488 ergo
2827 2415 3097 2482 Dominus,
3131 2415 3192 2475 Si
3221 2415 3510 2474 dimiseritis
3537 2421 3630 2474 Ito-

2055 2486 2270 2557 ntinibus
2299 2497 2498 2557 peccata
2525 2505 2697 2542 eorum
2716 2486 2740 2554 ,“
2761 2490 2970 2542 dimittet
2997 2491 3132 2544 uobis
3163 2489 3320 2542 Pater
3347 2499 3502 2544 uester
3525 2505 3632 2544 cm-

2058 2553 2192 2635 les_ti_s
2217 2553 2598 2635 peccatorestm
2623 2553 2831 2635 ιιᾳιιιι,
2859 2575 2932 2635 vt,
2961 2561 3070 2635 ib).
3097 2559 3244 2635 Rogo
3272 2573 3408 2635 vos,_
3419 2559 3630 2624 fratres,

2056 2627 2180 2692 quid
2229 2627 2522 2695 delicatius,
2555 2627 2678 2698 quid
2710 2629 2984 2698 benignius
3021 2627 3124 2684 dici
3152 2627 3360 2699 potest?
3391 2627 3448 2682 In
3479 2639 3634 2699 pote-

2056 2704 2192 2768 state
2217 2707 2396 2768 nostra
2437 2701 2630 2766 posuit,
2654 2699 2878 2766 qualiter
2913 2700 2962 2753 in
2991 2699 3078 2753 die
3101 2699 3283 2768 judicii
3309 2698 3630 2768 judice'nmr.

2056 2763 2172 2844 Nam
2201 2767 2350 2828 dixit,
2383 2763 2526 2844 Vade
2555 2763 2926 2844 in_0’rientem,
2949 2778 3004 2824 et
3025 2763 3513 2844 quatre‘jus'titiam;
3541 2785 3636 2824 na-

2057 2837 2172 2908 viga
2195 2853 2359 2908 usque
2384 2839 2449 2892 ad
2473 2837 2835 2902 Occidentem,
2869 2851 2924 2892 ut
2948 2837 3175 2908 accipias
3215 2837 3590 2906 indulgentiam
3613 2855 3628 2892 :

2057 2906 2148 2958 sed
2169 2907 2292 2972 quid
2321 2907 2478 2962 dicit?
2503 2909 2715 2962 Dimitte
2743 2909 2959 2963 inimico
2981 2906 3089 2971 tuo,
3111 2919 3164 2962 et
3187 2909 3480 2962 dimittetur
3501 2909 3630 2972 tibi;

2057 2921 2148 2958 seu
2208 2921 2292 2960 uuu
2321 2921 2478 2962 utcu'!
2503 2921 2715 2962 Dimitte
2743 2925 2959 2963 mnmco
2981 2921 3089 2971 tuo,
3111 2921 3164 2962 et
3187 2921 3480 2962 utnuttetur
3501 2921 3630 2972 tibi;

2057 2921 2290 3046 indu‘ige.
2321 2987 2375 3032 et
2391 2978 2744 3047 indulgebitur
2766 2978 2892 3040 tibi;
2919 2977 3006 3044 da,
3033 2987 3088 3032 et
3113 2978 3322 3032 dabitur
3350 2978 3463 3048 tibi.
3491 2977 3634 3034 Nihil
3697 3033 3722 3048 κ

2057 3060 2088 3099 a
2117 3058 2168 3100 te
2193 3057 2341 3102 extra
2371 3057 2420 3102 te
2452 3050 2661 3118 quaerit.
2706 3048 2786 3102 Ad
2810 3057 2859 3100 te
2879 3048 3052 3115 ipsum
3077 3057 3133 3102 et
3159 3047 3224 3102 ad
3253 3047 3635 3118 conscientiam

2061 3123 2199 3187 tuam
2232 3127 2282 3171 te
2309 3119 2447 3172 Deus
2469 3115 2644 3187 dirigit
2673 3135 2686 3170 :
2715 3118 2766 3171 in
2785 3126 2838 3170 te
2860 3118 3002 3172 enim
3017 3118 3207 3184 .posuit
3228 3115 3370 3185 quod
3391 3117 3630 3187 requirit.

2055 3184 2174 3255 Non
2198 3188 2338 3240 enim
2377 3184 2760 3242 medicamenta
2808 3187 3110 3240 vulneribus
3157 3184 3260 3255 tuis
3295 3184 3634 3255 longe'opus

2058 3254 2224 3309 habes
2249 3257 2513 3324 inquirere
2545 3275 2558 3308 :
2604 3264 2937 3326 peccatorum
2981 3264 3192 3310 tuorum
3229 3254 3630 3326 indulgentiam,

2058 3326 2104 3380 si
2130 3327 2232 3389 vis,
2263 3327 2402 3379 intus
2423 3328 2474 3379 in
2504 3325 2721 3381 cellario
2749 3325 2924 3380 cordis
2955 3327 3027 3378 tui
3057 3326 3257 3393 poteris
3283 3325 3540 3381 invenire.

2130 3397 2182 3466 6.
2215 3395 2392 3450 Facile
2411 3397 2636 3466 indulget
2650 3398 2736 3465 qui
2753 3396 2962 3448 attendit
2984 3404 3172 3464 quanta
3191 3394 3300 3448 Deo
3331 3396 3490 3466 debet.
3523 3394 3632 3466 Sed

2059 3464 2190 3520 dicis
2223 3485 2237 3520 :
2269 3467 2434 3520 Tanta
2457 3464 2593 3519 mala
2619 3464 2704 3520 me
2741 3465 2985 3520 inimicus
3017 3479 3168 3520 meus
3187 3464 3630 3534 compulit‘susti-

2059 3551 2208 3602 nere,
2241 3545 2435 3590 uteum
2460 3536 2828 3604 nullazpossim
2855 3535 3062 3590 ratione
3107 3535 3346 3606 diligere.
3386 3534 3634 3606 Attendis

2058 3606 2184 3675 quid
2216 3607 2308 3660 tibi
2335 3606 2522 3662 fecerit
2546 3603 2722 3672 homo,
2751 3615 2934 3660 etnon
2974 3603 3337 3676 attendis'quaa
3363 3613 3414 3659 tu
3444 3603 3634 3660 feceris

2059 3677 2204 3730 Deo?
2244 3677 2298 3732 Si
2342 3677 2719 3732 conscientiam
2749 3684 2890 3730 tuam
2918 3676 3196 3746 diligenter
3219 3676 3438 3730 dissutis
3465 3684 3518 3729 et
3547 3676 3631 3730 in-

2059 3747 2244 3815 quiris,
2273 3747 2388 3802 sine
2414 3747 2516 3800 ulla
2542 3747 2972 3817 compensatione
2997 3747 3162 3800 multo
3185 3747 3329 3816 plura
3349 3755 3401 3800 tu
3419 3753 3632 3814 peccata

2059 3817 2368 3871 commisisti
2419 3818 2688 3880 inDcum,
2717 3833 2873 3885 quam
2917 3817 2968 3870 in
3003 3827 3053 3871 te
3095 3817 3422 3872 commiserit
3450 3818 3630 3870 homo.

2059 3887 2126 3941 Et
2150 3903 2252 3968 qua
2279 3887 2450 3942 fronte
2492 3888 2628 3968 petis
2667 3896 2730 3940 ut
2773 3886 2866 3967 tibi
2911 3887 3323 3968 Deus-dignetur
3365 3885 3636 3968 dimittere

2059 3953 2307 4022 multum,
2336 3973 2457 4012 cum
2487 3953 2540 4010 tu
2565 3971 2670 4009 non
2698 3957 3005 4025 acquiescas
3026 3953 3291 4010 dimittere
3317 3969 3499 4022 parum
3525 3954 3550 4006 Ἰ
3577 3953 3632 4009 Si

2059 4026 2174 4079 luco
2196 4066 2210 4089 ,
2252 4042 2372 4094 qua:
2413 4040 2572 4094 supra
2602 4025 2830 4078 diximus
2851 4067 2865 4090 ,
2896 4025 3184 4094 spiritualia
3212 4025 3630 4094 medicamenta,

2058 4097 2195 4150 sicut
2217 4092 2327 4149 Deo
2349 4092 2668 4164 propitiante
2711 4094 3086 4164 consuevistis,
3115 4093 3342 4148 libenter
3368 4092 3628 4164 accipitis,

2057 4175 2112 4219 et
2139 4165 2190 4217 in
2231 4162 2472 4218 armario
2492 4171 2689 4217 sancta;
2710 4162 3048 4217 conscientia:
3085 4171 3274 4216 vestrae
3301 4163 3634 4216 reconditum

2059 4234 2468 4303 diligentissime
2499 4231 2896 4303 custodieritis;
2928 4231 3215 4303 auxiliante
3264 4232 3503 4303 Domino.
3539 4247 3636 4284 ve-

2059 4301 2196 4358 nena
2234 4303 2430 4357 diaboli
2467 4317 2572 4355 non
2603 4301 2872 4367 timebitis,
2905 4313 2960 4354 et
2985 4317 3077 4371 per
3100 4301 3278 4355 odium
3308 4303 3386 4356 vel
3422 4302 3636 4354 iracun-

2057 4375 2196 4427 diam
2227 4381 2316 4426 aut
2345 4387 2609 4441 nunquam
2639 4372 2789 4426 vobis
2818 4371 3111 4426 animarum
3137 4372 3354 4425 vulnera
3385 4371 3634 4440 ingeret).

2059 4454 2144 4498 tur
2165 4460 2188 4507 ;.
2209 4453 2299 4496 aut
2337 4444 2382 4496 si
2409 4445 2540 4496 forte
2567 4442 2947 4511 subrepserint,
2981 4458 3074 4511 per
3098 4441 3408 4496 charitatem
3439 4442 3546 4495 cito
3567 4441 3636 4494 ad

2057 4513 2336 4583 pristinam
2359 4513 2580 4566 salutem
2603 4521 2920 4583 revocantur
2943 4529 2956 4564 :
2987 4521 3270 4583 praestante
3291 4511 3516 4564 Domino
3541 4525 3638 4583 no-

2058 4581 2170 4637 stro
2191 4583 2316 4637 Jesu
2333 4583 2565 4644 Christo,
2589 4582 2676 4650 qui
2694 4597 2812 4636 eum
2831 4581 2988 4636 Patre
3016 4591 3070 4634 et
3091 4581 3284 4648 Spiritu
3307 4589 3488 4635 sancto
3511 4581 3637 4634 vivit

2058 4661 2114 4706 et
2149 4661 2332 4723 regnat
2368 4653 2510 4706 Deus
2541 4667 2634 4719 per
2659 4652 2836 4704 omnia
2863 4651 3054 4705 smcula
3081 4654 3415 4706 saeculorum.
3439 4651 3632 4706 Amen.

2507 4740 2737 4797 suane
2773 4739 3026 4795 ccxxvr
3097 4741 3192 4810 (α).

2549 4841 2619 4882 De
2652 4833 2927 4896 martyribus
2942 4867 2958 4893 ,
2980 4847 3030 4882 ιιι
3053 4831 3144 4895 (b).

2133 4923 2186 4975 ι;
2251 4917 2480 4973 Christus
2536 4918 2590 4970 in
2613 4917 2916 4988 martyribus
2969 4919 3186 4988 patitur.
3235 4919 3416 4972 Passio
3466 4934 3636 4972 eorum

2065 4989 2328 5044 translatio
2349 4999 2422 5042 est
2449 4988 2516 5040 ad
2541 4985 3073 5042 calumecrtamine
3103 4987 3466 5044 universorum
3489 5001 3634 5042 mar-

2064 5067 2236 5130 tyrum
2281 5057 2465 5130 fulciri
2493 5065 2650 5130 atque
2679 5071 2872 5130 (eorum
2913 5057 3149 5130 victoria,
3182 5071 3405 5130 quorum
3439 5055 3639 5130 Natalis

2063 5125 2296 5183 victricis
2336 5127 2520 5196 gloria:
2560 5125 2880 5193 celebratur,
2919 5142 3026 5196 quo
3057 5125 3272 5196 robuéta
3297 5126 3426 5196 fides
3449 5126 3549 5178 scit
3571 5125 3639 5181 ad

2067 5213 2289 5267 agonem
2316 5194 2372 5249 et
2412 5197 2673 5264 passionis
2698 5194 3036 5266 congressus,
3073 5195 3312 5267 roborari
3341 5194 3595 5267 debemus
3625 5213 3638 5248 :

2066 5264 2213 5323 certe
2240 5267 2467 5322 scientes
2509 5267 2649 5336 quod
2693 5269 2744 5321 in
2783 5264 3028 5322 omnibus
3077 5264 3318 5318 Christus
3354 5264 3565 5333 patitur,
3589 5275 3645 5320 et

2133 5380 2150 5410 ί
2186 5385 2268 5428 Hs.
2292 5390 2388 5441 gn,
2409 5377 2620 5428 reddunt
2641 5377 2694 5428 in
2715 5376 2843 5427 ntala
2861 5377 3009 5441 facta,
3023 5380 3134 5427 sunt
3153 5375 3207 5441 in
3229 5381 3396 5441 morte.

2133 5441 2153 5471 ³
2187 5447 2256 5508 tta
2275 5435 2356 5490 his.
2375 5435 2735 5498 Cermanensis,
2761 5445 2812 5508 et
2845 5435 2971 5508 apud
2996 5435 3278 5499 'Cmsarium,
3303 5436 3468 5487 homil.
3493 5435 3572 5486 δί..
3591 5439 3644 5486 At

2071 5503 2120 5550 in
2144 5501 2284 5550 editis
2309 5509 2408 5549 Am.
2434 5508 2506 5549 Er.
2532 5507 2584 5550 et
2607 5508 2735 5558 ιλονη
2759 5498 3060 5550 discretione.

2157 5563 2208 5620 a)
2240 5561 2380 5618 Alias,
2411 5561 2476 5610 de
2507 5561 2686 5610 sanctis
2706 5559 2784 5608 49.

2161 5618 2208 5684 b)
2241 5630 2290 5671 tn
2314 5623 2586 5684 Appendice
2621 5634 2748 5684 nunc
2791 5621 2994 5684 primum
3033 5618 3312 5684 collocatum
3354 5621 3532 5684 nitidus
3574 5627 3650 5670 est

2076 5680 2204 5747 apud
2224 5680 2570 5742 Lovahienses,
2615 5680 2807 5794 smtrius
2827 5683 2951 5742 apud
2979 5680 3220 5732 Veriinum
3261 5693 3314 5734 et
3350 5683 3648 5746 tiudingnm.

2077 5755 2274 5794 Haerere
2295 5747 2371 5794 hic
2393 5745 2573 5794 diutius
2597 5744 2642 5793 ni
2680 5743 2710 5792 'l
2740 5756 2946 5794 necesse
2972 5751 3063 5794 est.

2077 5743 2274 5796 [iterare
2295 5747 2371 5796 hic
2393 5745 2573 5795 diutius
2597 5743 2710 5794 nihil
2740 5756 2946 5794 necesse
2972 5751 3063 5794 est.
