4050 6178
434 313 572 367 2175

848 419 1078 477 saeuo
1116 417 1419 474 CCXXXIII
1477 399 1574 492 (ci);

908 516 978 560 De
1001 508 1110 558 Fide
1131 507 1381 568 catholica,
1404 519 1421 556 ι
1443 505 1534 572 (b).

505 593 557 646 l.
611 590 888 654 Credimus
917 591 968 643 in
998 604 1160 642 unum
1204 589 1386 650 Deum,
1419 587 1626 642 Patrem
1667 598 1721 644 et
1749 587 1939 642 Filium
1961 598 2015 643 et

437 660 692 728 Spiritum
737 669 998 722 sanctum,
1032 659 1316 712 visibilium
1360 667 1414 712 et
1457 659 1801 728 iuvisibilium
1847 658 2010 713 facto-

440 723 576 790 rem,
609 747 702 799 per
722 745 876 799 quem
903 737 1082 782 creata
1106 737 1230 799 sunt
1255 730 1430 781 omnia
1453 727 1508 781 iIt
1533 731 1669 799 ccelo
1700 723 1752 780 et
1769 732 1820 781 in
1845 741 2010 799 terra.

441 802 587 854 llunc
613 798 778 854 unum
821 798 1008 862 Dettm,
1038 808 1092 852 et
1117 798 1251 851 hanc
1276 814 1433 851 uuam
1462 813 1578 851 esse
1599 798 1759 851 divini
1784 798 2012 852 nominis

433 869 1026 923 Trinitatemzpatrem
1095 883 1198 921 non
1250 883 1368 922 esse
1414 867 1615 929 tilium,
1670 867 1764 922 sed
1818 867 2012 922 habere

434 939 596 991 ﬁlium
639 939 728 1007 qui
782 950 930 1005 pater
957 953 1061 991 non
1109 938 1177 991 sit
1206 955 1220 991 :
1248 937 1435 990 Filium
1483 953 1585 989 non
1626 953 1745 990 esse
1785 948 2008 1005 patrem,

431 1008 525 1062 sed
557 1007 742 1062 Filium
773 1008 863 1060 Dei
897 1022 1016 1060 esse
1052 1015 1227 1059 natum
1253 1008 1268 1038 ¹
1302 1025 1315 1060 :
1342 1016 1580 1060 sanctum
1603 1022 1810 1075 quoque
1846 1007 2008 1060 Para-

430 1078 624 1132 cletum
653 1091 794 1140 esse,
821 1077 908 1144 qui
942 1091 1038 1130 nec
1064 1085 1210 1144 pater
1248 1077 1316 1128 sit
1359 1077 1491 1144 ipse,
1525 1092 1622 1130 nec
1649 1077 1786 1129 ﬁlius
1811 1117 1825 1138 ,
1871 1077 2008 1129 seda

436 1160 583 1216 patre
614 1145 828 1215 ﬁlioque
853 1149 872 1178 ⁸
898 1145 1185 1216 ριόθθόεηη
1229 1146 1331 1216 Esi
1361 1159 1486 1213 ergo
1533 1147 1795 1216 ingenitus
1831 1146 2005 1209 Pater,

434 1214 644 1284 genitus
671 1214 873 1277 Filius;
899 1214 1029 1268 ’nou
1071 1214 1279 1282 genitus
1307 1215 1628 1278 Paracletus,
1661 1215 1754 1269 sed
1799 1231 1827 1266 a
1858 1225 2006 1284 patre

431 1295 486 1339 et
513 1287 620 1338 tilio
655 1284 967 1352 procedens.
1002 1285 1154 1336 Pater
1183 1293 1264 1339 est
1287 1285 1436 1352 cujus
1462 1301 1559 1337 vox
1602 1285 1719 1338 ha'c
1743 1295 1822 1337 est
1849 1285 2000 1337 audi-

432 1365 484 1408 ta
514 1354 581 1408 de
610 1354 759 1408 caelis
793 1371 805 1406 :
839 1353 939 1406 Hic
965 1363 1034 1406 est
1065 1353 1230 1406 Filius
1257 1370 1395 1407 meus
1419 1353 1648 1415 dilectus,
1678 1355 1728 1405 in
1754 1370 1852 1417 quo
1880 1354 2002 1405 mihi

433 1425 555 1478 bene
595 1423 916 1493 complacui(
951 1423 1134 1476 Matth.
1186 1438 1314 1486 XVII,
1353 1424 1446 1493 5).
1478 1424 1571 1476 llic
1601 1423 1766 1476 Filius
1804 1433 1884 1493 est
1916 1425 2004 1492 qui

430 1494 505 1546 ait
539 1511 552 1547 :
587 1491 763 1563 qu'a
793 1492 943 1545 Patre
970 1493 1123 1556 exivi,
1141 1502 1185 1545 et
1207 1494 1316 1545 veni
1338 1491 1547 1563 inltth
1573 1491 1996 1563 inundnmUocin.

432 1578 540 1625 th,
571 1561 694 1632 9.87).
728 1563 1030 1632 Paracletus
1073 1573 1155 1616 est
1180 1563 1292 1630 ipse
1319 1562 1386 1616 de
1425 1579 1527 1630 quo
1554 1561 1716 1614 Filius
1741 1561 1870 1632 ait'i
1891 1561 2008 1616 Nisi

429 1632 597 1686 abiero
629 1631 696 1684 ad
719 1631 940 1692 Patrem,
971 1631 1264 1686 Paracletus
1293 1648 1390 1684 non
1419 1633 1573 1684 veniet
1594 1633 1661 1684 ad
1690 1647 1770 1684 vos
1803 1631 1821 1701 (
1844 1631 2002 1694 Ibid,

433 1702 463 1754 7
495 1705 534 1770 ).
566 1701 708 1756 Hauc
729 1715 846 1755 esse
874 1702 1184 1756 Trinitatem
1209 1703 1446 1768 personis
1464 1702 1763 1755 distinetam
1787 1702 1828 1766 ³,
1854 1702 2007 1754 iniist-

431 1773 689 1826 fereutem
719 1789 730 1823 :
761 1781 952 1839 prmtcr
989 1771 1128 1823 illam
1181 1771 1376 1824 nullam
1429 1771 1664 1824 divinam
1696 1786 1812 1823 esse
1851 1783 2004 1824 natu-

433 1857 546 1894 ram
574 1843 656 1894 vel
678 1840 867 1908 angeli,
901 1839 986 1893 vel
1014 1840 1250 1909 spiritus,
1272 1841 1356 1893 vel
1385 1842 1591 1893 virtutis
1619 1841 1858 1908 alicujus,
1886 1857 2005 1909 qua:

438 1910 578 1964 Deus
603 1924 721 1964 esse
749 1909 1012 1962 credatur.
1043 1908 1193 1962 Hunc
1237 1910 1394 1978 igitur
1437 1909 1623 1962 Filium
1677 1910 1764 1962 Dei
1808 1908 1995 1973 Deum,

431 1987 612 2032 natum
658 1994 686 2032 a
715 1987 884 2047 patre,
917 1987 969 2033 et
997 1993 1116 2031 esse
1144 1979 1478 2048 principium,
1509 1988 1815 2047 patremque
1859 1980 2002 2032 illum

429 2049 785 2103 sauctiﬁcasse
807 2049 858 2100 in
884 2057 1034 2118 utero
1054 2047 1226 2101 Mariae
1255 2049 1468 2115 virginis
1489 2047 1530 2112 ",
1563 2059 1720 2118 atque
1740 2063 1802 2102 ex
1825 2064 1885 2101 ea
1909 2061 2003 2102 ve-

435 2133 551 2171 rum
584 2118 850 2171 hominem
881 2117 999 2171 sine
1047 2118 1143 2171 viri
1189 2119 1390 2172 semine
1431 2117 1735 2187 generatum
1770 2135 1783 2170 :
1823 2119 1872 2172 id
1899 2127 1999 2182 est,

431 2187 732 2256 suscepisse
784 2187 1060 2240 Dominum
1115 2197 1354 2240 nostrum
1395 2187 1572 2242 Jesum
1599 2188 1866 2241 Christum
1899 2204 2002 2241 non

433 2257 800 2326 imaginarium
829 2271 1043 2326 corpus,
1072 2265 1160 2310 aut
1190 2256 1357 2310 forma
1389 2257 1498 2310 sola
1516 2261 1886 2326 compesitum,
1911 2258 2004 2312 scd

433 2325 681 2380 solidum.
714 2330 882 2394 Atque
905 2325 1044 2380 hunc
1087 2327 1336 2389 csurisse,
1365 2337 1418 2380 et
1446 2325 1651 2387 sitisse,
1673 2336 1722 2381 ct
1749 2328 2003 2390 doluisse,

428 2406 482 2449 et
501 2397 725 2459 ﬂevisse,
757 2403 809 2448 et
852 2397 1026 2448 omnia
1051 2397 1289 2464 corporis
1317 2397 1560 2450 exercitia
1591 2399 1821 2452 seusis:e
1849 2397 2005 2452 ³.Ρ‹›-

428 2475 629 2520 stremo
675 2464 1002 2527 cruciﬁxum,
1034 2479 1294 2520 mortuum
1324 2476 1378 2520 et
1405 2467 1688 2536 sepultum,
1721 2469 1870 2520 tertia
1915 2467 2002 2522 die

428 2537 804 2598 resurrexisse,
822 2545 1188 2589 ceuversatum
1209 2536 1541 2604 postmodum
1563 2553 1681 2590 cum
1708 2536 2000 2606 discipulis,

428 2605 622 2674 quibus
679 2615 917 2660 sanctum
980 2606 1307 2660 Paracletum
1356 2607 1499 2660 misit
1548 2607 1671 2660 dum
1723 2608 1787 2661 ad
1839 2605 2002 2662 etnlos

427 2675 752 2730 ascendisset
777 2693 788 2728 :
817 2675 955 2728 hunc
977 2676 1134 2727 liliqu
1155 2675 1382 2728 hominis
1405 2692 1545 2730 nunc
1567 2678 1760 2730 vocari.
1811 2677 2005 2731 Resur—

429 2747 718 2799 rectionem
743 2761 918 2798 veram
966 2746 1210 2798 humana:
1237 2747 1503 2798 credimus
1531 2747 1724 2801 carnis.
1757 2748 2001 2801 Animam

429 2813 661 2869 hominis
720 2831 825 2869 non
897 2813 1128 2868 divinam
1197 2830 1316 2869 esse
1367 2817 1714 2869 substantiam
1779 2818 1863 2870 vel
1908 2818 2001 2871 Del

430 2894 667 2985 partem;
737 2885 830 2940 sed
893 2894 1189 2939 creaturam
1259 2885 1438 2938 divina
1498 2885 1766 2940 voluntate
1826 2888 2003 2955 prela-

468 2970 578 3007 53111
608 2970 648 3007 ν.

432 2969 775 3094 psgl.“Siquis
797 3038 924 3094 ergo
940 3022 1131 3078 dixerit
1151 3033 1310 3094 atque
1331 3023 1634 3090 crediderit,
1658 3039 1687 3078 a
1707 3026 1814 3080 Deo
1831 3029 2004 3080 omni-

428 3103 642 3166 potente
669 3094 920 3148 mundum
951 3094 1087 3149 hunc
1115 3095 1308 3149 laetum
1359 3110 1488 3166 non,
1517 3094 1676 3148 fuisse
1702 3106 1858 3166 atque
1887 3102 2002 3164 ejus

427 3165 603 3217 omnia
638 3166 1006 3227 instrumenta,
1041 3167 1320 3218 anathema
1351 3167 1437 3217 sit.
1469 3165 1523 3219 Si
1559 3167 1676 3234 quis
1704 3165 2003 3221 dchritat-

427 3250 528 3304 que
560 3234 845 3289 crediderit
900 3235 1064 3288 Deum
1119 3235 1326 3288 Patrem
1372 3235 1615 3288 eumdem
1649 3235 1840 3288 Filium
1884 3251 2004 3293 esse

428 3305 511 3357 vel
537 3305 886 3375 Paracletum,
925 3304 1205 3375 anathema
1253 3305 1339 3356 sit.
1374 3304 1427 3358 Si
1458 3305 1576 3374 quis
1603 3305 1794 3359 dixerit
1843 3316 2002 3375 atque

425 3374 715 3429 crediderit
733 3375 898 3430 Deum
921 3373 1107 3427 Filium
1135 3375 1378 3428 eumdem
1403 3373 1522 3429 esse
1544 3375 1755 3429 Patrem
1781 3377 1863 3430 vel
1899 3373 2002 3430 Pa-

488 3511 502 3540 '
531 3517 577 3559 In
603 3515 806 3558 Romano
827 3521 1063 3557 canonum
1085 3508 1268 3564 codice,
1288 3513 1371 3558 sed
1391 3507 1549 3570 ﬁlium
1573 3509 1634 3559 de
1655 3509 1758 3570 ejus
1779 3517 1968 3562 natura.

486 3573 772 3680 'ﬁtjanouum
793 3569 945 3619 eoch
968 3570 1044 3617 hic
1062 3582 1155 3617 non
1178 3570 1340 3628 habet,
1364 3569 1578 3633 ﬁlioque;
1599 3569 1692 3620 nec
1716 3573 1856 3634 paulo
1876 3582 2002 3636 post,

541 3644 603 3680 ιο.

422 3637 468 3680 et
490 3632 603 3680 ﬁlio.

531 3690 752 3749 Quaedam
783 3691 861 3739 hic
894 3689 1101 3751 desunt,
1126 3689 1394 3751 supplenda
1425 3705 1487 3740 ex
1527 3699 1731 3742 Romano
1768 3708 2004 3746 canonum

422 3748 606 3818 codice.
631 3753 711 3812 qui
735 3751 882 3818 addit2
907 3748 1378 3818 mammam»:
1392 3787 1406 3812 ,
1430 3752 1675 3814 virtutem,
1698 3761 1969 3817 potestatem
1987 3793 2002 3818 ,

424 3809 718 3872 majestatem
731 3810 836 3862 indi
843 3809 1086 3861 visibilem.

485 3875 508 3906 δ
546 3881 776 3923 Romanus
805 3886 1039 3922 canonum
1076 3873 1229 3922 codex
1249 3907 1263 3932 ,
1302 3876 1466 3923 natum
1496 3887 1527 3923 a
1559 3880 1701 3924 Patre
1739 3882 1846 3925 mite
1868 3891 2004 3930 omne

421 3934 610 4001 omnino
625 3933 930 4001 principium,
954 3932 1276 4001 sunctiﬁcqsse
1300 3941 1485 4001 tit-rum
1508 3936 1674 4001 atat-iw
1696 3937 1741 3986 vi
1757 3937 1908 4001 'ginis.

485 3998 506 4028 ⁵
532 4004 579 4044 tn
605 3995 980 4054 eodem’codiee,
1008 3995 1222 4058 corporis
1243 3996 1393 4045 exitia
1415 3997 1650 4046 sensisset.

490 4058 510 4088 ‘
537 4058 811 4120 tegendum
831 4063 882 4105 ut
901 4058 953 4120 iu
973 4057 1174 4120 Romano
1197 4071 1430 4106 canonum
1454 4057 1638 4120 codice,
1659 4057 1821 4110 divina
1839 4060 2002 4112 υοιιιηι

424 4123 519 4169 tate
541 4117 735 4180 faciam,
761 4131 854 4167 non
876 4117 936 4166 de
954 4117 1072 4167 coelo
1093 4117 1293 4180 lapsam.

483 4179 556 4239 (η)
590 4179 743 4238 Alias,
767 4179 832 4228 de
851 4187 1089 4239 'I‘empore
1116 4179 1220 4228 129.

484 4237 556 4302 (ὁ)
589 4246 639 4303 In
662 4237 938 4303 Appendice
968 4237 1093 4289 nunc
1116 4243 1317 4303 primum
1355 4237 1628 4290 collocatur.
1667 4249 1714 4290 III
1739 4245 2001 4294 bovanien-

422 4301 546 4349 sium
579 4301 1003 4366 editionedubius
1021 4301 1128 4366 est,
1155 4302 1335 4366 VeI-lini
1359 4310 1522 4366 autem
1546 4310 1596 4366 et
1630 4303 1848 4366 \‘indiugi
1883 4319 2002 4355 cen-

420 4374 530 4408 sura
552 4361 901 4424 supimsititius,
939 4362 1156 4424 Exceptis
1213 4363 1617 4424 aaatbeniatismis
1659 4361 2004 4424 posterioribus

419 4423 797 4483 quatuordecim,
825 4423 907 4483 qui
931 4434 992 4469 ex
1017 4422 1166 4470 Ceufr:
1187 4425 1323 4472 sione
1342 4423 1452 4472 ﬁdei
1474 4422 1717 4472 catholica:
1741 4430 1919 4475 Damasi
1942 4430 2000 4477 ad

423 4482 1053 4543 Paulinum__Antiochcnum
1088 4483 1182 4532 huc:
1225 4491 1560 4543 accesserunt,
1601 4486 1717 4532 nihil
1756 4495 1832 4535 est
1873 4489 2000 4538 aliud

419 4554 564 4604 quam
588 4540 781 4604 libellus
802 4543 946 4601 Fidei,
965 4543 1045 4604 qui
1070 4543 1118 4590 iu
1134 4544 1300 4593 codice
1331 4540 1564 4604 canonum
1585 4547 1806 4596 Ecclesiae
1842 4556 2003 4598 noma-

421 4602 517 4660 ηαξ,
539 4616 643 4669 cap.
669 4603 760 4661 40,
785 4605 852 4652 sic
874 4602 1179 4669 inscribitur,
1214 4621 1238 4650 α
1267 4602 1475 4654 Libellus
1508 4608 1754 4669 Augustini
1788 4609 1853 4657 de
1891 4612 2000 4660 t-ide

427 4683 450 4708 ι
471 4663 701 4729 (:atitolica
728 4671 914 4729 contra
933 4678 1103 4729 omnes
1121 4665 1386 4729 haereses:
1414 4684 1436 4711 ι»
1480 4663 1746 4729 ιιιιίἲειὶεηη
1786 4669 1998 4720 Toletani

417 4723 615 4789 concilii
635 4726 677 4784 l,
701 4725 812 4789 anni
831 4725 939 4789 400,
969 4727 1094 4789 Actis
1119 4726 1328 4777 insertus
1365 4723 1605 4789 reperitur
1641 4742 1749 4776 cum
1773 4731 2000 4781 uouu'ulla

419 4785 468 4854 in
492 4787 898 4854 anathemaiismis
918 4787 1184 4854 _var_i_ctat_e.
1219 4785 1695 4854 Nomiue'iugustini
1718 4789 1833 4839 citat
1857 4794 1998 4854 Magi-

419 4851 524 4893 ster
545 4848 896 4911 sententiarum
918 4849 966 4907 5,
991 4847 1102 4911 dist.
1119 4849 1197 4907 2|,
1225 4863 1288 4898 ex
1313 4851 1416 4911 ipso
1454 4847 1579 4898 forte
1620 4856 1822 4911 immane
1853 4847 1997 4901 can'ob

418 4919 534 4954 num
573 4907 755 4972 codice.
797 4909 978 4969 Quippe
1019 4910 1068 4956 in
1103 4907 1436 4972 manuscriptis
1472 4911 1600 4959 hunc
1622 4908 1837 4959 libellum
1871 4913 1998 4963 inter

417 4969 666 5033 Augustini
699 4976 952 5018 Semnones
975 4970 1272 5033 crepuscula
1295 4969 1529 5033 nusquam
1554 4978 1750 5033 exstare
1774 4974 1994 5025 vidimus.

420 5031 736 5094 Augustinum
764 5037 902 5078 certe
934 5029 1258 5094 nobis’minus
1277 5029 1470 5093 sapiunt
1500 5033 1545 5080 hi
1576 5032 1802 5094 loquendi
1837 5035 1992 5086 modi:

421 5101 552 5155 tium.
595 5091 640 5149 l,
681 5109 703 5138 ι
725 5091 1031 5155 haneunam
1071 5103 1182 5139 esse
1219 5091 1366 5141 divini
1404 5095 1606 5155 nominis
1640 5091 1988 5155 7I'Ijinitatctnm

416 5149 551 5219 ibid.,
582 5165 714 5219 «uoii
730 5152 1062 5219 imaginarium
1087 5164 1296 5219 corpus,
1317 5161 1400 5202 aut
1435 5154 1584 5219 tortua
1625 5152 1724 5219 sola
1763 5149 1998 5219 composi—

424 5228 446 5254 ι
471 5218 600 5274 tum;
624 5229 646 5257 ι
678 5213 847 5271 ibid.,i
865 5220 918 5262 et
937 5214 1094 5261 omnia
1113 5217 1326 5274 corporis
1348 5216 1598 5274 exercitia,
1615 5232 1635 5259 π
1666 5217 1769 5264 sive
1788 5224 1843 5265 ut
1866 5213 1993 5268 hom.

417 5272 622 5322 emlex'i
645 5274 795 5334 exitia
830 5275 1070 5334 sensisse;
1095 5290 1116 5318 »
1149 5272 1209 5324 δι’
1230 5288 1362 5324 num.
1385 5275 1443 5332 2,
1480 5295 1500 5320 ιι
1521 5272 1748 5325 mundum
1769 5278 1895 5327 hunc
1925 5278 1994 5328 t‘a-

421 5343 598 5408 »cicttim
621 5347 716 5408 non
729 5333 884 5408 tuisse
906 5333 1062 5408 atque
1077 5336 1183 5408 ejus
1203 5338 1362 5408 omnia
1381 5339 1728 5408 instrumenta:
1750 5340 1996 5408 {tandem

419 5406 510 5460 30X
537 5393 807 5460 Paraclettis
828 5393 1001 5458 passim
1020 5393 1169 5460 p0§ita
1193 5411 1297 5460 pro,
1320 5400 1518 5460 Spiritus
1539 5406 1745 5447 sanctus.
1772 5402 1924 5450 Estius
1945 5403 1994 5450 in

415 5453 598 5522 ξνεεειιιἶ
621 5456 731 5504 dist.
756 5453 842 5514 21;
860 5453 1047 5520 paragr'.
1070 5459 1118 5516 5,
1143 5453 1327 5509 editum
1347 5453 1616 5522 suspicatur
1637 5471 1664 5507 a
1687 5463 1921 5522 scriptore
1946 5463 1993 5511 in

417 5517 720 5587 ιξθδμοτὶειιιοε
744 5517 1018 5587 propenso,
1042 5532 1245 5587 quorum
1280 5517 1506 5570 videlicet
1548 5522 1699 5587 errori
1733 5517 1816 5587 ace
1846 5536 1995 5587 mmo-

419 5571 519 5648 dari
560 5571 761 5648 iusstan
809 5571 1322 5648 sententite'_qttgdatn
1339 5619 1352 5642 ,
1381 5584 1648 5648 priescrtiin
1686 5583 1995 5648 anathemati:

417 5645 551 5696 smus
571 5642 781 5696 quintus.
830 5646 895 5687 Dc
921 5654 1050 5688 num.
1084 5642 1248 5690 3’vide
1272 5642 1452 5693 Damasi
1496 5645 1851 5695 confessionem
1883 5643 1992 5695 ﬁdei

418 5695 476 5742 ad
507 5695 744 5746 Paulinum
767 5701 1106 5750 Antiochenam
1138 5705 1345 5754 missam.

1879 310 2100 366 APPEN
2112 311 2239 365 le.

3549 321 3716 379 (ιι-είς

2121 422 2395 499 racictmn,
2423 423 2702 499 anathema
2731 425 2819 499 sli.
2851 425 2930 480 Sit
2955 427 3072 496 quis
3096 425 3290 499 tiixerlt
3327 438 3486 499 atque
3507 433 3716 499 credi-—

2117 490 2259 566 derii
2303 492 2630 566 Paraeletum
2673 494 2913 566 spiritum
2958 490 3076 550 éSse
3106 495 3315 550 Patrem
3346 490 3429 554 vel
3471 496 3699 566 Filium,

2118 560 2397 632 anathema
2423 563 2511 616 sit.
2543 563 2596 616 Si
2625 560 2743 632 quis
2780 565 2965 619 dixerit
2993 575 3151 631 atque
3175 569 3459 622 crediderit
3513 567 3545 619 ι]
3573 560 3704 623 ειηὶὲ

2120 645 2239 706 item
2281 630 2465 706 Jesuui
2517 630 2842 706 Chrisiunia
2883 635 3016 706 Filio
3067 630 3160 689 Dei
3198 648 3523 706 assumptum
3574 654 3627 690 ni
3657 657 3698 694 η

2118 700 2301 773 misse,
2325 701 2606 773 anathema
2649 703 2736 758 sit.
2763 703 2817 757 Si
2839 706 2957 773 quis
2980 705 3174 759 dixerit
3195 716 3356 772 atque
3383 700 3698 763 crediderit

2119 769 2307 823 Filium
2357 771 2448 826 Dei
2502 772 2664 825 Deum
2714 769 2922 840 passum
2975 774 3156 835 fuisse,
3204 769 3483 829 anathema
3515 779 3602 830 sit.
3632 779 3702 832 Si

2117 840 2235 907 quis
2253 840 2446 894 dixerit
2473 850 2628 910 atque
2668 843 2951 896 crediderit
2997 844 3265 898 hominem
3313 845 3492 900 Jesum
3533 848 3704 900 Citri-

2117 918 2254 962 stum
2278 910 2544 980 hominem
2565 911 2939 980 impassibilem
2985 913 3164 976 fuisse,
3196 915 3473 968 anathema
3521 917 3699 971 sit.Si

2117 981 2234 1046 quis
2262 979 2454 1054 dixerit
2491 979 2648 1054 atque
2672 981 3211 1054 credideritalterum
3232 983 3399 1038 Deum
3426 1001 3544 1039 esse
3575 987 3700 1054 pri-

2116 1062 2219 1119 sca:
2259 1048 2430 1119 Legis,
2476 1048 2699 1104 alterum
2739 1052 3162 1119 Evangeliorum,
3194 1055 3471 1107 anathema
3509 1048 3598 1108 sit'.
3624 1057 3694 1110 Si

2115 1117 2237 1188 quis
2272 1118 2464 1172 dixerit
2492 1129 2648 1188 atque
2676 1117 2962 1174 crediderit
2989 1122 3056 1176 ab
3093 1123 3262 1176 altero
3295 1123 3403 1177 Deo
3429 1123 3695 1179 mundum

2116 1183 2277 1260 fuisse
2321 1183 2729 1260 Al'act_um.;quam
2763 1191 2832 1260 ab
2870 1190 2958 1243 illo
2984 1190 3049 1244 de
3075 1207 3180 1260 quo
3207 1193 3456 1260 scriptum
3485 1205 3586 1258 est,
3618 1193 3649 1247 1
3655 1212 3695 1247 η

2116 1257 2360 1334 principio
2402 1258 2528 1334 fecii
2543 1257 2680 1311 Deus
2709 1259 2886 1312 cwlum
2908 1269 2955 1334 ei
2989 1257 3168 1334 terreni
3193 1260 3212 1332 (
3240 1257 3366 1334 (fcit.
3395 1279 3432 1334 t,
3462 1263 3557 1334 l7).
3576 1257 3690 1334 qui

2115 1324 2284 1379 solus
2309 1342 2464 1399 verus
2496 1327 2635 1399 Dens
2664 1337 2764 1391 est,
2815 1329 3095 1399 anathema
3124 1324 3212 1383 sit:
3240 1331 3296 1385 Si
3322 1324 3439 1399 quis
3481 1324 3691 1386 dixerit

2112 1404 2269 1462 atque
2283 1396 2563 1468 crediderit
2579 1412 2798 1468 corpora
2819 1397 3043 1468 humana
3067 1415 3168 1452 non
3188 1396 3542 1455 resurrectura
3562 1411 3691 1468 post

2113 1474 2359 1550 mortem,
2391 1467 2669 1550 anathema
2699 1467 2786 1520 sit.
2815 1467 2883 1550 Si
2904 1469 3022 1550 quis
3045 1469 3240 1549 dixerit
3261 1481 3417 1550 atque
3440 1467 3694 1550 ere-dide-

2112 1534 2189 1605 rit_
2233 1537 2460 1588 animum
2509 1535 2789 1589 humanam
2846 1534 2936 1592 Dei
2983 1540 3273 1605 portionem
3311 1534 3394 1592 vel
3440 1540 3692 1596 Deiesse

2112 1603 2480 1669 substantiam,
2505 1606 2784 1678 anathema
2809 1607 2894 1678 sit.
2926 1603 3000 1678 Si:
3015 1610 3132 1674 quis
3154 1609 3361 1678 aliquas
3383 1609 3690 1678 Scriptura:

2115 1682 2304 1738 pra-ter
2353 1689 2444 1728 eas
2481 1691 2613 1744 quas
2653 1675 2910 1730 catholica
2961 1677 3196 1730 Ecclesia
3243 1675 3592 1744 recepitﬁvei
3625 1696 3686 1733 εει

2111 1743 2712 1814 auctoritatehabendas
2736 1760 2853 1801 esse
2887 1746 3191 1814 crediderit,
3215 1747 3295 1802 vel
3323 1743 3478 1802 fuerit
3506 1764 3674 1804 vene-

2111 1820 2275 1875 ratus,
2300 1813 2579 1867 anathcma
2609 1816 2696 1869 sit.

2181 1883 2232 1935 '5.
2265 1882 2318 1936 Si
2341 1883 2459 1952 quis
2481 1900 2582 1936 non
2596 1884 2814 1956 dixerit,
2846 1900 3057 1954 semper
3089 1886 3314 1951 Patrem,
3345 1902 3558 1956 semper
3585 1888 3681 1942 Fi-

2111 1949 2259 2022 lium,
2281 1961 2332 2005 et
2358 1949 2567 2022 semper
2589 1955 2840 2022 Spiritum
2867 1949 3107 2010 sanctum
3119 1971 3260 2022 esse,
3281 1949 3565 2011 anathema
3587 1960 3682 2012 sit.

2110 2019 2164 2074 Si
2191 2023 2311 2088 quis
2340 2037 2443 2075 nou
2475 2019 2674 2077 dixerit
2703 2023 2892 2078 Filium
2924 2034 3105 2078 natum
3135 2019 3255 2080 csse
3297 2026 3364 2079 de
3411 2027 3586 2089 Patre,
3612 2029 3665 2080 id

2110 2100 2209 2164 est,
2233 2091 2299 2164 die
2323 2092 2611 2164 substantia
2646 2104 2881 2164 paterna,
2911 2095 3191 2149 anathema
3229 2097 3316 2149 sit.
3346 2095 3400 2150 Si
3431 2099 3549 2164 quis
3572 2113 3684 2150 non

2109 2159 2300 2214 dixerit
2332 2161 2558 2215 Verbum
2587 2159 2674 2217 Dei
2705 2159 2892 2218 Filium
2919 2165 3008 2217 Dei
3035 2179 3174 2229 esse,
3196 2173 3248 2218 et
3271 2166 3432 2219 Deum
3450 2159 3682 2221 Patrem

2110 2229 2243 2305 ejus,
2270 2240 2324 2284 et
2351 2233 2526 2305 omnia
2557 2248 2731 2305 posui,
2761 2243 2815 2288 et
2839 2235 3015 2287 omnia
3047 2248 3224 2295 nosse,
3246 2246 3304 2305 et
3326 2234 3468 2288 Patri
3486 2252 3672 2305 aequa-

2111 2298 2232 2372 lem,
2265 2301 2543 2372 anathema
2559 2298 2661 2354 'sit.
2684 2302 2737 2356 Si
2765 2305 2881 2372 quis
2909 2305 3102 2359 dixerit
3121 2303 3260 2372 quod
3287 2305 3338 2358 in
3366 2319 3526 2358 carne
3552 2298 3683 2360 col)-

2108 2369 2322 2424 stitutus
2364 2371 2526 2424 Filius
2551 2372 2642 2425 Dei
2667 2369 2794 2426 cum
2837 2382 2980 2428 esset
3026 2375 3077 2427 in
3109 2369 3265 2438 terra,
3299 2375 3349 2426 in
3377 2375 3527 2428 cretis
3552 2391 3680 2430 cum

2109 2439 2268 2512 Patre
2298 2456 2402 2512 non
2437 2450 2570 2505 erat,
2598 2442 2878 2512 anathema
2923 2444 3009 2496 sit.
3040 2443 3094 2498 Si
3127 2443 3244 2512 quis
3272 2443 3482 2505 dixerit,
3531 2445 3678 2512 quod

2108 2508 2162 2561 in
2185 2510 2427 2577 passione
2455 2512 2627 2565 crucis
2648 2511 2885 2567 dolorem
2921 2508 3180 2568 sentiebat
3205 2512 3368 2566 Filius
3395 2515 3484 2567 Dei
3511 2508 3674 2579 Deus,

2108 2584 2163 2631 et
2192 2595 2294 2652 non
2323 2595 2454 2652 caro
2490 2597 2608 2635 cum
2638 2583 2833 2646 anima,
2861 2599 3016 2652 quam
3067 2583 3314 2652 induerat
3351 2592 3406 2652 et
3451 2582 3680 2638 formam

2108 2651 2246 2724 servi
2272 2651 2373 2724 sibi
2400 2655 2859 2724 accepe_rat,isicut
2881 2651 2962 2706 ait
2998 2653 3268 2724 Scriptura
3297 2651 3315 2724 (
3348 2651 3578 2724 Philipp.
3615 2670 3674 2718 It,

2109 2718 2140 2770 7
2164 2718 2205 2789 ),
2235 2718 2645 2774 anathema’sit.
2671 2722 2725 2775 Si
2753 2723 2869 2790 quis
2900 2738 3002 2776 non
3030 2718 3242 2787 dixerit,
3265 2718 3404 2790 quod
3433 2718 3680 2778 in'carue

2107 2803 2263 2857 quam
2287 2790 2591 2858 assumpsit,
2621 2791 2768 2845 sedet
2797 2793 2848 2845 iu
2868 2792 3081 2846 dextera
3114 2793 3308 2855 Patris,
3333 2793 3384 2844 in
3413 2807 3514 2860 qua
3542 2808 3677 2846 vett-

2110 2866 2256 2928 turtts
2283 2871 2364 2913 est
2405 2860 2644 2928 judicare
2693 2862 2838 2915 vivos
2867 2873 2920 2916 ct
2959 2872 3213 2927 mortuos,
3245 2861 3522 2914 anathema
3574 2864 3673 2916 sit.

2107 2927 2163 2983 Si
2207 2930 2322 2998 quis
2349 2927 2451 2984 noti
2480 2930 2672 2984 dixerit
2719 2929 2972 2996 Spiritum
3003 2940 3244 2985 sanctum
3269 2931 3334 2984 de
3365 2931 3518 2984 Patre
3545 2947 3674 2988 esse

2109 3014 2231 3051 vere
2255 3015 2317 3052 ac
2347 3000 2575 3068 proprie,
2607 3001 2743 3054 sicut
2770 3001 2955 3054 Filium
2995 3001 3062 3055 de
3099 3002 3272 3054 divina
3301 3000 3592 3053 substantia
3624 3012 3681 3056 et

2110 3068 2274 3122 Deum
2303 3085 2504 3133 verum,
2533 3072 2812 3125 anathema
2842 3072 2927 3124 sit.
2964 3071 3017 3124 Si
3057 3071 3176 3139 quis
3200 3070 3393 3124 dixerit
3420 3070 3676 3138 Spiritunt

2108 3147 2347 3191 sanctum
2381 3139 2653 3202 facturam,
2682 3149 2771 3193 aut
2809 3155 2902 3208 per
2933 3140 3118 3192 Filium
3151 3140 3364 3204 factum,
3391 3139 3677 3194 anathema

2109 3209 2194 3260 sit.
2227 3208 2280 3262 Si
2309 3209 2427 3276 quis
2454 3225 2557 3262 non
2598 3209 2810 3275 dixerit,
2852 3211 3024 3263 omnia
3063 3225 3155 3278 per
3189 3209 3376 3262 Filium
3431 3219 3482 3263 et
3504 3210 3677 3277 Spiri-

2111 3283 2216 3331 tum
2245 3289 2483 3331 sanctum
2515 3280 2723 3333 Patrem
2752 3279 2960 3343 fecisse,
2989 3279 3037 3333 id
3078 3289 3178 3341 est,
3206 3279 3429 3331 visibilia
3457 3289 3511 3332 et
3537 3280 3677 3332 invi-

2109 3349 2595 3408 sibilia,anatbema
2626 3351 2711 3402 sit.
2743 3350 2796 3402 Si
2818 3349 2935 3417 quis
2960 3365 3062 3402 non
3092 3348 3281 3402 dixerit
3310 3348 3479 3401 Patris
3505 3359 3557 3403 et
3589 3349 3671 3402 Fi-

2109 3419 2160 3471 lii
2188 3428 2241 3471 et
2289 3417 2514 3486 Spiritus
2566 3420 2731 3472 sancti
2768 3433 2924 3471 uuam
2959 3419 3304 3480 divinitatem,
3351 3432 3529 3484 parem
3560 3434 3678 3473 ma-

2104 3488 2371 3556 iestatem,
2426 3490 2734 3556 potentiam,
2762 3505 2917 3541 unam
2958 3489 3203 3556 gloriam,
3233 3487 3675 3550 dominationem,

2111 3574 2269 3610 unum
2301 3573 2518 3626 regnum
2548 3568 2704 3626 atqtte
2727 3572 2882 3612 unam
2911 3559 3253 3620 voluntatem,
3277 3557 3556 3610 anathema
3583 3558 3675 3626 sit.

2108 3626 2160 3681 Si
2192 3629 2309 3695 quis
2342 3625 2447 3682 tres
2478 3625 2727 3694 personas
2761 3645 2864 3682 non
2887 3629 3080 3682 dixerit
3105 3642 3277 3691 veras,
3313 3627 3483 3680 Patris
3506 3635 3557 3681 et
3580 3625 3677 3680 [ἦα

2111 3697 2164 3750 lii
2216 3707 2270 3750 et
2319 3697 2544 3766 Spiritus
2587 3699 2792 3756 sancti,
2842 3699 3094 3762 aequales,
3150 3711 3364 3764 semper
3415 3697 3676 3762 viventes,

2109 3768 2286 3820 omnia
2329 3769 2660 3822 continentes
2681 3768 2902 3821 visibilia
2942 3777 2995 3821 et
3040 3768 3340 3827 invisibilia,
3372 3767 3548 3818 omnia
3573 3781 3675 3834 po-

2109 3845 2300 3899 tentes,
2328 3840 2503 3890 omnia
2525 3837 2840 3905 judicztntes,
2893 3837 3068 3890 omnia
3123 3836 3466 3896 viviticantes,
3497 3837 3678 3892 omnia

2109 3905 2382 3972 facientes,
2406 3909 2580 3959 omnia
2626 3923 2742 3976 qua:
2772 3907 3019 3960 salvauda
3064 3913 3188 3959 sunt
3231 3905 3516 3976 salvantes,
3544 3921 3677 3958 ana-

2111 3978 2283 4030 thema
2311 3977 2398 4029 sit.
2443 3978 2497 4029 Si
2527 3975 2772 4045 qttis’uon
2821 3977 3012 4031 dixerit
3057 3976 3382 4045 adorandum
3413 3975 3673 4042 Spiritum

2108 4053 2344 4099 sanctum
2388 4047 2454 4100 ah
2480 4044 2621 4100 omni
2662 4055 2923 4110 creatura,
2953 4047 3087 4099 sicut
3127 4044 3315 4097 Filium
3363 4055 3414 4097 et
3441 4045 3675 4110 Patrem,

2108 4115 2387 4169 anathema
2410 4118 2495 4169 sit.
2527 4117 2579 4172 Si
2608 4118 2724 4185 quis
2749 4115 2815 4170 de
2839 4116 2993 4169 Patre
3018 4124 3073 4169 et
3107 4114 3240 4167 Filio
3268 4116 3400 4167 bene
3425 4117 3676 4174 senserit.

2107 4186 2174 4240 dc
2211 4185 2407 4254 Spiritu
2437 4196 2608 4240 autent
2638 4197 2821 4239 sattcto
2847 4199 2948 4238 non
2978 4193 3122 4239 recte
3161 4185 3426 4254 habuerit.
3461 4185 3678 4254 haereti-

2083 4271 2200 4308 cus
2233 4251 2332 4308 est.
2363 4255 2509 4321 Quod
2529 4271 2714 4309 omnes
2749 4256 2982 4308 hmretici
3019 4255 3085 4308 de
3127 4253 3262 4307 Filio
3294 4253 3384 4307 Dei
3409 4261 3462 4308 et
3500 4251 3672 4320 Spiri-

2110 4334 2161 4378 tu
2193 4334 2376 4379 sancto
2407 4327 2542 4379 male
2584 4327 2893 4386 sentientes,
2928 4325 2978 4378 in
3027 4323 3242 4393 perﬁdia
3285 4323 3586 4376 .Indzeorum
3623 4331 3680 4377 et

2108 4394 2391 4449 Gentilium
2440 4396 2794 4449 inveniuntur.
2843 4395 2994 4460 Quod
3035 4395 3079 4447 si
3103 4393 3220 4462 quis
3249 4393 3475 4462 patiatur
3510 4393 3680 4446 Deum

2108 4465 2317 4518 Patrem
2347 4474 2399 4518 et
2431 4466 2593 4518 Deum
2626 4465 2812 4518 Filiqu
2853 4475 2906 4518 et
2953 4465 3116 4517 Deum
3154 4463 3406 4532 Spiritum
3433 4471 3678 4516 sanctum

2106 4534 2236 4588 deos
2261 4535 2385 4599 dici,
2434 4543 2488 4588 ct
2542 4551 2644 4587 non
2677 4535 2860 4594 Deum,
2909 4543 3124 4602 propter
3149 4532 3476 4585 divinitatem
3498 4541 3548 4602 et
3577 4546 3676 4602 po-

2109 4605 2323 4658 tentiam
2353 4619 2526 4664 unam,
2562 4619 2715 4670 quam
2755 4601 3021 4658 credimus
3045 4617 3163 4655 esse
3189 4611 3241 4654 et
3279 4603 3476 4655 scimus
3505 4601 3678 4670 Patris

2106 4684 2159 4727 ct
2193 4674 2307 4726 Filii
2336 4684 2386 4727 et
2415 4669 2641 4738 Spiritus
2681 4675 2868 4737 sancti,
2901 4673 3178 4726 anathema
3206 4672 3295 4725 sit.
3316 4670 3370 4724 Si
3406 4671 3524 4738 quis
3551 4669 3677 4721 sub—

2108 4744 2323 4797 trahens
2345 4743 2660 4806 autFilinIn,
2693 4753 2781 4796 aut
2805 4745 3063 4811 Spiritum
3107 4750 3380 4811 sanctum,
3412 4741 3480 4811 ita
3502 4739 3674 4791 solum

2105 4815 2371 4870 existimet
2408 4827 2524 4866 esse
2561 4813 2726 4866 Demn
2780 4808 2990 4866 Patrem
3036 4810 3159 4874 dici,
3195 4818 3284 4862 aut
3328 4808 3473 4864 credi
3511 4823 3673 4860 unum

2107 4879 2291 4947 Deum,
2323 4881 2599 4936 anathema
2631 4883 2718 4933 sit.

2515 4950 2743 5006 SERMO
2780 4949 3082 5004 CCXXXIV
3137 4947 3235 5018 (α).

2575 5048 2641 5090 De
2663 5041 2773 5089 Fide
2793 5039 3042 5099 catholica,
3067 5053 3098 5087 ιι
3118 5037 3206 5100 (ιι).

2176 5127 2222 5180 l.
2246 5121 2432 5180 Christi
2446 5125 2724 5178 nativitates
2749 5123 2880 5178 duce.
2902 5122 3031 5178 Duae
3055 5119 3512 5176 substantia—In
3538 5122 3680 5190 prin-

2183 5278 2236 5336 α)
2269 5274 2407 5336 Alias,
2427 5275 2491 5324 de
2510 5282 2745 5336 Tempore
2767 5273 2816 5326 ϐ.

2188 5331 2236 5399 b)
2287 5342 2338 5385 tn
2380 5331 2653 5398 Appendtce
2698 5349 2825 5399 nunc
2866 5335 3073 5397 primum
3107 5331 3381 5399 collocatur.
3429 5331 3681 5399 Habet-ant

2101 5394 2427 5447 Lova'nienses
2442 5394 2660 5457 dubium,
2685 5394 2902 5446 verlinus
2924 5405 3088 5444 autem
3106 5401 3158 5443 et
3181 5394 3443 5457 \‘indingus
3461 5394 3680 5457 supposi-

2099 5461 2273 5509 titium.
2285 5458 2622 5524 complectitur
2640 5455 2866 5519 excerpta
2883 5457 3001 5524 duo:
3021 5469 3168 5524 unum
3184 5467 3248 5524 ex
3263 5455 3414 5524 [ξψὲῇ
3431 5456 3682 5524 Begiensts

2098 5513 2444 5584 Opusculo,_citi
2469 5520 2653 5584 titulus,
2686 5536 2706 5563 α
2729 5513 3010 5584 uenatione
3034 5517 3143 5566 ﬁdei
3248 5513 3684 5584 obiectaquzetiam

2106 5575 2426 5642 «'responSio;
2445 5599 2466 5626 Iv
2497 5575 2699 5631 alterum
2724 5592 2788 5642 ex
2815 5578 2963 5642 \‘igiiii
2987 5577 3239 5642 Tapsensis
3275 5575 3408 5642 libro
3431 5575 3495 5622 de
3535 5575 3685 5622 irini.

2099 5651 2199 5692 tate
2222 5636 2268 5705 6,
2294 5636 2582 5705 musculum
2609 5641 2780 5705 Fausti,
2804 5636 2930 5702 quod
2955 5636 3214 5705 Nivéliiano
3234 5636 3374 5700 prelo
3397 5637 3528 5705 inter
3546 5641 3685 5705 vett:~

2100 5718 2207 5754 rum
2230 5699 2409 5767 aliquot
2448 5703 2606 5754 Gallia:
2623 5699 2975 5763 theologorum
3010 5700 3184 5762 scripta
3207 5699 3439 5748 eXeuStuII
3462 5704 3538 5745 est
3555 5699 3678 5742 rari-
