4054 6190
359 325 492 380 2181

360 445 502 495 enim
535 439 704 492 amisit
737 435 872 504 (ιιι-ιιι
902 441 1042 498 erat,
1071 431 1162 487 sed
1186 430 1342 500 empit
1368 425 1636 504 essequod
1668 441 1769 504 non
1792 431 1935 504 erat;

361 525 412 564 ιιι
443 511 700 576 perfectus
724 495 790 560 sit
828 509 878 558 in
908 495 1048 576 suis,
1083 513 1132 555 et
1179 495 1335 554 verus
1364 502 1432 552 sit
1465 495 1536 576 in:
1561 495 1775 576 nostris.
1809 495 1938 576 Nam

361 567 452 652 qui
489 582 628 634 Deus
657 587 790 636 erat,
837 577 995 652 homo
1029 573 1195 624 laetus
1221 582 1335 652 est;
1370 579 1424 622 et
1451 569 1538 636 qui
1585 567 1744 652 homo
1789 571 1942 652 natus

362 637 468 712 est,
501 658 752 716 operatur
775 656 830 700 ut
859 646 1027 716 Deus;
1059 652 1110 694 et
1153 641 1238 716 qui
1290 649 1540 716 operatur
1579 646 1634 687 ut
1670 637 1840 712 Deus,
1887 639 1944 716 ut

364 705 817 778 homo'moritur;
849 725 902 768 et
940 715 1028 782 qui
1073 720 1129 764 ιιι
1174 705 1340 782 homo
1389 707 1635 770 moritur,
1684 705 1850 772 surgit
1886 709 1945 753 ut

365 792 508 844 Dens
535 807 548 840 :
572 787 660 856 qui
687 785 894 839 devicto
912 779 1097 837 mortis
1124 779 1368 856 itttpt‘_t‘it),
1399 791 1520 832 cum
1560 791 1618 828 ea
1658 787 1817 853 Carpe
1843 787 1942 836 qua

365 843 522 912 natus
549 843 604 907 ei
623 871 808 918 passus
862 863 916 907 et
969 843 1214 904 mortuus
1256 851 1458 918 fuerat,
1505 843 1825 918 resurrexit,
1854 855 1942 918 as-

365 911 546 982 cendit
569 911 635 977 ad
667 925 872 977 Patrem
896 965 908 986 ,
941 923 1194 988 sedetque
1223 918 1286 970 ad
1317 911 1600 988 dexteram
1619 913 1732 982 ejus
1755 915 1804 964 in
1835 911 1948 988 gloe

369 999 467 1057 ria,
499 1011 658 1064 quam
681 983 1126 1061 sempethahuit,‘
1159 989 1440 1064 habetque.
1475 985 1530 1037 lu
1554 983 1667 1064 ejus
1696 990 1864 1034 morte
1895 987 1948 1059 et

367 1054 624 1130 sztngtiine
654 1054 920 1117 crediinus
947 1075 1042 1114 nos
1068 1054 1491 1130 euntmlatos,_et
1525 1054 1590 1106 ab
1618 1068 1682 1106 eo
1719 1054 1950 1130 resusci-

371 1118 560 1190 iandos
583 1135 668 1187 die
700 1133 982 1186 novissima
1023 1131 1074 1182 in
1104 1130 1201 1182 hac
1231 1141 1391 1179 carne
1419 1125 1470 1178 in
1497 1137 1599 1192 qua
1635 1136 1774 1174 nunc
1817 1118 1946 1192 vivi-

367 1189 508 1262 ntus.
541 1217 588 1256 et
625 1217 781 1271 quam
817 1202 1090 1271 habemus.
1122 1189 1632 1271 cottseeuturos'nos
1667 1199 1758 1244 aut
1783 1189 1944 1240 vitam

367 1288 624 1330 n-tcrnam
643 1265 762 1343 ἰιι-ο
809 1265 1395 1343 praemioboniumeriti
1421 1305 1456 1343 ..
1486 1273 1574 1314 aut
1627 1273 1810 1343 punias
1829 1272 1948 1343 "piro

369 1327 601 1414 peccatis
657 1327 838 1394 iittern'i
883 1337 1146 1414 supplicii.
1195 1327 1782 1414 Ηλιςιιιθιῐῃιιιθτίιιιιίο
1829 1327 1950 1406 ﬁdei

368 1397 806 1467 animasvestras
835 1397 1110 1476 subiit-gnte
1129 1448 1142 1469 ,
1169 1421 1196 1457 a
1228 1403 1439 1456 Christo
1475 1399 1696 1456 Domino
1734 1397 1946 1468 pra-mia

367 1481 705 1537 consecuturi
739 1481 882 1550 regni
910 1481 1185 1532 (ξωιοιιιιιι.
1211 1477 1400 1527 Amen.

813 1592 1046 1648 SEBMO
1074 1587 1378 1645 CCXXXVI
1401 1583 1497 1658 (a).

823 1713 892 1755 De
913 1704 1022 1754 Fide
1046 1701 1303 1763 catholica,
1327 1717 1372 1752 tv
1395 1699 1486 1764 (b).

455 1810 497 1862 1.
529 1807 832 1862 Arianorum
861 1816 1087 1858 conatus.
1123 1803 1350 1856 Auctoris
1380 1817 1468 1868 pro
1501 1798 1726 1852 Ecclesia
1761 1811 1948 1866 preces.

375 1880 532 1932 Fides
569 1887 790 1946 patrum.
833 1875 990 1928 Multa
1029 1873 1238 1941 quidem
1270 1879 1345 1946 ct‘
1363 1871 1664 1946 frequenter
1695 1869 1806 1920 ausi
1829 1873 1955 1920 sunt

373 1939 807 2002 Ariani'ha-retici
837 1939 1088 1998 adversus
1113 1957 1298 1996 servos
1318 1941 1428 1995 Dei.
1449 1939 1536 2007 qui
1569 1939 1724 1992 Iidem
1752 1947 1950 1990 rectam

371 2029 428 2072 et
457 2017 772 2071 catholicam
801 2015 1096 2069 custodiunt
1116 2053 1130 2076 ,
1163 2027 1258 2081 per
1283 2011 1629 2062 adulteriuam
1657 2007 1950 2081 doctrinam

371 2095 704 2148 asserere,et
731 2084 1054 2138 orthodoxos
1083 2077 1323 2150 persequi
1360 2089 1708 2150 teutaverunt.
1744 2077 1796 2128 lu
1835 2085 1952 2150 tan-

375 2165 488 2210 tum
507 2145 680 2209 autem
701 2171 838 2208 nunc
852 2145 1454 2208 eXsurreserunteontra
1471 2149 1648 2213 ﬁdem,
1669 2149 1806 2198 itaut
1828 2145 1956 2198 mul-

375 2237 462 2280 tos
477 2243 541 2280 ex
563 2225 712 2278 vobis
737 2224 1036 2289 ιιοΙΙιιι-τίιιι,
1059 2231 1112 2275 et
1135 2235 1292 2274 aures
1321 2229 1523 2272 vestras
1548 2214 1950 2280 cotun‘toverint,

375 2307 435 2349 ut
459 2297 661 2350 animas
677 2295 952 2347 laniarent.
971 2293 1252 2346 Scelerata:
1277 2299 1451 2342 autem
1477 2289 1692 2340 hmresis
1707 2302 1814 2338 sua:
1838 2301 1956 2352 per-

377 2367 556 2418 lidiam
577 2373 754 2430 tegunt
779 2382 790 2416 :
815 2365 904 2418 sed
931 2377 1034 2415 non
1056 2361 1256 2413 diutius
1287 2361 1398 2412 hate
1415 2357 1709 2430 illisfacere
1735 2355 1956 2423 permis-

377 2451 498 2488 som
540 2428 650 2489 est:
673 2435 764 2488 Est
799 2435 940 2487 enim
976 2432 1300 2500 gubernator
1341 2428 1952 2500 Ecclesiaruursuarunt

379 2506 656 2562 Dominus,
677 2503 768 2572 qui
793 2520 886 2570 pro
909 2495 1153 2554 omnibus
1172 2499 1322 2572 nobis
1345 2506 1565 2572 mortem
1591 2495 1856 2572 stt~_tinttit.
1889 2495 1955 2546 Et

381 2575 504 2628 ideo
531 2563 838 2627 indetieietis
866 2573 1018 2624 nobis
1045 2579 1126 2624 est
1153 2569 1344 2630 oratio,
1366 2565 1694 2620 dilectiSsiuti
1725 2563 1950 2616 fratres:

375 2645 572 2714 prium,
603 2653 660 2696 ut
690 2652 866 2714 saneta
892 2641 1099 2714 Domini
1124 2638 1450 2714 et__eatholiua
1481 2635 1716 2714 Ecclesia
1742 2634 1954 2714 dissen-

379 2703 622 2768 sionibus
647 2713 892 2765 omnibus
917 2719 972 2764 et
995 2710 1284 2762 ba-re~ihus
1310 2721 1520 2768 carens,
1551 2705 1806 2758 tmitatem
1841 2703 1952 2770 Spi-

381 2785 516 2836 ritus
559 2783 612 2836 in
643 2781 854 2835 vinculo
903 2781 1176 2832 eharitatis
1229 2779 1424 2844 ubique
1461 2783 1758 2832 conservet,
1795 2788 1954 2840 quam

381 2869 478 2921 per
509 2852 661 2906 fidem
687 2858 884 2904 rectam
913 2860 966 2904 et
993 2851 1152 2921 vitam
1196 2848 1582 2921 innnaeulatam
1607 2852 1808 2921 tenere,
1841 2855 1952 2921 ain-

381 2913 572 2992 plerti.
606 2937 838 2992 servare,
867 2918 1134 2992 custodire
1166 2917 1413 2992 munibus
1462 2913 1825 2992 invocantibus
1855 2913 1958 2992 Do-

381 2983 584 3044 ininum
614 2989 920 3058 estquidem
939 2983 1157 3058 justum,
1183 2987 1640 3058 prajeipuetamen
1669 2983 1952 3058 episcopis,

380 3064 470 3130 qui
518 3053 766 3114 Ecclesiis
803 3053 1066 3130 praesunt;
1094 3053 1365 3130 seeumlo,
1393 3065 1456 3130 ut
1491 3053 1742 3130 Ecclesia:
1773 3053 1952 3119 regula

381 3123 672 3196 sant-taque
701 3123 902 3196 patrum
932 3127 1142 3182 traditio
1167 3136 1324 3196 atque
1349 3124 1544 3191 judicia
1573 3123 1952 3196 ii_t_perpetunm

383 3201 535 3253 lirma
565 3190 836 3267 solidaque
867 3190 1363 3266 pertnaneautalﬂst
1407 3203 1582 3246 autem
1603 3190 1816 3244 Patrum
1861 3203 1957 3242 no-

380 3281 616 3322 su'orum
649 3269 778 3322 tides
801 3270 930 3320 hare.

455 3339 512 3391 2.
564 3337 642 3390 De
686 3337 854 3400 Patre,
893 3337 954 3388 de
998 3334 1149 3400 Filio,
1197 3333 1259 3386 de
1298 3331 1492 3402 Spiritu
1529 3338 1717 3383 sancto.
1771 3327 1956 3382 Credi-

383 3424 506 3462 mus
561 3409 613 3460 in
680 3409 840 3459 Demn
898 3409 1105 3460 Patrem
1154 3403 1600 3470 omnipotentem,
1647 3409 1954 3470 cunctorum

385 3479 672 3530 visibilium
693 3487 742 3528 et
775 3476 1112 3530 invisibilium
1141 3469 1492 3526 conditorem.
1532 3469 1809 3522 Credimus
1829 3469 1953 3520 etin

389 3547 670 3599 Dominum
692 3555 928 3597 nostrum
956 3546 1134 3598 Jesum
1160 3543 1450 3596 Christum.
1481 3555 1574 3606 per
1597 3553 1752 3607 quem
1780 3547 1954 3590 creata

383 3615 734 3677 suntomuia,
782 3629 965 3667 Verum
1027 3615 1211 3672 Deum,
1263 3610 1835 3678 unigenitum.verum
1865 3608 1956 3660 Dei

387 3685 604 3748 Filium,
655 3701 756 3736 non
799 3683 991 3736 factum
1033 3691 1122 3734 aut
1169 3677 1502 3747 adoptivum;
1551 3677 1642 3748 Sed
1689 3677 1953 3744 genitum,

387 3757 544 3808 unius
569 3747 692 3808 eum
721 3753 876 3806 Patre
898 3753 1228 3814 substantim,
1258 3749 1395 3819 quod
1419 3747 1592 3819 Gratci
1615 3747 1794 3819 dicunt
1815 3751 1959 3812 ὁ,αοὺ-

383 3847 486 3878 σιον
519 3841 532 3878 :
559 3833 718 3892 atque
741 3823 807 3875 ita
833 3837 925 3890 per
954 3823 1129 3874 ouinia
1155 3817 1411 3888 tequidem
1447 3819 1552 3869 Deo
1575 3817 1732 3878 Patri,
1757 3825 1836 3892 _ut_
1862 3829 1960 3892 nec

387 3885 657 3962 tempore,
679 3907 776 3946 nec
801 3885 997 3962 gradu,
1024 3905 1122 3944 nec
1161 3885 1574 3962 po'testateesse
1627 3886 1796 3962 possit
1825 3885 1960 3962 infe-

385 3955 530 4018 rior':
557 3955 868 4030 tantumque
891 3977 1012 4016 esse
1048 3955 1534 4030 coniitetnur‘illum
1567 3956 1654 4022 qui
1683 3965 1764 4008 est
1795 3955 1958 4030 geni-

389 4043 496 4094 tus,
529 4045 760 4100 quantus
783 4025 880 4086 'est
912 4033 1000 4086 ille
1028 4031 1114 4098 qui
1142 4030 1341 4100 genuit.
1369 4027 1482 4100 Non
1514 4025 1840 4100 autem-quina
1871 4025 1957 4100 di:

387 4093 560 4156 cimus
593 4103 827 4169 genitum
867 4117 896 4154 a
928 4093 1082 4155 Patre
1123 4093 1569 4169 Filinmpdiviu‘a:
1617 4105 1670 4147 et
1707 4093 1958 4169 ineffabili

387 4163 718 4294 feneraiioni
770 4170 984 4239 aliquod
1040 4179 1247 4232 tempus
1299 4165 1669 4220 adscribimus.
1713 4163 1817 4218 Sed
1863 4178 1961 4217 nec

415 4245 600 4294 ’atrem
633 4241 858 4294 dicimus
881 4239 1164 4294 aliquando
1191 4238 1438 4294 empisse,
1467 4249 1564 4288 nec
1595 4233 1808 4286 Filium.
1841 4232 1958 4286 Non

415 4232 600 4294 iatrem
633 4232 1164 4306 dicimus'aliquando
1191 4238 1438 4304 empisse,
1467 4249 1564 4288 nec
1595 4233 1808 4306 Filium.
1841 4232 1958 4286 Non

385 4312 534 4362 enim
584 4324 867 4377 possumus
911 4303 1066 4362 aliter
1105 4303 1346 4377 contiteri
1395 4314 1651 4358 mternum
1709 4303 1920 4377 Patrem
1943 4343 1956 4364 ,

387 4380 492 4432 nisi
545 4373 895 4432 conﬁteantur
935 4379 1096 4432 etiam
1147 4389 1199 4429 et
1251 4376 1438 4428 Filium
1482 4383 1825 4427 comternum.
1883 4373 1956 4424 Ex

389 4449 526 4503 Filio
549 4449 706 4502 Pater
725 4449 920 4502 dicitur
947 4465 960 4499 :
991 4457 1042 4499 et
1068 4447 1154 4513 qui
1183 4461 1396 4512 semper
1419 4443 1572 4496 Pater
1599 4441 1718 4508 fuit,
1746 4455 1960 4508 semper

391 4519 584 4572 Filium
619 4517 818 4572 habuit.
872 4517 1152 4571 Credimus
1199 4525 1252 4568 et
1299 4516 1350 4566 iu
1395 4513 1646 4580 Spirttunt
1696 4519 1958 4572 sanctum,

389 4587 562 4642 Deum
613 4603 794 4642 verum
843 4603 906 4639 ex
958 4587 1113 4640 Patre
1161 4581 1553 4652 procedentem,
1583 4581 1837 4650 a-qualem
1869 4595 1964 4648 per

385 4658 568 4710 omnia
603 4657 744 4709 Patri
781 4665 830 4708 et
875 4656 1028 4720 Filio,
1063 4664 1268 4718 natura,
1317 4653 1614 4716 voluntate,
1675 4659 1955 4719 potestate,

385 4727 712 4789 mlernitate,
737 4727 1048 4780 substantia.

464 4797 518 4850 5.
550 4788 752 4848 Natura
773 4811 926 4847 unum
947 4803 1080 4854 sunt,
1103 4791 1190 4845 sed
1219 4790 1602 4860 praprietatibus
1641 4788 1963 4860 distinguunt

385 4873 492 4918 (ur.
519 4865 628 4918 Nec
655 4873 736 4918 est
761 4879 975 4932 prorsus
999 4863 1188 4930 aliquis
1219 4857 1270 4932 in
1296 4857 1798 4932 ΔΤισίιιιιιιιιιειηιίιιιε.
1833 4857 1963 4932 nihil

385 4935 534 5004 quod
561 4927 782 4988 inferius
809 4927 1170 5004 superiusque
1205 4929 1306 4982 dici
1339 4930 1525 4997 possit.
1561 4927 1684 5004 Ideo
1706 4936 1812 4979 tota
1842 4927 1958 5004 dei-

387 4997 474 5057 tas
513 5019 604 5056 sua
639 4997 958 5072 perfectione
987 4997 1204 5070 aequalis
1233 5008 1342 5062 est;
1363 4997 1718 5072 _ut,_exceptis
1741 4997 1966 5072 voeabu-

383 5073 456 5127 lis
471 5089 587 5140 qua:
609 5065 982 5141 proprietatem
1003 5065 1613 5141 pérsnuarnmindicant,
1631 5065 1965 5141 quidquidde

385 5136 742 5212 una-persona
764 5141 976 5208 dicitur,
1005 5136 1080 5194 de
1120 5141 1289 5194 tribus
1331 5137 1638 5207 dignissime
1686 5137 1850 5206 possit
1884 5136 1965 5190 in-

469 5314 523 5375 o)
547 5311 698 5372 Alias,
720 5313 782 5361 de
803 5319 1038 5375 Tempore
1065 5313 1168 5363 191.

473 5373 525 5436 b)
555 5381 608 5446 In
632 5375 902 5446 appendice
923 5373 1058 5424 nunc
1088 5377 1300 5446 primum
1313 5373 1586 5446 collocatur.
1619 5375 1820 5446 Dubium
1852 5373 1966 5422 reli-

373 5442 604 5500 querunt
628 5437 964 5500 __Lova_oieuses
990 5449 1000 5482 :
1029 5436 1308 5500 reiecerunt
1347 5436 1565 5500 \ferlinus
1603 5441 1654 5500 et
1689 5436 1962 5500 \‘indiugus.

373 5494 568 5558 Quippe
595 5495 710 5558 nihil
735 5494 860 5544 aliud
885 5504 960 5546 est
981 5494 1124 5558 quain
1145 5496 1254 5544 lidei
1281 5496 1512 5558 professio
1528 5509 1555 5542 a
1575 5495 1764 5556 Pelagio
1785 5494 1966 5558 directa

375 5555 442 5604 ait
473 5555 788 5618 apostolicam
810 5555 1020 5620 sedem,
1049 5565 1114 5620 et
1145 5559 1192 5604 in
1216 5555 1424 5620 (ipt-rum
1461 5555 1730 5620 Hieronymi
1773 5565 1899 5620 tumo
1936 5555 1966 5605 9

371 5617 612 5683 {omenta
639 5632 650 5664 :
675 5619 886 5683 quaehie
909 5619 1108 5683 exordio
1129 5617 1324 5681 pratixo
1352 5630 1408 5666 ac
1441 5625 1622 5668 mutata
1640 5617 1966 5668 conclusione

374 5675 585 5726 {emtam
601 5675 839 5728 sermonis
861 5680 1044 5742 accepit

1665 305 1892 364 SERMO
1929 303 2251 358 CCXXX“.

3476 303 3618 362 2182’.

2055 420 2237 484 telligi.
2270 420 2440 485 Atque
2467 427 2522 470 ut
2559 415 2892 470 ceni‘utantea
2931 417 3128 478 Arium,
3161 433 3316 470 unam
3349 422 3617 474 mundi-.m-

2047 505 2150 558 que
2177 489 2400 541 dicimus
2431 489 2701 540 Trinitatis
2745 503 2862 558 esse
2901 487 3269 558 substantiam,
3293 497 3348 542 et
3376 505 3533 542 ttnum
3565 493 3614 544 in

2053 557 2222 610 tribus
2249 559 2491 624 personis
2521 559 2744 608 latemur
2798 557 2958 608 “tum
2989 573 3001 606 :
3037 557 3102 608 ita
3157 558 3477 626 impietatem
3521 560 3618 614 Sa-

2051 628 2194 682 bellii
2244 628 2591 688 declinantes,
2629 636 2735 677 tres
2763 639 3013 697 personas
3056 641 3336 695 expressas
3379 631 3456 681 sui
3491 644 3616 697 pro-

2051 701 2270 766 prietate
2301 697 2669 763 distinguimus
2697 713 2706 746 :
2734 711 2834 746 nou
2867 696 3036 761 ipsum
3062 699 3158 748 sibi
3189 697 3420 760 Patrem,
3445 696 3616 766 ipsum

2051 767 2265 826 Filium,
2297 767 2465 834 ipsum
2499 766 2754 832 Spiritum
2793 779 3025 817 uinctum
3069 780 3187 819 esse
3227 766 3492 831 dicentes;
3523 769 3618 824 sed

2051 837 2206 889 aliam
2255 833 2442 896 Patris,
2477 838 2628 886 aliam
2665 833 2800 892 Filii,
2850 834 3004 886 aliam
3051 835 3278 900 Spiritus
3301 838 3468 890 sancti
3499 853 3621 891 esse

2051 920 2350 974 personam.
2377 905 2488 957 Non
2519 905 2657 956 enim
2691 919 2901 955 nonum
2931 905 3307 966 tantummodo,
3337 907 3428 958 sed
3461 911 3620 960 etiam

2053 979 2322 1026 nominum
2353 976 2702 1040 proprietates
2724 1015 2737 1037 ,
2777 974 2824 1024 id
2867 981 2965 1032 est,
3003 989 3256 1038 personas
3283 977 3617 1030 confitemur.

2051 1045 2160 1097 Nec
2189 1045 2339 1096 l’ater
2364 1043 2476 1096 Filii
2502 1053 2589 1094 aut
2611 1041 2838 1113 Spiritus
2855 1044 3020 1094 sant-ti
3043 1059 3316 1108 personant
3339 1046 3622 1113 aliqu:me

2053 1113 2324 1176 exi-ludit;
2367 1127 2463 1166 nec
2494 1127 2677 1165 rursus
2709 1111 2868 1165 Filius
2889 1122 2972 1162 aut
3008 1113 3234 1179 Spiritus
3261 1111 3473 1169 sanctus
3521 1115 3622 1168 Pa-

2055 1186 2149 1236 tris
2193 1197 2382 1236 numen
2427 1195 2808 1250 per~onantque
2855 1182 3036 1253 recipit
3061 1199 3072 1232 :
3101 1184 3190 1234 sed
3223 1183 3378 1236 Pater
3411 1199 3624 1253 semper

2055 1261 2222 1320 pater.
2255 1249 2435 1304 Filios
2459 1266 2667 1318 semper
2717 1253 2872 1314 tilius,
2906 1249 3129 1318 Spiritus
3159 1263 3370 1304 sant-tus
3412 1249 3624 1320 semper

2053 1321 2266 1391 spiritus
2299 1331 2528 1393 sanctus.
2567 1322 2750 1393 Itaque
2782 1321 3072 1374 substantia
3103 1337 3260 1374 unum
3309 1333 3464 1388 sunt;
3499 1339 3620 1393 pcr-

2053 1393 2200 1445 souis
2227 1405 2288 1444 ac
2311 1391 2611 1442 nominibus
2633 1391 3041 1458 distinguuntur.
3063 1457 3097 1458 η
3500 1391 3509 1393 ’
3661 1439 3664 1442 .

2125 1461 2178 1514 4.
2215 1460 2290 1513 De
2327 1458 2697 1512 Incurrmtiouis
2739 1457 2991 1526 mysterio.
3053 1457 3214 1512 Error
3251 1463 3620 1528 quorumdam:

2057 1531 2264 1583 Photini
2287 1541 2328 1582 et
2357 1529 2662 1596 Apollinaris
2692 1545 2710 1581 :
2739 1531 2972 1581 aliorum.
3007 1529 3177 1596 lpsntn
3209 1541 3381 1583 autem
3421 1533 3508 1585 Dei
3537 1532 3623 1585 Fi-

2055 1601 2202 1660 lium,
2232 1600 2546 1668 quiabsqne
2599 1599 2748 1652 initio
2797 1601 3146 1653 aeternitatem
3199 1615 3314 1652 eum
3367 1601 3522 1655 Patre
3567 1611 3620 1656 et

2054 1669 2250 1738 Spiritu
2293 1679 2474 1720 sancto
2505 1669 2754 1736 possidet,
2785 1669 3006 1721 dicimus
3055 1671 3104 1721 in
3157 1668 3260 1722 iiue
3310 1673 3624 1726 s:rculorum

2055 1739 2346 1808 perfectum
2375 1747 2573 1790 natura:
2601 1749 2794 1808 nostra:
2819 1738 3084 1792 hominem
3113 1741 3406 1806 suscepisse
3427 1757 3488 1794 ex
3519 1742 3626 1794 Ma-

2055 1807 2130 1862 ria
2162 1823 2372 1876 semper
2397 1808 2596 1876 virgine
2616 1849 2628 1870 ,
2653 1816 2706 1860 ct
2739 1807 2966 1860 Verbum
2999 1823 3210 1861 carnem
3247 1825 3365 1861 esse
3394 1810 3621 1874 factum;

2056 1879 2146 1930 sed
2173 1877 2490 1932 assumendi)
2521 1876 2784 1930 hominem
2807 1917 2820 1941 ,
2848 1893 2949 1928 non
2983 1878 3328 1944 permutando
3351 1878 3622 1932 deitatem.

2055 1949 2196 2008 Nec,
2247 1957 2302 2000 ut
2347 1947 2560 2016 quidam
2603 1946 3010 2000 sceleratissime
3037 1949 3337 2016 opinantur,
3373 1948 3624 2016 Spiritum

2056 2025 2295 2071 sanetum
2325 2017 2564 2072 dicimus.
2601 2017 2760 2069 fuisse
2793 2031 2886 2082 pro
2915 2018 3114 2070 semine
3136 2056 3149 2080 ,
3189 2018 3278 2069 sed
3321 2018 3546 2083 potenti:
3573 2027 3626 2072 et

2055 2089 2248 2140 virtute
2274 2086 2530 2141 creatoris
2555 2095 2848 2154 Oper-etum.
2879 2088 2966 2140 Sic
3007 2095 3182 2148 autem
3219 2087 3533 2139 contitemur
3573 2090 3624 2141 iu

2056 2157 2265 2210 Christo
2295 2171 2450 2210 unam
2479 2155 2595 2209 Filii
2625 2169 2742 2208 esse
2771 2171 3045 2222 personant
3069 2197 3082 2218 ,
3127 2167 3182 2208 ut
3229 2156 3466 2208 dicamus
3493 2157 3627 2211 duas

2057 2227 2316 2294 perfectas
2368 2235 2525 2294 atque
2575 2226 2802 2294 integras
2855 2239 2972 2277 esse
3019 2226 3364 2288 substantias,
3415 2226 3627 2280 dcitatis

2057 2299 2252 2350 εςὶΙιοιει
2281 2305 2334 2350 et
2355 2295 2714 2352 humanitatis,
2747 2309 2862 2361 qua:
2885 2309 2947 2346 ev
2982 2295 3152 2345 anima
3183 2304 3390 2346 constat
3419 2303 3464 2346 et
3499 2310 3622 2348 eor-

2057 2381 2206 2434 pore.
2257 2369 2426 2434 Atque
2455 2373 2514 2418 ut
2555 2364 2969 2418 condemnamus
3001 2364 3301 2434 Photinum,
3339 2363 3425 2432 qui
3455 2367 3624 2419 solum

2057 2433 2108 2489 et
2139 2433 2635 2488 nudumhominem
2686 2435 2970 2486 conlitetur
2997 2435 3051 2485 in
3091 2433 3332 2498 Christo;
3381 2435 3452 2486 ita
3496 2449 3626 2486 ana-

2059 2507 2461 2558 thetnatizanms
2485 2503 2842 2572 Apollinarem
2872 2514 2921 2556 et
2940 2503 3058 2570 ejus
3087 2504 3308 2567 similes,
3333 2504 3418 2571 qui
3442 2505 3627 2558 dicunt

2061 2575 2150 2628 Dei
2185 2574 2374 2627 Filium
2405 2575 2579 2626 minus
2617 2574 2810 2642 aliquid
2839 2573 2906 2625 de
2948 2572 3174 2626 humana
3201 2575 3496 2642 snserpisse
3527 2591 3626 2627 na-

2061 2654 2172 2697 tura
2195 2688 2208 2704 ,
2241 2653 2293 2696 et
2323 2645 2400 2697 vel
2433 2645 2481 2696 in
2513 2659 2702 2702 carne,
2741 2645 2818 2696 vel
2849 2644 2896 2694 in
2929 2643 3098 2695 aninta
3123 2683 3135 2705 ,
3165 2643 3245 2695 vel
3278 2643 3326 2694 in
3351 2661 3506 2696 sensu
3537 2659 3624 2696 as-

2057 2725 2326 2782 sumptum
2353 2713 2620 2767 hominem
2651 2713 2761 2773 his,
2797 2721 3012 2779 propter
3035 2729 3166 2779 quos
3196 2723 3496 2780 assumptus
3522 2723 3626 2778 est,

2059 2781 2222 2836 fuisse
2255 2784 2591 2846 dissimilem,
2637 2797 2792 2850 quem
2823 2783 3020 2852 absque
3051 2783 3163 2834 sola
3195 2785 3396 2852 peccati
3427 2785 3628 2836 macula

2059 2853 2200 2921 (qua:
2229 2854 2484 2906 naturalis
2514 2869 2616 2905 non
2653 2855 2758 2921 est)
2783 2851 2933 2921 nobis
2956 2851 3272 2904 conﬁtemur
3315 2851 3476 2905 fuisse
3504 2867 3630 2906 cou-

2059 2920 2301 2976 fortnem.
2353 2923 2566 2976 Illorum
2619 2920 2828 2990 quoque
2859 2920 3100 2973 similiter
3141 2935 3478 2974 exsecramur
3516 2921 3630 2974 bla-

2060 2994 2392 3060 Sphemiam,
2446 2993 2534 3060 qui
2587 3005 2723 3044 novo
2767 3005 2926 3042 sensu
2971 3005 3212 3043 assrrere
3269 3001 3544 3060 eonantnr,
3599 3007 3630 3045 τι

2064 3059 2302 3131 tetnpore
2332 3059 2787 3131 susceptze_cat-ttis
2807 3102 2820 3123 ,
2852 3060 3026 3110 otnnia
3059 3075 3174 3128 qua:
3202 3067 3354 3112 erant
3387 3059 3631 3112 divinita-

2061 3129 2240 3193 tis,_in
2275 3131 2543 3183 hominem
2575 3129 2938 3195 demigrasse;
2973 3138 3025 3180 et
3051 3143 3258 3180 rursum
3289 3143 3406 3196 qum
3441 3129 3630 3182 huma-

2061 3201 2238 3252 uitatis
2285 3209 2466 3262 erant,
2520 3199 2571 3250 in
2617 3199 2777 3249 Deum
2827 3213 2944 3250 esse
3001 3197 3262 3250 transfusa
3300 3207 3427 3259 :ut,
3489 3199 3630 3267 quod

2061 3269 2200 3322 nulla
2229 3284 2456 3334 unquam
2486 3267 2702 3319 haeresis
2741 3280 2866 3318 ausa
2889 3275 2970 3318 est
2999 3267 3176 3320 dicere
3198 3307 3210 3328 ,
3251 3267 3489 3318 videatur
3531 3267 3630 3320 hac

2059 3339 2368 3391 cenl°usione
2392 3349 2611 3404 utraque
2634 3336 2899 3388 exinanita
2929 3351 3046 3388 esse
3099 3335 3410 3398 substantia,
3439 3344 3490 3388 et
3519 3337 3632 3390 dei-

2067 3409 2188 3460 tatis
2218 3407 2424 3460 scilicet
2450 3415 2504 3460 et
2535 3405 2905 3466 humanitatis;
2929 3415 2980 3457 et
3002 3407 3197 3458 amisso
3225 3409 3438 3473 proprio
3467 3415 3628 3468 statu,

2063 3477 2112 3530 in
2145 3477 2284 3532 aliud
2310 3491 2430 3529 esse
2459 3485 2656 3528 mutata
2691 3493 2702 3526 :
2737 3484 2792 3528 ut
2818 3475 2906 3540 qtti
2939 3483 3041 3526 tant
3073 3475 3232 3528 Deum
3259 3477 3545 3540 perieCtum
3577 3477 3630 3530 in

2061 3547 2196 3600 Filio
2237 3561 2390 3614 quam
2423 3545 2690 3598 hominem
2741 3545 3075 3614 eonlilenttlr,
3120 3558 3217 3597 nec
3255 3543 3425 3597 Deum
3465 3559 3628 3612 vere,

2062 3632 2159 3670 nec
2191 3613 2456 3668 hominem
2490 3623 2670 3667 tenere
2694 3613 2972 3667 credatnur
3001 3615 3040 3664 ι.

2132 3687 2183 3740 5.
2227 3685 2452 3738 Christus
2484 3699 2661 3751 passus
2688 3693 2758 3736 est
2781 3699 2904 3746 rere,
2938 3683 3026 3736 sed
3053 3683 3326 3736 secundum
3354 3683 3627 3738 hominem.

2063 3755 2462 3809 Resurrectionis
2505 3755 2649 3824 ﬁdes.
2693 3751 2923 3824 Pro/mia
2943 3755 3219 3824 justorum,
3243 3763 3288 3806 et
3333 3755 3634 3824 injustorum

2061 3825 2312 3892 ειιρριὶεὶα
2333 3824 2544 3876 diversa.
2577 3822 2683 3876 Nos
2707 3833 2884 3876 autem
2913 3823 2984 3876 ita
3013 3823 3236 3878 dicimus
3261 3822 3564 3890 susceptum
3603 3841 3634 3879 a

2067 3895 2154 3946 Dei
2190 3893 2322 3948 Filio
2351 3893 2598 3962 passibile
2637 3902 2895 3956 nostrum,
2939 3901 2994 3945 ut
3027 3895 3160 3946 Deus
3191 3904 3364 3947 tamen
3395 3895 3635 3962 impassi-

2065 3963 2184 4016 bilis
2229 3971 2580 4030 permaneret.
2633 3963 2825 4016 Passus
2853 3971 2934 4015 est
2961 3963 3154 4016 etenim
3194 3963 3282 4013 Dei
3317 3962 3480 4016 Filius
3525 3979 3630 4016 non

2065 4035 2316 4100 putative,
2345 4032 2436 4084 sed
2481 4047 2626 4094 vere,
2659 4033 2832 4084 omnia
2863 4047 2980 4098 qua:
3009 4031 3276 4097 Scriptura
3309 4039 3550 4096 testatur,
3583 4033 3632 4086 id

2063 4113 2164 4162 est,
2183 4102 2430 4162 esuriem,
2452 4102 2613 4162 sitim,
2640 4100 3018 4160 lassitudinem,
3041 4100 3299 4162 dolorem,
3321 4111 3566 4163 mortem,
3583 4111 3637 4155 et

2064 4181 2254 4224 ca‘tera
2278 4171 2576 4238 hujusntodi
2597 4188 2607 4218 :
2629 4169 2720 4222 sed
2742 4169 3026 4223 secundum
3048 4169 3172 4221 illud
3194 4183 3378 4236 passus
3393 4179 3475 4224 est
3493 4173 3632 4238 quod

2066 4241 2172 4309 pati
2201 4249 2436 4308 poterat;
2469 4239 2516 4292 id
2543 4247 2776 4309 est,_non
2801 4239 3090 4292 secundum
3119 4239 3258 4290 illam
3286 4240 3634 4294 substantiam

2065 4307 2182 4378 qua:
2204 4307 2500 4376 assumpsit
2523 4349 2538 4373 ,
2581 4307 2673 4361 sed
2703 4309 2988 4378 secundum
3021 4309 3162 4360 illam
3207 4323 3328 4376 qua:
3365 4319 3635 4378 assompta

2065 4377 2165 4432 est.
2213 4379 2325 4444 lpse
2371 4380 2512 4432 enim
2559 4379 2650 4431 Dei
2693 4377 2854 4430 Filius
2885 4379 3173 4430 secundum
3204 4379 3452 4432 deitatem
3485 4377 3634 4432 suam

2067 4449 2406 4516 itnpassibilis
2431 4459 2512 4502 est.
2549 4457 2602 4500 ut
2635 4449 2806 4512 Pater,
2841 4448 3114 4500 invisibilis
3153 4456 3208 4500 ut
3245 4449 3418 4512 Pater,
3453 4449 3636 4502 incon-

2067 4518 2321 4571 vertibilis
2349 4528 2402 4570 ut
2431 4518 2604 4580 Pater,
2633 4517 3042 4584 incorruptibilis
3073 4525 3128 4569 ut
3153 4517 3328 4571 Pater.
3357 4517 3416 4572 Et
3449 4535 3635 4584 quam-

2067 4588 2145 4640 vis
2173 4588 2380 4654 proprie
2411 4601 2632 4653 persona
2663 4587 2801 4648 Filii,
2841 4586 2892 4640 id
2923 4596 3034 4646 (Μ,
3067 4587 3159 4639 Dei
3195 4586 3422 4640 Verbum
3453 4603 3634 4642 susce-

2067 4659 2202 4724 perit
2239 4657 2542 4726 passibilem
2577 4658 2872 4718 hominem,
2915 4657 2989 4726 ita
3017 4665 3190 4726 tamen
3221 4671 3346 4726 eius
3377 4657 3630 4716 inhabita,

2072 4729 2214 4780 tione
2239 4725 2526 4778 Secundum
2556 4741 2704 4778 suam
2735 4725 3082 4778 substantiam
3108 4725 3276 4779 deitas
3307 4725 3464 4780 Verbi
3507 4726 3636 4781 nilnt

2071 4809 2222 4864 passa
2247 4804 2347 4859 est,
2377 4805 2432 4846 ut
2459 4803 2563 4864 tota
2605 4795 2854 4854 Trinitas,
2895 4809 3051 4862 quam
3097 4795 3476 4862 impassibilem
3519 4811 3637 4850 essu

2071 4863 2289 4918 necesse
2334 4873 2416 4918 est
2439 4863 2698 4917 centiteri.
2728 4864 2962 4918 Mortuus
2985 4873 3066 4917 est
3091 4879 3218 4932 ergo
3241 4865 3328 4918 Dei
3353 4865 3519 4918 Filius
3543 4879 3636 4920 ea-

2069 4935 2186 4986 dem
2219 4943 2400 4987 natura
2427 4934 2619 4987 carnis.
2648 4933 2696 4984 in
2725 4947 2824 5001 qua
2851 4943 3004 4986 natus
3029 4945 3082 4986 et
3113 4949 3295 5000 passus
3320 4943 3420 4994 est.
3453 4936 3502 4987 in
3533 4949 3635 5002 qua

2067 5005 2226 5058 etiam
2265 5003 2572 5057 resurrexit.
2604 5002 2718 5055 Non
2757 5003 2896 5054 enim
2935 5003 3198 5056 exinanita
3229 5011 3311 5056 est
3335 5003 3634 5056 humanita-

2069 5075 2136 5127 tis
2164 5073 2474 5134 substantia,
2503 5072 2593 5126 sed
2621 5073 2908 5140 gloriliCata
2937 5073 2987 5124 in
3015 5083 3270 5126 :rternum
3295 5087 3414 5125 cum
3441 5072 3638 5126 deitate.

2069 5159 2335 5196 mansura.
2367 5141 2634 5194 Venturos
2658 5152 2740 5196 est
2770 5143 2834 5194 ad
2861 5143 3114 5209 judicium
3146 5143 3383 5194 vivorum
3411 5153 3464 5194 et
3493 5157 3636 5196 mor-

2072 5223 2302 5276 tuorum,
2333 5221 2390 5264 ut
2414 5221 2466 5265 et
2487 5213 2658 5278 justos
2681 5221 2996 5266 remunerel.
3021 5221 3075 5264 et
3103 5213 3282 5278 puniat
3311 5221 3634 5277 peccatores.

2071 5283 2532 5337 liesurreetionem
2559 5282 2734 5334 carnis
2767 5282 2834 5334 ita
2865 5281 3150 5344 credimus,
3183 5289 3238 5334 ιιι
3275 5281 3512 5336 dicamus
3541 5297 3638 5337 nos

2110 5475 2147 5544 ’ί
2175 5479 2238 5522 Ita
2261 5480 2340 5522 .us.
2361 5479 2414 5521 At
2437 5472 2571 5544 editi,
2592 5477 2768 5544 temere
2791 5471 3494 5544 crgdamus.relagitguautem
3514 5475 3640 5544 apud

2069 5535 2430 5601 Hieronymum:
2449 5535 2532 5593 ῳιςί
2548 5542 2645 5584 tant
2669 5543 2818 5582 Deum
2833 5531 3164 5596 imperfectum
3183 5531 3232 5601 in
3261 5533 3376 5601 Fifio
3399 5531 3640 5596 quam'lto-

2067 5595 2567 5706 mitq’mtemptentur,
2593 5603 2642 5644 ut
2677 5608 2762 5646 nec
2785 5595 2939 5644 Deum
2967 5609 3074 5646 vero
3097 5609 3181 5646 nec
3215 5595 3450 5648 hominem
3483 5603 3642 5648 tenero

2070 5669 2166 5706 σοι
2187 5670 2246 5704 un
2271 5670 2342 5705 ur.

2070 5669 2342 5706 creduntur.
