2027 3095
187 150 258 177 2189

191 206 362 233 Ιίειηίειὶοηινε
371 210 527 240 prrmtorum
536 210 638 238 septem.
650 205 756 231 Decimo
764 204 806 230 die
815 208 874 238 post
887 210 980 229 ascen-

190 243 306 271 sionem,
321 241 457 274 discipulis
469 248 521 272 prtr
534 241 628 266 timore
638 240 788 266 .ludmortnn
803 239 978 273 congregatis,

192 277 322 302 Dominus
338 276 495 309 [immissum
509 275 672 302 Paraclclum
686 275 771 305 misit;
790 282 842 307 quo
860 274 980 300 veniente

193 316 222 338 ιιι
234 311 353 338 candens
364 311 461 337 lcrrum
475 310 640 341 inﬂammati,
652 310 822 343 omniumque
834 310 978 343 linguarum

193 347 286 380 peritia
297 346 399 379 repleti,
411 346 565 380 Symbolum
575 343 978 380 COlll[IOSllCl‘unLilell’ltSrtliltll,

192 378 280 408 Credo
293 382 318 407 in
340 381 366 406 υς
378 389 421 407 um
431 378 541 407 Patrem
555 381 773 413 omnipotentem.
790 379 837 405 Ubi
853 379 914 405 dicit
930 378 979 403 Pa—

194 421 273 448 trem,
285 416 439 450 intelligitur
448 415 537 443 Filius.
551 414 871 448 intelligitnretSpiritus:
883 413 980 450 utrius—

192 459 245 485 que
259 451 356 478 clenim
373 448 471 477 harum
493 451 570 477 trintn
592 457 762 483 personarum
779 448 978 485 snlistatitia_itt—

193 483 359 519 separabilis.
374 486 585 519 Otnnipotenletn
596 485 668 516 dicit,
685 485 744 518 quia
758 492 817 510 cum
832 484 855 509 ei
870 483 932 509 nihil
947 483 980 508 sit

193 520 368 554 impossibile,
385 521 482 547 tnalum
498 528 548 546 non
563 525 662 554 potest;
677 520 736 553 quia
752 519 772 544 si
787 519 979 554 posset,omni-

193 553 288 589 putt'ns
304 563 355 581 non
378 560 457 582 esset.
481 554 632 581 Creatorem
648 555 706 581 ραιίὶ
724 558 750 580 et
765 559 856 580 terrm:
871 561 915 589 per
932 553 979 578 Pa-

192 588 262 616 irt-m
279 591 365 616 omnia
388 590 526 624 signiﬁcat.
551 590 670 616 Andrias
691 589 767 619 dixit,
788 589 820 615 Et
843 589 867 614 in
888 588 977 614 Jesnm

192 624 327 652 Christum
343 625 435 651 Filium
456 625 523 657 ejus.
544 625 620 651 .lesus
640 632 735 650 nomen
752 624 883 657 propritim
899 624 978 649 inter-

194 665 314 693 pretatur
333 659 466 692 Salvator;
488 660 609 686 Christus
634 659 831 692 appellativum,
857 658 978 684 hebraice

192 694 290 720 dicitur
315 694 426 724 chtus;
449 695 509 728 ungi
531 694 601 720 enim
619 693 756 727 Propheta:
777 698 802 719 et
823 700 898 726 reges
913 693 980 718 sole-

193 729 267 755 bant.
285 729 394 756 Unicum
413 730 550 755 Dominum
576 735 704 754 nostrum.
721 728 832 755 Unicum
854 728 915 753 dicit
938 735 979 753 se—

192 764 309 790 cundutn
335 769 470 790 naturam:
484 764 566 790 Adam
580 769 605 789 et
622 763 673 788 Eva
688 764 766 789 etiam
782 763 826 789 Dei
846 762 891 787 lilii
907 767 976 793 stitit,

193 799 241 825 Sed
258 799 384 832 adoptivi.
401 799 514 825 Jacohus
529 799 605 829 dixit,
618 798 666 830 Qui
679 803 821 830 conreptus
829 797 910 823 estde
918 796 978 832 Spij

193 834 246 859 ritu
262 831 369 860 sancto:
386 842 436 860 non
453 834 521 867 quod
535 834 647 865 Spiritus
662 837 734 865 pater
753 832 809 865 ejus
825 831 917 861 fuerit;
934 831 978 858 sed

193 868 264 902 quod
281 877 327 902 per
341 869 593 894 adtninisttationcm
607 867 720 901 Spiritus
733 867 826 902 sancti,
846 871 872 892 et
892 873 924 902 eo
936 874 979 902 co-

194 901 325 935 eperanlc
341 912 365 929 ιιι
378 903 428 929 lide
442 903 527 929 Maria-
541 908 684 936 conreptus
695 906 744 927 est.
760 901 841 927 Nalus
856 909 887 927 ex
902 901 978 927 Maria

194 938 311 972 Virgine;
324 946 382 971 qua:
398 940 470 969 virgo
485 939 616 970 concepit,
631 942 657 963 et
678 937 749 971 virgo
765 936 875 972 peperit,
893 936 977 972 virgo-

195 970 247 1006 que
263 970 415 1006 permansit.
432 972 546 999 Joannes
562 972 638 1003 dixit,
654 972 750 998 Passus
765 973 813 997 sub
828 971 920 997 Pontio
938 970 979 996 l‘i-

195 1005 248 1033 lato
259 1005 268 1034 ί
279 1007 329 1035 hoc
343 1008 415 1038 dicit,
433 1016 464 1033 tte
480 1008 504 1033 in
519 1008 596 1033 alium
618 1007 750 1032 tlhristutu
764 1006 913 1036 credamus,
930 1005 977 1031 nisi

194 1041 220 1068 in
235 1042 319 1074 illum,
335 1043 377 1076 qtti
393 1042 417 1068 in
433 1047 548 1075 tempore
563 1042 636 1068 Pilati
651 1049 741 1075 passus
753 1046 808 1071 est;
821 1040 977 1076 namintulti,

194 1077 265 1104 sicut
284 1078 329 1110 ait,
345 1075 490 1103 antichristi
515 1077 581 1102 falso
605 1077 703 1107 dicent,
721 1076 774 1109 ligo
789 1083 847 1102 sum
860 1075 980 1101 Christus

194 1111 301 1147 (lllnttlt.
319 1120 393 1143 xxtv,
408 1112 464 1146 24).
483 1111 638 1141 Crueil'ixns.
663 1117 793 1142 mortuus,
810 1115 841 1147 et
852 1110 978 1144 sepultus,

195 1145 341 1173 Secundum
354 1155 460 1173 carnetn
474 1156 479 1172 :
495 1147 525 1173 ad
539 1146 587 1173 hoc
603 1151 677 1173 natus
689 1151 729 1172 est
739 1150 763 1171 nt
773 1145 978 1178 eruciligvrt-tnr,

195 1181 228 1207 ad
244 1181 293 1208 hoc
307 1182 446 1208 crncilixus
463 1187 489 1207 ιιι
511 1186 667 1212 moreretur,
690 1181 721 1207 ad
745 1180 793 1205 hoc
818 1185 938 1205 mortuus
954 1185 980 1205 ιιι

196 1220 356 1249 resurgeret.
370 1217 401 1242 ad
416 1216 465 1242 ltoc
481 1216 623 1243 resurrexit
637 1221 663 1242 ut
678 1215 899 1248 nosjustiltcaret.
911 1213 981 1240 Tho-

196 1259 254 1276 tuas
265 1250 344 1282 dixit,
362 1251 501 1277 Descendit
516 1251 547 1277 ad
565 1251 665 1277 inferna
679 1259 685 1276 :
699 1250 722 1276 td
737 1255 786 1281 est,
802 1249 827 1275 in
839 1249 924 1274 anima
937 1256 981 1275 co-

196 1286 308 1312 tuitattte
328 1286 502 1317 divinitatem,
525 1293 635 1319 corpore
651 1292 713 1312 vero
730 1285 754 1311 in
770 1284 892 1318 sepulcro
905 1284 980 1317 quie-

194 1326 296 1346 srcntc.
307 1320 393 1347 Tertia
405 1320 447 1347 die
460 1321 602 1347 resurrexit
612 1328 626 1346 ει
637 1320 761 1350 mortuis;
771 1324 797 1345 ut
807 1319 881 1345 nobis
892 1326 982 1344 exem-

195 1355 268 1388 plum
295 1360 321 1382 et
345 1355 422 1382 iidem
450 1356 651 1382 resurrectionis
680 1354 842 1381 ostenderet.
868 1353 981 1379 .lacobus

197 1390 273 1421 dixit,
285 1390 408 1416 Ascendit
423 1390 454 1416 ad
469 1390 567 1417 eteius:
584 1390 609 1416 in
626 1390 679 1423 ipsa
694 1397 782 1417 carne.
796 1389 821 1414 in
838 1396 888 1422 qua
905 1393 980 1414 natus

196 1429 275 1450 estet
290 1432 389 1459 passus,
403 1425 428 1452 in
441 1427 495 1459 ipsa
510 1426 654 1451 resurrexit
667 1429 692 1450 rt
703 1425 786 1450 victor
799 1424 880 1459 melos
894 1430 982 1459 ascen-

196 1459 244 1484 dit.
257 1457 335 1486 Sedet
351 1460 383 1486 ad
399 1457 533 1486 dexteram
547 1460 592 1486 Dei
606 1459 691 1486 Patris
704 1458 901 1492 omnipotentis.
917 1457 981 1483 Dex-

195 1498 252 1520 tera
270 1495 353 1520 l’atris
368 1495 567 1529 prosperitaletn
582 1495 640 1521 vine
655 1499 750 1520 nostra-
760 1503 767 1525 ;
778 1494 881 1529 sinistra
893 1495 980 1519 autem

195 1529 327 1562 signiﬁcat
342 1527 445 1563 poenam
462 1530 566 1556 interni.
584 1529 718 1562 Philippus
732 1529 807 1559 dixit,
820 1527 882 1554 lude
894 1532 979 1563 ventu-

194 1561 242 1589 rus
263 1569 304 1590 est
323 1561 441 1598 judicare
462 1565 534 1591 vivos
558 1568 584 1591 et
607 1561 740 1590 mortuos:
758 1564 782 1589 in
798 1571 849 1597 qtto
863 1561 981 1588 ascendit

194 1605 317 1632 corpore,
331 1603 459 1626 venturus
473 1603 513 1626 est
531 1599 562 1624 ad
580 1599 719 1633 judicium.
732 1599 817 1633 justas
828 1605 842 1624 a
858 1600 980 1633 peceato-

195 1631 270 1659 rihns
283 1634 424 1667 separabit.
440 1631 647 1660 Bartholomasus
661 1631 738 1663 dixit,
752 1632 837 1659 Credo
850 1632 874 1658 in
895 1631 981 1667 Spirif

196 1671 251 1703 tum
272 1666 402 1699 sanctum,
415 1677 428 1695 a
443 1676 495 1703 quo
510 1669 589 1695 Pater
602 1674 627 1695 et
641 1668 721 1694 Filius
734 1668 758 1693 in
773 1674 820 1693 suo
835 1666 980 1703 operc_._vel

196 1702 222 1728 in
236 1703 364 1729 catholica
386 1703 435 1730 [ide
450 1701 565 1737 Separari
587 1703 658 1729 nullo
680 1702 758 1729 modo
780 1706 898 1736 possunt.
915 1701 980 1737 Mat-

197 1738 283 1764 thmus
296 1738 370 1769 dixit,
386 1735 507 1765 Sanctam
524 1738 666 1765 Ecclesiam
682 1737 855 1764 catholicam:
870 1735 980 1762 catholi-

195 1780 267 1804 cam,
282 1773 306 1799 id
320 1778 371 1805 est,
386 1773 572 1806 univcrsalem,
596 1773 621 1798 in
639 1780 688 1807 qua
705 1777 803 1799 tantum
818 1776 924 1807 peccata
939 1778 981 1797 re-

196 1808 348 1840 mittuntur,
364 1815 423 1841 qua:
444 1808 560 1834 omnium
583 1806 765 1834 haérétieorutn
790 1806 917 1841 pravitate
939 1813 980 1832 re-

197 1842 282 1877 pulsa,
297 1843 330 1869 ab
344 1840 403 1869 ortu
425 1843 488 1870 solis
513 1850 595 1877 usque
615 1842 646 1869 ad
670 1850 792 1869 occasum
816 1840 979 1877 diffunditur.

197 1876 354 1912 ﬁauctorum
369 1876 580 1904 communionem
593 1886 598 1903 :
612 1877 671 1912 quia
687 1877 754 1903 dona
770 1877 852 1903 sancti
868 1876 981 1912 Spiritus

199 1910 258 1937 licet
271 1912 296 1938 in
310 1912 360 1938 hac
373 1913 424 1938 vita
438 1912 540 1939 diversa
556 1913 609 1939 sint
620 1910 648 1938 in
663 1912 781 1946 singulis,
797 1912 822 1937 in
834 1911 980 1937 :cternitate

198 1950 286 1972 tamen
302 1951 379 1973 erunt
391 1948 540 1973 communia
555 1949 579 1973 in
593 1948 737 1979 universis;
750 1951 777 1972 ut
790 1946 857 1980 quod
871 1946 981 1980 quisque

196 1985 350 2008 sanctorum
366 1983 453 2008 minus
468 1982 557 2008 habuit
574 1982 598 2008 in
614 1990 652 2012 se,
675 1982 725 2008 hoc
744 1982 769 2007 iu
784 1982 868 2007 aliena
886 1981 981 2007 virtute

197 2017 348 2050 participet.
374 2017 464 2043 Simon
489 2017 563 2049 dixit,
586 2017 777 2043 “emissionem
801 2021 979 2050 peccatorum.

197 2051 307 2084 Septem
322 2057 382 2078 sunt
398 2052 568 2078 remissiones
583 2056 750 2086 peccalonun
764 2059 770 2076 :
788 2053 872 2085 prima
896 2050 982 2083 Bapti-

197 2086 259 2117 smi,
269 2086 381 2112 secunda
397 2087 567 2119 poenitentitr,
578 2086 651 2113 tertia
661 2086 756 2112 divina!
768 2086 880 2118 pietatis,
890 2091 981 2118 quarta

198 2121 273 2156 venia
291 2128 336 2154 per
351 2121 536 2156 indulgentiam
552 2122 727 2153 inimicorum,
740 2121 828 2155 quinta
838 2128 884 2154 per
892 2127 980 2146 veram

198 2155 363 2190 charitatem,
377 2155 449 2182 sexta
465 2164 511 2190 per
524 2157 729 2190 clcemosynam,
739 2156 848 2189 septittta
860 2162 906 2190 per
915 2162 982 2188 prie—

197 2189 356 2217 dicationem
383 2198 434 2224 qua
463 2189 582 2218 errantes
610 2195 808 2217 convertuntttr.
834 2189 982 2216 'l’haddaats

197 2224 273 2254 dixit.
286 2224 378 2251 Carnis
394 2227 611 2252 resurrectionem
623 2234 629 2251 :
642 2226 666 2252 id
680 2230 730 2257 est,
746 2227 770 2251 in
787 2225 840 2259 ipsa
862 2232 940 2251 carne
957 2225 981 2251 in

197 2267 249 2292 qtta
265 2260 386 2292 vivimus,
401 2268 583 2295 resurgcmns;
598 2268 649 2286 non
666 2268 767 2291 sexum,
789 2260 834 2286 seti
855 2259 981 2294 fragilita-

198 2298 252 2330 tem
267 2299 406 2330 mutantes.
422 2294 497 2321 Tunc
510 2296 592 2322 sancti
606 2296 649 2330 qtti
662 2303 730 2321 nunc
748 2295 844 2321 habent
865 2294 982 2328 singulas

197 2329 292 2360 stolas,
309 2329 334 2355 id
349 2333 397 2359 est.
413 2330 548 2363 pratmium
562 2329 630 2361 vine,
643 2336 704 2356 tunc
714 2330 788 2356 binas
801 2329 940 2363 accipient,
957 2329 982 2355 id

197 2368 250 2399 est.
266 2364 386 2396 corporis
400 2369 426 2391 et
439 2365 534 2390 anima:
549 2366 676 2399 pretium;
692 2369 844 2398 peccatores
858 2371 920 2390 vero
935 2364 983 2390 dn-

198 2398 293 2432 plicem
309 2407 412 2432 postiam
433 2398 571 2432 accipient,
594 2404 621 2426 nt
635 2408 693 2433 qum
708 2401 731 2425 in
754 2400 801 2425 hac
816 2400 865 2425 vita
886 2406 940 2431 cor,
953 2407 982 2425 us

198 2434 277 2459 simul
299 2438 325 2460 et
342 2434 427 2460 anima
449 2440 659 2466 promeruernnt,
675 2435 771 2467 pariter
793 2435 818 2460 in
842 2434 883 2460 illa
899 2435 982 2468 perci-

198 2468 282 2500 piant.
298 2468 420 2495 Matthias
438 2469 513 2501 dixit,
538 2470 620 2495 Vitam
640 2475 782 2497 :eternam:
797 2476 874 2503 quam
896 2469 982 2494 tntllus

198 2503 260 2528 linis
287 2504 454 2536 terminabit,
478 2504 578 2530 nullutn
600 2504 689 2530 vitium
710 2504 834 2535 ftedabit,
857 2503 983 2538 a-gritudo

197 2537 270 2564 nulla
285 2539 459 2565 contristabit.

234 2572 261 2598 9.
283 2572 402 2599 Firmiter
414 2574 519 2600 tenenda
532 2574 594 2607 fides
608 2574 792 2608 Apostolorum.
808 2573 924 2607 Apostoli
937 2573 984 2599 ita-

197 2614 251 2643 que
265 2609 350 2634 sancti
365 2609 477 2642 Spiritus
493 2609 552 2643 igne
574 2614 695 2642 tanquam
717 2617 808 2634 attrutn
830 2608 980 2639 examinati,

197 2646 226 2667 et
243 2642 371 2669 hactenus
382 2652 410 2669 se
424 2642 541 2670 tenuisse
553 2644 688 2677 indignati,
700 2643 854 2670 liducialiter
865 2643 985 2669 exierunt

197 2678 395 2711 evangelizare,
412 2679 481 2705 sicut
497 2679 621 2704 Dominus
635 2683 806 2712 pra-ceperat,
823 2678 894 2705 omni
910 2686 983 2704 crea-

198 2715 265 2738 tura:
287 2711 381 2747 (Marc.
400 2721 455 2745 xvt,
483 2714 536 2748 15),
560 2711 679 2740 errantes
702 2713 735 2740 ad
755 2713 834 2739 vitam
851 2721 983 2744 revocare,

196 2775 221 2812 Ιιι
233 2776 329 2812 Thema.
346 2778 465 2812 Thaddaeo
483 2782 507 2803 et
523 2779 625 2812 atatthia.
646 2782 718 2812 Docet
732 2779 850 2812 ,christum
872 2779 986 2812 hebraice

195 2806 354 2867 tinctum
367 2816 373 2834 :
388 2813 413 2834 et
425 2810 449 2834 in
460 2810 556 2834 caeteris
566 2810 663 2834 detnum
683 2810 780 2835 minime
798 2811 928 2841 respondet
941 2815 986 2834 An-

238 2845 242 2850 ·
262 2846 302 2863 ιιο.

881 144 994 173 SERHO
1012 144 1120 174 CCXLI.

1750 150 1818 178 2l9ta‘

1034 202 1178 238 credentes,
1196 201 1338 238 baptizare.
1362 201 1415 229 Nos
1434 206 1532 238 autem,
1552 202 1644 230 fratres
1658 202 1817 238 charissimi.

1035 237 1112 263 [idem
1121 242 1147 264 et
1161 237 1330 271 Evangelium
1341 237 1528 271 Apostolorum
1540 245 1587 271 per
1597 246 1764 267 successores
1773 237 1818 267 eo;

1033 279 1092 298 rum
1109 271 1184 299 nobis
1197 272 1331 304 traditmn,
1347 272 1469 304 lidelitcr,
1486 272 1648 307 ﬁrtniterqnc
1664 278 1817 305 teneamus;

1034 312 1138 340 pactum
1152 307 1241 339 etiam,
1257 307 1326 341 quod
1342 314 1401 334 cntn
1417 306 1528 333 Domino
1542 307 1567 333 in
1582 306 1740 342 Baptismate
1756 309 1818 337 feci-

1033 349 1102 372 mus.
1120 341 1272 368 inviolatum
1286 341 1539 373 eustodiamns;aut
1559 342 1580 368 si
1596 341 1728 376 peccando
1742 344 1817 371 cadi-

1033 384 1102 407 mus,
1128 376 1283 410 paenitendo
1296 377 1348 403 cito
1365 384 1472 410 surgere
1496 376 1648 403 Studeamus
1667 386 1673 404 :
1690 382 1717 405 ut
1731 379 1817 406 securi

1033 416 1217 445 eXspeelemns
1226 411 1367 447 adventum
1375 411 1472 447 Christi
1481 411 1636 442 scentulum,
1647 412 1686 439 his
1695 414 1739 447 qui
1749 413 1817 441 bona

1032 447 1225 482 egerunt,7plus
1236 454 1313 481 quam
1329 446 1355 472 in
1370 453 1415 473 cor
1429 446 1543 482 hominis
1558 447 1640 480 possit
1661 449 1816 482 asreudere,

1032 481 1252 513 desiderabilem;
1268 482 1317 507 illis
1332 489 1394 507 vero
1415 481 1459 515 qui
1473 481 1541 508 mala
1554 486 1675 516 egerunt,
1691 481 1814 511 formida;

1031 515 1111 543 bilem
1122 516 1201 543 nimis
1213 520 1291 551 atque
1305 515 1459 543 terribilem.

1278 571 1392 599 smne
1410 571 1509 599 ccxu
1533 572 1582 607 (a).

1297 620 1331 641 Dc
1341 616 1459 648 Symbolo,
1470 624 1485 642 v
1497 616 1542 648 (ὑ).

1067 660 1092 685 1.
1108 658 1256 691 Symbolum
1272 658 1330 691 ﬁdei
1347 663 1382 684 est
1404 657 1600 691 comprehensio.
1622 657 1705 688 Quare
1722 659 1758 685 sic
1777 659 1815 686 di-

1031 699 1107 720 ctum.
1124 692 1235 729 Quidjra;
1249 692 1293 729 illo
1307 693 1435 729 apostolus
1449 693 1555 729 quisque
1568 693 1713 729 composuit.
1736 694 1815 729 Sym-

1032 728 1118 756 bolum
1133 728 1202 760 quod
1217 728 1290 754 vobis
1305 727 1422 753 tradituri
1436 735 1537 757 sumus,
1549 728 1642 754 fratres
1656 727 1814 760 charissimi,

1032 737 1118 756 "Illum
1153 737 1202 755 1100
1217 737 1290 754 ιὀυις
1305 737 1422 753 ιΓιιιιιιιιΓι
1436 737 1537 757 sumus,
1550 737 1642 754 Il'ﬂll'CS
1656 737 1814 760 cnartsstmt,

1031 737 1235 797 ςιιιιιμτθΊιριιδίο
1254 767 1294 789 est
1311 762 1368 789 lidei
1384 768 1480 788 nostrtn
1495 768 1573 795 atque
1587 762 1714 796 perfectio
1726 783 1733 794 ,
1749 764 1814 790 situ—

1032 796 1102 832 plex,
1116 798 1207 830 breve,
1226 797 1330 832 plenttm
1342 805 1348 827 ;
1364 802 1392 824 ut
1406 796 1558 830 simplicitas
1570 797 1691 823 consulat
1704 798 1815 826 audicu-

1032 831 1095 859 tium
1110 832 1260 863 rusticitati,
1277 832 1393 859 brevitas
1407 832 1549 862 memoriae,
1568 831 1703 864 plenitudo
1716 833 1815 860 doctri-

1032 875 1082 893 nae.
1097 867 1172 900 Quod
1188 867 1257 894 enim
1272 868 1357 900 g‘rteee
1369 866 1523 901 Symbolum
1539 866 1644 897 dicitur,
1661 866 1740 894 latine
1753 868 1814 894 Col-

1032 902 1095 928 latio
1111 903 1270 929 nominatttr.
1286 901 1399 928 Collatio
1413 901 1488 932 ideo,
1503 901 1563 934 quia
1577 901 1670 927 collata
1686 902 1711 928 in
1733 910 1812 929 nttnm

1032 937 1170 964 catholica:
1184 937 1247 971 legis
1264 936 1329 963 lidcs
1341 935 1457 971 Symboli
1471 935 1602 969 colligitur
1616 935 1753 967 brevitate,
1770 945 1815 963 cu-

1030 970 1073 1005 jns
1095 976 1194 999 textum
1213 970 1288 997 vobis
1311 970 1407 1002 modo,
1433 970 1487 1005 Deo
1512 975 1663 1002 annuente,
1686 971 1813 998 dicemus.

1032 1004 1125 1033 Petrus
1139 1007 1218 1038 dixit,
1233 1005 1319 1033 Credo
1338 1006 1363 1032 in
1382 1005 1463 1032 Deum
1478 1004 1581 1031 Patrem
1596 1006 1813 1038 omnipotentem.

1031 1041 1146 1068 Joannes
1157 1041 1231 1074 dixit,
1242 1041 1394 1067 Creatorem
1406 1040 1466 1066 cadi
1478 1044 1504 1066 et
1518 1043 1605 1066 terrai.
1614 1039 1727 1067 Jacobus
1738 1041 1813 1074 dixit,

1032 1075 1119 1103 Credo
1131 1081 1158 1103 et
1171 1076 1196 1103 in
1212 1075 1301 1103 .lesuni
1317 1074 1449 1101 Christum
1464 1074 1557 1101 Filium
1571 1074 1628 1108 ejus
1644 1075 1748 1102 unicum
1761 1076 1814 1103 Do-

1033 1111 1131 1137 minum
1145 1115 1275 1138 nostrum.
1290 1110 1408 1136 Andreas
1421 1109 1495 1139 dixit.
1511 1109 1560 1143 Qui
1573 1114 1716 1142 conceptus
1729 1115 1770 1137 est
1781 1111 1815 1138 de

1033 1145 1132 1179 Spiritu
1147 1151 1249 1176 sancto,
1264 1150 1341 1171 natus
1353 1152 1384 1170 ex
1399 1143 1478 1170 Maria
1495 1145 1605 1178 virgine.
1619 1144 1753 1179 Philippus
1766 1146 1813 1177 ait,

1033 1180 1129 1207 Passus
1142 1181 1191 1207 sub
1207 1180 1299 1207 Pontio
1311 1180 1409 1211 Pilato,
1425 1179 1564 1205 crncilixns
1576 1199 1583 1208 .
1601 1183 1719 1205 mortuus
1732 1184 1759 1206 et
1771 1188 1814 1207 se-

1034 1216 1130 1249 pnlttts.
1147 1216 1263 1242 Thomas
1281 1215 1327 1243 ait,
1344 1214 1484 1249 Descendit
1498 1213 1530 1240 ad
1545 1213 1646 1240 inferna
1657 1234 1664 1246 ,
1681 1215 1757 1241 tertia
1771 1215 1814 1242 die

1033 1248 1203 1278 resurrexita
1224 1250 1345 1277 mortuis.
1365 1248 1571 1275 Bartholotnarus
1584 1249 1668 1280 dixit,
1689 1250 1814 1277 Ascendit

1033 1285 1064 1310 ad
1080 1285 1161 1312 (delos
1173 1306 1181 1317 .
1195 1285 1269 1312 sedet
1282 1284 1314 1311 ad
1330 1284 1463 1311 dexteram
1484 1284 1528 1310 Dei
1545 1283 1629 1311 Patris
1649 1285 1814 1317 omnipoten-

1034 1320 1076 1346 tis.
1091 1320 1229 1347 Matthmns
1243 1319 1325 1350 dixit,
1348 1319 1410 1346 Inde
1424 1323 1549 1345 venturus
1566 1318 1686 1352 judicare
1699 1320 1771 1346 vivos
1788 1325 1815 1347 ct

1034 1359 1161 1381 mortuos.
1173 1355 1286 1382 Jacobus
1302 1354 1413 1388 Alphtei,
1430 1353 1516 1380 Credo
1530 1358 1556 1380 et
1570 1354 1595 1379 in
1610 1353 1735 1388 Spiritum
1752 1362 1814 1381 san-

1032 1393 1114 1421 ctum,
1130 1395 1246 1416 sanetam
1262 1389 1407 1416 Ecclesium
1421 1388 1587 1415 catholicam.
1597 1388 1688 1415 Simon
1697 1389 1812 1423 Zelotcs,

1033 1425 1189 1451 Sanctorum
1206 1425 1428 1455 communionem,
1442 1423 1623 1450 remissionem
1635 1429 1813 1458 peccatorum.

1032 1458 1114 1485 Judas
1128 1459 1218 1486 Jacobi
1231 1480 1238 1492 ,
1252 1459 1345 1485 Carnis
1360 1458 1590 1485 resurrectionem.
1606 1458 1727 1486 Matthias
1741 1467 1814 1487 com-

1033 1494 1122 1528 plevit,
1139 1493 1224 1521 Vitam
1237 1499 1373 1520 :rtcrnam.
1388 1495 1482 1519 Amen.

1067 1528 1094 1554 2.
1115 1527 1194 1555 Verba
1209 1528 1337 1563 Symbolt’,
1352 1528 1458 1554 cmlcslia
1469 1533 1525 1554 sunt
1540 1527 1641 1555 Domini
1659 1534 1815 1556 sacramenta

1032 1570 1088 1599 qua’
1094 1565 1200 1599 gratiam
1211 1564 1236 1589 in
1248 1563 1318 1599 nobis
1331 1568 1429 1599 servant
1442 1563 1621 1599 incorruptum.
1632 1564 1726 1591 Audite
1740 1571 1813 1599 ergo,

1033 1597 1128 1624 fratres
1138 1598 1296 1630 charissimi,
1308 1597 1493 1633 Redemptoris
1505 1597 1587 1633 nostri
1597 1605 1686 1624 vocem
1698 1606 1744 1632 per
1755 1597 1816 1633 pro.

1053 1632 1139 1659 betam
1155 1633 1284 1659 dicentem
1300 1641 1306 1658 :
1328 1632 1422 1664 Venite,
1439 1632 1505 1666 ﬁlii,
1525 1632 1610 1658 audite
1626 1641 1681 1665 me;
1701 1632 1814 1660 timorem

1059 1667 1137 1694 omini
1155 1667 1247 1694 docebo
1261 1675 1303 1694 vos
1323 1666 1407 1702 (Psal.
1427 1674 1509 1694 xxxut
1521 1686 1529 1699 ,
1554 1667 1608 1702 ig).
1623 1666 1703 1694 Filios
1718 1673 1814 1701 vocat,

1032 1710 1099 1737 quos
1120 1702 1146 1729 in
1167 1702 1268 1736 gremio
1288 1701 1413 1728 Ecclesia:
1428 1701 1547 1728 collocat.
1569 1701 1623 1729 Nec
1641 1703 1711 1729 enim
1727 1709 1816 1737 potest

1033 1736 1118 1764 mater
1130 1737 1217 1764 vocari
1230 1757 1237 1768 ,
1255 1737 1303 1763 nisi
1320 1736 1387 1763 lilios
1402 1737 1588 1770 procreaverit.
1605 1737 1675 1771 Ergo
1687 1757 1693 1768 ,
1714 1736 1815 1765 charis-

1033 1772 1110 1803 simi,
1124 1773 1157 1799 ad
1179 1779 1294 1806 perenne
1307 1772 1444 1807 praemium
1459 1778 1513 1807 vos?
1521 1771 1625 1799 invitari
1643 1774 1794 1807 cognoscite
1804 1794 1813 1807 ,

1033 1807 1076 1841 qui
1091 1807 1204 1834 ﬁdeliter
1217 1815 1276 1834 eum
1292 1807 1339 1833 Dei
1360 1806 1492 1840 adjutorio
1508 1806 1640 1834 lavacrum
1661 1806 1736 1841 aqua:
1750 1808 1816 1835 vita~

1033 1841 1065 1876 lis
1084 1842 1237 1876 accepistis;
1261 1842 1301 1870 vel
1320 1842 1364 1875 qui
1384 1841 1509 1876 expetitis
1528 1847 1556 1868 ut
1576 1849 1635 1868 cum
1658 1842 1689 1869 ad
1710 1850 1815 1870 saerunt

1034 1875 1132 1903 fontem
1148 1875 1186 1904 vel
1201 1885 1289 1904 Veram
1305 1875 1483 1911 paenitentiam
1497 1877 1679 1912 pet-veneritis,
1695 1885 1743 1912 per
1754 1878 1816 1912 Spi-

1033 1912 1113 1947 ritum
1128 1917 1249 1939 sanctum
1262 1912 1385 1939 salutaris
1399 1916 1426 1939 et
1437 1911 1553 1947 etelestis
1568 1919 1613 1939 vos
1627 1912 1694 1939 unda
1710 1911 1814 1947 perfun-

1033 1946 1087 1974 dal.
1098 1947 1169 1980 Ideo,
1178 1947 1336 1979 charissitni,
1347 1946 1424 1981 hujus
1436 1946 1552 1982 mysterii
1564 1946 1756 1974 sacramentum
1765 1949 1814 1978 sic.

1034 1987 1062 2008 ut
1083 1982 1134 2009 lidc
1161 1983 1350 2016 concepimus,
1369 1987 1396 2008 ct
1419 1982 1498 2008 corde
1521 1982 1653 2008 credimus
1666 2001 1673 2014 ,
1696 1982 1819 2016 perfectis

1034 2016 1142 2043 vocibus
1156 2015 1331 2044 declaramus.
1352 2015 1438 2043 Credo
1459 2016 1483 2042 in
1504 2016 1586 2042 Deum
1609 2015 1712 2043 Patrem
1732 2018 1816 2044 omni-

1071 2056 1180 2082 tentem,
1197 2057 1223 2078 ct
1237 2052 1336 2085 reliqua
1351 2050 1418 2077 sicut
1432 2058 1520 2084 supra.
1538 2051 1616 2084 Ergo,
1633 2050 1794 2078 dilectissimi
1811 2071 1818 2082 .

1053 2093 1091 2113 inc
1104 2086 1182 2112 verba
1196 2095 1247 2112 non
1262 2086 1385 2118 humana,
1399 2085 1445 2112 sed
1459 2085 1561 2111 Domini
1572 2089 1634 2112 sunt
1645 2086 1762 2113 C(elestin
1775 2094 1818 2113 sa-

1034 2125 1181 2153 cramenta,
1192 2129 1251 2155 qua:
1265 2121 1290 2147 in
1303 2121 1398 2147 vestris
1409 2120 1533 2147 cordibus
1544 2119 1625 2155 ipsius
1637 2121 1815 2148 misericordia

1035 2162 1080 2189 pra
1090 2159 1178 2183 stante
1193 2154 1344 2186 residcant,
1358 2159 1386 2181 ut
1397 2155 1507 2189 gratiam
1522 2154 1623 2181 Domini
1638 2155 1816 2189 incorruptam

1034 2196 1060 2217 et
1081 2191 1273 2217 imntaculatam
1289 2197 1372 2224 usque
1386 2190 1418 2216 ad
1433 2191 1510 2216 linem
1525 2190 1685 2224 percipiatis.
1709 2190 1816 2225 Repeti-

1035 2232 1094 2251 mllS
1108 2225 1206 2262 adhuc1
1216 2224 1374 2262 charissimi,
1390 2224 1562 2261 Symbolum;
1578 2230 1606 2252 ut
1618 2233 1677 2253 cutn
1691 2226 1818 2262 mysterio

1035 2261 1174 2287 conveniat
1187 2260 1330 2286 Trinitatis.

1070 2295 1104 2332 5._
1115 2295 1286 2332 Personarum
1301 2295 1418 2332 distincta
1433 2295 1580 2332 proprietas
1590 2317 1599 2328 ,
1619 2304 1670 2322 una
1689 2296 1817 2332 majestas.

1037 2329 1128 2365 Maria:
1139 2330 1305 2365 virginitatem
1319 2330 1380 2365 ﬁdes
1393 2329 1501 2365 attingit,
1517 2338 1567 2357 non
1581 2338 1671 2357 sermo.
1692 2329 1779 2358 Credo
1791 2332 1816 2358 itt

1036 2364 1129 2391 Deum.
1149 2364 1315 2391 Credendum
1330 2364 1405 2391 nobis
1420 2364 1479 2397 est,
1495 2364 1590 2392 fratres
1603 2365 1750 2393 charissimi
1763 2387 1770 2399 ,
1793 2366 1818 2393 itt

1037 2400 1119 2435 Deum
1133 2399 1249 2435 Patrem,
1262 2400 1297 2425 ita
1308 2404 1334 2426 et
1349 2400 1373 2426 in
1388 2399 1477 2426 Jesum
1490 2399 1624 2427 Christum
1641 2401 1735 2428 Filium
1751 2402 1819 2435 eius.

1035 2434 1114 2461 Pater
1126 2434 1265 2462 sineFilio
1278 2434 1350 2461 credi
1363 2442 1414 2460 non
1430 2440 1516 2468 potest
1530 2444 1536 2460 :
1550 2436 1610 2470 quia
1622 2436 1682 2463 licet
1695 2434 1818 2463 distincta

1036 2469 1070 2495 sit
1085 2469 1110 2496 in
1128 2470 1167 2496 eis
1183 2476 1354 2503 personarum
1368 2470 1514 2503 proprietas
1526 2489 1534 2502 ,
1557 2469 1644 2498 tamen
1667 2479 1716 2497 una
1732 2476 1773 2498 est
1793 2476 1821 2498 ct

1038 2503 1181 2540 indiscreta
1195 2504 1327 2538 maiestas.
1351 2504 1424 2531 Sicut
1439 2509 1522 2531 totum
1537 2512 1601 2539 ergo
1619 2506 1701 2539 potuit
1714 2513 1820 2540 semper

1037 2538 1126 2571 Pater,
1141 2539 1176 2565 ita
1191 2544 1273 2565 totum
1287 2543 1371 2573 potest
1393 2546 1498 2574 semper
1510 2538 1600 2567 Filius.
1614 2538 1822 2575 Quiconcepttts

1068 2594 1104 2656 pi)
1115 2594 1183 2623 olim,
1195 2595 1226 2631 de
1238 2599 1356 2631 Tempore
1374 2596 1429 2632 llb‘;
1443 2600 1469 2621 et
1479 2601 1542 2627 post,
1555 2597 1577 2632 ιιι
1590 2597 1725 2627 Appendice
1736 2596 1776 2622 ιε.

1078 2625 1104 2660 l1)
1118 2629 1202 2660 incerti
1214 2630 1331 2660 auctoris,
1342 2633 1383 2657 qui
1394 2628 1528 2660 symbolum
1544 2627 1591 2660 tne,
1607 2636 1618 2650 ι
1629 2631 1656 2652 ιιι
1666 2634 1721 2652 cum
1732 2632 1822 2659 myste-

1041 2657 1113 2692 frio,
1126 2664 1137 2678 ›
1152 2657 1193 2685 ait,
1209 2665 1221 2679 ι
1230 2658 1358 2692 conveniat
1367 2657 1495 2692 utilitatis,
1504 2665 1515 2679 ι
1528 2658 1626 2692 tertium
1635 2664 1713 2689 usque
1724 2657 1822 2692 repetit.

1037 2690 1086 2715 Qua
1098 2688 1121 2710 in
1133 2693 1161 2711 re
1172 2688 1364 2719 consentientem
1375 2688 1448 2712 habet
1458 2688 1630 2719 subsequentis
1640 2688 1759 2713 sermonis
1767 2690 1825 2713 scri-

1039 2721 1145 2749 ptorem;
1156 2717 1202 2749 sed
1213 2724 1365 2749 nequaquam
1375 2717 1547 2749 Augustinum
1562 2719 1603 2749 qui
1619 2726 1663 2743 suo
1673 2720 1762 2749 scripto
1773 2726 1826 2743 ser-

1039 2747 1112 2772 mone
1123 2747 1176 2776 2H,
1188 2747 1221 2772 de
1232 2747 1349 2780 symbolo,
1368 2747 1423 2772 reli'
1431 2749 1485 2773 ione
1498 2747 1682 2779 impediebatur.
1699 2758 1707 2774 ι
1716 2747 1827 2775 dominus

1039 2778 1174 2803 svmholum
1185 2779 1262 2803 insutu
1274 2778 1313 2803 vel
1325 2779 1402 2803 semel
1415 2756 1501 2803 litteris
1516 2780 1647 2803 mandaret.
1659 2757 1760 2803 svmimli
1772 2786 1827 2803 sen-

1039 2778 1174 2812 Symholum
1185 2778 1262 2812 ipsum
1274 2778 1313 2812 vel
1320 2779 1402 2812 semel
1415 2778 1501 2804 litteris
1516 2778 1760 2812 niamhretasymholi
1772 2786 1827 2812 sep-

1041 2810 1124 2846 tenum
1140 2816 1187 2846 non
1197 2810 1290 2846 eadem
1299 2810 1341 2845 hic
1350 2816 1458 2846 semper,
1468 2811 1514 2834 imo
1522 2816 1604 2841 pauca:
1616 2810 1701 2836 iisdem
1713 2810 1827 2843 Apostolis

1042 2841 1192 2871 tribuuntur,
1201 2841 1287 2872 quibus
1299 2842 1321 2865 iu
1333 2841 1459 2873 superiore
1468 2847 1588 2867 sermone.
1729 2841 1737 2843 “
1760 2860 1766 2865 .
