4054 6190
460 335 520 390 2i
533 336 600 392 99

471 465 573 518 que
601 465 824 519 operum
845 449 959 520 ejus
988 465 1086 521 per
1107 449 1444 521 Evangelium
1467 446 1884 501 demonstrarent
1896 459 1918 521 _;
1946 443 2040 498 sed

463 515 581 572 ante
604 515 924 583 circulude
951 515 1033 574 est
1051 564 1063 582 ,
1087 531 1210 573 ante
1243 515 1442 573 initium
1464 558 1479 581 ,
1511 525 1790 584 antequam
1811 515 2002 569 malum
2021 556 2036 580 ,

471 589 544 641 vel
577 599 735 651 terra,
768 591 848 644 vel
873 600 1105 658 tempora
1139 592 1343 654 tierent,
1367 588 1535 658 genuit
1564 603 1642 639 me
1667 602 1685 639 :
1710 588 1808 658 hoc
1834 596 1915 638 est
1937 594 2040 658 ,_ut

465 659 579 713 sine
608 669 844 726 tempore
867 700 880 719 ,
913 653 1118 714 et'sine
1159 660 1304 712 initio
1333 653 1402 711 's'e
1428 673 1457 710 a
1488 658 1639 710 Patre
1679 657 1910 726 genitum
1947 653 2040 709 de.-

464 724 801 782 tnonstrarct.
842 728 968 782 Nam
994 739 1052 783 ut
1082 737 1247 782 totum
1290 729 1520 781 breviter
1556 724 2032 793 comprehendam,

464 796 706 852 Christus
735 798 895 851 Filius
927 799 1040 864 Dei,
1072 799 1211 854 Deus
1241 806 1296 852 et
1323 797 1499 858 homo,
1531 794 1822 849 secundum
1849 794 2041 847 divini-

468 877 626 919 tatem
670 877 792 922 ante
839 877 1114 936 tempora,
1164 871 1281 922 sine
1325 868 1476 921 initio
1499 907 1513 929 ,
1541 865 1981 936 inenarrabiliter
2006 879 2034 917 a

465 937 619 990 Patro
639 939 844 1006 genitus
868 933 969 1003 est,
999 938 1136 992 sicut
1165 938 1324 990 Isaias
1343 938 1468 992 dicit
1487 979 1499 996 ,
1525 933 1906 989 Generationem
1928 935 2037 1003 ejus

462 1007 571 1075 quis
591 1011 839 1079 enarrabit
865 1006 1025 1079 (lsai.
1040 1025 1150 1075 LIII,
1170 1007 1259 1078 8)?
1282 1008 1578 1079 Novissimn
1597 1015 1770 1079 autem
1796 1013 2034 1079 tempore

462 1074 749 1130 Secundum
780 1074 1160 1132 humanitatem
1187 1074 1396 1131 creatus
1425 1085 1524 1130 est.
1554 1075 1856 1140 Adveniens
1890 1074 2035 1128 enim

463 1145 708 1217 divinitas
754 1148 804 1200 in
858 1158 1064 1202 uterum
1105 1147 1323 1217 virginis
1358 1145 1916 1217 Marim,_auctoritate
1947 1144 2034 1217 iila

463 1231 561 1282 qua
593 1216 643 1269 in
672 1217 914 1285 paradiso
940 1218 1106 1272 Adam
1138 1213 1212 1273 de
1230 1218 1356 1270 limo
1377 1214 1619 1269 formavit
1641 1255 1654 1278 ,
1691 1229 1904 1267 carnem
1934 1213 2033 1266 sibi

461 1302 522 1356 ex
555 1287 844 1341 subsnmtia
871 1288 1034 1356 ipsius
1064 1288 1239 1341 Maria:
1268 1287 1549 1356 fabricavit
1578 1303 1590 1335 :
1630 1299 1786 1353 quam
1830 1298 1924 1351 pro
1949 1299 2033 1337 sa-

462 1354 570 1426 lute
609 1366 787 1410 nostra
833 1354 1158 1426 suscipiens,
1189 1365 1244 1412 et
1286 1356 1382 1410 sibi
1424 1355 1727 1426 coadunans
1769 1364 1922 1406 natus
1951 1363 2034 1406 est

467 1424 602 1496 Deus
625 1436 678 1479 et
703 1427 879 1480 homo.
910 1423 1074 1495 Quam
1103 1427 1498 1496 generationem
1526 1423 1798 1496 Manlia-us
1816 1432 2034 1496 enarrat

462 1493 663 1568 digitus:
682 1497 866 1549 Christi
881 1493 1044 1568 nutent
1060 1493 1314 1568 generatio
1326 1496 1395 1548 sic
1407 1507 1510 1547 erat
1525 1493 1734 1568 (Matth.
1754 1509 1790 1558 ι,
1810 1494 2027 1568 18),ειο.

533 1565 585 1636 5.
620 1564 838 1636 Rogant,
870 1563 1078 1620 Genitus
1101 1576 1171 1620 est
1197 1567 1318 1636 dum
1341 1575 1466 1630 erat,
1487 1575 1586 1636 aut
1612 1564 1729 1615 dum
1757 1578 1855 1615 non
1886 1563 2032 1615 erat?

465 1633 760 1704 Declaratur
792 1637 926 1703 quod
954 1652 1146 1704 semper
1183 1635 1322 1689 Patri
1355 1635 1578 1688 coexistit
1599 1675 1613 1697 ,
1646 1643 1692 1685 et
1733 1642 1974 1704 quatenus
2000 1648 2031 1684 α

469 1703 619 1775 Patre
643 1702 1000 1775 distinguatur.
1042 1702 1166 1760 Item
1199 1707 1388 1775 solent
1407 1704 1687 1775 adversum
1719 1717 1814 1775 nos
1846 1702 2028 1769 hujus-

464 1774 601 1826 modi
631 1771 944 1829 venenatum
971 1791 1287 1844 componere
1315 1773 1716 1844 syllogismum,
1743 1771 1978 1825 dicentes
2011 1788 2025 1826 :

461 1843 513 1897 Si
542 1855 862 1922 coreiernum
896 1845 1034 1899 Patri
1075 1835 1289 1922 c'reditis
1329 1835 1550 1922 Filium,
1595 1842 1781 1906 dicite,
1821 1856 2030 1922 quiesn:

463 1928 607 1984 mus,
645 1913 769 1967 dum
799 1925 941 1968 esset
969 1915 1175 1984 genitus
1221 1924 1332 1979 est,
1374 1929 1440 1967 an
1469 1913 1595 1984 dum
1632 1926 1734 1965 non
1766 1912 1944 1964 esset?
1972 1911 2026 1966 Si

460 1982 584 2060 dum
607 1994 765 2048 esset,
800 1985 906 2060 duo
926 1982 1054 2054 ergo
1081 1985 1301 2060 ingeniti
1319 1993 1440 2037 ante
1460 1982 1689 2060 fuerunt,
1715 1989 1769 2034 et
1786 1989 2026 2060 postmo-

459 2051 583 2105 dum
626 2068 759 2108 unus
796 2051 1020 2109 alterum
1060 2051 1329 2123 generavit
1358 2072 1370 2106 :
1399 2063 1491 2105 aut
1518 2053 1593 2114 si,
1631 2061 1687 2105 ut
1719 2051 1855 2123 ratio
1902 2066 2026 2123 vera

462 2123 732 2193 permittit,
782 2123 906 2178 dum
952 2121 1244 2178 non-esset
1290 2123 1502 2193 genitus
1542 2128 1655 2186 est;
1704 2121 2028 2193 e_rit_utique

461 2191 614 2263 Patre
644 2196 921 2260 posterior.
956 2195 1033 2248 Ad
1060 2209 1214 2263 quam
1243 2189 1352 2251 rem
1387 2192 1538 2263 nobis
1568 2206 1673 2244 non
1700 2189 1838 2244 aliud
1867 2205 2028 2263 agen-

459 2261 582 2322 dum
622 2271 736 2327 est,
785 2265 882 2318 nisi
933 2272 988 2317 ut
1031 2260 1134 2318 tam
1175 2263 1358 2333 grandi
1405 2262 1772 2333 lizereticorum
1813 2260 2025 2333 malitiae

458 2332 714 2399 exemplis
739 2333 1042 2401 apostolicis
1066 2330 1392 2393 resistamus,
1420 2331 1612 2400 quibus
1638 2331 1789 2401 facile
1813 2330 2023 2398 sapien-

460 2401 527 2452 tia
571 2400 840 2457 sa-cularis
899 2404 1130 2458 eliditur.
1187 2404 1315 2456 Dum
1362 2416 1489 2471 ergo
1537 2400 1692 2471 nobis
1731 2407 2022 2471 memorata

458 2472 699 2546 superius
719 2473 1037 2546 objecerint,
1052 2474 1278 2546 dicimus
1301 2491 1313 2525 :
1337 2469 1444 2526 Nos
1462 2471 1597 2546 sicut
1619 2470 1788 2546 solnm
1814 2469 2022 2546 Patrem

459 2538 693 2609 semper,
716 2551 768 2596 et
784 2538 907 2598 sine
929 2543 1077 2598 initio
1108 2543 1394 2612 ingenitum
1424 2542 1694 2603 novimus;
1728 2538 2020 2612 ita_Filium

457 2608 670 2680 semper
705 2621 756 2666 et
795 2613 910 2668 sine
953 2614 1100 2667 initio
1141 2608 1206 2668 εἰ
1251 2613 1403 2666 Patre
1428 2611 1658 2680 genitum
1688 2608 2018 2680 confitemur.

459 2679 564 2734 Nec
591 2681 690 2734 alia
721 2683 894 2755 aliqua
929 2691 1193 2755 causaest
1227 2698 1343 2755 qua:
1371 2679 2024 2755 divisionem__l'aci:it_per-

456 2765 726 2823 senarium,
759 2749 858 2806 nisi
887 2753 1022 2823 quod
1051 2754 1134 2806 hic
1162 2749 1422 2823 ingenitus
1447 2759 1527 2804 est
1546 2791 1569 2823 ,_
1589 2749 1758 2823 et_ille'
1778 2749 1985 2818 genitus
2004 2789 2018 2812 ,

459 2819 510 2873 id
536 2830 637 2886 est,
665 2821 750 2876 hic
779 2819 934 2876 Pater
961 2831 1042 2876 est
1069 2831 1121 2875 et
1144 2819 1238 2876 ille
1261 2821 1425 2875 Filius
1449 2837 1461 2872 :
1485 2821 1604 2889 quia
1637 2819 1792 2872 Pater
1811 2832 2022 2885 semper

458 2898 607 2957 pater
628 2900 729 2956 est,
758 2907 1025 2960 nunquam
1055 2892 1228 2955 ﬁlius;
1258 2892 1399 2958 quia,
1429 2899 1484 2943 ut
1509 2889 1912 2960 diximuslunon
1941 2896 2022 2941 est

457 2960 684 3026 genitus,
717 2961 808 3014 sed
838 2957 950 3031 ipse
973 2962 1155 3030 genuit
1183 2978 1195 3012 :
1223 2957 1287 3014 et
1305 2960 1466 3014 Filius
1490 2972 1700 3031 semper
1727 2957 1865 3010 ﬁlius
1907 2965 2017 3022 est,

459 3043 725 3099 nunquam
758 3027 904 3098 pater
922 3027 1086 3099 ;'quia
1116 3046 1218 3083 non
1240 3031 1437 3099 genuit,
1466 3027 1559 3082 sed
1585 3027 1792 3099 genitus
1810 3033 1911 3099 est.

528 3100 581 3152 ι.
612 3098 680 3151 Id
705 3095 793 3168 per
814 3095 1095 3170 splendoris
1113 3095 1395 3167 exemplum
1413 3095 1707 3170 illustrdtur.
1737 3095 1848 3163 Qua
1871 3096 2019 3170 dero

459 3184 565 3222 non
592 3166 728 3223 alius
753 3166 909 3240 quam
937 3171 1222 3239 Apostolus
1242 3166 1354 3240 ipse
1381 3170 1431 3222 iu
1461 3166 2017 3240 medioprovoeandus

457 3248 558 3310 est,
591 3240 679 3310 qui
705 3237 1000 3309 praevidens
1038 3237 1276 3294 Eunomii
1308 3247 1361 3310 et
1389 3238 1499 3292 Arii
1528 3237 1776 3310 malitiam
1798 3278 1811 3299 ,
1839 3251 2018 3310 erem—

459 3309 558 3377 plis
585 3307 759 3365 rerum
789 3310 1093 3372 visibilium,
1123 3309 1437 3364 invisibilem
1460 3348 1475 3373 ,
1508 3315 1562 3361 et
1590 3307 2016 3377 inenarrabilem,

459 3376 512 3433 et
550 3380 1136 3449 incomprehensibilem
1169 3395 1314 3447 rem,
1354 3379 1405 3432 in
1447 3386 1698 3447 quantum
1740 3377 1908 3449 potuit
1936 3376 2018 3449 vel

458 3465 544 3502 res
568 3449 682 3520 ipsa
711 3446 986 3520 permisit,
1024 3450 1308 3520 explanare
1342 3446 1689 3520 conalushest.
1717 3446 1850 3520 Quid
1879 3447 2018 3500 enim

456 3517 800 3575 scribens'ad
832 3521 1080 3574 llebrmos
1097 3517 1174 3573 de
1203 3519 1336 3573 Filio
1367 3518 1525 3572 dicit?
1552 3517 1649 3582 Qui
1683 3525 1786 3580 est,
1817 3518 2017 3584 inquit,

455 3588 694 3670 splendor
720 3590 914 3660 gloriaz,
941 3590 1187 3711 et'fgura
1213 3589 1505 3642 substantia:
1529 3585 1841 3668 ejus_(liebr.
1877 3601 1914 3653 t,
1942 3584 2020 3657 5).

461 3657 743 3711 Videamus
763 3674 889 3711 erao
911 3675 997 3711 om
1065 3673 1238 3711 causae
1270 3667 1350 3711 est
1374 3657 1514 3711 quod
1556 3656 1744 3709 Filium
1768 3656 2019 3711 snlendo—

461 3656 743 3711 Videamus
763 3674 889 3728 ergo
911 3656 1238 3728 quidcausm
1270 3667 1350 3712 est
1374 3657 1514 3725 quod
1556 3656 2019 3728 Filiumisplendo—

459 3742 570 3779 rem
613 3725 942 3780 ιιοιιιὶηιιὶήι.⁷
966 3727 1312 3795 Splendorem
1354 3728 1528 3788 enim,
1562 3727 1667 3795 nisi
1700 3725 1873 3795 fallor,
1915 3741 2018 3778 non

457 3795 681 3850 dicimus
710 3796 810 3850 nisi
843 3805 935 3851 aut
967 3794 1127 3861 stilis,
1159 3806 1248 3850 aut
1283 3797 1440 3857 lunae,
1469 3804 1560 3848 aut
1589 3794 1868 3862 cujuslibet
1891 3796 2020 3848 certi

459 3866 689 3920 luminis.
719 3866 854 3934 Quid
883 3882 1012 3935 ergo
1047 3867 1161 3921 est?
1185 3865 1443 3935 Numquid
1473 3874 1577 3918 tam
1611 3864 1778 3935 insani
1807 3877 2018 3935 sumus,

458 3945 513 3988 ut
535 3933 841 4018 Apostoluin
867 3933 1548 4018 putemusinaestimabilem
1571 3933 2022 4018 iilatndiviniiatis

456 4003 686 4076 speciem
734 4007 830 4060 soli
867 4003 969 4062 'aut
1016 4007 1121 4076 igni
1166 4003 1528 4076 assimilasse?
1575 4003 1734 4076 Absit
1770 4020 1782 4056 :
1825 4004 1916 4076 sed
1968 4015 2024 4058 ut

455 4072 701 4146 exemplo
741 4078 828 4132 illo
877 4072 1265 4147 intelligamus,
1316 4076 1452 4147 quiti
1462 4075 1610 4147 sicut
1658 4072 1911 4147 splendor
1956 4090 2020 4147 ex

456 4144 743 4201 substantia
777 4148 907 4203 solis
935 4144 1201 4212 nascitur,
1235 4148 1302 4200 ita
1333 4155 1387 4200 et
1413 4144 1600 4198 Filium
1631 4160 1695 4196 ex
1730 4144 2021 4198 substantia

455 4216 628 4271 Patris
649 4219 906 4287 genitum.
924 4218 1011 4272 Sic
1031 4228 1079 4271 et
1103 4233 1207 4272 non
1233 4225 1312 4271 est
1329 4216 1406 4269 sol
1423 4224 1513 4268 aut
1533 4215 1665 4287 ignis
1683 4213 1824 4282 prior
1841 4215 2021 4287 splen-

455 4287 586 4342 dore
615 4283 747 4351 suo,
781 4287 900 4341 licet
928 4303 990 4340 ex
1032 4287 1121 4340 illo
1148 4294 1426 4350 nascatur;
1459 4285 1551 4339 sed
1590 4300 1653 4339 ex
1691 4298 1795 4352 quo
1823 4283 1902 4337 sol
1935 4294 2025 4338 aut

457 4357 589 4424 ignis
611 4359 885 4426 processit,
908 4358 1061 4410 simul
1079 4365 1132 4410 et
1146 4371 1267 4426 cum
1280 4372 1344 4409 eo
1360 4356 1610 4424 splendor
1624 4354 1738 4423 ejus
1752 4355 2019 4426 apparuit;

459 4441 557 4480 nec
585 4424 687 4479 dici
714 4435 887 4496 potest
914 4426 1165 4495 splendor
1193 4425 1306 4478 sole
1331 4427 1412 4496 vel
1442 4427 1560 4493 igne
1588 4424 1882 4496 posterior;
1903 4440 2022 4478 cum

457 4504 653 4560 tamen,
667 4495 726 4548 ut
740 4496 869 4558 dixi,
887 4511 952 4548 ex
972 4497 1083 4563 ipso
1101 4503 1364 4548 nascatur.
1382 4495 1435 4549 Si
1453 4510 1579 4563 ergo
1596 4496 1646 4546 in
1661 4495 1914 4548 creaturis
1929 4496 2024 4548 ali-

455 4565 580 4634 quid
601 4565 890 4629 invenitur,
911 4563 1047 4634 quod
1070 4574 1411 4634 etnascatur,
1433 4572 1485 4618 et
1503 4563 1764 4632 posterius
1781 4579 1884 4617 non
1907 4565 2022 4619 sita

454 4633 695 4703 genitore
715 4650 841 4700 suo;
863 4650 959 4688 cur
982 4633 1102 4701 hoc,
1125 4633 1391 4697 hatrctice,
1410 4649 1438 4685 a
1454 4635 1707 4688 Creatore
1730 4634 1841 4688 tieri
1866 4649 2023 4702 posse

456 4705 746 4774 desiieres?
774 4704 968 4772 Accipe
1009 4705 1168 4760 etiam
1211 4704 1364 4774 hujus
1406 4704 1481 4758 rei
1527 4704 1684 4756 aliam
1725 4703 2023 4758 similitudi-

455 4773 596 4829 nem.
631 4775 778 4830 Sicut
802 4775 1050 4846 splendor
1075 4773 1284 4846 exrsole
1323 4783 1475 4828 natus
1501 4775 1669 4846 replet
1694 4774 1875 4846 orbem
1912 4784 2018 4846 ter-

455 4861 667 4911 rarum;
707 4855 760 4900 et
791 4843 964 4899 tamen
993 4861 1018 4897 a
1045 4845 1283 4915 genitore
1311 4859 1414 4915 "suo
1440 4859 1542 4898 non
1573 4843 1897 4915 abscinditur
1921 4843 2020 4898 ali-

453 4915 686 4981 quando,
735 4931 833 4969 nec
876 4914 1076 4968 recedit
1118 4933 1130 4967 :
1175 4915 1242 4967 ita
1290 4914 1456 4968 Filius
1497 4929 1562 4968 ex
1614 4914 1768 4967 Patre
1814 4915 2021 4982 genitus

453 4987 647 5056 ubique
672 4985 796 5039 dum
828 4986 928 5050 sit,
968 4986 1018 5038 in
1050 4985 1202 5056 Patre
1228 4999 1438 5056 semper
1475 4993 1765 5054 permanet.
1797 4983 1860 5038 Et
1885 4985 2022 5040 sicut

453 5054 872 5112 sulistantialitter
896 5054 1146 5124 Splendor
1176 5055 1226 5107 in
1255 5055 1366 5109 sole
1390 5064 1502 5119 est,
1537 5064 1589 5108 et
1628 5055 1706 5108 sol
1749 5056 1798 5107 in
1838 5056 2018 5124 splen-

453 5128 616 5191 dore;
662 5127 732 5181 ita
774 5125 1192 5180 substantialiter
1222 5125 1374 5178 Pater
1407 5125 1455 5178 in
1495 5125 1661 5188 Filio,
1694 5136 1747 5178 et
1776 5125 1936 5177 lt‘ilius
1968 5127 2017 5179 in

457 5195 610 5250 Patre
647 5206 748 5251 est.
782 5198 845 5251 Et
874 5197 1010 5250 sicut
1050 5195 1147 5248 soli
1183 5203 1235 5248 et
1273 5195 1541 5264 splendori
1587 5209 1686 5245 una
1729 5195 2018 5248 substantia

449 5266 574 5319 dum
601 5269 688 5330 sit,
721 5283 822 5321 non
854 5276 1027 5321 tamen
1055 5275 1136 5319 est
1163 5281 1265 5320 una
1298 5279 1544 5333 persona;
1577 5264 1694 5333 quia
1726 5278 1823 5317 nec
1851 5265 2016 5318 solem

450 5337 787 5403 splendorem
837 5351 974 5400 esse,
1025 5350 1121 5390 nec
1157 5333 1493 5404 splendorem
1541 5333 1766 5404 dicimus
1812 5334 2014 5401 solem;

452 5407 572 5473 quia
613 5407 811 5461 scimus
847 5407 988 5475 quod
1031 5408 1108 5461 sol
1151 5403 1332 5474 genuit
1374 5403 1739 5474 splendorem,
1769 5405 2019 5472 splendor

453 5491 578 5528 vero
613 5485 768 5530 natus
793 5493 856 5530 ex
885 5477 995 5530 sole
1022 5487 1103 5530 est
1133 5494 1144 5529 :
1177 5477 1243 5528 ita
1285 5485 1340 5529 et
1376 5475 1532 5528 Pater
1572 5484 1625 5528 et
1664 5475 1859 5537 Filius,
1895 5491 2014 5528 cum

450 5543 558 5598 sint
582 5547 738 5600 unius
767 5547 1012 5600 essentiae
1031 5587 1045 5610 ,
1077 5560 1180 5598 non
1212 5555 1385 5600 tamen
1414 5553 1534 5599 sunt
1561 5545 1714 5597 unius
1741 5560 1977 5613 personae
1997 5586 2010 5610 ,

449 5615 586 5685 sicut
608 5616 716 5682 jam
745 5617 986 5685 superius
1010 5616 1074 5668 ad
1103 5615 1310 5683 plenum
1337 5615 1762 5668 memoravimus.
1795 5616 1858 5667 Et
1882 5617 2016 5668 sicut

451 5683 530 5736 sol
553 5699 655 5754 per,
668 5683 1002 5754 splendorem
1025 5694 1077 5738 et
1095 5685 1353 5749 calefacit,
1381 5695 1434 5738 et
1455 5685 1729 5744 illuminat,
1754 5694 1805 5738 et
1829 5685 2010 5751 siccat,

455 5759 507 5804 et
529 5751 710 5818 solvit,
731 5763 784 5808 et
811 5754 1142 5822 excandidat,
1173 5764 1225 5810 et
1253 5756 1509 5826 denigrat,
1537 5765 1588 5811 et
1617 5757 1792 5809 omnia
1821 5773 1936 5826 qua:
1967 5759 2013 5812 ei

1911 329 2274 385 ΑΡΡΕΝΒΙΧ.

3581 342 3724 397 2200

2152 458 2180 496 a
2196 443 2311 527 Deo
2329 443 2557 527 itijiincta
2575 455 2699 503 sunt
2723 457 2973 527 operatur
2990 469 3002 504 :
3022 451 3092 527 iia
3113 460 3166 508 et
3191 452 3400 527 Patrem
3417 468 3513 524 per
3539 459 3720 527 unige-

2157 513 2546 592 nitLum_Filium
2575 532 2726 570 suum
2754 513 2928 573 omnia
2961 521 3181 590 legimus
3208 524 3368 578 fuisse
3393 513 3691 592 operatum.

2217 585 2270 638 5.
2302 585 2569 654 Reponunt
2591 597 2808 663 creatum
2831 607 2952 653 esse,
2986 585 3530 663 nongenitum..Si'ita
3558 609 3713 663 esset,

2144 653 2486 732 [oretﬂseruug
2516 673 2606 732 nec
2631 658 2868 732 colendus
2889 671 3041 732 ess_et_.
3060 653 3243 715 Clu-isti
3268 666 3492 732 corporis
3525 653 3712 719 adora:

2143 725 2231 777 tio.
2263 723 2508 803 Cneatum
2538 726 2778 803 inquiunt
2801 743 2920 784 esse
2950 729 3137 803 Filium
3158 747 3194 803 _a
3224 723 3395 795 Patre,
3428 750 3531 786 non
3561 737 3712 803 geni-

2145 803 2274 846 tum.
2307 795 2384 866 Ad
2414 795 2552 864 quod
2585 796 2814 851 breviter
2840 801 3261 866 respondendum
3293 812 3374 856 est
3397 821 3408 854 :
3432 807 3475 856 si
3504 795 3713 860 crinitus

2141 872 2256 927 εει,
2285 865 2466 934 utique
2488 873 2542 919 et
2569 880 2784 938 servus;
2827 865 2948 936 quia
2982 884 3138 922 onme
3169 871 3308 938 quod
3335 883 3567 926 creatum
3595 885 3710 938 est,

2141 948 2360 988 necesse
2399 944 2481 988 est
2517 945 2574 988 ut
2598 935 3141 994 Creatori’deserviat
3183 935 3198 992 Ξ
3235 950 3290 994 ει
3327 942 3368 994 si
3410 959 3596 997 servus
3630 935 3711 999 est

2141 1002 2332 1070 Filius,
2364 1005 2630 1072 quomodo
2675 1007 2727 1059 in
2773 1007 2938 1062 forma
2987 1009 3077 1062 Dei
3122 1011 3440 1065 constitutus
3484 1011 3706 1068 formam

2139 1074 2277 1126 servi
2303 1075 2508 1148 accepit
2540 1074 2792 1146 (Philipp.
2818 1093 2851 1130 ιι
2878 1120 2892 1142 ,
2925 1080 3015 1148 7)?
3041 1081 3233 1133 Servus
3262 1082 3402 1134 enim
3432 1085 3569 1136 servi
3601 1084 3708 1136 for-

2137 1144 2558 1214 mamiaccipere
2605 1144 2715 1199 non
2744 1144 2969 1214 'potestf
2991 1150 3126 1204 item
3166 1149 3350 1203 dicunt
3385 1167 3488 1205 non
3521 1162 3704 1206 natura

2137 1227 2257 1266 esse
2285 1213 2382 1288 Dei
2410 1213 2600 1288 Filium
2623 1257 2638 1280 ,
2679 1218 2771 1269 sed
2801 1227 3057 1288 creatum.
3098 1219 3363 1274 Adversus
3404 1221 3705 1288 bojusmodi

2177 1283 2458 1338 utestiones
2494 1284 2650 1359 solito
2683 1286 3106 1359 respondendum
3148 1299 3229 1342 est
3258 1309 3268 1341 :
3301 1291 3420 1359 quia
3449 1283 3491 1345 si
3520 1303 3702 1358 natura

2182 1367 2277 1406 eus
2305 1367 2407 1406 non
2433 1364 2512 1408 est
2538 1354 2734 1416 Filius,
2778 1356 2869 1409 sed
2901 1370 3170 1421 creatura;
3216 1354 3595 1415 nec'colendus
3622 1354 3706 1415 est

2136 1423 2353 1499 omnino
2372 1464 2386 1486 ,
2421 1439 2518 1477 nec
2546 1433 2605 1477 ut
2644 1425 2781 1499 Deus
2806 1426 3104 1481 adorandus
3125 1469 3139 1490 ,
3170 1428 3382 1484 dicente
3411 1431 3699 1499 Apostolo,

2136 1491 2202 1544 Et
2219 1493 2568 1568 _colu‘entnt‘et
2603 1496 2872 1568 servierunt
2908 1499 3340 1568 creaturaraipotius
3364 1491 3512 1568 quam
3548 1491 3702 1556 Cred-

2136 1562 2250 1636 t_ori,
2269 1563 2352 1631 qui
2391 1572 2462 1636 est
2497 1564 2782 1636 benedictus
2820 1567 2871 1618 in
2912 1568 3094 1620 sa'cula
3123 1562 3297 1636 (Rom.
3326 1562 3528 1636 1,25);
3561 1582 3614 1624 et
3638 1571 3701 1623 ad

2134 1629 2367 1704 Galatas,
2401 1632 2647 1704 Seditunc
2675 1635 2960 1704 ignorantes
2992 1629 3168 1700 Deum,
3193 1637 3269 1688 Itis
3294 1629 3376 1702 qui
3402 1629 3580 1691 natura
3605 1659 3704 1693 non

2133 1711 2247 1774 sunt
2269 1702 2372 1774 dii,
2395 1703 2678 1774 sentiebatis
2696 1702 2896 1772 (Galat.
2933 1722 3007 1772 tv,
3037 1707 3113 1774 8).
3140 1706 3244 1760 Sed
3277 1707 3349 1760 illi
3376 1707 3438 1760 ad
3472 1709 3585 1762 haec
3614 1727 3702 1763 re-

2134 1771 2403 1838 plicabunt
2427 1782 2480 1824 et
2506 1773 2684 1826 dicent
2715 1791 2727 1825 :
2762 1774 2894 1840 Quid
2917 1817 2930 1836 ,
2959 1771 3097 1848 quod
3111 1791 3337 1848 carnem
3366 1779 3480 1844 ejus
3499 1821 3515 1843 ,
3544 1796 3702 1848 quam

2132 1851 2430 1895 creaturam
2468 1856 2585 1913 esse
2627 1859 2730 1896 non
2759 1859 2940 1913 negas,
2967 1847 3123 1899 simul
3152 1862 3270 1900 cum
3302 1847 3575 1902 divinitate
3602 1850 3701 1902 ad-

2132 1911 2552 1984 gras,_atqne_ei
2593 1927 2697 1966 non
2736 1911 2908 1968 minus
2935 1931 3091 1984 quant
3136 1916 3395 1970 divinitati
3431 1918 3702 1972 deservis?

2133 1977 2244 2053 _Ego
2284 1977 2608 2053 Dominicam
2651 1997 2897 2047 carnem,
2940 1977 3045 2038 imo
3087 1985 3369 2053 perfectam
3408 1987 3458 2039 in
3491 1987 3701 2042 Christo

2132 2047 2535 2116 lnimanitatem,
2565 2061 2840 2124 propterea
2867 2053 3050 2118 adoro,
3069 2047 3211 2124 quod
3242 2071 3268 2106 a
3291 2057 3564 2112 divinitate
3584 2073 3701 2111 sus-

2129 2130 2304 2194 cepta,
2349 2129 2507 2194 atque
2547 2123 2730 2175 deitati
2776 2125 2916 2194 unita
2955 2134 3036 2177 est
3075 2123 3099 2177 τί
3133 2135 3190 2180 ιιι
3216 2141 3318 2178 non
3357 2127 3516 2180 alium
3543 2138 3701 2194 atque

2129 2189 2312 2261 alium,
2341 2189 2433 2244 sed
2464 2207 2624 2261 unum
2653 2193 3003 2261 eumdemque
3031 2195 3192 2248 Deum
3224 2206 3272 2248 et
3303 2197 3568 2249 hominem
3605 2189 3696 2252 Dei

2131 2257 2170 2334 F.
2175 2259 2318 2334 ilium
2350 2275 2468 2334 esse
2496 2260 2770 2334 confitear.
2800 2257 3036 2333 Denique
3062 2265 3103 2316 si
3134 2265 3398 2318 hominem
3422 2282 3701 2334 separave-

2130 2328 2203 2402 ris
2233 2344 2262 2381 a
2287 2331 2396 2382 Deo
2426 2332 2472 2393 ί,
2514 2339 2570 2384 ιιι
2610 2331 2864 2387 Photinus
2887 2375 2902 2398 ,
2944 2328 3025 2386 vel
3062 2334 3254 2388 Paulus
3291 2328 3698 2402 Samosatenus;

2129 2398 2204 2451 illi
2250 2415 2347 2466 ego
2373 2415 2638 2468 nunquam
2681 2402 2877 2468 credo,
2927 2419 3024 2458 nec
3067 2405 3260 2458 servio.
3307 2405 3458 2459 Velut
3499 2407 3542 2459 si
3581 2398 3698 2472 quis

2128 2478 2366 2544 nostrum
2414 2478 2506 2522 aut
2543 2486 2858 2544 purpuram,
2888 2482 2978 2544 aut
3020 2473 3262 2527 diadema
3301 2476 3479 2542 regale
3516 2477 3698 2544 jacens

2129 2537 2393 2609 inveniat,
2421 2537 2675 2609 numquid
2718 2557 2778 2594 ea
2817 2543 3094 2597 conabitur
3131 2537 3388 2598 adorare?
3412 2537 3540 2598 Cum
3573 2562 3698 2600 vero

2125 2622 2186 2661 ea
2216 2625 2308 2680 rex
2339 2608 2494 2680 fuerit
2531 2608 2772 2673 indutus,
2805 2613 3092 2680 perieulum
3128 2615 3312 2667 mortis
3354 2615 3609 2677 incurrit,
3652 2616 3696 2668 si

2124 2693 2194 2753 ea
2225 2678 2379 2753 simul
2423 2693 2553 2753 cum
2584 2696 2708 2753 rege
2750 2678 2867 2753 quis
2907 2683 3129 2737 adorare
3173 2687 3550 2753 contempserit
3581 2703 3592 2736 :
3627 2686 3697 2737 ita

2125 2748 2284 2801 etiam
2337 2749 2387 2800 in
2432 2748 2665 2803 Christo‘
2692 2748 2915 2806 Domino
2954 2753 3330 2806 humanitatem
3379 2748 3482 2807 non
3527 2755 3696 2808 solam

2123 2826 2219 2886 aut
2257 2817 2481 2883 nudam,
2521 2819 2615 2874 sed
2660 2819 2920 2875 divinitati
2962 2837 3073 2876 suae
3117 2824 3344 2886 unitam,
3392 2839 3554 2877 unum
3605 2824 3697 2877 Dei

2123 2884 2353 2960 Filium,
2396 2888 2558 2941 Deum
2603 2904 2824 2957 verum,
2873 2899 2927 2944 et
2973 2891 3237 2946 hominem
3280 2884 3460 2946 verum
3495 2895 3538 2946 si
3577 2895 3697 2960 quis

2123 2955 2349 3011 adorare
2368 2960 2766 3028 contempserit,
2787 2955 2998 3014 arternae
3015 2963 3199 3016 mortis
3216 2978 3425 3031 ptenam
3443 2955 3696 3028 patietur.

2578 3048 2808 3104 SERMO
2843 3050 3112 3105 ccxnvu
3136 3051 3234 3120 (α).

2395 3144 2551 3196 Quare
2573 3146 2716 3189 natus
2733 3146 2786 3188 et
2809 3152 2976 3201 passus
3010 3142 3074 3190 sit
3095 3141 3306 3191 Christus
3329 3140 3418 3203 (ὁ).

2197 3218 2246 3271 1.
2275 3287 2284 3290 _
2315 3216 2593 3290 Sapientia
2637 3221 2797 3290 potuit
2845 3237 2932 3288 per
2982 3225 3253 3290 potentiam
3321 3223 3572 3275 hominem
3629 3225 3698 3277 ad

2122 3287 2452 3359 sereducere.
2483 3287 2668 3342 Maluit
2697 3290 2750 3342 id
2796 3287 3035 3359 νίφεται-ε
3062 3293 3294 3344 suaviter.
3332 3291 3454 3345 Marc
3498 3294 3574 3346 illi
3605 3295 3698 3347 lio-

2124 3357 2273 3410 ntinis
2311 3359 2597 3411 assumendi
2641 3357 2810 3412 causa.
2846 3358 2956 3413 Nec
3001 3371 3164 3414 tamen
3203 3363 3314 3415 ideo
3357 3363 3691 3416 imminuitur.

2123 3426 2438 3496 Corruptum
2468 3428 2698 3495 peccatis
2745 3428 3085 3496 originalibus
3113 3441 3165 3484 et
3205 3431 3496 3485 actualibus
3535 3448 3694 3486 mun-

2123 3495 2249 3549 dum
2277 3497 2738 3570 m_undi_ilonditor
2778 3495 2984 3570 secreto
3009 3508 3063 3554 et
3097 3501 3321 3554 mirabili
3349 3501 3574 3554 consilio
3601 3519 3692 3570 per

2125 3567 2432 3639 mysterium
2462 3567 2620 3622 Verbi
2674 3569 2930 3622 incarnati
2953 3610 2968 3634 ,
2999 3570 3236 3637 ejusdem
3263 3571 3443 3623 mundi
3487 3567 3691 3639 lapsum

2124 3636 2284 3688 voluit
2313 3651 2593 3707 reparare,
2638 3639 2728 3708 qui
2756 3652 2820 3691 eo
2870 3636 3038 3693 verbo
3074 3655 3178 3708 quo
3208 3643 3374 3707 potuit
3415 3641 3482 3693 de
3528 3636 3693 3694 nihilo

2125 3716 2312 3776 cuncta
2344 3721 2559 3770 creare,
2591 3707 2758 3775 potuit
2779 3723 2896 3774 quae
2926 3709 3127 3776 perdita
3150 3711 3352 3762 fuerant
3380 3709 3689 3764 reformare.

2125 3773 2248 3844 Ipse
2272 3791 2509 3846 namque
2524 3773 2682 3838 dixit,
2721 3786 2766 3830 et
2797 3773 2941 3845 facta
2971 3788 3122 3843 sunt;
3164 3779 3273 3845 ipse
3309 3780 3563 3832 mandavit
3586 3822 3601 3844 ,
3647 3790 3695 3833 et

2125 3843 2291 3918 creata
2312 3843 2427 3899 sunt
2449 3843 2615 3918 (Psal.
2652 3843 2828 3913 χχιιι,
2860 3846 2935 3917 9).
2960 3847 3111 3918 llancﬁ
3127 3843 3240 3916 ejus
3260 3849 3547 3918 potentiam
3587 3865 3693 3904 non

2125 3914 2388 3969 credimus
2437 3914 2790 3980 minoratam,
2841 3914 2945 3970 non
2993 3914 3276 3970 credimus
3314 3920 3644 3972 immutatam
3675 3962 3691 3985 ,

2125 3985 2264 4052 apud
2290 4001 2435 4053 quem
2461 4002 2562 4038 non
2582 3995 2651 4038 est
2677 3987 3024 4040 transmutatio
3046 4003 3133 4040 nec
3151 3988 3504 4041 vicissitudinis
3519 3990 3696 4041 obum-

2126 4055 2288 4134 bratio
2314 4053 2515 4135 (Jacobi
2543 4071 2588 4118 ι,
2618 4055 2743 4135 17))
2770 4071 2876 4125 quo
2904 4057 3077 4135 minus
3118 4065 3268 4135 esset
3291 4067 3477 4135 potens
3510 4067 3564 4111 et
3611 4075 3696 4135 sa-

2129 4123 2278 4196 piens
2325 4123 2375 4178 in
2428 4123 2801 4196 reformando,
2840 4141 2998 4194 quam
3035 4126 3209 4180 fuerat
3255 4123 3306 4181 ιιι
3357 4129 3690 4196 plasmando.

2126 4192 2512 4266 Qttmipotentis
2540 4195 2734 4266 quippe
2787 4192 2927 4262 ligiili
2981 4210 3201 4266 manus,
3241 4192 3392 4266 cujus
3431 4199 3694 4252 universa:

2128 4264 2226 4338 via:
2277 4263 2635 4338 misericordia
2662 4273 2717 4317 et
2767 4264 3158 4338 veritas(Psal.
3193 4263 3338 4330 sxw,
3391 4266 3518 4338 10),
3576 4284 3695 4335 qua:

2127 4333 2292 4405 lutum
2334 4333 2400 4386 de
2441 4334 2850 4405 terralevatum
2890 4333 3161 4389 rationalis
3198 4345 3399 4389 natura:
3441 4333 3696 4405 dignitate

2126 4402 2531 4467 sublimaverat,
2563 4403 2640 4457 sic
2666 4405 2829 4456 voluit
2855 4406 3058 4458 ruinam
3105 4406 3243 4459 vasis
3292 4402 3695 4472 fragilis'refor-

2127 4487 2306 4538 mare,
2340 4481 2396 4524 ιιι
2444 4487 2543 4526 nec
2572 4482 2844 4541 peccatum
2877 4474 3106 4528 hominis
3141 4476 3431 4529 dimitteret
3470 4477 3697 4542 impuni-

2129 4551 2238 4596 tum
2259 4584 2273 4604 ,
2297 4543 2416 4613 quia
2441 4542 2612 4613 justus
2639 4552 2751 4607 est;
2777 4559 2873 4596 nec
2897 4544 3186 4599 insanabile
3205 4587 3218 4607 ,
3247 4547 3366 4613 quia
3393 4545 3697 4599 misericors

2126 4621 2224 4684 est.
2261 4611 2316 4664 Si
2349 4621 2552 4684 tantum
2562 4612 2737 4680 justus
2766 4623 2936 4677 esset,
2962 4613 3112 4682 cujus
3137 4611 3390 4683 sapientia
3417 4617 3619 4684 attingit
3667 4635 3699 4666 ιι

2127 4683 2227 4753 ﬁne
2247 4697 2400 4750 usque
2425 4681 2490 4734 ad
2508 4681 2669 4753 finem
2693 4684 2888 4752 fortiter
2911 4726 2925 4751 ,
2959 4692 3004 4753 et
3030 4681 3249 4753 disponit
3279 4685 3449 4737 omnia
3482 4681 3699 4738 suaviter

2128 4752 2280 4833 (.Sap.
2311 4767 2437 4816 vtu,
2471 4752 2524 4822 1)
2550 4769 2564 4818 ;
2595 4751 2768 4833 poiuit
2810 4768 2904 4833 sua
2962 4751 3266 4833 fortitudine
3305 4754 3563 4808 adversus
3613 4771 3698 4808 se-

2125 4821 2398 4892 ductorem
2437 4821 2646 4891 generis
2673 4822 2887 4877 humani
2915 4824 3264 4885 contendere,
3294 4833 3346 4878 et
3386 4839 3539 4877 ovem
3575 4840 3695 4892 per-

2125 4892 2286 4945 ditam
2335 4891 2399 4944 ad
2436 4907 2649 4961 gregem
2677 4892 2948 4948 reductam
2987 4907 3082 4946 suo
3110 4893 3345 4947 dominio
3392 4891 3693 4948 restituere.

2124 4961 2226 5016 Sed
2254 4961 2356 5015 hoc
2382 4962 2540 5016 modo
2569 4962 2836 5017 videretur
2869 4963 3208 5018 eminentiam
3239 4972 3437 5017 tantmn
3469 4979 3579 5016 sua:
3609 4979 3698 5015 os-
3747 4977 3762 4983 '

2127 5033 2361 5086 tendisse
2411 5033 2650 5096 virtutis,
2709 5047 2814 5086 non
2863 5033 3229 5086 medicinalem
3277 5033 3698 5086 misericordiam

2124 5101 2445 5170 impendisse
2466 5101 2754 5170 redemptis
2784 5119 2796 5154 :
2827 5119 2923 5156 nec
2970 5114 3249 5170 appareret
3275 5113 3471 5170 quanta
3520 5104 3697 5156 chari-

2127 5180 2230 5224 tate
2255 5170 2475 5224 Creator
2493 5181 2788 5225 creaturam
2812 5171 3095 5241 diligebat,
3126 5189 3153 5224 a
3174 5188 3274 5241 qua
3297 5188 3353 5225 se
3374 5172 3699 5240 diligendum

2124 5255 2242 5310 esse
2282 5242 2556 5310 multiplici
2588 5241 2844 5295 beneficio
2891 5243 3204 5310 expetebat;
3237 5252 3496 5309 quatenus
3540 5244 3704 5294 miser

2124 5309 2314 5374 homo,
2350 5310 2682 5379 praecedente
2712 5313 2874 5380 gratia
2901 5351 2916 5375 ,
2957 5309 3222 5366 obtineret
3262 5313 3419 5366 etiam
3447 5327 3545 5382 per
3588 5328 3704 5365 me-

2189 5466 2204 5494 ι
2232 5464 2312 5510 Hic
2333 5463 2513 5513 addunt
2534 5464 2712 5527 aliquot
2736 5473 2860 5526 mss,
2885 5471 2935 5515 ut
2957 5471 3220 5515 vestrorum
3233 5463 3448 5528 quidam,
3475 5471 3524 5513 ut
3549 5465 3708 5514 Pleuti-

2122 5533 2420 5650 m‘fa)ettt(litit,
2446 5586 2509 5634 de
2532 5589 2714 5636 Sanctis
2738 5587 2820 5645 19;
2853 5595 2905 5637 ct
2920 5595 3048 5649 post,
3073 5589 3120 5636 in
3149 5587 3417 5650 Appendice
3438 5588 3517 5635 75.

2186 5646 2258 5709 (b)
2285 5653 2331 5694 tu
2355 5650 2665 5696 Germanensi
2705 5651 2858 5697 veteri
2891 5646 3057 5699 codice
3091 5646 3252 5697 exstat
3292 5650 3418 5696 inter
3451 5657 3714 5709 εει-ποετις

2127 5711 2285 5757 Ivonis
2319 5711 2624 5760 cat'nutensis
2644 5746 2658 5772 ,
2692 5712 2829 5774 cujus
2863 5711 3010 5762 etiam
3039 5711 3237 5760 nomine
3269 5709 3455 5772 pridem
3489 5708 3716 5770 vulgatus

2127 5779 2219 5819 est.
