4050 6178
295 382 429 439 2201

295 495 458 548 ritum
477 534 494 559 ,
527 492 668 564 quod
697 493 745 546 ei
773 489 910 548 male
935 492 1128 546 merito
1155 491 1546 564 repentiehatur
1567 493 1882 550 indebitum.

291 565 450 644 Quod
496 563 745 644 ergo
772 563 1267 644 ‘sapientiapotuit
1312 563 1795 644 faceresapit‘pter
1829 574 1886 619 et

297 634 510 688 fortiter
533 675 549 694 .
572 633 741 688 voluit
768 633 944 688 facere
963 633 1196 686 suavitcr
1216 673 1231 697 ,
1267 634 1454 686 ttuiens
1480 633 1578 688 sibi
1607 635 1885 688 inﬁrmita-

299 713 406 758 tem
435 706 614 757 carnis
641 711 837 757 nostrae
858 745 872 766 ,
897 719 1052 771 quam
1085 705 1254 772 primo
1281 703 1333 754 in
1361 718 1420 757 se
1446 715 1652 757 sanaret
1675 721 1688 764 ;
1719 713 1772 758 et
1791 720 1883 771 per

299 775 436 826 hanc
458 774 608 840 quasi
637 773 1006 827 medicinalem
1028 772 1413 827 confcctionctn
1441 775 1620 842 generi
1653 775 1883 826 huunmo

297 844 584 898 sanitatem
633 847 976 898 restitueret:
1015 859 1121 896 non
1153 843 1292 911 quod
1337 859 1440 896 non
1473 846 1700 912 potuerit
1728 844 1884 898 aliter

300 913 418 966 ﬁeri
445 955 455 972 ,
479 923 735 981 quantum
763 913 828 967 ad
855 914 1094 982 peritiam
1125 923 1179 968 et
1201 913 1487 981 potentiam
1517 913 1699 967 Medici
1727 931 1740 978 ;
1789 913 1881 968 sed

301 983 424 1050 quia
479 999 584 1036 non
627 985 798 1050 potuit
837 983 1168 1036 commodius
1217 984 1510 1036 antidotum
1565 985 1880 1053 procurari,

297 1062 560 1121 quantum
587 1054 651 1106 ad
681 1055 1110 1121 complexionem
1140 1053 1340 1122 aegroti.
1375 1053 1522 1121 Quod
1550 1055 1690 1108 enim
1730 1055 1879 1118 inﬁr-

297 1139 442 1193 mant
460 1132 535 1176 est
575 1122 704 1189 Dei,
737 1125 920 1191 ﬁirtius
945 1134 1016 1177 est
1064 1124 1348 1176 hominibus
1375 1139 1394 1176 :
1423 1133 1468 1176 et
1490 1125 1625 1193 quod
1677 1124 1882 1178 stultum

299 1201 369 1246 est
403 1191 506 1246 Dei
527 1235 543 1258 ,
571 1195 846 1261 sapientius
872 1203 942 1248 est
969 1194 1250 1247 hominibus
1279 1193 1318 1263 (Ι
1349 1193 1469 1248 Cor.
1501 1191 1551 1257 ἡ,
1601 1193 1714 1258 25).
1759 1194 1883 1248 Haec

299 1277 460 1316 causa
489 1265 644 1318 nobis
672 1264 918 1332 Specialis
947 1279 1065 1319 esse
1085 1265 1292 1318 videtur
1311 1305 1326 1328 ,
1355 1279 1449 1318 cur
1477 1265 1564 1317 Dei
1591 1265 1752 1317 Filius
1783 1265 1880 1316 ho-

297 1334 500 1387 minem
523 1334 744 1389 induere
773 1335 1033 1397 voluerit,
1067 1342 1120 1388 et
1143 1336 1278 1388 inter
1299 1334 1540 1388 homines
1555 1335 1878 1402 conversari,

301 1411 358 1456 ut
389 1403 766 1458 mortalitatem
797 1421 954 1472 quam
976 1419 1004 1458 a
1027 1405 1180 1458 nobis
1200 1406 1435 1471 accepit,
1475 1405 1750 1458 moriendo
1792 1417 1880 1456 su—

299 1483 553 1541 peraret,
584 1483 638 1528 et
685 1483 926 1528 naturam
978 1483 1210 1528 nostram
1265 1489 1420 1542 supra
1453 1475 1633 1542 prima-
1663 1474 1882 1542 originis

299 1543 612 1610 dignitatem
637 1555 932 1613 reparatam
955 1560 1134 1600 secum
1163 1545 1228 1597 ad
1251 1545 1698 1598 immortalitatem
1730 1559 1872 1597 revo-

299 1622 482 1676 caret;
511 1622 570 1667 ut
610 1629 676 1668 eo
723 1625 1034 1682 sequeretur
1061 1615 1330 1668 humilitas
1357 1617 1529 1682 gregis
1549 1656 1563 1680 ,
1595 1629 1702 1682 quo
1745 1631 1880 1681 prte-

301 1685 466 1738 cessit
517 1684 778 1738 celsitudo
809 1685 1054 1753 pastoris.
1079 1685 1168 1740 Sic
1217 1685 1396 1739 radins
1421 1684 1552 1739 'solis
1605 1685 1880 1737 humorem

299 1768 460 1823 quem
488 1754 553 1807 ad
593 1770 650 1808 se
681 1755 840 1808 trahit
865 1756 1134 1818 exsiccat;
1166 1756 1279 1823 ipse
1311 1763 1485 1808 tamen
1523 1756 1768 1808 virtutem
1800 1755 1880 1808 sui

299 1821 498 1877 caloris
517 1833 572 1878 et
601 1824 900 1891 splendoris
945 1841 1042 1879 nec
1080 1821 1341 1888 minorat,
1377 1841 1476 1879 nec
1504 1827 1764 1878 immutat.
1794 1823 1880 1878 Sic

304 1893 442 1960 ignis
465 1894 740 1948 materiam
763 1911 919 1962 quam
947 1895 1200 1960 assumit,
1233 1895 1284 1947 in
1314 1909 1372 1949 se
1392 1899 1685 1957 convertit;
1725 1905 1879 1946 natu-

303 1977 416 2015 ram
449 1979 576 2016 vero
605 1980 754 2017 suam
785 1965 902 2018 idco
929 1981 1026 2020 nec
1079 1974 1280 2030 mutat,
1335 1980 1434 2019 nec
1463 1966 1670 2018 minuit.
1720 1964 1882 2017 Multo

303 2031 496 2087 fortius
522 2033 608 2086 ille
635 2035 798 2104 ignis.
830 2035 896 2088 de
945 2051 1052 2104 quo
1086 2035 1309 2098 dicitur,
1357 2033 1494 2088 Deus
1546 2043 1714 2088 noster
1749 2035 1882 2104 ignis

301 2118 604 2174 consumens
619 2114 690 2157 est
717 2103 886 2173 (Deut.
919 2103 992 2168 tv,
1019 2105 1132 2174 24),
1163 2105 1538 2158 mortalitatem
1570 2115 1622 2157 et
1653 2103 1880 2172 passibi-

303 2173 504 2226 litatetn
531 2183 766 2227 nostram
800 2175 848 2226 in
877 2191 936 2230 se
957 2173 1238 2243 assutnpsit
1265 2185 1316 2228 et
1335 2174 1656 2244 absumpsit;
1678 2185 1731 2228 et
1761 2174 1882 2227 inde

301 2244 470 2312 gratia
500 2245 744 2298 sanitatis
781 2253 946 2298 totum
992 2260 1186 2312 corpus
1229 2243 1535 2312 resumpsit.
1567 2243 1804 2298 Mirabile
1829 2253 1882 2298 et

305 2311 720 2379 incomparabile
743 2329 910 2382 genus
931 2311 1206 2368 medicina:
1230 2357 1243 2378 ,
1275 2330 1370 2382 pro
1411 2311 1490 2368 ter
1517 2330 1673 2383 quam
1713 2313 1880 2366 medi~

305 2397 399 2436 cus
423 2383 588 2436 voluit
611 2395 898 2436 marotare-
929 2395 983 2436 et
1009 2395 1259 2436 a'arotos.
1283 2331 1472 2436 uuiiius
1491 2385 1678 2436 salutis
1707 2399 1880 2436 reme-

301 2397 399 2454 cus
423 2383 588 2436 voluit
611 2395 898 2453 mgrotare,
929 2395 983 2438 et
1009 2395 1259 2454 rrgrotos,
1283 2383 1472 2454 quibus
1491 2385 1678 2439 salutis
1707 2399 1880 2438 reme-

303 2451 452 2505 dium
495 2451 838 2520 procui'abat,
870 2469 963 2508 sua
987 2451 1220 2510 decrevit
1243 2451 1548 2509 inlirmitate
1573 2469 1782 2508 sanare.

372 2521 576 2594 2._N_ec
609 2523 700 2578 sibi
729 2525 1002 2594 quidquam
1025 2525 1239 2577 addidit.
1279 2523 1374 2578 Nil
1401 2527 1530 2577 enim
1565 2525 1718 2577 nostri
1744 2524 1880 2576 indi-

301 2602 404 2663 get.
441 2592 492 2645 In
517 2592 617 2646 hoc
635 2592 1030 2663 apparet-quam
1063 2595 1458 2663 incomparabili
1482 2595 1736 2648 charitate
1785 2609 1882 2647 nos

303 2662 586 2734 dilexerit;
618 2665 736 2731 quia
767 2665 818 2717 iu
848 2662 914 2719 eo
939 2665 1078 2734 quod
1109 2662 1410 2719 desertores
1449 2679 1572 2719 suos
1600 2664 1878 2732 quaesivit,

303 2747 489 2804 semen
513 2732 740 2787 Abralnc
767 2732 1118 2804 apprehendit
1140 2777 1154 2798 .
1184 2742 1424 2790 errantes
1467 2733 1672 2804 reduxit
1697 2776 1735 2804 ,ί
1755 2749 1880 2786 sau-

304 2801 420 2854 cios
458 2803 696 2866 curavit;
748 2801 878 2857 nihil
905 2805 1003 2858 sibi
1035 2805 1263 2869 addidit,
1293 2820 1396 2857 non
1425 2814 1505 2860 est
1547 2803 1667 2858 inde
1716 2803 1882 2857 factus

307 2871 470 2925 altior
488 2914 502 2936 ,
535 2888 640 2926 non
662 2881 742 2926 est
767 2873 936 2928 factus
959 2875 1079 2929 inde
1121 2875 1344 2928 beatior.
1367 2875 1498 2929 Tota
1528 2875 1640 2928 haec
1665 2873 1882 2940 di5pen-

307 2942 444 2994 satio
475 2952 669 2997 nostrae
691 2943 900 2998 utilitati
936 2945 1232 3006 consuluit,
1261 2955 1455 2998 nostrae
1501 2945 1657 2998 saluti
1683 2945 1882 2996 utilita-

307 3013 410 3066 vit:
444 3011 636 3065 divinat
662 3015 910 3081 potentia:
936 3015 1007 3068 nil
1033 3014 1270 3068 contulit.
1317 3015 1447 3068 Nam
1488 3023 1542 3068 et
1583 3029 1703 3068 cum
1734 3029 1882 3068 esse-

307 3097 426 3134 mus
447 3097 568 3135 vasa
583 3085 936 3148 conttnueliaa,
959 3085 1338 3152 oumipotentis
1358 3085 1495 3154 ﬁguli
1521 3099 1732 3137 manum
1759 3083 1885 3138 etfu-

305 3165 438 3222 gere
466 3167 568 3204 non
602 3154 868 3220 potuimus
900 3172 912 3206 :
943 3155 1186 3208 utebatur
1211 3155 1350 3208 vasis
1374 3155 1464 3208 ine
1491 3163 1648 3222 prout
1675 3154 1884 3208 volebat

306 3221 374 3293 ad
399 3223 876 3293 manifestatiouem
901 3239 1009 3278 sua}
1033 3225 1246 3293 gloriae;
1279 3225 1358 3278 sic
1397 3221 1537 3277 enim
1572 3225 1770 3278 dictum
1801 3232 1886 3277 est

309 3289 608 3370 Pharaoni,
642 3291 708 3346 In
728 3293 822 3346 hoc
843 3295 1006 3364 ipsum
1034 3289 1246 3370 Excitaoi
1267 3303 1346 3360 te,
1373 3303 1429 3347 ut
1449 3293 1706 3370 ostendam
1737 3293 1793 3346 in
1839 3301 1886 3370 te

310 3363 545 3424 virtutem
573 3379 734 3416 meam
754 3406 769 3427 ,
801 3363 869 3418 et
891 3365 1212 3418 annuntietur
1253 3381 1430 3417 nomen
1460 3381 1622 3417 meum
1669 3365 1724 3417 in
1771 3363 1888 3417 uni-

309 3447 450 3502 versa
474 3440 606 3502 terra
630 3431 822 3501 (Exod.
855 3449 906 3487 lx
927 3475 942 3500 ,
971 3434 1081 3502 l9).
1111 3434 1295 3488 Nonne
1323 3444 1378 3488 et
1412 3434 1682 3488 dannones
1703 3476 1717 3498 ,
1763 3449 1884 3488 cum

309 3515 338 3552 a
373 3501 597 3573 Domino
621 3503 941 3571 ejicereutur
961 3504 1027 3558 de
1041 3501 1362 3573 corporibus
1387 3504 1616 3558 obsessis
1634 3543 1652 3570 ,
1704 3503 1885 3557 Domi-

313 3571 868 3642 nttmglorificabant,
921 3571 1434 3642 quandordicebant,
1485 3574 1618 3641 Quid
1673 3574 1814 3626 nobis
1840 3583 1886 3627 et

313 3639 432 3703 tibi,
459 3639 585 3694 Jesu
617 3641 722 3712 ili
747 3641 842 3696 Dei
863 3639 997 3697 vivi?
1033 3645 1153 3712 quid
1201 3645 1375 3698 venisti
1413 3639 1530 3697 ante
1557 3654 1752 3711 tempus
1780 3655 1885 3696 tor-

379 3727 466 3785 ere
487 3711 819 3785 τιθείλζᾳιιή.
861 3711 1138 3785 νιιιεεθγῖ
1180 3713 1400 3768 Constat
1444 3729 1570 3783 ergo
1596 3729 1658 3768 ex
1699 3713 1780 3785 his
1834 3721 1888 3766 et

351 3781 784 3854 ttjnsmodi’aliis,
813 3785 935 3852 quia
962 3781 1140 3854 divina
1169 3785 1337 3837 virtus
1355 3781 1530 3838 nostra
1553 3784 1888 3854 reparatione

315 3867 422 3903 non
454 3852 631 3920 rguit;
668 3853 761 3922 sed
791 3861 964 3907 tamen
996 3869 1056 3906 ea
1099 3853 1332 3908 bonitate
1357 3869 1458 3922 qua
1489 3869 1586 3908 nos
1611 3852 1884 3918 condidit,

310 3922 500 3974 eadem
528 3936 626 3975 nos
655 3921 944 3977 reformare
969 3923 1133 3978 voluit
1165 3941 1177 3976 :
1209 3933 1262 3978 et
1289 3923 1354 3978 ad
1378 3921 1496 3978 hoc
1535 3925 1889 3979 medicamen-

312 3998 426 4070 tum
445 4005 564 4071 non
585 3992 907 4071 quamforte
931 3995 1098 4061 potuit
1117 4035 1130 4056 .
1155 3993 1246 4047 sed
1267 4009 1425 4071 quam
1454 3994 1622 4048 lenius
1655 3995 1888 4071 cotnple~

312 4065 457 4132 xioni
484 4065 790 4132 aegrotantis
810 4074 1112 4131 competere
1140 4065 1436 4130 perspexit,
1459 4065 1721 4132 apposuit.

381 4131 453 4204 δελ
467 4131 726 4204 Analogia,
740 4131 928 4204 Christi
949 4149 1061 4186 cum
1082 4134 1240 4204 perito
1255 4134 1465 4188 medico.
1493 4131 1678 4188 Solent
1697 4133 1890 4203 quippe

314 4199 597 4272 medicina:
623 4199 773 4270 periti
800 4199 1177 4272 aegritudines,
1232 4219 1364 4271 quas
1410 4204 1670 4258 curandas
1715 4199 1893 4257 susci-

315 4271 506 4342 piunt,
534 4271 818 4337 aliquando
846 4271 1032 4326 Curare
1055 4289 1148 4340 per
1167 4275 1434 4328 contraria
1453 4315 1467 4336 ,
1495 4273 1780 4342 aliquando
1798 4289 1892 4342 per

313 4341 526 4394 similia.
562 4342 670 4395 Iloc
699 4344 823 4396 fecit.
850 4343 1102 4397 Dominus
1126 4351 1307 4396 noster
1333 4343 1486 4398 Jesns
1503 4341 1765 4408 Christus,
1796 4341 1890 4397 sua

315 4421 625 4480 paupertate
649 4426 746 4466 nos
774 4413 948 4466 ditans
969 4454 984 4476 ,
1015 4429 1108 4467 sua
1140 4414 1434 4468 humilitate
1465 4428 1561 4467 nos
1584 4415 1888 4477 sublevans,

315 4479 426 4534 sua
445 4479 751 4536 inﬁrmitate
781 4498 878 4536 nos
901 4497 1094 4536 sanans
1114 4525 1129 4548 ,
1157 4499 1252 4538 sua
1277 4493 1446 4536 morte
1471 4498 1568 4536 nos
1592 4484 1888 4537 viviﬁcans.

315 4549 404 4606 Sic
425 4551 630 4604 ratione
668 4553 942 4607 medicina:
973 4555 1113 4606 sicca
1155 4553 1410 4618 humidis,
1445 4553 1656 4606 lmmida
1697 4554 1850 4607 siccis
1873 4595 1887 4618 ,

317 4621 487 4692 calida
517 4619 720 4690 frigidis
745 4632 1088 4692 Opponuntnr
1118 4641 1130 4677 :
1163 4632 1218 4676 et
1241 4623 1413 4676 minus
1445 4623 1598 4677 fet-tia
1627 4623 1892 4676 centraria

317 4689 677 4762 affui-tioribus
713 4689 995 4746 contrariis
1023 4693 1521 4760 supervenientibus
1551 4705 1890 4762 superantur.

316 4757 488 4814 Simili
521 4762 724 4815 ratione
755 4762 947 4815 similia
973 4757 1237 4816 similibus
1265 4757 1632 4830 apponuntur,
1662 4778 1780 4817 cum
1811 4778 1894 4818 se-

315 4831 548 4884 cundum
578 4832 924 4900 quantitatem
943 4833 1214 4885 vulnerum
1235 4833 1315 4886 vel
1337 4843 1598 4886 tumorum
1625 4848 1895 4886 commen-

315 4911 532 4954 suratur
552 4901 820 4970 longitudo
852 4904 930 4955 vel
961 4901 1182 4956 latitudo
1205 4903 1606 4968 epithematum.
1637 4903 1724 4957 Sic
1748 4917 1896 4957 scor-

317 4971 496 5040 pionis
537 4986 724 5025 carnes
773 4973 892 5026 oleo
935 4982 1100 5026 cocta:
1141 4973 1570 5040 percussionibus
1617 4973 1896 5026 medentur

316 5042 692 5109 scorpionum;
723 5041 798 5096 sic
824 5043 1055 5096 theriaca
1086 5041 1154 5096 de
1175 5045 1440 5111 serpentis
1461 5058 1622 5096 carne
1651 5042 1894 5096 conlecta

315 5113 586 5182 morsibus
637 5113 960 5179 serpentinis
1001 5113 1268 5178 occurrit,
1317 5123 1367 5166 et
1423 5113 1666 5182 potiones
1691 5127 1896 5165 veneno

316 5181 542 5236 infectas
573 5181 624 5233 in
645 5191 772 5250 potu
801 5195 1008 5250 sumpta
1034 5183 1267 5251 expellit.
1299 5183 1378 5236 Ad
1417 5181 1552 5236 hanc
1590 5181 1894 5236 similitudi-

317 5267 438 5304 nem
483 5251 719 5306 Medicus
759 5261 940 5306 noster
967 5261 1190 5305 mortem
1217 5253 1392 5306 carnis
1435 5261 1630 5306 nostra:
1677 5254 1742 5307 de
1780 5267 1898 5306 ser-

319 5329 478 5388 pente
498 5323 800 5375 venientem
827 5323 1002 5376 carnis
1023 5337 1134 5376 sua:
1161 5332 1331 5376 morte
1357 5324 1560 5376 sanavit
1583 5363 1598 5387 ,
1628 5331 1683 5376 ct
1710 5321 1776 5375 ad
1801 5323 1896 5374 im-

318 5391 659 5445 mortalitatis
705 5406 816 5445 stne
863 5393 1094 5460 speciem
1146 5392 1197 5444 in
1249 5401 1488 5459 tempore
1550 5392 1898 5446 restitutionis

317 5461 688 5529 compleudam
715 5461 1044 5516 reformavit.
1073 5461 1168 5516 Ubi
1195 5462 1496 5531 diligentius
1520 5461 1896 5516 attendendum

317 5539 404 5586 est
427 5573 442 5596 ,
470 5531 611 5599 quod
637 5547 782 5586 mors
810 5549 927 5600 qua:
975 5547 1072 5602 per
1123 5533 1317 5602 lignum
1357 5534 1534 5597 venit,
1564 5548 1656 5600 per
1699 5531 1897 5601 lignum

319 5609 570 5669 superata
597 5611 702 5673 est.
730 5603 796 5673 Et
820 5603 932 5673 ipsa
964 5601 1090 5672 ligni
1113 5601 1282 5656 forma
1313 5601 1622 5673 longitudini
1647 5611 1700 5655 et
1721 5603 1899 5654 latitu-

320 5673 430 5726 dini
468 5679 522 5724 et
561 5671 824 5726 altitudini
850 5671 1088 5726 humani
1136 5673 1376 5740 corporis
1409 5671 1742 5741 'conﬁgttrata
1771 5680 1852 5726 est
1884 5689 1896 5724 :

319 5757 430 5810 quo
447 5742 588 5795 sicut
613 5749 780 5794 totum
809 5757 1002 5811 corpus
1041 5753 1242 5796 motum
1272 5751 1394 5802 est.
1422 5751 1476 5796 ttt
1502 5759 1690 5796 manus
1715 5741 1778 5794 ad
1807 5757 1900 5795 ve-

324 5815 479 5868 titum
507 5811 954 5882 extendcrcntttr;
986 5813 1057 5868 ita
1099 5829 1293 5883 corpus
1329 5831 1423 5888 per
1439 5811 1616 5868 omnia
1662 5813 1897 5868 membra

1662 381 1892 439 SERMO
1927 379 2215 438 CCXLV".

1959 5031 1964 5034 ,
2001 4981 2086 5026 tttr
2105 4973 2185 5026 eis

3427 393 3568 450 2202

1993 511 2086 550 sua
2112 498 2350 574 _in_cr_uce
2371 495 2798 574 distenderetur,
2825 507 2882 556 et
2907 509 3074 574 totum
3115 504 3254 572 quod
3287 514 3432 560 reatu
3475 525 3567 574 pa-

1991 567 2333 642 tcruidelicti
2365 567 2694 642 confractum
2728 571 2929 642 fuerat,
2957 571 3112 640 hujus
3135 567 3422 642 emplastri
3452 567 3566 632 τίων

1991 636 2256 715 laxatione
2279 639 2720 715 consolidat-citur.
2753 640 2862 694 Sed
2889 636 3439 715 ltuic'medie'imento
3476 665 3569 715 per

1991 707 2178 760 similia
2207 709 2533 776 composito,
2568 709 2861 764 admixtum
2909 719 2992 765 est
3021 714 3180 766 etiam
3211 707 3570 770 medicamen-

1991 786 2102 830 tum
2130 777 2320 831 factum
2347 794 2437 844 per
2457 779 2779 846 oppositum.
2809 781 2936 833 Nam
2971 781 3054 834 hic
3085 793 3292 836 Sanavtt
3319 787 3565 840 obedien-

1991 848 2056 900 tia
2081 889 2094 910 ,
2137 849 2275 924 quod
2320 848 2388 900 ihi
2431 859 2742 924 corruperat
2785 851 3136 905 inobedientia
3173 871 3187 924 ς
3218 864 3268 907 et
3324 857 3464 924 quod
3498 858 3566 909 ibi

1988 919 2441 972 contaminaverat
2469 918 2604 984 gula:
2647 919 3125 988 oblectamentum,
3179 923 3261 976 hic
3311 918 3568 980 reformat

1989 989 2161 1041 crucis
2187 997 2529 1043 tormentum.

2059 1059 2108 1110 4.
2143 1057 2334 1127 Figura
2360 1059 2522 1110 trucis
2547 1059 2774 1127 mystica.
2825 1059 3136 1116 Continctur
3161 1063 3212 1115 in
3246 1063 3344 1117 hac
3387 1066 3565 1120 crucis

1991 1126 2152 1188 ﬁgura
2181 1126 2337 1180 altius
2383 1126 2772 1200 sacramentum
2806 1130 2983 1198 :quod
3013 1144 3207 1198 quanto
3251 1143 3333 1187 est
3361 1135 3519 1188 altius
3547 1177 3562 1200 ,

1991 1198 2630 1274 tanto_est_attendendum
2655 1199 2980 1274 diligentius.
3003 1201 3314 1274 intelligitur
3335 1198 3563 1274 namque

1989 1267 2041 1318 in
2069 1268 2343 1320 latitudine
2363 1269 2535 1320 crucis
2560 1267 2777 1322 dilectio
2797 1271 3020 1336 proximi
3043 1311 3056 1334 ,
3085 1267 3200 1336 qua?
3232 1289 3335 1326 non
3361 1267 3563 1329 unitum

1987 1352 2170 1413 usque
2189 1338 2253 1390 ad
2297 1339 2506 1413 amicos
2532 1339 2670 1413 ,_sed
2719 1341 2895 1413 etiarn
2925 1338 3258 1413 extendenda
3287 1352 3369 1396 est
3399 1359 3565 1413 usque

1988 1407 2051 1482 ad
2083 1406 2390 1482 diligendos
2430 1408 2686 1482 inimicos.
2733 1409 3042 1477 intelligitur
3077 1426 3284 1480 quoque
3323 1414 3372 1466 in
3417 1406 3563 1482 ejus-

1987 1476 2106 1530 detn
2137 1477 2464 1546 longitudine
2513 1479 2664 1540 longa
2719 1490 2772 1534 et
2819 1476 3165 1546 perseverans
3202 1476 3460 1536 laboruni
3511 1493 3567 1539 et

1987 1549 2414 1619 persecutionum
2443 1549 2752 1601 sustinentia
2773 1591 2786 1613 ,
2822 1565 2978 1618 quam
3005 1551 3266 1619 patienter
3293 1550 3432 1607 ferre
3469 1553 3564 1607 de—

1987 1617 2076 1669 bet
2105 1618 2418 1690 adpatriam
2467 1620 2738 1690 suspirans
2791 1617 2967 1672 uestra
3008 1617 3406 1690 peregrinatio,
3457 1631 3562 1676 tam

1987 1701 2083 1758 pro
2112 1687 2395 1758 dilectione
2423 1689 2779 1756 proximorum
2803 1705 2959 1758 quam
2989 1687 3083 1757 pro
3109 1687 3432 1746 exhibitione
3449 1707 3564 1744 om-

1987 1757 2129 1828 nium
2159 1757 2414 1828 bonorum
2467 1773 2709 1826 operum.
2763 1757 3045 1828 Figuratur
3067 1761 3222 1813 simili
3255 1762 3460 1816 ratione
3510 1763 3562 1816 in

1985 1826 2261 1900 altitudine
2281 1829 2396 1900 ejus
2440 1829 2734 1900 eminentia
2772 1826 2922 1900 spei,
2969 1839 3252 1897 penetrans
3283 1847 3449 1900 usque
3495 1832 3562 1885 ad

1987 1895 2235 1969 interiora
2263 1897 2582 1969 velaminis;
2608 1899 2693 1969 ubi
2737 1899 2938 1952 visione
2973 1895 3126 1966 pacis
3179 1895 3518 1969 perfruentur
3545 1943 3561 1964 ,

1985 1967 2071 2038 qui
2101 1967 2189 2022 hic
2215 1983 2242 2020 a
2271 1967 2474 2022 civibus
2499 1967 2800 2038 Babylonia:
2831 1967 3196 2037 multipliciter
3221 1980 3560 2036 exercentur,

1985 2035 2156 2090 donec
2189 2039 2240 2090 in
2287 2038 2582 2090 libertatem
2611 2035 2792 2106 gloria:
2837 2035 3064 2092 ﬁliorum
3095 2040 3184 2093 Dei
3225 2053 3255 2092 a
3309 2035 3564 2094 servitute

1985 2107 2340 2176 corruptionis
2371 2106 2526 2175 hujus
2557 2108 2866 2161 liberentur.
2886 2107 3209 2176 Signiﬁcavit
3227 2109 3362 2162 hanc
3386 2111 3564 2162 chari-

1985 2178 2106 2248 tatis
2157 2177 2487 2248 latitudinem
2521 2177 2773 2248 Dominus
2799 2177 2952 2248 Jesns
3003 2179 3053 2231 in
3093 2193 3250 2232 cruce
3293 2189 3450 2248 caput
3494 2179 3562 2233 ad

1985 2247 2241 2302 orientem
2266 2247 2542 2316 subrigens
2560 2288 2574 2310 ,
2603 2247 2764 2315 pedes
2790 2247 2854 2300 ad
2883 2247 3207 2302 occidentem
3225 2248 3560 2312 sulnuittens.

1986 2331 2174 2370 manus
2202 2317 2268 2369 ad
2293 2320 2592 2383 aquilonem
2619 2327 2671 2369 ct
2696 2327 2930 2370 austrum
2961 2318 3282 2378 extendens;
3307 2327 3362 2370 ut
3388 2319 3562 2372 adim-

1987 2387 2154 2456 pleret
2177 2386 2316 2454 quod
2343 2387 2409 2440 de
2433 2401 2492 2440 se
2519 2395 2642 2440 ante
2665 2387 2960 2456 passionem
3005 2403 3153 2441 suam
3199 2388 3514 2454 pr:rdixerat
3541 2429 3558 2454 ,

1985 2455 2112 2528 Cum
2151 2457 2400 2510 excitatus
2446 2459 2588 2528 fuero
2629 2455 2832 2528 aiterraﬁ
2855 2498 2870 2520 ,
2903 2457 2952 2510 id
2974 2467 3088 2528 est,
3119 2473 3239 2510 cum
3279 2459 3563 2528 cruciﬁxus

1985 2524 2136 2580 fuero
2159 2567 2174 2592 ,
2206 2528 2376 2598 omnia
2403 2524 2599 2598 traham
2624 2527 2690 2578 ad
2713 2543 2790 2578 me
2815 2527 2979 2596 ipsum
3005 2526 3180 2598 (Joan.
3221 2543 3291 2598 xtl
3318 2570 3331 2592 ,
3364 2525 3452 2598 52)
3470 2569 3484 2593 ,
3510 2527 3562 2582 id

1984 2606 2094 2660 est,
2124 2597 2428 2650 convocobo
2476 2597 2540 2649 ad
2581 2612 2664 2649 tne
2704 2605 2872 2650 totum
2923 2597 3199 2651 mundum.
3242 2597 3353 2651 Iloc
3387 2612 3563 2650 sacra-

1985 2677 2168 2720 mento
2195 2667 2368 2720 crucis
2397 2679 2612 2720 sanctus
2639 2667 2856 2719 Elisa-us
2883 2667 3172 2720 Snnamitis
3191 2667 3354 2719 lilium
3380 2667 3559 2731 osori,

1985 2751 2175 2790 manus
2201 2751 2323 2790 suas
2351 2737 2592 2789 manibus
2611 2737 2728 2802 ejus
2743 2737 3012 2802 applicans
3034 2736 3236 2790 orando
3265 2737 3558 2802 suscitavit,

1985 2815 2039 2859 et
2065 2807 2240 2860 vivum
2293 2807 2446 2859 matri
2477 2807 2706 2860 restituit
2751 2806 2836 2876 (IV
2873 2806 2995 2876 Reg.
3030 2821 3079 2860 tv
3101 2847 3116 2871 ,
3147 2809 3256 2869 5t).
3309 2805 3560 2873 Ejusdem

1985 2876 2178 2930 virtute
2206 2880 2520 2930 sacramenti
2551 2876 2758 2946 Moyses
2784 2877 2834 2929 in
2861 2876 3074 2929 deserto
3091 2876 3169 2929 bis
3191 2876 3390 2930 silicem
3414 2877 3560 2944 virga

1987 2949 2350 3015 percussit;et
2373 2947 2570 3001 sitienti
2602 2945 2792 3014 populo
2821 2961 3010 3015 aquam
3040 2945 3108 2999 de
3139 2955 3284 3014 petra
3315 2947 3562 3013 produxit

1990 3014 2175 3085 (Nunt.
2223 3032 2293 3069 xx
2315 3057 2329 3078 ,
2362 3015 2472 3086 Η).
2517 3017 2644 3070 Bina
2675 3014 2884 3085 quippe
2915 3017 3184 3086 percussio
3237 3017 3460 3068 duorum
3491 3017 3565 3070 si-

1985 3099 2208 3152 gnorum
2238 3085 2458 3155 figurate
2488 3085 2796 3153 intelligitur
2827 3087 2877 3138 in
2899 3101 3056 3139 cruce
3076 3085 3214 3138 facta
3245 3087 3560 3154 compactio.

1987 3155 2075 3208 Bis
2096 3169 2224 3222 ergo
2253 3165 2396 3224 petra
2431 3156 2720 3224 percutitur
2739 3196 2754 3218 ,
2777 3170 2896 3224 cum
2926 3155 3165 3224 Christus
3181 3155 3283 3224 ,de
3310 3169 3414 3224 quo
3433 3155 3564 3209 dicit

1987 3226 2271 3294 Apostolus
2289 3265 2302 3284 .
2337 3223 2491 3278 Petra
2517 3233 2680 3276 autem
2709 3234 2816 3276 erat
2844 3223 3070 3278 Christus
3121 3223 3161 3294 (l
3189 3223 3306 3294 Cor.
3329 3223 3336 3224 ί
3357 3240 3389 3277 x
3415 3265 3427 3286 ,
3456 3224 3514 3288 4)
3545 3265 3560 3288 ,

1987 3294 2040 3347 in
2070 3293 2277 3349 duobus
2301 3295 2454 3363 lignis
2478 3294 2648 3348 crucis
2669 3301 2922 3348 extensus
2944 3292 3461 3361 lancea'perforatur.
3485 3294 3562 3348 De

1989 3363 2088 3418 hac
2112 3373 2256 3430 petra
2287 3379 2420 3433 aqua
2465 3365 2747 3433 proﬂuxit,
2779 3379 2898 3417 cum
2942 3363 3155 3432 sanguis
3181 3363 3562 3430 redemptionis

1987 3444 2042 3486 et
2071 3449 2200 3502 aqua
2229 3433 2576 3502 baptismatis.
2596 3433 2786 3502 quibus
2807 3435 2858 3486 in
2879 3447 3071 3486 novqu
3102 3434 3369 3486 hominem
3394 3445 3565 3488 trans-

1989 3503 2310 3568 formamur,
2343 3505 2410 3558 de
2441 3505 2604 3558 latere
2633 3502 2826 3558 Christi
2851 3503 3098 3556 manavit.

2057 3575 2110 3628 5.
2146 3573 2438 3644 Prwsertim
2483 3575 2820 3644 profunditas.
2875 3572 2953 3626 De
3001 3572 3334 3644 reparationis
3356 3581 3566 3644 nostra:

1987 3644 2242 3712 mysterio.
2253 3643 2388 3713 Deus
2400 3645 2450 3697 in
2481 3643 2768 3697 damnando
2792 3645 2990 3697 homine
3004 3643 3194 3713 justus,
3209 3643 3261 3694 in
3275 3643 3564 3696 redimendo

1989 3711 2284 3784 misericors.
2319 3711 2545 3783 lnjustus
2565 3715 2738 3784 fuissrt
2753 3755 2768 3780 ,
2792 3715 2842 3784 si
2861 3711 3246 3784 iutptenitentent
3261 3721 3564 3782 reparasset.

1991 3783 2253 3838 Praeterea
2284 3782 2421 3838 inter
2447 3786 2542 3838 has
2566 3782 2742 3838 crucis
2771 3783 3130 3838 dimensiones
3153 3782 3379 3836 solerter
3403 3791 3568 3836 atten-

1989 3853 2162 3907 denda
2192 3863 2271 3908 est
2313 3854 2486 3908 crucis
2535 3853 2864 3923 profunditas
2907 3871 2920 3905 :
2962 3854 3083 3922 quia
3126 3852 3442 3921 profundum
3483 3862 3569 3906 est

1991 3925 2302 3993 mysterium
2350 3925 2550 3984 crucis,
2581 3925 2633 3977 in
2673 3939 2777 3991 quo
2807 3924 3090 3976 multorum
3111 3963 3126 3993 ε
3155 3923 3246 3993 qui
3300 3923 3568 3993 sapientes

1991 3990 2329 4058 dicebautur,
2365 3995 2569 4062 ingenia
2602 3990 2939 4056 defecerunt;
2990 3991 3130 4062 quod
3155 3990 3256 4043 hoc
3284 3991 3398 4045 ausi
3445 4001 3570 4045 sunt

1992 4061 2383 4130 reprehendere
2423 4061 2564 4131 quod
2609 4078 2716 4115 non
2759 4070 3045 4131 potuerunt
3093 4061 3319 4131 humana
3365 4063 3568 4131 ratione

1991 4129 2456 4202 comprehendere
2501 4150 2517 4202 ξ
2561 4131 2807 4202 videlicet
2851 4146 2947 4184 cur
2997 4129 3234 4202 verbum
3277 4129 3568 4202 l)eo_Patri

1993 4199 2312 4256 comternum
2333 4243 2346 4264 ,
2379 4201 2554 4254 omnia
2581 4201 2885 4260 continens,
2915 4199 3090 4252 omnia
3114 4199 3336 4266 impleas
3356 4241 3370 4263 ,
3402 4200 3452 4251 in
3483 4215 3552 4253 as-

1993 4282 2204 4342 sumpto
2231 4271 2446 4325 homine
2470 4279 2636 4325 totum
2663 4287 2720 4342 se
2749 4271 3068 4342 concluserit
3088 4286 3102 4332 ;
3119 4279 3172 4322 et
3191 4277 3368 4342 tamen
3401 4279 3566 4342 totum

1993 4339 2250 4396 mundum
2282 4355 2486 4410 regere,
2509 4341 2778 4411 complere
2799 4349 2852 4411 et
2873 4341 3144 4411 continere
3171 4355 3276 4392 non
3303 4339 3521 4411 desierit
3553 4357 3565 4391 :

1995 4427 2099 4466 non
2131 4413 2259 4466 satis
2285 4409 2685 4465 considerantes
2712 4409 2852 4478 quod
2892 4410 3030 4464 valet
3063 4411 3112 4463 in
3142 4409 3368 4474 minori,
3403 4409 3570 4463 multo

1995 4484 2163 4552 magis
2185 4495 2339 4550 posse
2383 4482 2558 4536 valere
2595 4482 2648 4552 in
2679 4480 2900 4548 majori;
2933 4495 3050 4552 cum
3084 4495 3190 4552 vox,
3214 4494 3316 4532 una
3362 4489 3417 4552 et
3465 4490 3570 4552 tota

1993 4551 2060 4606 de
2081 4548 2174 4606 ore
2187 4548 2458 4620 loquentis
2481 4551 2732 4620 prodeat,
2756 4561 2809 4604 et
2839 4559 2945 4604 tota
2975 4549 3039 4603 ad
3089 4551 3370 4603 multorum
3401 4548 3572 4603 homi-

1996 4639 2121 4676 num
2144 4637 2301 4676 aures
2329 4622 2620 4689 perveniat.
2645 4622 2744 4688 Qni
2783 4620 2850 4673 de
2879 4620 2975 4672 hac
2998 4620 3290 4688 qumstione
3345 4635 3570 4687 scrupu-

1997 4693 2161 4746 losius
2185 4692 2488 4760 disputant,
2521 4701 2574 4746 et
2601 4699 2846 4760 tauquam
2863 4691 3045 4744 clauso
3068 4691 3204 4742 ostio
3232 4689 3295 4742 ad
3317 4691 3572 4760 parietem

2001 4763 2216 4831 palpant
2242 4759 2504 4824 .attdiant
2543 4762 2768 4829 primum
2813 4759 3076 4831 dicentem
3107 4759 3573 4831 έροςιοίιιιιῐι-,ηρ

1999 4828 2147 4885 homo
2171 4873 2186 4895 ,
2215 4841 2270 4883 tu
2296 4832 2406 4899 quis
2431 4847 2482 4886 es
2521 4828 2604 4899 qui
2629 4829 2930 4900 respondeas
2964 4828 3067 4881 Deo
3097 4828 3269 4898 (Rom.
3317 4845 3365 4882 Ix
3389 4871 3402 4890 ,
3439 4828 3574 4900 20)?

2002 4901 2201 4957 Deinde
2229 4902 2535 4964 mitescant,
2567 4907 2620 4954 et
2647 4913 2764 4953 eum
2797 4900 2987 4966 pit-tate
3011 4900 3253 4967 pulsent,
3281 4910 3337 4952 nt
3366 4901 3574 4966 aperia-

2234 4989 2247 5024 :
2289 4979 2342 5025 et
2371 4970 2665 5039 intelligent
2701 4970 2898 5037 justum
2939 4969 3100 5024 fuisse
3154 4969 3488 5039 Conditorem
3523 4972 3573 5022 in

1999 5042 2436 5106 condemnando,
2475 5038 2946 5093 eltnisericordem
2993 5041 3043 5093 iu
3091 5038 3428 5102 redimendo;
3477 5053 3575 5092 nec

2003 5113 2235 5180 potuisse
2263 5111 2436 5164 sanari
2463 5111 2576 5164 sine
2617 5109 3000 5174 misericordia,
3039 5109 3178 5176 quod
3209 5109 3351 5172 justc
3375 5107 3575 5180 conde-

2001 5177 2274 5235 innaverat
2289 5181 2905 5248 Umnipotentisjustitia.
2929 5180 3060 5232 ltinc
3075 5187 3459 5248 consequenter
3483 5177 3578 5230 ad-

2007 5261 2250 5316 vertent,
2273 5265 2370 5305 cur
2393 5265 2558 5318 usque
2587 5250 2650 5303 ad
2682 5247 2927 5317 captivati
2954 5247 3180 5318 hominis
3211 5255 3574 5318 paupertatem

2002 5330 2056 5375 et
2079 5315 2253 5375 crucis
2283 5315 2620 5388 ignominiam
2650 5334 2708 5372 se
2735 5315 3101 5388 liumiliavcrit
3129 5315 3302 5388 divina
3319 5315 3578 5386 omnipo-

2005 5393 2163 5445 tentia
2187 5433 2202 5454 ,
2231 5385 2348 5459 quin
2379 5391 2430 5443 in
2467 5389 2713 5459 paradiso
2757 5403 2905 5442 reum
2963 5387 3230 5459 hominem
3280 5385 3418 5452 jusla
3450 5385 3580 5459 con-

2003 5456 2345 5514 demnaverat
2369 5456 2650 5514 sententia.
2682 5457 2809 5512 Cutu
2829 5459 2968 5510 enim
3000 5456 3066 5509 dc
3096 5465 3394 5526 perpetrata
3420 5472 3448 5509 a
3477 5457 3581 5509 Do-

2004 5530 2150 5586 mino
2179 5539 2490 5596 argueretur
2515 5528 2866 5582 iuobedientia
2885 5568 2899 5590 ,
2935 5542 3037 5579 non
3067 5524 3128 5580 se
3175 5524 3446 5596 humiliter
3466 5568 3480 5589 ,
3528 5536 3582 5580 ut

2004 5601 2158 5672 culpa
2171 5601 2454 5672 exigebat,
2483 5597 2782 5672 accusavit;
2810 5596 2909 5672 sed
2939 5604 3210 5672 auctorem
3238 5595 3468 5672 superbe
3493 5613 3584 5672 ac...

2005 5665 2210 5724 cusiwit
2235 5665 2418 5723 dicens
2437 5711 2452 5734 ,
2487 5667 2672 5722 Mulier
2697 5683 2850 5734 quam
2875 5665 3056 5718 dedisti
3085 5666 3208 5718 mihi
3230 5706 3243 5728 ,
3277 5665 3414 5717 dedit
3462 5667 3584 5718 mihi

2007 5741 2068 5793 de
2097 5742 2264 5810 [ructu
2289 5779 2302 5802 ,
2351 5747 2397 5791 et
2443 5738 2634 5790 comedi
2674 5735 2828 5810 (Ceu.
2861 5752 2952 5802 111,
2985 5737 3096 5810 μὴτ
3127 5735 3250 5810 litae
3276 5734 3500 5810 dicendo
3532 5751 3586 5790 se

2009 5805 2208 5881 putavit
2231 5819 2560 5872 excusatum,
2583 5816 2634 5863 ct
2651 5809 2953 5863 Creatorem
2975 5807 3209 5860 mulieris
3228 5805 3580 5864 conditorem.
