4050 6178
471 357 610 412 2907

471 474 572 528 deo
607 482 811 527 vestros
839 472 1042 526 animos
1068 478 1123 547 _et
1148 470 1212 523 ad
1250 468 1537 547 timendum
1573 465 1859 547 judicium,
1890 475 1942 521 et
1973 467 2037 521 ad

470 543 874 597 desiderandum
900 540 1170 609 praemium
1204 540 1464 609 excitare;
1498 547 1555 591 ut
1586 540 1883 609 excepturia
1920 553 2039 590 san-

470 614 540 665 cti
572 607 1000 685 pextoris_veStri
1041 609 1106 661 ad
1144 608 1530 685 recondendam
1571 607 1893 685 spiritualem
1922 609 2036 685 viu-

471 677 730 742 demiam,
777 681 914 734 sicut
958 693 1167 745 semper
1208 677 1437 740 fecistis,
1483 677 1767 730 auxiliante
1817 677 2039 729 Domino

472 751 695 803 fideliter
721 751 1042 817 prwparetis.
1071 748 1288 813 Quoties
1310 748 1458 800 Vobis
1478 746 1666 817 durum
1688 745 1880 817 aliquid
1907 760 2039 817 przc-

469 814 737 880 dicamus,
774 834 876 869 non
919 816 1019 870 hoc
1063 817 1179 870 ideo
1226 816 1483 881 dicimus,
1525 814 1665 885 quod
1696 830 1725 867 a
1761 815 1908 869 vobis
1939 815 2040 869 tale

470 888 665 955 aliquid
686 887 801 963 fieri
824 887 1154 963 suspicemur
1179 886 1320 963 :_sed
1339 886 1664 963 ideoiterum
1689 886 1775 937 illa
1795 899 1910 952 quae
1933 898 2035 963 non

471 954 640 1010 facitis
668 954 1038 1009 denuntiamus
1060 996 1074 1019 ,
1107 967 1161 1008 ut
1191 956 1277 1008 illa
1310 956 1359 1007 in
1391 956 1581 1023 quibus
1614 954 1748 1008 forte
1789 954 2036 1022 prmvcnti

470 1026 703 1088 fueritis,
750 1040 937 1079 sanare
984 1026 1265 1093 possimus.
1296 1023 1441 1079 Solet
1469 1025 1609 1077 enim
1651 1023 1794 1087 ﬁeri,
1828 1032 1885 1076 ut
1912 1023 2036 1076 dum

470 1094 664 1161 majora
690 1096 957 1153 timentur,
982 1096 1182 1147 minora
1203 1094 1427 1147 celerius
1443 1103 1746 1147 caveantur.
1765 1093 2038 1158 Quomodo

466 1165 608 1216 enim
648 1164 875 1217 tlteriaca
908 1164 1132 1229 bibitur,
1163 1178 1229 1217 ne
1258 1164 1565 1231 corporibus
1602 1163 1803 1231 possint
1833 1177 2035 1230 prteva-

470 1233 576 1287 lere
604 1249 837 1296 venena;
870 1234 970 1287 hoc
998 1243 1206 1287 austera
1236 1232 1608 1300 praedicatione
1633 1232 1862 1302 geritur,
1900 1232 2038 1286 unde

468 1304 759 1356 animarum
790 1311 1147 1371 praeparentur
1171 1303 1424 1355 autidota.

538 1374 591 1427 5.
622 1372 985 1438 Beneﬁciorum
1028 1372 1123 1424 Dei
1172 1373 1410 1424 memoria
1452 1371 1706 1423 munimen
1748 1379 1818 1423 est
1861 1382 2038 1425 contra

468 1451 688 1510 peccata.
719 1442 933 1495 Certum
963 1452 1063 1505 est,
1097 1441 1283 1494 fratres
1308 1439 1796 1510 chari<simi,quod
1823 1442 1866 1494 si
1898 1456 2037 1495 sem-

470 1509 563 1579 per
592 1512 843 1565 beneficia
874 1511 963 1563 Dei
991 1511 1183 1573 nostri,
1216 1525 1334 1578 quae
1363 1510 1515 1564 nobis
1546 1509 1703 1562 nullis
1731 1510 2035 1576 prmccden-

468 1581 606 1634 tibus
631 1581 832 1633 meritis
859 1582 1051 1633 nostris
1079 1580 1268 1633 collata
1297 1590 1439 1645 sunt,
1471 1579 1680 1632 assidue
1708 1579 2031 1648 cogitamus;

468 1658 677 1716 peccata
706 1658 884 1703 nostra
915 1650 1067 1703 nobis
1092 1658 1183 1703 aut
1207 1664 1309 1701 non
1336 1650 1694 1713 dominantur,
1723 1659 1810 1701 aut
1834 1650 1877 1703 si
1903 1648 2036 1705 forte

466 1718 848 1789 subrepserint,
878 1719 984 1772 cito
1013 1734 1110 1789 per
1135 1719 1505 1789 pmnitcntiam
1527 1718 1877 1789 corriguntur.
1906 1719 2036 1784 Quis

465 1789 608 1841 enim
628 1788 732 1842 ’vel
774 1797 949 1842 mente
977 1788 1290 1857 cencipere,
1324 1804 1429 1841 non
1458 1788 1628 1841 dicam
1664 1788 1841 1841 verbis
1872 1791 2036 1856 possit

465 1871 755 1924 exponere,
783 1868 977 1926 quanta
1003 1856 1143 1912 circa
1172 1873 1268 1912 nos
1297 1858 1403 1912 sint
1433 1857 1524 1911 Dei
1552 1858 1715 1909 nostri
1741 1856 2035 1913 beneficia?

468 1926 614 1979 Fecit
653 1927 791 1980 enim
838 1942 969 1989 nos,
1010 1942 1128 1980 cum
1173 1943 1273 1980 non
1319 1940 1589 1986 essemus;
1636 1928 1898 1993 reparavit
1940 1943 2036 1982 nos

470 2003 680 2064 postea,
712 2011 829 2051 cum
861 1998 1201 2064 perissemus.
1232 1997 1453 2050 Mortem
1494 1996 1759 2063 suscepit,
1804 1997 2035 2064 pretioso

467 2080 564 2117 nos
593 2066 846 2134 sanguine
876 2066 1139 2125 liberavit.
1169 2065 1233 2118 ad
1263 2066 1465 2119 inferna
1491 2064 1791 2131 descendit,
1820 2065 1887 2120 de
1920 2066 2034 2119 fau-

465 2134 614 2187 cibus
637 2149 731 2187 nos
751 2143 964 2188 :eternze
984 2136 1168 2189 mortis
1189 2136 1402 2203 eripuit,
1425 2134 1679 2188 ccelorum
1705 2136 1857 2189 nobis
1876 2138 2033 2189 etiam

469 2203 682 2274 praemia
728 2205 988 2272 promisit.
1031 2205 1155 2259 Haec
1197 2205 1408 2269 omnia,
1455 2203 1646 2258 fratres
1684 2204 2032 2274 dilectissimi,

467 2272 553 2340 pio
581 2281 631 2326 et
659 2274 885 2343 benigno
908 2274 1083 2327 animo
1108 2274 1422 2343 cogitantes,
1450 2281 1701 2343 quantum
1734 2272 2031 2341 possumus,

464 2357 584 2394 cmn
625 2342 790 2410 ipsius
822 2342 1082 2410 adjutorio
1113 2342 1380 2397 beneﬁciis
1409 2344 1519 2396 suis
1545 2342 1712 2397 vicem
1744 2345 2035 2410 rependere

466 2409 798 2465 festinemus.
826 2409 939 2465 Non
962 2412 1243 2466 reddamus
1264 2413 1397 2466 mala
1423 2428 1517 2481 pro
1540 2412 1725 2475 bonis;
1753 2409 1843 2466 sed
1868 2429 2034 2482 quan-

467 2490 577 2550 tum
616 2496 925 2549 possumus,
964 2482 1213 2536 voluntati
1250 2482 1388 2535 illius
1417 2482 1783 2550 obtemperare
1812 2482 2036 2537 fideliter

465 2549 788 2612 studeamus.
820 2552 942 2605 totis
965 2551 1161 2606 viribus
1184 2552 1488 2613 innitentes,
1513 2560 1569 2604 ut
1594 2549 1849 2620 praecepta
1873 2553 2034 2619 ipsius

467 2621 633 2691 magis
662 2621 813 2674 nobis
840 2621 1046 2691 pariant
1077 2622 1145 2675 de
1175 2621 1499 2691 sequacitate
1524 2621 1815 2675 remedium
1835 2661 1850 2687 ,
1876 2637 2032 2691 quam

465 2688 531 2742 de
559 2688 974 2759 transgressione
997 2688 1271 2757 judicium.

535 2759 589 2811 4.
624 2758 752 2832 Quin
777 2760 840 2811 de
865 2760 927 2832 iis
953 2761 1159 2832 ru_tioin
1181 2760 1365 2832 judicii
1402 2760 1483 2813 die
1508 2759 1793 2832 repetendo.
1826 2758 2035 2832 Crucem

466 2838 696 2899 peccator
733 2829 944 2899 imponit
980 2828 1195 2883 Cliristo'
1216 2832 1378 2897 prima
1411 2831 1717 2899 graviorem.
1738 2828 1871 2899 Nam
1908 2830 2034 2899 quid

468 2896 752 2962 faciemus,
789 2898 1115 2962 charissimi,
1155 2896 1223 2952 in
1249 2900 1338 2952 illo
1379 2896 1662 2952 metuendo
1700 2896 1881 2965 judieii
1924 2896 2031 2963 die,

465 2981 584 3018 cum
612 3007 624 3028 ,
657 2974 912 3020 tremente
954 2967 1151 3021 mundo
1185 2968 1468 3032 Dominus,
1502 2967 1904 3034 praecinentibus
1928 2968 2037 3021 An-

465 3034 702 3105 gelorum
734 3036 967 3091 buceiuis
986 3076 1003 3102 ,
1036 3037 1087 3090 in
1128 3037 1218 3091 illo
1257 3036 1546 3105 majestatis
1574 3051 1683 3090 sua:
1714 3036 1905 3090 throno
1932 3038 2037 3091 cir-

465 3104 743 3158 cumdatus
772 3106 1003 3160 eu-lestis
1041 3107 1239 3161 militia:
1266 3104 1383 3160 luce
1409 3105 1737 3169 consederit;
1770 3106 1946 3175 ibique
1970 3106 2037 3162 de

467 3183 623 3227 terrae
666 3175 867 3243 gremio
909 3184 960 3229 et
1003 3177 1217 3244 antiquo
1261 3176 1476 3243 pulvere
1512 3176 1764 3229 suscitato
1806 3174 2037 3232 humano

465 3257 692 3312 genere,
735 3252 939 3298 astante
983 3246 1282 3300 testimonio
1318 3245 1652 3299 conscientiae
1688 3244 2034 3313 singulorum,

466 3314 731 3386 positis‘in
760 3324 1045 3386 conspectu
1090 3323 1422 3382 peccatorum
1466 3314 1638 3386 poenis
1670 3314 2038 3386 justornmque

469 3383 717 3462 praetuiis.
740 3385 996 3462 rationem
1008 3386 1139 3462 _vit:e
1158 3386 1380 3462 creperi}
1406 3385 1690 3462 postulare,
1714 3392 1768 3438 et
1790 3385 1905 3453 plus
1925 3383 2035 3453 jam

462 3453 635 3522 justus
658 3468 812 3520 quam
842 3454 1166 3519 misericors,
1199 3455 1478 3508 severitate
1501 3453 1694 3521 judicis
1718 3463 2038 3522 contemptae

466 3521 840 3593 misericordia:
881 3538 999 3593 reos
1031 3525 1250 3591 coeperit
1286 3538 1564 3585 accusare,
1598 3530 1652 3576 et
1679 3523 1854 3577 dicere
1881 3541 1895 3579 :
1925 3521 2037 3593 Ego

468 3599 546 3652 te,
580 3605 612 3661 ς)
643 3590 830 3661 homo,
848 3592 927 3661 de
955 3592 1079 3644 limo
1108 3593 1348 3646 manibus
1374 3594 1506 3647 meis
1532 3592 1663 3657 feci,
1692 3606 1791 3661 ego
1815 3590 2038 3648 terrenis

466 3658 685 3730 artubus
707 3659 879 3730 infudi
909 3661 1152 3730 spiritum
1172 3700 1186 3723 ,
1217 3676 1315 3730 ego
1350 3661 1443 3715 tibi
1480 3658 1760 3730 imaginem
1798 3673 2037 3717 nostram

466 3726 969 3799 similitudinemque
992 3726 1501 3799 conferredignatus
1527 3726 1665 3796 sum,
1693 3745 1791 3799 ego
1821 3740 1874 3785 te
1900 3731 2038 3785 inter

467 3794 692 3861 paradisi
735 3794 953 3851 delicias
994 3798 1280 3862 collocavi;
1319 3794 1382 3852 tu
1420 3799 1593 3852 vitalia
1632 3794 1874 3852 mandata
1908 3816 2037 3853 con-

467 3866 1129 3937 t_emuens,rdeceptorem
1173 3868 1321 3936 sequi
1367 3883 1523 3937 quam
1564 3868 1727 3923 Deum
1767 3869 2037 3924 maluisti?

464 3931 595 3987 Cum
620 3936 869 4005 expulsus
888 3931 955 3991 de
978 3936 1218 4005 paradiso
1238 3931 1356 4005 jure
1383 3931 1580 4005 peccati
1606 3938 1791 3991 mortis
1815 3939 2037 3994 vinculis

467 4009 760 4077 tenet-eris,
788 4006 1094 4077 virginalem
1114 4014 1331 4077 uterum
1362 4006 1477 4062 sine
1505 4007 1781 4075 dispendio
1817 4007 2034 4077 virgini-

467 4073 918 4146 tatispariendus
969 4076 1212 4139 introivi;
1262 4077 1313 4146 in
1360 4073 1617 4146 prmsepio
1662 4073 1937 4144 expositus
1984 4087 2038 4133 et

467 4145 651 4211 pannis
679 4145 958 4199 obvolutus
996 4147 1137 4214 jacui
1159 4187 1173 4209 ,
1206 4144 1437 4199 infantia:
1473 4144 1817 4201 contumelias
1852 4146 2040 4200 huma-

467 4228 668 4281 nosque
692 4215 923 4276 dolores,
954 4216 1142 4283 quibus
1165 4216 1258 4269 tibi
1286 4216 1471 4270 similis
1498 4218 1698 4281 fierem,
1723 4215 1788 4269 ad
1814 4215 1914 4269 hoc
1936 4217 2037 4271 sci-

466 4283 587 4354 licet
612 4292 667 4335 ut
696 4293 744 4335 te
768 4284 896 4337 mihi
923 4285 1146 4339 similem
1174 4285 1421 4349 facerem,
1453 4286 1676 4354 pertuli;
1706 4285 2035 4341 irridentium

468 4353 669 4417 palmas
696 4362 747 4406 et
774 4362 928 4421 sputa
956 4356 1192 4422 suscepi,
1224 4365 1430 4407 acetum
1455 4353 1579 4409 eum
1610 4355 1727 4408 felle
1755 4355 1858 4407 bibi
1890 4374 1904 4409 :
1936 4356 2033 4409 fla-

465 4422 614 4487 gellis
648 4435 849 4488 ca-sus,
882 4423 1127 4489 vepribus
1155 4435 1466 4488 coronatus,
1495 4425 1635 4477 cruci
1664 4423 1882 4485 affixus,
1915 4426 2033 4479 vul-

468 4504 595 4543 nere
640 4490 940 4560 perfossus,
973 4502 1028 4544 ut
1066 4500 1118 4545 tu
1154 4491 1436 4560 eripereris
1474 4495 1661 4556 morti,
1706 4495 1934 4547 animam
1981 4496 2033 4548 in

466 4559 740 4631 tormentis
764 4560 959 4615 dimisi.
985 4560 1063 4614 En
1089 4559 1353 4615 clavorum
1383 4563 1618 4631 vestigia,
1641 4563 1828 4631 quibus
1847 4564 2035 4618 affixus

484 4627 687 4694 rependi
719 4645 730 4679 :
759 4644 822 4681 eu
855 4631 1147 4698 perfossum
1180 4630 1481 4685 vulneribus
1513 4627 1672 4685 fatus.
1696 4632 1915 4700 Suscepi
1939 4634 2034 4687 do-

466 4643 687 4747 liepeual
719 4645 730 4679 :
759 4644 822 4681 eu
855 4643 1147 4698 perlossum
1180 4643 1481 4685 vulneribus
1513 4643 1665 4685 latus.
1696 4643 1915 4700 Suscepi
1939 4643 2031 4687 do-

485 4711 605 4750 nres
648 4706 764 4770 tuos
785 4738 799 4762 ,
845 4708 902 4751 ut
931 4700 1019 4753 tibi
1050 4701 1272 4769 gloriam
1301 4701 1479 4753 darem
1513 4718 1525 4754 :
1558 4702 1762 4770 suscepi
1807 4710 2031 4756 mortem

466 4776 628 4829 tuum,
653 4776 708 4819 ut
734 4768 782 4819 iu
810 4768 1069 4823 :cternum
1095 4771 1316 4824 viveres.
1342 4771 1596 4823 Conditus
1617 4768 1754 4839 jacui
1783 4771 1832 4824 in
1855 4773 2034 4839 sepul-

463 4850 589 4909 cro,
614 4846 667 4909 nt
699 4846 1032 4909 turegnares
1058 4839 1110 4893 in
1136 4840 1291 4895 cmlo.
1321 4839 1429 4893 Cur
1457 4840 1595 4909 quod
1636 4856 1729 4908 pro
1765 4850 1814 4894 te
1844 4842 2031 4909 pertuli

465 4905 783 4978 perdidisti}
816 4905 940 4970 cur,
990 4908 1220 4976 ingrate,
1267 4905 1650 4978 redemptionis
1684 4920 1786 4963 tua:
1814 4905 2031 4965 munera

464 4975 717 5029 rcuuisti?
743 4975 855 5028 Non
880 4988 931 5031 te
951 4975 1134 5045 ego’de
1154 4988 1324 5033 morte
1345 4975 1468 5032 mea'
1483 4994 1692 5045 quazro;
1718 4979 1878 5033 redde
1902 4981 2031 5034 mihi

463 5046 620 5097 vitam
650 5055 791 5098 tuam
813 5087 826 5110 ,
858 5062 952 5114 pro
987 5061 1088 5115 qua
1124 5062 1295 5102 meam
1334 5048 1473 5101 dedi.
1502 5046 1684 5102 Redde
1714 5049 1843 5102 mihi
1871 5050 2028 5103 vitam

464 5122 821 5185 lliflt“,ﬂllalll
854 5117 1156 5170 vulneribus
1186 5128 1520 5185 peccatorum
1553 5118 1910 5172 indesinenter
1936 5134 2030 5172 oc-

460 5183 609 5255 cidis.
639 5183 747 5237 Cur
773 5184 1126 5255 habitaculum
1144 5226 1160 5252 ,
1187 5183 1326 5255 quod
1353 5187 1477 5240 mihi
1509 5188 1560 5240 in
1595 5197 1645 5241 te
1671 5203 2028 5254 sacraveram,

463 5251 681 5325 luxuriae
710 5254 953 5310 sordibus
994 5251 1263 5325 polluisti?
1288 5271 1601 5325 cur‘eorpus
1632 5273 1806 5311 meum
1846 5251 2027 5312 illece;

464 5322 673 5375 hrarum
698 5322 1018 5393 turpitudine
1039 5327 1311 5379 maculasti
1328 5327 1350 5378 ?
1370 5323 1475 5380 Cur
1497 5322 1580 5380 me
1601 5330 1840 5395 graviore
1858 5329 2030 5381 crimi-

463 5405 585 5466 num
614 5401 818 5466 tuorum
841 5409 1020 5466 cruce,
1044 5411 1200 5465 quam
1228 5396 1312 5449 illa
1341 5397 1391 5448 in
1419 5396 1806 5466 quaquondam
1834 5412 2029 5466 pepen-

460 5461 661 5526 deram,
693 5461 961 5518 aﬂlixisti?
990 5461 1211 5519 Gravior
1238 5467 1377 5520 enim
1407 5461 1543 5535 apud
1567 5461 1659 5519 'me
1690 5461 2026 5535 peccatorum

462 5540 670 5604 tuorum
697 5545 826 5604 crux
853 5543 954 5599 est,
987 5535 1036 5586 in
1065 5551 1162 5603 qua
1193 5536 1383 5588 invitus
1414 5535 1644 5603 pendeo,
1674 5552 1829 5604 quam
1858 5536 1943 5589 illa
1974 5537 2024 5589 iu

459 5614 559 5663 qua
584 5601 654 5652 tui
678 5602 922 5655 misertus
944 5601 1165 5656 mortem
1191 5613 1330 5657 tuam
1350 5601 1620 5658 occisurus
1638 5601 1870 5659 ascendi.
1894 5605 2023 5659 Cum

461 5681 630 5749 essent
664 5670 1022 5749 intp'rssibilis,
1052 5690 1147 5749 pro
1175 5684 1222 5726 te
1249 5676 1353 5749 pati
1385 5676 1626 5749 dignatus
1654 5690 1769 5749 sunt
1802 5692 1813 5727 :
1847 5674 1938 5728 sed
1969 5685 2021 5749 tu

461 5734 749 5804 despexisti
792 5739 843 5791 in
880 5734 1091 5795 homine
1120 5734 1310 5809 Deum,
1342 5744 1392 5797 in
1435 5734 1644 5797 infirmo
1680 5744 1937 5809 salutem,
1970 5747 2019 5800 in

1919 347 2275 404 APPENDIX.

3582 356 3726 415 2203

2152 465 2234 548 via
2258 467 2588 548 redituntnin
2612 468 2786 548 judice
2808 472 3035 548 veniam,
3061 473 3113 528 in
3136 489 3293 548 cruce
3312 476 3495 539 vitam.
3520 478 3570 532 in
3595 494 3723 548 sup-

2151 535 2316 611 pliciis
2348 535 2679 593 medicinam.
2727 542 2790 595 Et
2831 544 2951 611 quia
3000 535 3118 610 post
3153 547 3327 600 omnia
3369 535 3505 601 mala
3538 560 3622 603 tua
3655 535 3720 603 ad

2150 605 2527 684 medicamenta
2553 605 2868 684 pmniteutia'e
2888 605 3172 684 confugere
3193 617 3430 684 noluisti,
3448 617 3516 673 ab
3535 620 3717 673 auditu

2148 675 2288 727 malo
2322 693 2424 729 non
2457 681 2743 732 mereberis
2775 681 3005 735 liberari.

2216 744 2268 797 5.
2304 746 2667 818 Dumnatorum
2692 751 3012 818 supplicium.
3046 751 3362 816 Pwniteutia,
3386 756 3505 817 dum
3528 758 3609 810 hic
3632 776 3718 810 su-

2146 829 2255 866 mus
2274 816 2527 888 obeunda.
2551 817 2648 888 Qui
2676 816 2797 872 tune
2824 823 2924 874 erit
2947 822 3141 875 stridor
3164 823 3423 888 dentium,
3452 842 3572 879 cum
3596 843 3719 880 sau-

2144 891 2348 936 ctorum
2379 886 2711 962 multitudine
2739 889 2802 942 ad
2819 890 3110 962 dexteram
3136 895 3274 962 regis
3312 907 3365 949 et
3402 886 3466 949 ad
3494 898 3716 962 gloriam

2145 958 2651 1030 segrega_ta._peccati
2678 960 2896 1030 populus
2918 962 2967 1014 in
2992 958 3249 1030 profunda
3273 967 3450 1018 tartari
3474 958 3588 1018 sine
3611 969 3715 1019 ulla

2145 1024 2497 1096 miserationis
2521 1041 2582 1079 ac
2607 1024 2772 1082 venia:
2798 1044 2893 1096 5pc
2919 1024 3192 1085 demersus
3209 1074 3223 1095 ,
3250 1036 3457 1089 excludi
3484 1050 3540 1089 se
3566 1046 3715 1088 tene-

2144 1091 2389 1173 brissuis
2427 1110 2456 1147 a
2486 1096 2635 1173 beata
2664 1091 2966 1173 sanctorum
3000 1100 3114 1173 luce
3143 1091 3363 1169 viderit,
3402 1108 3463 1159 et
3496 1106 3547 1157 in
3590 1121 3715 1173 pro-

2144 1160 2287 1242 fundi
2332 1162 2504 1217 sinum
2544 1166 2658 1220 sine
2698 1166 2801 1242 fine
2831 1168 3191 1242 descendens,
3223 1160 3439 1242 urgente
3468 1189 3528 1228 os
3557 1160 3713 1228 suum

2144 1241 2335 1307 puteo,
2385 1242 2579 1288 :etcrna
2620 1238 2874 1304 supplicia
2914 1250 2968 1293 et
3006 1238 3311 1307 perpetuam
3354 1254 3573 1297 mortem
3609 1260 3713 1297 non

2141 1302 2425 1381 moriturus
2449 1302 2753 1381 aspexerit?
2781 1307 2993 1381 Frustra
3008 1302 3192 1381 autem
3221 1327 3248 1362 a
3278 1327 3525 1381 paupere,
3554 1330 3711 1381 quem

2142 1368 2193 1449 in
2225 1368 2321 1424 hac
2357 1372 2461 1426 vita
2500 1368 2774 1449 despexit,
2805 1378 3216 1449 misericordiam
3247 1368 3527 1449 postulabit
3557 1368 3713 1435 {fru-

2141 1448 2248 1520 stra
2277 1450 2568 1520 extremum
2598 1444 2778 1520 Lazari
2809 1448 3048 1520 digitum,
3080 1465 3184 1518 quo
3212 1444 3404 1503 ardens
3431 1453 3710 1520 refrigere-

2141 1515 2258 1588 tur,
2298 1511 2602 1567 ardentibus
2651 1515 2799 1568 labiis
2836 1511 3047 1588 rogabit
3081 1511 3303 1588 apponi.
3346 1520 3515 1588 Quam
3556 1511 3715 1574 vellet

2142 1580 2321 1643 miser,
2347 1594 2463 1664 cum
2493 1598 2775 1664 paupertini
2798 1580 3023 1664 gloriam
3043 1580 3420 1664 videi-indutas
3445 1592 3712 1664 quondam

2141 1650 2462 1729 paupertatis
2490 1650 2821 1720 suhjacuisse'
2841 1657 3137 1729 laboribus,
3179 1668 3232 1711 et
3260 1659 3309 1712 in
3346 1660 3431 1712 illa
3459 1650 3563 1712 vita
3593 1677 3713 1729 qua:

2139 1731 2257 1771 cum
2289 1719 2387 1773 vita
2415 1719 2743 1775 morerentur
2769 1725 2901 1776 mala
2932 1719 3201 1791 portasse;
3229 1744 3295 1780 ne
3320 1730 3383 1783 ad
3406 1729 3490 1784 illa
3513 1719 3712 1783 :rterua

2140 1800 2435 1866 mereretur
2460 1793 2711 1866 supplicia
2742 1796 3046 1866 pervenire!
3082 1796 3291 1866 Utergo
3314 1798 3426 1851 lucc
3448 1808 3553 1851 tam
3575 1798 3711 1852 dura

2139 1865 2192 1908 et
2236 1866 2338 1910 tam
2383 1861 2631 1914 terribilia
2676 1873 2796 1917 ante
2845 1864 2970 1917 illud
3015 1861 3249 1919 tribunal
3284 1869 3465 1921 :eterni
3508 1868 3712 1921 Judieis

2138 1926 2323 1997 audire
2360 1946 2461 1981 non
2493 1946 2822 1997 mereamur,
2853 1933 2975 1986 dum
3002 1935 3173 1988 adhuc
3204 1936 3352 1997 licet,
3384 1947 3439 1991 et
3465 1953 3585 1990 cum
3616 1938 3709 1991 Dei

2138 1995 2399 2069 adjutorio
2425 1999 2476 2052 in
2507 2008 2763 2068 potestate
2801 1995 2980 2056 nostra
3008 2013 3120 2069 est,
3150 1995 3547 2059 consideremus
3574 2022 3709 2059 con-

2139 2067 2387 2144 scientias
2413 2067 2619 2144 nostras
2648 2081 2740 2144 :_et
2764 2073 2805 2125 si
2834 2073 3004 2141 aliqua
3027 2067 3247 2127 crimina
3273 2077 3356 2129 vel
3382 2086 3593 2144 peccata
3619 2092 3710 2131 ea.

2141 2134 2316 2216 pit_alia
2338 2138 2605 2216 ,_uecdt_tm
2634 2134 2982 2216 elcernosynis
3009 2154 3062 2216 et
3097 2134 3424 2199 orationibus
3467 2156 3708 2216 purgata,

2141 2206 2291 2283 nobis
2316 2206 2486 2283 adhuc
2510 2209 2766 2262 dominari
2794 2206 3176 2283 cognoscimus,
3206 2223 3412 2283 portum
3441 2206 3708 2283 pinniten-l

2140 2274 2259 2354 tia},
2299 2275 2517 2354 devictis
2560 2274 2906 2354 peccatorum
2931 2274 3453 2346 ﬂuctibus,'Cliristo
3487 2286 3711 2354 juvante

2141 2341 2460 2420 festinemus
2495 2341 2722 2420 intrare;
2770 2360 2823 2403 et
2867 2352 2910 2404 si
2957 2354 3079 2420 quid
3126 2341 3463 2409 iu'navieula
3487 2341 3710 2410 'anima:

2140 2421 2331 2493 nostra:
2358 2417 2536 2493 multis
2566 2421 2959 2487 tempestatibus
2977 2417 3352 2490 peccatorum,
3380 2434 3470 2478 aut
3499 2443 3591 2493 per
3617 2441 3711 2479 su-

2140 2483 2371 2563 perbiam
2403 2485 2620 2563 fractum
2640 2529 2653 2547 .
2676 2483 2774 2542 aut
2800 2505 2891 2556 per
2919 2483 3188 2545 avaritiam
3218 2483 3459 2561 ruptum,
3488 2483 3578 2547 aut
3613 2510 3711 2563 per

2141 2549 2397 2632 lunarium
2444 2558 2729 2632 resolutum
2779 2549 2900 2632 esse
2943 2549 3342 2629 cognoscimus,
3384 2549 3711 2632 componere

2140 2620 2503 2701 veILreparare
2548 2627 2699 2701 bouis
2737 2629 2984 2701 operibus
3010 2620 3349 2687 festinemus:
3389 2620 3710 2689 Studeamus

2132 2695 2329 2758 jngiter
2349 2695 2589 2749 vitiorum
2614 2696 2892 2752 exhaurire
2913 2702 3189 2754 sentinam.
3213 2702 3326 2755 Non
3347 2706 3489 2757 enim
3513 2714 3713 2758 micent.

2140 2770 2351 2839 peccata
2379 2766 2689 2839 praeterita,
2734 2767 2779 2820 si
2821 2782 2926 2839 non
2970 2770 3176 2838 placent
3221 2774 3517 2838 pnesentia.
3556 2774 3713 2828 Sicut

2138 2832 2277 2912 enim
2305 2832 2431 2912 nulli
2452 2834 2713 2912 justorum
2749 2836 2943 2912 sufﬁcit
2971 2832 3174 2912 'justitia
3198 2832 3334 2912 sua,
3364 2843 3407 2895 si
3447 2859 3550 2895 non
3580 2860 3708 2912 per-

2138 2903 2459 2978 severaverit
2484 2908 2725 2978 nsqueiu
2755 2905 2911 2961 ﬁnem
2938 2925 2950 2961 :
2977 2903 3047 2961 ita
3084 2911 3209 2963 nulli
3243 2903 3710 2978 peccatorum'no-

2138 2981 2261 3048 cere
2287 2972 2480 3048 poterit
2498 2973 2744 3048 iniquitas
2762 2992 2875 3041 sua,
2901 2979 2942 3031 si
2963 2972 3337 3048 autequaufde
3358 2997 3582 3048 corpore
3604 2983 3711 3036 isto

2138 3035 2393 3120 discedat,
2418 3041 2482 3095 ad
2506 3035 2957 3120 eleemosyparum
2983 3035 3215 3103 remedia
3243 3052 3325 3104 vel
3348 3050 3414 3104 ad
3441 3035 3709 3120 paeniten-

2140 3110 2238 3183 tiae‘
2254 3110 2633 3183 medicamenta
2662 3110 2971 3183 confugerit.

2209 3177 2261 3256 fi.
2304 3178 2413 3233 Nec
2440 3181 2532 3256 ulli
2566 3177 2996 3256 procrastiﬁandn.
3044 3187 3316 3256 Religionis
3346 3190 3561 3242 habitus.
3599 3188 3706 3245 Sed

2140 3247 2259 3327 quia
2286 3251 2499 3318 quando
2522 3247 2604 3306 vel
2644 3268 2744 3321 qua
2774 3254 2901 3327 hora
2932 3255 2998 3327 de
3041 3256 3139 3327 hoc
3154 3247 3370 3311 's:ccu|o
3414 3260 3703 3327 rapiemur,

2140 3318 2279 3389 scire
2313 3334 2417 3373 non
2443 3318 2758 3389 possumus;
2783 3324 2897 3378 sine
2925 3325 3026 3378 ulla
3066 3326 3316 3379 dilatione
3351 3329 3430 3381 vel
3465 3318 3613 3382 mora
3639 3318 3707 3384 de

2140 3386 2350 3440 sinistra
2378 3386 2557 3461 fugere
2583 3391 2891 3447 festinemus
2914 3395 2977 3446 ad
3007 3394 3297 3448 dexteram.
3326 3396 3439 3450 Non
3467 3399 3701 3461 sanitati,

2141 3471 2245 3509 non
2270 3459 2411 3511 relati
2440 3461 2761 3514 credendum
2804 3473 2903 3517 est.
2953 3463 3065 3518 Non
3107 3465 3158 3518 in
3201 3466 3487 3519 remedium
3517 3459 3705 3523 salutis

2140 3539 2249 3579 sua:
2278 3541 2489 3604 semper
2526 3529 2937 3604 tardandusest,
2963 3534 3051 3602 qui
3086 3535 3207 3587 vita:
3249 3550 3359 3589 sua:
3386 3551 3600 3604 semper
3624 3538 3705 3599 in-

2140 3605 2321 3674 certus
2357 3599 2524 3674 es_t‘-:
2564 3601 2682 3674 quia
2736 3602 2825 3671 qui
2876 3599 2995 3657 nos'
3022 3618 3239 3658 securos
3287 3604 3410 3659 fecit
3452 3599 3699 3674 dicendo,

2144 3663 2463 3740 Peccatorgin
2490 3663 2595 3740 qud
2624 3670 2703 3722 die
2727 3663 2988 3725 conversus
3011 3674 3182 3740 fuerit,
3219 3690 3388 3727 omnes
3416 3663 3703 3740 iniquitates

2138 3734 2274 3787 illius
2303 3737 2537 3813 oblivioni
2569 3740 2836 3792 traduntur
2864 3734 3073 3813 (Ezeclt.
3102 3734 3250 3809 xvitt,
3276 3743 3335 3797 21
3364 3755 3406 3797 et
3434 3734 3557 3813 2'2);
3590 3747 3703 3813 ipse

2141 3818 2237 3856 nos
2266 3807 2423 3859 etiam
2453 3817 2633 3861 cmitos
2675 3825 2793 3862 esse
2838 3807 3003 3864 voluit
3040 3807 3243 3876 dicens,
3290 3812 3464 3867 Nolite
3499 3807 3703 3869 tardare

2139 3876 2356 3946 converti
2402 3878 2469 3928 ad
2500 3876 2789 3944 Dominum,
2839 3897 2928 3933 nec
2956 3881 3202 3946 (li/feratis
3250 3883 3311 3936 de
3354 3884 3435 3937 die
3472 3885 3526 3937 in
3568 3885 3702 3937 diem

2142 3941 2325 4019 (Eccli.
2356 3961 2413 4019 v,
2456 3946 2536 4015 8).
2562 3948 2614 4001 Si
2648 3941 2785 4003 forte
2812 3941 3035 4018 quando
3059 3952 3380 4019 generaliter
3416 3969 3607 4008 omnes
3634 3955 3699 4007 ad

2139 4014 2517 4093 ptenitentiam_
2549 4014 2928 4093 provocamus,
2975 4014 3350 4093 aliquisgintra
3401 4039 3459 4077 se
3506 4025 3703 4093 cogitet

2138 4080 2339 4146 dicens,
2369 4085 2478 4153 Ego
2499 4080 2707 4161 juvenis
2733 4087 2892 4161 homo
2918 4080 3136 4144 uxorem
3166 4090 3401 4161 habens,
3434 4080 3701 4161 quormido

2139 4165 2354 4220 possum
2398 4164 2487 4231 aut
2515 4157 2733 4224 capillos
2756 4158 3015 4231 minuere,
3048 4170 3137 4213 aut
3164 4160 3395 4231 habitum
3414 4157 3701 4231 religionis

2139 4225 2443 4295 assumere?
2492 4239 2589 4295 nec
2615 4240 2710 4279 nos
2756 4227 2855 4280 hoc
2891 4228 3133 4293 dicimus,
3167 4229 3353 4284 fratres
3378 4225 3697 4295 cliarissiirti,

2140 4305 2246 4368 non
2277 4293 2374 4344 hoc
2392 4294 2760 4368 pnazdicamus,
2794 4305 2849 4368 ut
2865 4296 3086 4365 juvenes
3106 4300 3193 4367 qui
3225 4300 3467 4368 conjugia
3504 4293 3700 4355 habere

2142 4360 2420 4435 videntur,
2441 4362 2675 4435 habitum
2703 4360 3046 4435 niagis'quam
3086 4360 3261 4421 mores
3293 4360 3520 4423 habeant
3555 4386 3698 4424 com-
3730 4428 3738 4434 _

2140 4440 2364 4485 mutare.
2388 4431 2523 4505 Quid
2553 4434 2707 4505 enim
2732 4431 2929 4505 homini
2960 4452 3179 4490 uxorem
3210 4437 3421 4491 habenti
3450 4451 3625 4505 uocet,
3654 4440 3698 4494 si

2139 4514 2315 4554 mores
2359 4502 2589 4574 perditos
2630 4504 2852 4557 voluerit
2893 4506 2957 4558 ad
2987 4521 3146 4574 Opera
3195 4508 3328 4560 bona
3370 4510 3451 4563 vel
3482 4502 3699 4563 honesta

2138 4578 2468 4641 convertere,
2498 4572 2540 4624 si
2570 4583 2906 4641 peccatorum
2947 4572 3163 4629 suorum
3209 4579 3425 4631 vulnera
3468 4580 3699 4631 elecmo-

2138 4643 2302 4715 synis,
2328 4640 2541 4709 jejuuiis
2569 4640 2623 4694 et
2661 4643 2989 4715 orationibus
3013 4645 3077 4698 ad
3112 4646 3389 4699 sanitatem
3421 4648 3697 4715 pristinam

2137 4709 2344 4762 studeat
2395 4711 2681 4764 revocare?
2717 4712 2847 4766 Vera
2878 4715 3016 4767 enim
3065 4717 3341 4769 conversio
3380 4709 3494 4770 sine
3538 4719 3698 4770 vesti-

2139 4788 2431 4832 mentorum
2449 4782 2858 4835 commutatione
2878 4783 3068 4837 sufficit
3083 4785 3181 4838 sibi
3209 4802 3220 4836 :
3240 4785 3555 4839 vestimenta
3575 4803 3701 4839 vero

2138 4847 2380 4918 religiosa
2423 4850 2538 4903 siue
2589 4850 2741 4903 bonis
2773 4853 3023 4918 cperibus
3052 4868 3154 4907 non
3208 4853 3380 4907 solum
3408 4856 3700 4909 remedium

2136 4915 2464 4993 habiarenon
2504 4928 2770 4993 poterunt,
2807 4915 2898 4974 sed
2926 4925 3081 4975 etiam
3109 4923 3309 4991 justum
3334 4925 3423 4978 Dei
3440 4924 3697 4993 judicium

2136 4987 2487 5041 sustinebunt.
2530 4988 2912 5043 Convertamur
2952 5007 3078 5061 ergo
3106 4987 3171 5046 ad
3214 4987 3457 5056 meliora,
3490 4994 3615 5047 dum
3648 4998 3699 5046 iu

2135 5065 2315 5110 nostra
2333 5067 2450 5131 sunt
2476 5066 2731 5131 potestate
2754 5061 2984 5131 remedia
3011 5081 3021 5112 :
3047 5062 3132 5117 hic
3151 5064 3545 5131 exstinguamus
3561 5080 3703 5117 mor-

2136 5133 2241 5179 tem
2271 5127 2543 5180 moriendo
2569 5130 2819 5201 peccatis,
2841 5129 2925 5184 hic
2955 5132 3110 5185 vitam
3139 5134 3259 5185 vita:
3290 5127 3492 5185 meritis
3523 5134 3700 5201 acqui-

2136 5209 2346 5257 ramus;
2388 5206 2669 5264 prmstante
2699 5199 2920 5253 Domino
2968 5212 3146 5254 nostro
3174 5201 3300 5254 Jesu
3346 5200 3582 5265 Christo,
3607 5199 3697 5256 ‘cui

2134 5277 2216 5340 ρει
2246 5264 2414 5340 honor
2463 5275 2516 5319 et
2545 5267 2822 5340 imperium
2850 5285 2966 5322 cum
3001 5272 3154 5325 Patre
3184 5280 3237 5326 et
3276 5272 3473 5340 Spiritu
3516 5264 3699 5326 sancto

2134 5334 2187 5386 in
2212 5336 2402 5389 szccula
2426 5337 2761 5391 seculorum.
2784 5340 2971 5391 Amen.

2196 5573 2211 5604 ί
2237 5579 2373 5636 Forte
2396 5571 2676 5634 legendum,
2697 5583 2751 5625 ut
2769 5574 2909 5627 infra.
2921 5588 3068 5628 serm.
3086 5576 3195 5635 360,
3210 5590 3259 5626 n.
3279 5576 3327 5636 2,
3349 5584 3464 5626 Nam
3484 5576 3533 5626 in
3550 5588 3703 5627 remo-

2131 5632 2271 5708 εἰὶᾳηιΔ
2287 5632 2573 5708 subuersum
2594 5647 2778 5708 semper
2793 5639 2963 5708 tardus
2985 5646 3070 5708 est,
3097 5632 3195 5700 qui,
3224 5632 3321 5689 etc.
3339 5652 3352 5708 ξ
3385 5643 3491 5687 sive
3516 5649 3569 5689 ut.
3593 5640 3694 5689 illic

2132 5695 2279 5763 habet
2303 5702 2441 5763 ns._t.
2462 5703 2557 5763 rm
2581 5695 2847 5750 remedium
2889 5695 3293 5752 salutis'siuc'non
3309 5695 3369 5752 sit
3390 5713 3576 5763 semper
3599 5710 3702 5749 tar-

2133 5756 2241 5819 dus,
2258 5756 2339 5818 qui
2363 5756 2422 5805 dc
2440 5755 2531 5806 tua
2554 5769 2657 5816 sua,
2684 5768 2777 5809 etc.
