4050 6178
331 272 472 328 22!?

335 395 620 448 criminum
663 407 876 448 suorum
903 389 1058 446 sorde
1099 392 1331 516 multatus
1375 400 1487 456 est,
1520 393 1908 460 exomologesis

335 463 698 516 Satisfactioue
739 463 1057 516 muntletttr?
1099 497 1116 515 ι
1147 481 1207 516 ec
1235 464 1298 516 ad
1351 463 1476 516 illud
1507 477 1566 516 se
1609 475 1820 516 servet.
1853 473 1908 516 ιιι

335 463 698 516 Satisl'actioue
739 463 1057 516 mundetur?
1099 463 1207 516 Nec
1235 464 1298 516 ad
1351 463 1476 516 illud
1507 477 1566 516 se
1609 475 1820 524 servet,
1853 473 1910 516 ιιι

335 535 390 584 in
417 543 658 604 extremo
687 535 806 604 vita:
851 548 960 586 sate
992 542 1227 600 tempore
1258 541 1381 604 tunc
1402 533 1774 604 pmuitemiam
1813 549 1912 604 pe-

335 611 414 674 tat
433 644 448 664 ,
477 603 688 674 quando
707 603 815 674 jam
847 617 1004 668 agere
1031 618 1136 674 non
1168 603 1352 674 possit.
1401 602 1600 656 Inutilis
1621 611 1704 657 est
1729 602 1872 658 enim
1892 643 1908 666 ,

335 671 702 734 dilectissimi,
736 673 834 726 ista
873 673 1162 738 persuasio.
1199 671 1388 726 Parum
1417 681 1532 734 est,
1578 681 1910 740 peccatorem

338 743 599 810 inminere
621 783 632 800 ,
663 742 758 792 nisi
781 741 1140 808 puluilcntiam
1173 742 1452 808 peregerit.
1475 741 1554 794 Ad
1583 741 1913 796 emendanda

335 813 480 862 enim
507 811 727 863 crimina
763 827 862 863 vox
904 811 1208 878 pmnitentis
1237 813 1346 864 sola
1377 826 1480 863 non
1509 811 1704 864 sufﬁcit
1743 827 1756 862 :
1791 827 1912 865 nam

336 881 388 932 in
415 879 775 934 satisfactione
803 881 1092 948 ingentium
1118 888 1454 946 peccatorum
1486 895 1594 932 non
1617 881 1774 934 verba
1799 891 1916 934 tan-

334 958 480 1011 tum,
509 950 598 1019 sed
629 965 789 1019 opera
835 959 1162 1016 quzcrttntttr.
1210 949 1374 1002 Datur
1401 950 1614 1018 quidem
1659 951 1818 1004 etiam
1859 951 1914 1003 in

334 1015 590 1072 extremis
637 1015 970 1086 pleuiteutia,
1000 1019 1118 1086 quia
1162 1033 1268 1071 non
1311 1015 1484 1086 potest
1509 1019 1790 1088 denegari;
1821 1020 1914 1074 sed

333 1097 582 1142 auctores
609 1099 782 1142 tamen
808 1103 926 1158 esse
955 1104 1058 1158 non
1087 1102 1398 1158 possumus,
1430 1088 1570 1158 quod
1596 1093 1686 1157 qui
1716 1090 1792 1142 sic
1817 1104 1913 1157 pe-

335 1159 510 1218 tirrit,
563 1153 1097 1226 mercaturabszilvi.
1119 1156 1396 1224 Quomodo
1417 1153 1560 1212 enim
1588 1153 1695 1226 agit
1735 1153 1912 1226 pinni-

337 1229 556 1280 trntianl
585 1225 798 1294 lapsus?
828 1225 1105 1290 Quomodo
1134 1228 1240 1293 agit
1260 1225 1702 1293 pmuitentiam’in
1735 1225 1911 1282 extrec

335 1298 438 1347 tuis
467 1297 585 1347 vit.e
628 1297 815 1348 ﬁnibus
853 1295 1204 1349 constitutus?
1233 1297 1511 1361 Quomodo
1549 1298 1912 1365 paenitentiam

333 1381 496 1432 agere.
525 1367 706 1433 possit.
739 1365 826 1434 qui
847 1367 990 1418 nulla
1013 1367 1120 1432 jam
1146 1380 1240 1432 pro
1265 1380 1324 1420 se
1353 1381 1512 1434 opera
1541 1365 1916 1420 satisfactionis

335 1437 548 1501 aptlrari
583 1433 792 1502 potest?
831 1436 898 1488 Et
945 1435 1064 1488 ideo
1097 1433 1402 1500 poenitentia
1432 1451 1551 1503 qua:
1595 1436 1664 1490 ab
1700 1435 1913 1490 inﬁrmo

336 1507 564 1574 petitur,
615 1505 818 1556 inﬁrma
847 1511 971 1574 est.
1037 1504 1348 1558 [’(Bttitettlia
1415 1521 1535 1572 qua:
1578 1520 1606 1557 a
1655 1507 1916 1560 moriente

334 1573 538 1626 tantum
565 1576 792 1642 petitur,
821 1573 980 1626 timeo
1005 1589 1073 1628 ne
1103 1576 1212 1641 ipsa
1238 1574 1516 1628 moriatur.
1551 1575 1616 1628 Et
1644 1575 1798 1640 ideo,
1829 1575 1914 1628 di-

335 1643 650 1712 lectissimi,
683 1643 1000 1712 quicumque
1050 1645 1286 1697 invenire
1330 1644 1439 1696 vult
1495 1644 1916 1698 misericordiam

337 1711 464 1774 Dei,
496 1728 654 1765 sanus
681 1722 798 1782 agat
820 1711 1184 1782 paenitentiam
1212 1713 1264 1765 in
1291 1713 1390 1768 hoc
1414 1713 1611 1768 seculo
1631 1754 1646 1776 ,
1671 1723 1726 1766 ιιι
1755 1727 1916 1768 sanus

332 1797 455 1837 esse
487 1785 654 1836 valeat
683 1783 734 1835 in
765 1781 962 1835 futuro.

826 1870 1054 1928 διεπιΜο
1090 1871 1286 1928 CCLV!
1331 1872 1430 1943 (a).

333 1959 600 2032 admonitio
621 1973 710 2022 per
729 1973 872 2024 quam
891 1961 1160 2032 ostenditur
1189 1961 1302 2032 quid
1322 1959 1509 2010 intersit
1526 1958 1796 2032 interillam
1820 1972 1917 2032 pte-

399 2021 902 2084 nitcutiainqmecum
931 2021 1320 2084 bonis_operibus
1355 2033 1552 2084 semper
1584 2021 1758 2084 agitur,
1788 2027 1839 2070 et
1857 2021 1915 2070 il-

399 2082 492 2130 lani
512 2097 622 2145 qua:
645 2084 694 2131 in
715 2083 988 2132 inﬁrmitate
1010 2082 1090 2132 vel
1107 2082 1202 2130 ﬁne
1221 2083 1338 2130 Vitae
1357 2083 1601 2144 accipitur.

409 2165 463 2216 l.
493 2165 568 2214 An
611 2165 896 2228 pmnitentia
933 2171 1138 2230 arcepta
1177 2163 1393 2214 moriens
1437 2163 1632 2215 veniam
1675 2161 1912 2215 obtineat.

334 2231 538 2285 Obtinet
557 2234 640 2298 qui
679 2249 730 2284 se
761 2233 814 2284 in
860 2232 1148 2301 panitentia
1189 2241 1232 2284 et
1263 2232 1404 2284 bonis
1449 2230 1684 2300 operibus
1721 2233 1916 2301 jugiter

329 2303 577 2354 exercuit.
623 2301 766 2354 ΜιιΙιὶ
805 2301 874 2354 de
919 2302 1165 2355 fratribus
1195 2302 1276 2354 vel
1305 2301 1424 2354 liliis
1463 2301 1658 2354 nostris
1700 2301 1911 2354 Solliciti

331 2381 496 2430 situt,
539 2381 712 2424 utrum
759 2373 934 2424 omnis
963 2371 1122 2424 homo
1163 2371 1213 2424 in
1257 2371 1558 2424 iulirmilale
1602 2371 1840 2438 positus,
1869 2373 1912 2426 si

333 2442 700 2509 pauimentiam
739 2441 958 2506 accipit,
997 2450 1051 2494 et
1089 2441 1265 2493 statim
1301 2441 1582 2492 defunctus
1627 2439 1818 2504 fuerit,
1846 2442 1913 2494 ad

333 2511 550 2580 plenam
589 2511 754 2577 possit
793 2511 1168 2580 indulgentiam
1203 2510 1520 2580 pervenire:
1553 2517 1606 2564 et
1634 2510 1762 2580 dum
1799 2511 1912 2564 huic

333 2579 640 2647 inquirunt.
673 2596 776 2632 non
815 2583 930 2634 sine
951 2579 1116 2648 parva
1157 2582 1294 2633 inter
1329 2594 1388 2634 se
1423 2579 1756 2633 animositate
1785 2595 1914 2634 con-

333 2649 578 2702 tendunt.
608 2651 708 2703 Alii
735 2651 876 2703 enim
919 2649 1102 2703 dicunt
1148 2666 1266 2702 eum
1297 2649 1384 2718 qui
1415 2650 1491 2702 sic
1519 2649 1814 2718 acceperit,
1845 2649 1910 2702 ad

333 2720 602 2784 integrum
633 2719 874 2779 liberari;
905 2720 992 2772 alii
1019 2728 1192 2772 autem
1219 2733 1398 2786 parum
1432 2721 1684 2786 prodesse
1715 2721 1910 2772 conﬁr-

331 2797 501 2841 mant.
535 2790 671 2853 Quid
701 2802 872 2843 tamen
899 2789 966 2843 de
993 2789 1088 2841 hac
1113 2805 1170 2842 re
1198 2789 1347 2841 nobis
1375 2789 1669 2842 secundum
1693 2800 1908 2842 sancto-

329 2873 454 2910 rum
503 2869 708 2926 patrum
766 2859 974 2927 regulas
1017 2859 1294 2920 videatur,
1363 2857 1594 2913 breviter
1653 2859 1908 2913 Charitali

331 2938 528 2982 γεδιιπε
581 2929 700 2980 volo
729 2943 1030 2996 suggerere.
1059 2927 1170 2981 Non
1204 2927 1492 2998 incongrue
1543 2935 1715 2998 potest
1765 2929 1910 2982 credi

331 2999 506 3050 tribus-
551 2999 720 3050 modis
761 2997 823 3050 ad
855 2999 1008 3051 istam
1039 2997 1753 3065 subltaneam’ptnnitentiam
1782 3013 1907 3065 per-

331 3067 528 3136 veniri.
579 3069 786 3120 Primus
834 3076 888 3120 et
932 3069 1230 3136 praecipuus
1269 3067 1458 3120 modus
1502 3076 1615 3130 est.
1663 3076 1720 3121 ut
1760 3067 1906 3122 chri—

329 3135 538 3190 stianos
557 3137 774 3190 crimina
802 3135 1043 3204 capitalia
1069 3151 1172 3190 non
1197 3136 1463 3201 admittat;
1484 3149 1573 3191 aut
1597 3137 1641 3191 si
1671 3137 1805 3192 forte
1817 3137 1912 3192 ad-

331 3205 570 3275 miserit,
603 3206 680 3260 sic
713 3223 804 3274 pro
831 3207 935 3260 illis
977 3207 1227 3275 pteuiteat
1248 3247 1262 3270 ,
1294 3213 1348 3260 et
1386 3221 1444 3260 ea
1481 3207 1631 3260 bonis
1657 3207 1907 3274 Operibus

329 3274 534 3336 diluat,
575 3285 630 3329 ut
672 3283 854 3344 postea
907 3274 986 3328 ad
1015 3281 1227 3344 peccata
1269 3275 1378 3344 ipsa
1425 3291 1529 3328 non
1583 3275 1794 3340 redeat;
1840 3275 1910 3330 de

329 3346 578 3398 omnibus
631 3345 885 3399 fructibus
941 3345 1176 3399 decimas
1229 3345 1450 3408 reddat,
1506 3353 1560 3398 et
1605 3345 1672 3400 de
1716 3360 1904 3398 novem

333 3414 578 3482 partibus
619 3415 871 3482 quidquid
937 3416 1048 3468 suis
1091 3415 1492 3468 necessitatibus
1549 3414 1904 3482 superfuerit,

331 3484 532 3536 minuta
567 3493 777 3551 peccata
805 3499 923 3551 qua:
965 3485 1198 3553 quotidie
1227 3485 1518 3552 subrepunt
1565 3484 1821 3548 redimat,
1855 3493 1908 3538 et

329 3553 476 3606 illam
499 3553 804 3606 cbaritatem
837 3561 1016 3606 teneat
1055 3569 1172 3622 qum
1197 3569 1299 3606 non
1333 3555 1503 3606 solum
1532 3553 1730 3607 amicos
1750 3593 1766 3618 ,
1811 3554 1904 3608 sed

328 3622 480 3692 ipSos
497 3623 666 3692 diligit
706 3623 968 3678 inimicos.
1000 3621 1102 3688 Qui
1149 3624 1260 3676 lucc
1293 3623 1528 3675 ﬁdeliter
1557 3621 1776 3690 implere
1815 3638 1902 3674 vo-

327 3691 524 3750 luerit,
548 3691 751 3746 etiamsi
780 3693 1144 3761 paenitentiam
1176 3707 1278 3744 non
1317 3692 1569 3760 accipiat;
1597 3693 1720 3760 quia
1760 3707 1905 3747 sem-

328 3775 432 3830 per
452 3761 592 3814 illam
616 3761 882 3816 l'ructuose
909 3771 963 3817 et
995 3762 1219 3816 ﬁdeliter
1242 3763 1376 3830 egit,
1411 3761 1546 3816 bene
1575 3761 1696 3815 hinc
1715 3763 1858 3816 exiet
1887 3779 1898 3814 :

325 3839 388 3884 et
411 3831 454 3882 si
477 3846 540 3883 eo
583 3840 822 3898 tempore
857 3847 962 3900 quo
989 3833 1278 3886 moriturus
1307 3841 1422 3896 est,
1455 3834 1862 3899 catuacceperit
1887 3872 1902 3896 ,

325 3909 386 3953 et
409 3910 610 3968 partem
641 3903 738 3954 sibi
785 3911 836 3954 et
864 3903 1077 3955 Christo
1101 3901 1166 3954 ad
1209 3901 1559 3954 substantiam
1603 3915 1756 3956 suam
1785 3917 1904 3956 cum

327 3969 457 4022 ﬁliis
503 3971 713 4034 fecerit;
743 3987 846 4024 nou
872 3973 1041 4025 solum
1069 3987 1190 4026 eum
1216 3973 1422 4024 veniam
1453 3980 1907 4038 peccatorumcre-

325 4039 808 4110 dimtts_ohtiuere,
832 4041 922 4094 sed
952 4043 1107 4094 etiam
1140 4042 1354 4110 prtemia
1388 4049 1584 4110 aeterna
1615 4042 1904 4107 percipere.

403 4108 456 4160 2.
494 4107 694 4162 Obtinet
726 4122 772 4162 et
797 4113 881 4178 qui
905 4113 1026 4164 vixit
1067 4112 1118 4163 in
1140 4107 1358 4178 peccatis
1369 4127 1390 4174 ;
1417 4109 1505 4162 sed
1525 4125 1624 4178 qua
1657 4110 1780 4179 lege.
1808 4111 1903 4165 Se-

325 4179 538 4232 cundus
561 4179 745 4234 modus
775 4190 854 4232 cst
875 4195 1032 4248 supra
1058 4181 1210 4234 dicta:
1233 4181 1556 4248 poenitentia:
1573 4217 1588 4244 ,
1614 4189 1671 4232 ιιι
1699 4180 1904 4234 etiamsi

325 4249 542 4316 aliquis,
567 4250 816 4317 quatitdiu
841 4251 1049 4312 vixerit,
1094 4265 1196 4303 non
1223 4251 1394 4302 solum
1424 4264 1579 4317 parva
1601 4287 1617 4313 ,
1649 4249 1742 4301 sed
1771 4250 1907 4304 forte

324 4317 492 4370 etiam
537 4320 775 4386 capitalia
821 4322 1114 4373 committat
1157 4327 1402 4386 peccata;
1448 4327 1499 4370 et
1546 4325 1718 4370 tamen
1769 4319 1904 4372 mala

321 4387 446 4458 ipsa
491 4388 758 4455 ignoretur
783 4403 882 4458 qua
929 4405 1022 4458 spe
1065 4391 1384 4456 ptenitentiae
1427 4389 1610 4458 agat},
1645 4402 1742 4440 nec
1770 4388 1904 4458 ideo

320 4453 562 4508 animam
594 4471 742 4510 suam
771 4453 834 4512 ad
865 4453 1076 4527 peccata
1097 4459 1329 4522 relaxet,
1360 4465 1416 4511 ιιι
1441 4453 1504 4510 ὧι
1534 4455 1674 4512 illam
1700 4453 1903 4512 subita—

322 4539 486 4580 neam
533 4527 889 4592 paenitentiam
943 4542 1001 4581 se
1027 4539 1293 4587 reservet;
1340 4537 1393 4582 et
1438 4527 1486 4580 in
1537 4527 1754 4580 transitu
1805 4541 1904 4582 suo

321 4609 454 4648 cum
475 4597 656 4661 grandi
685 4597 976 4651 humilitate
997 4605 1046 4651 et
1069 4597 1244 4651 cordis
1273 4598 1620 4662 contritione,
1657 4609 1774 4649 cum
1807 4613 1901 4650 ru—

321 4665 440 4736 gitu
473 4666 548 4717 vel
574 4666 770 4734 gemitu
797 4669 961 4734 ipsam
989 4667 1349 4736 pteuitentiam
1379 4675 1554 4736 petat;
1596 4675 1650 4719 et
1675 4667 1773 4718 hoc
1802 4665 1900 4720 de-

323 4733 626 4788 linitissinie
667 4736 718 4788 in
766 4733 926 4789 corde
969 4733 1066 4789 suo
1116 4733 1404 4799 deliberet,
1452 4743 1510 4788 ttt
1554 4736 1599 4790 si
1643 4737 1896 4802 evaserit,

317 4803 577 4872 quamdiu
607 4805 827 4866 vixerit,
857 4814 968 4858 toto
993 4805 1153 4860 corde
1182 4817 1234 4860 et
1271 4805 1393 4859 totis
1421 4805 1622 4860 viribus
1667 4803 1901 4857 fructuo-

317 4890 444 4929 sam
491 4877 846 4943 pmttitcntiam
896 4885 1042 4944 agat;
1087 4883 1140 4929 et
1179 4875 1428 4944 quidquid
1470 4889 1527 4927 se
1556 4873 1689 4944 male
1715 4875 1898 4944 tulisse

315 4946 634 5010 cognoscit,
681 4945 746 4998 ad
789 4943 1044 5013 integrum
1091 4943 1414 5008 reddat,’ut
1455 4943 1742 4996 secundum
1770 4943 1898 4998 illud

319 5015 692 5082 preplteticutn
739 5015 977 5080 rapinam
1021 5019 1265 5067 restituat
1288 5013 1493 5082 (Ezech.
1527 5029 1694 5066 xxutt
1719 5053 1734 5076 ,
1766 5013 1852 5077 15)
1880 5054 1896 5076 ,

315 5093 382 5139 et
413 5084 655 5137 omnibus
682 5085 907 5137 inimicis
943 5084 1052 5136 suis
1081 5093 1190 5136 toto
1228 5085 1386 5136 corde
1427 5082 1692 5150 indulgeat
1715 5123 1728 5144 ,
1753 5092 1803 5136 et
1830 5082 1898 5136 de

313 5153 617 5208 subetautia
667 5169 758 5206 sua
806 5169 962 5206 unam
991 5154 1282 5221 portionem
1309 5149 1520 5205 Christo
1544 5149 1600 5206 et
1641 5152 1738 5204 sibi
1777 5167 1896 5206 cum

317 5222 454 5276 ﬁliis
477 5224 586 5275 suis
623 5222 778 5276 faciat
798 5263 811 5282 .
843 5232 895 5278 et
926 5225 976 5276 iu
1010 5226 1120 5291 ipsa
1155 5223 1457 5276 inﬁrmitate
1487 5235 1578 5274 sua
1598 5261 1611 5284 ,
1644 5229 1896 5290 quantum

389 5310 408 5341 ¹
429 5310 502 5375 sic
523 5311 843 5375 laudauensis
857 5311 1032 5362 codex.
1065 5317 1119 5361 Αι
1139 5314 1338 5374 Regius,
1359 5310 1632 5375 ignoranter
1653 5309 1793 5374 quasi
1813 5323 1897 5374 spe

313 5372 611 5437 mutatam
624 5377 753 5437 agat.

385 5434 460 5494 (α)
497 5441 622 5494 Inter
656 5431 944 5483 {sesamum
966 5445 1028 5482 ex
1049 5433 1194 5494 tleglo
1207 5432 1372 5483 codice
1393 5445 1507 5482 cura
1530 5437 1650 5494 v.7c.
1670 5431 1895 5494 Stephani

311 5493 492 5542 naluzii
524 5493 742 5556 vulgatos
771 5496 1016 5554 reperitur
1045 5493 1214 5543 ordine
1233 5499 1488 5544 secundus.
1514 5493 1675 5556 Eidem
1696 5493 1896 5542 Caésario

311 5557 542 5618 tribuunt
571 5555 720 5618 uestri
743 5556 1070 5618 magmipti.
1103 5563 1171 5618 De
1206 5569 1348 5618 Vnum.
1393 5556 1426 5602 5
1449 5555 1559 5618 vtde
1581 5565 1722 5618 supra
1745 5566 1892 5618 scrin.

310 5614 406 5677 77,
429 5629 474 5662 ιι.
503 5617 523 5666 l
547 5651 560 5672 ,
583 5625 632 5677 et
654 5615 878 5677 78,_n."o,
899 5623 952 5664 et
972 5614 1216 5677 sttgusuzii
1247 5625 1395 5664 Serm.
1441 5617 1534 5664 595
1558 5629 1568 5663 :
1593 5615 1656 5662 de
1682 5627 1812 5663 num.
1847 5614 1894 5672 4,

316 5675 438 5726 vale
458 5677 588 5738 Hligli
605 5675 767 5724 bomil.
791 5676 839 5724 6.

565 5747 816 5804 l’nnot.
879 5747 924 5805 Χ
941 5747 990 5806 Χ
1005 5747 1140 5809 XIX
1159 5791 1174 5807 .

1713 271 1940 332 SERMO
1975 271 2192 332 CCLVl.

3465 284 3603 344 2‘218

2025 400 2198 470 potest
2221 433 2236 456 ,
2285 391 2478 470 largas
2539 391 2906 470 elcemosynas
2967 407 3188 470 erogare
3249 399 3522 470 praecipiat
3583 423 3600 459 :

2021 463 2236 538 si_lt:rc
2281 461 2506 516 ﬁdeliter
2564 463 2747 516 humili
2776 461 2848 516 ἐι
2893 461 3121 538 contrito
3162 461 3322 521 corde
3383 461 3604 538 implere

2023 531 2287 608 voluerit,
2336 539 2394 586 et
2445 545 2740 608 possumus
2779 541 2834 586 et
2877 532 3134 588 debemus
3179 538 3411 608 credere
3457 531 3600 608 quoa

2021 601 2070 654 ei
2138 602 2394 654 Dominus
2451 601 2628 654 omnia
2667 601 2935 668 dignetur
3007 613 3222 668 peccata
3289 601 3600 664 dimittere.

2021 669 2314 744 secundum
2355 669 2484 724 illud
2529 667 2930 744 propheticum,
2973 667 3220 744 [feet-ator
3263 675 3314 728 in
3361 693 3605 744 quacum-

2019 755 2114 812 que
2142 739 2232 812 die
2267 755 2533 812 conversus
2562 739 2746 812 fuerit,
2799 756 2968 812 omnes
2997 741 3290 812 iniquitates
3326 739 3434 812 eius
3476 749 3603 801 oblt-

2021 809 2150 862 niani
2177 807 2654 884 ιιναᾴςειιιιιν([ἐμὲσήἶ
2673 825 2796 862 xvnt
2814 850 2830 871 ,
2851 809 2912 884 2i
2933 807 3113 884 etii);
3144 821 3195 864 et
3213 807 3359 884 illud,
3389 813 3453 868 In
3469 833 3603 884 qua-

2019 894 2229 952 eautque
2253 879 2334 932 dic
2351 895 2616 932 conversus
2638 879 2954 948 ingemueris,
2978 881 3144 934 salvus
3165 883 3261 936 eris
3283 881 3394 952 (Μ.
3415 879 3598 944 δι’κιιι,

2169 1016 2233 1069 Id
2259 1032 2392 1091 agre
2426 1017 2670 1091 sentiatur
2697 1017 2761 1070 de
2787 1033 2848 1091 eo
2877 1017 2963 1085 qui
2999 1018 3228 1091 operibus
3257 1023 3598 1091 paenitentiam

2021 1102 2124 1140 non
2176 1088 2410 1162 ostendit.
2466 1087 2678 1162 Tertius
2727 1087 2918 1140 modus
2959 1087 3286 1162 patuiteutitc
3332 1092 3597 1162 aliquibus

2020 1169 2140 1210 esse
2167 1156 2403 1220 videtur,
2435 1157 2479 1210 si
2509 1156 2701 1224 aliquis
2745 1171 2951 1222 semper
2978 1159 3112 1210 male
3141 1159 3358 1222 vivens,
3401 1156 3450 1215 in
3483 1164 3596 1216 exi-

2023 1233 2078 1278 tu
2103 1227 2305 1298 vitatgse
2333 1236 2572 1298 reservet
2593 1226 2658 1278 ad
2685 1225 3070 1298 paenitentiam,
3101 1237 3154 1280 et
3177 1243 3236 1280 ea
3268 1243 3362 1296 spe
3393 1243 3593 1298 peccet,

2021 1306 2077 1364 ut
2107 1310 2201 1364 per
2225 1296 2398 1364 ipsam.
2429 1295 2756 1349 subitaneam
2785 1296 3144 1362 pmnitentiam
3173 1305 3228 1350 et
3251 1295 3439 1356 cuncta
3463 1295 3592 1354 con?

2015 1363 2198 1431 juncta
2244 1363 2472 1438 atstimet
2499 1375 2710 1438 peccata
2742 1364 2962 1438 dimitti;
2995 1374 3056 1438 _et
3095 1375 3268 1438 tamen
3317 1378 3594 1438 postquam

2019 1447 2138 1504 eam
2165 1435 2460 1504 acceperit,
2489 1444 2542 1504 et
2581 1433 2874 1504 illudquod
2904 1433 3042 1487 male
3072 1433 3247 1504 rapuit
3268 1433 3364 1492 nec
3391 1433 3596 1493 iu'sim-

2022 1503 2110 1570 plo
2139 1503 2352 1577 reddat,
2401 1519 2498 1558 nec
2525 1503 2752 1577 inimicis
2793 1503 2904 1558 suis
2943 1512 3054 1577 toto
3096 1503 3257 1560 cerde
3284 1507 3592 1577 indulgeat,

2021 1586 2122 1645 n_ec_
2143 1573 2192 1625 iu
2220 1571 2382 1626 corde
2414 1589 2513 1627 suo
2533 1643 2544 1645 _
2554 1573 2816 1645 deliberet
2837 1613 2852 1635 ,
2881 1581 2940 1645 ut
2964 1573 3006 1626 si
3047 1577 3303 1645 evaserit,
3343 1571 3592 1645 qua'mdiu

2022 1642 2207 1716 vivit,_
2233 1656 2352 1696 cum
2383 1643 2566 1710 grandi
2607 1643 3112 1716 compt_mctione__et
3157 1642 3450 1716 humilitate
3481 1663 3596 1716 pm-

2021 1711 2298 1784 nitentiam
2337 1720 2489 1780 agat,
2531 1725 2628 1765 nec
2657 1711 3090 1784 portionemsibi
3138 1721 3191 1784 et
3229 1713 3440 1768 Christo
3481 1711 3590 1784 pro

2020 1777 2393 1848 redemptione
2413 1777 2746 1848 peccatorum
2783 1777 2852 1834 de
2892 1781 3180 1834 substantia
3208 1797 3298 1836 sua
3327 1799 3444 1836 cum
3473 1777 3594 1841 ﬁliis

2021 1848 2335 1918 suisifaciat.
2379 1849 2466 1904 Sic
2490 1858 2704 1918 accepta
2747 1849 3091 1918 paenitentia,
3132 1851 3176 1904 si
3206 1853 3320 1906 sine
3348 1853 3464 1908 istis
3504 1872 3596 1910 re-

2023 1917 2214 1972 mediis
2241 1934 2360 1986 quie
2397 1934 2554 1987 supra
2596 1917 3006 1972 memoravimus
3028 1959 3043 1981 ,
3071 1921 3262 1973 exierit
3290 1921 3356 1976 de
3385 1925 3482 1978 hac
3512 1926 3592 1978 vi-

2024 1996 2108 2053 ta;
2153 1987 2278 2057 quid
2305 1987 2372 2042 de
2413 2003 2478 2041 eo
2519 1988 2749 2042 futurum
2793 1990 2896 2048 sit,
2931 1989 3052 2042 licet
3089 2005 3186 2042 nos
3225 1990 3400 2046 dicere
3447 1993 3592 2047 dubii

2021 2057 2221 2118 simus,
2270 2057 2520 2110 Dominus
2569 2067 2744 2111 tamen
2793 2058 2842 2110 in
2897 2057 3180 2125 Evangelio
3229 2059 3594 2116 deﬁnitissime

2021 2125 2152 2179 dixit
2183 2143 2195 2178 :
2227 2125 2288 2180 Si
2306 2167 2320 2188 ,
2353 2127 2552 2200 inquit,
2585 2143 2685 2200 non
2727 2127 3014 2200 divitisetitis
3066 2128 3350 2183 hominibus
3391 2144 3593 2200 peccata

2021 2210 2221 2252 eorum.
2253 2212 2342 2248 nec
2384 2195 2540 2266 Pater
2562 2197 2774 2266 dimittet
2801 2195 2934 2266 vobis
2954 2205 3154 2266 peccata
3187 2208 3347 2250 vestra
3380 2195 3589 2266 (Matth.

2019 2277 2074 2318 Vt
2093 2303 2107 2326 ,
2145 2266 2267 2333 l5);
2303 2275 2356 2319 et
2386 2265 2534 2330 illud,
2571 2265 2718 2328 Date,
2749 2274 2794 2316 et
2823 2265 3022 2318 (labitur
3052 2265 3220 2328 vobis;
3249 2265 3514 2332 diutinae,
3543 2281 3590 2325 et

2021 2333 2293 2405 dimittetur
2307 2335 2446 2405 nobis
2475 2335 2621 2405 (Luc.
2651 2350 2736 2405 vi,
2757 2333 2860 2405 758.
2885 2336 2993 2400 57).
3025 2333 3300 2401 Quomodo
3327 2342 3590 2405 peccaturi

2021 2403 2096 2476 illi
2125 2403 2316 2476 dimitti
2345 2403 2573 2476 poterit,
2617 2403 2705 2472 qui
2723 2404 3002 2476 dimittere
3027 2405 3231 2476 noluit?
3257 2403 3347 2460 aut
3367 2423 3591 2476 quomo-

2018 2471 2088 2542 do
2111 2473 2157 2526 ei
2187 2471 2424 2536 dabitur,
2451 2475 2538 2542 qui
2569 2471 2674 2526 non
2704 2473 2881 2528 dedit?
2909 2473 2976 2526 Et
3009 2473 3129 2541 quia
3159 2471 3410 2532 Dominus
3435 2478 3501 2532 de
3523 2479 3588 2532 il-

2019 2541 2085 2597 lis
2107 2543 2202 2612 qui
2240 2541 2608 2612 eleemosynas
2637 2559 2739 2596 non
2769 2543 3022 2596 dederunt
3054 2544 3290 2599 dicturus
3314 2556 3428 2612 est,
3471 2545 3592 2602 Dis-

2021 2611 2180 2665 cedite
2201 2629 2234 2665 a
2254 2629 2364 2687 me,
2391 2611 2676 2687 maledicti,
2704 2614 2769 2687 ἱιιΔ
2785 2613 2947 2687 ignem
2967 2621 3208 2687 internum
3224 2655 3238 2678 ,
3267 2617 3359 2687 qui
3387 2611 3592 2687 praepa-

2019 2691 2162 2754 ratus
2192 2691 2271 2754 est
2296 2682 2496 2754 diabolo
2521 2692 2568 2736 et
2600 2682 2928 2754 rangelis'ejus
2947 2698 2975 2754 ,‘7
2993 2682 3352 2754 quiaresuritti,
3388 2682 3447 2740 'et
3491 2682 3592 2742 non

2019 2751 2228 2826 dedistis
2283 2753 2404 2826 mihi
2453 2750 2780 2826 manducare,
2813 2750 2916 2826 etc.
2959 2750 3169 2826 (Matth.
3205 2750 3588 2826 ttxv,M,42),

2017 2820 2062 2874 si
2095 2822 2180 2875 ille
2205 2823 2257 2876 in
2289 2823 2458 2890 ignem
2484 2823 2729 2886 mittitur,
2755 2823 2844 2890 qui
2872 2822 2940 2876 de
2969 2822 3177 2890 propria
3204 2821 3453 2880 facultate
3483 2820 3588 2879 non

2016 2893 2284 2966 erogavit;
2327 2892 2452 2966 quid
2495 2891 2564 2946 de
2602 2893 2702 2966 isto
2730 2891 3022 2966 prendente
3057 2893 3290 2946 facturus
3333 2905 3443 2966 est,
3501 2897 3589 2966 qui

2017 2959 2134 3014 non'
2153 2963 2324 3016 solum
2348 2959 2418 3016 de
2463 2961 2677 3030 prOprio
2715 2959 2846 3014 nihil
2883 2959 3057 3022 dedit,
3105 2975 3287 3016 verum
3315 2965 3469 3018 etiam
3507 2959 3592 3020 res

2017 3030 2249 3094 alienas,
2295 3045 2424 3098 quas
2455 3031 2592 3084 male
2635 3031 2850 3098 tulerat,
2896 3044 2994 3084 nec
3041 3030 3092 3084 in
3133 3032 3324 3098 simplo
3369 3033 3593 3088 reddere

2017 3100 2220 3153 voluit?
2249 3097 2346 3166 Qui
2393 3100 2510 3153 talis
2549 3107 2630 3152 est
2649 3137 2666 3162 ,
2695 3097 2740 3151 si
2762 3113 2807 3168 Aa
2835 3114 2922 3168 me
2949 3097 3312 3166 pmtiitentiam
3347 3103 3587 3168 petierit.

2013 3177 2176 3224 etest
2217 3169 2288 3240 illi
2320 3177 2448 3240 ictas
2469 3168 2570 3240 cui
2609 3176 2700 3220 aut
2743 3166 2858 3219 dari
2906 3169 3074 3240 possit
3113 3177 3208 3221 aut
3253 3166 3444 3224 debeat
3468 3171 3586 3240 (a);

2015 3239 2376 3306 lmuiteutiatn
2411 3237 2480 3290 illi
2508 3236 2882 3306 dareipossum
2905 3277 2918 3298 ,
2965 3237 3220 3305 integram
3249 3236 3585 3298 secttriutteilt

2013 3305 2141 3361 dare
2183 3323 2286 3360 non
2318 3322 2532 3375 possum
2582 3324 2596 3359 :
2641 3305 2780 3359 Deus
2821 3313 3026 3371 tamen,
3059 3306 3146 3375 qui
3178 3307 3414 3362 omnium
3454 3325 3586 3364 cou-

2013 3376 2261 3430 scieutias
2306 3375 2484 3436 novit;
2529 3381 2584 3428 ct
2626 3389 3052 3444 unumquemque
3087 3377 3384 3444 secundum
3431 3395 3586 3433 suum

2013 3445 2258 3516 meritum
2298 3445 2584 3516 judicabit,
2635 3445 2748 3514 ipse
2777 3445 2876 3516 scit
2899 3443 2998 3516 (pta
3033 3443 3134 3499 ﬁde
3158 3453 3249 3499 aut
3289 3459 3388 3516 qua
3419 3447 3588 3502 inten-

2013 3513 2701 3584 tioneauiuiiptenitemlatn
2725 3513 2892 3582 petiit.
2917 3513 3029 3584 Ego
3047 3530 3170 3568 vero
3187 3513 3347 3570 time—0
3366 3531 3430 3571 ne
3453 3519 3588 3574 forte

2013 3584 2114 3638 iste
2152 3585 2270 3638 talis
2297 3583 2558 3654 paenitens
2584 3597 2681 3638 nec
2725 3585 2776 3636 in
2812 3583 3133 3654 conscientia
3167 3599 3261 3638 sua
3301 3586 3540 3642 habuerit
3569 3631 3583 3652 ,

2013 3654 2151 3722 quod
2195 3654 2247 3708 in
2281 3653 2530 3724 operibus
2554 3667 2658 3708 non
2689 3653 2962 3724 ostendit:
2991 3655 3115 3724 quia
3144 3655 3243 3709 etsi
3289 3669 3383 3710 cor
3407 3657 3587 3713 videre

2013 3739 2118 3778 non
2165 3723 2478 3793 possumus,
2539 3732 2713 3795 tamen
2752 3723 3040 3778 secundum
3081 3725 3434 3795 evangelicum
3461 3741 3586 3782 seu-

2013 3795 2230 3866 tentiatn
2253 3835 2267 3857 ,
2311 3809 2374 3849 ex
2411 3793 2653 3866 fructibus
2693 3807 2864 3846 eorum
2901 3793 3457 3866 cognoscetisfeoslld.
3490 3811 3583 3861 vn,

2015 3863 2140 3932 16),
2187 3865 2312 3918 dmn
2356 3863 2421 3934 ea
2465 3875 2582 3934 quae
2621 3877 2785 3934 supra
2815 3863 3172 3934 scriptasunt
3213 3863 3436 3934 implere
3485 3881 3582 3934 pe-

2013 3931 2154 3988 nitus
2183 3949 2288 3986 non
2318 3931 2574 3987 videmus.
2605 3931 2733 3987 Cum
2764 3932 2875 4002 haec
2901 3934 2970 3984 ita
2997 3933 3124 3996 sint,
3152 3931 3269 4002 quis
3295 3931 3402 3986 non
3435 3931 3584 4002 pote-

2011 4004 2081 4057 rit
2108 4003 2405 4071 prohibere,
2435 4012 2490 4056 ut
2516 4017 2636 4056 eum
2659 4001 2937 4055 credamus
2955 4015 3056 4053 non
3084 4001 3218 4055 bene
3237 4002 3304 4054 de
3331 4001 3443 4057 hac
3468 4003 3584 4058 lucc

2011 4072 2297 4180 migrasse,
2329 4087 2486 4140 quem
2531 4072 2665 4124 bona
2693 4084 2853 4138 opera
2881 4071 3247 4138 cognoscimus
3292 4085 3396 4125 non
3429 4072 3583 4126 fecis-

2011 4157 2070 4180 ιβ
2133 4143 2268 4180 Fl-nn
2317 4141 2441 4180 nnid
2477 4140 2601 4180 naihi
2624 4141 2690 4180 dp
2715 4139 2987 4180 nuhilnnnn
3019 4140 3322 4180 nmnimntin
3353 4141 3560 4180 vidntur-

2011 4139 2110 4196 sc?
2132 4143 2287 4205 Ecce,
2317 4139 2442 4210 quid
2477 4140 2604 4192 mihi
2624 4141 2692 4192 de
2715 4139 2988 4210 subitanea
3019 4140 3323 4210 pmuitentia
3353 4141 3578 4210 videtur,

2011 4211 2268 4280 Charitati
2299 4207 2492 4280 vestrm
2514 4207 2752 4280 exposui.
2784 4208 2839 4260 Si
2866 4208 2986 4277 quis
3007 4216 3118 4272 est,
3151 4209 3232 4263 cui
3261 4225 3324 4263 ex
3353 4209 3438 4264 his
3461 4227 3580 4280 qua:

2010 4279 2240 4335 diximus
2263 4281 2435 4348 aliqua
2465 4278 2724 4332 dubitatio
2752 4285 3029 4348 nascatur;
3059 4285 3114 4332 et
3139 4287 3379 4347 optamus
3417 4278 3581 4334 etde-

2009 4351 2336 4414 sideramus,
2355 4346 2419 4402 ut
2443 4349 2556 4402 dari
2584 4348 2681 4401 sibi
2707 4361 2738 4402 a
2766 4346 2920 4401 nobis
2941 4346 3197 4402 rationem
3224 4362 3343 4403 cum
3371 4349 3578 4418 perfec-

2011 4427 2059 4472 ta
2089 4419 2346 4474 charitate
2375 4419 2626 4488 requirat.

2077 4487 2131 4542 4.
2176 4488 2350 4542 Tutius
2376 4487 2810 4559 est’pmnitentiam
2829 4487 3023 4558 jugiter
3045 4504 3207 4556 agerc.
3239 4488 3420 4544 Hortis
3447 4492 3580 4546 enim

2007 4559 2133 4628 liora
2157 4559 2363 4612 incerta.
2391 4557 2675 4628 [aquibus
2701 4557 2937 4628 consistat
2970 4559 3112 4628 jugis
3149 4559 3242 4612 illa
3269 4562 3576 4628 pmnitentia.

2006 4627 2112 4682 Nos
2141 4637 2314 4682 tamen
2336 4668 2350 4691 ,
2383 4625 2574 4681 fratres
2601 4626 2895 4696 charissimi
2917 4667 2931 4688 ,
2964 4625 3186 4696 ea'qutc
3215 4625 3338 4682 sunt
3378 4631 3576 4684 incerta

2007 4698 2089 4751 vel
2124 4697 2282 4768 dubia
2329 4697 2716 4766 relinquentes,
2761 4695 2883 4768 totis
2927 4695 3126 4768 viribus
3162 4697 3229 4768 de
3271 4699 3357 4768 illa
3405 4701 3578 4768 pmni—

2005 4767 2198 4832 tentia,
2231 4781 2348 4836 qua:
2391 4764 2494 4836 peri
2523 4780 2734 4836 omnem
2777 4764 2935 4836 vitam
2973 4779 3010 4836 ia
3061 4765 3212 4819 bonis
3258 4764 3578 4823 Christianis

2004 4836 2194 4906 agitur,
2221 4835 2316 4904 per
2339 4851 2494 4906 quam
2518 4835 2692 4888 omnia
2710 4844 2774 4906 _ct
2799 4835 3038 4906 capitalia
3068 4837 3288 4890 crimina
3313 4838 3574 4892 damnan-

2006 4904 2090 4959 tur
2108 4948 2122 4968 ,
2154 4915 2206 4959 ct
2235 4904 2436 4958 minora
2469 4912 2678 4972 peccata
2700 4904 2896 4972 jugiter
2924 4905 3256 4959 redimuntur
3276 4947 3288 4966 .
3321 4910 3574 4963 attentius

2003 4977 2324 5044 cogitemus;
2355 4985 2496 5044 quae,
2527 4975 2570 5027 si
2599 4973 2849 5044 quamdiu
2873 4974 3099 5028 vivimus
3126 4991 3245 5028 cum
3272 4977 3422 5029 lmnis
3448 4991 3574 5044 0pc-

2002 5043 2147 5099 ribus
2170 5043 2392 5114 agimus,
2423 5045 2628 5114 plenam
2659 5043 3172 5114 nobisisecuritatem
3201 5045 3267 5099 de
3297 5045 3386 5098 Dei
3416 5043 3576 5097 mise-

2003 5111 2229 5169 ricordia
2258 5111 2553 5183 pollicetur.
2581 5111 2716 5167 Cum
2745 5113 2885 5168 enim
2911 5127 3096 5168 omnes
3122 5113 3364 5167 homines
3401 5117 3574 5183 pinni-

2063 5248 2146 5311 (a)_
2166 5255 2261 5297 Non
2281 5247 2411 5311 enim
2426 5247 2556 5311 omni
2593 5247 2721 5311 aetati
2743 5245 3098 5311 concedebatur
3119 5244 3419 5311 poenitentia.
3459 5248 3576 5298 Hinc

2001 5307 2211 5380 eredas
2233 5308 2531 5380 inmensis
2550 5309 2626 5380 αξξ
2648 5307 3102 5380 (merrtem
3124 5307 3234 5380 se":
3259 5307 3352 5380 t5=
3388 5326 3408 5380 ε
3431 5313 3576 5358 Juve-

2007 5367 2196 5418 (nibus
2214 5367 2360 5418 etiam
2382 5371 2659 5431 imitantia
2681 5381 2777 5418 non
2809 5367 2945 5416 facile
2967 5367 3245 5431 conimitten
3267 5371 3306 5431 ’,ιι
3330 5376 3434 5426 est,
3463 5383 3572 5431 pro~

2007 5447 2028 5474 ι
2053 5438 2184 5492 pter,
2219 5425 2394 5478 aatatis'
2417 5429 2741 5492 ﬂagitantem.
2772 5444 2814 5492 τε,
2843 5425 3098 5492 concilium
3143 5425 3487 5492 Aurelianense
3510 5431 3572 5490 5,

1998 5489 2104 5539 can.
2129 5490 2220 5538 Si:
2255 5507 2278 5535 ι
2301 5497 2365 5554 L-t
2393 5503 2456 5538 ne
2491 5489 2599 5554 quis
2636 5489 3026 5540 benedictionem
3061 5489 3357 5554 pmnitentite
3384 5492 3573 5554 juvent-

2007 5571 2027 5598 ιι
2051 5554 2143 5598 bus
2177 5553 2396 5613 personis
2433 5550 2640 5600 credere
2677 5555 2949 5613 premat.
2986 5550 3127 5613 certe
3157 5550 3445 5613 conjugatls,
3482 5554 3572 5600 nisi

2007 5629 2030 5657 α
2055 5625 2118 5660 ex
2133 5608 2380 5674 gaiusetisn
2408 5615 2606 5674 lat-tium
2630 5608 2690 5660 et'
2715 5618 2858 5660 :etate
2877 5611 2974 5672 jam
3005 5608 3148 5672 plena
3167 5643 3181 5668 ,
3206 5608 3324 5658 cani
3335 5608 3452 5660 dare
3477 5625 3573 5662 non

2009 5694 2033 5725 ο
2051 5673 2241 5722 audeat.
2267 5689 2290 5717 ι

2859 5753 3388 5824 ,τεοῐα-αητο-ᾱίεε.)
