4054 6190
1266 272 1283 297 \

423 307 549 363 225!

421 444 526 482 non
558 428 754 491 licebit,
797 428 932 482 sicut
974 428 1098 483 dicit
1127 442 1301 482 sermo
1329 427 1569 491 divinus,
1605 427 1856 493 Quoniam
1896 445 1996 482 non

419 509 491 552 est
538 498 589 549 in
618 508 774 551 morte
797 498 881 567 qui
915 514 1101 551 memor
1142 498 1203 551 sit
1254 498 1327 550 tui
1370 499 1387 567 (
1417 496 1559 551 Psal.
1592 514 1667 557 νι.
1700 496 1732 553 6
1764 499 1802 563 ).
1852 498 1997 551 Sicut

420 582 547 636 ergo
579 569 646 620 ibi
671 566 815 621 nulla
851 568 1118 622 timebitur
1144 566 1452 621 meritordm
1478 568 1727 630 amissio;
1764 568 1834 621 ita
1857 568 1997 620 nulla

422 638 741 692 retribuctur
772 638 1013 690 remissio
1034 645 1398 703 peccatorum;
1430 638 1570 690 nulla
1613 638 1679 691 ibi
1705 638 1817 705 jam
1849 652 2001 690 exer-

421 708 575 759 ccudi
633 707 755 787 boui
781 707 957 787 operis
994 706 1201 787 licentia
1231 707 1569 787 concedetur:
1606 707 1866 787 Numquid
1895 706 2002 760 illic

425 792 639 843 pascere
665 775 854 844 aliquis
879 777 1198 830 esurientem
1230 777 1440 843 poterit,
1474 777 1559 829 tibi
1589 775 1780 829 edendi
1808 791 1996 829 neces-

422 848 549 898 sitas
580 860 681 897 nou
723 845 853 909 erit,
887 846 971 899 tibi
999 845 1117 898 cibo
1146 854 1198 898 et
1236 855 1361 913 potu
1399 860 1495 898 nec
1521 845 1712 914 impius
1750 846 1887 899 inter
1918 845 2001 897 in-

425 916 455 966 fc
479 916 554 966 rni
583 914 853 979 flammas,
888 930 985 967 nec
1024 915 1141 981 pius
1175 914 1313 968 inter
1344 915 1570 982 paradisi
1601 915 1821 969 delicias
1864 914 2001 967 iudi-

422 984 564 1049 gcbit
594 984 616 1036 ?
648 983 912 1052 Numquid
952 985 1020 1037 ibi
1052 985 1315 1053 algentem
1348 986 1541 1039 vestire
1567 985 1873 1052 continget,
1914 984 2001 1037 tibi
2031 1045 2035 1049 _

421 1054 638 1106 omnino
680 1053 884 1122 tegendi
924 1055 1164 1121 corporis
1190 1068 1316 1107 cura
1346 1055 1602 1116 cessabit,
1642 1055 1730 1106 ubi
1778 1054 1879 1107 sub
1911 1054 2002 1106 illo

424 1124 640 1191 frigore,
681 1123 748 1177 de
793 1138 898 1191 quo
929 1124 1181 1193 propheta
1231 1124 1374 1186 dicit,
1407 1123 1535 1193 Ante
1579 1124 1759 1191 faciem
1799 1124 2003 1193 frigoris

423 1190 531 1260 ejus
562 1194 672 1260 quis
692 1190 974 1263 subsistet(
1000 1190 1140 1263 Psal.
1171 1208 1383 1256 CXLVII,
1422 1191 1528 1262 l7)
1557 1194 1580 1246 ?
1620 1194 1706 1247 ubi
1736 1190 2006 1260 in'perpei-

425 1272 570 1333 tuum
601 1262 774 1316 nudus
812 1264 945 1326 erit,
970 1262 1071 1333 qui
1100 1262 1188 1316 hic
1214 1263 1577 1316 indumentum
1608 1264 1843 1331 nuptiale
1877 1278 2001 1333 per-

424 1332 617 1385 diderit
650 1349 664 1397 ;
698 1332 785 1386 tibi
824 1332 1011 1387 malus
1038 1333 1317 1386 maculosa:
1356 1333 1695 1387 conscientia:
1731 1332 1998 1397 tenebris,

426 1403 596 1454 bonus
632 1418 757 1455 vero
803 1403 959 1469 pallio
988 1403 1395 1455 iuunortalimis
1430 1412 1482 1455 et
1508 1402 1844 1456 beatitudinis
1879 1416 1999 1455 vcs-

428 1471 587 1523 tietur
614 1488 629 1537 ;
664 1471 750 1524 tibi
788 1472 1091 1525 indumenta
1124 1472 1309 1524 merita
1344 1482 1501 1525 erunt
1542 1490 1553 1523 :
1585 1474 1721 1525 sicut
1752 1471 2001 1525 Dominus

426 1540 591 1603 dicit,
639 1540 774 1593 Justi
805 1540 1064 1610 fulgebunl
1092 1540 1219 1593 sicut
1259 1542 1337 1594 sol
1368 1541 1533 1609 (Sap.
1564 1556 1641 1603 III,
1669 1542 1725 1607 7)
1756 1558 1767 1591 :
1796 1550 1848 1594 et
1880 1556 2001 1607 pro-

427 1609 603 1678 plu-ta,
634 1609 931 1664 Sacerdotes
961 1612 1030 1663 tui
1054 1612 1331 1663 induantur
1338 1612 1587 1679 justitiam
1608 1610 1627 1680 (
1638 1610 1776 1663 Psal.
1807 1625 1997 1672 cxxxt,

427 1680 502 1746 9)
534 1697 546 1743 ;
593 1681 675 1733 vel
709 1681 832 1733 illud
863 1722 878 1745 ,
917 1681 1083 1733 Astitit
1118 1682 1289 1749 regina
1318 1698 1348 1732 α
1382 1680 1569 1733 dextris
1596 1681 1693 1732 tuis
1734 1681 1785 1731 in
1825 1680 2002 1731 vestitu

427 1750 669 1802 deaurato
692 1749 860 1817 (Psal.
894 1767 1034 1814 κων,
1072 1750 1229 1818 l0)?
1269 1750 1368 1803 Ubi
1407 1765 1533 1813 ergo
1566 1764 1659 1817 pro
1696 1758 2000 1801 sanctorum

426 1832 708 1885 corporum
751 1821 926 1872 tunica
971 1820 1058 1872 lux
1103 1820 1323 1889 fulgebit
1369 1828 1564 1872 interna
1596 1860 1611 1883 ,
1659 1819 1729 1871 ibi
1781 1818 2001 1889 vestitus

429 1888 590 1940 nullis
619 1905 845 1956 unquam
882 1890 1089 1943 szcculis
1118 1887 1389 1942 exiteudus
1416 1898 1753 1941 convertetur
1800 1887 1849 1939 in
1884 1902 2003 1940 cor-

433 1974 527 2023 pus
557 1975 571 2021 ;
596 1959 661 2009 ibi
696 1958 1060 2013 indumentum
1093 1959 1334 2011 transibit
1364 1958 1414 2010 in
1448 1957 1720 2026 przcmium
1753 1973 1767 2021 ;
1805 1956 1875 2008 ibi
1901 1971 1999 2008 au-

427 2027 593 2094 gelica
622 2028 707 2079 illa
748 2028 880 2081 stola
907 2044 1009 2081 non
1045 2028 1151 2097 jam
1177 2029 1281 2082 erit
1304 2028 1563 2093 amictus,
1606 2041 1711 2080 non
1746 2027 1853 2094 jam
1902 2026 2004 2078 erit

431 2097 639 2150 habitus
658 2138 671 2159 ,
702 2098 793 2151 scd
833 2106 1039 2151 natura.
1064 2097 1323 2166 Numquid
1352 2097 1419 2150 ibi
1445 2097 1553 2165 jam
1586 2112 1775 2150 avarus
1800 2105 1888 2166 aut
1926 2106 2002 2166 te:

430 2181 532 2219 nux
559 2166 625 2220 de
649 2166 966 2220 abundantia
991 2182 1084 2220 sua
1110 2164 1248 2221 bene
1272 2164 1621 2220 facere’alteri
1658 2165 1883 2234 poterit,
1914 2164 2003 2218 tibi

427 2250 530 2307 nec
557 2237 657 2307 sibi
689 2252 847 2290 uuam
884 2246 1086 2307 guttam
1119 2236 1169 2289 in
1198 2236 1375 2290 medio
1406 2237 1585 2307 stagni
1610 2235 1880 2289 aestuantis
1907 2249 2004 2307 vo-

430 2306 603 2359 luntas
623 2305 1051 2361 inveuictVNihil
1076 2306 1217 2361 enim
1246 2320 1427 2361 secum
1449 2306 1514 2360 de
1541 2306 1622 2358 bis
1645 2321 1763 2374 qua:
1793 2305 2000 2372 propria

427 2374 625 2431 habere
665 2392 724 2431 se
752 2376 1006 2439 credidit,
1058 2384 1362 2445 portaturus
1389 2383 1469 2429 est
1491 2415 1505 2436 ,
1534 2376 1679 2445 rsicut
1703 2375 1843 2428 dixit
1879 2389 1999 2442 pro-

428 2445 585 2513 pheta
617 2463 629 2499 :
665 2445 785 2500 Non
812 2449 943 2499 enim
963 2444 1077 2499 cum
1098 2446 1355 2510 morietur,
1379 2444 1587 2513 accipiet
1608 2446 1777 2497 omnia
1799 2484 1815 2507 ,
1846 2459 2003 2512 neque

428 2512 580 2569 simul
602 2517 861 2570 descendet
881 2533 993 2570 cum
1018 2533 1075 2570 eo
1092 2514 1255 2585 gloria
1275 2516 1451 2568 domus
1478 2512 1585 2583 ejus
1607 2512 2000 2585 (PsaleLvui,

429 2585 536 2651 13)
569 2602 583 2647 ;
616 2588 889 2640 auditurus
933 2587 1069 2640 inter
1092 2582 1383 2639 'indefessa
1428 2582 1683 2651 supplicia
1705 2624 1720 2648 ,
1765 2582 2000 2646 Esurivi,

430 2664 596 2708 etnon
640 2655 845 2710 dedistis
872 2657 995 2709 mihi
1024 2659 1329 2708 manducare
1356 2669 1375 2717 ,'
1402 2654 1556 2717 sitivi,
1585 2664 1629 2707 et
1669 2670 1768 2705 non
1797 2653 2005 2705 dedistis

429 2724 555 2776 mihi
580 2727 741 2780 bibere
765 2726 976 2793 (Matth.
1008 2740 1139 2787 xxv,
1172 2724 1283 2795 42).
1316 2724 1674 2791 lntelligamus
1705 2722 1829 2790 quid
1856 2722 2005 2795 datu-

429 2795 659 2847 nationis
680 2792 781 2849 erit
801 2796 1058 2863 spoliasse
1088 2792 1392 2862 pauperem,
1417 2808 1574 2860 quem
1610 2808 1871 2846 summum
1897 2792 2005 2844 cri-

429 2878 553 2916 men
581 2872 663 2917 est
702 2881 806 2917 non
851 2865 1076 2933 pavisfe.
1118 2864 1423 2933 lluiciergo
1461 2863 1554 2933 qui
1577 2870 1805 2933 tenuem
1849 2869 2007 2929 atque

430 2948 654 3000 egenum
701 2934 815 2987 sine
851 2930 953 2987 ulla
997 2932 1153 2985 futuri
1190 2930 1379 3000 judicii
1408 2930 1833 2985 consideratione
1866 2945 2007 2985 nunc

430 3002 711 3082 opprimit;
742 3003 885 3067 huic,
911 3004 1146 3071 inquam,
1176 3004 1311 3082 sicut
1335 3002 1547 3082 quidam
1569 3001 1725 3082 dixit,
1752 3001 2007 3082 adveniet

431 3079 639 3139 tempus
666 3087 910 3142 magnum
930 3114 943 3138 ,
975 3070 1093 3126 cum
1133 3070 1393 3142 optaverit
1422 3086 1452 3124 a
1479 3087 1537 3125 se
1564 3070 1725 3124 fuisse
1752 3070 2006 3142 intactum

432 3140 827 3263 pauperemfet
856 3158 958 3196 non
981 3142 1282 3211 spoliatum,
1308 3141 1555 3210 diemque
1600 3142 1744 3194 illam
1774 3140 2003 3193 oderit‘.

461 3212 783 3263 ntolerabilis
811 3213 966 3263 dolor
989 3212 1091 3263 erit
1114 3252 1129 3263 .
1158 3213 1203 3263 si
1233 3212 1455 3263 ouisuue
1496 3226 1685 3263 causas
1713 3210 1898 3263 mortis
1926 3210 2003 3263 in-

461 3212 783 3265 ntolcrabilis
811 3213 966 3267 dolor
989 3210 1091 3265 erit
1114 3252 1129 3275 ,
1158 3213 1203 3265 si
1233 3212 1455 3280 quisque
1496 3226 1685 3265 causas
1713 3210 1898 3263 mortis
1926 3210 2008 3265 in-

380 3326 393 3341 ,
431 3294 647 3343 currat,
677 3282 817 3337 unde
858 3284 977 3335 vita:
1007 3283 1193 3352 gaudia
1233 3296 1545 3349 comparare
1585 3281 1858 3352 potuisset,
1892 3280 2005 3333 Noli

433 3352 854 3423 crgodcspicere
874 3349 1106 3423 inepem,
1130 3352 1217 3421 qui
1235 3366 1355 3405 cum
1380 3352 1478 3404 sibi
1508 3365 1704 3423 pauper
1723 3351 1809 3411 sit,
1836 3349 2009 3423 facere

436 3434 486 3474 Ie
538 3420 753 3475 divitem
807 3420 996 3490 potest.
1046 3420 1328 3489 Rapiamus
1369 3435 1495 3488 ergo
1534 3420 1599 3473 de
1640 3420 1883 3490 prg‘seuti
1910 3434 2010 3473 sae-

432 3491 576 3553 culo,
608 3486 825 3545 ferventi
866 3486 1168 3553 devotione.
1196 3489 1337 3559 quod
1363 3486 1660 3558 possumus.
1689 3486 1805 3541 Cito
1832 3499 2007 3543 trans-

433 3571 557 3614 eunt
603 3561 717 3615 dies
757 3562 919 3615 nostri
953 3578 967 3625 ;
997 3562 1194 3613 utinam
1226 3561 1361 3613 bene
1407 3569 1695 3622 transeant,
1726 3560 2011 3627 Rapiamus

434 3645 561 3697 ergo
590 3631 730 3698 quod
768 3645 1049 3698 possumus
1078 3631 1143 3683 de
1174 3630 1276 3683 hoc
1303 3630 1500 3683 szcculo
1524 3669 1538 3691 ,
1570 3630 1766 3697 gratias
1794 3639 2010 3696 agentes

435 3698 510 3751 illi
542 3701 627 3768 qui
670 3700 739 3753 ita
765 3700 1090 3767 dispensavit
1128 3710 1404 3767 utramque
1435 3699 1595 3768 vitam
1619 3738 1633 3759 ,
1677 3707 1735 3751 ut
1771 3698 2009 3751 laborum

434 3776 487 3821 et
514 3766 738 3836 agonum
784 3766 1020 3837 tempora
1066 3769 1171 3822 cito
1222 3767 1541 3828 liuircntur;
1586 3766 1845 3821 bonorum
1886 3782 2012 3821 vero

435 3845 487 3892 et
519 3838 852 3908 prientiorum
881 3836 1069 3909 gaudia
1110 3838 1223 3891 sine
1254 3840 1356 3891 line
1384 3836 1656 3890 durarent.

895 3926 1127 3983 SERMO
1164 3925 1413 3982 CCLxIII
1467 3926 1564 3996 (η).

437 4018 701 4088 monitio
722 4021 782 4070 ad
799 4021 1023 4088 geos_qui
1056 4025 1223 4088 putant
1245 4017 1371 4088 quod
1409 4016 1505 4088 illis
1526 4016 1585 4065 ad
1610 4016 1754 4088 vitam
1780 4024 2013 4088 cateruam

498 4084 731 4193 suilliciat,
770 4084 812 4132 si
835 4078 973 4133 male'
1008 4078 1104 4131 neu
1148 4078 1386 4141 fecerint,
1434 4078 1623 4128 etiamsi
1660 4079 1785 4127 bona
1809 4078 2014 4141 implere

500 4155 559 4192 uo
583 4152 761 4194 ueriut.

510 4230 561 4282 1.
591 4228 632 4280 Α
658 4227 791 4280 malo
820 4227 1066 4280 abstinere
1095 4242 1195 4278 non
1222 4223 1417 4293 suﬂicit.
1454 4222 1597 4276 Multi
1645 4232 1787 4287 sunt,
1812 4222 2015 4293 fratres

441 4298 760 4357 cltarissimi,
803 4297 892 4364 qui
939 4304 1123 4363 putant
1160 4292 1301 4363 quod
1331 4295 1408 4364 eis
1440 4294 1537 4346 IIoc
1563 4293 1732 4364 solum
1759 4292 1823 4346 ad
1855 4295 2013 4345 vitam

441 4378 694 4421 aeternam
725 4363 981 4429 sufficiat,
1013 4366 1057 4417 si
1098 4379 1258 4432 opera
1308 4363 1444 4415 mala
1496 4378 1597 4414 non
1654 4363 1893 4415 fecerint.
1953 4364 2017 4415 Et

444 4439 563 4490 ideo
618 4437 661 4489 si
696 4436 783 4504 qui
837 4434 972 4487 forte
1024 4444 1167 4498 sunt,
1192 4433 1280 4501 qui
1322 4447 1379 4483 se
1427 4433 1522 4485 ista
1562 4433 1689 4504 falsa
1735 4435 2018 4504 securitate

444 4501 744 4574 decipiunt;
790 4504 1153 4557 definitiSsiine
1205 4510 1527 4574 cognoscant
1570 4502 1690 4568 quia
1723 4501 1848 4574 nulli
1878 4502 2019 4574 citri-

444 4570 616 4629 stiaiio
657 4573 853 4628 sufficit
893 4574 935 4626 si
990 4571 1353 4625 tantummodo
1410 4570 1606 4622 malum
1646 4586 1748 4623 non
1798 4571 2016 4634 fecerit,

446 4647 546 4699 nisi
578 4652 831 4713 quantum
878 4644 1143 4711 potuerit,
1210 4640 1496 4713 etiauiilla
1540 4654 1657 4713 qua:
1707 4649 1827 4693 sunt
1883 4641 2017 4713 bona

447 4707 793 4783 compleverit
842 4707 1021 4783 :quia
1071 4712 1157 4766 ille
1203 4710 1290 4783 qui
1322 4710 1502 4783 dixit,
1553 4707 1758 4783 Diuerte
1785 4726 1815 4761 a
1863 4711 2019 4783 muto;

450 4778 733 4853 ipsc-dixit,
766 4783 829 4837 Et
858 4778 938 4852 {ac
964 4782 1145 4853 bonum
1180 4778 1346 4851 (Psal.
1370 4795 1538 4853 _xxxui
1561 4820 1574 4841 ,
1603 4779 1711 4853 iii).
1739 4778 2019 4853 lpsc__cuir_n

448 4848 500 4909 in
548 4854 829 4921 Evangelio
858 4848 1168 4906 terribiliter
1190 4848 1295 4903 nos
1320 4849 1569 4921 admonet
1597 4849 1778 4921 dicetis
1797 4891 1810 4911 ,
1848 4848 2022 4921 Omnis

447 4926 598 4979 arbor
626 4919 738 4991 quia
765 4940 863 4976 non
913 4922 1031 4991 facit
1078 4919 1543 4991 fruetunrbonuin,
1574 4920 1848 4991 excidatur
1884 4930 1929 4991 et
1971 4920 2023 4991 in

446 4998 613 5066 ignem
640 4987 870 5066 mittetur
899 4987 1110 5066 (Matth.
1143 5006 1220 5052 III,
1264 4989 1375 5059 10).
1415 4989 1526 5066 Non
1556 4987 1706 5066 dixit,
1741 5004 1857 5066 qua:
1902 4988 2022 5041 facit

446 5058 642 5119 malum
670 5058 936 5125 fructum;
976 5061 1099 5124 sed,
1133 5076 1246 5129 qua:
1289 5058 1389 5112 nan
1420 5060 1539 5128 facit
1571 5061 1790 5129 fructum
1816 5058 2019 5129 bonum.

447 5136 583 5189 Hinc
624 5135 766 5189 enim
814 5132 1035 5202 potestis
1080 5128 1369 5199 agnoscere
1397 5128 1577 5202 quam
1623 5142 1770 5202 Spem
1828 5128 2024 5182 habere

449 5205 644 5273 poterit
680 5205 767 5273 qui
809 5198 944 5260 mala
988 5198 1203 5273 fecerit,
1237 5198 1449 5273 quando
1486 5200 1575 5253 ille
1607 5199 1695 5273 qui
1738 5198 1872 5273 bona
1915 5213 2022 5273 non

449 5267 652 5341 iecerit,
684 5267 955 5329 éxcidetur
978 5281 1032 5330 et
1064 5272 1115 5326 in
1156 5267 1330 5342 ignem
1366 5269 1622 5323 mittetur.
1652 5267 1805 5323 Unde
1834 5277 1887 5323 et
1914 5268 2027 5337 ipse

508 5386 1017 5447 |AI.,Quemoderat.
1173 5444 1183 5449 Α
1242 5445 1251 5449 _
1452 5439 1479 5449 ,Α
1685 5439 1746 5449 _,
1836 5438 1849 5449 _

507 5438 814 5512 (a)_éa§sari9
854 5449 904 5512 in
949 5444 1281 5512 manuscriptis
1322 5439 1798 5512 tribuiturhestqite
1836 5438 2026 5487 liomitia

480 5500 608 5570 itus"
640 5522 704 5557 ex
729 5507 935 5570 vulgatis
954 5519 984 5556 ει
1004 5500 1203 5570 ῐξίιιιιιὶοἷ
1230 5512 1298 5570 De
1332 5515 1475 5570 _num_._
1510 5502 1547 5570 1⁸
1563 5500 1674 5570 vide
1710 5513 1853 5561 supra
1875 5513 2025 5547 serui.

510 5561 599 5630 ,Vn.
638 5571 699 5629 ὃς
745 5561 963 5618 όθνηινω.
1006 5566 1065 5625 2,
1094 5566 1290 5630 (Cesarii
1330 5562 1496 5630 homil.
1519 5561 1625 5630 2t,
1645 5570 1698 5611 et
1718 5575 1859 5630 supra
1878 5574 2025 5630 scr_n_1.

446 5623 620 5742 77,811.
646 5623 697 5693 δέ
720 5638 771 5679 ct
792 5630 876 5691 78,
911 5644 956 5679 η.
986 5623 1139 5691 3;dc
1162 5638 1293 5677 num.
1322 5626 1367 5688 4,
1392 5638 1538 5675 serui.
1575 5623 1656 5681 t6,
1707 5638 1752 5671 [ι.
1782 5623 1827 5684 4,
1857 5630 1904 5673 et
1946 5623 2023 5684 37,

447 5704 495 5741 τι.
564 5723 576 5741 .

447 5704 495 5741 τι.
527 5704 576 5741 Β.

1852 311 2210 366 ΛΡΡΕΝῡΙΧ.

3545 327 3687 382 913?.

2575 427 2671 495 Qui
2698 430 2841 485 habet
2872 431 3112 485 mandata
3143 450 3251 486 mea
3278 445 3323 487 el
3350 438 3471 497 facit
3497 457 3573 497 ea.
3606 444 3694 495 ille

2109 506 2181 550 est
2200 498 2285 576 qui
2302 498 2468 576 diligit
2495 497 2896 576 nie_(.lqan._xtv,
2914 500 3007 576 gl)
3031 511 3127 576 ;_et
3153 503 3303 571 illud,
3330 497 3467 568 Quid
3493 512 3694 576 prodest

2108 568 2441 649 quodid-mitis
2472 567 2878 649 mihikp‘optine,
2913 567 3155 637 Domine,
3192 584 3239 626 et
3265 567 3364 629 non
3390 567 3556 645 facitis
3582 597 3696 649 qua:

2108 636 2221 708 dico
2249 636 2460 708 (Matth.
2488 654 2581 697 vlt,
2612 638 2743 708 21)?

2275 707 2374 782 14a
2396 708 2451 782 in
2478 706 2921 782 judidolsecrgus
2957 712 3156 782 futurus
3184 712 3249 765 sit
3273 716 3358 782 qui
3390 714 3558 770 aliena
3590 734 3693 771 non

2106 776 2240 828 tulit.
2272 776 2374 831 Sed
2402 777 2529 849 dicit
2549 777 2738 846 aliquis
2769 796 2780 831 :
2808 778 2919 849 Etsi
2948 776 3014 832 de
3055 781 3213 835 rebus
3241 776 3374 837 m'eis
3396 801 3499 838 non
3524 787 3645 841 dedi
3672 829 3686 849 ,

2109 854 2283 922 tamen
2310 861 2412 922 res
2432 846 2631 922 alienas
2657 862 2758 900 non
2787 848 3008 922 abstuli;
3036 865 3255 905 securus
3280 869 3398 907 esse
3422 865 3606 922 potero
3637 846 3687 911 in

2107 913 2193 967 die
2231 914 2434 982 judicii.
2485 916 2769 985 Diligenter
2802 918 3097 983 attendite,
3139 930 3193 974 et
3228 923 3395 975 nolite
3424 913 3517 977 vos
3558 926 3687 980 falsa

2107 986 2390 1059 securitate
2417 986 2845 1059 decipereirQuid
2872 998 2951 1059 est
2982 991 3122 1042 enim
3158 993 3297 1059 quod
3328 993 3586 1048 Dominus
3606 998 3679 1049 di-

2106 1054 2220 1106 cit?
2247 1052 2371 1125 Cum
2396 1052 2578 1108 venerit
2608 1052 2775 1108 Filius
2814 1057 3029 1111 hominis
3068 1060 3118 1110 in
3149 1052 3379 1114 claritate
3405 1080 3496 1115 sua
3522 1104 3535 1125 .
3566 1081 3688 1120 con-

2106 1124 2445 1203 gregabantur
2472 1134 2588 1177 ante
2616 1142 2729 1203 eum
2756 1142 2938 1203 omnes
2964 1137 3131 1197 gentes
3154 1171 3167 1194 ,
3210 1140 3259 1184 et
3283 1124 3561 1203 segregabit
3602 1152 3685 1191 eos

2105 1191 2168 1266 (Lb
2190 1191 2415 1266 invicem,
2432 1195 2851 1266 quemadmodum
2871 1191 3096 1266 segregat
3109 1191 3279 1266 pastor
3294 1191 3406 1255 oues
3422 1191 3483 1255 5b
3504 1204 3682 1259 hwdis.

2109 1260 2253 1335 Tunc,
2276 1263 2406 1335 dicet
2443 1260 2521 1315 his
2561 1267 2644 1334 qui
2691 1282 2723 1317 a
2756 1260 2946 1318 dextris
2986 1260 3129 1320 erunt
3161 1284 3180 1321 :
3224 1269 3415 1335 Venite,
3445 1274 3685 1328 benedicti

2107 1329 2280 1406 Patris
2312 1333 2407 1406 mei
2430 1374 2443 1394 ,
2477 1329 2715 1406 percipite
2742 1350 2980 1406 regnum;
3009 1338 3127 1406 quia
3153 1340 3362 1404 esurivi,
3393 1329 3437 1393 et
3478 1342 3684 1396 dedistis

2105 1402 2231 1467 mihi
2255 1402 2591 1465 ntanducare;
2616 1402 2769 1467 'sitivi,
2799 1402 2843 1456 et
2868 1402 3071 1458 dedistis
3094 1408 3214 1459 mihi
3241 1402 3420 1463 bibere.
3452 1412 3689 1466 Sinistris

2105 1481 2270 1522 autem
2300 1471 2428 1547 dicet
2456 1488 2474 1524 :
2507 1472 2757 1547 Discedite
2782 1490 2813 1524 α
2842 1475 3239 1547 nt_e,__maledicti.
3265 1478 3316 1530 in
3345 1480 3509 1547 ignem
3536 1492 3681 1532 cetera

2105 1556 2259 1611 num;
2285 1542 2403 1603 quia
2429 1542 2628 1605 csurivi,
2668 1552 2715 1594 et
2740 1558 2839 1594 non
2861 1544 3067 1597 dedistis
3097 1546 3217 1598 mihi
3248 1542 3589 1611 manducare;
3614 1552 3684 1603 si-

2105 1609 2209 1681 tivi.
2239 1619 2285 1663 et
2312 1627 2410 1662 non
2443 1612 2650 1663 dedistis
2676 1612 2795 1663 mihi
2828 1613 2989 1666 bibere
3022 1612 3129 1679 (Id.
3166 1630 3293 1680 xxv,
3317 1618 3407 1681 31,
3438 1609 3680 1681 42).ὒὶ-

2105 1677 2609 1753 ligenterattcudite
2651 1682 2777 1750 quid
2824 1681 2971 1735 dixit.
3014 1677 3127 1753 Non
3159 1677 3300 1737 enim
3338 1677 3431 1751 ait,
3472 1677 3679 1753 Venite,

2104 1746 2635 1820 benedicti,‘percipite
2658 1746 2902 1820 regnum,
2947 1752 3067 1820 quia
3110 1768 3198 1807 res
3231 1746 3431 1808 alienas
3464 1771 3567 1809 non
3600 1746 3682 1810 tu;

2103 1816 2268 1881 listis;
2298 1816 2429 1883 sed,
2477 1816 2598 1885 quia
2641 1816 2903 1873 de'rebus
2942 1816 3130 1875 vestris
3167 1823 3535 1889 elecmosynas
3561 1840 3685 1877 ero-

2115 1891 2301 1961 gastis.
2321 1889 2468 1944 Sicut
2491 1900 2545 1943 ct
2572 1891 2702 1958 ipsis
2725 1905 2753 1943 a
2771 1889 3221 1961 sinistrispositis
3242 1906 3351 1944 non
3375 1894 3479 1947 erit
3506 1894 3690 1947 dictu-

2113 1959 2228 2023 rus,
2250 1959 2512 2012 Discedite
2527 1978 2559 2013 a
2580 1976 2678 2019 me,
2702 1959 2984 2021 maledicti,
3005 1960 3057 2011 in
3078 1960 3247 2027 ignem
3268 1972 3542 2023 attentum,
3566 1963 3693 2025 quia

2112 2030 2357 2083 fraudem
2382 2030 2615 2093 fecistis;
2642 2030 2757 2092 sed,
2794 2029 2928 2093 Quia
2954 2030 3021 2082 de
3044 2029 3342 2083 substantia
3362 2038 3540 2081 vestra
3570 2045 3695 2097 pau-

2114 2100 2330 2165 peribus
2361 2114 2470 2151 non
2510 2099 2757 2153 dedistis.
2800 2099 2951 2167 Rogo
2995 2114 3111 2162 vos,
3151 2098 3369 2161 fratres,
3401 2099 3693 2166 diligenter

2113 2168 2439 2223 sententiam
2476 2170 2632 2221 istam
2673 2169 2969 2229 attendite;
3016 2178 3067 2222 et
3112 2169 3252 2222 sicut
3283 2184 3378 2221 vos
3407 2168 3689 2230 admonui,

2112 2238 2275 2291 etiam
2300 2238 2617 2292 memoriter
2641 2240 2892 2291 retinete.
2932 2238 2985 2291 Si
3029 2238 3081 2290 iu
3117 2239 3294 2307 ignem
3337 2238 3569 2291 mittitur
3598 2238 3688 2305 qui

2113 2308 2446 2376 pauperibus
2471 2308 2833 2361 substantiam
2865 2322 3017 2361 suam
3050 2306 3155 2360 non
3180 2306 3359 2370 dedit,
3394 2317 3574 2374 putas,
3599 2307 3685 2359 tibi

2110 2377 2413 2457 mittendus
2439 2377 2551 2457 erit
2584 2378 2672 2445 qui
2706 2393 2811 2457 per,
2829 2377 3097 2457 quaslibet
3127 2376 3352 2456 fraudes
3371 2392 3456 2457 res
3485 2377 3689 2457 alienas

2111 2446 2339 2500 invasit?
2360 2446 2413 2500 Si
2439 2446 2491 2500 iu
2521 2448 2696 2517 ignem
2718 2445 2951 2517 mittitur
2972 2445 3062 2517 qui
3090 2461 3197 2498 non
3221 2445 3435 2517 vestivit
3457 2447 3685 2517 nudum,

2109 2531 2206 2569 vos
2218 2517 2400 2570 videte
2418 2517 2506 2569 ubi
2523 2515 2820 2570 mittendus
2832 2516 2934 2569 erit
2950 2516 3040 2584 qui
3056 2515 3378 2584 exspoliavit
3397 2515 3689 2569 veStitqu?

2111 2584 2203 2638 llle
2228 2601 2356 2655 ergo
2385 2587 2480 2655 qui
2509 2586 2685 2639 credit
2717 2586 2857 2655 quod
2890 2586 2963 2638 illi
2987 2585 3220 2638 sufficiat
3245 2584 3583 2655 malumnou
3620 2586 3691 2637 fe-

2110 2656 2271 2719 cisse,
2295 2653 2508 2709 etiainsi
2532 2655 2671 2709 bona
2693 2653 2803 2709 non
2831 2654 3038 2720 fecerit,
3067 2656 3260 2708 vellem
3291 2666 3348 2706 ut
3381 2653 3513 2706 milii
3550 2655 3689 2707 dicc-

2109 2734 2211 2787 ret,
2250 2726 2294 2779 si
2348 2725 2452 2779 sibi
2488 2725 2591 2779 hoc
2624 2725 2803 2779 vulta
2841 2739 3001 2778 serve
3046 2739 3166 2789 suo,
3212 2724 3355 2792 quod
3403 2724 3519 2791 ipse
3559 2723 3687 2778 facit

2110 2793 2341 2848 Domino
2369 2811 2489 2849 suo.
2526 2795 2799 2863 Numquid
2832 2794 2979 2847 enim
3013 2794 3130 2847 vult
3163 2803 3221 2847 ut
3249 2794 3299 2846 ei
3332 2808 3524 2863 servus
3554 2810 3688 2847 suus

2108 2878 2209 2917 nec
2235 2865 2437 2919 bonum
2465 2865 2629 2919 faciat
2652 2865 2877 2919 omnino
2908 2880 3010 2917 nec
3044 2863 3282 2916 malum?
3312 2862 3515 2916 Omnes
3537 2864 3684 2915 enim

2109 2934 2215 2986 hoc
2254 2934 2528 2996 volumus,
2557 2945 2616 2987 ut
2643 2935 2783 2988 servi
2809 2933 2982 2987 nostri
3014 2949 3122 2986 non
3147 2932 3321 2986 solum
3347 2947 3455 2985 non
3484 2932 3687 2985 faciant

2108 3004 2247 3056 mala
2268 3018 2387 3072 quae
2403 3005 2777 3072 prohibemus,
2795 3004 2889 3057 sed
2908 3003 3069 3057 etiam
3092 3002 3351 3071 impleant
3373 3017 3538 3069 opera
3568 3017 3691 3067 quae

2105 3073 2479 3141 eisjubcmus.
2498 3074 2758 3138 Quamvis
2774 3075 2916 3126 enim
2938 3088 3128 3125 servus
3156 3083 3281 3127 tuus
3296 3072 3535 3141 graviter
3560 3086 3690 3124 reus

2105 3143 2195 3201 sit,
2234 3143 2275 3195 si
2303 3143 2557 3196 animalia
2591 3152 2678 3194 tua
2723 3143 2868 3195 furto
2903 3142 3222 3203 abstulerit,
3259 3151 3443 3193 tamen
3471 3158 3575 3194 nec
3600 3142 3686 3193 ille

2110 3222 2224 3263 sme
2242 3210 2392 3275 culpa
2421 3211 2541 3273 erit,
2571 3208 2655 3275 qui
2687 3208 2931 3259 animalia
2979 3209 3063 3261 illa
3102 3209 3433 3277 negligenter
3469 3220 3685 3261 servare

2112 3279 2353 3331 voluerit.
2384 3277 2497 3329 Non
2528 3287 2608 3331 est
2626 3276 2826 3344 justum
2854 3285 2911 3330 ut
2942 3276 3198 3332 faciamus
3223 3276 3444 3331 Domino
3472 3286 3679 3341 nostro,

2109 3349 2250 3417 quod
2295 3348 2407 3401 fieri
2447 3347 2689 3399 nolumus
2718 3361 2749 3399 a
2778 3361 2932 3399 servo
2960 3358 3159 3400 nostro.
3191 3346 3385 3400 Servos
3414 3349 3557 3400 enim
3591 3362 3685 3399 uo-

2111 3431 2250 3471 stros
2295 3431 2394 3470 nec
2445 3417 2705 3479 fecimus,
2749 3431 2846 3470 nec
2876 3418 3023 3483 quasi
3064 3417 3131 3470 de
3170 3424 3348 3470 nostra
3388 3417 3682 3469 substantia

2114 3488 2412 3555 pascimus;
2457 3495 2510 3539 et
2541 3501 2635 3538 nos
2661 3486 2801 3539 enim
2843 3496 2896 3539 et
2928 3487 3069 3553 ipsos
3098 3486 3239 3539 Deus
3268 3496 3449 3539 noster
3483 3486 3687 3538 creavit

2111 3568 2165 3610 et
2195 3558 2360 3624 pascit
2388 3573 2399 3608 :
2433 3564 2486 3609 et
2518 3565 2692 3625 tamen
2726 3560 2899 3625 servi,
2929 3571 3063 3623 quos
3095 3556 3194 3625 ipsi
3225 3572 3326 3607 non
3356 3555 3599 3625 fecimus,
3635 3564 3689 3625 ut

2114 3628 2265 3680 nobis
2291 3640 2412 3680 cum
2441 3624 2624 3694 grandi
2665 3624 2932 3693 diligentia
2970 3624 3204 3679 serviant
3233 3626 3492 3677 volumus.
3540 3624 3688 3678 Unde

2110 3697 2307 3766 justqu
2346 3705 2428 3749 est
2464 3704 2519 3748 ut
2565 3709 2914 3766 agnoscamus
2945 3694 3233 3766 legitimum
3264 3694 3569 3766 Dotttittuut,
3602 3694 3688 3762 qui

2114 3763 2191 3820 sic
2232 3778 2540 3819 exercemus
2588 3765 2640 3816 in
2684 3763 2907 3818 subditis
2955 3763 3302 3817 dominatum.
3349 3764 3460 3817 lloc
3500 3772 3686 3825 totum,

2116 3838 2327 3898 fratres,
2355 3835 2474 3887 ideo
2497 3833 2746 3898 diximus,
2778 3842 2835 3885 ut
2861 3832 2926 3886 de
2950 3832 3079 3902 ipsis
3102 3834 3269 3886 servis
3298 3835 3495 3887 nostris
3522 3831 3691 3901 possi-

2117 3920 2234 3959 mus
2260 3918 2545 3973 agnoscere
2574 3902 2721 3973 quod,
2742 3904 2893 3973 nobis
2928 3919 3031 3955 non
3060 3902 3286 3957 sufficiat
3309 3903 3449 3956 mala
3477 3920 3581 3955 non
3620 3906 3693 3954 fa-

2115 3991 2259 4039 ccre,
2288 3972 2330 4028 si
2364 3974 2499 4026 bona
2527 3972 2853 4026 uoluerimus
2880 3972 3120 4041 implere.

2187 4069 2239 4122 3.
2274 4067 2351 4119 An
2364 4066 2509 4135 juste
2527 4081 2581 4119 se
2604 4066 2721 4135 quis
2744 4072 2876 4135 optet
2907 4064 3056 4117 talem
3085 4065 3136 4117 in
3175 4064 3256 4135 die
3294 4064 3499 4135 mortis,
3528 4062 3694 4135 qualis

2118 4148 2224 4192 erat
2262 4138 2313 4189 in
2354 4132 2435 4188 die
2476 4134 2742 4201 Baptismi.
2788 4133 3050 4201 Exemplis
3087 4132 3386 4186 illustratur.
3426 4132 3503 4184 Illi
3552 4134 3692 4185 cuitu

2118 4208 2206 4277 qui
2234 4206 2331 4261 sibi
2350 4212 2547 4277 (putant
2571 4204 2817 4277 sufficere
2843 4204 2896 4277 _si
2938 4204 3074 4277 mala
3112 4218 3215 4255 non
3255 4203 3490 4277 fecerint,
3520 4203 3695 4254 solent

2120 4272 2173 4331 et
2204 4278 2304 4330 hoc
2331 4272 2510 4329 dicere
2542 4290 2554 4324 :
2589 4273 2799 4329 Utinam
2841 4272 2892 4325 in
2928 4273 3067 4326 diem
3115 4274 3297 4325 mortis
3328 4273 3446 4325 talis
3486 4287 3698 4324 merear

2121 4346 2342 4399 inveniri
2369 4385 2382 4409 ,
2431 4344 2598 4411 qualis
2639 4342 2705 4396 de
2746 4343 2999 4410 Baptismi
3051 4352 3405 4411 sacramento
3438 4342 3691 4408 processi.

2122 4416 2324 4470 Bonum
2373 4409 2583 4482 quidem
2624 4422 2706 4465 est
2762 4409 2836 4465 uti
2880 4412 3333 4482 unusquisquehiu
3378 4409 3697 4482 diejudicii

2122 4480 2704 4554 ptirgatusinveuiatur
2752 4482 2818 4534 ab
2864 4480 3356 4554 omnibus_malis;_
3401 4480 3492 4533 sed
3536 4496 3699 4554 grave

2122 4550 2318 4608 inalum
2363 4564 2443 4606 cst
2484 4552 2526 4605 si
2576 4552 2865 4620 profectum
2913 4566 3013 4604 non
3064 4550 3305 4603 habuerit
3345 4551 3394 4602 in
3434 4550 3701 4620 reperibus

2122 4624 2295 4679 bouis.
2331 4623 2431 4692 Ipsi
2460 4619 2600 4675 enim
2631 4621 2728 4673 soli
2758 4620 2953 4692 sufficit
2979 4620 3133 4692 talem
3162 4634 3278 4692 esse
3307 4619 3475 4687 qualis
3503 4622 3569 4672 de
3596 4620 3700 4672 Ba-

2124 4694 2300 4761 ptismi
2332 4690 2661 4761 sacramento
2687 4690 3063 4757 processit,qui
3089 4690 3263 4761 statim
3288 4696 3403 4761 post
3423 4699 3703 4761 acceptum

2125 4758 2449 4833 Baptismum
2478 4761 2544 4814 de
2575 4760 2672 4833 hac
2703 4760 2817 4833 luce
2845 4759 3177 4833 migraverit;
3224 4773 3325 4812 non
3368 4758 3546 4833 habuit
3581 4775 3708 4826 spa-

2126 4828 2255 4888 tium
2301 4834 2354 4886 in
2401 4846 2505 4899 quo
2548 4844 2605 4884 se
2648 4830 2800 4882 bouis
2828 4830 3076 4896 operibus
3105 4836 3376 4882 exerceret
3408 4846 3421 4880 :
3457 4828 3543 4882 ille
3573 4845 3706 4882 vero

2125 4905 2213 4973 qui
2242 4911 2296 4957 et
2327 4898 2535 4973 longum
2557 4911 2771 4973 (tempus
2799 4898 3031 4973 vivendi,
3060 4907 3343 4973 et_:ctatcm
3380 4912 3537 4965 posse
3568 4899 3708 4973 bone

2127 4968 2379 5042 epcrandi
2412 4970 2735 5042 liabuit,neu
2764 4970 2817 5042 ei
2841 4968 3031 5021 sufficit
3058 4968 3431 5042 otiosuniesse
3460 4982 3487 5017 a
3523 4968 3702 5042 malis,

2127 5036 2178 5096 si
2201 5045 2358 5097 etiam
2385 5057 2413 5093 a
2446 5040 2597 5093 bonis
2625 5040 2847 5093 voluerit
2874 5054 2991 5092 esse
3020 5039 3241 5091 otiosus.
3262 5036 3461 5088 Vellem
3488 5047 3543 5088 ut
3572 5038 3701 5088 utili?

2128 5115 2327 5168 diceret
2357 5112 2443 5163 ille
2472 5111 2558 5177 qui
2600 5109 2717 5161 talis
2762 5110 2872 5161 vult
2915 5108 2966 5160 in
3013 5108 3232 5160 transitu
3278 5121 3375 5158 suo
3428 5108 3655 5177 inveniri
3689 5148 3703 5163 ,

2129 5184 2299 5253 qualis
2350 5175 2552 5253 fuit‘co
2594 5190 2829 5253 tempore
2854 5193 2958 5245 quo
2990 5177 3239 5243 Baptismi
3269 5175 3477 5253 _meruit
3525 5192 3703 5227 sacra.

2129 5245 2306 5307 meuta
2339 5250 2606 5317 suscipere
2637 5245 2783 5319 (licet
2812 5248 3010 5319 bonum
3047 5255 3127 5299 est
3155 5255 3211 5319 ut
3238 5245 3304 5298 sit
3335 5260 3551 5319 semper
3575 5261 3701 5319 pur-

2129 5335 2279 5390 gatus
2305 5337 2335 5375 a
2364 5314 2547 5383 malis,
2578 5314 2674 5390 sed
2711 5317 3106 5390 gravcmalum
3149 5316 3191 5369 si
3233 5331 3335 5367 non
3374 5314 3610 5390 proficiat
3656 5316 3705 5367 in

2131 5385 2338 5461 bouis),
2373 5385 3009 5461 siplantavit’novellam
3058 5386 3107 5438 in
3147 5400 3276 5461 agro
3321 5402 3417 5437 suo
3450 5385 3708 5461 Vincam”,

2132 5456 2307 5516 utrum
2338 5456 2463 5513 velit
2488 5474 2604 5512 eam
2632 5467 2749 5526 post
2776 5458 2958 5511 decem
2990 5470 3157 5526 annos
3187 5457 3339 5508 talem
3369 5469 3505 5526 esse,
3539 5456 3714 5523 qualis

2132 5531 2230 5586 fuit
2259 5532 2347 5585 illa
2375 5530 2460 5583 die
2481 5524 2691 5597 quando
2713 5528 2941 5597 plantala
2969 5537 3069 5581 est.
3097 5524 3149 5579 Si
3184 5525 3401 5578 inseruit
3430 5524 3711 5585 olivetum,

2132 5603 2406 5656 videamus
2436 5599 2477 5652 si
2506 5601 2552 5651 ei
2582 5600 2782 5668 placeat
2809 5608 2865 5652 ut
2895 5606 3012 5667 post
3045 5597 3219 5668 plures
3246 5608 3411 5646 annos
3451 5597 3668 5668 talc___sit
3697 5632 3713 5656 ,

2136 5675 2286 5743 quale
2308 5673 2400 5725 fuit
2422 5663 2631 5741 quando
2660 5663 2911 5724 inscrtum
2940 5663 3117 5723 est.Si
3146 5666 3217 5719 illi
3247 5672 3398 5719 natus
3428 5672 3507 5717 est
3538 5663 3680 5716 titius

2111 427 2367 481 Dominus
2396 428 2541 492 dicit,
