4050 6178
422 363 564 418 ἥῖδ

424 479 730 534 consideret
767 477 808 528 si
851 474 952 528 hoc
979 473 1086 527 vult
1113 517 1126 539 ,
1173 481 1232 524 nt
1273 483 1386 541 post
1415 487 1582 526 annos
1601 471 1834 542 quinque
1861 473 1910 528 in
1941 489 2002 529 ea

423 565 528 618 qua
576 557 729 600 natus
759 555 840 600 est
877 544 1451 618 medieitateinfantia:
1492 553 1649 618 atque
1691 553 1844 618 :etate
1889 561 2009 618 per-

423 613 602 672 duret.
650 619 778 670 Cum
807 629 932 684 ergo
961 615 1138 668 nullus
1159 615 1238 684 sit
1275 615 1358 684 cui
1391 613 1490 684 hec
1517 613 1727 684 placeat
1749 613 1815 666 de
1845 617 2005 668 rebus

423 691 574 750 suis;
606 683 891 756 quomodo
919 684 1062 738 dolet
1101 683 1306 756 aliquis
1323 683 1388 736 de
1420 683 1572 756 vinea
1589 691 1657 756 _et
1681 683 1878 756 oliveto
1900 684 2004 756 _vcl

427 759 539 810 lilio
563 759 604 812 si
627 751 830 808 nullum
855 761 1194 820 augmentum
1227 753 1526 816 habuerint,
1559 753 1634 805 sic
1661 751 1839 805 doleat
1869 753 1911 804 si
1945 770 2002 807 se

425 831 618 896 ipsum,
667 841 731 896 ex
775 839 840 896 eo
883 835 1126 891 tempore
1159 837 1264 896 quo
1305 824 1356 896 in
1388 822 1600 896 Christo
1637 831 1854 896 renatus
1881 832 2000 888 cst,

425 892 557 950 nihil
613 893 900 964 profecisse
941 893 1266 964 cognoverit.
1309 892 1798 964 Certissimeenim
1845 907 2004 964 nosse

422 960 684 1020 debemus
712 964 832 1033 quia
865 960 1130 1032 quomodo
1161 962 1406 1033 volumus
1445 972 1502 1014 ut
1527 960 1780 1033 quidquid
1807 961 1872 1014 ad
1906 977 2003 1016 nos

423 1038 672 1104 pertinet,
726 1031 932 1104 Siveiu
972 1033 1266 1104 gregibus,_
1307 1031 1417 1085 sive
1471 1033 1520 1084 in
1585 1031 2004 1100 quibuscumque

423 1101 672 1168 agrorum
701 1101 989 1166 fructibus,
1007 1103 1058 1154 in
1086 1101 1228 1154 omni
1257 1102 1395 1153 bono
1433 1109 1672 1154 crescant
1693 1110 1850 1168 atque
1883 1117 2004 1168 pro-

425 1171 640 1236 ﬁciant;
693 1173 790 1226 hoc
827 1173 942 1224 sine
979 1169 1141 1224 dubio
1184 1179 1238 1222 et
1278 1171 1416 1224 Deus
1453 1177 1634 1222 noster
1660 1169 1727 1222 de
1770 1169 1922 1224 nobis
1950 1181 2003 1224 et

429 1244 698 1298 desiderat
726 1251 778 1295 et
801 1249 1090 1306 exspectat.
1115 1239 1344 1307 Populus
1369 1254 1495 1308 ergo
1515 1239 1834 1292 Christianus
1851 1241 2000 1306 quasi

427 1313 638 1382 propria
686 1321 740 1366 ct
785 1311 1064 1382 peculiaris
1093 1309 1298 1382 novella
1327 1325 1418 1382 sua
1452 1325 1582 1382 uvas
1616 1308 2002 1382 potiushall‘erat

423 1375 582 1452 quain
611 1375 834 1452 Spinas:
869 1379 1026 1452 nede
1051 1393 1112 1434 ea
1139 1377 1343 1452 dicatur
1373 1379 1440 1452 ita
1459 1419 1474 1444 ,
1505 1375 1644 1452 sicut
1689 1378 1741 1431 in
1780 1375 1999 1452 Cantica

423 1447 570 1520 sli-pe
593 1447 866 1512 cautaStis,
909 1447 1132 1520 Vineam,
1165 1449 1351 1520 inquit,
1380 1449 1623 1520 plantapi,
1646 1455 1696 1520 et
1719 1449 2000 1520 ἅτεροι-φυῇ

425 1533 480 1574 ut
507 1515 688 1588 reiceret
719 1534 874 1580 uvas;
902 1519 1017 1588 fecit
1048 1527 1213 1588 autem
1239 1515 1496 1570 labruscas
1524 1516 1758 1588 (Isaiav,
1785 1517 1861 1588 2).
1893 1515 1996 1572 Sed

423 1585 578 1660 quia,
607 1591 744 1644 sicut
763 1585 1220 1660 dficit'Apostolus,
1243 1601 1367 1660 cum
1391 1585 1886 1660 essemuseleastri,
1919 1589 2000 1640 in-

423 1655 552 1714 serti
581 1675 760 1713 sumus
791 1659 842 1710 in
871 1658 1062 1710 bonam
1085 1657 1279 1710 olivam
1303 1657 1478 1722 (Rom.
1517 1671 1589 1720 χι,
1619 1655 1742 1722 2.ι);
1777 1656 1846 1708 ita
1876 1672 1997 1711 cum

431 1731 522 1784 llei
552 1727 816 1798 adjutorio
843 1727 1006 1798 bonis
1023 1727 1272 1798 operibus
1311 1719 1556 1798 insistere
1576 1719 1585 1720 ί
1605 1719 2001 1798 ᾱρῦρξηιιεηηι

423 1815 548 1852 cum
575 1793 828 1866 propheta
871 1793 1132 1866 possimus
1160 1793 1495 1866 dicere,iEgo
1529 1805 1694 1866 autem
1717 1796 1842 1866 sicut
1869 1795 2000 1866 oliva

425 1863 688 1936 fructifera
728 1867 792 1919 in'
823 1863 972 1936 domo
997 1864 1142 1932 -Dei,
1179 1865 1376 1934 speravi
1421 1865 1474 1918 in
1524 1865 1866 1919 misericordia
1905 1863 2000 1920 Dei

425 1933 524 1990 inci
557 1933 724 2006 (Psal.
755 1951 826 2000 LI,
859 1933 968 2004 10).

499 2003 570 2060 4(
587 2003 988 2074 Recapitulatio:
1009 2004 1072 2058 Et
1099 2003 1216 2059 ideo
1241 2019 1337 2072 per
1363 2019 1422 2058 ea
1454 2019 1571 2073 qua:
1599 2019 1756 2073 supra
1783 2019 2000 2074 sugges-

421 2077 612 2140 simus,
642 2072 770 2142 rogo
805 2090 932 2138 vos,
968 2072 1184 2136 fratres,
1235 2085 1290 2126 ut
1333 2072 1506 2128 nullus
1543 2091 1610 2128 ex
1646 2072 1793 2128 vobis
1817 2072 2000 2130 credat

421 2147 564 2214 quod
591 2148 638 2201 ei
661 2147 830 2200 solum
856 2145 956 2198 hoc
981 2144 1206 2214 sul'liciat
1231 2145 1274 2196 si
1304 2159 1464 2214 opera
1494 2145 1630 2197 mala
1655 2159 1756 2198 non
1790 2143 1994 2214 fecerit;

423 2213 518 2270 sed
557 2216 768 2282 quantis
798 2221 969 2282 potest
997 2213 1194 2267 viribus
1237 2214 1314 2267 sic
1364 2213 1594 2268 divertat
1637 2229 1664 2266 a
1715 2213 1893 2276 malo,
1943 2223 2000 2268 ut

423 2285 580 2338 faciat
609 2281 824 2346 bonum,
847 2293 900 2338 et
923 2283 1100 2337 audiat
1132 2283 1410 2336 Dominum
1443 2281 1708 2336 dicentem
1743 2283 1794 2336 in
1827 2283 1998 2336 Evan-

421 2355 584 2424 gelio,
621 2355 753 2416 Quid
775 2353 1308 2424 prodestrguoddicitis
1338 2353 1478 2424 mihi,
1502 2351 1740 2424 Domine,
1761 2351 1995 2424 Dentine,

422 2419 468 2476 Et
495 2441 594 2476 non
618 2419 786 2494 facitis
815 2439 926 2494 qua:
949 2419 1061 2475 dice
1091 2421 1240 2490 (Luc.
1271 2438 1322 2476 γι
1343 2464 1356 2484 ,
1385 2423 1474 2494 liii)
1496 2423 1519 2474 ζ’
1539 2429 1594 2476 et
1619 2419 1858 2494 illud_,JSi
1880 2423 2001 2494 dili-

421 2495 542 2562 gitis
581 2491 678 2558 uie,
725 2493 965 2545 ntandota
1009 2507 1118 2544 mea
1155 2501 1346 2544 servate
1387 2491 1565 2562 (Joan.
1595 2507 1699 2562 inv,
1734 2491 1843 2554 16).
1869 2491 1998 2562 Quae

421 2560 602 2616 autem
648 2573 766 2616 sunt
809 2577 928 2630 qua:
973 2562 1024 2614 in
1075 2561 1356 2629 Evangelio
1398 2560 1641 2630 facienda
1689 2561 2000 2628 przeccpcrit

420 2632 686 2694 Christus,
723 2629 841 2685 Deo,
861 2631 1084 2698 propitio
1127 2631 1264 2684 bene
1307 2631 1494 2686 nostis.
1525 2629 1750 2698 Diligite,
1781 2630 1952 2698 inquit
1979 2670 1996 2694 ,

419 2703 654 2754 inimicos
677 2711 880 2762 vestros,
911 2701 1180 2768 benefacite
1199 2701 1271 2752 eis
1295 2701 1381 2768 qui
1409 2715 1493 2752 vos
1529 2700 1742 2753 ederunt
1759 2739 1775 2764 ,
1807 2709 1862 2752 ut
1889 2700 1998 2768 sitis

423 2772 522 2838 lilii
555 2769 722 2824 Patris
749 2771 896 2824 vestri
938 2767 1146 2838 (Matth.
1187 2786 1240 2834 v,
1276 2767 1362 2832 44,
1395 2769 1488 2839 45)
1523 2785 1536 2820 ;
1568 2778 1622 2823 et
1651 2769 1860 2832 iterum,
1897 2767 1998 2822 Ve-

421 2853 702 2894 rumtamen
727 2840 842 2892 date
865 2839 1242 2908 elcemasynam,
1272 2849 1318 2892 et
1346 2855 1454 2892 ecce
1479 2840 1646 2891 omnia
1670 2839 1858 2890 munda
1883 2847 2000 2892 sunt

423 2909 718 2978 vobis(Luc.
752 2925 824 2973 xI,
852 2910 908 2962 4i
927 2909 963 2978 ).
991 2909 1062 2961 De
1089 2923 1194 2976 qua
1221 2923 1276 2962 re
1301 2908 1574 2962 audiamus
1601 2917 1654 2962 et
1679 2909 1886 2962 beatum
1913 2909 2000 2962 Ja-

421 2981 614 3034 cobum
643 2980 805 3032 libera
829 2993 959 3032 voce
987 2979 1324 3041 clamantem,
1359 2979 1502 3032 Sicut
1527 2979 1659 3032 enim
1685 2994 1865 3048 corpus
1894 2980 2000 3032 sine

421 3050 596 3100 anima
641 3059 888 3100 mortuum
923 3057 996 3100 est
1017 3088 1032 3110 ,
1066 3049 1136 3099 ita
1165 3057 1210 3100 et
1241 3048 1366 3114 ﬁdes
1401 3047 1508 3100 sine
1546 3047 1779 3116 operibus
1803 3059 2000 3102 mortua

422 3129 494 3172 est
527 3118 724 3184 (Jacobi
751 3133 808 3178 ιι.
837 3117 948 3184 26).
979 3116 1128 3171 Totis
1155 3131 1282 3185 ergo
1309 3117 1537 3182 viribus,
1579 3116 1770 3172 fratres
1799 3118 2000 3172 charis-

423 3189 568 3250 simi,
597 3188 734 3257 quod
774 3189 966 3240 bonum
997 3197 1080 3257 est
1109 3201 1424 3256 operemur;
1458 3202 1556 3240 nec
1595 3187 1747 3240 nobis
1772 3187 2002 3242 sufﬁciat

422 3259 468 3310 si
501 3256 632 3312 tales
666 3273 868 3320 sumus,
915 3256 1098 3325 quales
1145 3257 1338 3310 fuimus
1386 3272 1452 3310 eo
1499 3265 1734 3324 tempore
1765 3273 1870 3324 quo
1899 3257 1999 3310 Ba-

426 3327 604 3395 ptismi
645 3335 972 3380 sacramenta
1002 3325 1320 3393 accepimus.
1365 3325 1465 3380 Per
1503 3325 1827 3395 Baptismum
1858 3327 1999 3380 enim

424 3393 632 3450 vacuati
661 3409 838 3450 smnus
869 3397 936 3450 ab
959 3395 1205 3458 omnibus
1231 3395 1410 3458 malis;
1440 3393 1532 3448 sed
1558 3395 1648 3449 Dei
1672 3397 1839 3463 gratia
1865 3395 2000 3450 bene

423 3466 628 3534 agendo
658 3465 912 3520 debemus
959 3465 1150 3534 repleri
1188 3464 1434 3534 omnibus
1467 3465 1617 3517 benis
1647 3483 1660 3518 :
1699 3479 1763 3518 ne
1793 3464 1931 3519 forte
1955 3465 2001 3520 si

425 3533 542 3590 sine
583 3535 830 3604 eperibus
875 3535 1026 3588 benis
1053 3533 1122 3586 de
1163 3535 1327 3604 solius
1371 3533 1623 3604 Baptismi
1663 3543 2002 3604 sacramento

423 3603 755 3666 confidimus,
789 3605 1006 3674 spiritus
1033 3603 1355 3669 immundus,
1381 3603 1468 3672 qui
1498 3604 1564 3656 de
1589 3603 1741 3656 uobis
1768 3619 1860 3674 per
1883 3619 2006 3674 gra-

427 3676 554 3727 tiam
586 3675 780 3728 Christi
811 3673 1066 3740 expulsus
1091 3681 1192 3736 est,
1218 3682 1530 3736 revertatur,
1551 3674 1660 3726 etsi
1683 3689 1782 3727 nos
1801 3688 1830 3726 a
1849 3673 2003 3728 benis

423 3745 676 3810 operibus
717 3744 978 3810 invenerit
1025 3756 1256 3806 vacuos,
1298 3743 1526 3796 adducat
1577 3755 1756 3796 secmu
1798 3751 2002 3812 septem

424 3814 644 3882 spiritus
668 3813 948 3880 nequiores
967 3825 1046 3876 se,
1069 3820 1122 3882 et
1153 3812 1280 3864 fiant
1299 3813 1589 3882 novissima
1617 3821 1794 3866 nostra
1823 3813 2002 3882 pejora

428 3879 708 3950 prioribus.
745 3879 868 3942 [hac
887 3896 1035 3950 ergo,
1064 3879 1254 3935 fratres
1277 3881 1576 3936 charissimi
1598 3924 1614 3946 ,
1641 3883 1684 3936 si
1714 3879 2002 3937 secundum

429 3963 666 4006 sanctam
697 3963 922 4006 vestram
953 3951 1386 4020 consuetudinem
1406 4019 1409 4020 ν
1433 3951 1658 4006 libenter
1687 3953 1926 4020 accipitis
1952 3961 2005 4006 et

427 4023 682 4075 attentius
713 4021 958 4089 cogitatis
977 4062 991 4080 ,
1023 4035 1126 4073 non
1151 4019 1219 4073 de
1247 4021 1358 4074 sola
1389 4019 1514 4084 ﬁde,
1545 4021 1640 4074 sed
1671 4019 1830 4074 etiam
1859 4033 1914 4076 et
1938 4022 2004 4075 de

429 4091 584 4145 bonis
611 4093 860 4158 eperibus
883 4089 1234 4154 confidentes,
1263 4105 1291 4141 a
1328 4089 1481 4143 malis
1509 4091 1713 4145 actibus
1744 4093 1814 4144 ita
1843 4091 2006 4144 absti-

431 4177 558 4214 nere
587 4161 846 4228 peteritis,
868 4169 924 4212 ut
943 4159 1154 4213 Christo
1175 4159 1461 4214 auxiliante
1484 4160 1532 4213 iu
1561 4159 1812 4228 operibus
1853 4161 2006 4215 bouis

427 4246 523 4300 vos
565 4231 760 4300 jugiter
787 4233 1078 4284 exerceatis
1107 4246 1131 4300 :7
1153 4229 1392 4300 utrillam
1424 4233 1632 4300 beatam
1659 4239 1711 4300 et
1737 4229 2010 4284 desidera-

429 4299 590 4354 bilem
625 4298 808 4355 vocem
836 4314 956 4352 cum
989 4299 1342 4354 exsultatione
1366 4307 1419 4352 ct
1445 4299 1634 4366 gaudio
1659 4298 1884 4354 feliciter
1909 4315 2004 4354 au-

427 4370 562 4440 dire
587 4369 928 4432 mereatuini,
983 4369 1186 4440 Venite,
1229 4368 1490 4440 benedicti,
1533 4369 1772 4440 percipite
1799 4385 2008 4440 regnum

425 4438 562 4504 quod
599 4439 732 4493 vobis
775 4447 1006 4508 paratum
1031 4447 1104 4491 est
1129 4438 1412 4508 aborigine
1439 4436 1612 4490 mundi
1641 4436 2006 4508 (ΜαηΙιῘικν,

427 4509 520 4580 3.5)
553 4525 566 4560 :
605 4509 744 4580 quod
769 4509 880 4576 ipse
907 4519 1160 4578 praestare
1183 4507 1448 4577 dignetur,
1471 4508 1560 4578 qui
1592 4507 1718 4562 vivit
1745 4519 1800 4563 et
1823 4517 2010 4580 regnat

429 4577 482 4636 in
512 4579 726 4642 saecula,
751 4587 857 4633 etc.

888 4712 1114 4768 SERMO
1151 4711 1400 4767 CCLXIV
1431 4713 1529 4784 (α).

603 4825 844 4886 Expositio
865 4823 976 4872 fidei
996 4857 1010 4882 ,
1038 4831 1088 4872 et
1111 4825 1452 4886 interpretatio
1477 4823 1684 4874 nominis
1707 4824 1830 4886 ejus.

501 4927 552 4979 1.
591 4925 734 4979 Fidei
759 4927 934 4980 Iaudes
963 4927 1024 4979 ab
1049 4927 1278 4980 omnibus
1303 4927 1646 4982 celebrantur.
1683 4926 1836 4980 Fides
1865 4943 1896 4980 a
1925 4927 2010 4981 Fit

427 5005 767 5064 nuncupatur.
809 4997 864 5051 lu
903 4998 1146 5050 omnibus
1188 4997 1379 5050 divinis
1419 4997 1734 5052 lectionibus
1760 5040 1772 5062 ,
1821 4999 2010 5054 fratres

425 5066 746 5130 charissimi,
773 5065 905 5121 tides
931 5067 1110 5136 multis
1136 5067 1414 5134 pneceniis
1456 5067 1824 5132 collaudatur;
1849 5083 2008 5136 quam

429 5151 534 5206 non
562 5136 732 5190 solum
757 5137 948 5190 divina:
977 5135 1264 5204 Scriptor-.13
1283 5177 1297 5202 ,
1327 5136 1424 5190 sed
1457 5139 1614 5190 etiam
1649 5147 1814 5192 totum
1845 5135 2010 5206 genus

429 5205 716 5276 humanum
747 5206 960 5276 laudare
985 5221 1094 5276 non
1113 5215 1305 5276 cessat.
1331 5208 1502 5274 Atque
1525 5209 1726 5260 utinam
1744 5205 2011 5276 quomodo

429 5275 672 5346 laudatur
701 5276 896 5342 lingua,
920 5275 997 5346 sic
1027 5275 1330 5330 laudaretur
1349 5285 1404 5330 et
1425 5277 1563 5338 vita;
1589 5275 1856 5344 quemado
1879 5294 2011 5346 pra:-

427 5345 634 5400 dicatur
662 5361 726 5399 ex
755 5360 868 5412 ore,
901 5345 980 5400 sic
1005 5353 1060 5400 et
1087 5354 1326 5400 teneatur
1347 5361 1410 5401 ex
1432 5346 1628 5411 corde;
1661 5358 1716 5402 et
1741 5345 2008 5416 quomodo

489 5540 572 5605 (u)_
593 5544 794 5591 Caesarie
811 5544 858 5592 in
875 5542 1090 5605 pluribus
1115 5543 1446 5605 manuscriptis
1469 5544 1723 5602 tribuitur,
1751 5551 1926 5605 estque
1947 5557 2010 5594 ex

427 5602 638 5676 ttniniliis
660 5617 686 5652 a
705 5602 947 5676 Stephano
971 5605 1167 5676 _Baluzie
1189 5606 1339 5676 ipsius
1353 5602 1558 5676 nomine
1583 5605 1793 5676 vulgatis
1825 5602 2010 5676 duode-

425 5675 563 5712 cima.
591 5671 657 5727 De
691 5665 818 5713 nunt
848 5669 879 5716 5
907 5667 1015 5714 vide
1037 5665 1222 5714 (ἱέρεαι-ὓ
1260 5665 1508 5727 θρὶειομξιά
1553 5665 1782 5727 quosdam
1821 5673 2013 5716 Germa-

429 5725 644 5834 ἓτῖ
664 5739 792 5802 etim.
820 5729 880 5788 3,
909 5727 1192 5790 Appendicis
1215 5724 1362 5777 scrin.
1411 5724 1490 5787 39,
1527 5724 1584 5776 ni
1623 5727 1687 5788 ὃς
1713 5725 1830 5790 ὢῖ,
1875 5739 1924 5778 n.
1953 5729 2010 5788 4;

501 5799 508 5806 ”
537 5807 550 5834 Δ
593 5821 612 5834 .
647 5801 679 5834 ι.
711 5813 752 5834 ι.

428 5793 478 5836 et
501 5787 612 5837 379.
631 5799 679 5837 u.
705 5787 752 5836 τ.

1841 353 2069 410 δεῖωιο
2105 353 2374 410 CCLXIV.

3559 361 3698 420 9.235

2121 475 2273 551 labiis
2301 475 2646 551 promittitur.
2673 477 2748 551 sie
2779 479 3028 551 operibus
3049 481 3349 551 impleatur.
3371 487 3533 542 Tanta
3557 497 3698 546 enim

2117 556 2202 624 esi
2229 545 2393 598 virtus
2423 545 2566 608 ﬁdei,
2597 559 2658 624 u_t_
2679 545 2934 624 ciiamilli
2963 567 3077 624 eam
3105 545 3319 608 laudare
3349 572 3692 624 pnesumant.

2115 615 2202 684 qui
2231 629 2346 667 eam
2375 631 2588 670 servare
2609 616 2963 672 dissimulant.
2999 621 3063 674 Et
3085 638 3207 676 vere
3239 615 3426 680 mer-ito
3451 627 3697 682 laudatur

2115 685 2268 748 lides,
2297 685 2538 759 sineque
2581 687 2708 739 nihil
2753 703 2979 756 unquam
3023 691 3142 743 bum
3193 695 3368 759 operis
3416 697 3694 750 inchoatur

2111 755 2612 832 atqueper-licituri
2629 755 2920 832 secundum
2969 759 3092 812 illud
3130 755 3270 832 quod
3311 766 3689 832 scriptumcst.

2112 823 2363 902 Sitte__/ide
2385 824 2689 902 impossibile
2713 837 2782 878 est
2811 823 3338 902 quemquamwplucere
3367 823 3472 888 Deo
3502 823 3688 902 (Hebr:

2111 893 2289 966 at,_6).
2319 893 2532 966 Deipsa
2569 895 2708 966 enim
2745 893 3064 966 ex'persoiia
3098 893 3294 953 Christi
3341 913 3394 956 et
3433 893 3686 958 Ecclesia:

2108 961 2508 1040 diciluthﬂlfenj,
2543 965 2770 1040 proxima
2789 961 2914 1040 mea,
2940 968 3001 1020 ob
3031 970 3170 1022 initio
3199 971 3316 1036 ﬁdei
3344 971 3510 1040 (Cant.
3539 991 3607 1038 tv,
3631 975 3684 1032 8.

2107 1047 2206 1108 sec.
2245 1031 2427 1108 LXX).
2453 1031 2623 1108 ipsam
2655 1035 2812 1088 etiam
2845 1037 3030 1091 beatus
3057 1031 3325 1105 apostolus
3349 1031 3555 1097 ‘l’aulus
3576 1031 3605 1108 ,’
3633 1031 3682 1096 in

2107 1100 2198 1153 illo
2227 1103 2462 1174 catalogo
2491 1102 2578 1154 ubi
2605 1117 2791 1155 omnes
2817 1109 3060 1174 antiquos
3087 1100 3298 1162 sanctos
3323 1100 3640 1166 collaudavit
3667 1154 3680 1168 .

2103 1183 2202 1242 per
2243 1171 2906 1242 singuloscommendavit
2947 1171 3171 1230 dicens:
3215 1177 3340 1234 Fide
3383 1181 3534 1242 Abel,
3581 1182 3684 1236 lide

2109 1239 2310 1318 knoclt,
2338 1239 2439 1318 lid_e.
2465 1239 2598 1318 Nec,
2625 1239 2730 1318 fide
2751 1243 3012 1318 Abraham
3034 1247 3348 1318 placuerunt
3373 1251 3478 1302 Deo
3497 1239 3680 1318 (ilebr.

2106 1305 2209 1386 si),
2247 1317 2350 1386 ct_e._
2376 1309 2472 1386 ‘Dc
2519 1309 2614 1363 hac
2662 1313 2820 1386 etiam
2873 1305 3286 1386 ipseul'mininus
3315 1320 3364 1370 in
3397 1305 3684 1386 Eva‘ngelio

2104 1377 2258 1454 dixit,
2279 1377 2551 1454 Fidi-stite
2571 1389 2616 1454 te
2641 1382 2832 1454 salvum
2853 1377 2968 1451 fecit
2989 1383 3134 1454 (an.
3161 1401 3284 1444 xvn,
3313 1388 3424 1450 l9);
3453 1399 3506 1441 et
3529 1377 3675 1450 illud,

2107 1445 2182 1522 Si
2203 1447 2471 1522 [tribuet-itis
2514 1449 2675 1522 ﬁdem
2701 1451 2826 1503 sicut
2853 1445 3079 1519 'grannm
3114 1456 3324 1522 sinapis,
3361 1445 3533 1511 dicetis
3564 1445 3679 1510 huic

2103 1515 2282 1592 arbori
2315 1533 2473 1581 more,
2516 1515 2791 1592 b‘radifare
2828 1515 2885 1573 ef
2917 1515 3321 1590 transplanta're,
3350 1535 3393 1578 et
3424 1529 3508 1592 ﬁet
3546 1529 3684 1580 vobis

2105 1585 2314 1658 (illum.
2363 1603 2488 1658 xvu,
2523 1588 2630 1658 19).
2661 1588 2790 1642 Cum
2827 1605 2954 1658 ergo
2999 1585 3156 1647 tantis
3193 1585 3434 1648 laudibus
3481 1597 3676 1649 bomun

2105 1654 2231 1734 tidci
2267 1654 2620 1734 praedicetur,
2653 1654 3370 1734 {multistamciLnominis
3406 1669 3518 1732 ejus
3557 1682 3677 1734 pro-

2103 1727 2304 1799 prietas
2335 1726 2622 1794 ignoratur.
2659 1725 2814 1799 Fides
2855 1731 2994 1782 enim
3025 1747 3054 1784 a
3085 1731 3203 1796 Fit,
3251 1733 3302 1786 id
3351 1725 3466 1799 est',
3510 1725 3577 1788 ab
3613 1751 3680 1788 co

2103 1793 2244 1870 quod
2277 1793 2386 1870 liat,
2408 1809 2610 1870 nomen
2640 1797 2865 1870 accepit,
2905 1799 3024 1870 quia
3073 1801 3122 1854 in
3167 1793 3278 1870 ipsa
3308 1793 3544 1857 omnium
3571 1821 3678 1858 non

2103 1864 2274 1918 solum
2317 1863 2646 1928 divinarum,
2681 1867 2770 1918 sed
2799 1863 2957 1920 etiam
2993 1863 3336 1924 humanarum
3371 1888 3545 1925 rerum
3582 1877 3674 1926 lir-

2103 1933 2258 1987 mitas
2303 1935 2625 1986 continetur.
2677 1933 2828 1988 Unde
2877 1937 3196 2002 quibuslibet
3247 1943 3421 1996 verbis
3470 1945 3678 1996 etiamsi

2103 2018 2222 2078 eum
2277 2003 2456 2078 multis
2489 2005 2805 2078 juramentis
2860 2006 3000 2078 dicat
3039 2024 3099 2062 se
3137 2009 3326 2078 aliquis
3371 2011 3525 2064 lidetn
3577 2013 3674 2066 he-

2103 2071 2246 2148 llere,
2279 2073 2322 2148 si
2355 2072 2406 2148 id
2440 2072 2578 2140 quod
2613 2087 2672 2126 se
2695 2075 2822 2148 d_ieit
2849 2076 3065 2148 credere
3094 2071 3294 2148 verbis,
3329 2081 3546 2148 implere
3576 2099 3674 2134 no-

2103 2141 2258 2194 luerit
2287 2139 2465 2203 factis,
2486 2155 2588 2222 non
2610 2151 2692 2196 est
2711 2143 2866 2210 lides;
2895 2146 3036 2214 quia,
3061 2147 3195 2202 sicut
3223 2139 3350 2214 dixi,
3383 2139 3514 2206 lide's
3539 2167 3567 2204 a
3589 2152 3674 2206 Fit

2104 2225 2298 2262 nomen
2325 2220 2546 2278 accepit.

2172 2279 2224 2356 2.
2271 2279 2335 2334 Ut
2363 2281 2936 2358 iptegrajitncredatnr
2960 2293 3004 2336 et
3023 2287 3156 2358 quod
3194 2289 3436 2358 promittit
3469 2299 3513 2341 et
3539 2291 3672 2358 quod

2103 2349 2322 2401 minatur
2365 2348 2520 2423 Reus.
2557 2349 2622 2404 Ut
2661 2352 2724 2423 sit
2759 2368 2908 2423 vera,
2945 2348 3204 2423 agendum
3238 2357 3371 2410 unde
3396 2367 3438 2410 et
3467 2348 3560 2411 hoc
3583 2375 3673 2411 ca-

2102 2427 2292 2496 peatue,
2315 2428 2359 2470 et
2379 2419 2506 2471 illud
2529 2421 2833 2496 (requiratur.
2861 2419 3141 2496 _\’ideamus
3166 2425 3288 2494 quid
3321 2429 3388 2479 sit
3414 2429 3550 2496 quod
3580 2429 3674 2482 de-

2103 2485 2228 2562 beat
2251 2487 2460 2562 iacere,
2495 2485 2765 2562 quilldcm
2791 2492 2902 2544 vult
2931 2485 3196 2562 integram
3213 2485 3478 2550 custodire
3512 2515 3523 2548 :
3571 2498 3672 2552 hoc

2103 2557 2406 2633 sinedubio
2432 2559 2484 2610 in
2511 2573 2615 2633 quo
2646 2557 3370 2619 lundamentum'cbristiaure
3402 2566 3672 2633 religionis

2103 2625 2404 2702 lirtuissime
2433 2625 2766 2692 continetur;
2797 2640 2854 2702 ut
2895 2641 2948 2684 et
2995 2633 3133 2700 quod
3165 2635 3424 2702 promittit
3451 2625 3589 2689 eius
3617 2647 3673 2690 ct

2103 2695 2243 2764 quod
2265 2699 2513 2762 minatur,
2547 2706 2657 2750 toto
2685 2699 2845 2754 corde
2883 2695 3066 2754 verum
3096 2695 3213 2756 esse
3243 2705 3490 2758 conﬁdat.
3524 2705 3672 2758 Tunc

2102 2766 2243 2843 enim
2271 2775 2324 2820 et
2349 2781 2538 2843 nemen
2567 2768 2686 2820 fidei
2716 2769 3006 2843 intelligere
3025 2812 3040 2836 ,
3072 2781 3126 2843 et
3150 2773 3394 2826 virtutem
3425 2775 3540 2841 ejus
3563 2777 3672 2843 ple—

2103 2835 2222 2888 nius
2251 2837 2444 2904 poterit
2469 2851 2754 2906 agnoscere
2776 2878 2793 2904 ,
2843 2835 2907 2896 si'
2933 2835 3033 2892 ista
3062 2841 3166 2895 duo
3209 2843 3310 2896 sibi
3341 2835 3674 2897 anle'ecules

2103 2915 2550 2976 Suos‘preponat,
2601 2907 2651 2959 id
2695 2916 2809 2970 est,
2859 2911 3132 2976 pnemium
3175 2913 3295 2964 vitre
3339 2923 3587 2976 teterurc,
3619 2925 3674 2968 ct

2103 2974 2622 3048 supplicittm‘pteua:
2653 2974 2949 3048 perpetu—te.
2973 2979 3036 3032 Et
3067 2981 3186 3048 quia
3217 2997 3378 3034 unum
3409 2974 3629 3036 credere
3652 3023 3669 3048 ,

2103 3055 2156 3122 et
2182 3043 2248 3097 de
2276 3045 2379 3096 alio
2408 3043 2798 3122 dubitare’niliil
2829 3047 3038 3114 prodest
3059 3043 3222 3112 {cum
3244 3053 3424 3122 grandi
3452 3043 3675 3122 diligan

2106 3113 2565 3189 t_ia_eunusquisquc
2591 3113 2878 3189 interroget
2899 3132 3190 3189 corsuum,
3222 3113 3271 3173 si
3298 3113 3578 3189 utrumque
3611 3123 3674 3174 li-

2102 3181 2294 3236 deliter
2313 3181 2515 3236 credit:
2540 3193 2592 3236 et
2613 3185 2654 3236 si
2687 3185 2738 3237 in
2768 3181 2880 3238 istis
2901 3187 3102 3238 duabus
3125 3191 3282 3240 rebus
3307 3181 3672 3244 veram'lidcm

2104 3265 2162 3304 se
2225 3249 2419 3321 habere
2466 3255 2802 3321 cognoverit,
2852 3255 3012 3308 corde
3077 3255 3378 3310 firmissimo
3440 3260 3674 3312 retinens

2104 3319 2324 3396 quodet
2343 3322 2472 3396 justi
2502 3319 2780 3396 postbena
2805 3339 2966 3391 opera
2993 3328 3257 3392 accepturi
3287 3329 3392 3380 sint
3418 3328 3637 3396 gloriam
3656 3369 3670 3390 ,

2104 3389 2158 3444 et
2187 3389 2366 3466 iniusti
2393 3393 2676 3466 post_mala
2720 3389 3033 3466 perpetuam
3059 3389 3260 3464 passuri
3292 3397 3396 3449 sint
3420 3389 3630 3466 pinnam
3657 3389 3672 3458 ξ

2104 3473 2224 3528 cum
2254 3461 2366 3514 hrec
2395 3459 2616 3514 lidelitcr
2642 3459 2927 3516 crediderit
2949 3504 2964 3528 ,
2993 3463 3036 3518 si
3061 3459 3176 3518 toto
3205 3467 3382 3520 animo
3407 3459 3678 3520 cmitendit

2104 3527 2241 3603 bona
2272 3545 2432 3598 opera
2475 3529 2650 3603 facere
2689 3547 2782 3599 per
2813 3547 2929 3599 quae
2953 3527 3126 3603 possit
3155 3534 3220 3587 ad
3250 3537 3520 3602 prmininm
3554 3553 3676 3602 per-

2105 3599 2321 3673 venire,
2351 3607 2404 3653 et
2435 3602 2568 3654 mala
2599 3616 2702 3654 non
2732 3615 2888 3668 agere
2919 3599 2976 3654 ut
2999 3619 3206 3672 poenam
3239 3599 3402 3673 possit
3427 3599 3674 3669 evadere,

2105 3667 2262 3721 ﬁdem
2313 3677 2527 3744 rectam
2559 3685 2616 3744 se
2661 3667 2841 3744 tenere
2879 3667 3320 3744 coligatideat,'et
3352 3676 3458 3728 Dee
3483 3667 3680 3744 gratias

2106 3747 2258 3806 agat,
2287 3747 2340 3792 et
2363 3753 2484 3813 cum
2517 3740 2680 3813 ipsius
2705 3739 2970 3813 adjuterio
2992 3739 3046 3796 in
3091 3745 3206 3813 ipso
3236 3759 3396 3812 opere
3429 3739 3676 3812 perseve-

2106 3823 2226 3862 rare
2251 3808 2554 3882 contendat.
2585 3809 2708 3862 lhrc
2727 3825 2882 3882 ergo,
2912 3808 3125 3882 fratres,
3152 3815 3194 3866 si
3222 3808 3498 3882 diligenter
3521 3815 3680 3868 vultis

2107 3878 2415 3950 attendere,
2463 3885 2516 3931 et
2563 3895 2755 3950 nomen
2803 3879 2924 3933 lidei
2954 3890 3009 3935 et
3039 3885 3284 3936 virtutem
3315 3878 3430 3948 ejus
3475 3886 3682 3950 plenius

2109 3947 2348 4018 poteritis
2373 3963 2680 4016 agnoscere.
2715 3949 2778 4000 Et
2805 3951 2925 4014 quia
2959 3951 3087 4005 fides
3113 3967 3139 4002 a
3175 3952 3296 4014 Fit,
3339 3947 3485 4006 sicut
3521 3967 3680 4018 supe-

2109 4017 2218 4085 rius
2243 4017 2391 4080 dixi,
2433 4031 2626 4070 nomen
2656 4019 2879 4085 accepit,
2912 4020 2954 4071 si
2988 4027 3038 4072 te
3081 4021 3270 4072 melius
3308 4022 3322 4051 ¹
3353 4021 3496 4073 dicas
3525 4017 3681 4074 [idem

2110 4083 2314 4158 habere
2327 4125 2340 4146 ,
2370 4093 2424 4139 et
2453 4085 2598 4158 quod
2625 4083 2803 4139 verbis
2845 4089 3138 4158 promittis.
3176 4089 3424 4158 operibus
3463 4091 3684 4158 implere

2111 4154 2348 4208 nolueris
2365 4194 2382 4218 ,
2423 4155 2630 4222 penitus
2654 4171 2758 4208 non
2783 4162 2866 4208 est
2890 4155 3042 4210 ﬁdes.
3075 4157 3142 4210 Et
3178 4154 3228 4210 si
3249 4167 3300 4211 te
3326 4154 3682 4212 asseras'cre-

2111 4223 2541 4296 derepraamium
2570 4225 2710 4292 quod
2755 4227 3014 4292 promittit
3061 4227 3231 4288 Deus.
3277 4236 3332 4282 et
3369 4229 3682 4296 supplicium

2111 4293 2251 4362 quod
2283 4293 2545 4365 minatur;
2575 4303 2626 4346 et
2663 4303 2839 4347 tamen
2867 4335 2880 4359 ,
2911 4304 2966 4349 ut
3003 4311 3143 4364 smpe
3181 4296 3288 4365 jam
3320 4293 3515 4350 dictum
3566 4307 3680 4360 est,

2112 4377 2272 4435 agere
2295 4363 2527 4435 nolueris
2553 4369 2609 4416 ut
2633 4378 2842 4432 pcenam
2875 4363 3194 4435 perpetuam
3217 4365 3387 4435 pessis
3419 4366 3642 4420 evadere
3666 4407 3681 4426 .

2113 4441 2168 4486 et
2201 4432 2275 4503 ad
2324 4433 2539 4500 prmmia
2569 4443 2764 4486 aeterna
2803 4432 3082 4503 pervenire
3101 4478 3116 4498 ,
3145 4432 3360 4490 omnino
3387 4451 3489 4490 non
3521 4445 3600 4490 est
3631 4437 3682 4490 iu

2115 4501 2318 4575 gelidos
2345 4521 2360 4554 :
2389 4512 2442 4575 et
2461 4518 2573 4575 non
2599 4503 2770 4575 solum
2794 4501 2846 4558 te
2870 4505 3000 4559 nihil
3028 4506 3239 4574 adjuvat
3262 4505 3398 4575 quod
3430 4515 3498 4562 te.
3510 4507 3686 4560 verbis

2113 4569 2326 4644 fidelem
2372 4571 2540 4644 dicis,
2575 4573 2669 4626 sed
2695 4583 2750 4626 et
2777 4577 2998 4628 multum
3027 4569 3118 4630 tibi
3158 4569 3315 4630 etiam
3349 4583 3532 4640 necet;
3562 4578 3686 4644 quia

2113 4639 2305 4715 melius
2333 4649 2416 4715 est
2444 4642 2690 4715 cuiquam
2715 4658 2832 4715 non
2845 4645 3157 4715 promittere
3177 4685 3191 4710 ,
3223 4661 3380 4712 quam
3411 4639 3528 4715 qua:
3559 4639 3686 4713 pro-

2113 4711 2319 4764 miserit
2345 4711 2566 4779 implere
2610 4726 2715 4764 non
2754 4713 2912 4766 velle.
2945 4713 3126 4767 Solum
3158 4711 3297 4768 enim
3339 4711 3532 4769 nomen
3562 4711 3685 4769 iidei

2117 4788 2168 4834 te
2195 4779 2420 4834 liberare
2447 4796 2549 4854 non
2598 4781 2832 4854 poterit:
2873 4783 2998 4850 quin
3043 4785 3247 4852 potius,
3281 4785 3416 4838 sicut
3455 4785 3564 4854 jam
3603 4785 3686 4837 di—

2115 4859 2257 4922 ctum
2287 4859 2400 4922 est,
2428 4850 2566 4922 inde
2596 4851 2876 4922 dupliciter
2904 4868 3024 4906 reus
3043 4850 3193 4914 eris;
3226 4855 3346 4922 quia
3377 4850 3516 4922 quod
3565 4871 3688 4905 wr-

2114 4919 2198 4992 bis
2225 4919 2512 4992 promisisti
2537 4919 2756 4988 implere
2782 4922 2990 4992 noluisti
3013 4939 3026 4986 ;
3056 4933 3109 4976 et
3134 4919 3330 4976 clamat
3360 4919 3450 4976 tibi
3479 4939 3574 4992 per
3597 4923 3687 4974 Ja-

2115 4988 2566 5063 cebumSpiritits
2579 4999 2810 5058 sanctus,
2841 4990 2996 5046 Fides
3020 4993 3127 5047 sine
3151 4993 3380 5063 aperibus
3400 4988 3596 5045 mortua
3616 5001 3690 5044 est

2121 5057 2349 5130 (Jacobi,
2383 5073 2420 5112 ll
2443 5099 2458 5125 ,
2486 5059 2576 5129 26)
2588 5097 2600 5110 .

2188 5129 2242 5202 ζ’)ἶ
2283 5127 2407 5202 Ideo
2434 5127 2565 5202 gnte»
2599 5131 2872 5202 pnesertim
2902 5133 2955 5185 in
3001 5131 3260 5202 Baptistae
3292 5132 3538 5202 promissa
3575 5144 3690 5185 sunt

2116 5198 2392 5268 implenda.
2425 5197 2524 5250 Hic
2549 5216 2693 5254 nemo
2723 5201 2786 5253 sit
2815 5218 3036 5255 securus.
3079 5197 3234 5255 Fides
3263 5197 3412 5254 etiam
3448 5201 3509 5254 de
3535 5209 3692 5256 otioso

2116 5283 2340 5340 sermone
2367 5269 2696 5340 periclitatur.
2749 5271 2816 5324 Et
2853 5272 2980 5325 licet
3021 5279 3184 5324 totum
3232 5271 3486 5340 quidquid
3533 5273 3693 5325 homo

2117 5339 2454 5418 promiserit,
2507 5339 2549 5391 si
2597 5349 2806 5418 potest,
2857 5341 3049 5418 debeai
3079 5339 3328 5410 operibus
3359 5339 3689 5418 adimplere;

2117 5408 2262 5460 illam
2308 5416 2484 5462 tamen
2531 5411 2754 5478 primam
2785 5408 3202 5480 etipra-claram
3249 5408 3692 5480 promissionem,

2117 5491 2273 5544 quam
2303 5493 2366 5532 eo
2393 5487 2630 5548 tempore
2656 5495 2757 5547 quo
2783 5479 2835 5532 in
2865 5479 3134 5548 Baptisme
3177 5479 3524 5540 renascimur,
3580 5481 3692 5534 Deo

2119 5548 2508 5620 promittimus,
2555 5550 2856 5620 Specialiter
2897 5565 3020 5605 cum
3071 5553 3232 5620 ipsius
3271 5549 3534 5620 adjutorio
3574 5565 3689 5604 scr-

2122 5631 2248 5670 vare
2299 5617 2599 5674 debcmusﬁ
2633 5619 3020 5691 interrogantur
3085 5617 3224 5677 enim
3285 5617 3350 5674 inv
3387 5619 3691 5690 Baptismo,

2183 5791 2200 5822 ⁸
2225 5795 2378 5852 Ferte,
2405 5790 2592 5844 utiliter.
