4074 6186
361 303 494 359 κει

365 417 424 472 Ιίι
450 417 570 471 ideo
596 429 710 484 rogi
753 427 866 476 vos,
900 421 952 466 ut
979 421 1043 484 et,
1063 413 1318 466 maturius
1345 411 1566 468 veniatis
1587 456 1599 472 .
1629 424 1680 466 rt
1708 429 1828 469 cum
1859 431 1949 468 vc-

361 487 568 550 nrritis,
599 482 766 552 magis
785 499 938 538 orare
965 482 1045 538 vel
1075 484 1322 552 psallere,
1348 499 1506 552 quam
1534 485 1718 536 otiosis
1745 501 1836 536 vos
1866 488 1946 540 vel

359 556 708 636 smrularibus
749 553 1024 636 studeatis
1047 553 1235 635 fabulis
1261 567 1546 636 occupare.
1571 556 1667 636 Qui
1707 557 1854 636 enim
1883 557 1946 608 ad

357 627 640 682 ecclesiam
669 625 890 679 venit-us
915 623 1186 677 verbosari
1215 623 1458 682 voluerit.
1495 627 1682 678 melius
1709 625 1784 678 illi
1831 625 1947 678 fue-

359 708 444 750 rat
473 712 578 752 non
605 698 816 748 venisse
843 712 856 746 :
885 695 1004 763 quia
1032 693 1156 746 dum
1188 709 1246 746 se
1275 695 1610 748 infructuosis
1639 693 1828 748 fabulis
1852 710 1946 748 oc-

355 776 538 836 cupat,
564 781 662 820 nec
685 766 797 832 ipse
823 765 1017 836 psallit,
1043 777 1140 836 nec
1166 765 1296 816 alios
1324 765 1548 836 psallere
1571 773 1660 816 aut
1692 766 1946 820 lectiones

357 833 544 890 audire
571 836 847 906 permittit.
867 833 976 906 Qui
1007 834 1125 886 talis
1151 842 1252 906 est,
1276 835 1372 906 etsi
1390 849 1521 906 rum
1549 849 1712 904 parvo
1732 844 1948 904 peccato

355 909 422 960 ad
449 904 730 962 ecclesiam
758 905 920 967 venit,
963 919 1082 958 cum
1115 905 1300 970 majori
1338 905 1402 956 ad
1433 904 1648 958 domum
1681 907 1945 973 pmpriam

357 979 498 1032 redit
523 995 536 1029 :
569 978 690 1046 quia
722 977 788 1028 ibi
831 989 888 1028 se
915 973 1245 1046 verbosando
1274 975 1476 1046 studuit
1514 975 1794 1046 rnluerare
1814 1011 1829 1038 ,
1859 975 1944 1030 ubi

359 1043 638 1114 psallendo
665 1046 748 1100 vel
774 1045 978 1099 orando
1005 1053 1058 1098 et
1084 1044 1182 1098 sibi
1213 1052 1267 1097 et
1289 1045 1406 1097 aliis
1429 1043 1815 1098 medicamenta
1848 1060 1944 1114 po-

355 1121 454 1170 tuit
485 1117 784 1186 providere.

425 1183 502 1240 *2f
529 1187 756 1252 Qualiter
785 1185 1054 1240 orandum.
1086 1185 1220 1238 Ante
1239 1185 1438 1246 omnia,
1471 1184 1662 1240 fratres
1687 1183 1942 1239 charissi-

357 1259 452 1314 mi.
474 1260 681 1326 quoties
695 1257 918 1310 orationi
943 1255 1314 1326 incumbimus.
1333 1270 1452 1309 eum
1471 1255 1682 1308 silentio
1699 1265 1752 1308 et
1769 1256 1945 1326 quiete

355 1325 654 1396 MtppiiCare
695 1327 804 1380 Deo
843 1326 1098 1380 debemus
1132 1342 1155 1396 :7
1190 1325 1312 1396 quia
1355 1327 1673 1395 quicumque
1717 1325 1944 1378 voluerit

354 1395 478 1452 cum
510 1400 612 1452 alta
643 1412 770 1451 voce
795 1411 970 1458 orare,
997 1395 1243 1448 omnibus
1264 1395 1410 1462 juxta
1441 1411 1498 1449 se
1526 1397 1789 1450 stantibus
1813 1411 1937 1448 ora-

357 1469 518 1522 tionis
545 1471 770 1522 fructum
799 1467 1006 1520 videtur
1029 1465 1259 1518 auferre.
1290 1465 1511 1534 Rugitus
1541 1475 1740 1519 Lautum
1767 1475 1821 1520 et
1849 1480 1942 1518 su-

355 1540 522 1606 spiria
553 1540 632 1591 vel
659 1539 886 1606 gemitus
925 1535 1225 1588 audiantur.
1259 1535 1388 1590 Nam
1415 1537 1584 1589 oratio
1612 1545 1790 1590 nostra
1823 1535 1942 1589 talis

355 1609 677 1670 essedebet,
717 1608 886 1674 qualis
915 1606 1072 1659 fuisse
1099 1607 1290 1674 legitur
1317 1615 1513 1660 sancta:
1551 1610 1719 1660 Anna:
1757 1607 1942 1660 matris

357 1679 500 1733 beati
537 1677 818 1733 Samuelis.
849 1677 936 1746 Sic
981 1677 1120 1728 enim
1169 1677 1238 1730 de
1287 1676 1372 1728 illa
1401 1678 1654 1746 scriptum
1685 1685 1788 1740 est,
1819 1677 1938 1742 quia

357 1750 492 1804 Ωιεης
520 1749 724 1812 orabat,
755 1757 808 1802 et
839 1745 972 1799 labia
999 1748 1106 1814 ejus
1145 1747 1488 1798 tantummodo
1514 1745 1863 1810 movebantur,
1895 1757 1940 1799 et

357 1835 454 1872 vox
475 1820 670 1890 penitus
699 1833 798 1871 uou
825 1819 1118 1890 audiebatur
1151 1815 1190 1886 (I
1223 1814 1348 1890 (leg.
1379 1818 1462 1890 t_.__l_
1482 1817 1500 1870 l
1524 1825 1572 1890 et
1591 1817 1942 1890 t5).Audiaut

359 1886 484 1944 hrcc'
497 1903 684 1943 omnes
708 1898 762 1942 et
783 1888 1074 1946 imitentur,
1102 1887 1362 1954 pramipue
1389 1886 1462 1939 illi
1485 1886 1576 1956 qui
1604 1886 1673 1940 ita
1694 1889 1796 1940 alta
1821 1902 1942 1955 g-ir-

361 1959 576 2014 rulitate
600 1959 713 2012 sine
737 1959 838 2011 ulla
865 1957 1184 2012 verecundia
1205 1971 1325 2010 cum
1351 1959 1578 2024 strepitu
1599 1957 1744 2010 vocis
1764 1967 1936 2016 orant.

357 2040 414 2081 ut
436 2030 584 2096 juxta
625 2043 682 2082 se
708 2029 840 2082 alios
869 2043 1024 2080 orare
1054 2041 1158 2079 non
1191 2027 1512 2092 permittant.
1531 2026 1766 2096 Oremus
1790 2041 1936 2096 ergo,

355 2095 495 2154 sicut
519 2099 650 2161 disi,
677 2113 798 2153 cum
829 2097 1077 2165 suspirio,
1108 2096 1276 2164 rugitu
1301 2096 1378 2149 vel
1402 2095 1621 2165 gemitu.
1646 2095 1938 2150 secundum

356 2169 486 2222 illud
509 2169 893 2236 prepltelicutu,
923 2163 1194 2234 lluqicbaui
1213 2181 1244 2218 a
1263 2163 1446 2236 gemitu
1461 2167 1628 2218 cordis
1645 2167 1742 2219 mei
1766 2167 1936 2237 (Psal.

355 2255 562 2300 xxxvii,
593 2239 670 2306 9).
701 2239 947 2299 Oremus,
981 2238 1214 2304 inquam,
1251 2252 1354 2288 non
1392 2250 1520 2290 voce
1549 2243 1796 2300 sonante,
1844 2237 1936 2292 sed

355 2311 679 2364 conscientia
701 2307 766 2362 ad
802 2307 966 2360 Deum
987 2306 1268 2359 clamante.

425 2381 480 2434 5.
526 2379 857 2448 Evagatiours
881 2377 1058 2448 mentis
1088 2377 1138 2428 iu
1164 2375 1388 2448 oratione
1407 2374 1577 2448 Deum
1623 2392 1820 2430 suntme
1849 2376 1938 2428 la:-

352 2449 502 2503 duut.
523 2445 746 2504 Orantes
765 2457 962 2509 autem,
992 2445 1178 2500 fratres
1197 2445 1516 2507 charissimi,
1540 2455 1794 2513 quantum
1818 2461 1938 2514 pos-

353 2535 560 2581 sinuus,
588 2520 869 2588 adjuvante
899 2517 1118 2588 llmuitlo
1149 2517 1446 2588 laboremus
1465 2557 1478 2576 ,
1515 2525 1571 2569 ιιι
1606 2517 1748 2588 nulla
1783 2515 1938 2588 nobis

355 2599 613 2644 extranea
654 2585 908 2658 cogitatio
940 2587 1225 2658 subrepere
1269 2587 1466 2658 possit;
1510 2601 1576 2640 ne
1615 2585 1752 2640 forte
1793 2586 1936 2640 aliud

357 2659 648 2714 habeamus
677 2655 952 2721 iu'corde,
985 2667 1038 2710 et
1073 2656 1212 2708 aliud
1243 2655 1572 2724 proferamus
1599 2671 1664 2710 ex
1695 2672 1790 2710 ore
1821 2673 1834 2708 :
1870 2671 1938 2712 ne

357 2729 496 2784 forte
519 2731 644 2784 dum
687 2730 859 2798 lingua
891 2729 1051 2798 Deum
1083 2736 1230 2795 rogat
1249 2768 1263 2788 ,
1291 2726 1540 2798 cogitatio
1569 2726 1620 2778 in
1652 2727 1812 2798 rebus
1839 2742 1936 2781 va-

353 2802 452 2854 riis
483 2810 737 2870 occupata
767 2796 833 2852 ab
857 2797 1094 2870 oratione
1123 2811 1282 2870 sensu
1307 2796 1581 2870 discedat;
1611 2805 1660 2850 et
1700 2797 1822 2870 inde
1843 2811 1936 2870 ne:

353 2869 532 2939 quirat
575 2865 878 2938 peccatum,
922 2867 1058 2921 unde
1097 2867 1262 2935 potuit
1306 2866 1500 2921 habere
1536 2867 1850 2939 remedium.
1880 2865 1937 2922 Si

353 2937 496 2994 enim
514 2937 648 3008 apud
667 2940 894 3008 aliquam
913 2947 1178 3008 potentem
1207 2951 1487 3008 personam
1513 2937 1678 2992 velles
1705 2937 1936 3007 aliquam

351 3007 569 3065 causam
621 3010 970 3064 necessariam
1014 3007 1271 3076 allegare,
1317 3015 1371 3060 et
1412 3007 1586 3060 subito
1623 3023 1842 3062 aversus
1870 3010 1940 3064 ab

353 3081 466 3140 illo.
499 3081 670 3135 media
697 3078 1101 3134 interlocutione
1120 3078 1378 3145 disrupta,
1409 3079 1670 3146 aliquibus
1693 3088 1742 3132 te
1773 3079 1938 3133 velles

353 3165 618 3220 occupare
638 3149 1070 3220 scurrilitatibns;
1099 3147 1388 3220 qualem_te
1411 3157 1564 3220 putas
1589 3147 1832 3220 injuriam
1863 3149 1937 3202 illi

351 3216 596 3290 personae
617 3235 736 3276 eum
767 3235 866 3288 qua
901 3217 1220 3290 loquebaris,
1253 3216 1448 3272 inferre
1467 3219 1780 3290 ‘?_quomodo
1803 3232 1938 3272 eon-

353 3287 522 3345 irate
565 3292 704 3346 illius
736 3287 1058 3344 iracundiam
1103 3287 1504 3342 commoveres?
1547 3287 1600 3340 Si
1647 3304 1773 3358 ergo
1813 3304 1934 3344 cum

355 3361 572 3416 homine
601 3363 911 3429 loquentes,
945 3368 1054 3412 tota
1098 3359 1390 3412 intentione
1413 3359 1576 3411 animi
1609 3359 1931 3423 laboramus,

357 3447 424 3488 ne
450 3431 592 3485 aliud
623 3432 916 3500 cogitantes
957 3429 1026 3482 illi
1071 3445 1190 3482 cum
1233 3443 1340 3498 quo
1387 3429 1650 3496 loquimur
1691 3430 1934 3498 iujuriam

357 3503 528 3556 facere
557 3499 864 3563 videamur;
903 3515 1022 3553 cum
1058 3501 1164 3554 lico
1194 3501 1244 3552 in
1271 3499 1512 3553 oratione
1553 3500 1854 3568 loquentes,
1882 3511 1936 3554 ct

355 3581 484 3627 aute
513 3582 714 3626 tantam
745 3573 1070 3639 majestatem
1097 3579 1428 3639 peccatorum
1457 3578 1756 3623 nostrorum
1781 3575 1938 3623 misc-

356 3644 463 3696 rias
491 3644 818 3712 allegantes,
867 3657 970 3695 non
1001 3657 1094 3712 nos
1139 3640 1300 3708 pudet
1337 3649 1391 3694 et
1429 3656 1534 3692 non
1573 3641 1936 3712 erubescimus

355 3715 582 3781 captivis
610 3713 852 3768 sensibus
875 3713 978 3765 huc
1001 3711 1228 3780 illucque
1251 3712 1567 3773 discurrere,
1591 3719 1646 3764 et
1673 3711 1936 3764 infelicem

357 3794 590 3840 mentem
641 3784 819 3836 multis
863 3783 1298 3850 tl('Cl||.lall()llli)llS
1339 3797 1370 3833 a
1413 3791 1698 3849 conspectu
1743 3782 1938 3834 divine

357 3854 652 3922 majestatis
697 3853 1044 3908 abstrahere?
1089 3851 1155 3905 Et
1197 3852 1316 3906 ideo
1361 3853 1747 3922 unusquisque.
1790 3861 1940 3905 ante-

355 3941 516 3994 quam
549 3927 600 3977 in
626 3926 866 3978 oratione
897 3923 1226 3994 procumbat,
1264 3936 1452 3994 omnes
1475 3923 1818 3990 cogitationes
1845 3937 1936 3976 su-

359 3997 592 4064 prrituas
614 3995 684 4048 ab
718 3994 878 4048 animi
907 3994 984 4046 sui
1017 3993 1338 4064 iutentiouer
1363 3993 1470 4064 Deo
1498 3995 1806 4064 auxiliante,
1847 4009 1936 4046 rr-

360 4063 522 4133 pellat
549 4082 562 4116 :
595 4075 654 4119 ut
680 4065 852 4118 anima
885 4073 1062 4118 nostra
1103 4063 1286 4133 sancti
1309 4063 1538 4130 Spiritus
1567 4063 1772 4118 fervore
1813 4079 1937 4118 suc-

357 4132 516 4189 censa
537 4177 554 4200 ,
585 4151 744 4188 omne
784 4135 964 4187 vitium
993 4132 1414 4203 compunctionis
1437 4133 1520 4187 vel
1549 4133 1802 4187 orationis
1819 4135 1938 4203 igne

357 4215 656 4270 consumat,
673 4215 726 4260 et
755 4219 912 4274 vagas
936 4220 998 4258 ac
1024 4201 1278 4258 volaticas
1301 4201 1650 4273 cogitationes
1675 4201 1934 4272 longe—di-

359 4285 609 4344 spergat;
640 4285 698 4329 ut
723 4276 852 4328 sola:
889 4275 1108 4328 virtutes
1139 4283 1340 4328 tantum
1379 4283 1434 4329 et
1472 4282 1670 4328 sancta:
1711 4275 1938 4329 medita-

360 4349 532 4402 ti0nes
559 4347 610 4399 in
635 4345 882 4400 cordibus
904 4347 1094 4400 nostris
1124 4347 1297 4399 locum
1319 4358 1531 4412 semper
1557 4344 1842 4398 inveniant.

429 4417 484 4470 4.
528 4416 640 4470 Hoc
680 4418 812 4469 enim
840 4416 985 4484 quasi
1025 4417 1294 4480 adoretur,
1327 4416 1464 4486 quod
1487 4415 1722 4468 attentius
1748 4415 1938 4486 cogita-

359 4496 462 4540 tur.
496 4487 630 4551 Quid
655 4497 758 4540 tum
783 4488 928 4539 unice
945 4487 1284 4557 cogitandum.
1315 4485 1377 4557 Si
1387 4485 1584 4557 durum
1605 4485 1756 4538 nimis
1781 4485 1856 4538 est
1885 4496 1936 4538 ut

358 4557 502 4612 nobis
532 4559 586 4610 in
615 4557 842 4611 oratione
873 4556 1144 4624 subrepant
1181 4571 1293 4623 ante
1325 4556 1427 4626 alio
1467 4565 1692 4626 tempore
1719 4557 1939 4626 cogitare

427 4644 648 4691 ssumus,
675 4628 795 4697 quid
817 4627 878 4679 de
894 4627 1083 4680 illicitis
1111 4625 1534 4697 cogitationibus?
1563 4625 1770 4696 [Omnis
1793 4627 1934 4680 enim

379 4713 540 4760 nomo,
569 4695 758 4752 fratres
785 4697 1106 4762 charissimi,
1137 4695 1276 4765 quod
1305 4705 1545 4764 tempore
1566 4695 1824 4749 orationis
1853 4707 1936 4750 at-

360 4769 556 4822 tentius
604 4769 823 4837 Cogitat,
858 4767 959 4822 hoc
1003 4768 1100 4820 sibi
1136 4783 1230 4836 pro
1263 4766 1372 4837 Deo
1411 4767 1720 4837 constituit,
1749 4773 1806 4837 et
1837 4766 1936 4820 hoc

359 4839 512 4907 quasi
537 4835 700 4892 Deum
723 4837 920 4892 habere
937 4847 986 4892 et
1003 4839 1150 4906 quasi
1170 4836 1458 4907 Dominum
1471 4835 1938 4907 videbitur-adora-

357 4905 582 4978 ηοω
595 4923 698 4974 res,
725 4905 1074 4978 dilectissimi,
1101 4907 1318 4960 nimium
1337 4905 1464 4958 mihi
1493 4906 1772 4978 aliquoties
1799 4910 1932 4960 into-

357 4979 630 5034 lerabilem
657 4979 896 5033 dolorem
935 4977 1114 5032 incutit
1146 4985 1200 5030 et
1247 4987 1528 5046 tremorem
1547 5017 1565 5041 ,
1593 4991 1714 5030 cum
1745 4977 1796 5030 iu
1827 4979 1936 5046 ipsa

353 5049 612 5105 orationis
651 5048 942 5104 intentione
985 5062 1138 5104 meus
1177 5046 1242 5102 ad
1289 5045 1525 5117 diversas
1563 5045 1937 5117 occupationes

355 5119 536 5173 σεθυυΙί
567 5120 806 5188 rapitur:
836 5127 1032 5173 etcum
1061 5119 1264 5172 videtur
1287 5115 1426 5188 aliud
1453 5132 1631 5188 agere,
1663 5115 1816 5186 longe
1837 5120 1936 5172 ali-

355 5189 410 5244 bi
429 5187 770 5259 cognoscitur
785 5191 1103 5259 cogitatione
1123 5187 1428 5259 discedere;
1452 5187 1604 5254 quasi
1625 5191 1693 5241 sit
1717 5189 1935 5258 aliquid,

355 5257 638 5330 quod'plus
656 5257 886 5326 cogitare
910 5260 1218 5330 debeamus.
1243 5257 1466 5330 Quando
1486 5273 1606 5330 cum
1639 5259 1746 5314 Deo
1773 5257 1940 5327 Inqui-

355 5327 500 5396 titur,
521 5327 600 5384 itil
626 5331 778 5384 nobis
804 5329 944 5383 aliud
969 5341 1050 5384 est
1079 5328 1436 5396 c0gitandum,
1466 5327 1564 5382 nisi
1595 5339 1650 5382 ut
1680 5338 1790 5382 toto
1815 5346 1937 5382 cor-

353 5401 424 5456 de
452 5413 508 5456 et
533 5409 642 5454 toto
670 5401 850 5454 animo
874 5410 928 5454 et
951 5410 1055 5454 tota
1087 5409 1264 5453 mente
1295 5411 1630 5469 peccatorum
1664 5399 1938 5469 indulgeu-

355 5473 486 5526 tiant
515 5482 568 5527 et
587 5472 678 5526 Dei
707 5471 930 5542 gratiam
957 5471 1242 5526 debeamus
1267 5479 1537 5542 expetere.
1572 5468 1726 5542 Verbi
1747 5468 1936 5537 gratia,

353 5543 674 5610 cuicumque
703 5539 836 5595 forte
865 5543 918 5595 in
957 5543 1194 5595 oratione
1221 5539 1511 5607 subripitur
1541 5550 1604 5610 ut
1635 5540 1803 5593 furum
1844 5555 1939 5594 co-

279 5661 282 5663 .
357 5613 489 5682 gitet
519 5629 532 5666 :
565 5609 609 5666 si
641 5613 812 5666 forum
839 5613 1056 5682 cogitat,
1085 5611 1258 5664 forum
1288 5611 1491 5662 adorat.
1531 5609 1836 5679 Subripitur
1865 5611 1936 5664 illi

357 5693 416 5736 ut
441 5683 656 5737 domum
683 5697 838 5750 quam
863 5683 1082 5736 fabricat
1105 5691 1193 5734 aut
1215 5689 1444 5749 reparat,
1469 5683 1798 5750 anteoculos
1822 5697 1940 5747 pro-

359 5761 524 5821 ponat
550 5771 564 5806 :
593 5749 733 5822 quod
760 5761 884 5806 ante
911 5753 1094 5807 oculos
1124 5751 1390 5822 habuerit,
1419 5751 1524 5822 hoc
1543 5749 1748 5804 adorat.
1781 5749 1939 5806 l-‘ortc

357 5819 543 5878 vineas
581 5819 672 5876 aut
710 5823 921 5877 hortum
960 5833 1050 5877 aut
1090 5821 1232 5875 aliud
1273 5819 1468 5890 aliquid
1514 5822 1710 5890 cogitat
1741 5839 1754 5874 :
1797 5823 1936 5892 quod

628 5913 898 5972 ΡΑτιιοι..
940 5911 1237 5972 XXXIX.

1657 293 1886 352 Stilum
1925 295 2294 356 CCLXXXIV.

2458 203 2522 220 σε...

2489 227 2572 240 μιν

3501 311 3643 370 2982

2055 423 2180 487 ante
2221 415 2402 487 cenios
2447 415 2623 487 cordis
2669 418 3024 487 preposucrit,
3053 417 3154 474 hoc
3201 421 3252 474 iu
3287 421 3371 478 illa
3402 429 3642 484 oratione

2055 485 2262 568 adorat.
2291 484 2463 568 Tarae
2489 485 2556 540 de
2585 484 2806 568 maliset
2831 489 3147 568 fraternam
3177 495 3418 568 turpibus
3443 499 3642 568 cogita—

2057 555 2288 628 tionibus
2313 556 2394 610 vel
2428 557 2798 628 immundisi'q
2829 557 3196 620 Considerate.
3219 555 3408 619 fratres
3434 555 3637 623 charis-

2055 625 2196 706 simi.
2229 639 2409 706 qureso
2437 643 2548 688 vos,
2579 625 3008 706 ct_vitlet'e_qu:uu
3040 632 3108 683 sit
3133 632 3264 685 dura
3298 634 3394 688 ista
3418 639 3638 706 captivi-

2057 703 2159 766 tas,
2190 705 2247 748 ut
2287 697 2458 766 lingua
2489 698 2636 765 quasi
2667 713 2787 750 cum
2823 699 2932 751 lico
2959 701 3221 766 loquatur,
3254 713 3308 757 et
3342 713 3447 760 tota
3476 697 3639 764 animi

2057 764 2280 846 intentio
2323 764 2388 820 ad
2427 764 2617 846 terra-iu
2647 770 2957 846 etuparielcs
2987 764 3066 824 vel
3111 764 3328 846 lapides
3357 775 3636 846 dirigatur.

2057 835 2120 888 Et
2145 837 2186 888 si
2220 836 2315 914 ista
2341 852 2460 914 qua!
2491 837 2628 914 licite
2647 839 2773 914 _ali_o
2802 849 3038 906 tempore
3068 835 3418 914 vel‘cogit'are
3446 835 3638 914 dossu.

2055 921 2172 958 mus
2203 907 2283 960 vel
2308 907 2502 964 videre.
2533 909 2689 959 nimis
2717 909 2907 961 durum
2936 919 3016 962 est
3055 921 3109 964 ut
3141 907 3291 966 nobis
3318 915 3370 968 in
3398 907 3640 972 oratione

2053 977 2372 1052 subrepant;
2419 985 2572 1046 putas
2601 979 2684 1029 illa
2713 993 2829 1052 quae
2859 981 3016 1052 etiam
3051 982 3156 1034 alio
3192 991 3430 1052 tempore
3457 988 3638 1043 illicito

2052 1047 2369 1126 cogitantur,
2399 1055 2650 1126 quantum
2673 1049 2803 1126 _mali
2824 1051 2950 1126 erit,
2981 1053 3022 1101 si
3049 1065 3109 1104 ea
3139 1052 3188 1126 in
3217 1047 3457 1126 ora-tione
3481 1060 3636 1126 positi

2052 1117 2376 1188 cogitemus;
2419 1117 2470 1168 id
2497 1127 2578 1170 est
2599 1160 2612 1176 ,
2641 1119 2682 1170 si
2718 1118 3057 1188 cupiditatem
3080 1163 3094 1182 ,
3137 1123 3178 1174 si
3207 1123 3422 1188 odium,
3452 1117 3494 1178 si
3527 1129 3634 1181 ira-

2051 1185 2320 1248 condiam,
2355 1196 2444 1238 aut
2467 1188 2747 1248 luxuriam,
2780 1185 2858 1242 vel
2886 1189 3141 1244 adulteria
3169 1201 3222 1246 et
3247 1185 3436 1248 etetera
3469 1197 3550 1251 his
3567 1201 3638 1250 si-

2053 1255 2194 1308 milia
2223 1257 2457 1309 inclinati
2487 1258 2550 1308 ad
2579 1261 2872 1310 orationem
2903 1268 3024 1312 ante
3054 1262 3228 1314 cordis
3257 1267 3420 1318 nostri
3453 1269 3638 1322 oculos

2051 1327 2446 1394 proponamus?
2475 1327 2648 1392 Undr,
2681 1327 2868 1382 fratres
2893 1329 3211 1396 charissimi,
3243 1335 3366 1389 totis
3393 1337 3639 1392 medullis

2049 1396 2390 1466 conscientim
2432 1399 2707 1451 Dominum
2741 1398 3106 1466 deprecemur,
3135 1410 3192 1455 ut
3218 1416 3316 1456 uos
3341 1405 3408 1458 ab
3434 1407 3528 1460 ista
3557 1410 3637 1460 lu-

2049 1465 2352 1542 tiilit'nlionf!
2377 1466 2678 1542 dmruouum
2703 1465 2968 1542 liberare,
3013 1480 3066 1526 et
3102 1482 3440 1542 peccatorum
3484 1478 3638 1534 nobis

2051 1535 2428 1608 indulgentiam
2455 1537 2659 1592 donare
2683 1538 2946 1608 dignetur.

2119 1606 2170 1660 5.
2200 1605 2302 1660 Pro
2327 1608 2504 1676 quibus
2533 1618 2578 1660 et
2603 1609 2725 1678 quid
2745 1605 3012 1662 orandum.
3047 1610 3114 1664 Et
3137 1612 3276 1676 ideo,
3301 1613 3634 1672 dilectissimi

2048 1673 2236 1754 fratres
2257 1717 2270 1740 ,
2302 1673 2487 1754 iterum
2517 1673 2674 1747 atque
2703 1680 2890 1754 iterum
2913 1696 3040 1754 rogo
3061 1722 3073 1744 ,
3105 1683 3149 1737 si
3191 1673 3302 1738 fieri
3333 1699 3437 1738 non
3465 1697 3637 1754 potest

2047 1755 2102 1822 ut
2135 1747 2259 1800 istas
2281 1748 2614 1822 captivitates
2642 1750 2832 1802 anima:
2869 1751 2934 1803 ad
2976 1747 3237 1822 integrum
3267 1747 3480 1822 possitis
3509 1773 3634 1811 eva~

2046 1815 2193 1878 dero;
2213 1819 2294 1870 vel
2314 1815 2566 1891 quantum
2587 1834 2888 1891 possumus.
2909 1815 3194 1876 auxilia‘ute
3225 1815 3470 1891 Domino,
3491 1827 3637 1881 labo-

2047 1901 2244 1952 remus,
2269 1896 2328 1940 ut
2346 1901 2436 1942 eas
2459 1889 2544 1941 vel
2568 1890 2766 1942 tardius
2793 1890 3066 1945 incurrere
3081 1892 3356 1948 videamur
3378 1911 3392 1947 :
3413 1889 3480 1951 ne
3501 1897 3636 1952 forte

2047 1970 2143 2024 per
2169 1958 2552 2031 negligentiam
2581 1959 2716 2031 dum
2747 1969 2962 2031 orantes
2986 1961 3129 2016 aliud
3155 1964 3468 2031 cogitamus,
3510 1967 3636 2021 inde

2045 2026 2196 2102 apud
2215 2027 2376 2081 Deum
2418 2029 2745 2102 inveniamus
2783 2029 3072 2095 offensam,
3115 2032 3256 2086 unde
3293 2026 3634 2102 potueramus

2045 2097 2324 2170 acquirere
2351 2099 2594 2170 gratiam.
2625 2100 2850 2152 Oremus
2874 2116 3004 2170 ergo
3022 2142 3036 2166 ,
3081 2097 3306 2170 fratres,
3335 2121 3438 2159 non
3463 2108 3634 2164 solum

2047 2167 2328 2244 pronobis
2342 2209 2357 2230 ,
2389 2168 2481 2222 sed
2512 2169 2677 2244 etiam
2700 2185 2794 2237 pro
2817 2167 3064 2244 omnibus
3083 2215 3098 2238 ,
3143 2167 3460 2244 ubicumque
3489 2179 3592 2231 sint
3612 2220 3627 2238 .

2044 2235 2416 2316 ﬁnisti-anis;
2457 2253 2556 2316 nec
2582 2235 2771 2316 solum
2819 2255 2914 2316 pro
2960 2235 3175 2304 amicis,
3218 2244 3311 2316 se_d
3337 2235 3496 2316 eiiam
3537 2235 3630 2316 pro

2047 2305 2275 2384 inimicis
2304 2307 2392 2384 Dei
2417 2305 2836 2384 misericordiam
2863 2311 3231 2384 deprecemur.
3257 2314 3325 2368 Et
3351 2315 3472 2384 quia
3501 2305 3630 2372 bea-

2045 2382 2129 2428 tus
2157 2377 2442 2454 postolus
2469 2377 2633 2454 dicit,
2666 2379 2802 2454 Quid
2827 2377 3046 2444 creatus,
3074 2383 3202 2436 sicut
3228 2377 3440 2454 oportet,
3463 2389 3632 2440 nesci-

2044 2461 2156 2498 mus
2177 2445 2470 2526 litatur-rut
2489 2489 2502 2510 ,
2529 2447 2640 2526 26h)
2663 2465 2678 2512 ;
2712 2449 2812 2505 hoc
2844 2464 3057 2526 semper
3080 2461 3137 2526 et
3152 2445 3270 2526 pro'
3285 2445 3438 2526 nobis
3458 2465 3512 2510 et
3539 2474 3636 2526 pro

2045 2517 2294 2596 omnibus
2321 2517 2438 2596 aliis
2467 2519 2826 2596 supplicemus
2845 2562 2859 2584 ,
2887 2530 2944 2573 ut
2965 2517 3123 2576 nobis
3151 2517 3289 2596 [lous
3318 2524 3418 2579 hoc
3441 2517 3630 2596 digne-

2047 2594 2132 2638 tnr
2159 2587 2455 2642 concedere
2475 2629 2488 2649 ,
2529 2587 2668 2657 quod
2702 2592 2845 2642 novit
2875 2601 3070 2644 nostra:
3103 2592 3294 2648 anima:
3321 2587 3628 2652 convenire.

2044 2657 2182 2710 Ante
2199 2657 2400 2720 omnia,
2423 2657 2632 2722 fratres,
2657 2661 2950 2714 orationem
2977 2662 3294 2717 dominicam
3315 2665 3365 2718 in
3389 2668 3632 2720 oratione

2043 2725 2318 2802 dicamus:
2351 2729 2610 2802 quiasiue
2631 2731 2790 2802 dubio
2821 2731 3053 2802 libenter
3079 2735 3373 2788 orationem
3391 2738 3630 2802 exaudit,

2043 2811 2199 2865 quam
2220 2798 2332 2871 ipse
2353 2813 2450 2866 pro
2473 2799 2727 2871 ineffabili
2755 2815 2846 2854 sua
2879 2801 3203 2871 benignita‘l‘e
3229 2803 3475 2861 instituit.
3505 2798 3631 2860 lla‘e

2045 2880 2192 2940 ergo,
2217 2868 2408 2940 fratres
2437 2869 2762 2934 cltarissimi,
2787 2871 2829 2924 si
2862 2872 2973 2927 Deo
2995 2868 3305 2940 inspirante,
3334 2875 3472 2930 sicut
3500 2892 3633 2931 eon-

2044 2939 2312 3016 suevi_st_is,
2338 2939 2564 3016 libenter
2579 2941 2849 3016 accipitis,
2871 2950 2924 2996 et
2953 2939 3106 2995 nobis
3129 2943 3332 3016 facietis
3357 2946 3630 3016 gaudium,

2049 3015 2104 3061 et
2129 3009 2278 3081 vobis
2297 3011 2664 3081 prreparabitis
2689 3027 2912 3078 regnum
2939 3027 2952 3064 :
2978 3021 3261 3081 pra-stante
3289 3009 3512 3071 Doinino
3537 3009 3637 3072 no?-

2043 3086 2152 3160 stro
2177 3079 2575 3160 Jesu’_Christo,
2606 3083 2702 3160 qui
2733 3092 2918 3160 regnat
2941 3079 3078 3160 citur
3101 3083 3255 3139 Patre
3283 3094 3479 3142 etcum
3510 3087 3634 3160 Spi-

2045 3147 2148 3200 ritu
2175 3157 2357 3203 saucto
2380 3149 2432 3202 in
2461 3147 2652 3204 sa-cula
2679 3147 3021 3206 smculorum.
3051 3154 3245 3208 Amen.

2467 3258 2696 3314 SERMO
2722 3257 3073 3316 CCLXXXIV
3105 3262 3202 3333 (a).

2073 3355 2141 3398 De
2163 3349 2368 3412 quadam
2385 3348 2618 3412 psallendi
2641 3353 3013 3414 consuetudine,
3048 3355 3097 3404 in
3117 3355 3200 3405 die
3222 3357 3496 3422 Epime
3510 3359 3602 3426 (tr).

2116 3433 2173 3526 1.:
2213 3431 2708 3526 ιιριηιέιειξᾳεηάί
2733 3436 3444 3526 consuetudine-(amntium,
3491 3445 3634 3526 quod

2044 3502 2174 3556 mihi
2223 3503 2477 3556 Dominus
2521 3503 2589 3558 de
2633 3516 2811 3558 vestra
2860 3513 3043 3560 sancta
3084 3519 3138 3562 et
3174 3509 3314 3564 fideli
3350 3502 3635 3568 devotione

2042 3573 2338 3649 concessit,
2395 3573 2570 3649 verbis
2623 3589 2736 3649 non
2785 3577 3052 3649 praevaleo
3103 3581 3388 3649 explicare.
3445 3583 3634 3639 Plures

2044 3645 2184 3697 enim
2213 3655 2366 3697 erant
2391 3645 2514 3697 anui
2543 3685 2557 3708 ,
2598 3645 2739 3714 quod
2781 3661 2877 3714 pro
2918 3647 3014 3702 hac
3051 3663 3112 3704 re
3147 3645 3404 3706 (estnabat
3426 3655 3636 3708 animus

2042 3729 2214 3787 meus.
2233 3723 2300 3787 et
2315 3722 2425 3768 tota
2455 3715 2642 3787 cordis
2663 3716 2954 3771 intentione
2975 3717 3366 3787 desiderabam,
3393 3733 3448 3786 ut
3479 3726 3632 3780 istam

2013 3783 2304 3864 .psallendi
2333 3786 2952 3864 consuetudincmvobis
2979 3789 3095 3858 pius
3127 3783 3379 3847 Dominus
3405 3783 3634 3864 inSpira-

2046 3865 2146 3909 ret.
2179 3854 2332 3933 [inde
2361 3855 2621 3933 benedice
2653 3859 2932 3933 Dominum
2963 3854 3161 3926 meum,
3185 3871 3234 3917 et
3257 3854 3632 3933 quautas'pos-

2043 3941 2162 4002 sum
2177 3926 2374 3995 jugiter
2392 3926 2590 4002 gratias
2616 3942 2742 4002 ago,
2760 3929 2849 3996 qui
2869 3927 3116 4002 dignatus
3137 3943 3218 3986 eSt
3245 3926 3468 4002 implere
3487 3926 3631 3990 desi-

2043 3995 2250 4049 derium
2273 3997 2630 4068 meum.Cum
2652 3995 2802 4068 enim
2829 3995 3040 4068 t'os'ego
3069 4000 3136 4052 ita
3169 3995 3395 4068 psallere
3421 4005 3634 4060 deside-

2041 4067 2524 4141 tarem,_quomodo
2539 4067 2592 4119 in
2616 4067 2735 4141 aliis
2751 4067 2941 4141 vicinis
2955 4067 3252 4126 civitatibus
3267 4073 3596 4141 psallebatur
3617 4093 3632 4140 ;

2045 4135 2222 4206 taliter
2245 4136 2380 4206 Deus
2402 4149 2636 4203 prtepara
2646 4136 2718 4190 vit
2736 4137 2969 4190 animum
2993 4147 3247 4206 vestrum,
3267 4135 3324 4195 ut
3345 4142 3446 4197 hoc
3467 4135 3626 4200 etiam

2045 4205 2255 4278 melius,
2283 4204 2566 4278 adjuvante
2589 4206 2830 4266 Domino.
2861 4207 3196 4278 compleatis.
3225 4204 3360 4275 Quid
3383 4229 3523 4271 nunc
3550 4217 3625 4270 in.

2045 4285 2124 4328 ter
2151 4276 2262 4344 ipsa
2291 4275 2478 4346 gaudia
2501 4285 2680 4346 nostra
2711 4291 2869 4346 agere
2895 4275 3163 4340 convenit.
3195 4281 3298 4336 nisi
3321 4291 3378 4336 ut
3404 4285 3530 4339 totis
3555 4290 3632 4338 vi.

2041 4347 2187 4401 ribus
2212 4345 2438 4399 Domino
2454 4345 2830 4418 supplicemus,
2855 4357 2914 4400 ut
2941 4349 3208 4418 quomodo
3227 4351 3373 4406 dedit
3394 4353 3623 4418 initium,

2042 4418 2202 4472 etiam
2229 4417 2739 4492 consummationem
2755 4417 2894 4492 dare
2922 4417 3198 4492 dignetur;
3227 4431 3280 4476 et
3301 4423 3492 4492 quibus
3517 4417 3622 4480 tam

2037 4493 2278 4541 sanctam
2302 4485 2559 4556 psallendi
2589 4488 2813 4540 contulit
2850 4485 3217 4556 devotionem,
3241 4485 3402 4548 etiam
3435 4495 3619 4550 felicis-

2043 4555 2230 4611 simam
2257 4555 2706 4627 persoverantiam
2733 4573 2828 4626 pro
2868 4573 2962 4612 sua
2999 4555 3206 4628 pietate
3235 4564 3532 4620 concedat?
3567 4567 3633 4620 Et

2107 4729 2124 4762 ί
2149 4737 2262 4798 gnte
2281 4729 2468 4798 uncinis
2490 4729 2568 4780 hic
2588 4729 2950 4792 distinguuntur
2974 4765 2990 4789 ,
3028 4731 3433 4786 desiderabantur
3478 4739 3635 4798 inuti-

2041 4788 2282 4840 bliotheca
2315 4797 2519 4838 Patrum.

2127 4852 2177 4913 α)
2202 4851 2344 4909 Alias,
2366 4851 2398 4900 5
2422 4851 2467 4898 iu
2495 4850 2764 4913 Appendice
2787 4851 2846 4901 ad
2869 4851 3238 4906 Sirmondianos.

2129 4912 2178 4984 ti)
2201 4915 2398 4974 Spurius
2417 4912 2644 4984 sumendi
2663 4913 2878 4984 judicio,
2904 4923 2958 4964 et
2992 4917 3054 4964 ab
3091 4918 3203 4984 ip_SO_
3225 4920 3274 4970 in
3310 4919 3634 4984 Appendicem

2041 4973 2425 5044 post’sermones
2448 4973 2785 5044 quadraginta,
2808 4989 2932 5044 quos
2955 4973 3204 5044 Augustini
3246 4973 3443 5044 nomine
3477 4983 3638 5044 publi-

2040 5033 2184 5094 cavit,
2211 5033 2506 5104 uou_injuria_
2523 5033 2724 5104 relatus.
2765 5033 2980 5104 Pertinet
2998 5033 3182 5102 q'uippe
3198 5055 3311 5104 Anon,
3331 5041 3391 5090 ad
3415 5033 3642 5104 Augusti-

2043 5109 2178 5160 num,
2200 5099 2276 5146 cui
2313 5097 2360 5160 in
2397 5097 2545 5160 Regio
2571 5097 2737 5160 codice
2769 5097 3100 5160 adscribitur,"
3118 5097 3210 5149 sed
3255 5103 3315 5150 ad
3344 5097 3596 5154 Caesarium
3621 5119 3641 5160 :

2041 5159 2180 5220 cujus
2201 5157 2350 5221 sancti
2375 5157 2594 5220 praesulis
2613 5159 2672 5206 ad
2699 5157 3076 5221 promovendum
3109 5163 3192 5210 Dei
3215 5161 3396 5210 cultum
3429 5165 3479 5212 in
3510 5157 3638 5214 Psal-l

2044 5233 2228 5284 morum
2260 5231 2316 5270 ac
2339 5220 2620 5282 hymnorum
2643 5220 2788 5269 cantu
2811 5220 3015 5284 aliisque
3037 5224 3186 5284 sacris
3202 5223 3376 5272 ritibus
3395 5237 3558 5274 curam
3584 5237 3638 5278 et

2043 5281 2252 5330 studium
2275 5281 2512 5330 testantur
2537 5295 2647 5329 cum
2673 5285 2895 5332 \asensis
2915 5281 3102 5332 concilii
3127 5281 3157 5331 2
3181 5285 3282 5343 ipso
3303 5293 3500 5335 auctore
3524 5300 3640 5336 con-

2043 5343 2129 5408 diti
2155 5351 2513 5408 canones.__tmu
2537 5345 2820 5408 etiaiuvitze
2835 5345 2941 5408 ejus
2960 5346 3331 5408 conscriptores,
3348 5347 3431 5408 qui
3457 5356 3638 5408 prteter

2044 5402 2156 5459 alia,
2181 5402 2294 5452 illud
2319 5405 2367 5452 in
2392 5402 2514 5452 libro
2537 5405 2581 5460 l,
2604 5419 2652 5452 ιι.
2682 5407 2753 5461 ll,
2777 5402 2984 5452 maiime
3003 5403 3060 5451 ad
3090 5402 3196 5453 rem
3218 5402 3637 5462 connn'embraut:

2053 5483 2076 5509 ι
2102 5464 2254 5530 voluit
2275 5479 2394 5530 vero
2417 5475 2564 5528 atque
2582 5468 2742 5530 etiam
2765 5463 2994 5526 compulit
3017 5464 3163 5530 laicos
3191 5474 3244 5515 et
3269 5467 3528 5530 populares
3551 5478 3642 5518 no-

2053 5543 2074 5570 ι
2099 5526 2256 5576 ptines
2277 5525 2782 5599 lfsalmoslethymuos
2805 5525 3061 5599 promere,
3085 5525 3280 5599 altaque
3303 5525 3636 5599 _e't.mudulata

2052 5605 2074 5630 «ι
2101 5601 2218 5636 voce
2238 5621 2254 5643 ,
2293 5589 2441 5638 instar
2463 5588 2778 5643 clericorum.
2807 5588 2934 5636 alios
2953 5601 3134 5648 graece,
3158 5588 3278 5638 alios
3303 5589 3451 5640 latine
3473 5605 3640 5648 presas

2053 5667 2074 5692 ι
2101 5656 2152 5696 et
2175 5649 2460 5709 antiphouas
2487 5649 2765 5698 decantare.
2785 5666 2808 5690 ι
2845 5657 3126 5700 sermonem
3165 5649 3350 5699 fortean
3385 5649 3557 5708 titulus
3586 5656 3640 5708 in

2045 5709 2658 5777 dieI-Zjiijilianitg_tlicttrm_
2677 5709 3043 5777 significatupe
3067 5713 3274 5777 num.__5_
3305 5713 3418 5777 vide
3451 5724 3644 5777 Amicu-

2187 5769 2334 5822 serm.
2362 5773 2463 5834 ns,
2491 5786 2538 5822 ιι.
2565 5771 2614 5834 4;
2645 5769 2750 5832 140,
2773 5785 2824 5840 η.
2848 5769 2905 5832 2;
2929 5770 3010 5832 ‘28,
3033 5787 3083 5822 ιι.
3109 5773 3171 5833 4;
3191 5772 3365 5831 271m.
3385 5775 3435 5834 6,
3461 5769 3637 5840 (91273,

2050 5845 2181 5882 ηου.

2770 5913 3400 5982 {Soixantc-douze.)
