2037 3093
212 170 283 200 29.89

212 236 320 257 servare
344 231 398 253 tota
419 225 565 252 intentione
589 222 761 252 SltldC:tttlll~;
787 226 814 248 ut
831 223 879 248 ista
902 222 1003 249 caelesti

212 269 240 292 et
250 262 380 304 spirituaii
394 260 520 304 quadriga
533 258 692 299 adparadisi
708 257 879 304 pripcipaletu
893 258 1003 304 patriam

212 292 359 334 rapiantur.
375 292 473 323 Eamus
489 296 550 321 illuc
570 292 674 320 interitu
696 292 795 324 corde;
821 296 847 318 et
867 300 925 332 cun
946 292 1004 334 dies

215 327 302 363 iudicii
322 332 434 362 venerit,
458 337 599 363 sequemur
621 332 647 354 ct
668 336 779 360 corpore
800 332 855 363 :uut
877 328 901 353 in
928 327 1005 354 nobls

214 361 355 403 impleatur
377 366 441 393 illttd
462 361 530 403 quod
547 364 689 403 Apostolus
702 361 898 403 dixilkiyostra
921 367 1004 403 autem

214 396 369 431 conversatio
394 403 419 427 in
443 396 511 427 milis
534 396 575 437 est
594 398 721 437 (Philipp.
740 405 776 428 ιιι,
792 397 855 431 ΞΟ);
883 402 908 423 et
929 396 1003 437 illud,

214 439 277 467 Cum
292 439 404 465 Christus
424 436 571 469 apparuerit
591 435 639 460 vita
663 437 862 469 rcstrtthetut'os
882 440 938 458 cum
960 432 1005 469 ilio

214 473 367 508 apparebitis
382 473 407 498 in
422 467 503 506 gloria
521 469 630 508 (Calatis.
648 476 689 499 ut,
704 468 747 501 4).
768 467 956 508 Nuliamhcrgo‘
972 467 1005 494 de

215 502 273 536 istis
286 502 433 535 virtutibus
445 502 558 540 quatuor
573 504 660 540 minus
681 510 758 540 quam
782 502 889 540 expedit
906 502 1005 540 diliga-

215 551 284 571 mus.
305 542 372 576 Quid
393 537 464 568 cuitu
481 540 526 566 tibi
537 539 664 576 prodest,
689 538 709 564 si
730 537 886 576 citarilatetn
906 537 1006 576 habere

216 572 341 610 videari—s,
355 582 381 604 et
394 576 521 610 justitiam
536 574 634 600 habere
650 582 700 610 non
717 573 803 610 velis?
827 574 877 598 Aut
898 572 959 610 quid
979 576 1005 599 te

216 607 341 648 adjuvare
361 607 467 646 poict‘it,
527 608 734 648 miscricordiam
758 607 855 648 habere
876 612 901 648 te
921 607 1003 648 dicas,

216 642 410 676 et'castitaietn
433 653 485 672 nou
508 644 638 673 habendo,
664 648 688 669 te
709 643 794 676 ipsum
813 642 874 667 odio
895 642 1003 673 habeas,

216 683 361 710 secundum
376 681 438 708 illud
453 680 522 714 quod
542 679 669 714 scriptum
684 684 734 709 est,
752 677 800 714 Qui
815 676 896 709 diligit
913 677 1004 711 init/ut-

216 724 302 749 tatem,
317 718 368 744 odit
384 712 494 742 animum
508 723 579 741 suam
594 713 676 745 (Psal.
694 720 722 743 κ,
737 712 791 749 6)νῖ

251 755 278 780 2.
296 747 403 779 Castitas
423 759 490 776 rara.
514 749 626 775 Adulteri
648 748 730 773 multi.
751 747 825 781 διιτρο
843 748 872 772 ab
889 747 1005 780 episcopo

216 790 392 814 admonentur.
409 786 460 813 Sed
476 790 498 811 et
510 784 540 809 ab
554 791 702 817 unaquaque
716 783 802 808 debent
816 783 919 815 corripi.
934 783 1005 808 Alias

218 828 376 858 peccatorum
398 822 424 854 ﬁt
448 820 587 858 particeps.
606 818 719 858 Correpti
740 823 761 844 et
782 826 831 843 non
850 817 955 858 correcti
972 816 1005 843 ad

217 852 362 892 episcopum
378 852 540 892 deferantur;
556 853 593 879 0b
607 854 754 892 sceleratum
768 852 1006 892 unum‘quandoquc

219 887 321 927 punitur
338 887 499 923 Respublica.
521 889 555 927 Et
572 889 632 923 quia
653 888 800 927 castitatem
813 887 889 926 valde
908 894 1005 927 paucos

217 922 325 954 scrvare
344 922 411 954 velie
433 922 690 961 cognoscitn'us,_ude_
703 923 757 957 ipsa
775 923 898 961 castitate
919 926 1006 948 atten-

218 963 270 989 tius
290 957 478 992 admonemus;
500 964 607 993 propter
629 957 691 984 illud
712 957 780 991 quod
803 957 932 993 scriptum
953 961 1003 990 est,

218 997 307 1030 Neque
336 995 467 1030 fornicarii
477 1015 484 1026 ,
500 992 583 1030 neque
607 993 694 1030 molles
706 1013 712 1024 ,
733 1001 812 1026 neque
825 992 1005 1030 __ma_sculorttttt

218 1025 389 1058 concubitores
402 1025 505 1065 regnum
519 1025 564 1055 Dei
578 1028 738 1065 possidelrunt
758 1025 774 1054 :7
783 1027 897 1065 et_iilutl,
912 1025 1006 1065 ltitique

218 1067 338 1097 adulteri,
359 1061 440 1100 neque
450 1064 539 1100 ebriosi
556 1071 659 1100 regnum
672 1062 720 1088 Dei
734 1061 893 1100 possidebunt
904 1062 930 1100 >(i
945 1061 1003 1100 Cor.

218 1110 255 1134 vt,
270 1102 295 1133 9,
311 1102 366 1134 10).
381 1097 434 1128 Sed
446 1099 516 1134 quod
537 1099 622 1133 pejus,
636 1102 677 1124 cst
696 1097 771 1124 tuulti
790 1102 852 1134 sunt
866 1097 1004 1134 quietiam

216 1131 396 1163 cum-uxores
413 1131 551 1161 videantur
570 1131 680 1164 habere,
703 1132 878 1166 persuadente
898 1131 1005 1158 diabolo

217 1172 367 1198 castitatem
380 1169 547 1197 dissimulant
566 1167 718 1199 custodire;
740 1167 786 1194 sed
805 1173 850 1193 attt
870 1175 929 1193 cntn
950 1167 1005 1194 suis

217 1211 263 1233 aut
282 1206 374 1233 alienis
391 1204 495 1231 ancillis
507 1224 513 1236 ,
535 1204 576 1229 vel
591 1204 669 1230 etiam
690 1203 816 1229 uxoribus
835 1207 878 1229 aut
900 1202 1005 1229 filiabus

217 1242 371 1272 extraneis,
398 1239 513 1267 libidinis
539 1240 626 1265 fttrore
650 1237 787 1269 succensi,
814 1237 849 1264 ita
875 1236 1004 1264 adulteria

217 1277 384 1303 committere
411 1282 460 1302 nec
482 1279 603 1301 metuunt
631 1281 680 1299 nec
706 1272 884 1304 erubescunt,
906 1277 934 1298 ut
956 1279 1006 1299 nec

219 1312 360 1338 Dominum
386 1311 510 1341 timeant,
536 1317 585 1336 nec
606 1309 727 1335 homines
749 1312 929 1335 revereantur.
953 1306 1004 1334 Sed

216 1347 316 1380 justum
337 1350 410 1377 erat,
428 1345 540 1376 fratres,
562 1349 590 1370 ιιι
609 1343 676 1377 apud
698 1343 756 1370 illos
777 1343 821 1377 qui
845 1342 910 1380 tales
932 1346 1004 1380 sunt,

217 1377 346 1408 deberent
366 1385 418 1407 tam
434 1380 584 1414 frequentes
599 1384 626 1405 et
647 1383 684 1404 tot
705 1386 834 1414 annorum
848 1377 1006 1414 admonitio:

218 1425 266 1443 nes
281 1421 379 1443 ucstra:
398 1412 544 1450 prolicere;
565 1419 593 1440 ut
613 1421 663 1450 nec
683 1414 716 1440 de
738 1413 941 1450 tncdicat'nentis
955 1412 1006 1439 sibi

218 1452 327 1478 vulnera
347 1447 481 1483 facerent,
504 1458 553 1476 nec
575 1449 635 1475 inde
654 1457 682 1474 se
699 1448 867 1480 occiderent,
888 1447 959 1474 unde
977 1455 1006 1474 se

217 1487 352 1513 viviticare
371 1490 494 1520 poterant
508 1494 515 1511 :
531 1485 590 1519 quia
612 1483 750 1520 castigatio
762 1483 917 1520 sacerdotis,
936 1483 1007 1520 sicut

218 1517 403 1548 obedientihits
425 1520 457 1547 ad
478 1517 600 1554 gloriam,
618 1520 652 1545 ita
673 1518 885 1545 inohedientilnts
904 1518 955 1544 crit
972 1517 1005 1544 ad

218 1564 336 1591 pennam.
350 1556 383 1583 Et
400 1556 458 1590 quia
474 1556 518 1586 illi,
534 1555 602 1581 sicut
616 1555 670 1588 jatn
684 1554 736 1580 dixi
748 1574 755 1585 ,
767 1561 852 1587 neque
867 1553 1005 1591 Dominum

218 1587 384 1623 i'everentnr,
405 1587 453 1617 nec
474 1590 595 1617 homines
617 1587 753 1619 inctuunt;
777 1596 822 1614 vos
842 1589 886 1622 qui
900 1587 1006 1623 Christo

218 1627 365 1661 inspirante
381 1631 407 1653 et
423 1625 501 1652 tidem
517 1630 544 1651 et
557 1624 711 1661 charitatem
729 1623 841 1650 ﬁdeliter
855 1622 1004 1661 custoditis,

219 1662 242 1688 si
259 1659 364 1696 quando
379 1661 483 1695 aliquos
501 1665 553 1687 tam
573 1659 698 1696 sacrilega
720 1663 826 1696 peccata
840 1666 871 1685 (νο
884 1659 1007 1696 ntnittere

218 1694 406 1731 cogitaveritis,
420 1694 447 1722 et
458 1696 539 1722 semel
553 1699 580 1731 et
593 1694 709 1721 secundo
721 1695 840 1731 citet-tio
860 1694 1006 1731 castigate:

218 1728 278 1758 etsi
297 1738 344 1758 vos
358 1731 450 1758 audire
470 1729 622 1761 noluerint,
643 1737 690 1755 nec
709 1729 867 1762 colloquium
887 1736 946 1754 cum
967 1728 1007 1755 eis

218 1766 325 1799 habete,
338 1773 387 1793 nec
404 1766 435 1792 ad
448 1770 565 1792 vestrum
582 1764 732 1791 convivium
751 1772 797 1790 eos
815 1768 1008 1799 rcvocalepncc

220 1801 247 1827 in
268 1801 371 1828 illorum
385 1801 483 1828 mensis
502 1801 589 1827 cibqu
609 1807 669 1825 cum
684 1799 723 1825 eis
742 1799 847 1829 sumite,
861 1798 1007 1825 secundum

220 1836 284 1863 illud
302 1836 373 1870 quod
392 1836 534 1870 Apustolus
553 1835 586 1861 ait
598 1855 606 1866 ,
622 1835 684 1861 Cum
704 1834 848 1870 Imjttsmodi
864 1841 909 1870 nec
927 1833 1008 1859 cibum

218 1869 317 1898 tumere
339 1871 393 1905 (Id.
407 1869 432 1903 ι,
452 1871 480 1897 ii
494 1871 522 1904 );
544 1874 572 1896 ut
591 1870 630 1895 vel
652 1870 690 1895 sic
707 1869 874 1905 erubescant,
895 1869 957 1894 dtttn
976 1876 1006 1905 se

220 1906 310 1933 vident
331 1904 364 1933 ab
386 1906 504 1933 honestis
529 1910 555 1932 et
579 1905 660 1931 Deum
690 1904 843 1930 timentibus
863 1904 1007 1930 exsecrari.

219 1940 248 1976 Si
261 1942 331 1967 ettim
348 1942 417 1976 quod
431 1947 542 1975 suggero
556 1948 608 1967 non
629 1939 708 1976 fuerit
721 1938 828 1968 factum.
849 1939 1008 1976 quicumque

219 1975 264 2003 ille
276 1981 318 2002 est
329 1973 373 2010 qlii
389 1973 496 2003 fratre-in
512 1983 588 2002 suum
603 1980 648 2000 attt
660 1974 775 2000 vicinum
790 1981 865 2010 suum
879 1973 1007 2000 adulteria

219 2009 387 2038 committere
406 2011 485 2042 novit,
501 2011 523 2037 si
543 2010 615 2036 illtnn
633 2017 743 2043 arguere
761 2009 882 2037 noluerit.
903 2009 927 2034 in
945 2016 1007 2042 pec-

220 2046 288 2072 catis
305 2046 363 2079 ejus
379 2048 508 2080 particeps
528 2045 597 2071 illius
614 2045 674 2075 erit,
695 2044 848 2080 secundum
860 2043 923 2069 illud
937 2043 1007 2078 quod

219 2080 347 2114 scriptum
358 2078 408 2111 est,
422 2081 451 2108 Si
466 2078 564 2106 uidebas
579 2082 668 2114 furem,
682 2079 755 2104 simul
768 2078 884 2114 currcbtts
898 2086 955 2104 cum
968 2086 1006 2110 eo,

219 2119 248 2150 et
258 2112 314 2141 cum
328 2115 448 2142 adulteris
468 2112 606 2150 portionem
623 2119 690 2140 tuam
713 2114 820 2150 ponebas
834 2112 919 2150 (I’sul.
934 2117 1007 2150 Χιλιιἱ

220 2149 290 2182 18);
310 2155 335 2177 et
361 2151 423 2177 illud
447 2147 517 2184 quod
541 2150 576 2176 ait
598 2149 759 2181 Apostolus,
782 2147 842 2174 Non
863 2148 946 2184 solum
965 2148 1008 2183 qui

219 2185 316 2219 faciunt
330 2193 370 2216 ea,
384 2186 429 2212 sed
442 2183 517 2212 etiam
531 2185 572 2220 qui
587 2184 743 2210 consentiunt
757 2183 904 2218 facientibus
918 2183 1006 2216 (Rom.

221 2229 239 2251 t,
258 2220 314 2254 5‘2).
334 2220 372 2247 illi
391 2225 478 2247 autem
492 2220 534 2254 qui
547 2219 682 2246 adulteros
693 2226 741 2245 nec
758 2219 807 2252 ipsi
822 2223 946 2252 arguunt,
959 2226 1009 2254 nec

220 2255 247 2281 in
266 2253 386 2282 notitiam
407 2253 589 2282 sacerdotibus
613 2254 756 2288 sacrilegos
778 2259 896 2287 ponunt,
919 2253 1007 2286 suspi-

174 2298 180 2301 '
219 2290 324 2317 cionem
337 2290 413 2317 ttobis
434 2290 541 2320 faciunt,
562 2288 633 2323 quod
655 2289 713 2315 ideo
731 2289 790 2314 illos
812 2296 863 2314 non
883 2293 1006 2322 arguunt,

219 2325 279 2359 quia
299 2329 326 2352 et
344 2325 393 2359 ipsi
422 2325 483 2352 talia
509 2330 615 2358 peccata
646 2323 826 2359 committunt.
848 2323 910 2349 Mihi
935 2324 1006 2359 enim

218 2360 315 2386 sufficit
333 2358 404 2392 quod
419 2360 511 2394 grandi
528 2359 619 2386 dolore
637 2359 718 2384 animi
736 2364 762 2394 et
785 2358 887 2384 infinito
909 2358 1007 2392 gemitu

218 2395 313 2422 clamo.
336 2395 390 2422 Vos
410 2393 473 2422 vero
493 2395 514 2422 si
535 2402 550 2421 a
564 2394 659 2421 vestris
680 2398 706 2419 et
728 2393 761 2420 ab
782 2394 874 2419 aliettis
892 2394 1009 2428 peccatis

218 2429 294 2457 liberi
313 2437 373 2456 esse
392 2430 489 2464 vultis,
510 2430 590 2456 nolite
609 2436 719 2464 parcere
741 2429 854 2460 talibus;
875 2433 901 2455 ct
921 2429 942 2455 si
962 2436 1008 2456 vos

218 2465 347 2491 secretius
357 2469 384 2492 et
399 2459 562 2500 friequenlius
573 2459 746 2491 admonentes
759 2459 851 2500 audire
865 2464 1014 2500 noluerint,

218 2499 296 2526 facite
312 2500 362 2526 itoc
381 2500 413 2526 ad
436 2500 592 2526 humilitatis
607 2504 704 2525 nostra:
718 2499 836 2525 notitiam
858 2499 1005 2532 pervenire.

216 2535 362 2562 secundum
383 2534 447 2562 illud
467 2535 537 2570 quod
562 2535 586 2561 in
605 2533 750 2570 Evangelio
770 2533 882 2570 dicitur,
903 2534 1008 2569 Corripe

216 2569 287 2596 illum
308 2570 373 2596 inter
387 2575 410 2597 te
426 2574 448 2596 et
463 2571 546 2604 ipsum
558 2570 640 2596 soluat
655 2577 663 2595 :
682 2569 703 2595 si
724 2573 748 2594 te
763 2569 880 2599 audierit,
897 2570 1007 2596 lucratus

215 2605 266 2631 eris
277 2606 382 2639 fratrem
394 2603 485 2636 luunt,“
498 2606 519 2632 si
531 2610 615 2631 autem
631 2609 653 2630 te
666 2612 716 2630 non
730 2604 848 2636 audierit,
863 2604 903 2630 (lic
917 2603 1006 2631 Eccle-

215 2638 284 2667 sic.‘
299 2640 325 2667 id
347 2645 407 2672 est,
431 2648 499 2674 pono
522 2641 547 2667 in
573 2639 663 2666 notitia
688 2639 844 2665 sacerdotis.
870 2638 901 2666 Si
924 2644 1007 2667 autem

215 2674 357 2702 Ecclesium
379 2684 429 2702 non
450 2675 574 2707 audierit,
598 2677 630 2702 sit
650 2675 693 2700 tibi
712 2679 830 2708 tauquam
850 2675 963 2700 ethnicus
984 2679 1007 2701 et

214 2710 364 2743 publicanus
386 2711 493 2743 (Matth.
516 2718 600 2742 xvttt,
615 2710 664 2741 l5,
683 2710 746 2743 i7).
769 2709 821 2735 Sed
842 2710 911 2743 quod
933 2709 1007 2743 pejus

214 2751 265 2776 est,
282 2745 345 2772 dum
360 2745 397 2773 illi
415 2747 460 2780 qui
480 2751 580 2772 tantum
598 2745 694 2771 malum
712 2745 891 2775 committunt,
906 2745 939 2771 ab
956 2745 1006 2771 aii—

213 2780 312 2814 quibus
335 2789 386 2808 non
407 2781 492 2807 solum
518 2789 572 2807 non
589 2780 787 2814 corripiuntur,
810 2788 900 2806 verum
925 2780 1005 2806 etiam

214 2816 355 2849 palpantur
375 2820 402 2843 et
416 2815 512 2843 blande
525 2815 707 2850 accipiuntur;
731 2815 780 2849 ipsi
794 2814 853 2841 ideo
869 2815 1005 2849 sacrilegia

214 2852 242 2876 et
255 2851 365 2878 crimina
388 2851 516 2882 nutriunt,
532 2857 559 2878 ct
579 2851 636 2877 sine
651 2851 705 2876 ttlio
722 2850 815 2876 timore
831 2857 861 2876 ac
876 2858 1005 2877 verecun-

214 2884 256 2912 dia
271 2891 433 2921 perpetrant.
449 2886 501 2914 Sed
521 2894 570 2914 nos
594 2890 686 2913 ttutere
703 2885 766 2912 illud
784 2885 910 2912 debemus
933 2886 1004 2920 quod

832 164 952 193 SERMO'
965 164 1174 192 CCLXXXVIII.

1781 164 1855 193 ιιξθσ

1057 220 1089 247 de
1113 221 1217 251 Achar,
1240 219 1283 254 qui
1307 219 1341 247 de
1362 219 1468 247 Jericho
1487 220 1604 255 regulam
1624 228 1732 248 auream
1749 221 1849 249 furatus

1058 256 1153 285 iui-rat.
1169 255 1294 289 scriptum
1308 260 1364 295 est;
1385 255 1490 297 quando
1505 263 1553 296 pro
1566 255 1644 282 unius
1659 255 1776 283 hominis
1787 264 1850 297 pec-

1058 295 1117 317 cato
1132 298 1212 324 super
1226 297 1319 317 omnes
1328 290 1373 326 ira
1387 291 1432 326 Dei
1448 291 1577 320 desmviit.
1601 295 1628 318 ct
1647 299 1699 318 non
1719 290 1849 326 requievit

1059 327 1132 352 turur
1149 326 1193 352 Dei
1218 333 1233 351 a
1255 325 1367 359 populo,
1386 325 1472 352 donec
1492 326 1534 353 ille
1553 327 1598 360 qui
1618 326 1717 353 malum
1737 325 1848 357 fecerat.

1059 360 1171 397 Dotnino
1183 360 1502 397 jubentc,contereretur
1516 360 1604 395 (Iosue
1618 368 1664 397 vn,
1677 361 1703 394 2,
1720 360 1776 397 ii).

1093 396 1120 423 3.
1129 395 1314 431 Adulteriasibi
1323 400 1411 430 putant
1422 396 1467 422 viri
1481 395 1629 422 licercmon
1637 396 1672 422 eis
1685 395 1765 431 magis
1776 396 1849 423 licent

1057 439 1132 465 quam
1144 431 1252 466 feminis.
1260 430 1327 457 Cum
1336 431 1407 457 enirn
1419 431 1455 457 illi
1464 431 1498 458 de
1505 431 1600 465 quibus
1608 430 1740 466 loquimur
1753 439 1849 458 uxores

1058 473 1119 492 suas
1131 470 1218 493 castas
1230 473 1289 493 esse
1304 466 1395 498 velint,
1411 473 1461 500 qua
1475 465 1635 493 conscientia
1652 465 1763 492 nefanda
1777 474 1849 492 coin—

1058 501 1175 533 mittunt,
1185 505 1212 528 et
1225 500 1369 527 (licttutsibi
1380 501 1459 527 licere
1469 501 1539 535 quod
1547 501 1585 528 eis
1593 501 1702 528 omnino
1712 509 1763 528 non
1772 501 1847 533 licet;

1058 536 1133 569 quasi
1148 536 1198 562 alia
1213 540 1345 570 prarcepla
1360 536 1424 562 viris
1442 536 1510 563 Deus
1523 535 1627 563 dederit
1638 557 1644 568 ,
1657 536 1707 563 alia
1722 536 1847 563 feminis?

1059 570 1133 606 Dicat
1145 571 1304 605 quicumque
1314 571 1358 597 ille
1367 576 1476 604 est,qua
1487 571 1544 606 lege
1556 571 1724 604 permittente
1737 571 1848 598 crimina

1058 605 1108 632 ista
1121 605 1283 638 committat;
1297 613 1355 632 cum
1371 611 1396 632 et
1410 605 1497 632 divina
1512 610 1539 633 et
1553 606 1666 633 humana
1681 606 1740 640 iege
1759 606 1849 632 omnia

1058 640 1187 675 adulteria
1202 641 1352 674 puniantur.
1368 640 1429 667 ideo
1441 646 1529 667 tamen
1541 641 1592 668 hoc
1606 641 1702 667 malum
1717 649 1771 668 non
1787 648 1847 675 pro-

1059 674 1174 708 hibetur,
1185 676 1246 710 quia
1255 683 1269 702 a
1280 675 1368 702 turritis
1379 676 1561 703 committitur.
1577 676 1629 703 Sed
1643 681 1740 710 quanto
1751 674 1849 703 abho-
1889 698 1894 702 .

1059 710 1175 737 minibus
1190 711 1276 737 minus
1288 710 1464 745 distring'tur,
1478 715 1551 737 tanto
1564 711 1655 738 divino
1667 710 1767 745 judicio
1787 719 1848 745 gra-

1058 746 1117 771 vius
1135 745 1292 773 tindicatur.
1309 746 1375 772 Nam
1397 746 1459 772 illud
1475 746 1552 780 quale
1573 750 1631 778 est,
1644 745 1714 780 quod
1733 746 1758 772 in
1782 745 1848 772 hanc

1059 780 1245 814 impudentiam
1263 785 1446 815 prorumpunt,
1462 787 1490 807 ut
1503 781 1591 808 dicant
1605 781 1661 808 haec
1676 786 1727 807 tam
1751 781 1845 808 crude-

1060 815 1093 842 lia
1107 816 1175 842 tnala
1190 816 1253 842 viris
1268 816 1362 848 licere,
1378 821 1403 843 cl
1420 816 1525 843 feminis
1545 824 1597 843 non
1620 816 1716 842 licere?
1733 815 1787 842 Nec
1809 820 1847 842 at-

1059 850 1169 877 tendunt
1188 851 1257 885 quod
1277 851 1326 877 viri
1346 855 1372 878 et
1389 851 1494 878 femina:
1523 851 1660 885 mqualiter
1680 850 1733 877 sint
1749 850 1848 878 Christi

1058 885 1186 920 sanguine
1214 886 1360 920 redempti,
1395 891 1419 913 et
1445 885 1523 912 simul
1544 890 1714 913 sacrosancto
1744 887 1848 913 lavacro

1058 920 1111 947 sint
1125 920 1216 953 abluti,
1228 925 1255 948 et
1268 920 1300 947 ad
1314 920 1397 948 altare
1412 921 1516 947 Domini
1529 920 1697 952 accedentes,
1711 928 1808 955 corpus
1822 926 1849 948 ct

1058 956 1213 990 sanguinem
1236 956 1338 982 Domini
1357 956 1434 982 simul
1449 955 1600 990 accipiunt,
1616 960 1644 983 et
1658 963 1710 982 non
1725 961 1766 982 est
1778 957 1846 990 apud

1059 990 1141 1017 Deum
1153 991 1278 1018 discretio
1292 990 1401 1017 masculi
1416 996 1442 1017 et
1461 990 1566 1017 femina:
1578 1011 1585 1024 ,
1605 998 1654 1017 nec
1667 995 1708 1017 est
1723 998 1848 1024 persona-

1058 1032 1116 1052 rum
1131 1030 1253 1060 acceptor
1267 1025 1357 1053 Deus?
1371 1026 1440 1060 Ergo
1454 1026 1524 1060 qttod
1539 1025 1646 1053 feminis
1659 1034 1711 1052 non
1725 1025 1798 1058 licet,
1814 1026 1849 1053 si—

1058 1061 1197 1096 tniiiteryet
1213 1061 1275 1088 viris
1289 1068 1341 1087 non
1355 1060 1430 1096 licuit
1442 1068 1569 1095 unquam,
1583 1068 1632 1088 nec
1646 1061 1727 1088 licere
1740 1061 1847 1096 poterit.

1057 1094 1109 1122 Sed
1126 1095 1216 1122 infelix
1229 1095 1393 1123 consuetudo
1407 1094 1557 1123 intromissa
1570 1100 1625 1128 est,
1642 1100 1670 1122 ut
1685 1096 1706 1123 si
1722 1094 1788 1123 uiror
1803 1096 1846 1123 itt-

1058 1135 1135 1157 vcnta
1151 1131 1229 1157 fuerit
1249 1138 1310 1158 cutn
1333 1138 1410 1158 servo
1427 1139 1486 1164 suo,
1500 1131 1638 1166 puniatur;
1657 1131 1679 1158 si
1700 1135 1787 1158 autem
1809 1131 1849 1158 vir

1058 1173 1118 1192 cum
1132 1166 1221 1193 multis
1238 1166 1341 1193 ancillis
1357 1166 1382 1192 in
1397 1166 1514 1193 libidinis
1529 1165 1618 1193 cloaca
1636 1166 1778 1199 volutetur,
1795 1174 1848 1193 non

1057 1201 1143 1236 stilum
1155 1209 1206 1227 tton
1219 1202 1353 1236 puniatur,
1364 1208 1454 1228 verum
1465 1201 1544 1228 etiam
1558 1209 1573 1228 a
1587 1200 1642 1228 suis
1652 1201 1782 1228 similibus
1794 1201 1850 1228 col-

1059 1235 1197 1276 iaudutur;
1208 1235 1235 1263 et
1247 1236 1296 1276 sibi
1311 1236 1586 1276 invicemioquentes,
1599 1235 1658 1276 quis
1672 1235 1722 1263 hoc
1729 1236 1849 1276 pmplius

1058 1270 1163 1301 fecerit,
1178 1279 1238 1298 cum
1255 1272 1309 1298 risu
1323 1275 1350 1298 et
1362 1270 1492 1298 cachinno
1504 1270 1661 1298 stultissimo
1674 1270 1845 1298 confitentur.

1026 1306 1030 1310 ”
1057 1305 1110 1333 Sed
1126 1306 1237 1333 istorum
1251 1307 1320 1333 risus
1333 1306 1411 1334 indie
1421 1306 1513 1340 judicii
1525 1310 1643 1334 vertetur
1657 1306 1683 1333 in
1699 1306 1845 1340 planctum,

1058 1345 1187 1368 eteorum
1200 1341 1260 1375 joca
1273 1346 1463 1368 convertentur
1473 1341 1498 1368 in
1511 1342 1629 1368 vulnera.
1647 1341 1679 1368 Et
1695 1341 1744 1369 hoc
1756 1341 1792 1368 illi
1808 1340 1847 1367 fa-

1058 1376 1141 1408 ciunt,
1168 1377 1212 1411 qui
1228 1376 1345 1403 futurutn
1366 1376 1413 1404 θεῖ
1431 1376 1559 1412 judicium
1583 1383 1632 1403 nec
1653 1377 1766 1404 credunt
1779 1396 1786 1409 ,
1800 1384 1849 1404 ttec

1058 1416 1187 1438 metuunt.

1095 1447 1120 1473 4.
1139 1446 1248 1473 Peccuta
1266 1451 1323 1473 sunt
1336 1447 1462 1474 mortalia.
1480 1447 1637 1481 Quandoque
1656 1448 1730 1474 etiam
1747 1455 1848 1474 uxorem

1058 1489 1206 1518 cognoscere
1218 1490 1267 1508 tton
1282 1487 1318 1509 est
1333 1483 1386 1509 sine
1399 1488 1510 1517 peccato.
1531 1483 1585 1518 Ego
1607 1490 1667 1510 cutn
1683 1483 1764 1509 libera
1783 1490 1849 1509 con-

1058 1516 1168 1552 scientia
1181 1518 1266 1544 clamo
1284 1518 1382 1551 pariter
1400 1516 1427 1544 et
1445 1516 1589 1550 contestor,
1603 1518 1674 1552 quod
1690 1517 1850 1552 quiettmquc

1059 1551 1160 1578 habens
1174 1559 1291 1584 uxorem,
1305 1552 1432 1579 adulteria
1448 1552 1621 1583 commiserit.
1632 1552 1681 1579 nisi
1693 1551 1848 1587 pit-nitentia

1060 1586 1160 1620 prolixa
1172 1592 1198 1613 et
1212 1587 1307 1613 uberes
1321 1587 1499 1621 eieemosynae
1514 1588 1703 1619 subvenerint,
1718 1592 1746 1614 et
1757 1595 1771 1614 a
1785 1596 1848 1621 pec—

1059 1627 1118 1648 cato
1132 1622 1189 1655 ipso
1199 1622 1353 1655 cessaverit,
1368 1626 1394 1649 et
1409 1623 1431 1649 si
1445 1622 1578 1656 quomodo
1590 1622 1659 1649 solet
1671 1622 1727 1649 fieri
1737 1643 1745 1655 ,
1761 1622 1849 1649 subito

1060 1661 1180 1683 mortuus
1199 1656 1288 1689 fuerit,
1307 1657 1332 1683 in
1352 1661 1481 1684 internum
1504 1657 1609 1691 peribit,
1632 1665 1682 1685 nec
1696 1657 1732 1685 illi
1751 1664 1847 1684 nomen

1059 1691 1232 1732 christianum
1244 1691 1362 1732 proderit
1377 1702 1383 1719 :
1399 1692 1459 1732 quia
1471 1700 1522 1719 non
1536 1693 1690 1732 solumaton
1704 1692 1847 1732 fecit_q_uo_d

1059 1726 1179 1754 Christus
1191 1726 1281 1762 jussit,
1294 1735 1385 1754 verum
1400 1728 1478 1754 etiam
1491 1727 1561 1761 quod
1572 1727 1694 1755 Christus
1715 1726 1847 1762 prohibuit

1060 1763 1230 1796 perpetravit.
1244 1761 1312 1789 Ctttn
1319 1762 1389 1789 euitn
1400 1763 1478 1789 etiam
1492 1770 1601 1790 uxorem
1611 1761 1783 1797 cognostiere,
1801 1770 1849 1790 ex-

1059 1801 1136 1831 cepto
1146 1796 1277 1824 desiderio
1293 1798 1416 1826 filiorum.
1428 1802 1566 1832 peccatum
1579 1798 1627 1830 sit;
1639 1796 1701 1832 quid
1713 1798 1746 1825 de
1760 1805 1789 1824 se
1802 1805 1848 1824 co-

1059 1832 1198 1868 gitareant
1206 1839 1284 1866 quam
1296 1840 1370 1867 spem
1377 1832 1426 1859 sibi
1436 1833 1589 1867 promittere
1602 1837 1722 1868 possunt,
1734 1833 1778 1867 qui
1786 1840 1850 1860 con-

1058 1867 1130 1901 jugia
1141 1867 1280 1900 habentes,
1296 1876 1342 1902 per
1359 1867 1516 1894 adulterium
1538 1868 1588 1894 hoc
1603 1867 1657 1895 ’sibi
1679 1871 1848 1902 praeparant,

1061 1903 1163 1929 undeiu
1180 1902 1310 1929 inferntttn
1325 1902 1496 1933 descendant,
1511 1910 1561 1930 nec
1575 1903 1665 1930 volunt
1677 1903 1768 1929 audire
1780 1904 1847 1937 Apo-

1060 1938 1157 1964 stolnm
1172 1937 1314 1970 dicentetn,
1329 1937 1439 1972 Tempus
1454 1938 1525 1964 breve
1536 1942 1591 1970 cst;
1605 1943 1717 1971 superest
1730 1942 1755 1972 ut
1768 1942 1791 1964 et
1807 1939 1849 1972 qui

1060 1972 1151 1999 habent
1164 1980 1264 2005 uxores,
1286 1978 1405 2006 tanquam
1424 1981 1474 1999 non
1492 1972 1609 2000 habentes
1623 1973 1672 1999 sint
1691 1973 1715 2007 (i
1726 1971 1786 1999 Cor.
1799 1971 1846 2004 vit,

1060 2006 1105 2042 29)
1120 2016 1126 2033 :
1141 2011 1167 2034 ct
1184 2007 1257 2039 illud,
1276 2007 1309 2033 Ut
1322 2008 1384 2033 sciat
1398 2007 1565 2042 unusquisque
1576 2015 1650 2034 suum
1668 2015 1712 2034 ous
1725 2007 1851 2041 possidere

1060 2042 1086 2068 in
1101 2042 1195 2068 honore
1209 2047 1232 2068 et
1243 2042 1456 2075 sanctificatione;
1467 2050 1516 2069 non
1533 2043 1559 2068 in
1581 2042 1698 2077 passione
1714 2042 1849 2071 desiderii.

1059 2077 1123 2113 sicut
1134 2082 1225 2113 gentes
1244 2084 1300 2111 qua:
1312 2085 1444 2113 spentrnan
1462 2077 1553 2104 habent
1568 2078 1588 2113 (Ι
1604 2077 1692 2103 Thess.
1707 2084 1745 2113 tv,
1759 2077 1790 2113 ἦ
1803 2077 1848 2113 5)?

1059 2112 1232 2139 Considerate
1256 2111 1325 2146 quod
1349 2112 1394 2146 qui
1418 2112 1555 2145 uxoribus,
1572 2111 1695 2146 excepto
1717 2111 1851 2139 desiderio

1062 2146 1188 2175 ﬁliorum.
1206 2151 1333 2179 utuntur,
1348 2148 1369 2174 si
1386 2147 1508 2174 assiduas
1532 2148 1716 2179 eleemosynas
1730 2154 1783 2174 non
1803 2147 1850 2174 de-

1060 2181 1157 2214 derint,
1172 2182 1228 2208 sine
1243 2186 1351 2215 peccato
1364 2190 1423 2209 esse
1438 2190 1491 2209 non
1511 2187 1632 2217 possunt.
1649 2181 1681 2209 Et
1702 2183 1724 2209 si
1743 2182 1794 2209 hoc
1818 2182 1851 2209 de

1061 2217 1230 2244 matrimonio
1243 2217 1361 2251 legitimo
1379 2217 1486 2251 dicitur,
1498 2222 1575 2252 putas
1592 2218 1655 2252 quid
1667 2217 1701 2245 de
1714 2217 1766 2244 illis
1780 2217 1851 2244 futu-

1061 2260 1119 2294 rum
1131 2253 1166 2279 sit
1177 2253 1201 2278 iit
1213 2252 1259 2294 die
1266 2252 1367 2293 judicii,
1377 2253 1593 2294 quiaut'pubiiea
1605 2252 1852 2294 autpecuilaadul-

1061 2288 1126 2313 teria
1142 2287 1309 2315 committere
1329 2288 1386 2315 sine
1406 2288 1456 2315 ulla
1472 2287 1553 2315 divini
1572 2288 1675 2315 timoris
1698 2287 1852 2315 considera-

1061 2322 1133 2349 tione
1145 2327 1321 2357 prtcsumunt;
1338 2323 1371 2349 de
1378 2323 1478 2358 quibus
1493 2324 1619 2358 scriptum
1630 2327 1688 2356 est,
1702 2322 1853 2358 Peccatores

1060 2362 1084 2384 et
1097 2358 1224 2394 adulteros
1233 2357 1358 2394 judicabit
1371 2357 1494 2394 Dominus
1507 2357 1599 2392 (Hebr.
1614 2366 1669 2394 aut,
1683 2358 1729 2394 4);
1745 2362 1777 2394 et,
1786 2357 1853 2394 illud

1060 2393 1180 2427 Apostoii
1192 2393 1264 2428 quod
1282 2392 1335 2427 jant
1351 2400 1430 2428 supra
1450 2393 1549 2420 dictum
1563 2398 1620 2427 est,
1635 2392 1725 2428 Neque
1744 2392 1852 2428 adulteri

1060 2436 1164 2462 regnum
1185 2427 1232 2454 Dei
1260 2427 1441 2462 possidebunt?
1460 2428 1527 2462 Quid
1548 2428 1595 2456 tibi
1615 2427 1739 2463 prodest,
1761 2427 1851 2455 infelix

1060 2463 1220 2497 quicumque
1230 2471 1259 2489 es
1276 2463 1331 2494 ille,
1346 2463 1417 2498 quod
1430 2463 1591 2491 christianus
1605 2464 1718 2495 vocaris,
1739 2463 1762 2490 si
1784 2469 1848 2498 pec.

1060 2502 1120 2525 cato
1133 2497 1255 2533 adulterii
1267 2506 1282 2524 a
1296 2497 1378 2533 regno
1392 2498 1437 2526 Dei
1451 2499 1553 2526 excludi
1564 2498 1711 2526 merueris?

1096 2534 1122 2560 5.
1143 2532 1420 2570 concubinatusivalde
1434 2536 1558 2570 frequens.
1578 2534 1713 2570 Peccatum
1727 2541 1783 2570 Anon
1803 2541 1851 2568 pu-

1061 2572 1138 2594 tatur.
1153 2568 1283 2595 Adulterio
1298 2569 1370 2603 pejus
1383 2568 1511 2603 peccatum
1525 2573 1571 2596 est.
1588 2568 1748 2596 Consuetudo
1764 2568 1862 2595 Rome-

1060 2603 1128 2639 circa
1147 2603 1264 2639 nubentes
1284 2612 1334 2630 non
1354 2605 1471 2639 virgines.
1500 2604 1534 2631 Et
1561 2604 1611 2631 hoc
1639 2611 1724 2638 rogo,
1755 2603 1853 2631 fratres

1059 2638 1210 2665 charissimi
1226 2660 1233 2672 ,
1261 2644 1288 2666 et
1313 2638 1443 2666 admoneo
1468 2639 1629 2667 Charitatem
1656 2643 1790 2670 vestram,
1825 2644 1853 2665 ut

1060 2674 1218 2708 quicumque
1251 2682 1347 2702 uxores
1382 2675 1516 2709 accepturi
1549 2679 1615 2701 sunt
1629 2694 1636 2706 ,
1652 2708 1656 2709 ν
1672 2673 1849 2709 virginitatem

1061 2716 1144 2744 usque
1155 2709 1190 2735 ad
1199 2710 1303 2743 nuptias
1314 2714 1421 2736 servent
1435 2708 1452 2736 :'
1463 2710 1523 2744 quia
1543 2708 1678 2744 quomodo
1697 2708 1785 2736 nullus
1810 2714 1848 2736 est

1059 2744 1104 2779 qui
1128 2752 1253 2777 sponsam
1277 2745 1401 2771 violatam
1431 2744 1495 2772 velit
1525 2745 1661 2779 accipere,
1690 2744 1729 2771 sic
1762 2744 1850 2771 nudus

1060 2787 1089 2806 se
1107 2779 1186 2806 debet
1211 2785 1273 2807 ante
1298 2780 1404 2814 nuptias
1426 2780 1572 2807 adulterina
1588 2779 1777 2807 commixtione
1795 2787 1850 2806 cor-

1060 2822 1193 2848 rumpere.
1215 2814 1277 2846 Sed,
1303 2816 1374 2850 qttod
1397 2815 1473 2850 pejus
1494 2820 1545 2848 est,
1565 2815 1653 2850 plures
1664 2819 1726 2850 sunt
1739 2815 1784 2849 qui
1799 2815 1849 2842 sibi

1060 2850 1230 2886 concubinas,
1241 2849 1381 2886 adhibent,
1393 2856 1534 2886 antequam
1549 2849 1645 2877 uirores
1659 2849 1790 2885 accipiant
1801 2859 1811 2877 ς
1823 2856 1850 2877 et

1060 2885 1120 2920 quia
1140 2885 1246 2921 grandis
1262 2885 1402 2914 multitudo
1421 2885 1478 2922 est,
1502 2886 1735 2914 cxcommunicare
1757 2892 1852 2914 omnes
