4074 6186
403 283 545 340 2305

401 404 673 472 videatur;
701 407 876 462 adhuc
896 413 1094 468 tamen,
1117 403 1438 474 quodgpejus
1462 411 1579 474 est,
1615 403 1781 458 multo
1807 404 1990 473 plures

401 486 548 547 sinit,
575 477 664 547 qui
691 477 869 532 abillo
891 476 1091 547 malleo!
1104 472 1341 547 quotidie
1365 473 1772 547 confringuutur
1790 472 1988 547 ,iquain

403 544 480 598 illi
504 542 682 615 qui'de
711 549 861 601 ruina
885 547 966 598 vel
994 544 1462 615 collisioncripsius
1484 542 1805 615 liberantur.
1839 542 1990 598 Unde

403 614 598 670 itenim
622 628 777 686 atque
802 617 990 669 iterum
1013 630 1160 684 rogo,
1183 623 1240 667 ut
1259 614 1560 686 diligentius
1571 615 1998 686 consideremus,

401 694 457 739 et
483 684 734 750 quantum
768 699 1056 755 possumus
1090 687 1372 755 timeamus
1413 684 1538 737 illud
1569 685 1707 751 quod
1743 684 1995 738 Dominus

405 756 456 808 in
491 754 776 825 Evangelia
811 755 943 809 dixit
974 773 986 808 ι
1024 754 1122 818 Qui
1149 754 1324 807 viderit
1356 755 1614 807 mulierem
1655 755 1721 807 ad
1751 757 1964 822 concupi
1983 786 1992 794 -

402 827 641 879 scendum
684 843 814 886 eam,
854 826 968 893 jam
1015 825 1289 878 mwchatus
1331 834 1403 878 est
1447 840 1556 876 eam
1606 825 1657 878 in
1703 825 1853 878 corde
1901 842 1994 878 suo

405 893 618 966 (Matth.
650 912 703 960 v,
733 895 847 966 28).

476 967 530 1020 5.
575 964 841 1030 Quomodo
889 982 1022 1018 mors
1051 965 1198 1020 intret
1225 982 1314 1036 per
1349 965 1607 1034 fenestras.
1649 964 1753 1036 Pro
1781 981 1881 1036 qua
1912 980 1989 1024 re.

403 1035 538 1088 sicut
564 1038 673 1104 jam
699 1037 899 1090 dictum
924 1045 1005 1089 est
1028 1051 1131 1088 non
1159 1034 1330 1089 solum
1357 1036 1424 1088 ab
1453 1034 1721 1089 extraneis
1753 1035 1990 1087 mulieri-

401 1104 523 1169 bus,
553 1105 644 1159 sed
669 1108 825 1160 etiam
873 1107 940 1159 ab
976 1106 1180 1160 ancillis
1211 1106 1438 1175 propriis
1469 1104 1778 1175 refrenanda
1822 1116 1903 1157 cst
1940 1113 1991 1158 et

401 1185 605 1228 secreta
635 1176 981 1241 familiaritas,
1006 1185 1057 1229 et
1079 1177 1354 1230 oculorum
1379 1176 1586 1228 incauta
1611 1174 1898 1242 fragilitas;
1925 1190 1992 1228 ne

402 1244 532 1298 illud
565 1247 775 1300 eveniat
799 1246 949 1300 nobis
970 1247 1111 1314 quod
1138 1247 1395 1300 Dominus
1421 1261 1515 1313 per
1541 1244 1852 1312 prophetam
1885 1253 1989 1298 ter-

403 1315 632 1370 ribiliter
656 1317 850 1370 clamat
868 1317 1074 1375 dicens,
1101 1315 1242 1370 Mors
1272 1316 1474 1369 intravit
1502 1316 1554 1367 in
1582 1314 1776 1367 animas
1804 1322 1992 1368 vestras

405 1402 495 1463 per
524 1391 766 1456 fenestras
795 1397 982 1463 vestras
1014 1385 1231 1463 (Jerem.
1269 1401 1351 1451 ix,
1385 1385 1500 1453 21).
1545 1384 1645 1438 Per
1673 1398 1806 1463 quas
1845 1384 1986 1463 enirn

402 1454 667 1510 fenestras
697 1471 840 1510 mors
869 1454 1032 1510 intrat
1053 1456 1116 1510 ad
1149 1456 1352 1510 animas
1379 1464 1587 1509 nostras
1607 1495 1621 1514 ,
1651 1454 1752 1506 nisi
1792 1468 1884 1522 per
1909 1454 1988 1508 vi-

402 1540 520 1578 sum
563 1528 860 1592 oculorum,
907 1535 961 1580 et
1005 1526 1240 1580 auditum
1273 1525 1519 1579 aurium?
1559 1523 1614 1576 Si
1643 1523 1989 1593 perlinguam

402 1596 574 1650 amico
600 1605 692 1650 ant
719 1611 876 1652 servo
901 1606 990 1650 tuo
1011 1596 1236 1665 jusseris
1271 1605 1326 1650 ut
1358 1595 1425 1650 ad
1454 1603 1505 1648 te
1546 1594 1796 1665 meretrix
1826 1593 1992 1648 addu-

402 1675 594 1735 catur;
626 1682 721 1734 per
752 1682 812 1720 os
849 1676 994 1720 tuum
1014 1663 1092 1720 ad
1121 1668 1350 1720 animam
1378 1676 1518 1718 tuam
1546 1663 1990 1735 gladiusagterna:

404 1734 592 1788 mortis
613 1736 923 1804 ingreditur.
952 1735 1006 1792 Si
1038 1748 1213 1791 autem
1236 1737 1512 1790 consilium
1543 1735 1737 1787 malum
1765 1734 1992 1804 libenter

402 1805 658 1869 audieris,
674 1803 723 1860 si
743 1805 1130 1870 detrahentem,
1147 1807 1228 1860 vel
1251 1805 1447 1875 aliquid
1475 1805 1743 1858 luxuriose
1765 1803 1988 1872 loquen-

403 1884 532 1946 tem,
557 1885 645 1928 ant
669 1878 873 1930 cantica
898 1877 1068 1946 turpia
1093 1875 1449 1945 proferentem
1477 1889 1582 1927 non
1625 1875 1864 1946 respuis;
1896 1890 1989 1942 per

399 1945 607 1998 aurium
649 1954 856 1999 tuarum
906 1942 1164 2001 fenestras
1213 1961 1358 2000 mors
1404 1946 1618 1998 intravit
1641 1942 1709 1997 ad
1755 1945 1984 1999 animam

403 2022 564 2067 luant.
595 2015 663 2069 Et
686 2017 809 2084 quia
840 2017 1092 2070 Dominus
1120 2015 1274 2080 dixit,
1307 2015 1407 2079 Qui
1433 2015 1607 2067 viderit
1637 2015 1892 2068 mulierem
1917 2016 1985 2068 ad

399 2086 853 2150 concupiscendum
891 2103 1002 2139 eam
1022 2128 1037 2152 ,
1082 2086 1189 2153 iam
1220 2086 1490 2153 niteo/tatus
1525 2093 1596 2138 est
1624 2101 1735 2137 eam
1759 2086 1810 2136 in
1835 2087 1986 2139 corde

398 2170 528 2215 suo;
554 2155 863 2222 intelligitur
886 2156 1027 2224 quod
1060 2156 1305 2209 voluntas
1337 2152 1567 2224 perlecta
1588 2156 1604 2185 ί
1637 2154 1859 2208 faciendi
1894 2170 1978 2210 re-

403 2224 672 2294 putabitur
695 2241 789 2294 pro
809 2241 972 2294 opere
997 2226 1141 2280 facti.
1166 2230 1244 2280 Ac
1263 2227 1340 2280 sic
1355 2225 1480 2278 dum
1494 2225 1684 2292 aliquis
1704 2224 1977 2278 mulierem

401 2291 891 2349 libidinoso'auiuio
929 2296 1232 2350 considerat
1255 2337 1270 2361 ,
1300 2313 1394 2362 per
1424 2291 1709 2349 fenestram
1739 2295 1979 2364 corporis

399 2365 481 2418 sui
503 2365 569 2418 ad
595 2375 857 2419 secretum
880 2367 1055 2420 cordis
1073 2381 1334 2420 venenum
1363 2366 1550 2419 mortis
1573 2365 1811 2419 instillat.
1835 2365 1978 2420 Talis

395 2434 540 2505 enim
563 2436 832 2504 cogitatio,
857 2437 1063 2490 etiamsi
1086 2437 1262 2505 aliquo
1285 2435 1602 2504 impediatur
1623 2450 1769 2498 casu,
1794 2445 1850 2488 ιιι
1872 2452 1975 2490 non

399 2504 618 2572 impleat
653 2506 980 2560 voluntatem
1025 2504 1207 2572 suam;
1242 2507 1583 2560 nihilominus
1609 2506 1832 2559 actionis
1873 2506 1980 2561 cri-

396 2574 540 2629 mine
559 2576 942 2630 condemnatnr
967 2593 996 2630 a
1031 2577 1254 2630 Domino
1279 2595 1290 2629 :
1321 2592 1382 2631 ac
1411 2578 1488 2631 sic
1524 2585 1576 2631 et
1615 2577 1698 2628 illa
1726 2585 1868 2629 casta
1895 2587 1978 2631 est

396 2659 516 2715 cum
542 2660 644 2715 qua
672 2646 906 2700 libidinis
931 2647 1130 2700 malum
1166 2647 1332 2701 voluit
1369 2661 1642 2711 exercere,
1673 2655 1726 2700 et
1753 2647 1840 2700 ille
1864 2647 1973 2715 jam

394 2714 605 2769 adulter
640 2724 850 2770 tenetur
880 2718 930 2770 in
966 2717 1148 2771 corde.
1180 2717 1246 2769 Et
1274 2717 1393 2771 ideo
1418 2716 1695 2769 audiamus
1735 2714 1976 2784 Scriptu-

393 2800 508 2856 ram
537 2785 823 2852 dicentem,
851 2786 1000 2840 Omni
1017 2786 1244 2856 custodia
1263 2804 1403 2841 serva
1426 2803 1510 2839 cor
1528 2796 1668 2839 tuum
1693 2784 1872 2856 (Prov.
1898 2802 1975 2852 iv,

396 2853 524 2922 23);
555 2865 608 2910 et
633 2856 782 2919 illud,
813 2858 988 2909 Averte
1013 2855 1183 2909 oculos
1213 2873 1367 2920 meos,
1395 2873 1457 2908 ne
1484 2856 1680 2909 videant
1703 2853 1976 2909 “vanitatem

397 2922 568 2997 _(Ps_al.
593 2941 774 2997 cxvnl,
805 2926 917 2997 37).
940 2926 1220 2997 Quomodo
1243 2927 1394 2997 enim,
1424 2927 1466 2980 si
1501 2925 1699 2997 aliquis,
1715 2927 1976 2997 carbones

394 2992 532 3065 ignis
553 2992 933 3063 apprehendat,
968 2996 1010 3049 si
1037 3011 1129 3050 eos
1153 2996 1259 3050 cito
1289 2992 1604 3065 proiecerit,
1633 2996 1760 3049 nihil
1791 2997 1839 3049 ei
1877 3011 1974 3051 no-

394 3064 621 3129 cebunt;
652 3066 697 3119 si
721 3081 848 3120 vero
890 3065 1086 3120 diutius
1114 3064 1296 3120 tenere
1324 3067 1586 3129 voluerit,
1615 3067 1728 3120 sine
1758 3067 1977 3120 vulnere

391 3148 487 3188 eos
509 3134 713 3206 jactare
755 3152 859 3190 non
901 3137 1130 3205 potuerit
1158 3155 1170 3189 :
1203 3139 1270 3194 ita
1303 3146 1356 3190 ct
1395 3137 1486 3190 ille
1522 3137 1608 3205 qui
1632 3136 1696 3189 ad
1727 3137 1979 3206 concupi-

392 3204 647 3260 sceudum
695 3204 971 3261 oculorum
1020 3207 1263 3261 defixerit
1309 3204 1605 3275 aspectum,
1648 3216 1701 3260 et
1745 3204 1978 3262 libidinis

392 3275 688 3348 maintain
736 3276 917 3348 corde,
946 3278 1241 3348 suscipiens
1271 3293 1449 3330 moras
1481 3277 1530 3331 in
1572 3277 1978 3348 cogitationibus

392 3345 505 3399 suis
533 3345 730 3401 habere
758 3345 1359 3415 permiserim—excutere
1387 3363 1475 3401 eas
1502 3363 1530 3400 a
1561 3363 1618 3400 se
1645 3347 1759 3401 sine
1789 3349 1980 3402 animae

395 3415 546 3484 plaga
577 3432 679 3486 non
711 3419 922 3483 poterit.
955 3418 1019 3470 Et
1045 3418 1166 3471 ideo
1198 3418 1393 3485 jugiter
1423 3433 1542 3470 cum
1581 3418 1834 3486 prepheta
1874 3419 1984 3472 cla-

392 3500 620 3550 memus,
652 3485 799 3539 Oculi
821 3488 916 3539 mei
943 3503 1138 3556 semper
1165 3489 1232 3539 ad
1264 3488 1532 3539 Dominum
1555 3485 1838 3556 {quoniam
1875 3488 1984 3556 ipse

395 3555 564 3628 evellet
585 3556 647 3608 dc
665 3557 840 3625 laqueo
869 3557 1016 3628 pedes
1043 3555 1359 3628 meos(Psal.
1379 3573 1523 3624 xxiv,
1553 3555 1636 3628 15)
1658 3575 1672 3625 ;
1698 3566 1983 3628 prtestante

397 3621 628 3679 Domino
655 3621 839 3680 nostro
865 3621 990 3680 Jesu
1023 3621 1257 3687 Christo.
1289 3637 1392 3680 etc.

867 3715 1093 3770 SERth
1130 3715 1374 3770 ccxclv
1405 3717 1503 3786 (α).

436 3804 707 3855 Δὰιιιοιιίιίο
720 3813 774 3856 ιιι
797 3807 1054 3857 ebrietatis
1070 3806 1247 3856 malum
1263 3808 1375 3856 totis
1399 3807 1580 3857 viribus
1601 3817 1830 3859 caveatur
1853 3809 1943 3873 (ὁ).

468 3890 520 3942 i.
553 3888 783 3944 Ebrietas
823 3907 912 3943 nec
953 3899 1210 3960 peccatum
1244 3899 1470 3960 putatur.
1501 3889 1723 3944 Inimica
1757 3892 1977 3947 ebrioso-

397 3975 512 4013 rum
533 3959 777 4012 amicitia.
802 3961 951 4015 Licet
981 3961 1208 4028 propitio
1236 3959 1451 4015 Christo
1472 4003 1487 4026 ,
1511 3960 1705 4015 fratres
1733 3961 1984 4017 charissi-

398 4029 494 4094 mi,
519 4030 732 4084 credam
763 4048 855 4084 vos
881 4031 1155 4085 ebrietatis
1177 4030 1372 4084 malum
1395 4032 1540 4086 velut
1562 4031 1752 4086 inferni
1776 4031 1980 4086 foveam

395 4114 787 4171 expavescere,
826 4113 880 4156 et
921 4116 1024 4154 non
1066 4101 1235 4154 solum
1278 4102 1376 4170 ipsi
1417 4119 1520 4155 non
1553 4103 1729 4156 velitis
1759 4103 1984 4171 amplius

393 4168 580 4224 bibere
601 4212 614 4235 ,
647 4171 742 4224 sed
775 4187 872 4226 nec
905 4171 1038 4225 alios
1064 4168 1314 4239 adjurare
1336 4171 1416 4226 vel
1461 4187 1651 4240 cogere
1671 4173 1798 4242 plus
1823 4168 1982 4242 quam

395 4248 612 4310 oportet
639 4242 884 4309 accipere
917 4258 930 4294 :
963 4253 1139 4295 tamen
1169 4243 1289 4309 quia
1317 4257 1420 4294 non
1452 4251 1625 4310 potest
1655 4241 1766 4295 ﬁeri
1797 4241 1855 4296 ut
1879 4260 1982 4296 non

398 4309 506 4363 sint
525 4309 686 4378 aliqui
717 4312 1064 4378 negligentes,
1092 4314 1178 4378 qui
1209 4311 1369 4365 sobrii
1397 4309 1515 4364 esse
1545 4327 1648 4365 non
1681 4314 1864 4376 velint,
1891 4328 1984 4368 vos

398 4379 488 4445 qui
514 4394 727 4446 semper
761 4381 1002 4434 convivia
1045 4381 1220 4434 sobria
1260 4381 1556 4444 exbibetis,
1598 4383 1759 4435 nolite
1794 4383 1858 4435 ad
1888 4400 1982 4438 ve-

398 4456 562 4518 stram
586 4449 829 4517 injuriam
858 4464 1134 4515 revocare,
1160 4452 1282 4518 quia
1309 4451 1462 4503 nobis
1494 4467 1712 4505 necesse
1741 4461 1824 4505 est
1850 4454 1985 4507 alios

395 4517 638 4588 ebriosos
684 4534 930 4588 arguere.
983 4519 1113 4572 Cum
1158 4517 1337 4582 enim,
1396 4521 1586 4575 fratres
1645 4522 1980 4587 charissimi,

398 4587 671 4659 ebrietatis
711 4587 906 4643 malum
959 4589 1179 4643 nimium
1225 4591 1294 4644 sit
1331 4605 1497 4659 grave
1539 4591 1728 4644 vitium
1775 4601 1828 4645 et
1871 4593 1984 4646 Duo

396 4657 631 4722 odibile;
677 4659 747 4729 ita
791 4674 886 4728 per
933 4660 1238 4715 universum
1283 4657 1536 4713 mundum
1575 4677 1604 4714 a
1651 4661 1890 4729 pluribus
1928 4664 1978 4717 in

397 4728 836 4782 consuetudinem
879 4730 1100 4784 missum
1143 4739 1254 4794 est,
1287 4741 1342 4784 ut
1369 4731 1435 4784 ab
1463 4731 1565 4784 illis
1590 4728 1679 4800 qui
1717 4732 1808 4786 Dei
1842 4747 1980 4800 pra:-

398 4808 548 4866 cepta
573 4813 896 4867 cognoscere
923 4801 1130 4866 nolunt,
1159 4801 1268 4870 jam
1301 4816 1399 4855 nec
1429 4810 1643 4870 putetur
1671 4811 1760 4854 aut
1789 4802 1981 4856 creda-

400 4878 485 4921 tur
523 4883 643 4922 esse
688 4878 960 4936 peccatum
995 4887 1007 4920 :
1048 4871 1099 4923 iu
1139 4881 1340 4924 tantum
1382 4882 1435 4924 ut
1481 4872 1532 4924 in
1573 4872 1831 4926 conviviis
1871 4873 1981 4926 suis

401 4937 656 5010 irrideant
673 4954 765 5010 cos
782 4939 869 5007 qui
891 4939 1064 5010 minus
1084 4941 1262 4994 bibere
1282 4951 1507 5009 possunt
1521 4951 1575 4994 et
1597 4958 1691 5010 per
1711 4942 1980 4996 inimicam

396 5009 678 5065 amicitiam
698 5008 945 5078 adjurare
967 5009 1209 5065 homines
1229 5008 1337 5065 nou
1357 5008 1695 5077 erubescant,
1719 5023 1775 5065 ut
1803 5023 1980 5082 potum

461 5143 476 5205 ξ
506 5149 629 5205 Mss,
657 5155 826 5205 prona.

479 5204 530 5268 a)
551 5204 692 5262 Alias,
708 5205 772 5261 de
795 5213 1032 5268 Tempore
1054 5206 1165 5256 9.31.

484 5264 533 5327 b)
557 5271 604 5312 tn
629 5264 1054 5331 Appendiee'nunc
1071 5269 1275 5331 primum
1297 5267 1575 5319 collocatur.
1597 5273 1804 5322 Dubium
1834 5279 1984 5324 Leva-

395 5325 612 5394 nienSes,
644 5325 865 5394 \‘erlinus
897 5325 1150 5394 autem‘et
1180 5331 1450 5394 _\’iudi_ngus
1485 5335 1844 5394 supposititium
1870 5349 1985 5385 esse

393 5385 668 5436 voluerunt.
711 5393 813 5449 Ipsa
850 5397 928 5438 est
959 5393 1148 5440 Gesarii
1180 5385 1386 5442 homilia'
1403 5392 1531 5442 inter
1547 5385 1718 5443 'éditas
1739 5409 1767 5444 a
1799 5397 1986 5447 Baluzio

392 5449 591 5517 quinta:
618 5462 684 5511 qu
699 5465 727 5496 ιε
751 5451 802 5496 iu
825 5453 1002 5517 nostris
1026 5455 1170 5517 etiam
1193 5452 1375 5517 aliquot
1409 5455 1747 5517 manuscriptis
1782 5460 1985 5508 Ca‘sario

393 5512 776 5583 ξξῄξςηθιιιιᾏρε
799 5524 934 5583 num.
972 5514 1137 5583 l_vide
1160 5512 1447 5583 Appendicis
1479 5512 1806 5583 serm.'°._!95_,
1852 5522 1983 5583 ιι.1;

393 5568 513 5636 ἓΒϐξ
530 5570 792 5636 n.55_267,
821 5586 871 5636 ιι,
896 5573 928 5621 4
953 5588 965 5622 :
990 5575 1054 5624 de
1074 5568 1212 5626 num:
1230 5568 1278 5635 3,
1304 5590 1451 5626 serm.
1477 5576 1587 5636 266,
1612 5591 1661 5626 ιι.
1687 5568 1829 5628 3:de
1849 5568 1982 5631 num:

392 5629 450 5706 ς(
466 5643 611 5706 θείω.
637 5631 747 5706 aee.
767 5629 879 5706 inuti
902 5647 914 5684 :
941 5636 1004 5706 de
1023 5651 1156 5688 num.
1181 5638 1228 5699 8,
1262 5629 1409 5688 scrin.
1453 5629 1632 5700 272,11.
1679 5641 1736 5701 8;

393 5689 582 5754 6,277,
608 5706 655 5742 ιι.
680 5695 737 5756 ις
764 5694 870 5756 265,
897 5698 1017 5748 ιι.

1859 283 2198 340 APPENDIX
2210 326 2222 338 .

3545 305 3690 363 2305

2101 407 2329 482 amplius
2367 423 2523 482 quam
2564 418 2773 477 oportet
2813 409 3094 480 accipiant.
3139 413 3241 482 Qui
3282 417 3425 473 enim
3453 422 3684 479 alterum

2099 479 2239 556 cogit
2269 487 2436 556 nise,
2473 477 2589 556 plus
2625 494 2781 556 quam
2819 477 2954 549 Opus
2990 493 3072 556 est
3119 477 3384 556 bibendo,
3420 477 3683 556 inebrieti

2101 548 2275 601 niinus
2297 547 2492 630 malum
2517 547 2703 629 eiler’at
2721 550 2763 602 si
2784 547 3001 632 carnem
3023 554 3138 622 ejus
3159 547 3465 632 vulneraret
3484 547 3684 632 gladio,

2097 632 2254 686 quam
2282 619 2512 671 animam
2538 621 2654 682 ejus
2681 633 2778 686 per
2804 619 3116 677 ebrietatem
3143 627 3436 682 occideret.

2169 686 2468 773 2.7hE‘briosi
2497 688 2764 773 paludibus
2789 695 3257 773 comparantur._Et
3290 702 3420 773 quia
3458 716 3687 773 corpora

2099 766 2280 834 nostra
2309 767 2516 834 terrena
2547 767 2692 822 sunt,
2711 762 2984 834 gurnnodo
3009 765 3221 831 quando
3253 762 3428 834 pluvia
3457 762 3686 831 niniimn

2097 827 2313 902 grandis
2341 836 2397 881 et
2425 828 2670 902 diuturna
2706 827 2890 902 fuerit,
2917 833 3008 902 ita
3027 827 3190 887 'terra
3225 827 3521 896 infunditur
3546 855 3599 897 et

2101 897 2269 974 lutum
2303 898 2586 952 resolvitur
2610 940 2624 963 ,
2655 910 2710 953 ut
2740 899 2884 974 nulla
2915 899 2967 974 in
2991 917 3055 974 ea
3083 905 3287 959 cultura
3322 912 3487 974 possit
3517 897 3686 970 ﬁeri;

2096 966 2174 1019 sic
2194 977 2247 1021 et
2269 982 2393 1051 caro
2416 977 2618 1051 nostra,
2642 971 2852 1051 quando
2875 972 3039 1051 nimio
3061 985 3187 1042 potu
3212 966 3367 1051 fuerit
3396 966 3682 1051 inebriata,

2098 1051 2196 1090 nec
2225 1037 2551 1110 spiritualem
2581 1039 2841 1092 culturam
2890 1037 3166 1110 accipere,
3201 1060 3303 1100 nec
3333 1046 3532 1104 fructus
3562 1037 3680 1107 ani:

2098 1121 2198 1160 ma:
2238 1108 2805 1188 necessarios-poterit
2831 1108 3116 1188 exhibere.
3152 1114 3217 1188 Et
3256 1115 3374 1188 idco
3413 1126 3685 1188 quomodo

2095 1190 2281 1257 Omnes
2307 1177 2547 1259 homines
2577 1179 2646 1232 ita
2673 1178 3024 1259 sufﬁcientem
3062 1184 3288 1259 pluviam
3323 1187 3372 1238 in
3404 1177 3545 1259 agris
3572 1197 3682 1246 suis

2095 1247 2338 1323 accipere
2362 1247 2686 1323 desiderant,
2718 1259 2775 1303 ut
2799 1260 2848 1304 el
2879 1247 3138 1323 culturam
3167 1257 3377 1310 valeant
3402 1247 3680 1323 esercere,

2095 1325 2150 1370 et
2176 1316 2242 1396 de
2269 1317 2531 1396 fructuum
2567 1319 2811 1396 ubertate
2836 1322 3067 1396 gaudere
3101 1341 3114 1376 :
3139 1324 3209 1377 ita
3237 1335 3290 1378 et
3316 1326 3367 1379 in
3401 1345 3531 1396 agro
3556 1316 3679 1385 (κοιλ

2096 1387 2376 1465 poris_ho_c
2407 1397 2608 1465 tantum
2645 1387 2902 1465 deberent
2945 1391 3126 1447 bibere
3157 1396 3300 1464 quod
3341 1387 3584 1465 oportet;
3610 1415 3682 1453 ne

2099 1472 2191 1531 per
2221 1458 2434 1531 nimiam
2469 1459 2786 1531 ebrietatem
2821 1461 2932 1528 ipsa
2965 1458 3205 1531 corporis
3249 1458 3392 1518 terra
3440 1458 3586 1524 velut
3623 1488 3679 1526 ιιι

2095 1526 2339 1594 paludem
2361 1543 2637 1603 conversa,
2655 1530 2820 1603 magis
2841 1526 3051 1586 vermes
3062 1526 3408 1603 etscrpentes
3430 1539 3682 1596 vitiorum

2094 1605 2533 1721 genterarenuam
2555 1600 2574 1649 f
2575 1609 2750 1653 ructus
2767 1601 3026 1655 bonorum
3043 1600 3261 1671 operum
3282 1608 3446 1672 possit
3463 1609 3681 1668 afferre.

2143 1683 2291 1721 iulius
2318 1668 2457 1721 enim
2481 1668 2678 1721 ebriosi
2702 1670 2832 1721 tales
2853 1681 2995 1721 sunt.
3015 1675 3199 1721 riuales
3221 1677 3439 1721 nalmles
3461 1694 3582 1721 ρςςρ
3604 1684 3681 1721 υἱ.

2143 1683 2291 1721 allies
2318 1668 2462 1741 enim
2481 1668 2678 1741 ebriosi
2702 1670 2832 1741 tales
2853 1681 2995 1734 sunt,
3015 1668 3199 1741 quales
3220 1668 3439 1741 paludes
3461 1694 3582 1734 esse
3604 1684 3685 1736 vi-

2093 1735 2307 1819 dentur.
2333 1738 2465 1804 Quid
2482 1738 2631 1819 enim
2661 1739 2712 1792 in
2745 1735 3443 1819 paludibus'nascatur,non
3469 1735 3686 1819 ignorat

2093 1806 2336 1881 pharitas
2351 1819 2530 1881 vestra
2559 1827 2571 1862 :
2597 1806 2762 1862 totum
2780 1811 2920 1864 enim
2943 1812 3086 1880 quod
3108 1814 3179 1866 ibi
3202 1806 3454 1881 nascitur,
3473 1806 3680 1876 τῖυιιυηί

2096 1876 2322 1958 fructum
2350 1878 2549 1933 habere
2586 1881 2944 1958 cognoscitur.
2961 1876 3276 1958 Nascuntur
3300 1887 3370 1940 ibi
3395 1876 3682 1958 serpentes

2091 1950 2423 2023 sanguisuga:
2452 1967 2465 2003 :
2487 1961 2777 2023 nascuntur
2795 1950 2867 2004 ibi
2885 1967 3026 2006 ranae
3043 1962 3094 2006 et
3111 1953 3323 2009 diversa
3339 1950 3536 2023 genera
3557 1978 3681 2016 ver-

2092 2018 2289 2099 mium,
2320 2020 2636 2099 qua-._ina_gis_
2662 2018 3492 2099 horrorempossuntgeuerare,
3513 2045 3681 2099 quam

2089 2088 2286 2161 aliquid
2325 2089 2468 2161 quod
2498 2088 2785 2145 ad'victum
2819 2088 3062 2161 proficiat
3087 2088 3360 2150 exhibere.
3389 2088 3505 2152 Ista:
3531 2088 3681 2156 cnim

2090 2156 2272 2232 herba
2294 2156 2375 2212 vel
2399 2160 2637 2224 arbores,
2653 2176 2770 2230 qua:
2790 2156 2881 2215 aut
2909 2163 2958 2232 in
2978 2164 3106 2230 ipsis
3124 2165 3404 2232 paludibus
3423 2178 3515 2223 aut
3533 2171 3680 2227 circa

2089 2228 2233 2298 ripas
2254 2245 2439 2283 earum
2465 2231 2611 2284 nasci
2632 2228 2806 2286 solent
2820 2274 2835 2297 ,
2861 2228 3256 2290 nihil—utilitatis
3274 2236 3471 2292 habere
3492 2241 3682 2296 viden-

2088 2306 2192 2371 tur,
2209 2299 2260 2352 in
2280 2308 2482 2354 tantum
2501 2310 2557 2354 ut
2571 2302 2725 2355 annis
2740 2303 2962 2371 singulis
2978 2305 3222 2358 incendio
3239 2321 3676 2368 concrementur.

2090 2367 2283 2448 Videte
2288 2371 2409 2448 quia
2423 2372 2564 2440 quod
2577 2371 2643 2426 de
2650 2367 3185 2448 ebrietatenascitur,
3200 2375 3304 2448 igni
3325 2367 3678 2448 praeparatur.

2156 2441 2210 2494 3.
2242 2439 2616 2518 Depingitntur.
2650 2441 2804 2496 Tales
2840 2439 3358 2518 enim__sun_t,~sicut
3382 2439 3490 2517 jain
3527 2452 3676 2518 dixi,

2085 2523 2274 2564 omnes
2301 2511 2492 2565 ebriosi
2521 2553 2536 2575 ,
2571 2527 2795 2581 quorum
2820 2511 3570 2590 _prandia_ducuntur'usqne
3608 2511 3680 2578 ad

2085 2591 2319 2646 noctem,
2347 2596 2572 2658 quorum
2595 2597 2779 2658 comas
2819 2583 3005 2638 lucifer
3036 2586 3212 2658 videt;
3253 2590 3342 2658 qui
3383 2583 3527 2646 stare
3566 2609 3680 2650 non

2088 2651 2502 2726 possltutetiam.
2521 2668 2654 2726 cum,
2669 2652 2914 2726 videntur
2937 2670 3056 2710 esse
3072 2657 3238 2726 jejuni
3261 2651 3527 2725 {quorum
3549 2678 3680 2718 sen-

2085 2735 2177 2801 sus
2201 2722 2366 2801 tardi,
2383 2737 2593 2790 graves,
2609 2723 2806 2801 obtusi,
2821 2734 2875 2778 et
2895 2722 3303 2801 quotlain'modo
3318 2722 3426 2798 jam
3450 2734 3676 2801 sepulti.

2087 2790 2325 2869 Denique
2347 2793 2651 2860 frequenter
2678 2795 2729 2847 in
2767 2794 2878 2862 ipsa
2907 2790 3163 2869 ebrii-tate
3191 2814 3289 2853 nec
3314 2790 3374 2854 se
3403 2790 3548 2869 ipso's
3571 2821 3680 2860 nec

2085 2861 2219 2940 alios
2244 2872 2668 2940 recognoscunt,
2708 2861 2807 2940 nec
2830 2866 3104 2940 ambulare
3142 2870 3321 2924 valent
3360 2861 3457 2926 nec
3487 2883 3675 2940 stare;

2087 2931 2265 3011 dicere
2290 2933 2488 3002 aliquid
2521 2934 2602 2987 vel
2631 2935 2816 3011 audire
2841 2935 2982 3004 quod
3012 2938 3077 2990 ad
3104 2940 3360 3011 rationem
3383 2931 3674 3011 pertineat,

2086 3003 2306 3080 omnino
2337 3018 2439 3055 non
2469 3013 2710 3080 possunt.
2743 3003 3073 3080 Frequenter
3101 3010 3262 3064 etiam
3293 3003 3457 3080 usq-ue
3483 3015 3550 3067 ad
3576 3003 3676 3070 vol

2084 3073 2270 3125 initum
2294 3073 2617 3143 ingurgitare
2637 3089 2696 3128 se
2715 3089 2819 3129 non
2843 3077 3180 3143 erubescunt,
3204 3090 3258 3135 et
3277 3081 3342 3135 ad
3365 3073 3676 3140 mensuram

2085 3143 2202 3222 sine
2223 3158 2469 3222 mensura
2494 3145 2691 3222 bibere.
2713 3145 2910 3222 Majora
2931 3148 3072 3222 enim
3097 3151 3280 3222 pocula
3305 3154 3672 3222 providentur,

2085 3221 2230 3292 certa
2257 3213 2469 3267 bibendi
2495 3215 2610 3284 lege
2638 3216 3010 3292 cout_enditur_'
3035 3213 3164 3292 ;qui
3188 3213 3418 3290 potu-erit
3437 3213 3675 3292 vincere,

2086 3282 2297 3337 laudem
2330 3282 2568 3338 meretur
2591 3301 2655 3339 ex
2697 3286 2938 3341 crimine.
2987 3282 3112 3344 Inde
3155 3282 3274 3345 li'les
3312 3301 3366 3344 et
3408 3296 3539 3348 rixa:
3574 3282 3676 3349 na:

2090 3363 2351 3419 scuutur,
2402 3353 2524 3410 inde
2575 3355 2801 3410 diversis
2848 3367 2900 3411 et
2963 3357 3242 3415 horrendis
3299 3364 3680 3421 saltationibus

2088 3423 2333 3503 membra
2370 3434 2715 3493 torquentur,
2748 3427 3163 3503 iridgadulteria
3199 3441 3256 3486 et
3291 3448 3676 3503 nonnunquam

2088 3493 2371 3572 homicidia
2417 3506 2803 3572 perpetrantur.
2852 3497 2919 3572 Et
2959 3501 3169 3572 quoties
3218 3504 3436 3556 nimium
3490 3493 3676 3572 potum

2089 3565 2374 3645 accipiunt,
2399 3574 2643 3645 tanquam
2665 3567 2715 3620 in
2747 3565 3285 3645 paralysimresoluti,
3305 3573 3431 3626 dum
3447 3565 3557 3628 suis
3579 3591 3680 3645 pis-

2088 3634 2247 3706 dibus
2265 3634 2537 3690 ambulare
2559 3651 2660 3690 non
2679 3634 2918 3706 possunt,
2941 3637 3232 3694 fuadissima
3251 3634 3418 3696 latura
3438 3634 3667 3700 aliorum

2091 3705 2336 3759 manibus
2363 3714 2639 3774 portantur
2663 3705 2728 3760 ad
2759 3709 2947 3762 lcetos.
2979 3709 3045 3763 Et
3069 3721 3150 3764 est
3175 3713 3224 3764 in
3266 3713 3367 3766 illis
3395 3716 3676 3770 oculorum

2093 3775 2286 3844 caligo,
2316 3777 2537 3849 vertigo,
2563 3776 2799 3849 fatigatio
2818 3787 2873 3831 et
2891 3777 3046 3833 dolor
3075 3782 3283 3849 capitis,
3306 3784 3526 3837 sull'usio
3555 3787 3675 3839 vulo

2091 3853 2177 3900 tus
2197 3887 2212 3911 ,
2245 3846 2602 3902 membrormn
2635 3848 2868 3901 omnium
2909 3859 3107 3902 tremor
3128 3846 3153 3915 ,’
3172 3854 3364 3905 auium:
3391 3869 3451 3907 ac
3478 3857 3692 3910 mentis

2091 3915 2381 3992 stuporzlu
2415 3917 2606 3992 talibus
2631 3917 2891 3992 impletur
2932 3920 3058 3992 illud
3081 3922 3238 3992 quod
3265 3924 3519 3992 scriptum
3550 3936 3673 3991 est,

2091 3985 2186 4038 Cui
2211 3986 2320 4039 vaz?
2343 3988 2486 4055 cujus
2510 3988 2641 4055 patri
2671 3985 2745 4042 rce
2763 3990 2788 4042 ἱ)
2807 3989 2888 4040 cui
2923 3990 3050 4042 rixw
3067 3991 3092 4043 ?
3117 3985 3198 4044 cui
3231 3993 3339 4045 sine
3374 3985 3529 4046 causa
3565 3985 3682 4049 vui-

2092 4057 2254 4130 μεθ’(ιῖ
2286 4058 2367 4110 cui
2398 4058 2613 4130 suffusio
2639 4059 2934 4130 oculorum?
2966 4058 3151 4113 Nonne
3184 4063 3261 4114 his
3287 4063 3373 4130 qui
3411 4077 3680 4119 morantur

2089 4125 2142 4248 ἱιὲ
2163 4126 2301 4264 piso;
2331 4137 2375 4179 el
2396 4128 2596 4181 student
2641 4127 2880 4184 calicibus
2908 4133 3170 4199 epotaudis
3197 4125 3378 4202 (Prov.
3404 4150 3531 4187 χχιιι
3553 4177 3568 4201 ,
3603 4136 3680 4191 9.9

2090 4211 2117 4248 e
2163 4213 2194 4249 ο
2278 4238 2288 4249 .

2090 4205 2140 4248 et
2163 4197 2252 4249 50)

2162 4266 2214 4320 4.
2250 4264 2511 4319 Excusant
2540 4285 2592 4321 se
2611 4269 2673 4322 de
2701 4269 2943 4323 amicitia.
2972 4270 3189 4326 Conviva
3221 4272 3289 4324 ad
3325 4273 3593 4327 bibendum
3614 4293 3682 4328 ne

2092 4347 2320 4413 cogatur.
2366 4336 2567 4413 Ebriosi
2609 4340 2661 4413 iu
2700 4341 2780 4413 sui
2820 4341 3010 4394 similes
3057 4343 3285 4413 prodigi,
3331 4346 3385 4396 in
3427 4362 3682 4412 pauperes

2094 4408 2253 4476 parci.
2281 4406 2595 4460 Animalibus
2618 4409 2883 4464 deteriores
2906 4421 3038 4465 sunt.
3057 4406 3140 4465 'Et
3164 4406 3224 4467 se
3241 4406 3286 4466 et
3312 4432 3405 4466 sua
3427 4406 3676 4476 perdunt.

2093 4475 2196 4531 Sed
2231 4477 2300 4530 illi
2328 4478 2417 4541 qui
2447 4479 2579 4532 tales
2616 4493 2735 4534 esse
2775 4481 2990 4546 volunt,
3022 4483 3395 4537 miserabiliter
3422 4475 3480 4537 se
3507 4501 3678 4538 excu-

2093 4561 2211 4601 sare
2249 4557 2546 4621 conantur,
2587 4547 2824 4621 dicentes
2863 4568 2875 4603 :
2925 4552 3190 4621 Ingratum
3235 4553 3408 4608 habeo
3441 4556 3682 4608 amicum

2095 4633 2301 4692 meum,
2333 4618 2376 4670 si
2405 4619 2610 4686 quoties
2637 4619 2793 4692 illum
2813 4621 2878 4692 ad
2915 4618 3212 4676 convivium
3253 4639 3518 4678 vocavere
3539 4666 3552 4682 .
3583 4641 3678 4692 po-

2095 4695 2203 4740 tum
2235 4688 2282 4741 ei
2311 4698 2568 4756 quantum
2599 4691 2822 4743 voluerit
2847 4691 2958 4758 ipse
2987 4707 3090 4745 non
3119 4692 3333 4746 dedero.
3369 4693 3437 4746 Et
3475 4688 3682 4749 nou-sit

2094 4758 2186 4811 tibi
2217 4759 2418 4812 amicus
2437 4799 2453 4822 ,
2480 4759 2652 4833 quite
2676 4760 2784 4833 D_eo
2812 4762 2923 4833 vult
2945 4760 3121 4816 facere
3156 4763 3424 4817 inimicum
3449 4805 3464 4828 ,
3500 4765 3588 4833 qui
3621 4777 3677 4819 et

2095 4837 2215 4882 tuus
2239 4837 2291 4881 et
2312 4842 2439 4882 suus
2465 4839 2547 4882 est
2574 4829 2838 4883 inimicus.
2871 4831 2924 4884 Si
2953 4841 3006 4886 ct
3038 4842 3088 4885 te
3109 4842 3160 4886 et
3189 4834 3348 4886 alium
3380 4829 3682 4888 inebriave-

2095 4897 2167 4950 ris
2188 4941 2200 4958 ,
2230 4899 2495 4950 hominem
2533 4901 2759 4953 amicum
2793 4899 3012 4955 habebis
3032 4943 3045 4962 .
3075 4912 3129 4956 et
3160 4903 3326 4956 Deum
3355 4904 3627 4958 inimicum
3665 4926 3678 4960 :

2093 4976 2145 5020 et
2175 4966 2292 5021 ideo
2322 4969 2591 5041 sapienter
2619 4970 2918 5035 considera,
2950 4972 2994 5024 si
3023 4972 3222 5041 justum
3253 4975 3321 5026 sit
3347 4983 3404 5026 ut
3430 4985 3481 5028 te
3509 4991 3538 5026 a
3569 4975 3682 5029 Deo

2093 5051 2342 5112 separes,
2362 5039 2486 5112 dum
2519 5049 2568 5091 te
2607 5041 2819 5112 ebrioso
2847 5039 3143 5112 conjungis.
3173 5043 3255 5096 Ad
3290 5055 3589 5097 extremum
3625 5057 3682 5098 ιιι

2093 5122 2217 5182 cum
2239 5109 2344 5162 noli
2369 5108 2634 5176 adjurare,
2662 5111 2765 5182 noli
2795 5108 3020 5180 cogere;
3048 5108 3141 5165 sed
3172 5115 3223 5166 in
3247 5122 3512 5182 potestate
3537 5115 3680 5168 illius

2093 5177 2298 5250 «limine
2325 5189 2379 5232 ut
2405 5189 2657 5247 quantum
2690 5180 2788 5249 ipsi
2819 5177 3075 5250 placuerit
3100 5177 3281 5236 bibat':
3315 5192 3373 5237 ut
3400 5185 3444 5237 si
3497 5199 3556 5238 se
3595 5186 3678 5238 in-

2097 5247 2304 5322 ebriare
2334 5251 2576 5322 voluerit,
2603 5251 2684 5304 vel
2710 5247 2853 5305 Solus
2878 5261 3083 5322 pereat,
3102 5263 3282 5307 etnon
3313 5254 3469 5308 ambo
3495 5269 3680 5322 ρεταιν

2097 5319 2162 5391 tis
2190 5319 2229 5371 ³.
2255 5321 2299 5372 0
2335 5318 2612 5374 infelicitas
2636 5323 2846 5390 generis
2881 5318 3095 5376 luunani
3117 5324 3130 5376 !
3154 5324 3324 5391 Quam
3353 5318 3508 5377 multi
3532 5325 3680 5377 inve-

2093 5388 2311 5442 niuntur
2355 5391 2443 5457 qui
2495 5388 2736 5462 ebriosos
2785 5401 2838 5446 et
2886 5388 3198 5448 luxuriosos
3234 5393 3460 5462 amplius
3513 5409 3698 5461 quam.

2094 5469 2311 5534 oportet
2343 5470 2538 5534 cogunt
2586 5460 2764 5514 bibere
2809 5474 2904 5534 :Vet
2944 5474 3066 5517 ante
3113 5460 3692 5534 ostium—pauperibus

2094 5530 2397 5598 petentibus
2436 5530 2520 5584 vel
2563 5544 2722 5584 unum
2762 5533 2980 5586 calicem
3021 5530 3548 5599 dissimulantdare;
3578 5549 3696 5594 iter:

2156 5646 2170 5710 ξ
2200 5651 2262 5693 us
2302 5655 2366 5702 r.,
2389 5643 2469 5694 tea:
2488 5643 2726 5710 conditur.
2750 5652 2830 5697 Ms.
2859 5659 2978 5698 vero
3001 5648 3056 5708 1.,
3081 5646 3183 5710 tege
3199 5646 3403 5699 tauriita.

2155 5708 2173 5736 ³
2197 5713 2327 5762 ωδε..
2350 5707 2566 5771 peccetis.

3691 5764 3714 5777 Ι
