4074 6186
420 323 559 380 ΞΞΞἹ

421 437 585 508 quirit
612 435 771 508 Deus.
796 447 901 487 non
927 433 1149 508 duruin._
1171 440 1564 508 nonoasperum.
1592 425 1908 508 Ciainattibi
1939 426 1990 478 in

422 496 746 563 conscientia
794 513 879 555 tua
910 512 1104 553 .eterna
1130 496 1330 564 justitia
1364 513 1376 547 :
1409 496 1686 564 Quomodo
1728 497 1994 563 gubernas

422 593 606 659 agrum
636 586 780 628 tuum
804 616 815 634 ,
847 571 1077 639 guberna
1108 580 1173 649 .et
1210 582 1303 619 cor
1344 575 1518 628 tuum;
1557 567 1821 659 quonide
1862 566 1996 619 colis

420 635 601 701 villam
631 656 795 706 tuam,
823 635 939 696 cole
960 649 1012 692 et
1037 639 1266 691 animam
1301 646 1475 698 tuam;
1510 635 1774 706 quomodo
1803 650 1994 703 super-

422 722 557 772 tluos
576 705 815 784 palmites
837 710 974 784 tollis
999 709 1188 784 vite
1216 717 1322 784 tua,
1342 707 1419 759 sic
1447 708 1616 784 iualos_
1635 705 1851 784 affectus
1874 706 1995 759 tolle

420 790 489 841 de
518 775 689 841 anima
721 794 824 837 tua.
861 778 1108 835 Praieidis
1141 778 1206 829 de
1234 779 1337 829 vite
1365 786 1450 829 tua
1480 775 1617 843 quod
1650 776 1841 827 malum
1875 785 1992 837 est;

423 858 598 911 incide
624 854 692 907 de
718 854 892 904 anima
924 857 1007 902 tua
1036 863 1072 918 q
1098 847 1180 900 iod
1211 847 1567 918 iniquiunest.
1597 845 1881 918 Quomodo
1904 846 1994 914 qui

419 929 581 980 vitem
605 938 753 978 suam
778 936 882 973 uno
903 916 1248 983 auuo'putare
1270 917 1515 977 noluerit,
1542 916 1654 980 ipso
1676 931 1815 967 anno
1837 916 1997 969 abun-

418 998 632 1049 dantius
658 992 890 1054 exhibet,
918 998 971 1042 et
998 1000 1175 1056 postea
1198 987 1313 1040 sine
1337 985 1505 1039 fructu
1534 985 1724 1056 sterilis
1756 1000 1998 1039 remane-

420 1068 497 1121 bit
524 1084 535 1118 :
567 1066 643 1118 sic
678 1073 731 1115 et
756 1062 844 1129 qui
886 1055 1049 1112 malas
1085 1057 1435 1129 cogitationes
1462 1066 1515 1129 ei.
1554 1055 1694 1129 mala
1733 1056 1996 1129 desideria

419 1152 527 1190 non
572 1133 707 1188 tollit
734 1123 801 1185 de
830 1130 1005 1183 anima
1037 1141 1128 1180 sua
1146 1123 1173 1189 ,⁷
1191 1126 1398 1178 videtur
1439 1124 1630 1177 afferre
1671 1123 1895 1177 fructum
1928 1126 1993 1179 de

419 1206 619 1273 rapinis
646 1214 697 1257 et
722 1201 991 1255 fraudibus
1018 1199 1067 1250 in
1091 1211 1230 1273 anno
1253 1198 1371 1247 vitm
1398 1210 1634 1273 suiequo
1662 1195 1786 1246 vivit
1818 1196 1866 1247 in
1897 1195 1996 1249 hoc

420 1266 647 1337 mundo;
696 1272 787 1327 sed
836 1280 1014 1339 postea
1054 1267 1249 1319 sterilis
1291 1266 1583 1339 remanebit
1623 1266 1671 1316 iii
1715 1276 1992 1339 internum.

422 1347 488 1400 Ει
527 1335 646 1415 quia
689 1335 889 1396 [ιίιιξιιιε
935 1339 1194 1415 legitiiuos
1236 1351 1338 1388 non
1378 1335 1659 1415 exhibuit,-
1694 1336 1840 1415 quasi
1886 1352 1997 1388 sar-

423 1404 600 1470 menta
628 1413 888 1467 luxuriem
920 1404 1355 1468 et'infructuosa,
1383 1417 1577 1457 :ctcrni
1612 1405 1753 1456 illiilli
1786 1404 1995 1460 flamina

421 1488 539 1539 sine
565 1480 923 1537 miseriCordia
951 1477 1233 1536 cruciabit;
1264 1475 1398 1527 sicut
1429 1475 1540 1541 ipse
1567 1474 1817 1526 Dominus
1845 1476 1993 1537 dixit,

421 1554 611 1609 Paleas
640 1563 805 1605 autem
828 1550 1078 1602 (amburet
1104 1547 1205 1616 igni
1245 1545 1636 1616 iuexstinguibili
1667 1544 1683 1607 (
1706 1543 1885 1596 Matth.
1920 1562 1994 1601 ιιι.

421 1626 548 1693 12),
594 1621 871 1690 Quomodo
911 1620 961 1672 in
1005 1615 1231 1671 vite'tna
1268 1626 1405 1693 toios
1442 1615 1625 1693 oculos
1648 1616 1673 1693 _‘
1703 1616 1998 1693 superfluos

421 1685 667 1764 amputas
688 1734 701 1755 ,
736 1702 789 1749 et
809 1691 950 1764 duos
975 1699 1067 1764 aut
1110 1696 1215 1739 tres
1249 1687 1335 1753 qui
1367 1694 1489 1764 soni
1519 1685 1734 1764 legitimi
1766 1685 1997 1738 dereliiio

421 1754 541 1834 quis
570 1784 583 1819 ε
613 1764 690 1817 sic
719 1773 772 1816 et
807 1762 857 1814 in
902 1759 1075 1834 anima
1120 1767 1202 1808 tua
1246 1755 1422 1834 omnia
1456 1754 1738 1833 desideria,
1769 1770 1997 1834 quzeﬂres

419 1825 620 1888 alienas
643 1835 778 1887 male
804 1830 1169 1901 respiciuutfet
1198 1826 1423 1901 pessime
1451 1825 1849 1901 concupisriiiit,
1877 1825 1997 1893 Spi-

420 1905 554 1958 iitus
593 1904 761 1958 sancti
802 1893 976 1971 gladio
1002 1893 1255 1971 et_erueis
1296 1893 1615 1971 faleedebes
1646 1894 1878 1971 incidere
1899 1936 1913 1958 ,
1946 1904 2000 1949 et

421 1976 524 2029 hoc
552 1984 753 2028 tantum
784 1965 921 2027 mide
944 1968 1145 2043 justitia
1169 1965 1248 2019 vel
1279 1966 1637 2019 misericordia
1660 1966 1895 2020 cernitur
1914 1981 2000 2019 re-

421 2060 654 2098 servare.

494 2126 547 2180 7.
576 2124 640 2179 Id
665 2126 716 2177 in
744 2126 911 2176 anima
952 2121 1162 2175 colenda
1192 2129 1409 2173 servetur
1429 2122 1562 2189 quod
1582 2120 1632 2174 in
1662 2120 1995 2189 agricultura.

427 2194 642 2247 Fructus
663 2195 846 2262 triplex
874 2204 919 2246 et
950 2203 1046 2244 tres
1067 2192 1415 2260 professiones.
1450 2190 1606 2243 Bona’
1631 2193 1862 2262 uirgines.
1917 2191 2002 2245 Vi-

421 2266 557 2318 duw.
605 2260 918 2333 Conj’ugatw.
966 2262 1093 2315 Nam
1127 2269 1263 2314 terra
1295 2262 1505 2333 quando
1548 2260 1787 2333 colitu’r._
1806 2260 1998 2317 fratres

420 2330 971 2400 dilectissiini,'nostis
986 2347 1103 2400 qua:
1132 2330 1459 2383 eousuetudo
1481 2341 1739 2385 servetur.
1759 2330 1995 2387 Primum

422 2406 728 2461 evelluntur
765 2404 953 2472 spiu:e,
986 2400 1187 2471 lapides
1230 2402 1614 2467 projieiiintur;
1645 2411 1825 2469 postea
1857 2412 1995 2457 terra

429 2478 539 2541 ipsa
610 2474 1003 2542 proscinditur,
1070 2472 1443 2532 coiiiliinatur,
1496 2472 1998 2528 tertiatur:deinde

421 2553 612 2609 quarto
637 2553 727 2597 aut
775 2544 960 2612 quinto
1008 2542 1156 2612 sulco
1185 2542 1369 2612 ordine
1396 2542 1649 2612 legitimo
1682 2542 1994 2597 seminatur.

424 2615 535 2668 lloc
564 2630 691 2683 ergo
718 2610 826 2676 flat,
873 2613 1063 2665 fratres
1109 2610 1438 2683 charissimi,
1487 2611 1762 2683 inanima
1794 2622 1993 2666 nostra.

424 2680 656 2738 Ιίνίιιιιιιῖι
683 2684 1018 2738 erailiceutur
1042 2680 1229 2750 spinae,
1258 2681 1307 2734 id
1335 2691 1433 2743 est,
1458 2681 1802 2750 cogitationes
1823 2684 1993 2736 mala).

423 2756 613 2807 I’ostea
642 2754 840 2823 lapides
864 2751 1189 2823 auferantur,
1223 2752 1323 2804 hoc
1346 2760 1446 2815 est,
1479 2752 1652 2805 omnis
1678 2753 1881 2806 malitia
1914 2754 1995 2807 vel

422 2826 614 2878 duritia
643 2821 982 2891 expurgetur.
1025 2821 1225 2874 Deinde
1272 2836 1379 2892 cor
1408 2830 1645 2892 nostrum
1692 2824 1997 2892 evangelica

422 2904 600 2947 .imtro
646 2890 725 2947 et,
752 2892 926 2947 crucis
971 2906 1186 2944 vomere
1213 2890 1581 2956 proscindatur
1606 2899 1661 2945 et
1711 2890 1909 2957 aretur,
1942 2902 1997 2947 et

422 2963 785 3032 confringatur
814 2977 908 3032 per
931 2961 1316 3032 pmnitentiam,
1350 2960 1620 3032 molliatiir
1646 2976 1739 3029 per
1765 2962 1997 3017 eleemo-

425 3029 759 3102 synamfper
786 3030 1313 3102 eharitatemseinini
1337 3029 1605 3102 dominico
1628 3039 1991 3100 praeparetur:

423 3100 484 3157 ut
514 3112 567 3157 et
591 3100 715 3174 tunc
750 3112 967 3174 purgata
1016 3110 1069 3154 et
1091 3100 1239 3174 bene
1267 3100 1405 3174 culta
1444 3100 1621 3174 cordis
1661 3102 1826 3155 nostri
1855 3112 1995 3157 terra

422 3190 543 3227 cum
572 3170 764 3241 gaudio
786 3186 966 3229 semen
996 3170 1138 3241 verbi
1174 3170 1282 3241 Dei
1314 3171 1480 3238 possit
1506 3171 1773 3239 excipere,
1807 3179 1861 3225 et
1888 3187 1992 3227 non

422 3239 595 3298 solum
623 3239 1093 3312 trigesimum,sed
1115 3239 1273 3312 etiam
1314 3242 1710 3312 sexagesimum
1725 3250 1777 3294 et
1809 3251 1991 3296 ceute-

421 3316 614 3367 simum
647 3309 872 3367 fructum
904 3310 1147 3365 reddere.
1178 3310 1309 3363 Tres
1330 3310 1469 3363 enim
1492 3309 1850 3379 professiones
1872 3321 1995 3367 sunt

425 3386 475 3437 in
504 3392 682 3438 sancta
717 3382 950 3437 Ecclesia
996 3379 1291 3449 catholica.
1313 3380 1445 3433 Sunt
1486 3381 1732 3449 virgines,
1764 3392 1888 3435 sunt
1914 3383 1991 3435 vi-

423 3454 562 3515 duic,
591 3464 714 3507 sunt
742 3453 902 3507 etiam
925 3450 1211 3519 coniugati.
1255 3448 1493 3519 Virgines
1521 3450 1783 3503 exhibent
1808 3462 1990 3505 ceute-
2062 3496 2065 3497 ν

422 3524 638 3588 simum,
667 3524 836 3576 vidua:
866 3522 1272 3591 sexagesimum,
1314 3521 1579 3588 conjugati
1622 3535 1750 3591 vero
1784 3522 1993 3589 trigesi-

423 3610 590 3647 mum.
620 3594 768 3647 Alius
794 3589 1015 3661 quidem
1041 3589 1252 3644 exhibet
1278 3592 1507 3659 amplius
1530 3592 1573 3655 ’,
1620 3590 1754 3643 alius
1783 3592 1989 3656 minus;

422 3664 515 3718 sed
541 3679 728 3717 omnes
758 3660 1040 3715 iu’cmlesti
1075 3661 1266 3711 horreo
1295 3660 1671 3725 reconduntur,
1702 3669 1753 3713 et
1796 3669 1993 3715 interna

424 3734 755 3787 beatitudine
806 3730 1029 3785 feliciter
1070 3728 1428 3797 perfruuntur.
1484 3730 1722 3797 Virgines
1748 3745 1875 3799 ergo
1903 3747 1995 3785 eo-

424 3804 650 3869 gitantes
686 3801 934 3861 Mariam,
974 3799 1146 3853 viduic
1175 3800 1403 3869 Annam,
1438 3800 1695 3852 maritam:
1735 3815 1861 3853 vero
1889 3800 1994 3854 Su-

425 3868 669 3935 sannatn,
701 3870 1199 3925 imiteutiirillaruni
1240 3868 1534 3921 eastitatem
1578 3871 1627 3921 in
1662 3869 1759 3923 hoc
1776 3871 1992 3932 Sicculo,

424 3952 483 3996 ut
510 3942 612 3995 illis
642 3942 833 3997 sociari
882 3948 1186 3993 mereantur
1227 3938 1276 3990 in
1318 3947 1597 3992 mtcrnuni.
1643 3940 1803 3992 Bome
1853 3941 1994 3994 enim

424 4014 676 4083 virgines,
707 4027 823 4081 (μω
851 4027 953 4065 ..οη
986 4010 1158 4083 solum
1186 4024 1430 4083 corpore,
1460 4009 1731 4083 sctletiam
1762 4010 1923 4064 corde
1944 4020 1998 4064 et

425 4078 603 4151 lingua
620 4078 851 4151 virgines
872 4097 991 4135 eSse
1020 4078 1301 4142 voluerint,
1335 4088 1530 4133 sancta:
1548 4079 1721 4133 Maria:
1744 4095 1867 4151 cum
1908 4097 1995 4134 re-

426 4149 824 4222 liquoexereitu
863 4151 1144 4222 virginum
1167 4152 1456 4222 Sociantiir.
1488 4151 1646 4203 Bome
1672 4149 1859 4222 vidum,
1890 4166 1994 4204 non

424 4219 712 4286 deliciosaa,
735 4239 837 4276 non
860 4223 1113 4291 liuguosm
1129 4219 1171 4291 ',
1186 4233 1287 4272 non
1311 4220 1554 4282 euriosm,
1576 4234 1678 4273 nou
1699 4220 1993 4286 iuvidiosm,

426 4310 531 4347 non
561 4294 827 4362 superbie,
852 4290 969 4362 qua:
991 4290 1236 4362 jejuuiis,
1256 4291 1612 4362 eleeiuosynis
1656 4300 1724 4362 et_
1743 4291 1999 4344 orationi-

426 4363 545 4427 bus,
578 4358 712 4418 sieut
750 4358 900 4417 beata
945 4362 1094 4413 Anna
1141 4358 1389 4423 faciebat,
1432 4358 1672 4413 Serviunt
1708 4360 1845 4424 Deo,
1876 4376 1995 4414 cum

431 4434 542 4499 ipsa
574 4437 721 4486 Anna
744 4443 925 4486 sancta
953 4431 1223 4499 sociantur
1246 4430 1425 4481 multis
1449 4430 1679 4483 millibus
1699 4430 1993 4484 viduarum.

427 4498 703 4571 tioujugati
758 4517 883 4555 vero
917 4500 1007 4569 qui
1060 4498 1158 4571 sibi
1190 4499 1410 4571 invicem
1455 4500 1610 4552 Iidem
1646 4502 1994 4563 servaverint,

427 4568 648 4627 etestra
680 4568 1243 4639 seuihilaguovcrint,
1285 4584 1345 4639 se
1389 4569 1531 4637 ipsos
1554 4579 1754 4639 tantum
1784 4571 1997 4623 nonnisi

428 4658 524 4710 pro
552 4642 817 4697 desiderio
852 4638 1077 4694 filiorum
1101 4638 1433 4706 agnoverint,
1463 4638 1673 4710 assidue
1699 4640 1997 4709 eleeinosy-

428 4709 524 4767 nas
546 4712 785 4776 fecerint,
810 4720 862 4765 et
890 4713 937 4764 iu
957 4718 1210 4777 quantum
1241 4718 1460 4777 possunt
1483 4709 1571 4763 Dei
1598 4720 1856 4778 pnecepta
1884 4725 1999 4764 ser-

426 4784 686 4847 vaverint,
730 4791 913 4835 saneto
941 4781 1062 4845 Job,
1095 4790 1292 4834 sanetae
1325 4780 1493 4841 Sill'ilf,
1535 4780 1618 4832 vel
1659 4790 1854 4833 saneta:
1901 4783 2000 4833 Su-

425 4869 607 4907 saime
635 4868 755 4907 cum
800 4852 995 4905 sanctis
1042 4849 1362 4904 Patriareliis
1406 4860 1457 4903 et
1498 4849 1781 4919 I’r0plietis
1828 4866 2000 4904 mere-

424 4924 621 4977 buntur
646 4923 867 4977 feliciter
892 4921 1103 4975 sociari.

495 5014 548 5068 8.
573 5012 799 5079 Qualiter
809 5012 982 5064 audita
1000 5012 1049 5063 in
1066 5011 1302 5064 concione
1318 5012 1523 5065 invicem
1540 5011 1825 5078 repetenda.
1852 5011 1999 5080 Rogo

424 5100 542 5149 vos,
568 5084 760 5137 fratres
789 5082 1105 5142 charissiini,
1154 5096 1366 5149 semper
1397 5082 1629 5140 recolite,
1668 5096 1880 5147 semper
1914 5099 1997 5133 re-

422 5155 589 5209 tiiicte
616 5153 758 5221 quod
785 5154 935 5207 vobis
966 5169 1061 5221 pro
1087 5151 1279 5204 auium:
1325 5162 1515 5204 vestrae
1547 5152 1717 5205 salute
1764 5152 2001 5220 suggeri-

427 5242 564 5279 mus.
608 5221 781 5279 Nolite
830 5224 926 5277 hoc
980 5222 1279 5276 transiturie
1330 5223 1591 5288 aecipcre.
1655 5221 1819 5277 Debet
1858 5223 1999 5275 enim

426 5310 605 5348 sermo
628 5306 809 5349 uoster
859 5294 908 5348 in
954 5294 1115 5347 corde
1148 5302 1324 5346 vestro
1358 5292 1561 5345 radices
1606 5292 1796 5361 figere;
1845 5303 1900 5345 ut
1949 5291 1999 5346 in

427 5374 664 5432 tempore
694 5364 1060 5419 retributionis
1091 5363 1256 5432 possit
1283 5370 1495 5417 .ctcrua:
1520 5361 1638 5414 vita:
1668 5361 1871 5415 fructus
1925 5362 2002 5414 fe-

492 5566 505 5597 ¹
536 5565 608 5613 sic
630 5572 730 5621 διε..
750 5572 1005 5613 Portarmn.
1032 5569 1081 5609 At
1105 5562 1407 5612 Colbertiuus
1432 5558 1661 5611 surculos.

492 5629 509 5657 ¹
534 5627 605 5687 δια
640 5638 700 5674 ex
742 5632 820 5673 Ms.
857 5623 1051 5685 collegii
1080 5622 1443 5674 (larem-uitaui.
1482 5625 1499 5684 ί
1545 5624 1651 5674 Ilias
1673 5622 2002 5687 quidem/mliti

429 5684 671 5745 amplius}

495 5748 514 5782 ⁸
540 5755 620 5800 3.5.
644 5754 899 5805 rorwuzu,
926 5744 1158 5807 litigiosa”.

1868 310 2226 371 APPENDIX.

3579 322 3684 376 318

2112 426 2279 501 ιξρίιιρι·
2303 420 2705 501 υὲιιίιιθιερζριιί
2739 438 2907 495 potest
2942 440 3107 501 totum
3141 433 3370 485 retinere
3415 434 3554 501 quod
3596 434 3685 487 ili-

2105 497 2293 570 εἱιιιιιςΓ
2330 496 2435 570 Deo
2460 498 2657 570 gratias
2683 508 2822 565 agat,
2854 507 2907 551 et
2937 500 3054 553 aliis
3076 503 3213 570 quod
3242 496 3682 566 retinet'semper

2104 565 2365 639 ostendat.
2398 565 2495 632 Qui
2522 576 2686 639 totum
2727 583 2828 639 non
2860 579 3030 636 potest
3068 565 3318 629 retinere.
3358 575 3439 625 vel
3473 565 3679 639 partem

2104 636 2332 709 aliquant
2376 636 2703 709 reCordetnr.
2746 638 2809 690 Et
2850 640 2892 690 si
2943 648 3109 693 totum
3162 657 3299 695 unus
3344 659 3446 694 non
3475 636 3675 709 potest.

2105 706 2296 773 singuli
2323 714 2502 758 ternas
2543 708 2621 759 vel
2666 716 2951 773 quaternas
2998 713 3288 765 sententias
3331 706 3555 764 retinete
3586 732 3597 765 :
3628 726 3683 765 et

2103 775 2227 829 dum
2251 774 2550 847 iiiius_:ilteri
2578 778 2801 829 insinuat
2822 778 2960 847 quod
2980 781 3203 844 audivit,
3232 791 3395 834 totum
3415 782 3564 835 vobis
3598 784 3683 835 in-

2104 847 2271 898 vicom
2315 844 2593 899 referendo
2634 863 2733 899 non
2758 844 2926 899 solum
2956 852 3263 904 memoriter
3292 852 3534 912 retinere,
3586 854 3682 905 sed

2104 918 2261 990 etiam
2282 916 2432 968 bonis
2452 916 2698 990 operibus
2714 918 2751 969 Ο
2747 917 2927 990 iiristo
2942 918 3005 990 ad
3010 920 3165 983 juvau
3175 931 3224 974 te
3240 924 3473 987 poteritis
3495 924 3683 990 imple-

2106 1002 2183 1040 re.
2208 986 2352 1038 Dicat
2381 1001 2514 1057 unus
2537 987 2685 1039 alteri
2711 1006 2723 1039 :
2747 987 2855 1055 Ego
2872 988 3046 1043 audivi
3068 986 3372 1057 episcopum
3406 986 3584 1043 meum
3613 993 3683 1045 de

2104 1056 2347 1129 castitate
2372 1056 2659 1129 dicentem.
2694 1058 2838 1129 Alius
2867 1058 3008 1112 dicat
3033 1078 3045 1114 :
3075 1056 3182 1129 ligo
3214 1056 3263 1113 in
3298 1072 3475 1114 mente
3508 1062 3681 1115 hach

2106 1126 2249 1179 illum
2277 1136 2329 1179 et
2353 1125 2418 1179 de
2441 1126 2792 1196 eleemosynis
2815 1125 3150 1194 praedicasse.
3186 1131 3332 1183 Alius
3361 1131 3497 1183 dicat
3525 1149 3539 1184 :
3570 1132 3678 1184 lle-

2105 1196 2297 1249 mausit
2324 1197 2374 1250 in
2397 1198 2645 1249 memoria
2671 1213 2805 1259 mea,
2829 1200 2965 1267 quod
2985 1200 3122 1255 dixit
3144 1201 3293 1253 utsic
3313 1202 3545 1254 colamus
3564 1202 3681 1253 ani-

2104 1282 2241 1319 inam
2262 1275 2513 1328 nostrain,
2529 1268 2793 1334 quomodo
2810 1271 3031 1322 colimus
3052 1280 3244 1324 terram
3260 1281 3511 1325 nostrain.
3530 1273 3679 1326 Alius

2105 1337 2342 1408 referat:
2380 1337 2486 1408 ligo
2532 1337 2732 1389 retineo
2757 1338 2955 1393 dixisse
2994 1342 3297 1408 f‘ple'Opllm
3357 1358 3529 1395 meum
3557 1386 3571 1406 ,
3622 1356 3678 1396 ut

2104 1407 2190 1474 qui
2216 1407 2357 1459 novit
2380 1407 2601 1470 litteras,
2630 1408 2952 1476 Scripturam
2980 1407 3435 1464 (liviiiamstudeat
3466 1413 3640 1477 legi-re
3660 1455 3673 1470 .

2104 1477 2191 1549 qui
2221 1491 2345 1549 vero
2374 1491 2474 1528 iioa
2510 1478 2648 1530 novit
2672 1518 2686 1541 ,
2714 1490 2915 1545 quierat
2944 1481 3044 1533 sibi
3071 1490 3124 1534 et
3162 1491 3309 1549 roget
3337 1483 3423 1549 qui
3475 1482 3545 1536 illi
3578 1485 3675 1536 de-

2108 1522 2225 1618 licat
2254 1547 2342 1598 Dei
2372 1556 2631 1615 princepla
2672 1522 2936 1615 i‘elleget'e.
2994 1560 3049 1602 ut
3097 1522 3251 1617 quod,
3293 1522 3477 1618 legerit
3509 1554 3679 1616 possit

2108 1615 2217 1687 Deo
2246 1617 2529 1680 adjiivante
2552 1618 2838 1683 complere.
2875 1619 3019 1672 Dicat
3046 1615 3203 1674 etiam
3233 1615 3369 1672 alius
3404 1639 3416 1674 :
3446 1615 3556 1687 Ego
3581 1638 3677 1675 att-

2105 1686 2207 1759 divi
2238 1687 2540 1759 episcopum
2578 1702 2752 1741 meum
2783 1689 3042 1741 dicentem
3069 1732 3083 1755 ,
3116 1690 3253 1758 quod
3282 1686 3546 1759 quomodo
3579 1709 3675 1744 ue-

2105 1758 2391 1823 gotiatores
2416 1758 2502 1824 qui
2529 1773 2629 1809 non
2676 1768 2933 1812 noverunt
2961 1759 3160 1812 litteras
3183 1801 3197 1824 ,
3242 1758 3541 1813 coiulueunt
3574 1763 3676 1814 sibi

2108 1827 2463 1897 mercenaries
2508 1827 2764 1880 litteratos
2813 1838 2870 1881 ut
2914 1830 3186 1897 acquirant
3233 1832 3540 1897 pecuniam;
3598 1833 3679 1884 sic

2104 1895 2389 1949 Christiani
2437 1896 2629 1950 debent
2676 1897 2772 1950 sibi
2806 1895 3072 1966 requirere
3098 1910 3151 1952 et
3178 1895 3393 1968 rogare.
3424 1911 3476 1953 et
3504 1903 3544 1953 si
3578 1919 3676 1953 ne-

2104 1980 2255 2019 cesse
2292 1974 2407 2026 est.
2458 1968 2614 2019 etiam
2663 1978 2715 2021 et
2762 1969 3061 2023 mercedem
3092 1970 3239 2032 dare,
3270 1980 3323 2022 ιιι
3354 1972 3457 2023 illis
3483 1970 3679 2025 debeat

2105 2035 2293 2109 aliquis
2323 2035 2646 2109 Scripturam
2700 2037 2928 2091 divinam
2987 2040 3252 2108 relegi-re;
3306 2050 3361 2093 ut
3402 2040 3675 2109 quomodo

2107 2106 2401 2185 negotiator
2429 2107 2533 2158 alio
2562 2107 2768 2175 legente
2794 2110 3019 2185 acquirit
3045 2106 3317 2185 pecuniam
3340 2151 3353 2173 ,
3384 2106 3459 2185 sic
3489 2111 3561 2185 illi
3595 2127 3679 2165 ac-

2105 2176 2313 2247 quiraut
2342 2176 2501 2247 vitam
2530 2186 2799 2230 aiternam.
2830 2178 2951 2231 llaec
2979 2180 3019 2232 si
3042 2182 3193 2247 agitis
3213 2220 3228 2245 ,
3258 2181 3300 2232 si
3329 2196 3421 2232 vos
3449 2182 3677 2234 invicem

2105 2245 2400 2300 admonetis
2420 2263 2434 2311 ;
2454 2257 2517 2317 et
2550 2248 2599 2300 in
2624 2248 2722 2301 hoc
2750 2248 2944 2301 sicculo
2970 2245 3192 2303 fideliter
3214 2252 3432 2317 potestis
3456 2251 3637 2302 vivere
3657 2292 3674 2314 ,

2105 2324 2159 2386 et
2190 2324 2368 2383 postea
2399 2316 2463 2369 ad
2509 2327 2720 2370 :cterine
2770 2319 2891 2370 vita:
2940 2319 3318 2373 beatitudinem
3375 2321 3674 2386 pervenire.

2105 2385 2233 2458 Nam
2266 2387 2307 2438 si
2338 2388 2512 2439 statim
2543 2388 2627 2440 ubi
2658 2387 2723 2441 de
2748 2389 2967 2458 ecclesia
3000 2390 3303 2451 recesseris,
3339 2385 3501 2442 totum
3529 2391 3675 2458 quod

2103 2455 2173 2509 ab
2194 2458 2442 2523 episcopo
2476 2458 2665 2510 audisti
2696 2458 2890 2511 oblitus
2920 2457 3099 2523 fueris,
3138 2460 3253 2512 sine
3280 2460 3450 2513 fructu
3483 2455 3673 2513 venisti

2104 2524 2168 2578 ad
2199 2527 2511 2588 ecclesiam,
2564 2528 2679 2580 sine
2721 2526 2894 2581 fructu
2940 2528 3301 2582 iuauis'redis
3352 2530 3417 2581 ad
3453 2530 3674 2583 domum

2106 2606 2266 2666 tuam.
2295 2595 2398 2650 Sed
2424 2597 2561 2649 absit
2590 2596 2692 2651 hoc
2720 2613 2746 2649 a
2772 2598 2919 2651 vobis
2938 2640 2952 2661 ,
2984 2598 3175 2652 fratres
3204 2617 3214 2650 :
3242 2601 3409 2666 magis
3440 2600 3491 2652 in
3521 2600 3674 2653 vobis

2104 2664 2383 2739 impleatur
2409 2666 2532 2739 illud
2575 2667 2727 2739 quod-
2754 2668 3005 2739 scriptum
3035 2678 3117 2721 est
3136 2709 3150 2731 ,
3194 2664 3349 2721 Beati
3375 2670 3458 2739 qui
3502 2680 3671 2722 custo-

2103 2734 2247 2804 diunt
2262 2736 2534 2804 judicium,
2568 2734 2613 2790 et
2643 2738 2835 2804 faciunt
2865 2734 3125 2803 'iustitiam
3171 2740 3223 2791 in
3273 2734 3407 2790 omni
3451 2750 3677 2804 tempore

2103 2803 2122 2874 (
2150 2803 2290 2858 Psal.
2313 2821 2403 2871 cv,
2436 2808 2528 2873 5);
2557 2820 2610 2861 et
2639 2803 2786 2869 illud,
2818 2806 3165 2861 Misericordia
3190 2820 3358 2861 autem
3387 2807 3590 2861 Domini
3639 2824 3672 2860 α

2101 2875 2284 2947 steculo
2306 2886 2351 2927 et
2375 2893 2527 2946 usque
2550 2877 2600 2929 in
2628 2878 2863 2931 swculum
2880 2895 3031 2944 super
3053 2880 3277 2931 timentes
3295 2895 3403 2931 eunt
3422 2896 3439 2933 :
3455 2892 3496 2930 et
3513 2880 3676 2947 justi-

2102 2946 2172 2997 tia
2191 2945 2301 3014 ejus
2322 2945 2472 3013 super
2491 2948 2621 3013 ﬁlios
2647 2947 2864 3013 ﬁliorum
2882 2949 3270 3003 custodientibus
3285 2945 3520 3000 mandatu
3538 2949 3672 3016 ejus,
3728 3014 3731 3015 ν

2098 3024 2148 3087 et
2168 3016 2406 3087 memoria
2427 3018 2745 3070 retinentibus
2768 3028 2820 3070 ut
2839 3019 3023 3087 faciant
3045 3034 3101 3069 ea
3119 3018 3285 3085 (Psal.
3302 3034 3393 3082 cn,
3414 3020 3473 3072 Π
3489 3030 3533 3070 et
3562 3019 3673 3084 18).

2101 3084 2180 3138 Ad
2206 3100 2363 3155 quam
2392 3101 2486 3140 vos
2513 3084 2926 3141 misericordiam
2954 3084 3203 3141 Domitios
3235 3104 3329 3155 pro
3350 3106 3441 3140 sua
3478 3090 3677 3153 υἱοὶ-ιω

2101 3153 2385 3228 perducat,
2417 3156 2504 3226 qui
2527 3157 2652 3211 vivit
2697 3166 2752 3211 et
2796 3166 2979 3228 regnat
3007 3157 3058 3212 iu
3097 3153 3285 3213 smcula
3339 3159 3676 3212 saculorum.

2101 3226 2290 3278 Anien.

2584 3297 2812 3354 SERMO
2839 3297 3030 3354 cccw
3070 3298 3170 3368 (η).

2428 3394 2494 3436 De
2520 3388 2850 3449 Misericordia,
2876 3396 2926 3439 et
2943 3390 3241 3451 Indulgentia
3263 3389 3352 3451 (ὑ).

2173 3468 2236 3539 1γί
2264 3467 2613 3522 Misericordia
2665 3471 2854 3523 lioniini
2905 3473 3291 3539 pernecessaria.
3359 3470 3507 3524 Hunc
3560 3474 3680 3523 aliis

2100 3538 2832 3612 exitibeudo‘pronieretur.iln
2862 3538 3034 3612 judice
3074 3543 3414 3594 nllSt’i‘lt‘Drllllt
3454 3552 3498 3593 et
3527 3543 3680 3593 disci-

2102 3608 2241 3675 plina
2263 3625 2321 3660 ne
2344 3609 2691 3662 dissocicntur.
2716 3608 3060 3664 Misericordia
3083 3614 3243 3678 primo
3269 3613 3320 3663 in
3342 3630 3392 3664 se
3408 3612 3677 3663 servanda.

2103 3679 2244 3731 Inter
2272 3678 2447 3732 omnia
2478 3680 2669 3748 quibus
2693 3682 2917 3734 humana
2949 3682 3145 3750 indiget
3174 3683 3458 3749 fragilitas.
3497 3682 3677 3733 mavi-

2102 3764 2187 3801 tne
2214 3750 2513 3803 neciissaria
2542 3760 2622 3804 est
2653 3752 3012 3804 misericiirdia
3036 3769 3048 3812 ;
3070 3751 3189 3821 quia
3221 3762 3415 3818 quanto
3442 3750 3681 3817 fragilior

2101 3827 2183 3870 est
2207 3826 2453 3887 corrupta
2478 3830 2685 3881 natura,
2719 3830 2861 3874 tanto
2884 3822 3082 3885 majore
3115 3822 3312 3885 indiget
3348 3822 3678 3887 proviileiitii

2104 3887 2365 3941 beneﬁcii.
2399 3890 2460 3955 Et
2493 3890 2645 3952 ideo,
2680 3890 2901 3954 fratres,
2935 3893 3053 3959 quia
3086 3892 3200 3943 sine
3234 3892 3331 3943 hac
3361 3894 3461 3943 vita
3496 3900 3679 3944 nostra

2104 3959 2394 4030 subsistere
2425 3976 2527 4012 non
2562 3969 2764 4027 potest,
2788 3961 3053 4014 discamus
3078 3962 3341 4030 quomodo
3373 3962 3423 4013 in
3456 3963 3680 4023 iiospri-

2104 4044 2246 4080 nium
2269 4028 2499 4081 divinam
2530 4045 2878 4098 provocemus
2903 4028 3234 4084 clementiam
3258 4073 3269 4094 ,
3303 4040 3357 4082 ut
3385 4031 3680 4085 Sci-mulum

2104 4098 2493 4151 multitudinem
2533 4101 2928 4153 miserationuin
2958 4116 3171 4154 suarum
3204 4113 3397 4153 nostra!
3441 4100 3675 4153 miserixe

2104 4168 2385 4240 subvenire
2405 4168 2680 4235 dignetur;
2705 4180 2964 4239 quatenus
2988 4172 3037 4223 iu
3065 4173 3343 4240 pricseutis
3373 4172 3491 4222 vita:
3518 4185 3681 4222 cursu

2105 4238 2334 4290 vitemus
2380 4248 2572 4292 nostra:
2602 4242 2784 4293 salutis
2814 4238 3087 4305 damnum,
3121 4252 3172 4293 et
3208 4242 3255 4291 in
3291 4241 3464 4293 futuro
3507 4241 3679 4291 inter-

2107 4309 2235 4361 itum
2270 4308 2529 4379 possimus
2559 4311 2783 4363 evadere
2812 4324 3140 4379 perpetuurn.
3171 4312 3246 4363 Ad
3280 4310 3377 4363 hoc
3404 4312 3544 4363 enim
3577 4311 3682 4361 ilii-

2106 4377 2419 4447 petraudum
2446 4420 2459 4443 ,
2490 4377 2841 4444 dilectissimi,
2890 4377 3025 4433 sicut
3050 4382 3201 4434 nobis
3232 4381 3504 4446 Scriptura
3532 4394 3683 4431 saera

2107 4448 2366 4512 ostendit,
2424 4450 2747 4517 ιιι-ιίιοίριιιιιιι
2788 4461 2864 4505 est
2922 4450 3301 4505 iiiisericorditc
3354 4451 3581 4509 bonum;
3616 4450 3687 4503 dc

2106 4535 2205 4584 qua
2241 4518 2353 4585 ipse
2402 4519 2644 4573 Salvator
2684 4522 2786 4584 ait,
2837 4521 2976 4573 Beati
3019 4520 3393 4581 misericordes,
3444 4520 3689 4584 quoniam

2106 4589 2203 4657 ipsi
2253 4589 2644 4642 misericordiam
2694 4600 3055 4660 consequentur
3106 4590 3317 4655 (.llattlt.
3377 4605 3430 4651 v,
3460 4590 3533 4658 7).
3567 4588 3686 4641 Non

2110 4666 2283 4726 potest
2333 4668 2576 4726 peccator
2628 4661 3043 4713 mist-riciirdiam
3097 4678 3124 4711 ιι
3178 4662 3285 4712 Deo
3311 4674 3559 4727 Sperare.
3591 4660 3686 4724 qui

2107 4729 2525 4781 misericordiam
2559 4747 2660 4782 non
2707 4731 2830 4783 facit
2863 4731 3202 4796 peccantibus
3232 4729 3282 4781 in
3311 4746 3387 4781 se.
3434 4730 3571 4796 Ergo
3602 4728 3687 4781 di-

2108 4800 2278 4853 mittat
2310 4798 2467 4851 lionio
2493 4802 2780 4866 temporale
2801 4801 3057 4861 debitum,
3083 4811 3135 4853 ut
3163 4809 3425 4853 mereatur
3445 4798 3691 4863 recipere

2108 4868 2359 4921 aiternale
2392 4870 2606 4922 bouum.
2642 4870 2694 4923 Si
2739 4871 2942 4923 animas
2982 4882 3187 4923 nostras
3228 4870 3469 4936 cupimus
3495 4883 3688 4936 pecca-

2111 4948 2283 4993 torum
2316 4939 2562 4993 sordibus
2588 4939 2882 5001 emundari.
2911 4940 3270 4993 misericordia
3296 4958 3324 4988 ιι
3356 4941 3405 4990 iii
3439 4954 3535 4991 nos
3557 4953 3689 5006 pec-

2109 5010 2348 5063 cantibus
2396 5026 2499 5063 iiun
2547 5025 2828 5075 negemus;
2887 5019 2942 5062 iit
2986 5011 3034 5061 in
3084 5011 3168 5063 die
3216 5009 3575 5062 retributionis
3620 5008 3690 5061 ad

2112 5078 2515 5148 promerendam
2552 5080 2639 5133 llci
2668 5080 3107 5144 misericordiam,
3151 5078 3527 5132 iiiis:-ricordiic
3553 5094 3690 5143 ope-

2112 5148 2256 5203 ribus
2287 5148 2616 5216 adjuveiuiir.
2650 5149 2925 5216 Quomodo
2953 5150 3369 5204 misericordiam
3393 5165 3419 5199 a
3462 5150 3567 5201 Ileo
3592 5164 3692 5201 ex-

2111 5229 2314 5287 Spectat
2340 5220 2417 5273 vel
2448 5230 2643 5287 sperat,
2672 5224 2757 5289 qui
2781 5220 3009 5273 crudelis
3026 5231 3105 5273 est
3132 5220 3182 5271 in
3207 5234 3494 5271 conservos
3522 5232 3648 5269 suos
3672 5218 3695 5267 ἲ

2111 5290 2164 5343 Si
2193 5290 2310 5357 quis
2336 5290 2512 5357 cupiat
2542 5290 2701 5344 Deum
2733 5291 2830 5343 sibi
2862 5291 3123 5349 misereri,
3173 5289 3243 5342 ita
3283 5298 3335 5343 et
3377 5291 3695 5340 misereatur

2111 5358 2441 5415 debitoribus
2470 5361 2601 5415 suis.
2627 5360 2937 5415 Certissime
2965 5360 3342 5429 indulgentiam
3373 5367 3694 5424 exspettare

2176 5493 2247 5556 (ᾳ)
2273 5492 2412 5552 Alias,
2427 5492 2490 5541 de
2507 5500 2742 5556 Tem;‘orc
2759 5493 2865 5543 203.

2177 5551 2248 5615 (ὺ)
2276 5562 2322 5602 ιιι
2342 5551 2777 5617 Appendice'nunc
2801 5556 3003 5612 tritnum
3035 5552 3309 5617 collocatur.
3343 5551 3543 5600 Dubium
3567 5551 3697 5599 inter

2117 5615 2480 5677 Augustiniaties
2514 5616 2813 5675 reliquemut
2848 5617 3194 5677 Levaaiensos:
3220 5615 3536 5677 observarunt
3554 5626 3579 5677 _|
3596 5623 3694 5677 ost-

2116 5674 2307 5727 modum
2331 5678 2410 5727 alii
2434 5691 2554 5737 comi
2572 5674 2745 5725 osituni
2772 5692 2878 5726 esse
2904 5693 2962 5725 ex
2991 5690 3061 5738 ea,
3082 5678 3147 5724 ite
3171 5676 3197 5724 7
3221 5684 3269 5725 ct
3285 5675 3313 5723 8
3330 5686 3492 5740 aperis
3518 5674 3701 5723 Alcuini

2119 5740 2181 5792 de
2208 5749 2226 5785 \
2243 5741 2465 5793 irtutibus
2486 5747 2534 5790 et
2561 5740 2703 5791 \i’.iis.
