2037 3093
237 145 308 173 2335

238 201 437 242 donis-fetibus
455 204 628 242 occupantur,
641 199 763 230 orationi,
791 197 1029 242 lectipiii,_jejtt:tiis

238 242 264 265 et
274 237 368 272 vigiliis
379 237 466 272 minus
479 234 599 272 insistunt
618 243 625 266 ;
639 242 749 272 necesse
762 239 802 260 est
817 239 844 260 ut
855 234 954 260 fructus
969 234 1029 259 illo—

240 269 318 303 rum',
340 271 475 307 quomodo
501 270 571 302 vitis,
587 270 698 307 interra
721 269 836 307 jaceaut,
850 273 878 307 _et
903 276 934 295 ex
958 273 1031 307 parte

238 307 325 346 aliqua
340 303 507 346 minuantur;
522 304 623 346 acnsibi
646 308 746 344 tantntu
771 303 955 346 sufficiantnet
966 303 1029 346 qibil

238 338 365 368 divitibus
389 341 541 376 largiantur.
558 340 654 376 Beatus
666 339 738 366 enim
764 338 901 376 apostolus
920 338 1028 376 Paulus,

239 376 301 403 dum
327 372 539 403 divitcs'mundi
564 374 642 409 hujus
663 382 710 408 pro
734 374 913 401 sustentandis
933 372 1029 400 Christi

241 410 586 445 panperibusradmoneret,
611 410 686 444 quasi
710 409 743 435 de
759 410 811 445 vite
826 409 982 445 loquebatur
995 409 1028 445 ad

240 443 409 480 arboreuuid
420 450 470 477 est,
485 453 531 480 pro
544 443 642 480 Christi
660 452 774 478 paupere
785 444 942 480 loquebatur
952 443 986 480 ad
995 443 1031 470 di-

239 480 342 506 vitem:
364 479 469 509 Vestra.
487 479 588 514 linquit,
615 479 769 506 abundantia
792 479 893 505 illorum
919 479 1030 510 inopiam

238 514 375 549 suppleat;
386 519 412 541 nt
423 520 445 541 ct
456 515 557 542 illorum
567 514 722 541 abundantia
732 519 819 540 vestra:
829 514 920 546 inapite
930 514 961 540 sit
969 522 1031 547 sup-

240 550 392 584 plementum
406 551 414 583 (
428 550 448 577 ll
462 550 519 577 Cor.
532 558 589 582 vm,
602 550 633 576 li
644 549 661 584 ).
678 550 761 582 Quam
776 557 831 576 rem
843 553 871 576 ut
881 556 973 576 outucs
988 549 1029 575 in-

241 584 371 619 telligant,
385 585 501 620 apertius
513 585 647 612 insinuare
661 584 798 611 debemus.

275 618 308 646 δῖ
323 618 505 646 Conniiert'ium
529 621 615 646 divites
628 620 692 646 inter
711 624 734 645 et
748 627 880 654 pauperes.
896 618 1030 645 Dumcstici

240 655 310 689 ﬁdei.
337 654 437 682 Divites
453 655 542 681 nmndi
566 654 701 682 abundant
723 654 748 681 in
773 654 822 681 hoc
837 654 935 681 sarculo
952 662 1030 687 pecu-

241 690 282 716 nia
298 698 305 722 ;
323 697 452 724 pauperes
466 690 564 717 Christi
579 691 603 717 iu
619 690 705 720 caalo,
719 689 770 715 vita
786 694 885 715 tulerim
901 698 907 715 :
920 694 1030 723 eroget

239 732 303 759 ergo
317 724 411 752 divites
427 725 452 751 in
465 724 562 751 mundo
577 725 725 759 pecuniam.
737 729 766 750 ut
781 724 909 758 recipiant
922 724 948 750 iu
962 724 1030 751 coelo

240 760 321 786 vitam
337 764 474 786 :cternam.
493 760 591 786 Divitcs
607 760 696 786 mnudi
712 759 884 790 frumentum,
901 759 990 785 viumn
1003 764 1028 786 et

239 795 328 821 oleutn
347 794 373 821 in
393 794 489 821 horreo
507 795 547 821 vel
575 795 600 821 in
614 795 721 821 cellario
743 794 850 828 copiose
873 799 1003 828 reponunt
1021 803 1028 825 ;

242 837 372 863 pauperes
387 829 483 857 Christi
503 830 614 860 orando,
634 830 730 863 vigilan
742 830 781 862 to,
794 829 940 863 jcjuuando
953 829 1031 863 spiri-

240 865 325 891 tuales
339 864 476 891 thesauros
490 865 514 891 in
526 865 594 891 emlo
610 865 757 891 l't'cutttlltttl.
774 873 779 890 :
795 864 891 890 faciant
902 871 965 898 ergo
979 864 1029 891 sibi

238 907 420 933 quosctnnque
435 906 526 926 servos
547 900 591 927 llei
611 900 706 926 di\ilrs
722 899 799 932 hujus
814 898 903 925 tnundi
926 899 959 925 de
978 903 1031 925 ter-

240 942 303 961 rena
323 934 447 961 facultate
469 935 630 969 participes;
646 939 672 960 ut
689 935 726 960 illi
747 941 793 961 eos
812 934 860 960 sibi
877 934 902 960 in
927 934 1029 961 cmles‘i

240 969 365 996 thesauro
375 969 639 996 faciantcoluercdcs.
655 970 752 996 Diviles
763 969 853 995 tnundi
865 969 953 1002 hujus,
965 969 1028 995 dum

238 1004 378 1038 aliquoties
392 1005 502 1030 nimium
515 1012 543 1031 se
557 1005 668 1031 terrenis
682 1004 784 1031 actibus
798 1004 930 1037 obligant,
947 1012 1027 1038 quau-

240 1044 295 1065 tutn
310 1039 369 1071 illos
386 1045 487 1073 oportet
515 1040 639 1073 vigilare,
657 1040 753 1073 legere.
773 1044 799 1066 et
814 1047 891 1065 orare
905 1039 945 1065 vel
961 1039 1029 1072 jeth-

240 1081 303 1100 uare
320 1082 371 1100 non
395 1077 528 1109 possuutt
545 1075 612 1101 unde
631 1074 776 1101 timendum
795 1078 835 1100 est
853 1081 885 1100 ue
899 1073 966 1101 forte
985 1079 1030 1101 aut

241 1116 288 1142 pro
309 1109 425 1143 peccatis
446 1110 532 1136 mimis
545 1109 674 1140 offerant,
698 1114 743 1135 aut
759 1117 809 1135 non
827 1113 927 1135 tantum
943 1116 1028 1143 quan-

240 1148 294 1169 tttm
306 1143 427 1178 expedit,
443 1146 467 1170 iu
481 1143 604 1171 thesauro
619 1145 720 1171 ctelesti
737 1148 865 1178 reponant
880 1143 888 1178 )
905 1151 912 1176 ;
929 1151 1030 1178 paupe-

239 1185 282 1205 res
294 1178 391 1205 Christi
407 1179 447 1205 his
465 1179 594 1206 fructibus
614 1179 667 1206 Deo
681 1179 779 1213 jugitt-r
792 1179 909 1205 vacando
928 1179 1029 1206 exube-

238 1218 297 1249 rant
312 1222 319 1240 :
332 1222 383 1240 nou
394 1221 459 1247 ergo
472 1214 525 1241 sint
536 1214 600 1249 pigri
611 1214 706 1241 divites
719 1214 751 1240 ad
764 1214 896 1248 eroganda
910 1218 1025 1245 terrena,

239 1247 261 1283 si
275 1249 385 1282 cupiunt
398 1249 495 1276 habere
508 1247 637 1277 cmlestia.
652 1249 772 1276 Christus
794 1247 864 1275 enim
879 1249 923 1283 qui
941 1250 1028 1275 omui-

239 1282 289 1310 bus
302 1283 453 1310 hominibus
472 1292 581 1312 munera
596 1292 643 1311 sua
660 1284 784 1318 largitur,
807 1284 832 1310 in
853 1284 908 1310 suis
929 1292 1027 1318 paupe-

238 1318 312 1354 ribus
323 1326 402 1353 egcrc
414 1324 441 1346 et
454 1320 556 1346 esurire
575 1323 601 1346 et
616 1320 704 1354 algere
722 1319 853 1353 dignatur.
867 1318 952 1346 Nemo
964 1327 1028 1353 ergo

237 1353 341 1389 dubitet
352 1354 416 1381 dare
430 1355 589 1389 pauperibus
604 1362 611 1385 ;
626 1353 686 1389 quia
705 1361 798 1380 manus
814 1354 936 1387 pauperis
951 1361 1029 1388 gazo-

239 1387 388 1424 phylacium
400 1387 442 1416 est
454 1387 551 1416 Christi
566 1398 572 1416 :
585 1387 656 1423 quod
671 1390 697 1416 in
712 1393 780 1415 terra
796 1389 891 1422 accipit
901 1409 908 1420 ,
922 1387 1029 1424 incocto

237 1423 352 1457 reponit.
375 1424 419 1451 Sic
439 1428 465 1450 et.
486 1425 541 1458 ipse
557 1424 683 1451 Dominus
703 1424 768 1450 dixit
784 1433 791 1450 τ
807 1423 916 1456 Quando
936 1423 1029 1458 fecistis

237 1459 334 1493 unica;
354 1459 464 1485 minimis
480 1460 534 1485 istis
547 1480 554 1490 ,
576 1460 636 1485 "ti/tl
647 1459 759 1493 [eeistis(
774 1458 866 1485 Matth.
884 1466 948 1489 xxv,
963 1458 1027 1493 40).

237 1492 383 1520 Audiamus
405 1494 560 1527 Apostolmn
576 1494 727 1525 dicentem,
744 1494 795 1526 Qui
815 1501 889 1527 parce
910 1493 1027 1526 seminat,

241 1535 316 1564 parce
326 1533 350 1554 et
361 1533 432 1564 metet
446 1528 455 1564 (
469 1529 487 1555 ll
504 1529 561 1556 Cur.
579 1536 615 1560 Ix,
631 1529 647 1556 6
661 1529 669 1562 )
687 1537 692 1554 :
708 1533 733 1555 et
747 1533 805 1561 post
818 1536 914 1562 pauca,
932 1527 1029 1562 Opera.

237 1563 297 1588 mini
310 1563 377 1597 quod
396 1564 488 1590 bonum
504 1570 539 1590 est
556 1564 590 1589 ml
603 1572 688 1590 omnes
699 1585 705 1594 ,
719 1564 827 1589 ιιιιιπ-ἱιιιο
845 1569 926 1589 autem
938 1563 972 1589 ad
983 1564 1029 1590 do-

238 1598 350 1624 mesticos
360 1598 420 1632 ﬁdei
431 1600 438 1630 (
448 1598 531 1625 Colat.
544 1607 579 1631 νι,
597 1599 628 1626 10
638 1600 658 1632 ).
670 1598 718 1631 Qui
729 1603 789 1624 stitit
801 1599 939 1625 domi-stici
956 1598 1027 1629 lidei.

236 1632 343 1665 fratres,
363 1634 412 1660 nisi
426 1634 525 1665 clerici,
542 1634 602 1660 boni
617 1634 749 1665 monachi,
765 1639 790 1659 et
808 1635 966 1667 quicumque
984 1634 1028 1660 alii

236 1668 306 1694 servi
323 1668 368 1695 Dei
391 1669 579 1701 impedimenta
600 1669 677 1702 hujus
699 1668 787 1694 mundi
810 1670 938 1703 fugientes
951 1689 958 1695 .
974 1668 1029 1695 Deo

237 1707 371 1735 vacantes,
389 1704 546 1730 lectionibus
557 1708 584 1730 et
594 1704 758 1730 orationibus
772 1704 922 1729 insisti-otes
938 1705 948 1728 1’
962 1704 1027 1731 0m-

238 1738 316 1774 nibns
329 1738 435 1772 quidem
453 1739 616 1772 petentibus,
631 1739 777 1765 secundum
790 1739 859 1772 quod
876 1746 1027 1774 possumus,

237 1772 352 1799 dandum
367 1779 407 1800 est
424 1774 528 1800 :scrvis
552 1780 640 1800 autem
662 1774 717 1803 Dei.
738 1773 783 1807 qui
807 1772 895 1807 petere
917 1781 931 1799 a
953 1773 1029 1800 nobis

236 1808 418 1843 erubescunt,
439 1809 542 1835 etiamsi
558 1817 609 1834 non
636 1809 760 1843 petierint
782 1808 953 1843 ingerendum
976 1814 1027 1836 est.

238 1841 274 1868 Ita
295 1850 358 1877 ergo
371 1850 449 1875 agere
471 1841 642 1876 Studeamus,
661 1844 756 1870 fratres
769 1841 917 1869 charissimi
932 1851 939 1875 ;
955 1849 982 1869 ut
994 1844 1028 1870 ab

236 1876 335 1903 auditu
350 1878 420 1904 malo
442 1879 528 1905 securi
551 1885 610 1905 esse
630 1879 770 1911 pOSsimus.
786 1877 835 1911 Qui
850 1879 900 1904 crit
922 1878 1028 1904 auditus

237 1911 323 1937 malos
335 1911 347 1937 ?
361 1911 485 1939 Discedite
501 1921 517 1939 α
533 1921 582 1945 me,
604 1913 740 1944 maledicti,
758 1913 783 1938 iu
797 1914 879 1946 ignem
895 1917 1026 1945 teteruum,

235 1946 279 1979 qui
289 1952 445 1980 prreparatus
456 1952 491 1973 est
503 1948 603 1974 diabolo
613 1952 636 1974 et
654 1947 749 1979 angelis
767 1948 821 1982 ejus
834 1955 843 1979 ;
854 1948 912 1980 quin
925 1948 1025 1976 esurivi.

236 1984 259 2006 et
264 1989 312 2007 nou
316 1982 421 2017 dedistis
428 1983 488 2009 tui/ti
496 1983 646 2009 mamlucare
654 1982 662 2017 (
669 1982 758 2009 Matth.
765 1990 777 2008 κ
784 1990 827 2014 xv,
836 1983 866 2009 il
874 2002 881 2015 ,
889 1982 943 2017 ιι).
955 1983 1029 2017 Rogo

238 2023 295 2052 vos,
311 2016 414 2048 fratres,
429 2018 509 2044 nolite
525 2018 575 2045 ltoc
591 2019 675 2045 otiose
690 2022 719 2044 et
736 2018 898 2052 negligenter
912 2016 1026 2045 audire:

235 2050 282 2077 sed
299 2052 359 2078 totis
374 2052 473 2079 viribus
494 2053 547 2079 Deo
567 2053 710 2080 auxiliante
734 2050 885 2080 eot’tteinlite
898 2073 905 2083 .
926 2058 955 2079 ut
978 2061 1028 2080 nee

235 2085 321 2123 aliena
345 2087 454 2120 rapiatis
469 2108 476 2119 ,
498 2092 525 2115 et
545 2087 579 2115 de
606 2088 719 2123 propriis
742 2087 839 2114 Christi
867 2088 1028 2121 pauperibus

235 2121 411 2149 abundantius
426 2123 540 2157 erogetis
561 2131 568 2154 ;
582 2121 663 2149 corde
676 2122 942 2157 compnnctojugitcr
957 2123 1029 2156 cogi-

236 2160 339 2192 tantes.
356 2162 383 2183 et
407 2158 602 2192 vobismetipsis
618 2158 729 2184 invicem
746 2157 939 2192 colloquentes,
957 2158 984 2185 Si
1000 2158 1026 2185 in

236 2190 323 2251 ifucm
338 2192 450 2219 mittitur
468 2193 511 2227 qui
526 2190 578 2220 non
594 2193 666 2219 dedit
680 2200 727 2219 sua
741 2200 748 2224 ;
765 2190 840 2226 putas
856 2193 899 2219 ubi
921 2193 1028 2220 mitten-

236 2233 285 2251 tns
299 2231 339 2251 est
360 2228 403 2251 nui
427 2228 486 2251 tulit
508 2228 591 2251 aliena
609 2228 621 2251 ‘?
644 2228 699 2251 Non
722 2235 786 2251 ergo
801 2227 832 2251 ad
849 2235 897 2251 nos
920 2233 1027 2251 uronter

235 2227 285 2252 dus
299 2231 339 2253 est
360 2228 403 2261 qui
427 2228 486 2254 tttlit
508 2228 591 2254 aliena
609 2228 621 2254 ?
643 2228 700 2254 Non
722 2235 786 2262 ergo
801 2227 832 2253 ad
849 2235 897 2254 nos
920 2233 1027 2262 propter

235 2261 371 2297 avaritiam
389 2262 430 2289 illa
449 2270 497 2288 vox
521 2263 655 2289 tremenda
679 2267 705 2289 ct
727 2261 852 2289 terribilis
875 2263 1003 2297 dirigatur
1017 2284 1025 2295 ,

236 2294 363 2332 Discedite
374 2305 389 2323 (ι
402 2306 450 2328 me,
467 2297 603 2329 maledicti,
618 2301 644 2326 in
657 2298 739 2332 ignem
752 2303 871 2323 retentum
887 2306 895 2324 :
910 2294 955 2324 sed
972 2294 1027 2324 tua;

233 2331 275 2364 gis
290 2336 395 2365 propter
410 2333 618 2367 eleemosyuam,
630 2331 701 2359 illam
715 2332 917 2360 desiderabilem
934 2340 1026 2360 vocent

234 2366 326 2393 audire
342 2375 500 2398 mereamur,
524 2366 618 2399 Venite,
631 2368 762 2399 benedicti,
787 2368 906 2401 percipite
920 2376 1026 2402 regnum

233 2402 301 2434 quod
314 2402 380 2428 vobis
396 2407 510 2436 paratum
522 2408 556 2429 est
569 2403 600 2429 ab
613 2403 709 2437 origine
724 2403 810 2429 mandi
826 2410 835 2428 :
848 2402 908 2436 quia
923 2403 1024 2435 esuriri,

233 2441 256 2461 et
271 2437 373 2463 dedistis
394 2438 455 2463 milii
469 2439 621 2464 nuniducare
634 2447 643 2469 ;
660 2438 734 2468 sitiri,
749 2442 770 2463 et
785 2437 887 2463 dedistis
910 2438 971 2463 uti/ti
984 2439 1023 2463 bi-

233 2470 289 2497 bere
302 2472 310 2504 (
321 2471 400 2504 Ibid.,
414 2473 447 2499 δι
463 2477 484 2498 et
501 2473 547 2506 55)
563 2482 569 2499 z
591 2481 693 2499 necnon
708 2479 731 2500 ct
748 2473 789 2499 illa
802 2473 884 2506 magis
896 2473 1023 2499 mittentis

235 2506 338 2542 Domini
363 2515 411 2533 vox
435 2507 468 2534 ad
490 2516 539 2534 nos
562 2507 675 2535 feliciter
692 2508 834 2542 dirigatur,
858 2507 937 2541 Euge,
957 2516 1026 2534 srrve

233 2541 295 2567 bone
308 2547 331 2568 et
346 2542 438 2575 ﬁdelis,
449 2543 515 2569 intra
528 2544 552 2569 in
565 2543 687 2577 gandiqu
701 2541 802 2569 Domini
813 2543 849 2568 tui
862 2541 953 2575 (Ibid.,
964 2542 1021 2576 '23),

233 2581 374 2609 praestante
395 2578 506 2605 liotniuo
521 2584 611 2605 ucstro
626 2578 689 2604 Jesu
712 2578 827 2609 Christo,
852 2578 893 2604 cui
919 2583 960 2605 cst
975 2578 1023 2604 lto-

232 2618 281 2637 uor
297 2616 324 2638 et
336 2612 419 2647 gloria
434 2613 458 2639 in
474 2614 569 2640 s:rcula
584 2614 752 2640 seculorum.
768 2614 863 2639 Amen.

463 2659 577 2686 SERMO
597 2658 717 2686 CCCVI"
745 2658 792 2693 (a).

231 2701 362 2727 Itdmonitio
374 2709 418 2735 per
428 2710 501 2735 quam
517 2704 677 2735 ostenduntur
690 2704 734 2728 tria
746 2709 839 2735 genera
848 2734 851 2735 ν
859 2701 1025 2734 eleemosyua—

277 2739 330 2757 rum
338 2750 346 2763 ,
357 2734 446 2765 quibus
458 2738 556 2765 peccata
567 2736 660 2766 absque
672 2734 755 2758 labore
767 2734 852 2758 redimi
867 2738 974 2764 possunt.

267 2774 291 2800 Ι.
314 2773 413 2802 Facilia
430 2775 495 2803 Deus
517 2776 625 2810 procidit
649 2781 805 2810 peccatorum
826 2775 945 2801 remedia.
962 2774 1038 2808 Ideo,

1036 2809 1041 2815 ‘
1075 2808 1220 2845 demum._5,
1233 2814 1308 2832 scrin.
1321 2807 1375 2838 270,
1388 2816 1411 2832 ιι.
1429 2809 1458 2839 '5;
1479 2809 1510 2833 de
1517 2816 1584 2834 uu'n.
1598 2810 1621 2838 6,
1639 2807 1717 2835 serut.’
1727 2807 1784 2840 276,:
1800 2818 1825 2835 ιι.
1838 2811 1874 2842 Ξ;

262 2841 296 2870 (ιι)
314 2845 337 2864 la
348 2841 491 2867 Bibliotheca
504 2846 597 2867 Patrum
610 2842 704 2866 homilia
717 2845 754 2866 est
763 2841 856 2865 Czrsarii
867 2847 938 2868 nom,
947 2840 963 2869 ii
972 2841 1022 2864 sine

231 2878 327 2897 nonnue
337 2873 361 2897 iu
371 2877 459 2898 nostra
469 2874 541 2899 etiam
556 2874 683 2904 maius'a'q
692 2873 722 2898 tis
734 2876 871 2905 pra-notata.
884 2875 916 2897 De
930 2877 961 2895 nu
973 2879 994 2895 ιι,
1010 2872 1015 2891 ι

963 139 1144 168 ΛΡΡΕΝυΙΧ.

1827 144 1883 171 :36

1086 203 1155 231 egent
1168 198 1225 226 alii.
1239 197 1429 234 aliiabundant.
1445 198 1478 225 Ut
1492 198 1517 224 lti
1530 199 1685 225 misericordi
1697 210 1712 231 ι,
1726 200 1762 226 illi
1788 202 1883 234 patien-

1087 234 1121 258 tiu
1132 238 1263 258 smumtttr.
1281 233 1341 259 l’ins
1351 238 1377 259 et
1388 234 1540 260 misericors
1556 234 1693 267 Dominus,
1711 235 1805 262 fratres
1819 238 1882 263 ctia-

1085 268 1145 294 risai
1158 267 1193 304 ui.
1209 268 1299 304 multis
1321 268 1407 295 modis
1426 269 1582 295 occasiones
1602 270 1641 296 vel
1666 271 1884 304 opportunitates

1087 303 1227 335 providere
1240 337 1243 339 Δ
1254 303 1386 339 dignatur,
1401 303 1497 338 quibus
1510 304 1642 338 possimus
1655 305 1714 331 sine
1731 306 1825 339 grandi
1842 307 1883 333 la-

1086 338 1149 365 bore
1174 345 1205 364 ac
1229 337 1384 365 difficultate
1407 337 1515 372 peccata
1537 343 1626 365 nostra
1650 337 1792 366 redimi-re.
1814 341 1882 369 Nam

1084 381 1150 407 quos
1163 372 1234 400 videt
1248 380 1295 407 pro
1308 375 1423 407 peccatis
1435 374 1491 400 suis
1512 374 1544 401 ad
1563 374 1737 408 jejuuaudnm
1753 376 1883 404 virtutem

1086 416 1136 434 non
1158 407 1266 439 habere,
1279 413 1305 434 et
1323 416 1336 434 a
1352 409 1476 435 earuibus
1498 410 1537 435 vel
1562 407 1576 435 a
1592 407 1655 435 'viuo
1668 411 1801 438 abstinere
1825 419 1882 438 non

1085 450 1171 479 posse,
1188 443 1302 470 vendere
1317 444 1396 470 etiam
1410 445 1585 471 substantiam
1601 452 1675 471 suam
1686 467 1692 474 .
1709 450 1736 472 et
1755 448 1882 479 pauperi-

1086 478 1134 515 bus
1150 486 1272 515 erogare.
1291 479 1439 513 Pauperum
1463 480 1577 515 inopiam
1594 480 1728 514 prm’idct,
1750 478 1776 508 et
1791 478 1881 508 abilli-

1084 513 1219 550 dantiores
1234 513 1332 550 frnctos
1345 514 1434 541 tribuit
1455 523 1461 540 :
1479 513 1583 541 utvdum
1596 513 1730 548 superflua
1746 524 1792 542 sua
1813 525 1881 550 pau-

1086 548 1191 582 perdius
1205 549 1361 582 largiuntur,
1381 555 1549 582 peccatorum
1573 550 1762 584 indulgentiam
1777 548 1878 579 conse-

1083 584 1291 620 qn-utturaQuid
1311 588 1363 610 tam
1388 585 1459 618 pium
1481 592 1513 611 ac
1532 585 1721 619 delegatum‘.
1738 587 1801 620 quid
1824 592 1879 614 tam

1085 618 1159 644 facile
1174 623 1201 645 et
1216 619 1241 645 in
1258 620 1507 653 promptu‘positum
1522 625 1608 653 polo-st
1621 628 1691 651 esse.
1705 618 1800 648 fratres
1813 622 1880 648 cita-

1084 654 1180 690 t'ir‘simi
1192 674 1200 685 ,
1218 661 1296 690 quam
1317 653 1351 680 de
1367 654 1416 680 hoc
1430 655 1500 688 quod
1519 655 1634 690 amplius
1651 663 1730 690 quam
1745 664 1812 690 opus
1836 662 1881 684 est

1085 688 1215 725 tibi‘l)eus
1228 688 1350 721 dignatus
1370 689 1449 725 fuerit
1473 689 1547 720 dare,
1565 688 1770 725 'elcemosynani
1789 692 1880 719 dando

1083 723 1192 750 studeas
1213 729 1318 757 peccata
1337 729 1379 750 tua
1395 724 1526 751 redimere
1539 727 1550 750 ‘!
1564 725 1620 752 Non
1638 723 1774 758 hoc-jubet
1790 727 1878 759 Deus,

1085 762 1113 784 nt
1131 765 1161 785 ea
1177 767 1235 792 qua:
1251 759 1296 786 tibi
1311 759 1352 785 vel
1369 760 1420 786 tuis
1440 761 1588 787 necessaria
1614 766 1676 787 sunt
1698 761 1797 788 debeas
1818 770 1880 789 ero-

1083 801 1145 826 gare
1160 801 1166 818 :
1180 794 1213 820 de
1228 794 1323 828 quibus
1334 795 1412 821 etiam
1425 796 1566 829 Apostolus
1579 796 1654 828 dicit,
1671 795 1729 823 Non
1740 801 1766 822 ut
1776 798 1838 823 aliis
1846 798 1879 823 sit

1083 829 1250 865 refrigerium,
1266 829 1332 855 vobis
1354 835 1435 856 autem
1448 830 1574 856 tribulatio
1598 831 1606 864 (
1622 831 1640 856 ll
1656 830 1714 857 Cor.
1731 840 1774 858 \‘lll
1787 853 1795 862 .
1812 833 1880 865 15).

1083 863 1220 896 Snperllua
1243 872 1294 891 non
1322 864 1366 890 ille
1383 865 1431 891 sibi
1457 865 1555 899 indiget
1576 866 1741 899 expendere,
1766 867 1814 894 sed
1832 863 1881 894 tibi

1083 899 1139 925 vult
1157 899 1188 935 ini
1201 905 1299 926 :cterna
1316 899 1477 926 beatitudine
1498 908 1667 927 consonare.
1683 901 1748 928 Nam
1764 906 1794 928 et.
1812 909 1881 935 pau-

1084 940 1160 967 peres
1184 934 1242 960 ideo
1259 942 1318 961 esse
1332 934 1430 971 voluit,
1448 940 1475 961 ut
1487 936 1589 971 divites
1604 936 1731 963 baberent
1743 934 1881 971 quomodo

1085 974 1190 1001 peccata
1216 976 1263 996 sua
1290 970 1460 996 redimerent.
1487 970 1574 997 Potuit
1597 971 1668 997 Cllltll
1691 970 1759 997 Deus
1782 979 1881 1000 omnes

1083 1003 1204 1030 homines
1226 1004 1321 1031 divites
1344 1004 1453 1036 facere;
1472 1006 1517 1031 sed
1537 1005 1663 1032 divitibus
1683 1006 1766 1033 voluit
1788 1007 1879 1034 locum

1084 1038 1272 1066 misericordim
1295 1040 1443 1073 providere.
1464 1040 1519 1067 Non
1545 1041 1615 1067 cuitu
1639 1049 1688 1074 pro
1710 1049 1759 1068 suo
1779 1043 1880 1069 merito

1084 1074 1158 1110 pauci
1182 1074 1276 1101 divites
1302 1075 1360 1108 plus
1384 1075 1510 1109 colligunt
1524 1083 1603 1110 quam
1620 1076 1670 1102 illis
1688 1083 1755 1110 opus
1773 1082 1815 1103 est
1831 1086 1838 1103 :
1852 1083 1881 1104 et

1083 1109 1158 1145 multi
1172 1116 1300 1143 pauperes
1314 1118 1366 1136 non
1380 1110 1506 1144 colligunt
1521 1118 1570 1137 uec
1586 1111 1654 1145 quod
1673 1109 1738 1145 ipsis
1751 1119 1880 1140 arcesa-

1083 1144 1150 1170 rium
1165 1148 1215 1171 est.
1235 1145 1289 1171 lloe
1302 1145 1393 1176 enim,
1409 1145 1476 1172 sicut
1497 1146 1547 1179 iam
1561 1146 1613 1172 dixi
1625 1166 1632 1178 ,
1650 1144 1747 1173 div-imo
1767 1147 1877 1174 miseri-

1082 1179 1180 1205 cordi:c
1201 1179 1341 1207 artificium
1363 1184 1426 1210 est;
1452 1185 1480 1206 ut
1502 1181 1563 1207 dum
1590 1188 1720 1215 pauperes
1745 1182 1879 1215 patienter

1082 1219 1226 1245 egestatem
1249 1215 1382 1246 tulerant,
1405 1214 1594 1247 indulgentiam
1615 1214 1782 1249 peccatorum
1804 1217 1878 1244 acci-

1083 1249 1163 1282 piant,
1179 1250 1302 1276 similiter
1319 1255 1346 1276 et
1359 1249 1453 1277 divites
1466 1250 1529 1277 dum
1547 1251 1679 1284 superflua
1695 1252 1878 1279 misericordi-

1083 1288 1122 1309 ter
1138 1289 1264 1320 erogant,
1276 1290 1302 1311 et
1315 1293 1328 1311 ιι
1344 1286 1458 1318 peccatis
1472 1293 1502 1313 se
1516 1286 1646 1313 redimunt
1657 1307 1664 1320 ,
1680 1291 1707 1314 et
1719 1287 1752 1313 ad
1768 1292 1876 1315 :eterua

1083 1319 1190 1352 prmmia
1208 1320 1370 1353 perveniant.

1117 1354 1144 1380 2.
1166 1354 1187 1380 Α
1203 1355 1339 1417 ειιρεᾌιιίε
1353 1356 1486 1390 erogandis
1502 1356 1629 1383 excusatio
1648 1357 1728 1383 nulla.
1747 1356 1803 1384 Nec
1819 1358 1879 1384 inde

1117 1389 1179 1415 ‘audi
1190 1390 1246 1417 lilii.
1288 1399 1328 1416 nm
1341 1395 1425 1417 nostra
1441 1399 1491 1417 non
1509 1392 1567 1417 sint.
1580 1391 1762 1417 Considerate.
1778 1393 1878 1417 fratres

1082 1388 1179 1415 ditandi
1190 1390 1246 1422 ﬁlii.
1266 1388 1328 1417 Cant
1341 1388 1425 1417 nostra
1441 1399 1491 1417 non
1509 1392 1567 1418 sint.
1580 1391 1762 1420 Considerate.
1778 1393 1878 1420 fratres

1081 1423 1239 1456 cbarissimi,
1251 1429 1278 1451 et
1288 1425 1374 1452 videte
1387 1426 1446 1460 quia
1462 1426 1532 1452 nttlla
1548 1427 1682 1453 excusatio
1696 1427 1771 1455 nobis
1785 1432 1878 1461 potest

1082 1466 1294 1497 reinanerc,_per
1305 1468 1383 1497 quam
1399 1461 1518 1497 dicamus
1536 1467 1642 1495 peccata
1655 1467 1742 1488 nosua
1760 1470 1814 1488 non
1830 1471 1880 1497 po-

1082 1493 1164 1520 tuisse
1179 1493 1327 1530 redimere.
1346 1495 1423 1522 Potes
1443 1493 1552 1524 forsitait
1572 1496 1661 1523 dicere
1679 1497 1748 1530 tptnd
1763 1493 1876 1525 carnem

1083 1533 1153 1566 lnam
1174 1529 1280 1566 jejuuiis
1294 1538 1325 1557 ac
1345 1531 1440 1564 vigiliis
1463 1539 1514 1557 non
1539 1532 1625 1564 possis
1637 1529 1764 1566 affligere,
1785 1540 1800 1559 a
1816 1534 1879 1560 vino

1083 1564 1124 1602 vel
1142 1572 1156 1589 a
1172 1565 1296 1602 carnibus
1310 1573 1362 1592 non
1378 1566 1466 1602 valeas
1479 1566 1613 1593 abstinere
1630 1575 1636 1593 :
1653 1564 1779 1602 nutitquid
1802 1573 1878 1601 potes

1082 1599 1267 1637 dicerequod
1293 1609 1323 1627 ea
1341 1608 1401 1635 qu:e
1416 1601 1470 1637 tibi
1497 1602 1611 1636 amplius
1633 1610 1710 1636 quam
1727 1599 1807 1637 'opus'
1819 1610 1879 1630 erat

1083 1633 1152 1660 Deus
1169 1634 1261 1671 dedit,
1283 1644 1334 1662 nou
1350 1633 1436 1669 possis
1449 1644 1497 1670 pro
1516 1633 1630 1670 peccatis
1642 1633 1703 1664 'Iuis
1717 1633 1878 1671 pauperibus

1081 1676 1159 1706 eroga
1165 1677 1193 1706 re
1206 1670 1217 1696 ?
1229 1670 1282 1697 Sed
1294 1675 1320 1697 tu
1336 1671 1402 1697 forte
1411 1672 1557 1704 respondes
1569 1677 1597 1699 et
1607 1672 1674 1698 dicis
1687 1681 1693 1699 :
1710 1673 1749 1699 Ex
1762 1670 1794 1699 co
1804 1674 1878 1706 quod

1082 1705 1145 1741 mihi
1161 1705 1231 1741 Deus
1247 1706 1360 1738 amplius
1372 1705 1476 1732 dederit
1490 1714 1568 1740 quam
1587 1714 1655 1741 opus
1664 1713 1704 1734 est
1714 1728 1722 1740 ,
1739 1708 1799 1734 volo
1814 1705 1877 1735 tiliis

1082 1739 1122 1776 vel
1135 1740 1243 1776 rtiliabus
1265 1740 1331 1767 meis
1350 1739 1619 1775 argentum’emerev,
1642 1747 1799 1769 ornamenta
1815 1751 1878 1776 pre-

1082 1775 1222 1801 tiosissima
1235 1782 1400 1809 comparare.
1412 1776 1459 1802 Cui
1474 1784 1523 1810 ego
1534 1777 1683 1810 respondeo
1694 1786 1700 1803 :
1713 1775 1877 1806 Urnameuta

1081 1809 1186 1843 quidem
1202 1811 1269 1837 emis
1281 1831 1288 1842 ,
1306 1811 1352 1837 sed
1372 1816 1477 1845 peccata
1493 1809 1544 1838 non
1560 1809 1679 1839 redimis.
1697 1813 1728 1839 Et
1742 1814 1803 1845 quia
1820 1822 1874 1841 non

1081 1845 1166 1871 soltttll
1182 1845 1293 1872 dicione
1315 1853 1366 1883 non
1388 1851 1449 1883 _st_tut
1468 1852 1575 1883 nostra},
1589 1847 1636 1874 sed
1652 1847 1777 1874 Ecclesia:
1789 1848 1877 1883 depu-

1082 1884 1142 1917 tabo
1157 1888 1163 1911 ;
1185 1887 1274 1917 verum
1286 1881 1412 1915 quidquid
1428 1882 1540 1915 amplius
1553 1890 1631 1916 quam
1650 1883 1725 1909 nobis
1745 1891 1814 1917 opus
1826 1881 1875 1911 est

1081 1922 1094 1940 ιι
1115 1916 1168 1952 Deo
1181 1916 1340 1952 accipimus.
1362 1917 1521 1950 pauperibus
1542 1924 1653 1952 erogare
1672 1916 1803 1945 debemus
1826 1928 1833 1946 :
1854 1920 1879 1946 si

1080 1950 1150 1984 quod
1171 1951 1209 1977 eis
1222 1951 1375 1985 deputatum
1397 1955 1447 1981 est.
1464 1952 1561 1979 nostris
1575 1950 1761 1986 cupiditatibus
1775 1954 1817 1980 vel
1832 1963 1880 1980 νειμ

1082 1986 1209 2012 uitalibus
1238 1993 1418 2022 reservamus,
1438 1988 1530 2020 quanti
1552 1995 1681 2022 pauperes
1700 1988 1726 2014 in
1748 1988 1815 2016 locis
1831 1990 1877 2016 ubi

1082 2028 1130 2047 nos
1145 2028 1251 2050 sumus.
1269 2021 1337 2047 fame
1352 2021 1391 2048 vel
1413 2022 1531 2048 nuditate
1547 2021 1642 2048 mortui
1659 2022 1756 2050 fuerint
1767 2044 1774 2053 ,
1791 2032 1876 2051 nove-

1081 2057 1172 2094 rimus
1185 2064 1232 2094 ιιος
1247 2057 1374 2083 rationem
1391 2056 1424 2083 dc
1436 2057 1575 2084 animabus
1593 2057 1697 2084 illorum
1711 2058 1736 2084 in
1750 2058 1793 2086 die
1805 2059 1880 2094 judi-

1080 2091 1113 2118 cii
1127 2091 1288 2118 reddituros.

1116 2126 1140 2153 5.
1157 2126 1423 2163 Elcetttrgyuaaltern,
1440 2127 1548 2154 inimicis
1559 2127 1697 2163 indulgere.
1715 2127 1775 2155 "(re
1788 2131 1875 2156 omni-

1080 2161 1126 2198 bus
1143 2162 1233 2196 [uri/is.
1251 2161 1297 2188 Est
1320 2162 1406 2198 adhuc
1423 2162 1493 2188 aliut
1513 2170 1596 2196 genus
1623 2161 1874 2198 elecmosynarnm,

1080 2196 1113 2232 de
1126 2204 1179 2230 quo
1193 2204 1333 2230 possumus
1351 2197 1408 2222 sine
1422 2197 1473 2223 ulla
1497 2198 1588 2224 labore
1604 2203 1709 2232 peccata
1729 2196 1820 2225 nostra
1835 2196 1880 2227 re-

1080 2231 1189 2258 dimcre.
1204 2232 1230 2258 Si
1245 2232 1315 2257 enim
1329 2232 1363 2258 ita
1379 2232 1414 2258 sit
1426 2240 1525 2265 pauper
1538 2253 1544 2264 ,
1558 2238 1585 2259 ut
1599 2231 1648 2260 nec
1658 2241 1751 2259 aurum
1767 2234 1878 2267 habeat,

1080 2274 1129 2293 nec
1151 2268 1312 2293 frumentum
1324 2288 1331 2298 ,
1352 2267 1501 2293 necviuum
1517 2268 1558 2295 vel
1571 2268 1669 2297 oleum,
1687 2269 1757 2295 unde
1777 2278 1879 2302 corpu-

1079 2301 1160 2328 ralent
1183 2302 1379 2336 clermosyuam
1405 2302 1483 2329 faciat
1498 2311 1504 2333 ς
1526 2303 1586 2336 quia
1601 2311 1652 2330 non
1666 2308 1754 2337 potest
1775 2301 1834 2330 fieri
1850 2309 1880 2332 ut

1078 2337 1112 2362 ab
1131 2337 1261 2370 aliquibus
1277 2337 1427 2363 hominibus
1444 2346 1495 2363 non
1520 2338 1634 2371 patiatur
1657 2338 1779 2371 injuriam
1793 2360 1799 2368 ,
1821 2345 1880 2365 toto

1078 2371 1158 2397 corde
1185 2372 1308 2397 omnibus
1334 2371 1447 2398 inimicis
1469 2373 1523 2399 suis
1547 2373 1697 2406 indulgeat,
1722 2377 1750 2400 et
1773 2375 1878 2401 ιιιιΙΙιιιιι

1080 2411 1215 2440 peccatum
1230 2411 1365 2433 remaneat
1378 2407 1448 2441 quod
1464 2408 1522 2441 ejus
1536 2408 1726 2435 conscientiam
1741 2409 1876 2441 mordeat,

1078 2447 1104 2467 et
1126 2448 1235 2468 securus
1251 2442 1276 2468 in
1290 2442 1410 2468 oratione
1424 2443 1554 2469 dominica
1569 2443 1658 2475 dicat,
1681 2443 1784 2470 Dimitte
1803 2446 1877 2471 nobis

1078 2476 1160 2502 debita
1178 2481 1280 2509 nostra,
1301 2477 1364 2503 sicut
1379 2481 1401 2503 et
1416 2486 1462 2504 nos
1481 2478 1631 2505 dimittimus
1654 2478 1807 2505 debitoribus
1827 2489 1877 2505 no-

1077 2512 1136 2548 stris
1159 2512 1167 2546 (
1181 2511 1272 2548 Manli.
1291 2520 1327 2544 vt,
1343 2511 1393 2548 12)
1411 2521 1417 2539 :
1431 2517 1458 2538 et
1473 2513 1625 2546 implebilur
1641 2514 1665 2540 in
1679 2522 1711 2540 eo
1725 2513 1787 2540 illud
1803 2514 1878 2548 qum]

1076 2545 1197 2583 Christus
1208 2547 1232 2572 in
1246 2545 1388 2581 Evangelia
1402 2545 1555 2581 promitti-re
1566 2548 1691 2583 dignatus
1704 2554 1755 2580 est,
1769 2545 1875 2580 dicens,

1078 2581 1108 2617 Si
1126 2582 1270 2608 dimiseritis
1286 2582 1428 2609 hominibus
1447 2587 1548 2617 peccatu
1564 2581 1665 2615 eorum,
1685 2584 1792 2611 dimittet
1805 2586 1876 2611 vobis

1078 2615 1156 2652 Pater
1173 2617 1277 2643 cwlestis
1300 2622 1402 2651 peccata
1422 2615 1502 2644 vestra
1524 2618 1533 2651 (
1548 2618 1627 2649 lbid.,
1644 2619 1696 2652 H)
1714 2627 1722 2651 ;
1746 2624 1774 2646 et
1788 2620 1853 2646 illud
1865 2641 1874 2651 .,

1079 2651 1160 2684 Date,
1177 2657 1200 2678 et
1217 2652 1316 2679 dabitur
1336 2651 1403 2679 vobis
1415 2672 1422 2684 ,
1443 2653 1575 2686 dimittite,
1595 2659 1618 2680 et
1643 2654 1783 2680 dimittetur
1804 2655 1875 2681 vobis

1078 2714 1132 2739 vide
1154 2715 1296 2762 Appeudieis
1309 2721 1385 2740 scrin.
1405 2715 1460 2745 εει.
1481 2723 1506 2740 n.
1527 2717 1552 2746 t;
1569 2717 1623 2744 m3,
1636 2725 1660 2741 ιι.
1674 2719 1703 2742 2:
1714 2718 1746 2743 de
1758 2724 1825 2743 num.
1837 2718 1854 2743 2
1864 2739 1872 2749 ,

1078 2752 1140 2762 εμπ-ιιι
1172 2745 1216 2762 '3‘:
1246 2753 1260 2762 η
1293 2746 1371 2762 Ἇ-ωτι
1395 2754 1408 2762 ιι
1431 2748 1454 2762 2:.
1468 2747 1513 2762 οτιῖ
1536 2755 1550 2762 .-
1573 2747 1649 2762 ι.οττ
1673 2757 1686 2762 ..
1708 2749 1740 2762 τ.
1754 2750 1786 2762 ,ιη

1075 2752 1148 2770 Serm.
1172 2745 1224 2773 223,
1246 2753 1269 2770 ιι.
1292 2747 1316 2774 5;
1329 2746 1384 2775 ‘2'“,
1395 2754 1417 2771 ιι.
1430 2748 1454 2776 5;
1468 2747 1522 2777 276,
1536 2745 1559 2772 ιι.
1569 2747 1592 2777 ις
1605 2748 1659 2777 277,
1673 2757 1695 2772 ιι.
1707 2749 1740 2772 5;
1754 2750 1786 2773 de
1803 2745 1873 2774 num;

1075 2778 1099 2805 5,
1112 2783 1186 2801 serm.
1198 2777 1251 2809 27l,
1265 2784 1288 2801 ιι.
1302 2777 1372 2809 Sido
1392 2784 1458 2802 num.
1471 2778 1495 2807 ι.
1507 2785 1582 2803 serui.
1604 2780 1643 2806 78.
1658 2787 1680 2803 ιι.
1691 2780 1719 2808 ὓς
1732 2780 1786 2809 503,
1799 2787 1824 2804 ιι.
1839 2781 1872 2806 5:

1077 2839 1131 2864 ΞΠ.
1145 2847 1168 2863 ιι.
1182 2839 1204 2862 5.

1112 2872 1117 2885 ¹
1133 2874 1211 2900 forte,
1222 2868 1358 2894 delicatum.
