4074 6186
406 217 543 272 περ

401 341 616 404 pmpter
631 332 764 404 idola
787 329 1597 404 persequebanturChristianos,
1609 341 1822 399 propter
1833 331 1979 404 Chri-

393 401 538 456 stum
563 403 700 456 idola
721 401 979 465 delerent,
1005 412 1056 454 et
1073 401 1446 470 subjugaretnr
1457 401 1630 454 omnis
1647 411 1880 470 potestas
1895 403 1979 470 ju-

399 487 464 542 σο
487 473 716 536 Christi;
753 483 808 525 ut
833 468 1302 542 implereturquod
1329 470 1526 542 dictum
1558 468 1671 542 est;
1693 469 1839 525 Ultus
1867 468 1977 523 sum

399 539 448 594 in
475 559 558 595 eos
597 542 762 609 (Psal.
797 539 956 606 cxvtt,
991 541 1098 604 10).
1127 539 1370 609 ριιίόῂθςῐ
1410 541 1568 600 enim,
1607 539 1754 593 Ultus
1791 557 1898 592 sum
1927 545 1978 594 in

399 613 524 664 eos?
555 607 824 664 Vindicavi
873 627 956 664 me
982 611 1048 663 de.
1079 611 1224 674 ipsis.
1251 607 1457 676 Corpus
1485 610 1678 662 Christi
1709 609 1937 676 loquitur
1961 651 1974 674 ,

402 681 670 735 Vindicavi
695 697 778 734 me
807 681 872 733 de
911 681 1136 733 inimicis
1166 681 1316 732 meis.
1349 677 1626 744 Quomodo
1655 694 1714 732 se
1739 679 1978 732 vindica-

397 751 514 804 vit?
560 751 862 804 Occidendo
906 751 958 802 in
1007 751 1084 803 eis
1125 764 1402 812 errorem,
1446 749 1750 804 suscitando
1797 748 1974 803 tidem.

396 820 660 888 Quidquid
679 822 820 872 enim
846 829 980 884 erat,
1009 819 1145 884 quod
1175 821 1224 871 in
1247 818 1490 888 omnibus
1512 821 1663 872 malis
1685 827 1737 872 et
1763 834 1977 887 perver-

395 891 469 942 sis
522 887 936 958 persequebatur
972 889 1334 952 Christianos,
1381 887 1611 942 deletum
1665 897 1764 942 est.
1807 889 1976 942 Ilomo

393 960 534 1012 enim
557 959 766 1028 quando
793 969 844 1012 te
871 960 1222 1026 persequitur,
1251 960 1352 1011 noli
1380 958 1652 1012 attendere
1680 959 1822 1011 illam
1847 958 1976 1026 ligu-

393 1043 506 1082 ram
535 1045 692 1096 quam
725 1029 844 1083 fecit
873 1029 1030 1092 Deus,
1064 1037 1154 1081 aut
1188 1029 1416 1082 animam
1445 1029 1588 1080 illam
1617 1042 1773 1096 quam
1801 1029 1974 1096 spira-

394 1098 466 1148 vit
499 1099 638 1152 Dens
667 1117 680 1151 :
711 1113 814 1150 non
857 1107 907 1151 te
950 1098 1281 1166 persequitur
1309 1098 1448 1164 quod
1503 1096 1628 1150 fecit
1671 1097 1809 1151 Dens
1833 1139 1848 1164 ,
1881 1098 1974 1151 sed

393 1169 590 1220 malitia
619 1182 774 1235 quam
805 1166 928 1224 fecit
957 1168 1133 1220 homo.
1167 1166 1354 1221 Omnia
1384 1182 1500 1234 qnze
1522 1167 1646 1220 fecit
1677 1169 1834 1226 Deus,
1861 1169 1974 1220 lau-

393 1236 521 1288 dant
554 1239 738 1290 Deum.
771 1236 1006 1290 Audistis
1033 1238 1084 1288 in
1117 1237 1592 1302 benedictionibus,
1619 1245 1672 1290 et
1700 1237 1891 1290 auditis
1923 1239 1972 1290 in

393 1307 536 1360 omni
583 1307 918 1358 solemnitate
958 1307 1169 1374 quando
1199 1307 1459 1374 leguntur,
1499 1307 1767 1373 quomodo
1793 1309 1972 1360 omnia

395 1374 610 1428 laudant
638 1376 800 1429 Deum
825 1416 839 1440 ,
873 1376 1108 1428 caelestia
1139 1385 1192 1428 et
1217 1377 1480 1428 terrestria
1508 1416 1523 1436 ,
1557 1377 1764 1444 Angeli,
1801 1377 1972 1430 homi-

395 1459 508 1506 nes,
541 1445 816 1498 loininaria
841 1445 958 1499 (ταξιί
982 1487 995 1502 ,
1028 1446 1243 1498 arbores
1273 1454 1424 1498 terra!
1445 1486 1459 1510 ,
1495 1444 1738 1506 numina,
1768 1447 1930 1498 maria
1956 1464 1968 1510 ;

391 1515 642 1582 quidquid
675 1517 811 1568 Deus
831 1515 1048 1576 creavit,
1073 1515 1184 1567 sive
1210 1516 1260 1566 in
1284 1515 1441 1572 coelo.
1467 1516 1576 1568 sive
1599 1515 1648 1568 in
1673 1524 1834 1580 terra,
1861 1516 1972 1570 sive

394 1583 446 1636 in
475 1585 626 1645 mari,
661 1584 873 1636 laudant
901 1584 1086 1636 Deum.
1115 1583 1375 1649 Numquid
1403 1583 1684 1652 aliquando
1718 1585 1786 1636 ibi
1817 1585 1969 1638 audi-

392 1655 488 1707 stis
531 1654 648 1720 quia
681 1652 859 1705 laudat
897 1654 1058 1706 Deum
1103 1653 1361 1706 avaritia?
1389 1653 1650 1718 Numquid
1690 1655 1972 1721 aliquando

393 1723 463 1776 ibi
507 1723 726 1776 audistis
765 1723 886 1791 quia
936 1723 1115 1776 laudat
1148 1723 1310 1776 Deum
1357 1723 1678 1776 ebriositas?
1704 1723 1970 1790 Numquid

394 1792 462 1845 ibi
514 1792 798 1858 aliquando
843 1792 1066 1846 audistis
1113 1793 1234 1860 quia
1285 1792 1461 1846 laudat
1511 1793 1671 1844 Deum
1725 1793 1972 1845 luxuria?

393 1860 658 1929 Numquid
671 1861 952 1930 aliquando
975 1863 1196 1916 audistis
1211 1863 1328 1929 quia
1349 1861 1526 1915 laudat
1539 1861 1702 1914 Deum
1717 1862 1969 1916 hmresis?

392 1931 576 1986 Omnia
609 1932 708 1984 ista
737 1947 901 2000 quare
931 1947 1034 1984 non
1069 1931 1284 1985 laudant
1323 1932 1530 1985 Deum?
1558 1932 1690 1999 Quia
1717 1947 1820 1986 non
1848 1941 1972 1985 sunt

393 2009 568 2056 creata
595 2017 624 2055 a
653 2002 780 2055 Deo.
821 2002 888 2054 Et
913 2002 1070 2054 arbor
1097 2003 1326 2055 servavit
1355 2001 1492 2069 quod
1521 2011 1696 2055 creata
1727 2011 1835 2064 est;
1870 2002 1968 2053 ho-

393 2085 480 2124 mo
504 2071 700 2124 delevit
721 2070 858 2139 quod
890 2079 1099 2124 erectus
1127 2074 1141 2102 ¹
1173 2081 1271 2124 est.
1301 2070 1357 2125 Si
1385 2072 1527 2124 enim
1558 2081 1794 2125 servaret
1829 2073 1882 2124 in
1912 2085 1969 2124 se

391 2139 588 2194 bonum
634 2139 852 2208 quodin
903 2140 990 2193 illo
1015 2143 1214 2194 ereavit
1266 2142 1424 2205 Deus,
1475 2139 1526 2194 id
1555 2149 1654 2200 est.
1687 2141 1968 2208 imaginem

390 2222 538 2262 suam
559 2253 572 2274 ,
605 2224 816 2276 semper
840 2209 1072 2262 laudaret
1102 2211 1286 2273 Deum,
1320 2225 1424 2264 non
1451 2209 1622 2263 solum
1655 2210 1850 2278 lingua,
1876 2211 1967 2262 sed

390 2287 445 2332 et
471 2280 599 2332 vita.
643 2279 784 2346 Ergo
828 2278 1076 2347 praedicta
1115 2290 1240 2334 sunt
1267 2289 1318 2334 et
1358 2289 1592 2346 tempora
1623 2291 1801 2332 nostra
1833 2298 1846 2333 :
1875 2279 1968 2332 sed

391 2349 442 2401 in
471 2349 796 2416 temporibus
825 2349 1018 2401 nostris
1047 2350 1292 2415 praedicta
1315 2359 1436 2402 sunt
1461 2349 1632 2400 futura
1659 2349 1962 2402 schismata.

388 2418 666 2484 Quomodo
683 2432 807 2483 ergo
831 2421 1078 2486 pugnavit
1103 2419 1186 2472 illa
1219 2419 1450 2473 Ecclesia
1473 2426 1654 2472 contra
1675 2419 1965 2484 diabolum,

387 2487 466 2541 sic
488 2497 540 2541 et
563 2489 660 2542 ista
690 2495 903 2556 pugnat.

458 2557 512 2609 Ξ.
554 2557 796 2610 Diabolus
833 2556 1109 2611 Ecclesium
1148 2559 1309 2626 prium
1337 2558 1586 2626 infestavit
1613 2565 1664 2609 ut
1692 2559 1767 2612 leo
1787 2601 1802 2623 ,
1832 2577 1964 2614 nunc

389 2636 442 2679 ut
472 2625 643 2680 draco.
676 2627 938 2691 Quomodo
972 2625 1218 2680 vincatur.
1251 2625 1429 2680 Mortis
1463 2628 1650 2681 Christi
1682 2631 1968 2684 necessitas.

389 2695 520 2749 Eam
553 2697 722 2749 volens
755 2697 924 2749 subiit.
954 2696 1217 2765 Numquid
1257 2705 1496 2766 cessatur
1526 2711 1756 2766 pugnare
1780 2697 1969 2752 adver-

388 2780 482 2820 sus
505 2766 808 2819 diabolum?
844 2767 948 2820 Sed
979 2767 1149 2820 dictus
1189 2767 1428 2819 diabolus
1454 2765 1540 2819 leo
1569 2765 1620 2818 et
1657 2767 1852 2832 draco;
1881 2770 1966 2825 leo

389 2845 606 2904 propter
627 2836 878 2902 impetum
902 2877 915 2900 ,
941 2837 1102 2890 draco
1139 2845 1352 2904 propter
1383 2835 1596 2888 insidias
1628 2853 1642 2889 :
1673 2837 1756 2890 leo
1783 2847 1967 2904 aperte

389 2905 649 2966 irascitur,
675 2905 839 2960 draco
868 2906 1072 2960 occulte
1112 2906 1406 2958 insidiatur.
1441 2905 1696 2972 Pugnavit
1729 2906 1966 2962 Ecclesia

389 2974 654 3048 prioribus
683 2975 1290 3048 tetnpnribns_ad_versus
1317 2975 1557 3048 leonem;
1587 2984 1782 3048 pugnat
1808 2977 1965 3048 modo

385 3043 642 3101 adversus
667 3044 972 3097 draconem.
1003 3043 1105 3096 Sed
1129 3043 1395 3110 quomodo
1419 3043 1599 3098 victus
1615 3053 1695 3098 est
1723 3045 1826 3110 leo,
1851 3047 1968 3100 vin-

385 3116 522 3169 citur
547 3123 601 3168 et
629 3113 808 3167 draco.
839 3113 966 3180 Qua:
991 3113 1240 3166 fortitudo
1269 3113 1436 3166 leonis
1469 3123 1651 3167 contra
1679 3115 1825 3167 illum
1849 3116 1962 3170 leo-

387 3201 530 3247 nem,
562 3184 631 3237 de
659 3197 765 3251 quo
809 3184 1075 3252 scriptum,
1107 3193 1222 3246 est,
1261 3181 1390 3252 Vicit
1431 3182 1532 3235 Leo
1561 3184 1622 3234 de
1663 3183 1792 3235 tribu
1826 3183 1967 3240 Iuda

386 3254 569 3322 (Apoc.
601 3270 653 3314 v,
686 3253 783 3320 5i)?
813 3255 874 3306 Et
912 3251 1027 3318 qua:
1058 3251 1309 3306 fortitudo
1335 3252 1582 3322 draconis
1608 3261 1788 3305 contra
1818 3269 1964 3308 mor-

389 3320 491 3375 tem
517 3324 744 3386 Domini,
767 3327 853 3390 qui
872 3331 1170 3389 serpentem
1187 3320 1463 3390 suspendit
1485 3321 1536 3374 in
1556 3322 1735 3390 ligno?
1755 3321 1965 3377 Trium-

387 3391 564 3460 pbavit
592 3393 732 3446 enim
766 3391 832 3445 de
864 3403 1064 3454 morte,
1095 3407 1250 3460 quam
1292 3391 1534 3444 diabolus
1561 3391 1771 3460 homini
1789 3395 1968 3460 prepi.

389 3459 612 3514 naverat
655 3476 748 3532 per
791 3463 1010 3532 astutias
1059 3459 1201 3514 suas.
1239 3461 1302 3513 Et
1332 3475 1450 3532 cum
1478 3461 1734 3532 exaltaret
1758 3459 1965 3532 Moyses

386 3540 682 3598 serpentem
707 3531 757 3582 in
783 3546 962 3584 eremo
991 3531 1040 3583 in
1069 3532 1227 3598 ligno,
1264 3531 1484 3599 populus
1511 3531 1598 3598 qui
1623 3529 1964 3598 mordebatur

387 3615 416 3652 a
447 3608 726 3668 serpente,
754 3599 1059 3653 attendebat
1087 3607 1409 3667 serpentem,
1441 3607 1494 3652 et
1531 3599 1851 3652 sanabatur:
1888 3603 1965 3656 sic

386 3677 440 3723 et
465 3668 622 3722 modo
644 3685 1027 3736 quemcumque
1054 3669 1398 3722 mmnorderit
1417 3669 1606 3722 astutia
1635 3677 1851 3731 satame,
1879 3671 1962 3724 in-

387 3739 566 3792 tendat
585 3739 636 3791 in
659 3739 922 3792 Christum
949 3741 998 3790 in
1025 3741 1164 3806 ligno
1191 3739 1528 3806 pendentem,
1561 3739 1628 3791 ibi
1655 3739 1793 3792 enim
1819 3755 1964 3795 mors

385 3809 556 3862 occisa
583 3817 684 3861 est.
719 3807 971 3861 Dominus
1009 3824 1222 3876 semper
1264 3809 1391 3861 vivit
1420 3826 1432 3861 :
1479 3809 1570 3860 sed
1603 3818 1659 3860 ut
1699 3810 1964 3865 occideret

385 3885 640 3938 mortem,
674 3879 892 3930 testitus
929 3887 1008 3930 est
1039 3887 1241 3941 morte;
1274 3893 1377 3931 non
1417 3878 1557 3932 enim
1607 3879 1773 3947 potuit
1817 3895 1962 3934 mors

385 3947 541 4008 mori,
565 3947 660 4003 nisi
684 3947 732 3998 in
757 3949 878 3999 vita.
913 3947 1023 3999 Non
1054 3947 1276 4000 moritur
1301 3947 1614 4008 amaritudo,
1641 3947 1738 4002 nisi
1763 3949 1812 4000 in
1839 3949 1958 4002 dul-

385 4016 602 4078 cedine;
637 4033 738 4067 non
769 4017 992 4069 moritur
1021 4018 1216 4084 frigus,
1261 4018 1358 4069 nisi
1395 4022 1443 4069 in
1487 4018 1662 4070 calore
1697 4035 1708 4068 :
1745 4033 1848 4070 non
1880 4029 1964 4074 est

385 4094 588 4138 mortua
615 4099 777 4150 mors,
809 4085 904 4136 nisi
933 4087 982 4137 in
1013 4087 1133 4138 vita.
1165 4085 1297 4150 Quid
1319 4095 1399 4138 est
1423 4087 1566 4138 vita?
1596 4087 1837 4140 Christus
1867 4105 1966 4143 no-

381 4164 512 4209 ster.
546 4155 648 4209 Sed
676 4155 778 4207 vita
809 4154 985 4206 induta
1017 4163 1130 4209 erat
1157 4164 1347 4208 morte.
1391 4155 1688 4209 Crueiﬁxns
1729 4168 1836 4218 est,
1867 4174 1959 4211 oc-

381 4226 523 4277 cisus
544 4233 664 4292 est,
695 4233 931 4276 mortuus
971 4235 1046 4278 est
1072 4265 1084 4284 ,
1131 4235 1183 4277 ct
1219 4224 1506 4278 resurrexit
1539 4241 1552 4286 ;
1587 4233 1642 4276 ιιι
1671 4225 1871 4278 diceret
1894 4229 1960 4282 de

382 4293 472 4347 illo
502 4293 786 4360 Apostolus
809 4333 822 4356 ,
859 4293 1056 4346 Scimus
1083 4295 1199 4358 quia
1234 4293 1456 4347 Christus
1495 4311 1593 4348 non
1635 4297 1863 4358 morituf,
1914 4309 1961 4351 et

381 4379 515 4416 mors
540 4365 585 4415 ei
618 4364 750 4416 ultra
779 4379 876 4414 non
917 4364 1252 4416 dominabitur
1281 4363 1455 4432 (llam.
1487 4380 1566 4422 γι.
1597 4363 1670 4431 9).
1705 4363 1834 4429 Quia
1862 4381 1958 4418 au-

381 4443 484 4485 tem
520 4433 782 4485 dominata
815 4441 895 4486 est
925 4434 1096 4502 primo
1138 4447 1301 4502 mors,
1331 4433 1526 4486 volenti
1558 4433 1825 4486 dominata
1856 4447 1956 4488 est.

381 4503 583 4555 lnllavit
610 4518 666 4556 se
695 4501 950 4572 adversus
977 4519 1098 4556 eum
1121 4501 1331 4572 satelles
1359 4503 1526 4556 [cenis
1556 4521 1568 4555 :
1601 4513 1722 4572 tunc
1747 4503 1904 4572 jndex
1929 4519 1958 4557 a

379 4589 484 4640 quo
509 4571 842 4640 jndieabatur
869 4573 1036 4626 erexit
1063 4571 1354 4636 cervicem,
1384 4582 1433 4624 et
1463 4574 1554 4632 ait,
1591 4570 1709 4624 Non
1731 4570 1856 4624 mihi
1875 4590 1958 4626 re-

379 4643 594 4706 spondes
621 4641 795 4706 (Joau.
822 4657 930 4700 tux.
963 4641 1090 4704 10)?
1121 4642 1340 4710 Itngitns
1367 4643 1516 4694 sawit
1535 4643 1720 4704 leonis,
1755 4651 1961 4696 tument

377 4713 509 4764 colla
535 4712 829 4779 serpentis;
851 4711 940 4764 sed
963 4711 1082 4764 audi
1109 4711 1688 4779 responsionemﬁgni.
1708 4713 1793 4778 qui
1815 4713 1960 4766 novit

353 4771 638 4866 zoceider‘e'
671 4771 918 4866 leonem;
972 4781 1094 4866 audi
1141 4771 1267 4866 quia
1313 4771 1528 4866 v‘olenti‘
1562 4771 1826 4866 deminuta
1847 4793 1960 4866 ‘est

355 4849 541 4922 Etnors.
571 4850 704 4922 Cum
732 4849 872 4904 enim
905 4849 1019 4903 haec
1048 4849 1114 4905 ab
1139 4849 1228 4922 illo
1248 4849 1801 4922 audivit,rrespoodit,
1835 4851 1958 4906 Non

375 4919 581 4988 haberes
609 4921 659 4972 in
687 4936 764 4972 me
801 4929 1126 4988 potestatem.
1163 4920 1258 4972 nisi
1296 4919 1414 4970 data
1454 4921 1540 4972 tibi
1568 4929 1692 4972 esset
1729 4921 1792 4972 de
1833 4922 1957 4974 σαξιο

377 4987 538 5058 (Ibid.
565 4991 677 5052 Η).
704 4987 829 5055 Quis
851 4989 996 5042 dedit
1020 4991 1154 5042 hanc
1175 4989 1404 5056 desuper
1425 4989 1772 5058 potestatem?
1797 4991 1954 5044 Deus.

375 5057 504 5125 Quis
532 5069 612 5112 est
638 5061 814 5113 Dens?
843 5059 994 5112 Pater
1021 5070 1068 5112 et
1101 5058 1264 5110 Filius
1290 5068 1341 5111 et
1371 5057 1599 5124 Spiritus
1629 5069 1857 5114 sanctus.
1892 5061 1958 5115 Ut

376 5145 503 5198 ergo
533 5139 673 5185 esset
696 5129 893 5182 homini
924 5139 1156 5197 potestas
1189 5129 1238 5180 in
1272 5129 1456 5192 Deum,
1486 5131 1552 5182 ab
1588 5131 1702 5196 ipso
1729 5129 1838 5182 Deo
1864 5145 1955 5184 ac-

374 5201 514 5266 cepit
540 5209 850 5266 potestaletn
871 5199 1028 5251 homo
1053 5198 1382 5266 utjudicaret
1397 5199 1586 5264 Deum;
1606 5201 1768 5254 Deum
1788 5200 1958 5254 occul-

376 5277 507 5331 tum,
539 5270 802 5322 hominem
827 5267 1180 5322 manifestum.
1457 5325 1460 5328 Α

445 5339 498 5392 5.
541 5338 784 5392 Diabolus
832 5343 908 5391 leo
946 5347 1286 5402 amaverat,
1334 5339 1486 5391 draco
1524 5353 1634 5392 cum
1678 5339 1952 5396 blanditur.

375 5407 560 5462 Contra
585 5408 926 5460 blandimenta
955 5424 1082 5475 opus
1107 5419 1178 5462 est
1199 5409 1476 5478 vigilantia.
1501 5407 1567 5463 Ut
1590 5423 1719 5476 ergo
1745 5411 1952 5463 leonem

375 5488 426 5530 et
455 5480 762 5538 draconem,
793 5479 858 5531 de
884 5493 988 5547 quo
1010 5493 1164 5545 supra
1193 5479 1388 5532 dictum
1419 5489 1518 5540 est,
1546 5481 1806 5546 possimus
1832 5495 1953 5534 cum

377 5547 468 5602 Dei
496 5548 759 5616 adiutorio
787 5548 1022 5611 vincere,
1055 5562 1174 5602 cum
1203 5549 1388 5617 grandi
1419 5549 1606 5602 timore
1636 5564 1696 5603 ac
1723 5559 1954 5604 tremore

440 5639 455 5668 ί
483 5643 562 5686 ns.
590 5643 830 5698 German,
856 5645 1080 5687 erectum.
1109 5640 1310 5700 Remig.,
1333 5645 1527 5687 rectum.
1554 5707 1560 5714 ι

1763 215 1988 270 ΞΕΙὶΜΟ
2027 215 2274 275 CCCXV.

3531 229 3671 286 2350

2089 341 2212 404 ante
2232 332 2412 388 oculos
2435 332 2722 389 habeamus
2749 333 2876 388 illud
2903 335 3042 404 quod
3068 337 3142 390 ait
3161 338 3430 404 apostolus
3458 339 3666 402 Petrus.

2085 401 2414 479 ddversarius
2442 413 2598 456 vester
2623 405 2870 479 diabolus
2887 401 3122 479 tauquam
3149 401 3225 479 leo
3249 410 3450 476 rugiens
3475 401 3670 479 aliquid

2085 470 2324 547 det-orare
2351 489 2576 547 qurerens
2608 475 2787 547 circuit
2815 473 2870 544 (1
2895 470 3036 547 Patr.
3066 493 3116 541 v,
3140 477 3209 544 8)
3241 494 3254 529 :
3288 470 3340 531 εἳ
3369 479 3494 531 illud
3525 470 3666 547 q'u-ul

2086 539 2152 609 de
2177 540 2404 595 dracone
2427 545 2712 609 Apostolus
2742 539 2838 596 nos
2866 539 3134 608 admonet,
3161 539 3215 599 ut
3243 562 3364 600 eum
3387 539 3660 602 omniso-

2085 607 2350 666 licitudine
2371 607 2670 686 caveamus,
2696 614 2886 686 timavi
2907 607 3230 686 vospinquit,
3255 617 3343 668 uni
3375 619 3482 669 viro
3511 619 3666 686 virgi-

2085 693 2196 755 nem
2227 691 2413 755 castam
2434 683 2660 755 exhibere
2681 682 2878 735 Christo
2902 699 2920 735 .'
2945 684 3033 736 sed
3057 685 3202 737 timeo
3228 702 3290 737 ne
3313 687 3438 738 sicut
3467 682 3666 755 serpens

2083 748 2278 800 seduxit
2310 749 2466 802 Evam
2502 753 2685 803 astutia
2720 769 2839 816 sua,
2873 755 2944 804 ita
2969 763 3016 804 et
3043 770 3218 807 sensus
3256 757 3404 808 vestri
3441 748 3668 808 corrum-

2087 826 2272 890 paritur
2295 835 2326 890 ᾳ
2349 822 2682 890 simplicitate,
2709 837 2819 883 qua:
2839 833 2910 874 est
2937 825 2986 874 in
3014 822 3213 876 Christo
3231 822 3268 875 J
3273 840 3358 876 esu
3381 825 3422 890 (I
3448 825 3564 878 Cor.
3591 843 3665 886 xu.

2080 886 2510 960 getb).Quando
2525 906 2650 958 ergo
2683 891 2772 943 tibi
2805 893 2976 960 aliqua
3005 891 3208 958 publica
3241 886 3508 946 tribulatio
3541 905 3664 948 nata

2083 956 2258 1032 fuerit,
2289 959 2486 1032 rabiem
2511 975 2571 1014 ac
2597 956 2852 1032 saevitiam
2877 956 3044 1015 leonis
3071 963 3300 1030 intelligo
3331 983 3343 1016 :
3375 961 3590 1032 quando
3615 975 3666 1016 te

2083 1027 2236 1096 make
2265 1030 2706 1096 concupiscentia}
2729 1030 2791 1081 ad
2829 1032 3100 1084 avaritiam
3142 1033 3224 1086 vel
3240 1027 3518 1086 luxuriam
3551 1035 3664 1086 cal-

2081 1094 2184 1148 lida
2221 1094 2528 1152 seductione
2557 1100 2874 1163 sollicitant,
2905 1100 3149 1154 dracmnis
3189 1103 3546 1156 blandimenta
3575 1117 3667 1156 co-

2079 1180 2294 1238 gnosce.
2325 1168 2381 1220 Si
2407 1183 2532 1238 ergo
2554 1169 2710 1222 fidem
2741 1179 2936 1222 rectam
2960 1172 3108 1238 cupis
3129 1171 3354 1226 fideliter
3373 1172 3662 1238 custodire,

2081 1236 2132 1286 in
2155 1235 2392 1290 adversis
2420 1235 2569 1292 fortis
2597 1247 2712 1292 esto
2738 1249 2919 1292 contra
2943 1235 3110 1294 leonis
3143 1242 3398 1294 saavitiam
3423 1258 3436 1293 :
3465 1243 3509 1294 si
3535 1235 3662 1295 vero

2081 1305 2640 1378 virginitatcmanimcc
2663 1310 2918 1378 integram
2949 1323 3162 1364 servare
3179 1310 3470 1368 desideras.
3495 1325 3660 1378 quan-

2081 1383 2188 1426 tum
2223 1387 2372 1442 potes
2401 1377 2622 1431 observa
2653 1377 3008 1432 blandimenta
3045 1380 3321 1440 draconis;
3357 1396 3424 1434 ne
3453 1377 3586 1434 forte
3616 1384 3659 1434 si

2079 1443 2320 1522 incautus
2346 1445 2540 1526 fueris,
2571 1447 2801 1516 quinque
2826 1463 3018 1526 sensus
3037 1489 3051 1512 ,
3083 1450 3170 1516 qui
3203 1450 3256 1502 in
3282 1459 3332 1504 te
3359 1459 3482 1503 sunt
3511 1452 3664 1526 quasi

2077 1517 2634 1588 quin-queuirgines,
2671 1519 2944 1588 permittas
2991 1532 3020 1570 a
3073 1527 3320 1588 serpente
3366 1517 3660 1588 corrumpi.

2077 1581 2338 1648 Quidquid
2365 1581 2872 1658 enimpulchrescit
2909 1589 3022 1658 visu
3044 1629 3058 1653 ,
3107 1581 3358 1658 quidquid
3403 1581 3663 1642 dulcescit

2075 1661 2259 1726 gustu,
2291 1654 2540 1723 quidquid
2567 1656 2834 1726 blanditur
2858 1656 3066 1714 auditu,
3095 1654 3348 1726 quidquid
3390 1659 3660 1712 lenocina-

2077 1729 2164 1793 tur
2182 1722 2425 1793 odoratu,
2443 1722 2708 1793 quidquid
2735 1727 2998 1779 mollescit
3029 1722 3260 1789 attactu;
3291 1729 3341 1780 in
3380 1727 3462 1780 his
3485 1728 3659 1781 omni-

2075 1789 2194 1871 bus,
2225 1789 2498 1871 siuincaut'i
2526 1789 2814 1871 fuerimus,
2841 1796 3250 1871 subrepentibus
3275 1798 3658 1871 concupiscen-

2075 1861 2164 1935 tiis
2189 1861 2360 1935 malis,
2390 1864 2588 1935 animae
2605 1865 2964 1935 virginitatem
2985 1861 3250 1935 corrumpi
3283 1861 3654 1934 permittimus:

2074 1939 2126 1983 et
2153 1932 2398 2004 impletur
2423 1931 2474 1986 in
2505 1933 2656 1988 nobis
2683 1933 2810 1987 illud
2831 1933 2968 2002 quod
2999 1949 3095 2002 per
3117 1931 3428 2004 prophetam
3454 1937 3656 1989 dictum

2074 2007 2176 2074 est,
2201 1998 2424 2074 latravit»
2445 2018 2586 2074 ntere
2604 2019 2692 2070 per
2714 1998 2956 2072 feaeslras
2985 1998 3170 2058 uestras
3199 1998 3410 2074 (Jerem.
3441 2021 3516 2069 nt,
3539 2004 3654 2066 ΞΗ.

2074 2067 2176 2122 Per
2217 2069 2313 2123 bos
2341 2072 2482 2125 enim
2503 2067 2735 2144 quinque
2776 2087 2964 2144 sensus
3007 2074 3152 2141 quasi
3179 2067 3270 2142 per
3299 2067 3552 2144 quasdam
3573 2074 3656 2142 ja-

2073 2151 2206 2212 nuas
2223 2147 2310 2212 a_ut
2330 2155 2472 2194 mors
2505 2141 2598 2212 aut
2613 2141 2715 2195 vita
2733 2141 2798 2212 ad
2815 2143 3046 2196 animam
3063 2141 3297 2198 nostram
3315 2141 3594 2212 ingreditui
3611 2185 3623 2196 .

2143 2208 2455 2282 4.__Laus_iet
2483 2211 2951 2282 vituperatioparui
2987 2212 3233 2265 ducenda.
3274 2208 3451 2267 Simus
3489 2228 3614 2282 ergo
3638 2255 3654 2275 ,

2071 2277 2357 2352 auxiliante
2383 2277 2850 2352 Domino,_de_illis
2870 2281 3102 2352 quinque
3129 2283 3423 2352 virginibus
3446 2277 3656 2350 sapien-

2073 2345 2242 2419 tibus,
2267 2362 2392 2419 qua:
2411 2388 2425 2412 ,
2468 2351 2604 2419 sicut
2633 2349 2682 2402 in
2727 2345 3029 2418 Evangelia
3051 2345 3274 2418 legimus
3293 2392 3306 2416 ,
3337 2345 3658 2419 portaverant
3737 2381 3740 2384 ~

2071 2414 2234 2466 oleum
2257 2414 2308 2468 ia
2330 2417 2648 2489 lampadibus
2674 2419 2778 2489 suis
2800 2436 2818 2471 :
2844 2414 2900 2473 ei
2925 2414 3176 2488 quantum
3207 2414 3489 2489 possumus
3509 2422 3534 2486 ,'
3553 2421 3652 2474 ob-

2071 2497 2367 2560 servemus,
2397 2502 2462 2541 ne
2488 2488 2628 2560 inter
2656 2488 2774 2560 illas
2805 2490 2995 2543 stultas
3027 2488 3376 2560 inveniamur,
3405 2507 3524 2560 quae
3551 2489 3652 2544 sibi

2071 2553 2276 2634 de‘soia
2308 2558 2546 2624 corporis
2575 2558 2878 2634 integritate
2917 2558 3262 2634 plaudentes,
3299 2553 3653 2634 virginitatem

2069 2629 2260 2676 animm
2287 2640 2382 2694 per
2409 2629 2804 2695 corruptionem
2843 2629 3074 2698 quinque
3118 2643 3368 2684 sensuum
3391 2629 3654 2698 perdide-

2069 2701 2213 2756 runt,
2242 2709 2493 2768 qure_non
2525 2707 2870 2768 portaverunt
2891 2700 3068 2752 oleum
3108 2714 3324 2762 secum;
3355 2700 3550 2768 quibus
3573 2699 3654 2752 di-

2069 2771 2210 2818 ctum
2231 2773 2331 2829 est,
2355 2763 2455 2830 Ite,
2483 2763 2628 2820 emite
2649 2767 2784 2820 vobis
2809 2784 2836 2820 a
2863 2768 3213 2824 vendentibus
3237 2763 3436 2824 oleum.
3464 2769 3652 2824 Oleum

2069 2833 2211 2886 enim
2241 2832 2342 2887 hoc
2371 2835 2486 2889 loco
2514 2837 2747 2892 adulatio
2775 2847 2855 2892 est
2883 2847 2938 2892 et
2963 2839 3078 2892 laus
3115 2839 3344 2892 humana
3371 2857 3384 2893 :
3419 2838 3655 2892 vendunt.

2068 2901 2244 2978 oleum
2267 2917 2454 2978 omnes
2479 2905 2799 2978 adulatores.
2833 2908 3170 2978 Ergostultze
3199 2909 3304 2962 illa:
3329 2909 3484 2962 dictae
3503 2917 3650 2968 sunt,

2068 2987 2186 3045 qua:
2211 2973 2507 3045 forinsecus
2535 2977 2844 3045 quaerebant
2875 2973 3107 3043 laudem,
3137 2992 3242 3031 non
3269 2979 3410 3032 intus
3437 2980 3490 3031 in
3515 2991 3647 3032 con-

2071 3043 2297 3116 scientia
2322 3042 2610 3116 habebant.
2639 3045 2762 3100 Ideo
2789 3062 2894 3102 non
2921 3042 3202 3116 portabant
3227 3049 3402 3102 oleum
3427 3061 3607 3102 secum
3636 3063 3649 3106 ;

2068 3112 2425 3185 qnialaudem
2457 3115 2508 3166 in
2538 3116 2709 3185 aliena
2737 3112 2939 3185 lingua;
2969 3133 3072 3170 non
3113 3118 3164 3170 in
3201 3118 3522 3171 conscientia
3556 3131 3652 3169 sua

2069 3181 2320 3254 volebant
2338 3182 2562 3254 habere.
2593 3183 2794 3238 Tamen
2816 3181 2944 3254 quid
2971 3185 3360 3253 responderunt
3385 3185 3488 3240 illis
3515 3187 3651 3239 stul-

2071 3251 2177 3305 tis?
2205 3249 2287 3302 Ne
2323 3251 2454 3319 forte
2486 3269 2586 3305 non
2621 3249 3011 3376 stg‘ﬁciat'uobis
3045 3249 3254 3324 (Matth.
3289 3271 3416 3336 xxv,
3459 3255 3512 3318 4,
3545 3255 3648 3335 9)_:

2071 3319 2336 3376 ttuomodo
2365 3321 2649 3376 Apostolus
2707 3334 2820 3376 ml.
2850 3324 2956 3376 Sed
2982 3340 3137 3376 neaue
3163 3340 3254 3376 eao
3279 3341 3356 3376 me
3379 3339 3544 3376 msum
3567 3325 3648 3376 dt-

2067 3319 2336 3394 quqmodo
2365 3321 2649 3394 postolus
2669 3319 2820 3394 dixit,
2850 3324 2956 3377 Sed
2982 3319 3137 3394 neque
3157 3340 3254 3394 ego
3270 3341 3356 3394 me
3379 3324 3544 3392 ipsum
3567 3319 3650 3376 di-

2072 3389 2244 3462 iudico
2277 3389 2296 3458 (
2314 3389 2488 3462 l_Cer.i
2511 3407 2582 3455 iv,
2615 3393 2702 3461 5).
2743 3393 2796 3446 Si
2837 3408 2964 3462 ergo
2992 3389 3311 3448 conscientia
3341 3389 3520 3446 nostra
3551 3394 3651 3445 sub

2067 3459 2312 3532 examine
2329 3460 2512 3532 judicii
2537 3462 2627 3516 Dei
2661 3459 2985 3530 trepidat,'et
3007 3464 3248 3532 quamvis
3273 3463 3373 3516 sibi
3395 3471 3539 3515 recta
3567 3465 3649 3514 vi-

2067 3531 2275 3594 deatur,
2307 3531 2454 3584 timet
2477 3545 2544 3584 ne
2569 3532 2956 3598 exeatjustitiae
2977 3533 2993 3563 ⁸
3023 3531 3200 3600 regula
3223 3532 3290 3586 de
3309 3533 3558 3585 thesauro
3586 3533 3651 3583 il-

2069 3601 2192 3666 lius,
2241 3608 2296 3653 et
2338 3601 2634 3654 inveniatur
2660 3609 2854 3654 tortum
2899 3601 3040 3670 quod
3087 3610 3287 3654 rectum
3333 3601 3650 3654 videbatur:

2068 3677 2264 3740 quanto
2277 3670 2458 3740 minus
2478 3684 2668 3725 curare
2688 3670 2944 3725 debemus
2963 3671 3135 3740 aliena
3154 3671 3352 3740 judicia
3379 3670 3446 3724 de
3471 3671 3646 3740 nobis,

2066 3739 2386 3804 eliarissimi,
2420 3740 2532 3794 sive
2563 3741 2697 3793 mala
2727 3741 2838 3794 sive
2874 3741 3008 3795 bona
3029 3741 3054 3793 ?
3091 3739 3201 3794 Nec
3235 3739 3386 3794 valde
3415 3739 3649 3809 gaudere

2066 3810 2346 3874 debemus,
2377 3811 2590 3878 quando
2615 3809 2926 3874 laudamur;
2957 3825 3056 3865 nec
3076 3811 3400 3874 contristari,
3433 3809 3648 3878 quando

2065 3881 2443 3948 vituperamur.
2471 3879 2580 3934 Nec
2603 3895 2862 3934 coronare
2886 3895 2985 3933 nos
3023 3887 3198 3947 potest
3225 3881 3337 3932 laus
3367 3879 3518 3936 falsa.
3549 3894 3648 3932 nec

2065 3949 2318 4002 damnare
2345 3949 2665 4016 vituperatio
2711 3951 2856 4003 falsa.
2897 3949 3158 4014 Quamdiu
3199 3957 3378 4002 autem
3419 3949 3648 4001 vivimus

2066 4018 2184 4081 hic,
2214 4019 2281 4070 de
2308 4017 2460 4071 nobis
2495 4019 2624 4085 ipsis
2659 4033 2758 4071 nos
2789 4019 2882 4085 ipsi
2925 4018 3164 4084 judicare
3191 4031 3296 4069 non
3333 4032 3644 4084 possumus.

2065 4103 2170 4142 non
2212 4087 2332 4140 dico
2367 4087 2492 4155 quid
2529 4101 2646 4139 cras
2681 4087 2899 4150 erimus,
2945 4085 3040 4140 sed
3081 4086 3204 4155 quid
3237 4086 3393 4139 hodie
3431 4088 3597 4138 simus
3627 4103 3644 4138 :

2065 4165 2260 4224 quanto
2291 4155 2466 4209 minus
2490 4155 2746 4208 debemus
2787 4156 2986 4208 moveri
3013 4155 3226 4222 judiciis
3255 4156 3456 4216 alienis,
3487 4169 3645 4222 quam

2065 4225 2131 4280 de
2172 4225 2492 4294 conscientia
2540 4234 2721 4278 nostra
2764 4239 2882 4294 qua:
2927 4225 3081 4278 nobis
3119 4224 3362 4292 perhibet
3401 4225 3648 4279 testimo-

2064 4295 2248 4349 nium?
2275 4293 2406 4346 Nam
2434 4295 2598 4364 gloria
2631 4293 2812 4348 nostra
2836 4295 2992 4364 debet
3021 4309 3140 4364 esse.
3167 4294 3512 4364 conscientia.

2137 4366 2191 4419 5.
2231 4362 2802 4433 Αιιάὶια“νι‹ηιὶηεηιιιν.
2849 4363 3059 4433 Itaque,
3113 4362 3328 4426 fratres,
3373 4363 3645 4433 paululum

2063 4436 2304 4488 advertat
2323 4431 2566 4488 Charitas
2589 4443 2784 4498 vestra,
2809 4443 2866 4487 ut
2888 4431 3060 4488 diram
3081 4433 3222 4501 quod
3249 4431 3514 4502 vololetsi
3539 4447 3642 4484 non

2062 4506 2200 4559 sicut
2236 4503 2376 4566 volo,
2417 4505 2553 4558 sient
2579 4504 2834 4558 Dominus
2857 4503 3066 4558 dederit
3092 4512 3148 4557 et
3171 4501 3462 4566 voluerit),
3505 4503 3646 4568 quod

2063 4575 2294 4627 maxime
2317 4573 2672 4627 necessarium
2701 4583 2779 4627 est
2800 4571 3524 4642 quotidianistentationibus
3546 4571 3644 4623 Ee-

2063 4645 2240 4698 clesite
2288 4643 2591 4705 catholicze;
2623 4643 2742 4712 quia
2775 4641 2912 4696 inter
2957 4641 3276 4712 tentationes
3300 4642 3446 4706 vivit,
3477 4651 3531 4712 et
3561 4642 3644 4692 in-

2064 4723 2148 4768 ter
2173 4714 2491 4766 tentationes
2521 4710 2745 4776 crescit,
2775 4722 2829 4765 et
2859 4713 2994 4765 inter
3029 4710 3346 4765 tentationes
3375 4711 3643 4778 perdurat,

2062 4793 2116 4838 et
2144 4786 2283 4837 inter
2309 4783 2626 4836 tentationes
2645 4783 2901 4850 pervenit.
2920 4781 3022 4835 Sed
3040 4795 3160 4834 cum
3179 4781 3498 4848 pervenerit,
3521 4793 3646 4832 suc«

2062 4853 2215 4908 cedet
2234 4853 2386 4922 quies
2405 4852 2573 4922 labori
2595 4867 2609 4915 ;
2637 4851 3103 4922 recedittentatio,
3125 4859 3304 4922 manet
3327 4850 3643 4922 benedictio.

2063 4923 2167 4977 Sed
2197 4920 2326 4990 rogo
2347 4936 2461 4984 vos,
2492 4921 2702 4984 fratres,
2732 4935 2801 4973 ne
2818 4921 2934 4974 sine
2961 4935 3118 4975 causa
3151 4920 3375 4990 audiatis
3400 4935 3413 4971 :
3441 4920 3542 4971 ista
3565 4927 3641 4968 te-

2063 5002 2203 5056 nete,
2233 4988 2518 5052 ruminate,
2557 4991 2832 5058 pascimini
2875 4991 3036 5055 inde;
3069 5005 3174 5043 non
3219 4988 3437 5058 recedat
3457 4990 3524 5041 de
3551 5001 3639 5058 ore

2061 5061 2415 5136 vestroquod
2459 5056 2618 5114 modo
2649 5061 2918 5136 memoria:
2943 5059 3364 5136 commendatur:
3391 5056 3646 5136 Memoria

2061 5125 2396 5186 hominis-sic
2423 5139 2526 5190 est.
2551 5131 2816 5198 quomodo
2849 5141 3033 5184 venter
3062 5129 3291 5198 pecoris.
3315 5125 3494 5179 Nostis
3521 5125 3648 5193 quia

2061 5203 2113 5256 in
2153 5201 2290 5269 Lege
2334 5197 2602 5254 immunda
2638 5197 2775 5254 dicta
2812 5211 2936 5254 sunt
2967 5197 3220 5269 animalia
3255 5211 3372 5264 quae
3407 5211 3512 5248 non
3551 5209 3644 5247 ru-

2061 5266 2298 5332 minan't;
2329 5285 2447 5339 qua:
2476 5279 2650 5323 autem
2682 5271 2969 5331 ruminant,
2995 5266 3189 5322 munda
3218 5275 3342 5319 sunt
3367 5273 3647 5339 ;_et_qu:e-

2060 5357 2288 5414 cumque
2317 5333 2513 5394 habent
2539 5340 2787 5414 ntigulam
2817 5340 3016 5414 lissam,
3045 5339 3316 5414 pertinent
3340 5333 3405 5387 ad
3431 5335 3642 5414 discer:

2060 5403 2290 5467 nendum
2319 5425 2499 5463 verum
2546 5403 2847 5464 et'falsnm.
2887 5403 3267 5474 Fissaungula
3309 5405 3539 5474 pertinet
3577 5403 3646 5474 ad

2060 5481 2467 5537 discernendum
2497 5479 2623 5550 quid
2649 5480 2924 5548 dextrum,
2965 5475 3093 5548 quid
3133 5471 3425 5532 sinistrum.
3453 5471 3650 5562 Burni?

2125 5637 2140 5668 ι
2165 5641 2266 5696 318.,
2295 5629 2532 5695 nequitia.
