4092 6440
1125 601 1294 647 ANNO
1351 596 1569 644 DOMINI
1630 594 1901 640 CCCXCIV.

577 978 724 1152 s.
857 961 2488 1211 AMPHILOCHIUS

1073 1268 1487 1330 ICONIENSIS
1512 1262 1941 1327 EPISCOPUS.

729 1439 916 1501 (Notitia
936 1452 998 1487 es
1021 1435 1311 1488 Bibliotheca
1331 1437 1806 1500 Gultandiana,tom.
1836 1436 1919 1497 VI,
1941 1436 2146 1498 Proleg.
2171 1449 2222 1497 ι).
2245 1434 2337 1483 xt.‘

171 1620 197 1675 l.
234 1622 508 1692 Cappadocem
560 1624 702 1681 fuisse
753 1628 1181 1695 Amphilochium,
1246 1625 1463 1696 perinde
1490 1635 1536 1689 Α
1566 1620 1846 1692 Lycaoniae
1882 1633 2030 1671 more
2063 1614 2360 1682 apostolico
2393 1615 2762 1684 composuisse
2792 1614 3017 1669 traditur
3045 1611 3131 1685 (ι).

128 1715 422 1782 atqueBisilium
444 1718 776 1787 etGrcgorium
821 1720 1217 1783 Nazianzenum,
1266 1720 1462 1772 diserte
1561 1718 1719 1769 Auno
1753 1723 1954 1771 autem,
1984 1718 2044 1762 ut
2071 1708 2285 1762 videtur
2314 1706 2435 1777 (m),
2471 1708 2573 1761 377
2601 1706 2873 1763 consultus
2902 1708 2969 1763 ab
2997 1707 3134 1763 alte—
3232 1726 3235 1729 δ

127 1806 235 1865 prodit
277 1806 555 1876 Hieronymus
580 1808 645 1877 (a)
672 1826 683 1861 :
711 1809 826 1877 quin
852 1820 905 1863 et
952 1809 1223 1873 Caesarem,
1259 1810 1310 1864 in
1349 1810 1463 1877 ipsa

127 1892 283 1946 videlicet
303 1896 499 1961 primaria
522 1896 828 1966 Cappadociae
857 1899 1000 1963 urbe,
1047 1901 1325 1970 magnique
1361 1899 1464 1952 Ba-

128 1981 191 2033 silii
210 1984 350 2049 patria,
394 1996 534 2039 ortum
566 1988 807 2055 habuisse,
862 1997 1036 2059 aperte
1063 1992 1190 2045 satis
1240 1998 1466 2045 testatur

130 2069 215 2122 idem
230 2072 393 2129 Basilius
408 2076 484 2144 (b).
504 2075 704 2131 Primum
727 2081 895 2135 rhetor
915 2096 976 2136 ac
996 2080 1106 2135 foro
1128 2080 1462 2150 assuetuslc),

130 2156 161 2207 in
186 2157 422 2214 solitudinem
446 2166 662 2219 secedens
704 2171 995 2223 monachum
1032 2171 1156 2239 egit.
1211 2171 1468 2239 Deinceps

129 2248 547 2306 reroineiuctabilibus
572 2255 732 2323 gratia!
763 2259 942 2312 retibus
989 2270 1184 2328 captus,
1225 2273 1373 2331 atque
1414 2262 1467 2313 ἱη

130 2333 273 2387 mediam
292 2336 490 2395 Pisidiam
508 2347 685 2398 numine
710 2348 871 2401 divino
907 2349 1173 2417 deductus,
1205 2362 1261 2405 ut
1290 2352 1468 2405 verbis

131 2431 208 2472 utar
237 2424 363 2480 Basilii
410 2432 490 2499 (d),
535 2434 673 2488 iconii
723 2441 984 2510 episcopus
1020 2442 1117 2495 fuit
1168 2444 1466 2508 ordinatus,

132 2520 219 2560 anno
234 2511 305 2565 575
320 2530 512 2581 exeunte,
543 2523 611 2574 rel
639 2525 776 2579 initio
798 2529 1035 2584 anni.'57i
1069 2547 1135 2585 ex
1182 2533 1281 2587 viri
1328 2533 1468 2587 docti

132 2601 304 2694 sententia
324 2604 375 2694 (ς)
408 2623 536 2673 quam
562 2615 821 2679 sequimur.
866 2618 1046 2674 Basilio
1081 2622 1130 2674 in
1162 2624 1344 2692 primis
1374 2623 1471 2677 fuit

132 2692 288 2779 omnium
310 2692 603 2779 eharissimus,
625 2712 673 2753 ut
696 2717 754 2756 ex
779 2706 1001 2772 pluribus
1022 2708 1133 2776 ejus
1155 2711 1389 2779 epistolis
1404 2714 1470 2768 ad

132 2775 242 2833 ipsum
266 2775 365 2831 dalis
404 2796 676 2851 θοιιιρθηιιιη
711 2791 982 2860 habemus;
1025 2775 1152 2866 quas
1181 2775 1317 2854 inter
1341 2802 1473 2855 etni-

131 2871 307 2965 tres
329 2878 541 2931 canonica:
560 2880 635 2950 (ι’),
660 2883 784 2939 intra
812 2903 969 2944 annos
999 2890 1099 2946 574
1129 2905 1182 2947 et
1227 2896 1328 2949 575
1358 2910 1473 2965 p8!“

319 2972 397 3024 (1υο
432 2966 606 3031 quidem
652 2981 870 3043 tempore
902 2979 1083 3035 librum
1133 3000 1337 3054 quoque
1358 2952 1372 2965 '
1396 2985 1473 3039 De
1504 2962 1544 3016 Β

172 3062 264 3135 unm
290 3062 423 3139 sancto
463 3062 655 3114 Basilius
697 3065 854 3120 cidem
903 3070 1261 3139 Amphilochio
1288 3076 1475 3130 inscri-

131 3136 492 3236 Estaseperhi—betur
526 3146 606 3219 (g).
647 3152 712 3206 Eo
755 3156 921 3212 itidem
974 3136 1298 3220 familiariter
1347 3184 1475 3225 usus

130 3214 332 3328 ῗῖθξῗῗίυδ
353 3231 614 3310 Τὴθθίθευδν
645 3258 695 3299 ιιι
713 3265 770 3303 εκ
792 3254 897 3319 eius
932 3214 1320 3325 epistolis-haud

130 3315 523 3421 :‘iftimium-datis
546 3348 743 3391 constat.
773 3342 832 3395 Et
849 3344 962 3411 jure
985 3363 1112 3404 sane
1159 3352 1358 3421 optimo
1389 3367 1478 3406 no-

314 3409 322 3417 .
402 3416 410 3425 ,
849 3399 866 3411 .
1050 3399 1109 3404 η-
1165 3399 1354 3421 Ὕηη--
1389 3399 1454 3406 ---

130 3399 437 3511 :‘ﬂhlf‘lmensts
477 3426 664 3479 antistes
710 3436 897 3502 magnis
930 3435 1027 3490 illis
1058 3440 1181 3494 viris
1210 3446 1258 3494 in
1308 3444 1478 3511 pretio

203 3489 212 3498 .
765 3482 896 3502 κυ--ω
931 3482 1027 3490 η-.-
1067 3482 1181 3494 ......
1346 3482 1477 3497 ,νην

465 3512 676 3570 nimirum
722 3525 927 3593 eSl'egiis
982 3545 1097 3583 cum
1132 3482 1338 3588 meutisr
1366 3543 1477 3588 tum

130 3583 244 3680 ξ’]ἠί
264 3583 421 3680 milibus
448 3602 653 3662 przeditus
690 3583 1317 3679 fuissevnoscatur.illius

130 3672 488 3777 ἱξξξῗδλπητῖιξιίε
518 3689 683 3757 fervor,
714 3715 1000 3773 morumque
1046 3672 1296 3777 grav—itas—

367 3771 605 3891 cellﬂlmiur
633 3787 718 3855 (It).
750 3790 976 3850 Disccndi
1037 3804 1261 3856 studium
1290 3816 1344 3860 et
1383 3809 1480 3861 hu-

129 3851 664 3965 Ὲιιὲἱιῗῗυειιιηπθὺειω·
705 3880 751 3933 in
802 3895 861 3936 eo
905 3884 1121 3946 Basilius
1155 3893 1251 3964 li);
1287 3898 1481 3965 quippe

130 3934 376 4040 319's?”
394 3964 472 4003 “0"
498 3970 785 4034 stauretur,
809 3985 918 4025 cum
948 3934 1167 4035 docendi
1196 3934 1479 4040 incliti“:

131 4190 399 4289 hepbilochii
420 4219 484 4289 σ),

183 4283 233 4337 ll.
262 4291 353 4350 iam
371 4316 485 4376 vero,
511 4328 558 4372 ut
581 4338 654 4378 res
679 4327 690 4380 i

133 4381 268 4432 gestas

134 4458 234 4514 siam

377 4334 489 4414 ’πυτ
511 4334 558 4372 ut
581 4338 654 4378 res
679 4334 723 4381 in
751 4334 1031 4405 episcopatu
1060 4344 1126 4399 ab
1146 4361 1207 4402 eo
1229 4349 1481 4418 praeclare

302 4401 535 4452 summatim
576 4426 898 4452 "mmmam..."
973 4429 1080 4452 LL,
1128 4451 1132 4452 γ
1310 4441 1346 4452 .-.
1415 4441 1427 4452 .

481 4420 535 4458 tm
576 4426 917 4489 recenseamus.
973 4429 1263 4493 Isaurorum
1306 4441 1485 4497 Eccle-

263 4484 427 4537 Sanctus
447 4489 569 4551 Pater
612 4514 862 4570 prudenter
902 4535 1108 4582 curasse
1141 4529 1237 4601 (ii).
1294 4484 1483 4604 "35‘1":3

190 4952 251 5039 (ei
267 4952 475 5040 ᾗξτξνδξ·
501 4952 597 5010 161,
621 4953 645 5023 §
675 4973 706 5010 ι.

192 5041 243 5081 in
267 5010 425 5081 n...:.“'
446 5016 486 5081 Ψ
518 5008 605 5072 γη.
632 5023 757 5081 Basil

192 5041 1009 5162 a
1048 5046 1145 5120 is
1183 5062 1232 5107 ει

192 5114 254 5204 iii
283 5114 497 5204 ἔξῖίτῇηιῖη
531 5114 853 5204 νὲἱῖ⁰ὶιη¹ἓῗ¹

1564 1808 1675 1859 rius
1711 1803 2020 1874 provinciae,
2047 1800 2281 1855 fortasse
2311 1798 2593 1868 Lycieusis
2624 1797 2724 1868 (η),
2759 1799 3021 1868 episcopis
3041 1800 3137 1867 qui

1565 1899 1707 1953 circa
1782 1894 2080 1950 Macedonii
2134 1891 2384 1946 haeresim
2437 1892 2789 1956 fluctuabant,
2849 1890 3135 1944 concilium

1566 1989 1743 2059 coegit
1774 2009 1787 2043 :
1816 1987 1871 2041 in
1910 2001 2019 2055 quo
2056 1983 2439 2039 consultationi
2483 1984 2833 2052 respondens,
2864 1982 3137 2052 egregiam

1565 2078 1877 2149 synodicam
1917 2092 2014 2131 suo
2052 2086 2107 2128 et
2140 2076 2370 2128 aliorum
2412 2075 2782 2144 episcoporum
2815 2073 3140 2144 Lycaonien—

1571 2171 1712 2225 sium
1744 2170 1959 2223 nomine
1984 2169 2332 2236 conscripsit;
2364 2183 2524 2237 quam
2574 2168 2769 2223 saeculo
2791 2169 3067 2234 superiore
3108 2183 3137 2220 a

1566 2261 1832 2316 Cotelerio
1864 2261 2085 2323 editam,
2128 2260 2273 2313 inter
2301 2268 2484 2313 nostra
2543 2258 2985 2329 Amphilochiana
3015 2272 3141 2327 pro-

1569 2352 1807 2407 tulimus.
1839 2350 1997 2404 Anno
2028 2352 2282 2419 deinceps
2332 2350 2430 2404 581
2473 2350 2681 2419 synodo
2707 2348 2945 2420 generali
2995 2348 3141 2403 Con-

1571 2443 2069 2511 stantinopolitanae
2095 2440 2357 2508 interfuit,
2385 2452 2550 2511 atque
2569 2458 2598 2495 a
2619 2441 2866 2496 Patribus
2890 2443 2956 2495 ad
2981 2441 3141 2494 fidem

1569 2536 1892 2591 catholicam
1921 2550 2021 2604 per
2052 2534 2195 2588 Asiae
2229 2534 2537 2603 provincias
2564 2524 2954 2587 restituendam
2992 2530 3142 2585 dele-

1568 2636 1724 2697 gatus
1744 2625 1912 2681 fuisse
1946 2626 2275 2696 comperitur
2310 2624 2407 2696 (o).
2437 2625 2554 2691 Quo
2588 2626 2713 2679 item
2765 2638 2906 2677 anno
2933 2622 3143 2691 primus

1570 2716 1889 2785 subscripsit
1916 2724 2098 2770 noster
2148 2714 2442 2769 lconiensis
2491 2717 2774 2783 episcopus
2825 2718 3145 2767 testamento

1569 2808 1814 2876 Gregorii
1864 2806 2213 2869 Nazianzeni,
2274 2804 2460 2873 Flavio
2517 2804 2782 2858 Eucherio
2847 2811 2903 2857 et
2960 2800 3145 2856 Flavio

1570 2899 1800 2969 Evagrio
1829 2915 1968 2954 coss.
2028 2899 2226 2953 litteris
2262 2898 2581 2966 consignato
2630 2896 2727 2967 (p).
2767 2895 2990 2950 Biennio
3025 2902 3146 2963 post

1574 2993 1778 3063 synodo
1805 2990 1995 3060 viginti
2038 2990 2275 3059 quinque
2322 2989 2695 3056 episcoporum
2732 2986 2965 3055 praefuit,
3003 2986 3145 3041 Sidae

1576 3084 1631 3137 in
1660 3082 1974 3152 Pamphylia
1992 3089 2185 3137 contra
2203 3079 2552 3135 Messalianos
2570 3088 2793 3143 coactae,
2811 3088 2945 3132 teste
2965 3077 3143 3131 Theo-

1577 3174 1755 3229 dorito
1786 3173 1859 3244 (ιι)
1886 3191 1899 3225 :
1928 3175 2017 3242 qui
2067 3180 2122 3226 et
2167 3170 2292 3224 alibi
2334 3170 2406 3240 (r)
2449 3190 2462 3223 :
2502 3188 2521 3221 ι
2562 3170 2904 3235 Accuratius,
2939 3168 3139 3236 inquit,

1579 3265 1826 3319 haeresim
1868 3259 2359 3332 (Messalianorum)
2416 3259 2655 3314 confodit
2704 3259 2859 3328 longe
2915 3259 3148 3327 Optimus

1578 3353 2001 3424 Amphilochius,
2055 3352 2169 3421 ipsa
2232 3350 2444 3404 illorum
2476 3352 2636 3406 verba
2672 3350 2807 3404 actis
2836 3366 2865 3402 a
2899 3364 2959 3403 se
3016 3363 3150 3402 con-

1577 3447 1732 3501 fectis
1758 3444 2025 3505 inserens,
2060 3456 2178 3510 qua:
2207 3441 2511 3508 dogmatum
2562 3438 2917 3495 differentiam
2967 3450 3152 3506 aperte

1580 3537 1881 3593 declarant.
1927 3553 1947 3586 ι
1980 3533 2083 3588 Sed
2116 3530 2422 3600 huiusmodi
2458 3546 2595 3602 opus
2623 3529 3148 3599 Amphilochianum,

1581 3639 1643 3684 ut
1675 3628 1846 3684 ferme
1868 3626 2095 3695 reliqua,
2146 3624 2437 3679 intercidit.
2472 3625 2663 3680 Exstat
2694 3623 3048 3693 fragmentum
3083 3636 3151 3676 ex

1582 3721 1942 3791 Amphilochii
1972 3718 2198 3790 epistola
2225 3718 2526 3786 dogmatica
2561 3718 2627 3772 ad
2650 3716 3004 3771 Pancharium
3037 3714 3156 3768 dia-

1580 3829 1772 3867 conum
1805 3812 2083 3866 Sidensem
2108 3811 2199 3880 (ε),
2224 3810 2366 3880 quod
2394 3809 2623 3863 fortasse
2652 3809 2717 3863 ad
2748 3823 2835 3862 res
2861 3808 2914 3861 in
2959 3820 3022 3860 ea
3070 3805 3155 3860 Si-

1582 3904 1773 3959 delana
1807 3905 2012 3972 synodo
2040 3911 2218 3974 gestas
2239 3901 2536 3972 pertinere,
2566 3900 2710 3955 haud
2738 3899 3004 3953 immerito
3030 3900 3153 3966 quis

1579 3996 1871 4051 existimet.
1897 3995 2179 4065 Utcunque
2206 3993 2389 4059 fuerit,
2409 3993 2619 4064 juvabit
2642 4003 2819 4047 tamen
2845 3992 2992 4045 adire
3013 3989 3154 4044 Pho-

1456 4108 1483 4117 -
1584 4086 1716 4139 tium
1751 4086 1840 4157 (t),
1871 4086 1961 4155 qui
1985 4095 2103 4139 acta
2138 4086 2361 4155 hujusce
2388 4084 2580 4155 synodi
2607 4082 2748 4138 Sidae
2771 4082 2966 4137 habita:
3002 4080 3149 4150 legit,

1581 4175 1845 4247 pluraque
1877 4179 1943 4232 de
1975 4193 2039 4232 ea
2070 4177 2208 4232 scitu
2234 4177 2392 4246 digna
2423 4175 2654 4245 posteris
2688 4172 2925 4227 tradidit.
2967 4169 3152 4239 Neque

1584 4266 1979 4323 Tillemontium
2008 4270 2111 4323 hac
2139 4270 2205 4323 de
2234 4283 2295 4324 re
2315 4276 2599 4337 praetereas
2618 4265 2776 4320 velim
2806 4264 2907 4336 (ιι).

1660 4358 1742 4412 Ill.
1787 4360 1953 4414 Porro
1974 4363 2040 4415 ad
2063 4360 2207 4415 hunc
2235 4362 2414 4430 ipsum
2440 4374 2637 4413 annum
2668 4355 2794 4420 585,
2828 4363 2886 4409 ut
2914 4362 3033 4425 post
3053 4352 3155 4406 Bn-

1588 4451 1801 4504 ronium
1829 4449 1903 4522 (υ)
1938 4459 2161 4507 censent
2190 4451 2438 4507 Valesius
2464 4450 2544 4522 (π)
2573 4464 2642 4520 ac.
2667 4447 3041 4503 Tillemontius
3068 4446 3146 4515 (y)

1590 4550 1799 4610 spectat
1824 4543 2097 4611 egregium
2133 4542 2264 4598 illud
2296 4541 2652 4611 Amphilochii
2688 4538 2921 4604 facinus,
2957 4552 3157 4592 memo-

1658 4784 1972 4909 |(o)caSoc3at.
2004 4785 2149 4840 Hist.
2176 4787 2301 4842 εστι.
2345 4786 2435 4840 iih.
2472 4802 2523 4852 ν,
2568 4800 2687 4855 cap.
2719 4785 2784 4849 8;
2813 4782 3029 4838 Sozom.
3061 4782 3156 4837 lib.

1674 4895 1687 4909 .
1785 4871 1834 4909 o.
1911 4901 1921 4908 .

1588 4867 1687 4915 ‘lil,
1718 4870 1834 4915 cap.
1872 4867 1921 4909 υ.

1953 4923 2083 4980 Naz.
2111 4923 2244 4994 Opp.
2277 4939 2405 4979 tom.
2438 4924 2479 4988 Ι,
2507 4925 2606 4981 sub
2627 4927 2743 4979 init.

1684 4998 1737 5057 ᾳ)
1767 4995 2033 5048 Theudor.
2074 4994 2213 5049 Hist.
2253 4998 2377 5048 ccci.
2414 4997 2507 5048 lih.
2541 5010 2616 5057 iv,
2647 5010 2743 5057 cap

1684 4998 1737 5061 q)
1767 4995 2033 5063 Theodor.
2074 4994 2213 5049 Hist.
2253 4998 2377 5048 ecct.
2414 4997 2507 5048 lih.
2541 5010 2616 5059 iv,
2647 5010 2764 5063 cap.
2809 4995 2897 5048 Η.

1596 5120 1601 5127 _
1660 5066 1731 5134 (r)
1765 5063 1842 5134 id.
1872 5062 2072 5134 liceret.
2097 5064 2205 5132 fab.
2240 5065 2331 5118 lib.
2362 5080 2435 5129 ιν,
2464 5080 2585 5134 cap.
2612 5066 2698 5119 11.

1665 5132 1732 5201 (ε)
1760 5133 1899 5185 Infra
1922 5133 2020 5187 sub
2043 5150 2187 5187 nutu.
2215 5135 2301 5188 16.

1667 5204 1732 5269 (t)
1765 5201 1923 5255 Phot.
1948 5201 2086 5256 Bibl.
2113 5206 2232 5258 cod.
2271 5219 2361 5259 ur.

1665 5266 1758 5342 (ti),
1778 5270 2161 5342 Tillem.dl_é_m.
2190 5275 2315 5327 eccl.
2334 5284 2457 5327 tom.
2487 5272 2621 5339 Vill,
2648 5288 2800 5342 pagg.
2832 5270 2935 5326 554
2956 5283 3010 5326 et
3036 5266 3159 5328 798.

1599 5350 1713 5393 not.
1737 5341 1793 5403 2,
1817 5338 1922 5394 Sur
1943 5340 2014 5395 les
2035 5340 2360 5396 Messalieus.

1697 5409 1746 5475 υ)
1780 5409 1973 5465 Baron.
1996 5415 2062 5464 ad
2094 5428 2221 5466 ann.
2254 5412 2376 5475 583,
2410 5412 2438 5475 §
2467 5428 2616 5467 χχιι.

1673 5409 1750 5550 ἒυζ
1780 5409 1973 5501 Baron.
1996 5415 2062 5464 ad
2094 5428 2221 5466 ann.
2254 5412 2616 5534 385,5.xxxr.
2734 5480 2744 5492 ⁸

1673 5496 1729 5602 Ita:
1748 5478 1820 5603 2}
1837 5480 1966 5534 ales.
1995 5482 2060 5534 ad
2090 5479 2355 5538 Theudor.
2440 5493 2528 5537 ist.
2549 5483 2675 5537 ccci.
2710 5480 2804 5535 itb.
2836 5493 2890 5546 ν,
2930 5489 3047 5545 περ.
3072 5471 3162 5537 16,

1605 5565 1716 5605 ῐιοι.
1748 5565 1802 5603 2.

1677 5620 1752 5690 fy)
1781 5618 1992 5692 Tillern.
2031 5620 2188 5692 Mem.
2229 5621 2352 5674 ccci.
2385 5629 2513 5679 tom.
2550 5622 2636 5687 Vi,
2678 5635 2799 5692 pag.
2825 5616 2927 5673 627
2955 5622 3010 5671 et
3036 5610 3166 5681 80?,

1607 5688 1875 5759 ηοιζιοὸ,
1904 5688 2006 5744 Sur
2039 5691 2112 5747 les
2141 5692 2347 5745 Arietis.

2802 5801 2836 5858 1

3568 6086 4092 6346 ἧ
