  <div class='ocr_page' id='page_1' title='image "/cluster/home/n/w/nwhite01/storage/ocr_20150623/39/coo.31924054869361/013.png"; bbox 0 0 4092 6384; ppageno 0'>
   <div class='ocr_carea' id='block_1_1' title="bbox 474 425 2735 488">
    <p class='ocr_par' dir='ltr' id='par_1_1' title="bbox 474 425 2735 488">
     <span class='ocr_line' id='line_1_1' title="bbox 474 425 2735 488; baseline -0.004 0"><span class='ocrx_word' id='word_1_1' title='bbox 474 429 542 488; x_wconf 68' lang='grc' dir='ltr'>Μ</span> <span class='ocrx_word' id='word_1_2' title='bbox 1427 429 1485 483; x_wconf 83' lang='grc'><strong>8.</strong></span> <span class='ocrx_word' id='word_1_3' title='bbox 1526 427 1969 483; x_wconf 80' lang='lat' dir='ltr'><strong>AMPlllLllCIlll</strong></span> <span class='ocrx_word' id='word_1_4' title='bbox 2008 425 2391 482; x_wconf 85' lang='lat' dir='ltr'><strong>ICONIENSIS</strong></span> <span class='ocrx_word' id='word_1_5' title='bbox 2428 425 2735 484; x_wconf 81' lang='lat' dir='ltr'><strong>EPISCOPI</strong></span> 
     </span>
    </p>
   </div>
   <div class='ocr_carea' id='block_1_2' title="bbox 3655 429 3728 487">
    <p class='ocr_par' dir='ltr' id='par_1_2' title="bbox 3655 429 3728 487">
     <span class='ocr_line' id='line_1_2' title="bbox 3655 429 3728 487; baseline 0 0"><span class='ocrx_word' id='word_1_6' title='bbox 3655 429 3728 487; x_wconf 61' lang='grc' dir='ltr'><strong>’ἓ</strong></span> 
     </span>
    </p>
   </div>
   <div class='ocr_carea' id='block_1_3' title="bbox 474 543 3723 617">
    <p class='ocr_par' dir='ltr' id='par_1_3' title="bbox 474 543 3723 617">
     <span class='ocr_line' id='line_1_3' title="bbox 474 543 3723 617; baseline -0.001 -12"><span class='ocrx_word' id='word_1_7' title='bbox 474 550 558 605; x_wconf 86' lang='lat' dir='ltr'><strong>ria</strong></span> <span class='ocrx_word' id='word_1_8' title='bbox 586 547 791 604; x_wconf 75' lang='lat' dir='ltr'><strong>scilicet</strong></span> <span class='ocrx_word' id='word_1_9' title='bbox 846 546 1238 617; x_wconf 87' lang='lat' dir='ltr'><strong>dignissimum,</strong></span> <span class='ocrx_word' id='word_1_10' title='bbox 1273 560 1378 614; x_wconf 90' lang='lat' dir='ltr'><strong>quo</strong></span> <span class='ocrx_word' id='word_1_11' title='bbox 1410 560 1440 599; x_wconf 91' lang='lat' dir='ltr'><strong>a</strong></span> <span class='ocrx_word' id='word_1_12' title='bbox 1490 561 1684 616; x_wconf 89' lang='lat' dir='ltr'><strong>magno</strong></span> <span class='ocrx_word' id='word_1_13' title='bbox 1717 545 2041 609; x_wconf 90' lang='lat' dir='ltr'><strong>Theodosio,</strong></span> <span class='ocrx_word' id='word_1_14' title='bbox 2072 554 2119 606; x_wconf 76' lang='grc' dir='ltr'>Α</span> <span class='ocrx_word' id='word_1_15' title='bbox 2145 562 2241 600; x_wconf 91' lang='lat' dir='ltr'><strong>cua</strong></span> <span class='ocrx_word' id='word_1_16' title='bbox 2274 560 2289 597; x_wconf 93' lang='lat'><strong>:</strong></span> <span class='ocrx_word' id='word_1_17' title='bbox 2321 560 2440 615; x_wconf 73' lang='lat' dir='ltr'><strong>qua:</strong></span> <span class='ocrx_word' id='word_1_18' title='bbox 2474 555 2651 600; x_wconf 88' lang='lat' dir='ltr'><strong>tamen</strong></span> <span class='ocrx_word' id='word_1_19' title='bbox 2684 543 2863 599; x_wconf 85' lang='lat' dir='ltr'><strong>omnia</strong></span> <span class='ocrx_word' id='word_1_20' title='bbox 2889 544 2955 598; x_wconf 83' lang='lat' dir='ltr'><strong>ad</strong></span> <span class='ocrx_word' id='word_1_21' title='bbox 2991 557 3089 598; x_wconf 88' lang='lat' dir='ltr'><strong>nos</strong></span> <span class='ocrx_word' id='word_1_22' title='bbox 3135 557 3241 598; x_wconf 90' lang='lat' dir='ltr'><strong>non</strong></span> <span class='ocrx_word' id='word_1_23' title='bbox 3294 544 3606 614; x_wconf 82' lang='lat' dir='ltr'><strong>pervenisse</strong></span> <span class='ocrx_word' id='word_1_24' title='bbox 3626 548 3723 602; x_wconf 88' lang='lat' dir='ltr'><strong>do-</strong></span> 
     </span>
    </p>
   </div>
   <div class='ocr_carea' id='block_1_4' title="bbox 476 635 2039 705">
    <p class='ocr_par' dir='ltr' id='par_1_4' title="bbox 476 635 2039 705">
     <span class='ocr_line' id='line_1_4' title="bbox 476 635 2039 705; baseline -0.001 -13"><span class='ocrx_word' id='word_1_25' title='bbox 476 637 646 692; x_wconf 90' lang='lat' dir='ltr'><strong>invito</strong></span> <span class='ocrx_word' id='word_1_26' title='bbox 671 635 820 703; x_wconf 83' lang='lat' dir='ltr'><strong>licet,</strong></span> <span class='ocrx_word' id='word_1_27' title='bbox 848 637 1156 705; x_wconf 88' lang='lat' dir='ltr'><strong>impetravit</strong></span> <span class='ocrx_word' id='word_1_28' title='bbox 1178 645 1238 690; x_wconf 91' lang='lat' dir='ltr'><strong>ut</strong></span> <span class='ocrx_word' id='word_1_29' title='bbox 1284 635 1612 689; x_wconf 86' lang='lat' dir='ltr'><strong>Arianorum</strong></span> <span class='ocrx_word' id='word_1_30' title='bbox 1662 635 2039 691; x_wconf 89' lang='lat' dir='ltr'><strong>conventicula</strong></span> 
     </span>
    </p>
   </div>
   <div class='ocr_carea' id='block_1_5' title="bbox 475 724 2041 798">
    <p class='ocr_par' dir='ltr' id='par_1_5' title="bbox 475 724 2041 798">
     <span class='ocr_line' id='line_1_5' title="bbox 475 724 2041 798; baseline 0 -18"><span class='ocrx_word' id='word_1_31' title='bbox 475 735 807 782; x_wconf 91' lang='lat' dir='ltr'><strong>vetarentur.</strong></span> <span class='ocrx_word' id='word_1_32' title='bbox 838 725 971 781; x_wconf 84' lang='lat' dir='ltr'><strong>Rem</strong></span> <span class='ocrx_word' id='word_1_33' title='bbox 1006 724 1178 781; x_wconf 79' lang='lat' dir='ltr'><strong>fusius</strong></span> <span class='ocrx_word' id='word_1_34' title='bbox 1199 737 1418 779; x_wconf 91' lang='lat' dir='ltr'><strong>enarrat</strong></span> <span class='ocrx_word' id='word_1_35' title='bbox 1438 724 1797 780; x_wconf 88' lang='lat' dir='ltr'><strong>&#39;l‘heodoritus</strong></span> <span class='ocrx_word' id='word_1_36' title='bbox 1829 726 1926 798; x_wconf 84' lang='grc' dir='ltr'>(η),</span> <span class='ocrx_word' id='word_1_37' title='bbox 1950 727 2041 781; x_wconf 87' lang='lat' dir='ltr'><strong>sed</strong></span> 
     </span>
    </p>
   </div>
   <div class='ocr_carea' id='block_1_6' title="bbox 478 812 2041 884">
    <p class='ocr_par' dir='ltr' id='par_1_6' title="bbox 478 812 2041 884">
     <span class='ocr_line' id='line_1_6' title="bbox 478 812 2041 884; baseline 0.001 -17"><span class='ocrx_word' id='word_1_38' title='bbox 478 816 655 869; x_wconf 91' lang='lat' dir='ltr'><strong>minus</strong></span> <span class='ocrx_word' id='word_1_39' title='bbox 681 826 929 870; x_wconf 90' lang='lat' dir='ltr'><strong>accurate</strong></span> <span class='ocrx_word' id='word_1_40' title='bbox 962 814 1295 869; x_wconf 87' lang='lat' dir='ltr'><strong>Sozomenus</strong></span> <span class='ocrx_word' id='word_1_41' title='bbox 1347 812 1444 884; x_wconf 89' lang='lat' dir='ltr'><strong>(b).</strong></span> <span class='ocrx_word' id='word_1_42' title='bbox 1500 812 1761 868; x_wconf 86' lang='lat' dir='ltr'><strong>Nimirum</strong></span> <span class='ocrx_word' id='word_1_43' title='bbox 1806 816 1858 869; x_wconf 90' lang='lat' dir='ltr'><strong>iu</strong></span> <span class='ocrx_word' id='word_1_44' title='bbox 1892 816 2041 882; x_wconf 87' lang='lat' dir='ltr'><strong>pala-</strong></span> 
     </span>
    </p>
   </div>
   <div class='ocr_carea' id='block_1_7' title="bbox 483 902 2044 974">
    <p class='ocr_par' dir='ltr' id='par_1_7' title="bbox 483 902 2044 974">
     <span class='ocr_line' id='line_1_7' title="bbox 483 902 2044 974; baseline 0 -16"><span class='ocrx_word' id='word_1_45' title='bbox 483 905 612 959; x_wconf 90' lang='lat' dir='ltr'><strong>tium</strong></span> <span class='ocrx_word' id='word_1_46' title='bbox 638 904 910 974; x_wconf 88' lang='lat' dir='ltr'><strong>ingressus</strong></span> <span class='ocrx_word' id='word_1_47' title='bbox 933 904 1280 958; x_wconf 87' lang='lat' dir='ltr'><strong>admirandus</strong></span> <span class='ocrx_word' id='word_1_48' title='bbox 1302 903 1393 957; x_wconf 81' lang='lat' dir='ltr'><strong>ille</strong></span> <span class='ocrx_word' id='word_1_49' title='bbox 1417 903 1841 972; x_wconf 86' lang='lat' dir='ltr'><strong>Amphilochius,</strong></span> <span class='ocrx_word' id='word_1_50' title='bbox 1869 902 2044 958; x_wconf 86' lang='lat' dir='ltr'><strong>Theo-</strong></span> 
     </span>
    </p>
   </div>
   <div class='ocr_carea' id='block_1_8' title="bbox 480 999 2044 1069">
    <p class='ocr_par' dir='ltr' id='par_1_8' title="bbox 480 999 2044 1069">
     <span class='ocr_line' id='line_1_8' title="bbox 480 999 2044 1069; baseline -0.001 -17"><span class='ocrx_word' id='word_1_51' title='bbox 480 1002 690 1055; x_wconf 77' lang='lat' dir='ltr'><strong>ilosiutn</strong></span> <span class='ocrx_word' id='word_1_52' title='bbox 719 999 936 1069; x_wconf 89' lang='lat' dir='ltr'><strong>quidem</strong></span> <span class='ocrx_word' id='word_1_53' title='bbox 967 999 1123 1054; x_wconf 90' lang='lat' dir='ltr'><strong>solito</strong></span> <span class='ocrx_word' id='word_1_54' title='bbox 1150 1000 1356 1054; x_wconf 84' lang='lat' dir='ltr'><strong>honore</strong></span> <span class='ocrx_word' id='word_1_55' title='bbox 1386 1008 1705 1067; x_wconf 91' lang='lat' dir='ltr'><strong>prosecutus</strong></span> <span class='ocrx_word' id='word_1_56' title='bbox 1734 1009 1851 1064; x_wconf 88' lang='lat' dir='ltr'><strong>est;</strong></span> <span class='ocrx_word' id='word_1_57' title='bbox 1876 1000 2044 1051; x_wconf 87' lang='lat' dir='ltr'><strong>Arca-</strong></span> 
     </span>
    </p>
   </div>
   <div class='ocr_carea' id='block_1_9' title="bbox 478 1087 2046 1158">
    <p class='ocr_par' dir='ltr' id='par_1_9' title="bbox 478 1087 2046 1158">
     <span class='ocr_line' id='line_1_9' title="bbox 478 1087 2046 1158; baseline 0.001 -16"><span class='ocrx_word' id='word_1_58' title='bbox 478 1090 623 1143; x_wconf 88' lang='lat' dir='ltr'><strong>diutu</strong></span> <span class='ocrx_word' id='word_1_59' title='bbox 654 1104 782 1144; x_wconf 90' lang='lat' dir='ltr'><strong>vero</strong></span> <span class='ocrx_word' id='word_1_60' title='bbox 810 1090 946 1158; x_wconf 89' lang='lat' dir='ltr'><strong>patri</strong></span> <span class='ocrx_word' id='word_1_61' title='bbox 975 1098 1265 1151; x_wconf 85' lang='lat' dir='ltr'><strong>astantem,</strong></span> <span class='ocrx_word' id='word_1_62' title='bbox 1288 1104 1447 1158; x_wconf 88' lang='lat' dir='ltr'><strong>quem</strong></span> <span class='ocrx_word' id='word_1_63' title='bbox 1477 1089 1565 1142; x_wconf 91' lang='lat' dir='ltr'><strong>ille</strong></span> <span class='ocrx_word' id='word_1_64' title='bbox 1593 1087 1750 1157; x_wconf 90' lang='lat' dir='ltr'><strong>paulo</strong></span> <span class='ocrx_word' id='word_1_65' title='bbox 1778 1099 1903 1143; x_wconf 83' lang='lat' dir='ltr'><strong>ante</strong></span> <span class='ocrx_word' id='word_1_66' title='bbox 1934 1090 2046 1143; x_wconf 88' lang='lat' dir='ltr'><strong>Au-</strong></span> 
     </span>
    </p>
   </div>
   <div class='ocr_carea' id='block_1_10' title="bbox 403 1178 2041 1257">
    <p class='ocr_par' dir='ltr' id='par_1_10' title="bbox 403 1178 2041 1257">
     <span class='ocr_line' id='line_1_10' title="bbox 403 1178 2041 1257; baseline -0.002 -24"><span class='ocrx_word' id='word_1_67' title='bbox 403 1235 416 1257; x_wconf 49' lang='lat'><strong><em>\</em></strong></span> <span class='ocrx_word' id='word_1_68' title='bbox 478 1188 688 1249; x_wconf 80' lang='lat' dir='ltr'><strong>gustum</strong></span> <span class='ocrx_word' id='word_1_69' title='bbox 720 1179 1139 1244; x_wconf 83' lang='lat' dir='ltr'><strong>renuntiaverat,</strong></span> <span class='ocrx_word' id='word_1_70' title='bbox 1194 1179 1537 1232; x_wconf 87' lang='lat' dir='ltr'><strong>iusalutatum</strong></span> <span class='ocrx_word' id='word_1_71' title='bbox 1566 1178 1841 1247; x_wconf 67' lang='lat' dir='ltr'><strong>praeteriit.</strong></span> <span class='ocrx_word' id='word_1_72' title='bbox 1892 1178 2041 1244; x_wconf 84' lang='lat' dir='ltr'><strong>Quod</strong></span> 
     </span>
    </p>
   </div>
   <div class='ocr_carea' id='block_1_11' title="bbox 477 1267 2040 1342">
    <p class='ocr_par' dir='ltr' id='par_1_11' title="bbox 477 1267 2040 1342">
     <span class='ocr_line' id='line_1_11' title="bbox 477 1267 2040 1342; baseline -0.003 -17"><span class='ocrx_word' id='word_1_73' title='bbox 477 1271 693 1339; x_wconf 79' lang='lat' dir='ltr'><strong>quidem</strong></span> <span class='ocrx_word' id='word_1_74' title='bbox 733 1272 951 1342; x_wconf 80' lang='lat' dir='ltr'><strong>indigne</strong></span> <span class='ocrx_word' id='word_1_75' title='bbox 984 1270 1170 1325; x_wconf 86' lang='lat' dir='ltr'><strong>ferens</strong></span> <span class='ocrx_word' id='word_1_76' title='bbox 1191 1270 1501 1338; x_wconf 82' lang='lat' dir='ltr'><strong>imperator,</strong></span> <span class='ocrx_word' id='word_1_77' title='bbox 1531 1270 1597 1322; x_wconf 95' lang='lat' dir='ltr'><strong>de</strong></span> <span class='ocrx_word' id='word_1_78' title='bbox 1622 1267 1712 1321; x_wconf 88' lang='lat' dir='ltr'><strong>lilii</strong></span> <span class='ocrx_word' id='word_1_79' title='bbox 1734 1278 2040 1337; x_wconf 86' lang='lat' dir='ltr'><strong>contemptu</strong></span> 
     </span>
    </p>
   </div>
   <div class='ocr_carea' id='block_1_12' title="bbox 481 1359 2041 1431">
    <p class='ocr_par' dir='ltr' id='par_1_12' title="bbox 481 1359 2041 1431">
     <span class='ocr_line' id='line_1_12' title="bbox 481 1359 2041 1431; baseline -0.001 -17"><span class='ocrx_word' id='word_1_80' title='bbox 481 1362 622 1431; x_wconf 88' lang='lat' dir='ltr'><strong>quod</strong></span> <span class='ocrx_word' id='word_1_81' title='bbox 661 1362 713 1415; x_wconf 92' lang='lat' dir='ltr'><strong>in</strong></span> <span class='ocrx_word' id='word_1_82' title='bbox 743 1376 801 1416; x_wconf 88' lang='lat' dir='ltr'><strong>se</strong></span> <span class='ocrx_word' id='word_1_83' title='bbox 832 1362 1005 1430; x_wconf 87' lang='lat' dir='ltr'><strong>ipsum</strong></span> <span class='ocrx_word' id='word_1_84' title='bbox 1040 1359 1260 1424; x_wconf 85' lang='lat' dir='ltr'><strong>recidat,</strong></span> <span class='ocrx_word' id='word_1_85' title='bbox 1293 1374 1413 1413; x_wconf 91' lang='lat' dir='ltr'><strong>cum</strong></span> <span class='ocrx_word' id='word_1_86' title='bbox 1444 1359 1696 1426; x_wconf 89' lang='lat' dir='ltr'><strong>episcopo</strong></span> <span class='ocrx_word' id='word_1_87' title='bbox 1719 1359 2041 1428; x_wconf 84' lang='lat' dir='ltr'><strong>expostulat.</strong></span> 
     </span>
    </p>
   </div>
   <div class='ocr_carea' id='block_1_13' title="bbox 482 1446 2040 1517">
    <p class='ocr_par' dir='ltr' id='par_1_13' title="bbox 482 1446 2040 1517">
     <span class='ocr_line' id='line_1_13' title="bbox 482 1446 2040 1517; baseline -0.001 -12"><span class='ocrx_word' id='word_1_88' title='bbox 482 1452 632 1506; x_wconf 87' lang='lat' dir='ltr'><strong>&#39;I‘unc</strong></span> <span class='ocrx_word' id='word_1_89' title='bbox 654 1467 780 1507; x_wconf 88' lang='lat' dir='ltr'><strong>vero</strong></span> <span class='ocrx_word' id='word_1_90' title='bbox 829 1459 1080 1506; x_wconf 89' lang='lat' dir='ltr'><strong>contenta</strong></span> <span class='ocrx_word' id='word_1_91' title='bbox 1128 1464 1262 1505; x_wconf 89' lang='lat' dir='ltr'><strong>voce</strong></span> <span class='ocrx_word' id='word_1_92' title='bbox 1305 1448 1758 1517; x_wconf 83' lang='lat' dir='ltr'><strong>Amphilochius:</strong></span> <span class='ocrx_word' id='word_1_93' title='bbox 1805 1467 1824 1499; x_wconf 75' lang='lat' dir='ltr'><strong>t</strong></span> <span class='ocrx_word' id='word_1_94' title='bbox 1857 1446 2040 1513; x_wconf 75' lang='lat' dir='ltr'><strong>Vides,</strong></span> 
     </span>
    </p>
   </div>
   <div class='ocr_carea' id='block_1_14' title="bbox 482 1536 2043 1612">
    <p class='ocr_par' dir='ltr' id='par_1_14' title="bbox 482 1536 2043 1612">
     <span class='ocr_line' id='line_1_14' title="bbox 482 1536 2043 1612; baseline -0.001 -18"><span class='ocrx_word' id='word_1_95' title='bbox 482 1542 673 1612; x_wconf 89' lang='lat' dir='ltr'><strong>inquit,</strong></span> <span class='ocrx_word' id='word_1_96' title='bbox 704 1542 1014 1611; x_wconf 89' lang='lat' dir='ltr'><strong>imperator,</strong></span> <span class='ocrx_word' id='word_1_97' title='bbox 1051 1550 1102 1594; x_wconf 91' lang='lat' dir='ltr'><strong>te</strong></span> <span class='ocrx_word' id='word_1_98' title='bbox 1133 1539 1224 1594; x_wconf 85' lang='lat' dir='ltr'><strong>lilii</strong></span> <span class='ocrx_word' id='word_1_99' title='bbox 1260 1540 1333 1593; x_wconf 91' lang='lat' dir='ltr'><strong>tui</strong></span> <span class='ocrx_word' id='word_1_100' title='bbox 1357 1537 1733 1593; x_wconf 87' lang='lat' dir='ltr'><strong>contumeliam</strong></span> <span class='ocrx_word' id='word_1_101' title='bbox 1769 1536 1911 1593; x_wconf 83' lang='lat' dir='ltr'><strong>ferre</strong></span> <span class='ocrx_word' id='word_1_102' title='bbox 1937 1554 2043 1593; x_wconf 91' lang='lat' dir='ltr'><strong>non</strong></span> 
     </span>
    </p>
   </div>
   <div class='ocr_carea' id='block_1_15' title="bbox 475 1631 2044 1704">
    <p class='ocr_par' dir='ltr' id='par_1_15' title="bbox 475 1631 2044 1704">
     <span class='ocr_line' id='line_1_15' title="bbox 475 1631 2044 1704; baseline -0.001 -18"><span class='ocrx_word' id='word_1_103' title='bbox 475 1642 664 1704; x_wconf 82' lang='lat' dir='ltr'><strong>posse,</strong></span> <span class='ocrx_word' id='word_1_104' title='bbox 712 1634 803 1688; x_wconf 90' lang='lat' dir='ltr'><strong>sed</strong></span> <span class='ocrx_word' id='word_1_105' title='bbox 838 1647 1157 1688; x_wconf 87' lang='lat' dir='ltr'><strong>succensere</strong></span> <span class='ocrx_word' id='word_1_106' title='bbox 1189 1633 1254 1686; x_wconf 90' lang='lat' dir='ltr'><strong>iis</strong></span> <span class='ocrx_word' id='word_1_107' title='bbox 1281 1632 1375 1701; x_wconf 91' lang='lat' dir='ltr'><strong>qui</strong></span> <span class='ocrx_word' id='word_1_108' title='bbox 1424 1632 1499 1685; x_wconf 89' lang='lat' dir='ltr'><strong>illi</strong></span> <span class='ocrx_word' id='word_1_109' title='bbox 1531 1631 1907 1687; x_wconf 88' lang='lat' dir='ltr'><strong>contumeliam</strong></span> <span class='ocrx_word' id='word_1_110' title='bbox 1961 1632 2044 1684; x_wconf 80' lang='lat' dir='ltr'><strong>fa-</strong></span> 
     </span>
    </p>
   </div>
   <div class='ocr_carea' id='block_1_16' title="bbox 475 1720 2044 1792">
    <p class='ocr_par' dir='ltr' id='par_1_16' title="bbox 475 1720 2044 1792">
     <span class='ocr_line' id='line_1_16' title="bbox 475 1720 2044 1792; baseline -0.002 -14"><span class='ocrx_word' id='word_1_111' title='bbox 475 1727 643 1778; x_wconf 89' lang='lat' dir='ltr'><strong>ciunt.</strong></span> <span class='ocrx_word' id='word_1_112' title='bbox 669 1722 842 1778; x_wconf 88' lang='lat' dir='ltr'><strong>Crede</strong></span> <span class='ocrx_word' id='word_1_113' title='bbox 866 1724 1047 1787; x_wconf 76' lang='lat' dir='ltr'><strong>igitur,</strong></span> <span class='ocrx_word' id='word_1_114' title='bbox 1074 1723 1237 1777; x_wconf 89' lang='lat' dir='ltr'><strong>Deum</strong></span> <span class='ocrx_word' id='word_1_115' title='bbox 1269 1736 1481 1792; x_wconf 91' lang='lat' dir='ltr'><strong>quoque</strong></span> <span class='ocrx_word' id='word_1_116' title='bbox 1508 1722 1666 1791; x_wconf 84' lang='lat' dir='ltr'><strong>hujus</strong></span> <span class='ocrx_word' id='word_1_117' title='bbox 1688 1720 1927 1775; x_wconf 89' lang='lat' dir='ltr'><strong>universi</strong></span> <span class='ocrx_word' id='word_1_118' title='bbox 1951 1734 2044 1776; x_wconf 89' lang='lat' dir='ltr'><strong>eos</strong></span> 
     </span>
    </p>
   </div>
   <div class='ocr_carea' id='block_1_17' title="bbox 475 1810 2045 1882">
    <p class='ocr_par' dir='ltr' id='par_1_17' title="bbox 475 1810 2045 1882">
     <span class='ocr_line' id='line_1_17' title="bbox 475 1810 2045 1882; baseline -0.001 -17"><span class='ocrx_word' id='word_1_119' title='bbox 475 1814 710 1867; x_wconf 88' lang='lat' dir='ltr'><strong>aversari</strong></span> <span class='ocrx_word' id='word_1_120' title='bbox 737 1824 896 1882; x_wconf 91' lang='lat' dir='ltr'><strong>atque</strong></span> <span class='ocrx_word' id='word_1_121' title='bbox 925 1813 1051 1868; x_wconf 92' lang='lat' dir='ltr'><strong>odio</strong></span> <span class='ocrx_word' id='word_1_122' title='bbox 1084 1812 1302 1874; x_wconf 87' lang='lat' dir='ltr'><strong>habere,</strong></span> <span class='ocrx_word' id='word_1_123' title='bbox 1354 1812 1445 1882; x_wconf 92' lang='lat' dir='ltr'><strong>qui</strong></span> <span class='ocrx_word' id='word_1_124' title='bbox 1485 1810 1681 1865; x_wconf 87' lang='lat' dir='ltr'><strong>Filium</strong></span> <span class='ocrx_word' id='word_1_125' title='bbox 1716 1811 1887 1881; x_wconf 87' lang='lat' dir='ltr'><strong>ipsius</strong></span> <span class='ocrx_word' id='word_1_126' title='bbox 1924 1812 2045 1864; x_wconf 80' lang='lat' dir='ltr'><strong>uni-</strong></span> 
     </span>
    </p>
   </div>
   <div class='ocr_carea' id='block_1_18' title="bbox 2143 634 2379 691">
    <p class='ocr_par' dir='ltr' id='par_1_18' title="bbox 2143 634 2379 691">
     <span class='ocr_line' id='line_1_18' title="bbox 2143 634 2379 691; baseline 0 -3"><span class='ocrx_word' id='word_1_127' title='bbox 2143 634 2379 691; x_wconf 87' lang='lat' dir='ltr'><strong>lendum.</strong></span> 
     </span>
    </p>
   </div>
   <div class='ocr_carea' id='block_1_19' title="bbox 2221 720 3722 793">
    <p class='ocr_par' dir='ltr' id='par_1_19' title="bbox 2221 720 3722 793">
     <span class='ocr_line' id='line_1_19' title="bbox 2221 720 3722 793; baseline -0.001 -14"><span class='ocrx_word' id='word_1_128' title='bbox 2221 725 2284 779; x_wconf 86' lang='lat' dir='ltr'><strong>V.</strong></span> <span class='ocrx_word' id='word_1_129' title='bbox 2320 723 2506 793; x_wconf 84' lang='lat' dir='ltr'><strong>Neque</strong></span> <span class='ocrx_word' id='word_1_130' title='bbox 2534 722 2690 777; x_wconf 90' lang='lat' dir='ltr'><strong>aliter</strong></span> <span class='ocrx_word' id='word_1_131' title='bbox 2726 736 2855 776; x_wconf 89' lang='lat' dir='ltr'><strong>sane</strong></span> <span class='ocrx_word' id='word_1_132' title='bbox 2879 720 3228 786; x_wconf 87' lang='lat' dir='ltr'><strong>censendum,</strong></span> <span class='ocrx_word' id='word_1_133' title='bbox 3253 722 3296 776; x_wconf 91' lang='lat' dir='ltr'><strong>si</strong></span> <span class='ocrx_word' id='word_1_134' title='bbox 3328 732 3639 790; x_wconf 85' lang='lat' dir='ltr'><strong>spectentur</strong></span> <span class='ocrx_word' id='word_1_135' title='bbox 3667 724 3722 777; x_wconf 83' lang='lat' dir='ltr'><strong>in</strong></span> 
     </span>
    </p>
   </div>
   <div class='ocr_carea' id='block_1_20' title="bbox 2147 811 3719 884">
    <p class='ocr_par' dir='ltr' id='par_1_20' title="bbox 2147 811 3719 884">
     <span class='ocr_line' id='line_1_20' title="bbox 2147 811 3719 884; baseline -0.001 -17"><span class='ocrx_word' id='word_1_136' title='bbox 2147 817 2339 884; x_wconf 89' lang='lat' dir='ltr'><strong>primis</strong></span> <span class='ocrx_word' id='word_1_137' title='bbox 2366 814 2812 884; x_wconf 84' lang='lat' dir='ltr'><strong>Ampltilocltiaua</strong></span> <span class='ocrx_word' id='word_1_138' title='bbox 2847 811 3294 882; x_wconf 67' lang='lat' dir='ltr'><strong>fragtnenta‘qute</strong></span> <span class='ocrx_word' id='word_1_139' title='bbox 3320 823 3530 866; x_wconf 82' lang='lat' dir='ltr'><strong>veteres</strong></span> <span class='ocrx_word' id='word_1_140' title='bbox 3561 815 3719 867; x_wconf 87' lang='lat' dir='ltr'><strong>nobis</strong></span> 
     </span>
    </p>
   </div>
   <div class='ocr_carea' id='block_1_21' title="bbox 2143 906 3721 977">
    <p class='ocr_par' dir='ltr' id='par_1_21' title="bbox 2143 906 3721 977">
     <span class='ocr_line' id='line_1_21' title="bbox 2143 906 3721 977; baseline -0.003 -15"><span class='ocrx_word' id='word_1_141' title='bbox 2143 916 2423 962; x_wconf 86' lang='lat' dir='ltr'><strong>servarunt</strong></span> <span class='ocrx_word' id='word_1_142' title='bbox 2451 906 2737 977; x_wconf 86' lang='lat' dir='ltr'><strong>:Cyrillns,</strong></span> <span class='ocrx_word' id='word_1_143' title='bbox 2762 907 3003 974; x_wconf 86' lang='lat' dir='ltr'><strong>inquam,</strong></span> <span class='ocrx_word' id='word_1_144' title='bbox 3028 906 3445 969; x_wconf 81' lang='lat' dir='ltr'><strong>Alexandrinus,</strong></span> <span class='ocrx_word' id='word_1_145' title='bbox 3476 906 3721 961; x_wconf 86' lang='lat' dir='ltr'><strong>Theodo-</strong></span> 
     </span>
    </p>
   </div>
   <div class='ocr_carea' id='block_1_22' title="bbox 2143 994 3721 1067">
    <p class='ocr_par' dir='ltr' id='par_1_22' title="bbox 2143 994 3721 1067">
     <span class='ocr_line' id='line_1_22' title="bbox 2143 994 3721 1067; baseline -0.002 -16"><span class='ocrx_word' id='word_1_146' title='bbox 2143 998 2299 1064; x_wconf 89' lang='lat' dir='ltr'><strong>rittts,</strong></span> <span class='ocrx_word' id='word_1_147' title='bbox 2327 998 2641 1052; x_wconf 82' lang='lat' dir='ltr'><strong>Anastasius</strong></span> <span class='ocrx_word' id='word_1_148' title='bbox 2677 997 2909 1061; x_wconf 83' lang='lat' dir='ltr'><strong>Sinaita,</strong></span> <span class='ocrx_word' id='word_1_149' title='bbox 2945 996 3203 1050; x_wconf 84' lang='lat' dir='ltr'><strong>Leontius</strong></span> <span class='ocrx_word' id='word_1_150' title='bbox 3237 994 3582 1067; x_wconf 82' lang='lat' dir='ltr'><strong>Byzantinus,</strong></span> <span class='ocrx_word' id='word_1_151' title='bbox 3620 996 3721 1049; x_wconf 82' lang='lat' dir='ltr'><strong>Fa-</strong></span> 
     </span>
    </p>
   </div>
   <div class='ocr_carea' id='block_1_23' title="bbox 2142 1085 3719 1157">
    <p class='ocr_par' dir='ltr' id='par_1_23' title="bbox 2142 1085 3719 1157">
     <span class='ocr_line' id='line_1_23' title="bbox 2142 1085 3719 1157; baseline -0.001 -15"><span class='ocrx_word' id='word_1_152' title='bbox 2142 1090 2346 1143; x_wconf 86' lang='lat' dir='ltr'><strong>cundus</strong></span> <span class='ocrx_word' id='word_1_153' title='bbox 2382 1088 2802 1152; x_wconf 81' lang='lat' dir='ltr'><strong>Hermianensis,</strong></span> <span class='ocrx_word' id='word_1_154' title='bbox 2836 1085 3071 1141; x_wconf 82' lang='lat' dir='ltr'><strong>Joannes</strong></span> <span class='ocrx_word' id='word_1_155' title='bbox 3104 1087 3488 1151; x_wconf 88' lang='lat' dir='ltr'><strong>Damascenus,</strong></span> <span class='ocrx_word' id='word_1_156' title='bbox 3522 1088 3719 1157; x_wconf 85' lang='lat' dir='ltr'><strong>aliique</strong></span> 
     </span>
    </p>
   </div>
   <div class='ocr_carea' id='block_1_24' title="bbox 2143 1177 3718 1248">
    <p class='ocr_par' dir='ltr' id='par_1_24' title="bbox 2143 1177 3718 1248">
     <span class='ocr_line' id='line_1_24' title="bbox 2143 1177 3718 1248; baseline -0.001 -15"><span class='ocrx_word' id='word_1_157' title='bbox 2143 1178 2400 1233; x_wconf 71' lang='lat' dir='ltr'><strong>Ecclesia:</strong></span> <span class='ocrx_word' id='word_1_158' title='bbox 2450 1179 2766 1246; x_wconf 85' lang='lat' dir='ltr'><strong>scriptores.</strong></span> <span class='ocrx_word' id='word_1_159' title='bbox 2809 1177 2933 1231; x_wconf 66' lang='lat' dir='ltr'><strong>llaec</strong></span> <span class='ocrx_word' id='word_1_160' title='bbox 2977 1188 3156 1231; x_wconf 90' lang='lat' dir='ltr'><strong>autem</strong></span> <span class='ocrx_word' id='word_1_161' title='bbox 3207 1193 3453 1248; x_wconf 85' lang='lat' dir='ltr'><strong>magnam</strong></span> <span class='ocrx_word' id='word_1_162' title='bbox 3512 1188 3718 1248; x_wconf 88' lang='lat' dir='ltr'><strong>partem</strong></span> 
     </span>
    </p>
   </div>
   <div class='ocr_carea' id='block_1_25' title="bbox 2143 1269 3721 1342">
    <p class='ocr_par' dir='ltr' id='par_1_25' title="bbox 2143 1269 3721 1342">
     <span class='ocr_line' id='line_1_25' title="bbox 2143 1269 3721 1342; baseline 0.001 -18"><span class='ocrx_word' id='word_1_163' title='bbox 2143 1270 2359 1342; x_wconf 73' lang='lat' dir='ltr'><strong>collegit</strong></span> <span class='ocrx_word' id='word_1_164' title='bbox 2390 1270 2791 1325; x_wconf 87' lang='lat' dir='ltr'><strong>Coutbelisius:</strong></span> <span class='ocrx_word' id='word_1_165' title='bbox 2829 1269 3024 1338; x_wconf 85' lang='lat' dir='ltr'><strong>quibus</strong></span> <span class='ocrx_word' id='word_1_166' title='bbox 3081 1269 3185 1322; x_wconf 90' lang='lat' dir='ltr'><strong>alia</strong></span> <span class='ocrx_word' id='word_1_167' title='bbox 3238 1285 3409 1338; x_wconf 90' lang='lat' dir='ltr'><strong>neque</strong></span> <span class='ocrx_word' id='word_1_168' title='bbox 3452 1285 3617 1339; x_wconf 87' lang='lat' dir='ltr'><strong>pauca</strong></span> <span class='ocrx_word' id='word_1_169' title='bbox 3664 1279 3721 1325; x_wconf 83' lang='lat' dir='ltr'><strong>et</strong></span> 
     </span>
    </p>
   </div>
   <div class='ocr_carea' id='block_1_26' title="bbox 2143 1360 3717 1431">
    <p class='ocr_par' dir='ltr' id='par_1_26' title="bbox 2143 1360 3717 1431">
     <span class='ocr_line' id='line_1_26' title="bbox 2143 1360 3717 1431; baseline 0.001 -17"><span class='ocrx_word' id='word_1_170' title='bbox 2143 1360 2243 1431; x_wconf 91' lang='lat' dir='ltr'><strong>ipsi</strong></span> <span class='ocrx_word' id='word_1_171' title='bbox 2273 1361 2567 1430; x_wconf 85' lang='lat' dir='ltr'><strong>adjecimus</strong></span> <span class='ocrx_word' id='word_1_172' title='bbox 2604 1377 2622 1423; x_wconf 71' lang='grc' dir='ltr'>ς</span> <span class='ocrx_word' id='word_1_173' title='bbox 2664 1375 2834 1429; x_wconf 84' lang='lat' dir='ltr'><strong>eaque</strong></span> <span class='ocrx_word' id='word_1_174' title='bbox 2860 1361 3039 1414; x_wconf 89' lang='lat' dir='ltr'><strong>omnia</strong></span> <span class='ocrx_word' id='word_1_175' title='bbox 3075 1361 3308 1428; x_wconf 84' lang='lat' dir='ltr'><strong>primum</strong></span> <span class='ocrx_word' id='word_1_176' title='bbox 3330 1372 3582 1428; x_wconf 80' lang='lat' dir='ltr'><strong>congesta</strong></span> <span class='ocrx_word' id='word_1_177' title='bbox 3613 1376 3717 1416; x_wconf 90' lang='lat' dir='ltr'><strong>non</strong></span> 
     </span>
    </p>
   </div>
   <div class='ocr_carea' id='block_1_27' title="bbox 2143 1450 3721 1522">
    <p class='ocr_par' dir='ltr' id='par_1_27' title="bbox 2143 1450 3721 1522">
     <span class='ocr_line' id='line_1_27' title="bbox 2143 1450 3721 1522; baseline -0.001 -16"><span class='ocrx_word' id='word_1_178' title='bbox 2143 1452 2664 1522; x_wconf 82' lang='lat' dir='ltr'><strong>solutudigessimus,</strong></span> <span class='ocrx_word' id='word_1_179' title='bbox 2686 1453 2777 1506; x_wconf 90' lang='lat' dir='ltr'><strong>sed</strong></span> <span class='ocrx_word' id='word_1_180' title='bbox 2801 1453 2964 1505; x_wconf 84' lang='lat' dir='ltr'><strong>etiam</strong></span> <span class='ocrx_word' id='word_1_181' title='bbox 2987 1466 3113 1505; x_wconf 91' lang='lat' dir='ltr'><strong>cum</strong></span> <span class='ocrx_word' id='word_1_182' title='bbox 3134 1450 3339 1519; x_wconf 83' lang='lat' dir='ltr'><strong>pridem</strong></span> <span class='ocrx_word' id='word_1_183' title='bbox 3363 1453 3521 1505; x_wconf 68' lang='lat' dir='ltr'><strong>editis</strong></span> <span class='ocrx_word' id='word_1_184' title='bbox 3546 1453 3721 1507; x_wconf 90' lang='lat' dir='ltr'><strong>denuo</strong></span> 
     </span>
    </p>
   </div>
   <div class='ocr_carea' id='block_1_28' title="bbox 2144 1543 2494 1599">
    <p class='ocr_par' dir='ltr' id='par_1_28' title="bbox 2144 1543 2494 1599">
     <span class='ocr_line' id='line_1_28' title="bbox 2144 1543 2494 1599; baseline 0.006 -2"><span class='ocrx_word' id='word_1_185' title='bbox 2144 1543 2494 1599; x_wconf 77' lang='lat' dir='ltr'><strong>Centttlitnus.</strong></span> 
     </span>
    </p>
   </div>
   <div class='ocr_carea' id='block_1_29' title="bbox 2215 1632 3718 1703">
    <p class='ocr_par' dir='ltr' id='par_1_29' title="bbox 2215 1632 3718 1703">
     <span class='ocr_line' id='line_1_29' title="bbox 2215 1632 3718 1703; baseline 0.001 -16"><span class='ocrx_word' id='word_1_186' title='bbox 2215 1632 2304 1687; x_wconf 75' lang='lat' dir='ltr'><strong>VI.</strong></span> <span class='ocrx_word' id='word_1_187' title='bbox 2333 1632 2539 1687; x_wconf 78' lang='lat' dir='ltr'><strong>Prmter</strong></span> <span class='ocrx_word' id='word_1_188' title='bbox 2566 1632 2828 1701; x_wconf 83' lang='lat' dir='ltr'><strong>ejusmodi</strong></span> <span class='ocrx_word' id='word_1_189' title='bbox 2888 1648 3145 1703; x_wconf 87' lang='lat' dir='ltr'><strong>germana</strong></span> <span class='ocrx_word' id='word_1_190' title='bbox 3184 1633 3541 1702; x_wconf 89' lang='lat' dir='ltr'><strong>Amphilocbii</strong></span> <span class='ocrx_word' id='word_1_191' title='bbox 3585 1649 3718 1703; x_wconf 84' lang='lat' dir='ltr'><strong>ope-</strong></span> 
     </span>
    </p>
   </div>
   <div class='ocr_carea' id='block_1_30' title="bbox 2145 1727 3706 1798">
    <p class='ocr_par' dir='ltr' id='par_1_30' title="bbox 2145 1727 3706 1798">
     <span class='ocr_line' id='line_1_30' title="bbox 2145 1727 3706 1798; baseline -0.001 -17"><span class='ocrx_word' id='word_1_192' title='bbox 2145 1743 2264 1781; x_wconf 87' lang='lat' dir='ltr'><strong>rnut</strong></span> <span class='ocrx_word' id='word_1_193' title='bbox 2295 1728 2695 1796; x_wconf 78' lang='lat' dir='ltr'><strong>tleperditorum</strong></span> <span class='ocrx_word' id='word_1_194' title='bbox 2730 1727 3055 1798; x_wconf 82' lang='lat' dir='ltr'><strong>fragmenta,</strong></span> <span class='ocrx_word' id='word_1_195' title='bbox 3090 1742 3158 1780; x_wconf 81' lang='lat' dir='ltr'><strong>ex</strong></span> <span class='ocrx_word' id='word_1_196' title='bbox 3190 1728 3412 1781; x_wconf 86' lang='lat' dir='ltr'><strong>vetustis</strong></span> <span class='ocrx_word' id='word_1_197' title='bbox 3442 1728 3706 1783; x_wconf 84' lang='lat' dir='ltr'><strong>ecclesia-</strong></span> 
     </span>
    </p>
   </div>
   <div class='ocr_carea' id='block_1_31' title="bbox 2147 1819 3715 1889">
    <p class='ocr_par' dir='ltr' id='par_1_31' title="bbox 2147 1819 3715 1889">
     <span class='ocr_line' id='line_1_31' title="bbox 2147 1819 3715 1889; baseline 0.002 -19"><span class='ocrx_word' id='word_1_198' title='bbox 2147 1819 2297 1871; x_wconf 88' lang='lat' dir='ltr'><strong>sticis</strong></span> <span class='ocrx_word' id='word_1_199' title='bbox 2325 1819 2681 1887; x_wconf 84' lang='lat' dir='ltr'><strong>scriptoribus</strong></span> <span class='ocrx_word' id='word_1_200' title='bbox 2708 1820 3008 1887; x_wconf 89' lang='lat' dir='ltr'><strong>desumpta,</strong></span> <span class='ocrx_word' id='word_1_201' title='bbox 3041 1828 3256 1872; x_wconf 82' lang='lat' dir='ltr'><strong>exstant</strong></span> <span class='ocrx_word' id='word_1_202' title='bbox 3278 1828 3535 1886; x_wconf 68' lang='lat' dir='ltr'><strong>prreterea</strong></span> <span class='ocrx_word' id='word_1_203' title='bbox 3568 1819 3715 1889; x_wconf 88' lang='lat' dir='ltr'><strong>ejus-</strong></span> 
     </span>
    </p>
   </div>
   <div class='ocr_carea' id='block_1_32' title="bbox 474 1886 3713 1978">
    <p class='ocr_par' dir='ltr' id='par_1_32' title="bbox 474 1886 3713 1978">
     <span class='ocr_line' id='line_1_32' title="bbox 474 1886 3713 1978; baseline 0.001 -23"><span class='ocrx_word' id='word_1_204' title='bbox 474 1902 708 1970; x_wconf 82' lang='lat' dir='ltr'><strong>genitum</strong></span> <span class='ocrx_word' id='word_1_205' title='bbox 766 1902 1160 1971; x_wconf 87' lang='lat' dir='ltr'><strong>blaspltemant.</strong></span> <span class='ocrx_word' id='word_1_206' title='bbox 1199 1919 1217 1953; x_wconf 74' lang='grc' dir='ltr'><strong>ι</strong></span> <span class='ocrx_word' id='word_1_207' title='bbox 1258 1900 1478 1956; x_wconf 85' lang='lat' dir='ltr'><strong>Factum</strong></span> <span class='ocrx_word' id='word_1_208' title='bbox 1525 1901 1834 1968; x_wconf 91' lang='lat' dir='ltr'><strong>dictumque</strong></span> <span class='ocrx_word' id='word_1_209' title='bbox 1872 1900 2039 1955; x_wconf 90' lang='lat' dir='ltr'><strong>admi-</strong></span> <span class='ocrx_word' id='word_1_210' title='bbox 2071 1886 2116 1945; x_wconf 82' lang='grc' dir='ltr'><strong>Β</strong></span> <span class='ocrx_word' id='word_1_211' title='bbox 2144 1911 2263 1964; x_wconf 72' lang='lat' dir='ltr'><strong>de...</strong></span> <span class='ocrx_word' id='word_1_212' title='bbox 2313 1886 2486 1964; x_wconf 68' lang='lat' dir='ltr'><strong>saucii</strong></span> <span class='ocrx_word' id='word_1_213' title='bbox 2545 1908 2722 1964; x_wconf 77' lang='lat' dir='ltr'><strong>Patris</strong></span> <span class='ocrx_word' id='word_1_214' title='bbox 2770 1886 2944 1962; x_wconf 74' lang='lat' dir='ltr'><strong>Iambi</strong></span> <span class='ocrx_word' id='word_1_215' title='bbox 2974 1910 3041 1963; x_wconf 76' lang='lat' dir='ltr'><strong>ad</strong></span> <span class='ocrx_word' id='word_1_216' title='bbox 3080 1908 3376 1974; x_wconf 73' lang='lat' dir='ltr'><strong>Seleucum,</strong></span> <span class='ocrx_word' id='word_1_217' title='bbox 3412 1924 3547 1978; x_wconf 84' lang='lat' dir='ltr'><strong>quos</strong></span> <span class='ocrx_word' id='word_1_218' title='bbox 3592 1886 3713 1967; x_wconf 56' lang='lat' dir='ltr'><strong>cum</strong></span> 
     </span>
    </p>
   </div>
   <div class='ocr_carea' id='block_1_33' title="bbox 474 1992 2040 2064">
    <p class='ocr_par' dir='ltr' id='par_1_33' title="bbox 474 1992 2040 2064">
     <span class='ocr_line' id='line_1_33' title="bbox 474 1992 2040 2064; baseline -0.001 -19"><span class='ocrx_word' id='word_1_219' title='bbox 474 2005 621 2048; x_wconf 84' lang='lat' dir='ltr'><strong>ratus</strong></span> <span class='ocrx_word' id='word_1_220' title='bbox 651 1993 963 2063; x_wconf 87' lang='lat' dir='ltr'><strong>imperator,</strong></span> <span class='ocrx_word' id='word_1_221' title='bbox 996 1993 1166 2064; x_wconf 89' lang='lat' dir='ltr'><strong>legem</strong></span> <span class='ocrx_word' id='word_1_222' title='bbox 1194 2009 1224 2047; x_wconf 92' lang='lat' dir='ltr'><strong>a</strong></span> <span class='ocrx_word' id='word_1_223' title='bbox 1253 1994 1410 2048; x_wconf 90' lang='lat' dir='ltr'><strong>beato</strong></span> <span class='ocrx_word' id='word_1_224' title='bbox 1448 1993 1688 2047; x_wconf 90' lang='lat' dir='ltr'><strong>antistite</strong></span> <span class='ocrx_word' id='word_1_225' title='bbox 1718 1992 2040 2061; x_wconf 87' lang='lat' dir='ltr'><strong>postulatam</strong></span> 
     </span>
    </p>
   </div>
   <div class='ocr_carea' id='block_1_34' title="bbox 472 2083 2042 2154">
    <p class='ocr_par' dir='ltr' id='par_1_34' title="bbox 472 2083 2042 2154">
     <span class='ocr_line' id='line_1_34' title="bbox 472 2083 2042 2154; baseline -0.003 -13"><span class='ocrx_word' id='word_1_226' title='bbox 472 2086 742 2154; x_wconf 83' lang='lat' dir='ltr'><strong>extemplo</strong></span> <span class='ocrx_word' id='word_1_227' title='bbox 788 2085 924 2140; x_wconf 89' lang='lat' dir='ltr'><strong>tulit.</strong></span> <span class='ocrx_word' id='word_1_228' title='bbox 956 2084 1108 2152; x_wconf 82' lang='lat' dir='ltr'><strong>Quod</strong></span> <span class='ocrx_word' id='word_1_229' title='bbox 1152 2095 1414 2152; x_wconf 85' lang='lat' dir='ltr'><strong>superest,</strong></span> <span class='ocrx_word' id='word_1_230' title='bbox 1471 2084 1612 2138; x_wconf 89' lang='lat' dir='ltr'><strong>idem</strong></span> <span class='ocrx_word' id='word_1_231' title='bbox 1640 2083 2042 2152; x_wconf 86' lang='lat' dir='ltr'><strong>Amphilochius</strong></span> 
     </span>
    </p>
   </div>
   <div class='ocr_carea' id='block_1_35' title="bbox 472 2175 2042 2244">
    <p class='ocr_par' dir='ltr' id='par_1_35' title="bbox 472 2175 2042 2244">
     <span class='ocr_line' id='line_1_35' title="bbox 472 2175 2042 2244; baseline -0.001 -13"><span class='ocrx_word' id='word_1_232' title='bbox 472 2192 616 2233; x_wconf 91' lang='lat' dir='ltr'><strong>anno</strong></span> <span class='ocrx_word' id='word_1_233' title='bbox 650 2176 754 2232; x_wconf 77' lang='grc'><strong>594</strong></span> <span class='ocrx_word' id='word_1_234' title='bbox 779 2177 1057 2232; x_wconf 86' lang='lat' dir='ltr'><strong>desinente</strong></span> <span class='ocrx_word' id='word_1_235' title='bbox 1076 2177 1305 2231; x_wconf 92' lang='lat' dir='ltr'><strong>concilio</strong></span> <span class='ocrx_word' id='word_1_236' title='bbox 1323 2175 1914 2244; x_wconf 87' lang='lat' dir='ltr'><strong>Constantinopolitano</strong></span> <span class='ocrx_word' id='word_1_237' title='bbox 1941 2177 2042 2230; x_wconf 87' lang='lat' dir='ltr'><strong>sub</strong></span> 
     </span>
    </p>
   </div>
   <div class='ocr_carea' id='block_1_36' title="bbox 474 2264 2040 2335">
    <p class='ocr_par' dir='ltr' id='par_1_36' title="bbox 474 2264 2040 2335">
     <span class='ocr_line' id='line_1_36' title="bbox 474 2264 2040 2335; baseline 0 -16"><span class='ocrx_word' id='word_1_238' title='bbox 474 2264 730 2320; x_wconf 87' lang='lat' dir='ltr'><strong>Nectario</strong></span> <span class='ocrx_word' id='word_1_239' title='bbox 767 2265 949 2321; x_wconf 90' lang='lat' dir='ltr'><strong>habito</strong></span> <span class='ocrx_word' id='word_1_240' title='bbox 974 2264 1238 2329; x_wconf 74' lang='lat' dir='ltr'><strong>interfuit,</strong></span> <span class='ocrx_word' id='word_1_241' title='bbox 1294 2267 1348 2320; x_wconf 92' lang='lat' dir='ltr'><strong>in</strong></span> <span class='ocrx_word' id='word_1_242' title='bbox 1383 2280 1490 2335; x_wconf 91' lang='lat' dir='ltr'><strong>quo</strong></span> <span class='ocrx_word' id='word_1_243' title='bbox 1518 2265 1704 2334; x_wconf 89' lang='lat' dir='ltr'><strong>Agapii</strong></span> <span class='ocrx_word' id='word_1_244' title='bbox 1735 2273 1790 2319; x_wconf 92' lang='lat' dir='ltr'><strong>et</strong></span> <span class='ocrx_word' id='word_1_245' title='bbox 1821 2264 2040 2335; x_wconf 82' lang='lat' dir='ltr'><strong>Bagadii</strong></span> 
     </span>
    </p>
   </div>
   <div class='ocr_carea' id='block_1_37' title="bbox 473 2356 2041 2427">
    <p class='ocr_par' dir='ltr' id='par_1_37' title="bbox 473 2356 2041 2427">
     <span class='ocr_line' id='line_1_37' title="bbox 473 2356 2041 2427; baseline -0.001 -16"><span class='ocrx_word' id='word_1_246' title='bbox 473 2358 564 2427; x_wconf 91' lang='lat' dir='ltr'><strong>qui</strong></span> <span class='ocrx_word' id='word_1_247' title='bbox 588 2357 655 2413; x_wconf 90' lang='lat' dir='ltr'><strong>de</strong></span> <span class='ocrx_word' id='word_1_248' title='bbox 701 2357 1015 2412; x_wconf 85' lang='lat' dir='ltr'><strong>Bostrornm</strong></span> <span class='ocrx_word' id='word_1_249' title='bbox 1053 2358 1104 2411; x_wconf 93' lang='lat' dir='ltr'><strong>in</strong></span> <span class='ocrx_word' id='word_1_250' title='bbox 1140 2357 1355 2411; x_wconf 85' lang='lat' dir='ltr'><strong>‘Arabia</strong></span> <span class='ocrx_word' id='word_1_251' title='bbox 1386 2357 1699 2425; x_wconf 87' lang='lat' dir='ltr'><strong>episcopatu</strong></span> <span class='ocrx_word' id='word_1_252' title='bbox 1754 2356 2041 2411; x_wconf 85' lang='lat' dir='ltr'><strong>contende-</strong></span> 
     </span>
    </p>
   </div>
   <div class='ocr_carea' id='block_1_38' title="bbox 472 2447 2041 2517">
    <p class='ocr_par' dir='ltr' id='par_1_38' title="bbox 472 2447 2041 2517">
     <span class='ocr_line' id='line_1_38' title="bbox 472 2447 2041 2517; baseline -0.002 -14"><span class='ocrx_word' id='word_1_253' title='bbox 472 2449 628 2512; x_wconf 86' lang='lat' dir='ltr'><strong>haut,</strong></span> <span class='ocrx_word' id='word_1_254' title='bbox 662 2463 823 2503; x_wconf 90' lang='lat' dir='ltr'><strong>causa</strong></span> <span class='ocrx_word' id='word_1_255' title='bbox 856 2448 1073 2503; x_wconf 80' lang='lat' dir='ltr'><strong>deﬁnita</strong></span> <span class='ocrx_word' id='word_1_256' title='bbox 1101 2456 1204 2503; x_wconf 91' lang='lat' dir='ltr'><strong>est.</strong></span> <span class='ocrx_word' id='word_1_257' title='bbox 1236 2447 1362 2502; x_wconf 87' lang='lat' dir='ltr'><strong>Post</strong></span> <span class='ocrx_word' id='word_1_258' title='bbox 1382 2448 1497 2503; x_wconf 66' lang='lat' dir='ltr'><strong>haec</strong></span> <span class='ocrx_word' id='word_1_259' title='bbox 1536 2458 1715 2502; x_wconf 89' lang='lat' dir='ltr'><strong>autem</strong></span> <span class='ocrx_word' id='word_1_260' title='bbox 1757 2462 1864 2517; x_wconf 89' lang='lat' dir='ltr'><strong>quo</strong></span> <span class='ocrx_word' id='word_1_261' title='bbox 1905 2455 2041 2501; x_wconf 92' lang='lat' dir='ltr'><strong>tem-</strong></span> 
     </span>
    </p>
   </div>
   <div class='ocr_carea' id='block_1_39' title="bbox 474 2538 2039 2608">
    <p class='ocr_par' dir='ltr' id='par_1_39' title="bbox 474 2538 2039 2608">
     <span class='ocr_line' id='line_1_39' title="bbox 474 2538 2039 2608; baseline -0.001 -15"><span class='ocrx_word' id='word_1_262' title='bbox 474 2552 603 2608; x_wconf 91' lang='lat' dir='ltr'><strong>pore</strong></span> <span class='ocrx_word' id='word_1_263' title='bbox 626 2552 932 2607; x_wconf 89' lang='lat' dir='ltr'><strong>supremum</strong></span> <span class='ocrx_word' id='word_1_264' title='bbox 967 2539 1107 2594; x_wconf 89' lang='lat' dir='ltr'><strong>diem</strong></span> <span class='ocrx_word' id='word_1_265' title='bbox 1145 2538 1341 2594; x_wconf 89' lang='lat' dir='ltr'><strong>obierit</strong></span> <span class='ocrx_word' id='word_1_266' title='bbox 1370 2550 1590 2594; x_wconf 87' lang='lat' dir='ltr'><strong>sanctus</strong></span> <span class='ocrx_word' id='word_1_267' title='bbox 1624 2538 1844 2607; x_wconf 65' lang='lat' dir='ltr'><strong>praesul,</strong></span> <span class='ocrx_word' id='word_1_268' title='bbox 1896 2539 2039 2593; x_wconf 88' lang='lat' dir='ltr'><strong>haud</strong></span> 
     </span>
    </p>
   </div>
   <div class='ocr_carea' id='block_1_40' title="bbox 471 2632 2036 2702">
    <p class='ocr_par' dir='ltr' id='par_1_40' title="bbox 471 2632 2036 2702">
     <span class='ocr_line' id='line_1_40' title="bbox 471 2632 2036 2702; baseline 0.001 -16"><span class='ocrx_word' id='word_1_269' title='bbox 471 2632 605 2687; x_wconf 87' lang='lat' dir='ltr'><strong>satis</strong></span> <span class='ocrx_word' id='word_1_270' title='bbox 629 2632 1090 2700; x_wconf 80' lang='lat' dir='ltr'><strong>estexploratum,</strong></span> <span class='ocrx_word' id='word_1_271' title='bbox 1142 2641 1200 2687; x_wconf 91' lang='lat' dir='ltr'><strong>ut</strong></span> <span class='ocrx_word' id='word_1_272' title='bbox 1250 2633 1434 2687; x_wconf 90' lang='lat' dir='ltr'><strong>videre</strong></span> <span class='ocrx_word' id='word_1_273' title='bbox 1468 2640 1556 2687; x_wconf 87' lang='lat' dir='ltr'><strong>est</strong></span> <span class='ocrx_word' id='word_1_274' title='bbox 1598 2633 1652 2686; x_wconf 92' lang='lat' dir='ltr'><strong>in</strong></span> <span class='ocrx_word' id='word_1_275' title='bbox 1684 2632 1871 2701; x_wconf 87' lang='lat' dir='ltr'><strong>primis</strong></span> <span class='ocrx_word' id='word_1_276' title='bbox 1897 2633 2036 2702; x_wconf 89' lang='lat' dir='ltr'><strong>apud</strong></span> 
     </span>
    </p>
   </div>
   <div class='ocr_carea' id='block_1_41' title="bbox 473 2719 2037 2792">
    <p class='ocr_par' dir='ltr' id='par_1_41' title="bbox 473 2719 2037 2792">
     <span class='ocr_line' id='line_1_41' title="bbox 473 2719 2037 2792; baseline 0 -18"><span class='ocrx_word' id='word_1_277' title='bbox 473 2719 876 2777; x_wconf 87' lang='lat' dir='ltr'><strong>Tillemontium</strong></span> <span class='ocrx_word' id='word_1_278' title='bbox 901 2720 993 2791; x_wconf 89' lang='lat' dir='ltr'><strong>(c).</strong></span> <span class='ocrx_word' id='word_1_279' title='bbox 1024 2721 1159 2777; x_wconf 93' lang='lat' dir='ltr'><strong>IIIud</strong></span> <span class='ocrx_word' id='word_1_280' title='bbox 1209 2722 1388 2791; x_wconf 91' lang='lat' dir='ltr'><strong>potius</strong></span> <span class='ocrx_word' id='word_1_281' title='bbox 1421 2723 1824 2785; x_wconf 90' lang='lat' dir='ltr'><strong>attendendum,</strong></span> <span class='ocrx_word' id='word_1_282' title='bbox 1865 2723 2037 2792; x_wconf 88' lang='lat' dir='ltr'><strong>ipsum</strong></span> 
     </span>
    </p>
   </div>
   <div class='ocr_carea' id='block_1_42' title="bbox 473 2810 2041 2884">
    <p class='ocr_par' dir='ltr' id='par_1_42' title="bbox 473 2810 2041 2884">
     <span class='ocr_line' id='line_1_42' title="bbox 473 2810 2041 2884; baseline 0 -18"><span class='ocrx_word' id='word_1_283' title='bbox 473 2812 680 2868; x_wconf 90' lang='lat' dir='ltr'><strong>scilicet</strong></span> <span class='ocrx_word' id='word_1_284' title='bbox 708 2812 834 2867; x_wconf 91' lang='lat' dir='ltr'><strong>dum</strong></span> <span class='ocrx_word' id='word_1_285' title='bbox 860 2811 1034 2868; x_wconf 87' lang='lat' dir='ltr'><strong>adhuc</strong></span> <span class='ocrx_word' id='word_1_286' title='bbox 1072 2813 1127 2866; x_wconf 93' lang='lat' dir='ltr'><strong>in</strong></span> <span class='ocrx_word' id='word_1_287' title='bbox 1177 2815 1313 2868; x_wconf 88' lang='lat' dir='ltr'><strong>vivis</strong></span> <span class='ocrx_word' id='word_1_288' title='bbox 1340 2822 1543 2884; x_wconf 78' lang='lat' dir='ltr'><strong>ageret,</strong></span> <span class='ocrx_word' id='word_1_289' title='bbox 1570 2811 1835 2881; x_wconf 80' lang='lat' dir='ltr'><strong>Gregorio</strong></span> <span class='ocrx_word' id='word_1_290' title='bbox 1864 2810 2041 2866; x_wconf 89' lang='lat' dir='ltr'><strong>Theo-</strong></span> 
     </span>
    </p>
   </div>
   <div class='ocr_carea' id='block_1_43' title="bbox 469 2902 2041 2973">
    <p class='ocr_par' dir='ltr' id='par_1_43' title="bbox 469 2902 2041 2973">
     <span class='ocr_line' id='line_1_43' title="bbox 469 2902 2041 2973; baseline 0 -17"><span class='ocrx_word' id='word_1_291' title='bbox 469 2902 593 2972; x_wconf 87' lang='lat' dir='ltr'><strong>logo</strong></span> <span class='ocrx_word' id='word_1_292' title='bbox 618 2910 755 2958; x_wconf 92' lang='lat' dir='ltr'><strong>teste</strong></span> <span class='ocrx_word' id='word_1_293' title='bbox 786 2902 887 2973; x_wconf 74' lang='grc' dir='ltr'><strong>(ά),</strong></span> <span class='ocrx_word' id='word_1_294' title='bbox 921 2903 1192 2958; x_wconf 91' lang='lat' dir='ltr'><strong>miraculis</strong></span> <span class='ocrx_word' id='word_1_295' title='bbox 1214 2904 1494 2959; x_wconf 87' lang='lat' dir='ltr'><strong>claruisse.</strong></span> <span class='ocrx_word' id='word_1_296' title='bbox 1523 2903 1653 2973; x_wconf 89' lang='lat' dir='ltr'><strong>Ejus</strong></span> <span class='ocrx_word' id='word_1_297' title='bbox 1679 2917 1807 2957; x_wconf 88' lang='lat' dir='ltr'><strong>vero</strong></span> <span class='ocrx_word' id='word_1_298' title='bbox 1836 2918 2041 2958; x_wconf 84' lang='lat' dir='ltr'><strong>memo-</strong></span> 
     </span>
    </p>
   </div>
   <div class='ocr_carea' id='block_1_44' title="bbox 470 2990 2039 3062">
    <p class='ocr_par' dir='ltr' id='par_1_44' title="bbox 470 2990 2039 3062">
     <span class='ocr_line' id='line_1_44' title="bbox 470 2990 2039 3062; baseline -0.001 -16"><span class='ocrx_word' id='word_1_299' title='bbox 470 2995 552 3046; x_wconf 89' lang='lat' dir='ltr'><strong>ria</strong></span> <span class='ocrx_word' id='word_1_300' title='bbox 577 2991 665 3048; x_wconf 89' lang='lat' dir='ltr'><strong>die</strong></span> <span class='ocrx_word' id='word_1_301' title='bbox 696 2991 767 3045; x_wconf 77' lang='lat'><strong>25</strong></span> <span class='ocrx_word' id='word_1_302' title='bbox 817 2991 1135 3047; x_wconf 82' lang='lat' dir='ltr'><strong>Novembris</strong></span> <span class='ocrx_word' id='word_1_303' title='bbox 1189 2993 1257 3047; x_wconf 87' lang='lat' dir='ltr'><strong>ah</strong></span> <span class='ocrx_word' id='word_1_304' title='bbox 1290 3004 1515 3062; x_wconf 87' lang='lat' dir='ltr'><strong>utraque</strong></span> <span class='ocrx_word' id='word_1_305' title='bbox 1570 2990 1805 3047; x_wconf 86' lang='lat' dir='ltr'><strong>Ecclesia</strong></span> <span class='ocrx_word' id='word_1_306' title='bbox 1844 2992 2039 3048; x_wconf 85' lang='lat' dir='ltr'><strong>recoli-</strong></span> 
     </span>
    </p>
   </div>
   <div class='ocr_carea' id='block_1_45' title="bbox 472 3094 582 3139">
    <p class='ocr_par' dir='ltr' id='par_1_45' title="bbox 472 3094 582 3139">
     <span class='ocr_line' id='line_1_45' title="bbox 472 3094 582 3139; baseline -0.036 0"><span class='ocrx_word' id='word_1_307' title='bbox 472 3094 582 3139; x_wconf 81' lang='lat' dir='ltr'><strong>tttr.</strong></span> 
     </span>
    </p>
   </div>
   <div class='ocr_carea' id='block_1_46' title="bbox 542 3174 2107 3274">
    <p class='ocr_par' dir='ltr' id='par_1_46' title="bbox 542 3174 2107 3274">
     <span class='ocr_line' id='line_1_46' title="bbox 542 3174 2107 3274; baseline 0 -44"><span class='ocrx_word' id='word_1_308' title='bbox 542 3177 632 3230; x_wconf 85' lang='lat' dir='ltr'><strong>IV.</strong></span> <span class='ocrx_word' id='word_1_309' title='bbox 665 3175 945 3244; x_wconf 80' lang='lat' dir='ltr'><strong>Reliquum</strong></span> <span class='ocrx_word' id='word_1_310' title='bbox 973 3186 1075 3242; x_wconf 89' lang='lat' dir='ltr'><strong>est,</strong></span> <span class='ocrx_word' id='word_1_311' title='bbox 1104 3176 1246 3230; x_wconf 90' lang='lat' dir='ltr'><strong>utde</strong></span> <span class='ocrx_word' id='word_1_312' title='bbox 1278 3174 1447 3274; x_wconf 70' lang='lat' dir='ltr'><strong>sancti</strong></span> <span class='ocrx_word' id='word_1_313' title='bbox 1490 3174 1868 3274; x_wconf 50' lang='lat' dir='ltr'><strong>Patris-nostri</strong></span> <span class='ocrx_word' id='word_1_314' title='bbox 1891 3175 2036 3230; x_wconf 89' lang='lat' dir='ltr'><strong>Iitte-</strong></span> <span class='ocrx_word' id='word_1_315' title='bbox 2063 3214 2107 3274; x_wconf 67' lang='grc' dir='ltr'>ϐ</span> 
     </span>
    </p>
   </div>
   <div class='ocr_carea' id='block_1_47' title="bbox 472 3264 2038 3335">
    <p class='ocr_par' dir='ltr' id='par_1_47' title="bbox 472 3264 2038 3335">
     <span class='ocr_line' id='line_1_47' title="bbox 472 3264 2038 3335; baseline -0.002 -14"><span class='ocrx_word' id='word_1_316' title='bbox 472 3282 653 3321; x_wconf 87' lang='lat' dir='ltr'><strong>rarum</strong></span> <span class='ocrx_word' id='word_1_317' title='bbox 683 3266 1027 3321; x_wconf 87' lang='lat' dir='ltr'><strong>monimentis</strong></span> <span class='ocrx_word' id='word_1_318' title='bbox 1069 3266 1234 3320; x_wconf 89' lang='lat' dir='ltr'><strong>verba</strong></span> <span class='ocrx_word' id='word_1_319' title='bbox 1276 3264 1559 3319; x_wconf 79' lang='lat' dir='ltr'><strong>faciamus.</strong></span> <span class='ocrx_word' id='word_1_320' title='bbox 1589 3265 1655 3319; x_wconf 88' lang='lat' dir='ltr'><strong>Et</strong></span> <span class='ocrx_word' id='word_1_321' title='bbox 1681 3265 2038 3335; x_wconf 79' lang='lat' dir='ltr'><strong>Hieronymus</strong></span> 
     </span>
    </p>
   </div>
   <div class='ocr_carea' id='block_1_48' title="bbox 471 3352 2045 3425">
    <p class='ocr_par' dir='ltr' id='par_1_48' title="bbox 471 3352 2045 3425">
     <span class='ocr_line' id='line_1_48' title="bbox 471 3352 2045 3425; baseline -0.004 -14"><span class='ocrx_word' id='word_1_322' title='bbox 471 3357 684 3425; x_wconf 80' lang='lat' dir='ltr'><strong>quidem</strong></span> <span class='ocrx_word' id='word_1_323' title='bbox 710 3355 908 3425; x_wconf 80' lang='lat' dir='ltr'><strong>egregii</strong></span> <span class='ocrx_word' id='word_1_324' title='bbox 941 3354 1099 3409; x_wconf 85' lang='lat' dir='ltr'><strong>unius</strong></span> <span class='ocrx_word' id='word_1_325' title='bbox 1126 3355 1248 3408; x_wconf 88' lang='lat' dir='ltr'><strong>libri</strong></span> <span class='ocrx_word' id='word_1_326' title='bbox 1291 3354 1362 3408; x_wconf 88' lang='lat' dir='ltr'><strong>De</strong></span> <span class='ocrx_word' id='word_1_327' title='bbox 1392 3354 1590 3423; x_wconf 82' lang='lat' dir='ltr'><strong>Spiritu</strong></span> <span class='ocrx_word' id='word_1_328' title='bbox 1621 3365 1802 3407; x_wconf 84' lang='lat' dir='ltr'><strong>sancto</strong></span> <span class='ocrx_word' id='word_1_329' title='bbox 1824 3355 1892 3407; x_wconf 91' lang='lat' dir='ltr'><strong>ab</strong></span> <span class='ocrx_word' id='word_1_330' title='bbox 1911 3352 2045 3405; x_wconf 81' lang='lat' dir='ltr'><strong>Am—</strong></span> 
     </span>
    </p>
   </div>
   <div class='ocr_carea' id='block_1_49' title="bbox 470 3443 2042 3517">
    <p class='ocr_par' dir='ltr' id='par_1_49' title="bbox 470 3443 2042 3517">
     <span class='ocr_line' id='line_1_49' title="bbox 470 3443 2042 3517; baseline 0.001 -19"><span class='ocrx_word' id='word_1_331' title='bbox 470 3446 740 3517; x_wconf 88' lang='lat' dir='ltr'><strong>pltilocbio</strong></span> <span class='ocrx_word' id='word_1_332' title='bbox 769 3446 1079 3514; x_wconf 88' lang='lat' dir='ltr'><strong>conscripti,</strong></span> <span class='ocrx_word' id='word_1_333' title='bbox 1118 3447 1439 3499; x_wconf 89' lang='lat' dir='ltr'><strong>mentionem</strong></span> <span class='ocrx_word' id='word_1_334' title='bbox 1491 3445 1663 3514; x_wconf 85' lang='lat' dir='ltr'><strong>injicit</strong></span> <span class='ocrx_word' id='word_1_335' title='bbox 1710 3445 1807 3514; x_wconf 89' lang='lat' dir='ltr'><strong>(e).</strong></span> <span class='ocrx_word' id='word_1_336' title='bbox 1859 3443 2042 3512; x_wconf 89' lang='lat' dir='ltr'><strong>Neque</strong></span> 
     </span>
    </p>
   </div>
   <div class='ocr_carea' id='block_1_50' title="bbox 471 3533 2042 3604">
    <p class='ocr_par' dir='ltr' id='par_1_50' title="bbox 471 3533 2042 3604">
     <span class='ocr_line' id='line_1_50' title="bbox 471 3533 2042 3604; baseline -0.003 -13"><span class='ocrx_word' id='word_1_337' title='bbox 471 3537 527 3591; x_wconf 88' lang='lat' dir='ltr'><strong>id</strong></span> <span class='ocrx_word' id='word_1_338' title='bbox 550 3549 682 3591; x_wconf 88' lang='lat' dir='ltr'><strong>sane</strong></span> <span class='ocrx_word' id='word_1_339' title='bbox 709 3537 901 3590; x_wconf 89' lang='lat' dir='ltr'><strong>mirum</strong></span> <span class='ocrx_word' id='word_1_340' title='bbox 942 3573 956 3588; x_wconf 94' lang='lat'><strong>.</strong></span> <span class='ocrx_word' id='word_1_341' title='bbox 993 3533 1117 3588; x_wconf 89' lang='lat' dir='ltr'><strong>Non</strong></span> <span class='ocrx_word' id='word_1_342' title='bbox 1159 3536 1318 3601; x_wconf 91' lang='lat' dir='ltr'><strong>enim,</strong></span> <span class='ocrx_word' id='word_1_343' title='bbox 1368 3534 1539 3602; x_wconf 89' lang='lat' dir='ltr'><strong>inquit</strong></span> <span class='ocrx_word' id='word_1_344' title='bbox 1570 3533 1664 3604; x_wconf 62' lang='grc' dir='ltr'><strong>(Γ),</strong></span> <span class='ocrx_word' id='word_1_345' title='bbox 1696 3536 1760 3587; x_wconf 86' lang='lat' dir='ltr'><strong>de</strong></span> <span class='ocrx_word' id='word_1_346' title='bbox 1803 3534 1885 3587; x_wconf 85' lang='lat' dir='ltr'><strong>his</strong></span> <span class='ocrx_word' id='word_1_347' title='bbox 1925 3549 2042 3603; x_wconf 69' lang='lat' dir='ltr'><strong>quae</strong></span> 
     </span>
    </p>
   </div>
   <div class='ocr_carea' id='block_1_51' title="bbox 471 3622 2040 3694">
    <p class='ocr_par' dir='ltr' id='par_1_51' title="bbox 471 3622 2040 3694">
     <span class='ocr_line' id='line_1_51' title="bbox 471 3622 2040 3694; baseline -0.002 -14"><span class='ocrx_word' id='word_1_348' title='bbox 471 3641 576 3680; x_wconf 87' lang='lat' dir='ltr'><strong>non</strong></span> <span class='ocrx_word' id='word_1_349' title='bbox 612 3624 736 3694; x_wconf 84' lang='lat' dir='ltr'><strong>legi,</strong></span> <span class='ocrx_word' id='word_1_350' title='bbox 763 3641 911 3678; x_wconf 88' lang='lat' dir='ltr'><strong>nosse</strong></span> <span class='ocrx_word' id='word_1_351' title='bbox 939 3624 1121 3691; x_wconf 74' lang='lat' dir='ltr'><strong>potui;</strong></span> <span class='ocrx_word' id='word_1_352' title='bbox 1154 3633 1201 3677; x_wconf 87' lang='lat' dir='ltr'><strong>et</strong></span> <span class='ocrx_word' id='word_1_353' title='bbox 1228 3622 1364 3692; x_wconf 84' lang='lat' dir='ltr'><strong>quod</strong></span> <span class='ocrx_word' id='word_1_354' title='bbox 1395 3623 1516 3677; x_wconf 89' lang='lat' dir='ltr'><strong>aliis</strong></span> <span class='ocrx_word' id='word_1_355' title='bbox 1564 3623 1786 3692; x_wconf 80' lang='lat' dir='ltr'><strong>forsitan</strong></span> <span class='ocrx_word' id='word_1_356' title='bbox 1835 3624 1905 3677; x_wconf 91' lang='lat' dir='ltr'><strong>sit</strong></span> <span class='ocrx_word' id='word_1_357' title='bbox 1942 3639 2040 3677; x_wconf 83' lang='lat' dir='ltr'><strong>no-</strong></span> 
     </span>
    </p>
   </div>
   <div class='ocr_carea' id='block_1_52' title="bbox 471 3715 2039 3786">
    <p class='ocr_par' dir='ltr' id='par_1_52' title="bbox 471 3715 2039 3786">
     <span class='ocr_line' id='line_1_52' title="bbox 471 3715 2039 3786; baseline 0 -17"><span class='ocrx_word' id='word_1_358' title='bbox 471 3728 605 3781; x_wconf 81' lang='lat' dir='ltr'><strong>tum,</strong></span> <span class='ocrx_word' id='word_1_359' title='bbox 640 3716 766 3770; x_wconf 79' lang='lat' dir='ltr'><strong>mihi</strong></span> <span class='ocrx_word' id='word_1_360' title='bbox 812 3717 869 3769; x_wconf 90' lang='lat' dir='ltr'><strong>in</strong></span> <span class='ocrx_word' id='word_1_361' title='bbox 895 3715 989 3769; x_wconf 87' lang='lat' dir='ltr'><strong>hoc</strong></span> <span class='ocrx_word' id='word_1_362' title='bbox 1019 3726 1279 3770; x_wconf 87' lang='lat' dir='ltr'><strong>terrarum</strong></span> <span class='ocrx_word' id='word_1_363' title='bbox 1327 3715 1520 3785; x_wconf 78' lang='lat' dir='ltr'><strong>angulo</strong></span> <span class='ocrx_word' id='word_1_364' title='bbox 1551 3715 2039 3786; x_wconf 88' lang='lat' dir='ltr'><strong>(Bethlehemitico)</strong></span> 
     </span>
    </p>
   </div>
   <div class='ocr_carea' id='block_1_53' title="bbox 470 3802 2039 3876">
    <p class='ocr_par' dir='ltr' id='par_1_53' title="bbox 470 3802 2039 3876">
     <span class='ocr_line' id='line_1_53' title="bbox 470 3802 2039 3876; baseline -0.002 -17"><span class='ocrx_word' id='word_1_365' title='bbox 470 3805 627 3876; x_wconf 74' lang='lat' dir='ltr'><strong>fuerit</strong></span> <span class='ocrx_word' id='word_1_366' title='bbox 660 3807 912 3874; x_wconf 83' lang='lat' dir='ltr'><strong>ignotum.</strong></span> <span class='ocrx_word' id='word_1_367' title='bbox 972 3806 1043 3858; x_wconf 83' lang='lat' dir='ltr'><strong>At</strong></span> <span class='ocrx_word' id='word_1_368' title='bbox 1077 3819 1206 3858; x_wconf 87' lang='lat' dir='ltr'><strong>vero</strong></span> <span class='ocrx_word' id='word_1_369' title='bbox 1256 3803 1395 3856; x_wconf 91' lang='lat' dir='ltr'><strong>idem</strong></span> <span class='ocrx_word' id='word_1_370' title='bbox 1443 3802 1631 3857; x_wconf 89' lang='lat' dir='ltr'><strong>doctor</strong></span> <span class='ocrx_word' id='word_1_371' title='bbox 1667 3804 1934 3856; x_wconf 60' lang='lat' dir='ltr'><strong>maximus</strong></span> <span class='ocrx_word' id='word_1_372' title='bbox 1972 3805 2039 3856; x_wconf 90' lang='lat' dir='ltr'><strong>ad</strong></span> 
     </span>
    </p>
   </div>
   <div class='ocr_carea' id='block_1_54' title="bbox 471 3894 2042 3966">
    <p class='ocr_par' dir='ltr' id='par_1_54' title="bbox 471 3894 2042 3966">
     <span class='ocr_line' id='line_1_54' title="bbox 471 3894 2042 3966; baseline -0.003 -15"><span class='ocrx_word' id='word_1_373' title='bbox 471 3897 718 3966; x_wconf 80' lang='lat' dir='ltr'><strong>Magnum</strong></span> <span class='ocrx_word' id='word_1_374' title='bbox 757 3904 1026 3950; x_wconf 86' lang='lat' dir='ltr'><strong>oratorem</strong></span> <span class='ocrx_word' id='word_1_375' title='bbox 1050 3895 1293 3950; x_wconf 89' lang='lat' dir='ltr'><strong>scribens</strong></span> <span class='ocrx_word' id='word_1_376' title='bbox 1319 3909 1458 3948; x_wconf 87' lang='lat' dir='ltr'><strong>anno</strong></span> <span class='ocrx_word' id='word_1_377' title='bbox 1496 3895 1711 3949; x_wconf 88' lang='lat' dir='ltr'><strong>circiter</strong></span> <span class='ocrx_word' id='word_1_378' title='bbox 1736 3894 1862 3959; x_wconf 88' lang='lat'><strong>597,</strong></span> <span class='ocrx_word' id='word_1_379' title='bbox 1894 3894 2042 3963; x_wconf 89' lang='lat' dir='ltr'><strong>quiu-</strong></span> 
     </span>
    </p>
   </div>
   <div class='ocr_carea' id='block_1_55' title="bbox 469 3985 2040 4057">
    <p class='ocr_par' dir='ltr' id='par_1_55' title="bbox 469 3985 2040 4057">
     <span class='ocr_line' id='line_1_55' title="bbox 469 3985 2040 4057; baseline -0.002 -16"><span class='ocrx_word' id='word_1_380' title='bbox 469 4001 581 4057; x_wconf 90' lang='lat' dir='ltr'><strong>que</strong></span> <span class='ocrx_word' id='word_1_381' title='bbox 610 3988 859 4042; x_wconf 90' lang='lat' dir='ltr'><strong>nimirum</strong></span> <span class='ocrx_word' id='word_1_382' title='bbox 887 3997 1007 4055; x_wconf 86' lang='lat' dir='ltr'><strong>post</strong></span> <span class='ocrx_word' id='word_1_383' title='bbox 1045 4001 1214 4040; x_wconf 90' lang='lat' dir='ltr'><strong>annos</strong></span> <span class='ocrx_word' id='word_1_384' title='bbox 1233 3986 1300 4042; x_wconf 86' lang='lat' dir='ltr'><strong>ab</strong></span> <span class='ocrx_word' id='word_1_385' title='bbox 1330 3987 1472 4040; x_wconf 91' lang='lat' dir='ltr'><strong>edito</strong></span> <span class='ocrx_word' id='word_1_386' title='bbox 1497 3996 1597 4039; x_wconf 88' lang='lat' dir='ltr'><strong>suo</strong></span> <span class='ocrx_word' id='word_1_387' title='bbox 1631 3985 1769 4040; x_wconf 88' lang='lat' dir='ltr'><strong>libro</strong></span> <span class='ocrx_word' id='word_1_388' title='bbox 1809 3986 1885 4038; x_wconf 87' lang='lat' dir='ltr'><strong>De</strong></span> <span class='ocrx_word' id='word_1_389' title='bbox 1915 3986 2040 4039; x_wconf 72' lang='lat' dir='ltr'><strong>ciris</strong></span> 
     </span>
    </p>
   </div>
   <div class='ocr_carea' id='block_1_56' title="bbox 468 4074 2041 4147">
    <p class='ocr_par' dir='ltr' id='par_1_56' title="bbox 468 4074 2041 4147">
     <span class='ocr_line' id='line_1_56' title="bbox 468 4074 2041 4147; baseline -0.003 -14"><span class='ocrx_word' id='word_1_390' title='bbox 468 4077 785 4140; x_wconf 77' lang='lat' dir='ltr'><strong>illustribus,</strong></span> <span class='ocrx_word' id='word_1_391' title='bbox 818 4093 887 4132; x_wconf 78' lang='lat' dir='ltr'><strong>ex</strong></span> <span class='ocrx_word' id='word_1_392' title='bbox 903 4093 1009 4147; x_wconf 90' lang='lat' dir='ltr'><strong>quo</strong></span> <span class='ocrx_word' id='word_1_393' title='bbox 1039 4087 1392 4130; x_wconf 85' lang='lat' dir='ltr'><strong>memoratum</strong></span> <span class='ocrx_word' id='word_1_394' title='bbox 1429 4091 1567 4145; x_wconf 90' lang='lat' dir='ltr'><strong>opus</strong></span> <span class='ocrx_word' id='word_1_395' title='bbox 1588 4074 1665 4129; x_wconf 85' lang='lat' dir='ltr'><strong>De</strong></span> <span class='ocrx_word' id='word_1_396' title='bbox 1695 4074 1897 4146; x_wconf 86' lang='lat' dir='ltr'><strong>Spiritu</strong></span> <span class='ocrx_word' id='word_1_397' title='bbox 1915 4093 2041 4130; x_wconf 85' lang='lat' dir='ltr'><strong>san-</strong></span> 
     </span>
    </p>
   </div>
   <div class='ocr_carea' id='block_1_57' title="bbox 469 4165 2035 4239">
    <p class='ocr_par' dir='ltr' id='par_1_57' title="bbox 469 4165 2035 4239">
     <span class='ocr_line' id='line_1_57' title="bbox 469 4165 2035 4239; baseline -0.003 -15"><span class='ocrx_word' id='word_1_398' title='bbox 469 4181 553 4224; x_wconf 81' lang='lat' dir='ltr'><strong>cto</strong></span> <span class='ocrx_word' id='word_1_399' title='bbox 576 4170 644 4225; x_wconf 88' lang='lat' dir='ltr'><strong>ab</strong></span> <span class='ocrx_word' id='word_1_400' title='bbox 693 4167 1066 4239; x_wconf 86' lang='lat' dir='ltr'><strong>Ampltilocltio</strong></span> <span class='ocrx_word' id='word_1_401' title='bbox 1111 4166 1212 4221; x_wconf 72' lang='lat' dir='ltr'><strong>sibi</strong></span> <span class='ocrx_word' id='word_1_402' title='bbox 1264 4177 1454 4221; x_wconf 89' lang='lat' dir='ltr'><strong>tectum</strong></span> <span class='ocrx_word' id='word_1_403' title='bbox 1494 4175 1759 4221; x_wconf 86' lang='lat' dir='ltr'><strong>testatur:</strong></span> <span class='ocrx_word' id='word_1_404' title='bbox 1791 4165 2035 4221; x_wconf 88' lang='lat' dir='ltr'><strong>eumdem</strong></span> 
     </span>
    </p>
   </div>
   <div class='ocr_carea' id='block_1_58' title="bbox 468 4258 2037 4333">
    <p class='ocr_par' dir='ltr' id='par_1_58' title="bbox 468 4258 2037 4333">
     <span class='ocr_line' id='line_1_58' title="bbox 468 4258 2037 4333; baseline -0.004 -16"><span class='ocrx_word' id='word_1_405' title='bbox 468 4262 970 4333; x_wconf 65' lang='lat' dir='ltr'><strong>praestantissimum</strong></span> <span class='ocrx_word' id='word_1_406' title='bbox 999 4259 1282 4329; x_wconf 81' lang='lat' dir='ltr'><strong>praesulem</strong></span> <span class='ocrx_word' id='word_1_407' title='bbox 1325 4258 1678 4325; x_wconf 88' lang='lat' dir='ltr'><strong>Iconiensem,</strong></span> <span class='ocrx_word' id='word_1_408' title='bbox 1706 4259 1778 4313; x_wconf 90' lang='lat' dir='ltr'><strong>ob</strong></span> <span class='ocrx_word' id='word_1_409' title='bbox 1825 4269 2037 4328; x_wconf 84' lang='lat' dir='ltr'><strong>specta-</strong></span> 
     </span>
    </p>
   </div>
   <div class='ocr_carea' id='block_1_59' title="bbox 469 4350 2039 4421">
    <p class='ocr_par' dir='ltr' id='par_1_59' title="bbox 469 4350 2039 4421">
     <span class='ocr_line' id='line_1_59' title="bbox 469 4350 2039 4421; baseline -0.001 -14"><span class='ocrx_word' id='word_1_410' title='bbox 469 4365 579 4407; x_wconf 88' lang='lat' dir='ltr'><strong>tam</strong></span> <span class='ocrx_word' id='word_1_411' title='bbox 604 4352 717 4421; x_wconf 86' lang='lat' dir='ltr'><strong>jant</strong></span> <span class='ocrx_word' id='word_1_412' title='bbox 752 4361 806 4407; x_wconf 90' lang='lat' dir='ltr'><strong>et</strong></span> <span class='ocrx_word' id='word_1_413' title='bbox 869 4352 958 4406; x_wconf 90' lang='lat' dir='ltr'><strong>diu</strong></span> <span class='ocrx_word' id='word_1_414' title='bbox 1015 4351 1283 4420; x_wconf 86' lang='lat' dir='ltr'><strong>cognitam</strong></span> <span class='ocrx_word' id='word_1_415' title='bbox 1316 4350 1432 4417; x_wconf 87' lang='lat' dir='ltr'><strong>ejus</strong></span> <span class='ocrx_word' id='word_1_416' title='bbox 1464 4350 1785 4416; x_wconf 88' lang='lat' dir='ltr'><strong>doctrinam,</strong></span> <span class='ocrx_word' id='word_1_417' title='bbox 1839 4350 2039 4405; x_wconf 87' lang='lat' dir='ltr'><strong>Basilio</strong></span> 
     </span>
    </p>
   </div>
   <div class='ocr_carea' id='block_1_60' title="bbox 470 4441 2031 4515">
    <p class='ocr_par' dir='ltr' id='par_1_60' title="bbox 470 4441 2031 4515">
     <span class='ocr_line' id='line_1_60' title="bbox 470 4441 2031 4515; baseline -0.001 -17"><span class='ocrx_word' id='word_1_418' title='bbox 470 4460 663 4514; x_wconf 82' lang='lat' dir='ltr'><strong>magno</strong></span> <span class='ocrx_word' id='word_1_419' title='bbox 689 4454 743 4500; x_wconf 92' lang='lat' dir='ltr'><strong>et</strong></span> <span class='ocrx_word' id='word_1_420' title='bbox 759 4443 1020 4515; x_wconf 82' lang='lat' dir='ltr'><strong>Gregorio</strong></span> <span class='ocrx_word' id='word_1_421' title='bbox 1046 4442 1321 4511; x_wconf 83' lang='lat' dir='ltr'><strong>Theologo</strong></span> <span class='ocrx_word' id='word_1_422' title='bbox 1343 4450 1590 4511; x_wconf 68' lang='lat' dir='ltr'><strong>exaequat</strong></span> <span class='ocrx_word' id='word_1_423' title='bbox 1610 4441 1693 4496; x_wconf 87' lang='lat' dir='ltr'><strong>his</strong></span> <span class='ocrx_word' id='word_1_424' title='bbox 1706 4442 1883 4497; x_wconf 87' lang='lat' dir='ltr'><strong>verbis</strong></span> <span class='ocrx_word' id='word_1_425' title='bbox 1913 4442 1989 4512; x_wconf 86' lang='lat' dir='ltr'><strong>(g)</strong></span> <span class='ocrx_word' id='word_1_426' title='bbox 2018 4461 2031 4496; x_wconf 88' lang='lat'><strong>:</strong></span> 
     </span>
    </p>
   </div>
   <div class='ocr_carea' id='block_1_61' title="bbox 474 4528 2112 4611">
    <p class='ocr_par' dir='ltr' id='par_1_61' title="bbox 474 4528 2112 4611">
     <span class='ocr_line' id='line_1_61' title="bbox 474 4528 2112 4611; baseline 0.002 -30"><span class='ocrx_word' id='word_1_427' title='bbox 474 4528 699 4587; x_wconf 68' lang='lat' dir='ltr'><strong>Exstant</strong></span> <span class='ocrx_word' id='word_1_428' title='bbox 727 4544 773 4587; x_wconf 89' lang='lat' dir='ltr'><strong>et</strong></span> <span class='ocrx_word' id='word_1_429' title='bbox 802 4533 935 4587; x_wconf 81' lang='lat' dir='ltr'><strong>Julii</strong></span> <span class='ocrx_word' id='word_1_430' title='bbox 977 4533 1219 4602; x_wconf 76' lang='lat' dir='ltr'><strong>Africani</strong></span> <span class='ocrx_word' id='word_1_431' title='bbox 1259 4532 1401 4586; x_wconf 87' lang='lat' dir='ltr'><strong>libri.</strong></span> <span class='ocrx_word' id='word_1_432' title='bbox 1429 4569 1445 4585; x_wconf 91' lang='lat'><strong>.</strong></span> <span class='ocrx_word' id='word_1_433' title='bbox 1482 4570 1499 4587; x_wconf 92' lang='lat'><strong>.</strong></span> <span class='ocrx_word' id='word_1_434' title='bbox 1534 4568 1551 4585; x_wconf 90' lang='lat'><strong>.</strong></span> <span class='ocrx_word' id='word_1_435' title='bbox 1585 4572 1601 4588; x_wconf 94' lang='lat'><strong>.</strong></span> <span class='ocrx_word' id='word_1_436' title='bbox 1636 4530 2036 4601; x_wconf 83' lang='lat' dir='ltr'><strong>Cappadocum-</strong></span> <span class='ocrx_word' id='word_1_437' title='bbox 2067 4557 2112 4611; x_wconf 73' lang='grc' dir='ltr'><strong>ι)</strong></span> 
     </span>
    </p>
   </div>
   <div class='ocr_carea' id='block_1_62' title="bbox 466 4620 2036 4692">
    <p class='ocr_par' dir='ltr' id='par_1_62' title="bbox 466 4620 2036 4692">
     <span class='ocr_line' id='line_1_62' title="bbox 466 4620 2036 4692; baseline 0 -17"><span class='ocrx_word' id='word_1_438' title='bbox 466 4637 565 4692; x_wconf 77' lang='lat' dir='ltr'><strong>que</strong></span> <span class='ocrx_word' id='word_1_439' title='bbox 588 4623 796 4686; x_wconf 79' lang='lat' dir='ltr'><strong>Basilii,</strong></span> <span class='ocrx_word' id='word_1_440' title='bbox 827 4621 1082 4692; x_wconf 81' lang='lat' dir='ltr'><strong>Gregorii,</strong></span> <span class='ocrx_word' id='word_1_441' title='bbox 1105 4620 1463 4691; x_wconf 85' lang='lat' dir='ltr'><strong>Amphilochii</strong></span> <span class='ocrx_word' id='word_1_442' title='bbox 1491 4638 1505 4675; x_wconf 90' lang='lat'><strong>:</strong></span> <span class='ocrx_word' id='word_1_443' title='bbox 1529 4622 1618 4692; x_wconf 86' lang='lat' dir='ltr'><strong>qui</strong></span> <span class='ocrx_word' id='word_1_444' title='bbox 1639 4638 1813 4676; x_wconf 81' lang='lat' dir='ltr'><strong>omnes</strong></span> <span class='ocrx_word' id='word_1_445' title='bbox 1839 4623 1893 4675; x_wconf 86' lang='lat' dir='ltr'><strong>in</strong></span> <span class='ocrx_word' id='word_1_446' title='bbox 1915 4632 2036 4675; x_wconf 88' lang='lat' dir='ltr'><strong>tan-</strong></span> 
     </span>
    </p>
   </div>
   <div class='ocr_carea' id='block_1_63' title="bbox 469 4710 2035 4780">
    <p class='ocr_par' dir='ltr' id='par_1_63' title="bbox 469 4710 2035 4780">
     <span class='ocr_line' id='line_1_63' title="bbox 469 4710 2035 4780; baseline -0.001 -14"><span class='ocrx_word' id='word_1_447' title='bbox 469 4724 578 4766; x_wconf 84' lang='lat' dir='ltr'><strong>tum</strong></span> <span class='ocrx_word' id='word_1_448' title='bbox 613 4711 1033 4780; x_wconf 84' lang='lat' dir='ltr'><strong>philosophorum</strong></span> <span class='ocrx_word' id='word_1_449' title='bbox 1065 4710 1320 4764; x_wconf 81' lang='lat' dir='ltr'><strong>doctrinis</strong></span> <span class='ocrx_word' id='word_1_450' title='bbox 1375 4721 1529 4779; x_wconf 86' lang='lat' dir='ltr'><strong>atque</strong></span> <span class='ocrx_word' id='word_1_451' title='bbox 1587 4711 1853 4765; x_wconf 80' lang='lat' dir='ltr'><strong>sententiis</strong></span> <span class='ocrx_word' id='word_1_452' title='bbox 1911 4727 2035 4764; x_wconf 85' lang='lat' dir='ltr'><strong>suos</strong></span> 
     </span>
    </p>
   </div>
   <div class='ocr_carea' id='block_1_64' title="bbox 470 4799 2035 4870">
    <p class='ocr_par' dir='ltr' id='par_1_64' title="bbox 470 4799 2035 4870">
     <span class='ocr_line' id='line_1_64' title="bbox 470 4799 2035 4870; baseline -0.001 -18"><span class='ocrx_word' id='word_1_453' title='bbox 470 4800 760 4870; x_wconf 79' lang='lat' dir='ltr'><strong>refarciunt</strong></span> <span class='ocrx_word' id='word_1_454' title='bbox 796 4799 991 4866; x_wconf 84' lang='lat' dir='ltr'><strong>libros,</strong></span> <span class='ocrx_word' id='word_1_455' title='bbox 1030 4810 1087 4852; x_wconf 78' lang='lat' dir='ltr'><strong>ut</strong></span> <span class='ocrx_word' id='word_1_456' title='bbox 1141 4800 1342 4852; x_wconf 87' lang='lat' dir='ltr'><strong>nescias</strong></span> <span class='ocrx_word' id='word_1_457' title='bbox 1393 4801 1518 4868; x_wconf 85' lang='lat' dir='ltr'><strong>quid</strong></span> <span class='ocrx_word' id='word_1_458' title='bbox 1562 4799 1620 4852; x_wconf 91' lang='lat' dir='ltr'><strong>in</strong></span> <span class='ocrx_word' id='word_1_459' title='bbox 1666 4799 1774 4853; x_wconf 87' lang='lat' dir='ltr'><strong>illis</strong></span> <span class='ocrx_word' id='word_1_460' title='bbox 1810 4801 2035 4867; x_wconf 85' lang='lat' dir='ltr'><strong>primum</strong></span> 
     </span>
    </p>
   </div>
   <div class='ocr_carea' id='block_1_65' title="bbox 469 4890 2034 4956">
    <p class='ocr_par' dir='ltr' id='par_1_65' title="bbox 469 4890 2034 4956">
     <span class='ocr_line' id='line_1_65' title="bbox 469 4890 2034 4956; baseline -0.001 -10"><span class='ocrx_word' id='word_1_461' title='bbox 469 4893 724 4947; x_wconf 85' lang='lat' dir='ltr'><strong>admirari</strong></span> <span class='ocrx_word' id='word_1_462' title='bbox 755 4891 961 4953; x_wconf 83' lang='lat' dir='ltr'><strong>debeas,</strong></span> <span class='ocrx_word' id='word_1_463' title='bbox 1014 4890 1354 4944; x_wconf 84' lang='lat' dir='ltr'><strong>eruditionem</strong></span> <span class='ocrx_word' id='word_1_464' title='bbox 1423 4891 1624 4956; x_wconf 71' lang='lat' dir='ltr'><strong>swcnli,</strong></span> <span class='ocrx_word' id='word_1_465' title='bbox 1657 4908 1726 4944; x_wconf 91' lang='lat' dir='ltr'><strong>an</strong></span> <span class='ocrx_word' id='word_1_466' title='bbox 1761 4892 2034 4946; x_wconf 86' lang='lat' dir='ltr'><strong>scientiam</strong></span> 
     </span>
    </p>
   </div>
   <div class='ocr_carea' id='block_1_66' title="bbox 467 4980 2030 5052">
    <p class='ocr_par' dir='ltr' id='par_1_66' title="bbox 467 4980 2030 5052">
     <span class='ocr_line' id='line_1_66' title="bbox 467 4980 2030 5052; baseline -0.004 -13"><span class='ocrx_word' id='word_1_467' title='bbox 467 4981 882 5051; x_wconf 85' lang='lat' dir='ltr'><strong>Scripturarum.</strong></span> <span class='ocrx_word' id='word_1_468' title='bbox 912 4981 989 5035; x_wconf 75' lang='lat' dir='ltr'><strong>Ex</strong></span> <span class='ocrx_word' id='word_1_469' title='bbox 1018 4982 1136 5050; x_wconf 89' lang='lat' dir='ltr'><strong>ipso</strong></span> <span class='ocrx_word' id='word_1_470' title='bbox 1168 4996 1296 5052; x_wconf 89' lang='lat' dir='ltr'><strong>ergo</strong></span> <span class='ocrx_word' id='word_1_471' title='bbox 1323 4980 1653 5050; x_wconf 79' lang='lat' dir='ltr'><strong>Hieronymo</strong></span> <span class='ocrx_word' id='word_1_472' title='bbox 1698 4993 2030 5051; x_wconf 89' lang='lat' dir='ltr'><strong>compertum</strong></span> 
     </span>
    </p>
   </div>
   <div class='ocr_carea' id='block_1_67' title="bbox 469 5071 2032 5143">
    <p class='ocr_par' dir='ltr' id='par_1_67' title="bbox 469 5071 2032 5143">
     <span class='ocr_line' id='line_1_67' title="bbox 469 5071 2032 5143; baseline -0.002 -15"><span class='ocrx_word' id='word_1_473' title='bbox 469 5076 754 5139; x_wconf 83' lang='lat' dir='ltr'><strong>habemus,</strong></span> <span class='ocrx_word' id='word_1_474' title='bbox 779 5072 1053 5143; x_wconf 86' lang='lat' dir='ltr'><strong>complura</strong></span> <span class='ocrx_word' id='word_1_475' title='bbox 1091 5071 1257 5127; x_wconf 82' lang='lat' dir='ltr'><strong>fuisse</strong></span> <span class='ocrx_word' id='word_1_476' title='bbox 1287 5073 1356 5127; x_wconf 91' lang='lat' dir='ltr'><strong>ab</strong></span> <span class='ocrx_word' id='word_1_477' title='bbox 1382 5072 1760 5141; x_wconf 81' lang='lat' dir='ltr'><strong>Amphilocbio</strong></span> <span class='ocrx_word' id='word_1_478' title='bbox 1801 5073 2032 5141; x_wconf 87' lang='lat' dir='ltr'><strong>perscri-</strong></span> 
     </span>
    </p>
   </div>
   <div class='ocr_carea' id='block_1_68' title="bbox 465 5161 2032 5234">
    <p class='ocr_par' dir='ltr' id='par_1_68' title="bbox 465 5161 2032 5234">
     <span class='ocr_line' id='line_1_68' title="bbox 465 5161 2032 5234; baseline -0.001 -16"><span class='ocrx_word' id='word_1_479' title='bbox 465 5178 580 5234; x_wconf 89' lang='lat' dir='ltr'><strong>pta,</strong></span> <span class='ocrx_word' id='word_1_480' title='bbox 609 5172 666 5218; x_wconf 89' lang='lat' dir='ltr'><strong>et</strong></span> <span class='ocrx_word' id='word_1_481' title='bbox 689 5162 1035 5218; x_wconf 80' lang='lat' dir='ltr'><strong>multiformis</strong></span> <span class='ocrx_word' id='word_1_482' title='bbox 1061 5161 1276 5232; x_wconf 87' lang='lat' dir='ltr'><strong>quidem</strong></span> <span class='ocrx_word' id='word_1_483' title='bbox 1307 5162 1569 5217; x_wconf 84' lang='lat' dir='ltr'><strong>doctrinae</strong></span> <span class='ocrx_word' id='word_1_484' title='bbox 1611 5162 1771 5217; x_wconf 88' lang='lat' dir='ltr'><strong>laude</strong></span> <span class='ocrx_word' id='word_1_485' title='bbox 1817 5163 2032 5232; x_wconf 88' lang='lat' dir='ltr'><strong>conspi-</strong></span> 
     </span>
    </p>
   </div>
   <div class='ocr_carea' id='block_1_69' title="bbox 558 5336 1706 5422">
    <p class='ocr_par' dir='ltr' id='par_1_69' title="bbox 558 5336 1706 5422">
     <span class='ocr_line' id='line_1_69' title="bbox 558 5336 1706 5422; baseline -0.003 -30"><span class='ocrx_word' id='word_1_486' title='bbox 558 5338 611 5422; x_wconf 71' lang='grc' dir='ltr'><strong>ᾳ)</strong></span> <span class='ocrx_word' id='word_1_487' title='bbox 638 5337 1081 5422; x_wconf 48' lang='grc' dir='ltr'><strong>ᾘιθοάοτςηΗὶδι.</strong></span> <span class='ocrx_word' id='word_1_488' title='bbox 1113 5337 1236 5391; x_wconf 87' lang='lat' dir='ltr'><strong>eccl.</strong></span> <span class='ocrx_word' id='word_1_489' title='bbox 1386 5353 1437 5402; x_wconf 88' lang='lat' dir='ltr'><strong>v,</strong></span> <span class='ocrx_word' id='word_1_490' title='bbox 1465 5352 1585 5407; x_wconf 88' lang='lat' dir='ltr'><strong>cap.</strong></span> <span class='ocrx_word' id='word_1_491' title='bbox 1616 5336 1706 5390; x_wconf 76' lang='lat' dir='ltr'><strong>lli.</strong></span> 
     </span>
    </p>
   </div>
   <div class='ocr_carea' id='block_1_70' title="bbox 533 5408 2025 5556">
    <p class='ocr_par' dir='ltr' id='par_1_70' title="bbox 533 5408 2025 5556">
     <span class='ocr_line' id='line_1_70' title="bbox 535 5408 1337 5478; baseline -0.001 -18"><span class='ocrx_word' id='word_1_492' title='bbox 535 5408 611 5478; x_wconf 71' lang='grc' dir='ltr'><strong>(ὁ)</strong></span> <span class='ocrx_word' id='word_1_493' title='bbox 643 5410 855 5472; x_wconf 77' lang='lat' dir='ltr'><strong>Sozam.</strong></span> <span class='ocrx_word' id='word_1_494' title='bbox 890 5408 982 5461; x_wconf 91' lang='lat' dir='ltr'><strong>lib.</strong></span> <span class='ocrx_word' id='word_1_495' title='bbox 1016 5423 1109 5472; x_wconf 87' lang='lat' dir='ltr'><strong>vu,</strong></span> <span class='ocrx_word' id='word_1_496' title='bbox 1140 5424 1259 5476; x_wconf 86' lang='lat' dir='ltr'><strong>cap.</strong></span> <span class='ocrx_word' id='word_1_497' title='bbox 1287 5408 1337 5459; x_wconf 82' lang='lat'><strong>6.</strong></span> 
     </span>
     <span class='ocr_line' id='line_1_71' title="bbox 533 5474 2025 5556; baseline 0 -26"><span class='ocrx_word' id='word_1_498' title='bbox 533 5476 1037 5556; x_wconf 32' lang='lat' dir='ltr'><strong>(c)ﬂTilletn_..lllém.</strong></span> <span class='ocrx_word' id='word_1_499' title='bbox 1060 5478 1183 5531; x_wconf 86' lang='lat' dir='ltr'><strong>eccl.</strong></span> <span class='ocrx_word' id='word_1_500' title='bbox 1227 5489 1354 5531; x_wconf 88' lang='lat' dir='ltr'><strong>tom.</strong></span> <span class='ocrx_word' id='word_1_501' title='bbox 1385 5474 1476 5540; x_wconf 87' lang='lat' dir='ltr'><strong>IX,</strong></span> <span class='ocrx_word' id='word_1_502' title='bbox 1508 5491 1629 5546; x_wconf 86' lang='lat' dir='ltr'><strong>pag.</strong></span> <span class='ocrx_word' id='word_1_503' title='bbox 1662 5475 1784 5539; x_wconf 75' lang='grc'>745,</span> <span class='ocrx_word' id='word_1_504' title='bbox 1821 5486 1932 5532; x_wconf 90' lang='lat' dir='ltr'><strong>uot.</strong></span> <span class='ocrx_word' id='word_1_505' title='bbox 1968 5476 2025 5540; x_wconf 72' lang='grc'><strong>4,</strong></span> 
     </span>
    </p>
   </div>
   <div class='ocr_carea' id='block_1_71' title="bbox 460 5543 2021 5687">
    <p class='ocr_par' dir='ltr' id='par_1_71' title="bbox 460 5543 2021 5687">
     <span class='ocr_line' id='line_1_72' title="bbox 460 5543 1601 5614; baseline -0.005 -11"><span class='ocrx_word' id='word_1_506' title='bbox 460 5543 657 5603; x_wconf 67' lang='lat' dir='ltr'><strong>Sui-&#39;8.</strong></span> <span class='ocrx_word' id='word_1_507' title='bbox 684 5547 911 5614; x_wconf 80' lang='lat' dir='ltr'><strong>Amphil.</strong></span> <span class='ocrx_word' id='word_1_508' title='bbox 1510 5543 1515 5544; x_wconf 71' lang='lat'><strong><em>&#39;</em></strong></span> <span class='ocrx_word' id='word_1_509' title='bbox 1583 5543 1601 5546; x_wconf 79' lang='lat'>&#39;</span> 
     </span>
     <span class='ocr_line' id='line_1_73' title="bbox 536 5613 2021 5687; baseline 0.001 -19"><span class='ocrx_word' id='word_1_510' title='bbox 536 5615 809 5687; x_wconf 43' lang='grc' dir='ltr'><strong>(ἄχρως.</strong></span> <span class='ocrx_word' id='word_1_511' title='bbox 835 5616 963 5668; x_wconf 84' lang='lat' dir='ltr'><strong>Naz.</strong></span> <span class='ocrx_word' id='word_1_512' title='bbox 984 5631 1166 5687; x_wconf 78' lang='lat' dir='ltr'><strong>carm.</strong></span> <span class='ocrx_word' id='word_1_513' title='bbox 1199 5613 1598 5687; x_wconf 57' lang='lat' dir='ltr'><strong>1.1,[uuncttt],</strong></span> <span class='ocrx_word' id='word_1_514' title='bbox 1642 5615 1679 5684; x_wconf 57' lang='grc' dir='ltr'><em>ᾗ</em></span> <span class='ocrx_word' id='word_1_515' title='bbox 1733 5615 1862 5679; x_wconf 66' lang='lat'><strong>242,</strong></span> <span class='ocrx_word' id='word_1_516' title='bbox 1884 5616 2021 5686; x_wconf 88' lang='lat' dir='ltr'><strong>Opp.</strong></span> 
     </span>
    </p>
   </div>
   <div class='ocr_carea' id='block_1_72' title="bbox 463 5684 1715 5822">
    <p class='ocr_par' dir='ltr' id='par_1_72' title="bbox 463 5684 1715 5822">
     <span class='ocr_line' id='line_1_74' title="bbox 463 5684 1600 5756; baseline -0.002 -18"><span class='ocrx_word' id='word_1_517' title='bbox 463 5684 603 5738; x_wconf 66' lang='lat' dir='ltr'><strong>tam.</strong></span> <span class='ocrx_word' id='word_1_518' title='bbox 628 5686 693 5749; x_wconf 87' lang='lat' dir='ltr'><strong>Il,</strong></span> <span class='ocrx_word' id='word_1_519' title='bbox 727 5684 849 5755; x_wconf 77' lang='lat' dir='ltr'><strong>pag.</strong></span> <span class='ocrx_word' id='word_1_520' title='bbox 892 5686 994 5739; x_wconf 72' lang='grc'><strong>125</strong></span> <span class='ocrx_word' id='word_1_521' title='bbox 1028 5684 1133 5756; x_wconf 83' lang='lat' dir='ltr'><strong>[ed.</strong></span> <span class='ocrx_word' id='word_1_522' title='bbox 1173 5684 1383 5756; x_wconf 55' lang='lat' dir='ltr'><strong>ttovfp.</strong></span> <span class='ocrx_word' id='word_1_523' title='bbox 1418 5684 1600 5756; x_wconf 72' lang='lat'><strong>1017].</strong></span> 
     </span>
     <span class='ocr_line' id='line_1_75' title="bbox 533 5753 1715 5822; baseline 0.001 -16"><span class='ocrx_word' id='word_1_524' title='bbox 533 5757 606 5821; x_wconf 89' lang='lat' dir='ltr'><strong>(e)</strong></span> <span class='ocrx_word' id='word_1_525' title='bbox 634 5754 851 5810; x_wconf 87' lang='lat' dir='ltr'><strong>Hieron.</strong></span> <span class='ocrx_word' id='word_1_526' title='bbox 881 5755 970 5808; x_wconf 87' lang='lat' dir='ltr'><strong>lib.</strong></span> <span class='ocrx_word' id='word_1_527' title='bbox 996 5755 1072 5808; x_wconf 82' lang='lat' dir='ltr'><strong>De</strong></span> <span class='ocrx_word' id='word_1_528' title='bbox 1098 5753 1193 5807; x_wconf 87' lang='lat' dir='ltr'><strong>vir.</strong></span> <span class='ocrx_word' id='word_1_529' title='bbox 1224 5754 1417 5807; x_wconf 82' lang='lat' dir='ltr'><strong>illttstr.</strong></span> <span class='ocrx_word' id='word_1_530' title='bbox 1448 5770 1565 5822; x_wconf 88' lang='lat' dir='ltr'><strong>cap.</strong></span> <span class='ocrx_word' id='word_1_531' title='bbox 1595 5754 1715 5808; x_wconf 72' lang='lat'><strong>155.</strong></span> 
     </span>
    </p>
   </div>
   <div class='ocr_carea' id='block_1_73' title="bbox 534 5824 1711 5893">
    <p class='ocr_par' dir='ltr' id='par_1_73' title="bbox 534 5824 1711 5893">
     <span class='ocr_line' id='line_1_76' title="bbox 534 5824 1711 5893; baseline 0 -17"><span class='ocrx_word' id='word_1_532' title='bbox 534 5824 602 5891; x_wconf 71' lang='grc' dir='ltr'><strong>(Γ)</strong></span> <span class='ocrx_word' id='word_1_533' title='bbox 628 5824 705 5880; x_wconf 90' lang='lat' dir='ltr'><strong>Id.</strong></span> <span class='ocrx_word' id='word_1_534' title='bbox 738 5825 790 5880; x_wconf 93' lang='lat' dir='ltr'><strong>in</strong></span> <span class='ocrx_word' id='word_1_535' title='bbox 821 5825 1027 5893; x_wconf 83' lang='lat' dir='ltr'><strong>prolog.</strong></span> <span class='ocrx_word' id='word_1_536' title='bbox 1059 5830 1124 5879; x_wconf 88' lang='lat' dir='ltr'><strong>ad</strong></span> <span class='ocrx_word' id='word_1_537' title='bbox 1152 5825 1245 5879; x_wconf 88' lang='lat' dir='ltr'><strong>lib.</strong></span> <span class='ocrx_word' id='word_1_538' title='bbox 1280 5824 1357 5878; x_wconf 86' lang='lat' dir='ltr'><strong>De</strong></span> <span class='ocrx_word' id='word_1_539' title='bbox 1395 5827 1491 5878; x_wconf 82' lang='lat' dir='ltr'><strong>vir.</strong></span> <span class='ocrx_word' id='word_1_540' title='bbox 1521 5824 1711 5877; x_wconf 86' lang='lat' dir='ltr'><strong>illustr.</strong></span> 
     </span>
    </p>
   </div>
   <div class='ocr_carea' id='block_1_74' title="bbox 2145 1997 3718 2069">
    <p class='ocr_par' dir='ltr' id='par_1_74' title="bbox 2145 1997 3718 2069">
     <span class='ocr_line' id='line_1_77' title="bbox 2145 1997 3718 2069; baseline 0.001 -16"><span class='ocrx_word' id='word_1_541' title='bbox 2145 2000 2466 2067; x_wconf 85' lang='lat' dir='ltr'><strong>metaphrasi</strong></span> <span class='ocrx_word' id='word_1_542' title='bbox 2492 1998 2680 2053; x_wconf 88' lang='lat' dir='ltr'><strong>Latina</strong></span> <span class='ocrx_word' id='word_1_543' title='bbox 2708 2000 2938 2067; x_wconf 90' lang='lat' dir='ltr'><strong>primum</strong></span> <span class='ocrx_word' id='word_1_544' title='bbox 2981 1999 3146 2054; x_wconf 90' lang='lat' dir='ltr'><strong>edidit</strong></span> <span class='ocrx_word' id='word_1_545' title='bbox 3181 1997 3547 2069; x_wconf 76' lang='lat' dir='ltr'><strong>Schleusingte</strong></span> <span class='ocrx_word' id='word_1_546' title='bbox 3575 2014 3718 2054; x_wconf 81' lang='lat' dir='ltr'><strong>anno</strong></span> 
     </span>
    </p>
   </div>
   <div class='ocr_carea' id='block_1_75' title="bbox 2145 2088 3716 2160">
    <p class='ocr_par' dir='ltr' id='par_1_75' title="bbox 2145 2088 3716 2160">
     <span class='ocr_line' id='line_1_78' title="bbox 2145 2088 3716 2160; baseline 0.001 -16"><span class='ocrx_word' id='word_1_547' title='bbox 2145 2089 2280 2144; x_wconf 71' lang='lat'><strong>1609</strong></span> <span class='ocrx_word' id='word_1_548' title='bbox 2310 2088 2623 2145; x_wconf 84' lang='lat' dir='ltr'><strong>Joachiiuus</strong></span> <span class='ocrx_word' id='word_1_549' title='bbox 2655 2088 2950 2144; x_wconf 85' lang='lat' dir='ltr'><strong>Zehnerus.</strong></span> <span class='ocrx_word' id='word_1_550' title='bbox 2984 2089 3122 2144; x_wconf 92' lang='lat' dir='ltr'><strong>Sunt</strong></span> <span class='ocrx_word' id='word_1_551' title='bbox 3162 2100 3339 2143; x_wconf 88' lang='lat' dir='ltr'><strong>autem</strong></span> <span class='ocrx_word' id='word_1_552' title='bbox 3372 2103 3559 2145; x_wconf 85' lang='lat' dir='ltr'><strong>versus</strong></span> <span class='ocrx_word' id='word_1_553' title='bbox 3586 2091 3716 2160; x_wconf 82' lang='lat'><strong>555,</strong></span> 
     </span>
    </p>
   </div>
   <div class='ocr_carea' id='block_1_76' title="bbox 2142 2179 3717 2250">
    <p class='ocr_par' dir='ltr' id='par_1_76' title="bbox 2142 2179 3717 2250">
     <span class='ocr_line' id='line_1_79' title="bbox 2142 2179 3717 2250; baseline -0.001 -13"><span class='ocrx_word' id='word_1_554' title='bbox 2142 2194 2346 2250; x_wconf 88' lang='lat' dir='ltr'><strong>eosque</strong></span> <span class='ocrx_word' id='word_1_555' title='bbox 2392 2179 2445 2234; x_wconf 91' lang='lat' dir='ltr'><strong>in</strong></span> <span class='ocrx_word' id='word_1_556' title='bbox 2481 2180 2586 2233; x_wconf 85' lang='lat' dir='ltr'><strong>line</strong></span> <span class='ocrx_word' id='word_1_557' title='bbox 2623 2180 2943 2234; x_wconf 86' lang='lat' dir='ltr'><strong>adnumerat</strong></span> <span class='ocrx_word' id='word_1_558' title='bbox 2971 2180 3198 2247; x_wconf 90' lang='lat' dir='ltr'><strong>ipsemet</strong></span> <span class='ocrx_word' id='word_1_559' title='bbox 3254 2189 3440 2232; x_wconf 92' lang='lat' dir='ltr'><strong>auctor</strong></span> <span class='ocrx_word' id='word_1_560' title='bbox 3479 2195 3573 2248; x_wconf 89' lang='lat' dir='ltr'><strong>per</strong></span> <span class='ocrx_word' id='word_1_561' title='bbox 3607 2191 3717 2236; x_wconf 84' lang='lat' dir='ltr'><strong>tres</strong></span> 
     </span>
    </p>
   </div>
   <div class='ocr_carea' id='block_1_77' title="bbox 2144 2270 3714 2337">
    <p class='ocr_par' dir='ltr' id='par_1_77' title="bbox 2144 2270 3714 2337">
     <span class='ocr_line' id='line_1_80' title="bbox 2144 2270 3714 2337; baseline -0.001 -9"><span class='ocrx_word' id='word_1_562' title='bbox 2144 2273 2527 2328; x_wconf 83' lang='lat' dir='ltr'><strong>liccatontadas</strong></span> <span class='ocrx_word' id='word_1_563' title='bbox 2568 2279 2623 2325; x_wconf 90' lang='lat' dir='ltr'><strong>et</strong></span> <span class='ocrx_word' id='word_1_564' title='bbox 2663 2270 2896 2325; x_wconf 87' lang='lat' dir='ltr'><strong>decadas</strong></span> <span class='ocrx_word' id='word_1_565' title='bbox 2937 2271 3157 2324; x_wconf 88' lang='lat' dir='ltr'><strong>totidem</strong></span> <span class='ocrx_word' id='word_1_566' title='bbox 3185 2285 3248 2324; x_wconf 92' lang='lat' dir='ltr'><strong>ac</strong></span> <span class='ocrx_word' id='word_1_567' title='bbox 3292 2274 3549 2325; x_wconf 87' lang='lat' dir='ltr'><strong>monadas</strong></span> <span class='ocrx_word' id='word_1_568' title='bbox 3583 2281 3714 2337; x_wconf 86' lang='lat' dir='ltr'><strong>tres,</strong></span> 
     </span>
    </p>
   </div>
   <div class='ocr_carea' id='block_1_78' title="bbox 2141 2362 3717 2431">
    <p class='ocr_par' dir='ltr' id='par_1_78' title="bbox 2141 2362 3717 2431">
     <span class='ocr_line' id='line_1_81' title="bbox 2141 2362 3717 2431; baseline 0 -13"><span class='ocrx_word' id='word_1_569' title='bbox 2141 2366 2208 2418; x_wconf 93' lang='lat' dir='ltr'><strong>ad</strong></span> <span class='ocrx_word' id='word_1_570' title='bbox 2239 2362 2341 2419; x_wconf 91' lang='lat' dir='ltr'><strong>SS.</strong></span> <span class='ocrx_word' id='word_1_571' title='bbox 2374 2362 2696 2417; x_wconf 85' lang='lat' dir='ltr'><strong>Trinitatem</strong></span> <span class='ocrx_word' id='word_1_572' title='bbox 2722 2362 2967 2417; x_wconf 87' lang='lat' dir='ltr'><strong>videlicet</strong></span> <span class='ocrx_word' id='word_1_573' title='bbox 2995 2362 3309 2430; x_wconf 87' lang='lat' dir='ltr'><strong>respiciens.</strong></span> <span class='ocrx_word' id='word_1_574' title='bbox 3338 2363 3409 2417; x_wconf 89' lang='lat' dir='ltr'><strong>De</strong></span> <span class='ocrx_word' id='word_1_575' title='bbox 3433 2364 3613 2431; x_wconf 72' lang='lat' dir='ltr'><strong>Opi-ris</strong></span> <span class='ocrx_word' id='word_1_576' title='bbox 3635 2365 3717 2418; x_wconf 86' lang='lat' dir='ltr'><strong>in-</strong></span> 
     </span>
    </p>
   </div>
   <div class='ocr_carea' id='block_1_79' title="bbox 2143 2442 3709 2526">
    <p class='ocr_par' dir='ltr' id='par_1_79' title="bbox 2143 2442 3709 2526">
     <span class='ocr_line' id='line_1_82' title="bbox 2143 2442 3709 2526; baseline -0.001 -16"><span class='ocrx_word' id='word_1_577' title='bbox 2143 2455 2399 2526; x_wconf 84' lang='lat' dir='ltr'><strong>tegritale</strong></span> <span class='ocrx_word' id='word_1_578' title='bbox 2440 2454 2708 2509; x_wconf 82' lang='lat' dir='ltr'><strong>dissident</strong></span> <span class='ocrx_word' id='word_1_579' title='bbox 2742 2454 2957 2509; x_wconf 86' lang='lat' dir='ltr'><strong>eruditi.</strong></span> <span class='ocrx_word' id='word_1_580' title='bbox 2986 2453 3175 2508; x_wconf 90' lang='lat' dir='ltr'><strong>Billius</strong></span> <span class='ocrx_word' id='word_1_581' title='bbox 3224 2454 3426 2523; x_wconf 88' lang='lat' dir='ltr'><strong>primus</strong></span> <span class='ocrx_word' id='word_1_582' title='bbox 3466 2442 3709 2509; x_wconf 85' lang='lat' dir='ltr'><strong>omnium</strong></span> 
     </span>
    </p>
   </div>
   <div class='ocr_carea' id='block_1_80' title="bbox 2142 2543 3714 2614">
    <p class='ocr_par' dir='ltr' id='par_1_80' title="bbox 2142 2543 3714 2614">
     <span class='ocr_line' id='line_1_83' title="bbox 2142 2543 3714 2614; baseline -0.001 -14"><span class='ocrx_word' id='word_1_583' title='bbox 2142 2547 2241 2600; x_wconf 79' lang='lat' dir='ltr'><strong>has</strong></span> <span class='ocrx_word' id='word_1_584' title='bbox 2272 2545 2482 2598; x_wconf 90' lang='lat' dir='ltr'><strong>Iambos</strong></span> <span class='ocrx_word' id='word_1_585' title='bbox 2526 2544 2789 2614; x_wconf 86' lang='lat' dir='ltr'><strong>Gregorio</strong></span> <span class='ocrx_word' id='word_1_586' title='bbox 2829 2543 3169 2598; x_wconf 88' lang='lat' dir='ltr'><strong>Nazianzeno</strong></span> <span class='ocrx_word' id='word_1_587' title='bbox 3212 2559 3455 2599; x_wconf 90' lang='lat' dir='ltr'><strong>asserere</strong></span> <span class='ocrx_word' id='word_1_588' title='bbox 3501 2546 3714 2610; x_wconf 90' lang='lat' dir='ltr'><strong>nititur,</strong></span> 
     </span>
    </p>
   </div>
   <div class='ocr_carea' id='block_1_81' title="bbox 2140 2634 3711 2705">
    <p class='ocr_par' dir='ltr' id='par_1_81' title="bbox 2140 2634 3711 2705">
     <span class='ocr_line' id='line_1_84' title="bbox 2140 2634 3711 2705; baseline -0.002 -13"><span class='ocrx_word' id='word_1_589' title='bbox 2140 2654 2205 2692; x_wconf 80' lang='lat' dir='ltr'><strong>ex</strong></span> <span class='ocrx_word' id='word_1_590' title='bbox 2235 2636 2531 2705; x_wconf 89' lang='lat' dir='ltr'><strong>autiquarii</strong></span> <span class='ocrx_word' id='word_1_591' title='bbox 2581 2651 2689 2705; x_wconf 90' lang='lat' dir='ltr'><strong>quo</strong></span> <span class='ocrx_word' id='word_1_592' title='bbox 2731 2651 2860 2690; x_wconf 89' lang='lat' dir='ltr'><strong>usus</strong></span> <span class='ocrx_word' id='word_1_593' title='bbox 2902 2645 2987 2689; x_wconf 91' lang='lat' dir='ltr'><strong>est</strong></span> <span class='ocrx_word' id='word_1_594' title='bbox 3028 2634 3329 2702; x_wconf 78' lang='lat' dir='ltr'><strong>huiusmodi</strong></span> <span class='ocrx_word' id='word_1_595' title='bbox 3364 2636 3711 2704; x_wconf 84' lang='lat' dir='ltr'><strong>conjectura:</strong></span> 
     </span>
    </p>
   </div>
   <div class='ocr_carea' id='block_1_82' title="bbox 2140 2726 3714 2799">
    <p class='ocr_par' dir='ltr' id='par_1_82' title="bbox 2140 2726 3714 2799">
     <span class='ocr_line' id='line_1_85' title="bbox 2140 2726 3714 2799; baseline -0.003 -15"><span class='ocrx_word' id='word_1_596' title='bbox 2140 2732 2249 2784; x_wconf 76' lang='grc' dir='ltr'><strong>Καὶ</strong></span> <span class='ocrx_word' id='word_1_597' title='bbox 2272 2730 2445 2784; x_wconf 83' lang='grc' dir='ltr'><strong>ταῦτα</strong></span> <span class='ocrx_word' id='word_1_598' title='bbox 2475 2729 2620 2782; x_wconf 82' lang='grc' dir='ltr'>δοκεῖ</span> <span class='ocrx_word' id='word_1_599' title='bbox 2648 2745 2737 2799; x_wconf 85' lang='grc' dir='ltr'><strong>μοι</strong></span> <span class='ocrx_word' id='word_1_600' title='bbox 2762 2727 2856 2780; x_wconf 83' lang='grc' dir='ltr'><strong>τοῦ</strong></span> <span class='ocrx_word' id='word_1_601' title='bbox 2895 2726 3155 2795; x_wconf 80' lang='grc' dir='ltr'><strong>Θεολὸγου</strong></span> <span class='ocrx_word' id='word_1_602' title='bbox 3191 2727 3474 2797; x_wconf 81' lang='grc' dir='ltr'>τυγχάνειν</span> <span class='ocrx_word' id='word_1_603' title='bbox 3497 2726 3714 2798; x_wconf 81' lang='grc' dir='ltr'><strong>φρενὸς,</strong></span> 
     </span>
    </p>
   </div>
   <div class='ocr_carea' id='block_1_83' title="bbox 2138 2816 3716 2890">
    <p class='ocr_par' dir='ltr' id='par_1_83' title="bbox 2138 2816 3716 2890">
     <span class='ocr_line' id='line_1_86' title="bbox 2138 2816 3716 2890; baseline -0.001 -18"><span class='ocrx_word' id='word_1_604' title='bbox 2138 2820 2215 2884; x_wconf 83' lang='grc' dir='ltr'><strong>ὡς</strong></span> <span class='ocrx_word' id='word_1_605' title='bbox 2244 2820 2394 2890; x_wconf 78' lang='grc' dir='ltr'><strong>παρὰ</strong></span> <span class='ocrx_word' id='word_1_606' title='bbox 2427 2819 2776 2890; x_wconf 84' lang='grc' dir='ltr'>Ἀμφιλοχίου</span> <span class='ocrx_word' id='word_1_607' title='bbox 2804 2817 3104 2890; x_wconf 78' lang='grc' dir='ltr'><strong>γραφένταο</strong></span> <span class='ocrx_word' id='word_1_608' title='bbox 3144 2816 3273 2871; x_wconf 70' lang='lat' dir='ltr'><strong>Hice</strong></span> <span class='ocrx_word' id='word_1_609' title='bbox 3312 2819 3440 2870; x_wconf 78' lang='lat' dir='ltr'><strong>milii</strong></span> <span class='ocrx_word' id='word_1_610' title='bbox 3474 2820 3716 2872; x_wconf 79' lang='lat' dir='ltr'><strong>videntur</strong></span> 
     </span>
    </p>
   </div>
   <div class='ocr_carea' id='block_1_84' title="bbox 2141 2907 3712 2978">
    <p class='ocr_par' dir='ltr' id='par_1_84' title="bbox 2141 2907 3712 2978">
     <span class='ocr_line' id='line_1_87' title="bbox 2141 2907 3712 2978; baseline -0.001 -17"><span class='ocrx_word' id='word_1_611' title='bbox 2141 2926 2172 2961; x_wconf 89' lang='lat' dir='ltr'><strong>a</strong></span> <span class='ocrx_word' id='word_1_612' title='bbox 2208 2908 2454 2978; x_wconf 83' lang='lat' dir='ltr'><strong>Tlteologi</strong></span> <span class='ocrx_word' id='word_1_613' title='bbox 2503 2918 2671 2961; x_wconf 86' lang='lat' dir='ltr'><strong>mente</strong></span> <span class='ocrx_word' id='word_1_614' title='bbox 2721 2907 2973 2976; x_wconf 74' lang='lat' dir='ltr'><strong>profecta,</strong></span> <span class='ocrx_word' id='word_1_615' title='bbox 3014 2918 3263 2974; x_wconf 83' lang='lat' dir='ltr'><strong>tanquam</strong></span> <span class='ocrx_word' id='word_1_616' title='bbox 3303 2909 3398 2959; x_wconf 86' lang='lat' dir='ltr'><strong>sub</strong></span> <span class='ocrx_word' id='word_1_617' title='bbox 3440 2907 3712 2974; x_wconf 80' lang='lat' dir='ltr'><strong>Amphilo-</strong></span> 
     </span>
    </p>
   </div>
   <div class='ocr_carea' id='block_1_85' title="bbox 2145 2994 3704 3063">
    <p class='ocr_par' dir='ltr' id='par_1_85' title="bbox 2145 2994 3704 3063">
     <span class='ocr_line' id='line_1_88' title="bbox 2145 2994 3704 3063; baseline 0.001 -16"><span class='ocrx_word' id='word_1_618' title='bbox 2145 2995 2254 3048; x_wconf 85' lang='lat' dir='ltr'><strong>cltii</strong></span> <span class='ocrx_word' id='word_1_619' title='bbox 2278 2996 2485 3048; x_wconf 87' lang='lat' dir='ltr'><strong>nomine</strong></span> <span class='ocrx_word' id='word_1_620' title='bbox 2527 2995 2720 3060; x_wconf 81' lang='lat' dir='ltr'><strong>scripta</strong></span> <span class='ocrx_word' id='word_1_621' title='bbox 2758 3009 2776 3046; x_wconf 92' lang='lat'><strong>:</strong></span> <span class='ocrx_word' id='word_1_622' title='bbox 2815 3009 2876 3047; x_wconf 89' lang='lat' dir='ltr'><strong>ca</strong></span> <span class='ocrx_word' id='word_1_623' title='bbox 2902 2994 3156 3047; x_wconf 88' lang='lat' dir='ltr'><strong>nimirum</strong></span> <span class='ocrx_word' id='word_1_624' title='bbox 3188 2995 3416 3059; x_wconf 91' lang='lat' dir='ltr'><strong>ratione,</strong></span> <span class='ocrx_word' id='word_1_625' title='bbox 3443 3010 3547 3063; x_wconf 88' lang='lat' dir='ltr'><strong>qua</strong></span> <span class='ocrx_word' id='word_1_626' title='bbox 3592 2994 3704 3049; x_wconf 88' lang='lat' dir='ltr'><strong>Na-</strong></span> 
     </span>
    </p>
   </div>
   <div class='ocr_carea' id='block_1_86' title="bbox 2142 3081 3711 3153">
    <p class='ocr_par' dir='ltr' id='par_1_86' title="bbox 2142 3081 3711 3153">
     <span class='ocr_line' id='line_1_89' title="bbox 2142 3081 3711 3153; baseline -0.001 -14"><span class='ocrx_word' id='word_1_627' title='bbox 2142 3086 2436 3140; x_wconf 76' lang='lat' dir='ltr'><strong>zianzenus</strong></span> <span class='ocrx_word' id='word_1_628' title='bbox 2490 3083 2558 3137; x_wconf 91' lang='lat' dir='ltr'><strong>ad</strong></span> <span class='ocrx_word' id='word_1_629' title='bbox 2596 3081 2909 3137; x_wconf 84' lang='lat' dir='ltr'><strong>Nicobulum</strong></span> <span class='ocrx_word' id='word_1_630' title='bbox 2958 3099 3023 3137; x_wconf 86' lang='lat' dir='ltr'><strong>ex</strong></span> <span class='ocrx_word' id='word_1_631' title='bbox 3060 3083 3298 3138; x_wconf 88' lang='lat' dir='ltr'><strong>Nicobuli</strong></span> <span class='ocrx_word' id='word_1_632' title='bbox 3334 3085 3425 3138; x_wconf 88' lang='lat' dir='ltr'><strong>lilii</strong></span> <span class='ocrx_word' id='word_1_633' title='bbox 3461 3100 3711 3153; x_wconf 87' lang='lat' dir='ltr'><strong>persona,</strong></span> 
     </span>
    </p>
   </div>
   <div class='ocr_carea' id='block_1_87' title="bbox 2140 3170 3714 3247">
    <p class='ocr_par' dir='ltr' id='par_1_87' title="bbox 2140 3170 3714 3247">
     <span class='ocr_line' id='line_1_90' title="bbox 2140 3170 3714 3247; baseline 0.001 -20"><span class='ocrx_word' id='word_1_634' title='bbox 2140 3184 2192 3228; x_wconf 92' lang='lat' dir='ltr'><strong>et</strong></span> <span class='ocrx_word' id='word_1_635' title='bbox 2226 3173 2329 3226; x_wconf 90' lang='lat' dir='ltr'><strong>alia</strong></span> <span class='ocrx_word' id='word_1_636' title='bbox 2380 3173 2624 3241; x_wconf 66' lang='lat' dir='ltr'><strong>quaedam</strong></span> <span class='ocrx_word' id='word_1_637' title='bbox 2659 3171 2723 3224; x_wconf 92' lang='lat' dir='ltr'><strong>ad</strong></span> <span class='ocrx_word' id='word_1_638' title='bbox 2762 3170 3084 3226; x_wconf 83' lang='lat' dir='ltr'><strong>Vitalianum</strong></span> <span class='ocrx_word' id='word_1_639' title='bbox 3129 3185 3404 3242; x_wconf 89' lang='lat' dir='ltr'><strong>parentem</strong></span> <span class='ocrx_word' id='word_1_640' title='bbox 3449 3174 3714 3247; x_wconf 70' lang='grc' dir='ltr'><strong>ἄστοργον</strong></span> 
     </span>
    </p>
   </div>
   <div class='ocr_carea' id='block_1_88' title="bbox 2143 3261 3712 3336">
    <p class='ocr_par' dir='ltr' id='par_1_88' title="bbox 2143 3261 3712 3336">
     <span class='ocr_line' id='line_1_91' title="bbox 2143 3261 3712 3336; baseline -0.001 -19"><span class='ocrx_word' id='word_1_641' title='bbox 2143 3263 2377 3332; x_wconf 77' lang='lat' dir='ltr'><strong>Scripsit.</strong></span> <span class='ocrx_word' id='word_1_642' title='bbox 2408 3282 2427 3314; x_wconf 70' lang='grc' dir='ltr'><em>ς</em></span> <span class='ocrx_word' id='word_1_643' title='bbox 2466 3262 2603 3315; x_wconf 87' lang='lat' dir='ltr'><strong>Sunt</strong></span> <span class='ocrx_word' id='word_1_644' title='bbox 2625 3261 2995 3323; x_wconf 85' lang='lat' dir='ltr'><strong>nihilominus.</strong></span> <span class='ocrx_word' id='word_1_645' title='bbox 3030 3263 3201 3331; x_wconf 91' lang='lat' dir='ltr'><strong>inquit</strong></span> <span class='ocrx_word' id='word_1_646' title='bbox 3237 3264 3712 3336; x_wconf 83' lang='lat' dir='ltr'><strong>Cotttbelisius(lt),</strong></span> 
     </span>
    </p>
   </div>
   <div class='ocr_carea' id='block_1_89' title="bbox 2143 3352 3708 3421">
    <p class='ocr_par' dir='ltr' id='par_1_89' title="bbox 2143 3352 3708 3421">
     <span class='ocr_line' id='line_1_92' title="bbox 2143 3352 3708 3421; baseline -0.001 -11"><span class='ocrx_word' id='word_1_647' title='bbox 2143 3358 2256 3410; x_wconf 66' lang='lat' dir='ltr'><strong>hinc</strong></span> <span class='ocrx_word' id='word_1_648' title='bbox 2285 3355 2507 3415; x_wconf 88' lang='lat' dir='ltr'><strong>leviora.</strong></span> <span class='ocrx_word' id='word_1_649' title='bbox 2547 3368 2706 3421; x_wconf 88' lang='lat' dir='ltr'><strong>quam</strong></span> <span class='ocrx_word' id='word_1_650' title='bbox 2749 3361 2809 3406; x_wconf 92' lang='lat' dir='ltr'><strong>ut</strong></span> <span class='ocrx_word' id='word_1_651' title='bbox 2856 3352 3014 3408; x_wconf 87' lang='lat' dir='ltr'><strong>ﬁdem</strong></span> <span class='ocrx_word' id='word_1_652' title='bbox 3045 3354 3289 3407; x_wconf 82' lang='lat' dir='ltr'><strong>codicum</strong></span> <span class='ocrx_word' id='word_1_653' title='bbox 3325 3355 3708 3410; x_wconf 83' lang='lat' dir='ltr'><strong>vindicantium</strong></span> 
     </span>
    </p>
   </div>
   <div class='ocr_carea' id='block_1_90' title="bbox 2140 3444 3707 3516">
    <p class='ocr_par' dir='ltr' id='par_1_90' title="bbox 2140 3444 3707 3516">
     <span class='ocr_line' id='line_1_93' title="bbox 2140 3444 3707 3516; baseline 0.001 -19"><span class='ocrx_word' id='word_1_654' title='bbox 2140 3446 2514 3514; x_wconf 87' lang='lat' dir='ltr'><strong>Ampltilochio</strong></span> <span class='ocrx_word' id='word_1_655' title='bbox 2556 3444 2786 3500; x_wconf 80' lang='lat' dir='ltr'><strong>elerent.</strong></span> <span class='ocrx_word' id='word_1_656' title='bbox 2841 3444 3082 3499; x_wconf 89' lang='lat' dir='ltr'><strong>Primum</strong></span> <span class='ocrx_word' id='word_1_657' title='bbox 3141 3449 3283 3500; x_wconf 92' lang='lat' dir='ltr'><strong>enim</strong></span> <span class='ocrx_word' id='word_1_658' title='bbox 3331 3447 3508 3502; x_wconf 89' lang='lat' dir='ltr'><strong>minus</strong></span> <span class='ocrx_word' id='word_1_659' title='bbox 3570 3462 3707 3516; x_wconf 88' lang='lat' dir='ltr'><strong>qua-</strong></span> 
     </span>
    </p>
   </div>
   <div class='ocr_carea' id='block_1_91' title="bbox 2141 3532 3713 3605">
    <p class='ocr_par' dir='ltr' id='par_1_91' title="bbox 2141 3532 3713 3605">
     <span class='ocr_line' id='line_1_94' title="bbox 2141 3532 3713 3605; baseline 0.001 -17"><span class='ocrx_word' id='word_1_660' title='bbox 2141 3535 2300 3589; x_wconf 78' lang='lat' dir='ltr'><strong>draut</strong></span> <span class='ocrx_word' id='word_1_661' title='bbox 2344 3534 2433 3587; x_wconf 90' lang='lat' dir='ltr'><strong>hic</strong></span> <span class='ocrx_word' id='word_1_662' title='bbox 2488 3534 2659 3601; x_wconf 86' lang='lat' dir='ltr'><strong>posita</strong></span> <span class='ocrx_word' id='word_1_663' title='bbox 2714 3534 2781 3588; x_wconf 93' lang='lat' dir='ltr'><strong>de</strong></span> <span class='ocrx_word' id='word_1_664' title='bbox 2814 3532 2966 3588; x_wconf 88' lang='lat' dir='ltr'><strong>libris</strong></span> <span class='ocrx_word' id='word_1_665' title='bbox 2999 3535 3275 3590; x_wconf 88' lang='lat' dir='ltr'><strong>canonicis</strong></span> <span class='ocrx_word' id='word_1_666' title='bbox 3310 3551 3435 3590; x_wconf 86' lang='lat' dir='ltr'><strong>cum</strong></span> <span class='ocrx_word' id='word_1_667' title='bbox 3487 3536 3553 3590; x_wconf 92' lang='lat' dir='ltr'><strong>iis</strong></span> <span class='ocrx_word' id='word_1_668' title='bbox 3594 3552 3713 3605; x_wconf 77' lang='lat' dir='ltr'><strong>qua:</strong></span> 
     </span>
    </p>
   </div>
   <div class='ocr_carea' id='block_1_92' title="bbox 2142 3623 3714 3696">
    <p class='ocr_par' dir='ltr' id='par_1_92' title="bbox 2142 3623 3714 3696">
     <span class='ocr_line' id='line_1_95' title="bbox 2142 3623 3714 3696; baseline 0.004 -19"><span class='ocrx_word' id='word_1_669' title='bbox 2142 3625 2304 3680; x_wconf 76' lang='lat' dir='ltr'><strong>habet</strong></span> <span class='ocrx_word' id='word_1_670' title='bbox 2354 3623 2655 3692; x_wconf 85' lang='lat' dir='ltr'><strong>Theologtts</strong></span> <span class='ocrx_word' id='word_1_671' title='bbox 2684 3623 2799 3695; x_wconf 90' lang='lat' dir='ltr'><strong>(i),</strong></span> <span class='ocrx_word' id='word_1_672' title='bbox 2842 3625 2931 3679; x_wconf 90' lang='lat' dir='ltr'><strong>ubi</strong></span> <span class='ocrx_word' id='word_1_673' title='bbox 2983 3625 3227 3680; x_wconf 86' lang='lat' dir='ltr'><strong>absolute</strong></span> <span class='ocrx_word' id='word_1_674' title='bbox 3284 3628 3596 3696; x_wconf 88' lang='lat' dir='ltr'><strong>prouttntiat</strong></span> <span class='ocrx_word' id='word_1_675' title='bbox 3646 3629 3714 3683; x_wconf 88' lang='lat' dir='ltr'><strong>de</strong></span> 
     </span>
    </p>
   </div>
   <div class='ocr_carea' id='block_1_93' title="bbox 2140 3713 3711 3782">
    <p class='ocr_par' dir='ltr' id='par_1_93' title="bbox 2140 3713 3711 3782">
     <span class='ocr_line' id='line_1_96' title="bbox 2140 3713 3711 3782; baseline 0.002 -16"><span class='ocrx_word' id='word_1_676' title='bbox 2140 3713 2289 3767; x_wconf 79' lang='lat' dir='ltr'><strong>Pauli</strong></span> <span class='ocrx_word' id='word_1_677' title='bbox 2321 3713 2574 3782; x_wconf 79' lang='lat' dir='ltr'><strong>Epismlis</strong></span> <span class='ocrx_word' id='word_1_678' title='bbox 2596 3723 2650 3766; x_wconf 89' lang='lat' dir='ltr'><strong>et</strong></span> <span class='ocrx_word' id='word_1_679' title='bbox 2686 3725 2889 3781; x_wconf 82' lang='lat' dir='ltr'><strong>septem</strong></span> <span class='ocrx_word' id='word_1_680' title='bbox 2929 3714 3233 3779; x_wconf 87' lang='lat' dir='ltr'><strong>catholicis,</strong></span> <span class='ocrx_word' id='word_1_681' title='bbox 3262 3716 3403 3768; x_wconf 91' lang='lat' dir='ltr'><strong>nulla</strong></span> <span class='ocrx_word' id='word_1_682' title='bbox 3435 3717 3711 3770; x_wconf 86' lang='lat' dir='ltr'><strong>mentione</strong></span> 
     </span>
    </p>
   </div>
   <div class='ocr_carea' id='block_1_94' title="bbox 2140 3802 3710 3874">
    <p class='ocr_par' dir='ltr' id='par_1_94' title="bbox 2140 3802 3710 3874">
     <span class='ocr_line' id='line_1_97' title="bbox 2140 3802 3710 3874; baseline 0.001 -15"><span class='ocrx_word' id='word_1_683' title='bbox 2140 3804 2262 3859; x_wconf 81' lang='lat' dir='ltr'><strong>libri</strong></span> <span class='ocrx_word' id='word_1_684' title='bbox 2295 3804 2488 3858; x_wconf 88' lang='lat' dir='ltr'><strong>Esther</strong></span> <span class='ocrx_word' id='word_1_685' title='bbox 2515 3811 2607 3857; x_wconf 93' lang='lat' dir='ltr'><strong>aut</strong></span> <span class='ocrx_word' id='word_1_686' title='bbox 2639 3803 3010 3874; x_wconf 81' lang='lat' dir='ltr'><strong>Apoealypsis.</strong></span> <span class='ocrx_word' id='word_1_687' title='bbox 3046 3802 3180 3857; x_wconf 90' lang='lat' dir='ltr'><strong>Tum</strong></span> <span class='ocrx_word' id='word_1_688' title='bbox 3209 3805 3336 3873; x_wconf 90' lang='lat' dir='ltr'><strong>quia</strong></span> <span class='ocrx_word' id='word_1_689' title='bbox 3364 3806 3613 3860; x_wconf 84' lang='lat' dir='ltr'><strong>videntur</strong></span> <span class='ocrx_word' id='word_1_690' title='bbox 3654 3808 3710 3862; x_wconf 90' lang='lat' dir='ltr'><strong>bi</strong></span> 
     </span>
    </p>
   </div>
   <div class='ocr_carea' id='block_1_95' title="bbox 2139 3894 3707 3967">
    <p class='ocr_par' dir='ltr' id='par_1_95' title="bbox 2139 3894 3707 3967">
     <span class='ocr_line' id='line_1_98' title="bbox 2139 3894 3707 3967; baseline 0.002 -19"><span class='ocrx_word' id='word_1_691' title='bbox 2139 3894 2304 3949; x_wconf 81' lang='lat' dir='ltr'><strong>Iamhi</strong></span> <span class='ocrx_word' id='word_1_692' title='bbox 2359 3909 2464 3948; x_wconf 91' lang='lat' dir='ltr'><strong>non</strong></span> <span class='ocrx_word' id='word_1_693' title='bbox 2516 3894 2589 3949; x_wconf 91' lang='lat' dir='ltr'><strong>ita</strong></span> <span class='ocrx_word' id='word_1_694' title='bbox 2644 3896 2903 3948; x_wconf 88' lang='lat' dir='ltr'><strong>accedere</strong></span> <span class='ocrx_word' id='word_1_695' title='bbox 2949 3894 3015 3948; x_wconf 88' lang='lat' dir='ltr'><strong>ad</strong></span> <span class='ocrx_word' id='word_1_696' title='bbox 3059 3895 3384 3950; x_wconf 84' lang='lat' dir='ltr'><strong>cethurnum</strong></span> <span class='ocrx_word' id='word_1_697' title='bbox 3419 3895 3707 3967; x_wconf 77' lang='lat' dir='ltr'><strong>Gregoriu-</strong></span> 
     </span>
    </p>
   </div>
   <div class='ocr_carea' id='block_1_96' title="bbox 2140 3983 3709 4056">
    <p class='ocr_par' dir='ltr' id='par_1_96' title="bbox 2140 3983 3709 4056">
     <span class='ocr_line' id='line_1_99' title="bbox 2140 3983 3709 4056; baseline 0.001 -16"><span class='ocrx_word' id='word_1_698' title='bbox 2140 4003 2291 4046; x_wconf 82' lang='lat' dir='ltr'><strong>nutn.</strong></span> <span class='ocrx_word' id='word_1_699' title='bbox 2319 3987 2604 4055; x_wconf 86' lang='lat' dir='ltr'><strong>potiusque</strong></span> <span class='ocrx_word' id='word_1_700' title='bbox 2635 3985 2838 4040; x_wconf 79' lang='lat' dir='ltr'><strong>referre</strong></span> <span class='ocrx_word' id='word_1_701' title='bbox 2872 3983 3082 4040; x_wconf 89' lang='lat' dir='ltr'><strong>l&#39;acilem</strong></span> <span class='ocrx_word' id='word_1_702' title='bbox 3110 3987 3470 4056; x_wconf 86' lang='lat' dir='ltr'><strong>Atnpltilochii</strong></span> <span class='ocrx_word' id='word_1_703' title='bbox 3498 4005 3709 4053; x_wconf 84' lang='lat' dir='ltr'><strong>venam,</strong></span> 
     </span>
    </p>
   </div>
   <div class='ocr_carea' id='block_1_97' title="bbox 2139 4069 3711 4148">
    <p class='ocr_par' dir='ltr' id='par_1_97' title="bbox 2139 4069 3711 4148">
     <span class='ocr_line' id='line_1_100' title="bbox 2139 4069 3711 4148; baseline 0.003 -20"><span class='ocrx_word' id='word_1_704' title='bbox 2139 4092 2203 4130; x_wconf 85' lang='lat' dir='ltr'><strong>ac</strong></span> <span class='ocrx_word' id='word_1_705' title='bbox 2239 4074 2483 4129; x_wconf 77' lang='lat' dir='ltr'><strong>nonnihil</strong></span> <span class='ocrx_word' id='word_1_706' title='bbox 2513 4069 2765 4129; x_wconf 86' lang='lat' dir='ltr'><strong>licentius</strong></span> <span class='ocrx_word' id='word_1_707' title='bbox 2798 4077 3087 4131; x_wconf 86' lang='lat' dir='ltr'><strong>decurrere</strong></span> <span class='ocrx_word' id='word_1_708' title='bbox 3125 4086 3179 4130; x_wconf 91' lang='lat' dir='ltr'><strong>et</strong></span> <span class='ocrx_word' id='word_1_709' title='bbox 3208 4077 3348 4148; x_wconf 83' lang='lat' dir='ltr'><strong>stylo</strong></span> <span class='ocrx_word' id='word_1_710' title='bbox 3369 4079 3554 4134; x_wconf 77' lang='lat' dir='ltr'><strong>soluta:</strong></span> <span class='ocrx_word' id='word_1_711' title='bbox 3586 4096 3711 4135; x_wconf 87' lang='lat' dir='ltr'><strong>ora-</strong></span> 
     </span>
    </p>
   </div>
   <div class='ocr_carea' id='block_1_98' title="bbox 2139 4166 3711 4240">
    <p class='ocr_par' dir='ltr' id='par_1_98' title="bbox 2139 4166 3711 4240">
     <span class='ocr_line' id='line_1_101' title="bbox 2139 4166 3711 4240; baseline 0.003 -21"><span class='ocrx_word' id='word_1_712' title='bbox 2139 4169 2267 4221; x_wconf 84' lang='lat' dir='ltr'><strong>tioui</strong></span> <span class='ocrx_word' id='word_1_713' title='bbox 2314 4167 2754 4236; x_wconf 85' lang='lat' dir='ltr'><strong>prepinquiori...</strong></span> <span class='ocrx_word' id='word_1_714' title='bbox 2793 4166 2948 4231; x_wconf 85' lang='lat' dir='ltr'><strong>Item,</strong></span> <span class='ocrx_word' id='word_1_715' title='bbox 2982 4168 3110 4236; x_wconf 87' lang='lat' dir='ltr'><strong>quid</strong></span> <span class='ocrx_word' id='word_1_716' title='bbox 3150 4179 3296 4223; x_wconf 79' lang='lat' dir='ltr'><strong>Vetat</strong></span> <span class='ocrx_word' id='word_1_717' title='bbox 3347 4180 3405 4223; x_wconf 93' lang='lat' dir='ltr'><strong>ut</strong></span> <span class='ocrx_word' id='word_1_718' title='bbox 3440 4169 3711 4240; x_wconf 78' lang='lat' dir='ltr'><strong>Theologo</strong></span> 
     </span>
    </p>
   </div>
   <div class='ocr_carea' id='block_1_99' title="bbox 2138 4255 3710 4327">
    <p class='ocr_par' dir='ltr' id='par_1_99' title="bbox 2138 4255 3710 4327">
     <span class='ocr_line' id='line_1_102' title="bbox 2138 4255 3710 4327; baseline -0.002 -17"><span class='ocrx_word' id='word_1_719' title='bbox 2138 4256 2378 4326; x_wconf 80' lang='lat' dir='ltr'><strong>:equalis,</strong></span> <span class='ocrx_word' id='word_1_720' title='bbox 2407 4258 2557 4325; x_wconf 88' lang='lat' dir='ltr'><strong>isque</strong></span> <span class='ocrx_word' id='word_1_721' title='bbox 2589 4256 2702 4323; x_wconf 92' lang='lat' dir='ltr'><strong>ipse</strong></span> <span class='ocrx_word' id='word_1_722' title='bbox 2734 4255 2881 4309; x_wconf 90' lang='lat' dir='ltr'><strong>omni</strong></span> <span class='ocrx_word' id='word_1_723' title='bbox 2918 4257 3267 4311; x_wconf 89' lang='lat' dir='ltr'><strong>scientiarum</strong></span> <span class='ocrx_word' id='word_1_724' title='bbox 3303 4272 3501 4327; x_wconf 87' lang='lat' dir='ltr'><strong>genere</strong></span> <span class='ocrx_word' id='word_1_725' title='bbox 3527 4259 3710 4311; x_wconf 79' lang='lat' dir='ltr'><strong>excol-</strong></span> 
     </span>
    </p>
   </div>
   <div class='ocr_carea' id='block_1_100' title="bbox 2139 4345 3710 4417">
    <p class='ocr_par' dir='ltr' id='par_1_100' title="bbox 2139 4345 3710 4417">
     <span class='ocr_line' id='line_1_103' title="bbox 2139 4345 3710 4417; baseline -0.003 -14"><span class='ocrx_word' id='word_1_726' title='bbox 2139 4359 2224 4403; x_wconf 84' lang='lat' dir='ltr'><strong>tus</strong></span> <span class='ocrx_word' id='word_1_727' title='bbox 2254 4362 2317 4402; x_wconf 90' lang='lat' dir='ltr'><strong>ac</strong></span> <span class='ocrx_word' id='word_1_728' title='bbox 2342 4347 2498 4417; x_wconf 87' lang='lat' dir='ltr'><strong>plane</strong></span> <span class='ocrx_word' id='word_1_729' title='bbox 2524 4347 2607 4400; x_wconf 90' lang='lat' dir='ltr'><strong>vir</strong></span> <span class='ocrx_word' id='word_1_730' title='bbox 2635 4345 3084 4416; x_wconf 77' lang='grc' dir='ltr'><strong>ἐλλογιμώτατος.</strong></span> <span class='ocrx_word' id='word_1_731' title='bbox 3113 4348 3272 4401; x_wconf 90' lang='lat' dir='ltr'><strong>etiam</strong></span> <span class='ocrx_word' id='word_1_732' title='bbox 3310 4357 3482 4402; x_wconf 89' lang='lat' dir='ltr'><strong>metro</strong></span> <span class='ocrx_word' id='word_1_733' title='bbox 3523 4348 3710 4401; x_wconf 85' lang='lat' dir='ltr'><strong>Selen-</strong></span> 
     </span>
    </p>
   </div>
   <div class='ocr_carea' id='block_1_101' title="bbox 2139 4437 3704 4505">
    <p class='ocr_par' dir='ltr' id='par_1_101' title="bbox 2139 4437 3704 4505">
     <span class='ocr_line' id='line_1_104' title="bbox 2139 4437 3704 4505; baseline -0.001 -15"><span class='ocrx_word' id='word_1_734' title='bbox 2139 4452 2259 4490; x_wconf 91' lang='lat' dir='ltr'><strong>cutn</strong></span> <span class='ocrx_word' id='word_1_735' title='bbox 2312 4437 2634 4501; x_wconf 76' lang='lat' dir='ltr'><strong>instituerit,</strong></span> <span class='ocrx_word' id='word_1_736' title='bbox 2689 4437 2754 4489; x_wconf 83' lang='lat' dir='ltr'><strong>ad</strong></span> <span class='ocrx_word' id='word_1_737' title='bbox 2795 4451 2953 4501; x_wconf 90' lang='lat' dir='ltr'><strong>quem</strong></span> <span class='ocrx_word' id='word_1_738' title='bbox 2992 4451 3149 4505; x_wconf 89' lang='lat' dir='ltr'><strong>prosa</strong></span> <span class='ocrx_word' id='word_1_739' title='bbox 3188 4437 3353 4491; x_wconf 88' lang='lat' dir='ltr'><strong>semel</strong></span> <span class='ocrx_word' id='word_1_740' title='bbox 3403 4447 3456 4491; x_wconf 93' lang='lat' dir='ltr'><strong>et</strong></span> <span class='ocrx_word' id='word_1_741' title='bbox 3510 4439 3704 4491; x_wconf 90' lang='lat' dir='ltr'><strong>iterum</strong></span> 
     </span>
    </p>
   </div>
   <div class='ocr_carea' id='block_1_102' title="bbox 2139 4527 3707 4597">
    <p class='ocr_par' dir='ltr' id='par_1_102' title="bbox 2139 4527 3707 4597">
     <span class='ocr_line' id='line_1_105' title="bbox 2139 4527 3707 4597; baseline -0.001 -17"><span class='ocrx_word' id='word_1_742' title='bbox 2139 4542 2261 4581; x_wconf 91' lang='lat' dir='ltr'><strong>eum</strong></span> <span class='ocrx_word' id='word_1_743' title='bbox 2295 4528 2579 4596; x_wconf 85' lang='lat' dir='ltr'><strong>scripsisse</strong></span> <span class='ocrx_word' id='word_1_744' title='bbox 2605 4527 2904 4596; x_wconf 85' lang='lat' dir='ltr'><strong>dogtnatica</strong></span> <span class='ocrx_word' id='word_1_745' title='bbox 2936 4527 3161 4594; x_wconf 87' lang='lat' dir='ltr'><strong>probant</strong></span> <span class='ocrx_word' id='word_1_746' title='bbox 3198 4543 3317 4596; x_wconf 79' lang='lat' dir='ltr'><strong>qua:</strong></span> <span class='ocrx_word' id='word_1_747' title='bbox 3362 4529 3478 4597; x_wconf 88' lang='lat' dir='ltr'><strong>ejus</strong></span> <span class='ocrx_word' id='word_1_748' title='bbox 3505 4527 3707 4597; x_wconf 87' lang='lat' dir='ltr'><strong>produ-</strong></span> 
     </span>
    </p>
   </div>
   <div class='ocr_carea' id='block_1_103' title="bbox 2143 4615 3698 4687">
    <p class='ocr_par' dir='ltr' id='par_1_103' title="bbox 2143 4615 3698 4687">
     <span class='ocr_line' id='line_1_106' title="bbox 2143 4615 3698 4687; baseline -0.003 -13"><span class='ocrx_word' id='word_1_749' title='bbox 2143 4618 2315 4674; x_wconf 90' lang='lat' dir='ltr'><strong>cimus</strong></span> <span class='ocrx_word' id='word_1_750' title='bbox 2352 4617 2693 4687; x_wconf 79' lang='lat' dir='ltr'><strong>fragmenta?</strong></span> <span class='ocrx_word' id='word_1_751' title='bbox 2726 4615 2835 4671; x_wconf 90' lang='lat' dir='ltr'><strong>Nec</strong></span> <span class='ocrx_word' id='word_1_752' title='bbox 2893 4626 2975 4671; x_wconf 90' lang='lat' dir='ltr'><strong>est</strong></span> <span class='ocrx_word' id='word_1_753' title='bbox 3020 4617 3197 4671; x_wconf 87' lang='lat' dir='ltr'><strong>simile</strong></span> <span class='ocrx_word' id='word_1_754' title='bbox 3238 4618 3292 4671; x_wconf 92' lang='lat' dir='ltr'><strong>in</strong></span> <span class='ocrx_word' id='word_1_755' title='bbox 3335 4619 3457 4673; x_wconf 91' lang='lat' dir='ltr'><strong>aliis</strong></span> <span class='ocrx_word' id='word_1_756' title='bbox 3503 4617 3698 4682; x_wconf 85' lang='lat' dir='ltr'><strong>allatis,</strong></span> 
     </span>
    </p>
   </div>
   <div class='ocr_carea' id='block_1_104' title="bbox 2144 4707 3702 4778">
    <p class='ocr_par' dir='ltr' id='par_1_104' title="bbox 2144 4707 3702 4778">
     <span class='ocr_line' id='line_1_107' title="bbox 2144 4707 3702 4778; baseline -0.001 -18"><span class='ocrx_word' id='word_1_757' title='bbox 2144 4709 2195 4761; x_wconf 90' lang='lat' dir='ltr'><strong>in</strong></span> <span class='ocrx_word' id='word_1_758' title='bbox 2218 4707 2408 4776; x_wconf 87' lang='lat' dir='ltr'><strong>quibus</strong></span> <span class='ocrx_word' id='word_1_759' title='bbox 2433 4708 2611 4762; x_wconf 88' lang='lat' dir='ltr'><strong>statim</strong></span> <span class='ocrx_word' id='word_1_760' title='bbox 2638 4707 2811 4776; x_wconf 89' lang='lat' dir='ltr'><strong>palam</strong></span> <span class='ocrx_word' id='word_1_761' title='bbox 2842 4717 2923 4761; x_wconf 88' lang='lat' dir='ltr'><strong>est</strong></span> <span class='ocrx_word' id='word_1_762' title='bbox 2954 4719 3228 4776; x_wconf 88' lang='lat' dir='ltr'><strong>assumpta</strong></span> <span class='ocrx_word' id='word_1_763' title='bbox 3261 4724 3510 4778; x_wconf 89' lang='lat' dir='ltr'><strong>persona.</strong></span> <span class='ocrx_word' id='word_1_764' title='bbox 3530 4709 3702 4763; x_wconf 87' lang='lat' dir='ltr'><strong>Etiam</strong></span> 
     </span>
    </p>
   </div>
   <div class='ocr_carea' id='block_1_105' title="bbox 2142 4795 3705 4870">
    <p class='ocr_par' dir='ltr' id='par_1_105' title="bbox 2142 4795 3705 4870">
     <span class='ocr_line' id='line_1_108' title="bbox 2142 4795 3705 4870; baseline 0.002 -21"><span class='ocrx_word' id='word_1_765' title='bbox 2142 4795 2422 4850; x_wconf 89' lang='lat' dir='ltr'><strong>Balsatuou</strong></span> <span class='ocrx_word' id='word_1_766' title='bbox 2457 4796 2618 4850; x_wconf 85' lang='lat' dir='ltr'><strong>habet</strong></span> <span class='ocrx_word' id='word_1_767' title='bbox 2646 4806 2703 4850; x_wconf 91' lang='lat' dir='ltr'><strong>ut</strong></span> <span class='ocrx_word' id='word_1_768' title='bbox 2745 4796 3222 4866; x_wconf 82' lang='lat' dir='ltr'><strong>Amphilocbii(i),</strong></span> <span class='ocrx_word' id='word_1_769' title='bbox 3260 4800 3568 4870; x_wconf 87' lang='lat' dir='ltr'><strong>passimque</strong></span> <span class='ocrx_word' id='word_1_770' title='bbox 3600 4799 3705 4852; x_wconf 86' lang='lat' dir='ltr'><strong>Da-</strong></span> 
     </span>
    </p>
   </div>
   <div class='ocr_carea' id='block_1_106' title="bbox 2143 4884 3707 4957">
    <p class='ocr_par' dir='ltr' id='par_1_106' title="bbox 2143 4884 3707 4957">
     <span class='ocr_line' id='line_1_109' title="bbox 2143 4884 3707 4957; baseline 0.004 -17"><span class='ocrx_word' id='word_1_771' title='bbox 2143 4900 2427 4941; x_wconf 86' lang='lat' dir='ltr'><strong>utascenus</strong></span> <span class='ocrx_word' id='word_1_772' title='bbox 2465 4887 2519 4939; x_wconf 91' lang='lat' dir='ltr'><strong>iu</strong></span> <span class='ocrx_word' id='word_1_773' title='bbox 2549 4884 2837 4940; x_wconf 86' lang='lat' dir='ltr'><strong>Elementis</strong></span> <span class='ocrx_word' id='word_1_774' title='bbox 2882 4891 3047 4945; x_wconf 89' lang='lat' dir='ltr'><strong>emin.</strong></span> <span class='ocrx_word' id='word_1_775' title='bbox 3092 4888 3470 4957; x_wconf 80' lang='lat' dir='ltr'><strong>Rttpil‘ucaldii.</strong></span> <span class='ocrx_word' id='word_1_776' title='bbox 3513 4910 3533 4943; x_wconf 70' lang='grc' dir='ltr'><strong><em>ι</em></strong></span> <span class='ocrx_word' id='word_1_777' title='bbox 3581 4889 3707 4946; x_wconf 68' lang='lat' dir='ltr'><strong>Haec</strong></span> 
     </span>
    </p>
   </div>
   <div class='ocr_carea' id='block_1_107' title="bbox 2140 4970 3706 5049">
    <p class='ocr_par' dir='ltr' id='par_1_107' title="bbox 2140 4970 3706 5049">
     <span class='ocr_line' id='line_1_110' title="bbox 2140 4970 3706 5049; baseline 0.002 -19"><span class='ocrx_word' id='word_1_778' title='bbox 2140 4991 2303 5046; x_wconf 90' lang='lat' dir='ltr'><strong>porro</strong></span> <span class='ocrx_word' id='word_1_779' title='bbox 2332 4975 2518 5031; x_wconf 87' lang='lat' dir='ltr'><strong>eadem</strong></span> <span class='ocrx_word' id='word_1_780' title='bbox 2540 4991 2661 5045; x_wconf 73' lang='lat' dir='ltr'><strong>qua:</strong></span> <span class='ocrx_word' id='word_1_781' title='bbox 2689 4976 2951 5033; x_wconf 89' lang='lat' dir='ltr'><strong>hactenus</strong></span> <span class='ocrx_word' id='word_1_782' title='bbox 2973 4970 3349 5045; x_wconf 77' lang='lat' dir='ltr'><strong>Gombclisius,</strong></span> <span class='ocrx_word' id='word_1_783' title='bbox 3389 4980 3582 5049; x_wconf 89' lang='lat' dir='ltr'><strong>repetit</strong></span> <span class='ocrx_word' id='word_1_784' title='bbox 3610 4995 3706 5033; x_wconf 82' lang='lat' dir='ltr'><strong>au-</strong></span> 
     </span>
    </p>
   </div>
   <div class='ocr_carea' id='block_1_108' title="bbox 2139 5068 3706 5140">
    <p class='ocr_par' dir='ltr' id='par_1_108' title="bbox 2139 5068 3706 5140">
     <span class='ocr_line' id='line_1_111' title="bbox 2139 5068 3706 5140; baseline -0.001 -16"><span class='ocrx_word' id='word_1_785' title='bbox 2139 5078 2334 5139; x_wconf 87' lang='lat' dir='ltr'><strong>getque</strong></span> <span class='ocrx_word' id='word_1_786' title='bbox 2364 5068 2736 5124; x_wconf 88' lang='lat' dir='ltr'><strong>Tillemoutius</strong></span> <span class='ocrx_word' id='word_1_787' title='bbox 2769 5069 2865 5139; x_wconf 87' lang='lat' dir='ltr'><strong>(k),</strong></span> <span class='ocrx_word' id='word_1_788' title='bbox 2906 5069 3031 5124; x_wconf 91' lang='lat' dir='ltr'><strong>licet</strong></span> <span class='ocrx_word' id='word_1_789' title='bbox 3060 5071 3238 5140; x_wconf 88' lang='lat' dir='ltr'><strong>operis</strong></span> <span class='ocrx_word' id='word_1_790' title='bbox 3268 5081 3538 5127; x_wconf 88' lang='lat' dir='ltr'><strong>auctorem</strong></span> <span class='ocrx_word' id='word_1_791' title='bbox 3573 5072 3706 5125; x_wconf 82' lang='lat' dir='ltr'><strong>Atti-</strong></span> 
     </span>
    </p>
   </div>
   <div class='ocr_carea' id='block_1_109' title="bbox 2138 5160 3312 5231">
    <p class='ocr_par' dir='ltr' id='par_1_109' title="bbox 2138 5160 3312 5231">
     <span class='ocr_line' id='line_1_112' title="bbox 2138 5160 3312 5231; baseline 0.004 -17"><span class='ocrx_word' id='word_1_792' title='bbox 2138 5161 2467 5231; x_wconf 90' lang='lat' dir='ltr'><strong>philochium</strong></span> <span class='ocrx_word' id='word_1_793' title='bbox 2498 5160 2666 5216; x_wconf 91' lang='lat' dir='ltr'><strong>libere</strong></span> <span class='ocrx_word' id='word_1_794' title='bbox 2692 5172 2939 5217; x_wconf 89' lang='lat' dir='ltr'><strong>astruere</strong></span> <span class='ocrx_word' id='word_1_795' title='bbox 2966 5177 3071 5216; x_wconf 89' lang='lat' dir='ltr'><strong>non</strong></span> <span class='ocrx_word' id='word_1_796' title='bbox 3102 5163 3312 5219; x_wconf 88' lang='lat' dir='ltr'><strong>audeat.</strong></span> 
     </span>
    </p>
   </div>
   <div class='ocr_carea' id='block_1_110' title="bbox 2209 5335 3703 5410">
    <p class='ocr_par' dir='ltr' id='par_1_110' title="bbox 2209 5335 3703 5410">
     <span class='ocr_line' id='line_1_113' title="bbox 2209 5335 3703 5410; baseline 0 -18"><span class='ocrx_word' id='word_1_797' title='bbox 2209 5335 2284 5410; x_wconf 77' lang='lat' dir='ltr'><strong>lg)</strong></span> <span class='ocrx_word' id='word_1_798' title='bbox 2310 5336 2387 5410; x_wconf 14' lang='lat' dir='ltr'><strong>Igd.</strong></span> <span class='ocrx_word' id='word_1_799' title='bbox 2415 5339 2574 5410; x_wconf 82' lang='lat' dir='ltr'><strong>epist.</strong></span> <span class='ocrx_word' id='word_1_800' title='bbox 2604 5338 2674 5393; x_wconf 86' lang='lat'><strong>&#39;70</strong></span> <span class='ocrx_word' id='word_1_801' title='bbox 2700 5338 2832 5392; x_wconf 87' lang='lat' dir='ltr'><strong>alias</strong></span> <span class='ocrx_word' id='word_1_802' title='bbox 2864 5339 2955 5405; x_wconf 79' lang='grc'><strong>84,</strong></span> <span class='ocrx_word' id='word_1_803' title='bbox 3000 5341 3069 5392; x_wconf 83' lang='lat' dir='ltr'><strong>ad</strong></span> <span class='ocrx_word' id='word_1_804' title='bbox 3099 5339 3347 5409; x_wconf 82' lang='lat' dir='ltr'><strong>Magnum</strong></span> <span class='ocrx_word' id='word_1_805' title='bbox 3375 5349 3533 5405; x_wconf 66' lang='grc' dir='ltr'><strong>σταίη</strong></span> <span class='ocrx_word' id='word_1_806' title='bbox 3561 5341 3589 5410; x_wconf 67' lang='grc' dir='ltr'><strong>ς</strong></span> <span class='ocrx_word' id='word_1_807' title='bbox 3632 5357 3703 5393; x_wconf 84' lang='lat' dir='ltr'><strong>tv.</strong></span> 
     </span>
    </p>
   </div>
   <div class='ocr_carea' id='block_1_111' title="bbox 2192 5408 3349 5476">
    <p class='ocr_par' dir='ltr' id='par_1_111' title="bbox 2192 5408 3349 5476">
     <span class='ocr_line' id='line_1_114' title="bbox 2192 5408 3349 5476; baseline 0.002 -16"><span class='ocrx_word' id='word_1_808' title='bbox 2192 5409 2282 5476; x_wconf 81' lang='lat' dir='ltr'><strong>.(lt)</strong></span> <span class='ocrx_word' id='word_1_809' title='bbox 2309 5408 2548 5462; x_wconf 68' lang='lat' dir='ltr'><strong>Combel‘.</strong></span> <span class='ocrx_word' id='word_1_810' title='bbox 2580 5419 2690 5461; x_wconf 91' lang='lat' dir='ltr'><strong>uut.</strong></span> <span class='ocrx_word' id='word_1_811' title='bbox 2722 5412 2787 5460; x_wconf 89' lang='lat' dir='ltr'><strong>ad</strong></span> <span class='ocrx_word' id='word_1_812' title='bbox 2821 5410 3053 5476; x_wconf 84' lang='lat' dir='ltr'><strong>Atnpltil.</strong></span> <span class='ocrx_word' id='word_1_813' title='bbox 3080 5408 3201 5476; x_wconf 72' lang='lat' dir='ltr'><strong>pag.</strong></span> <span class='ocrx_word' id='word_1_814' title='bbox 3223 5411 3349 5463; x_wconf 68' lang='grc'>⁵255.</span> 
     </span>
    </p>
   </div>
   <div class='ocr_carea' id='block_1_112' title="bbox 2240 5476 3695 5551">
    <p class='ocr_par' dir='ltr' id='par_1_112' title="bbox 2240 5476 3695 5551">
     <span class='ocr_line' id='line_1_115' title="bbox 2240 5476 3695 5551; baseline 0.001 -22"><span class='ocrx_word' id='word_1_815' title='bbox 2240 5476 2483 5551; x_wconf 81' lang='lat' dir='ltr'><strong>i)__Greg.</strong></span> <span class='ocrx_word' id='word_1_816' title='bbox 2531 5477 2661 5551; x_wconf 63' lang='lat' dir='ltr'><strong>Nae.</strong></span> <span class='ocrx_word' id='word_1_817' title='bbox 2702 5493 2884 5551; x_wconf 89' lang='lat' dir='ltr'><strong>_carm.</strong></span> <span class='ocrx_word' id='word_1_818' title='bbox 2936 5477 3319 5551; x_wconf 51' lang='lat' dir='ltr'><strong>xxxtttjuuuc</strong></span> <span class='ocrx_word' id='word_1_819' title='bbox 3374 5477 3513 5551; x_wconf 75' lang='lat' dir='ltr'><strong>rm].</strong></span> <span class='ocrx_word' id='word_1_820' title='bbox 3559 5478 3695 5549; x_wconf 75' lang='lat' dir='ltr'><strong>Opp.</strong></span> 
     </span>
    </p>
   </div>
   <div class='ocr_carea' id='block_1_113' title="bbox 2137 5546 3190 5617">
    <p class='ocr_par' dir='ltr' id='par_1_113' title="bbox 2137 5546 3190 5617">
     <span class='ocr_line' id='line_1_116' title="bbox 2137 5546 3190 5617; baseline 0.002 -18"><span class='ocrx_word' id='word_1_821' title='bbox 2137 5546 2263 5617; x_wconf 80' lang='lat' dir='ltr'><strong>tom.</strong></span> <span class='ocrx_word' id='word_1_822' title='bbox 2296 5546 2358 5617; x_wconf 85' lang='lat' dir='ltr'><strong>ll,</strong></span> <span class='ocrx_word' id='word_1_823' title='bbox 2390 5546 2508 5616; x_wconf 75' lang='lat' dir='ltr'><strong>pag.</strong></span> <span class='ocrx_word' id='word_1_824' title='bbox 2536 5548 2603 5617; x_wconf 71' lang='lat'><strong>98</strong></span> <span class='ocrx_word' id='word_1_825' title='bbox 2629 5546 2737 5617; x_wconf 69' lang='lat' dir='ltr'><strong>led.</strong></span> <span class='ocrx_word' id='word_1_826' title='bbox 2763 5561 2885 5601; x_wconf 85' lang='lat' dir='ltr'><strong>ttov.</strong></span> <span class='ocrx_word' id='word_1_827' title='bbox 2921 5564 2972 5616; x_wconf 91' lang='lat' dir='ltr'><strong>p.</strong></span> <span class='ocrx_word' id='word_1_828' title='bbox 3010 5546 3190 5617; x_wconf 74' lang='lat'><strong>1089].</strong></span> 
     </span>
    </p>
   </div>
   <div class='ocr_carea' id='block_1_114' title="bbox 2207 5615 3698 5738">
    <p class='ocr_par' dir='ltr' id='par_1_114' title="bbox 2207 5615 3698 5738">
     <span class='ocr_line' id='line_1_117' title="bbox 2207 5615 3698 5738; baseline 0.001 -69"><span class='ocrx_word' id='word_1_829' title='bbox 2207 5616 2280 5738; x_wconf 48' lang='grc' dir='ltr'>σὲ</span> <span class='ocrx_word' id='word_1_830' title='bbox 2292 5616 2536 5738; x_wconf 51' lang='lat' dir='ltr'><strong>61:33am.</strong></span> <span class='ocrx_word' id='word_1_831' title='bbox 2563 5615 2855 5670; x_wconf 47' lang='lat' dir='ltr'><strong>Co’mment.</strong></span> <span class='ocrx_word' id='word_1_832' title='bbox 2886 5615 3006 5688; x_wconf 83' lang='lat' dir='ltr'><strong>pag.</strong></span> <span class='ocrx_word' id='word_1_833' title='bbox 3039 5615 3231 5673; x_wconf 64' lang='lat' dir='ltr'><strong>656&#39;et</strong></span> <span class='ocrx_word' id='word_1_834' title='bbox 3264 5617 3401 5673; x_wconf 75' lang='grc'><strong>1082</strong></span> <span class='ocrx_word' id='word_1_835' title='bbox 3444 5620 3573 5674; x_wconf 82' lang='lat' dir='ltr'><strong>edit.</strong></span> <span class='ocrx_word' id='word_1_836' title='bbox 3602 5617 3698 5671; x_wconf 79' lang='lat' dir='ltr'><strong>Pa-</strong></span> 
     </span>
    </p>
   </div>
   <div class='ocr_carea' id='block_1_115' title="bbox 2138 5686 2417 5740">
    <p class='ocr_par' dir='ltr' id='par_1_115' title="bbox 2138 5686 2417 5740">
     <span class='ocr_line' id='line_1_118' title="bbox 2138 5686 2417 5740; baseline 0 -2"><span class='ocrx_word' id='word_1_837' title='bbox 2138 5686 2231 5740; x_wconf 91' lang='lat' dir='ltr'><strong>ris.</strong></span> <span class='ocrx_word' id='word_1_838' title='bbox 2258 5686 2417 5738; x_wconf 71' lang='grc'><strong>1620.</strong></span> 
     </span>
    </p>
   </div>
   <div class='ocr_carea' id='block_1_116' title="bbox 2210 5752 3703 5829">
    <p class='ocr_par' dir='ltr' id='par_1_116' title="bbox 2210 5752 3703 5829">
     <span class='ocr_line' id='line_1_119' title="bbox 2210 5752 3703 5829; baseline 0.005 -24"><span class='ocrx_word' id='word_1_839' title='bbox 2210 5752 2521 5829; x_wconf 50' lang='lat' dir='ltr'><strong>(k)nTil_letn.</strong></span> <span class='ocrx_word' id='word_1_840' title='bbox 2545 5752 2773 5829; x_wconf 74' lang='lat' dir='ltr'><strong>_lllentor.</strong></span> <span class='ocrx_word' id='word_1_841' title='bbox 2804 5756 2927 5809; x_wconf 85' lang='lat' dir='ltr'><strong>eccl.</strong></span> <span class='ocrx_word' id='word_1_842' title='bbox 2955 5767 3084 5811; x_wconf 89' lang='lat' dir='ltr'><strong>tom.</strong></span> <span class='ocrx_word' id='word_1_843' title='bbox 3103 5755 3191 5825; x_wconf 77' lang='lat' dir='ltr'><strong>IX,</strong></span> <span class='ocrx_word' id='word_1_844' title='bbox 3221 5773 3339 5829; x_wconf 88' lang='lat' dir='ltr'><strong>pag.</strong></span> <span class='ocrx_word' id='word_1_845' title='bbox 3369 5758 3493 5824; x_wconf 66' lang='grc'>746,</span> <span class='ocrx_word' id='word_1_846' title='bbox 3521 5758 3703 5821; x_wconf 87' lang='lat' dir='ltr'><strong>ttot.6,</strong></span> 
     </span>
    </p>
   </div>
   <div class='ocr_carea' id='block_1_117' title="bbox 2138 5822 2596 5886">
    <p class='ocr_par' dir='ltr' id='par_1_117' title="bbox 2138 5822 2596 5886">
     <span class='ocr_line' id='line_1_120' title="bbox 2138 5822 2596 5886; baseline -0.004 -9"><span class='ocrx_word' id='word_1_847' title='bbox 2138 5822 2246 5877; x_wconf 80' lang='lat' dir='ltr'><strong>Sur</strong></span> <span class='ocrx_word' id='word_1_848' title='bbox 2279 5822 2336 5877; x_wconf 87' lang='lat' dir='ltr'><strong>S.</strong></span> <span class='ocrx_word' id='word_1_849' title='bbox 2369 5823 2596 5886; x_wconf 75' lang='lat' dir='ltr'><strong>Amp/ill.</strong></span> 
     </span>
    </p>
   </div>
  </div>
