4092 6384
338 417 412 470 ιδ
1030 391 1048 404 ’
1793 408 1951 466 VITA
1986 405 2315 476 ANTIQUA.
3607 407 3675 464 ιι

432 535 659 593 Verum
695 539 779 594 ad
816 537 1210 593 Vindicandum
1250 547 1468 588 carmen
1510 530 1801 587 iambicum
1837 539 1992 586 extra
2025 536 2069 591 Α
2097 544 2256 597 quam
2287 526 2484 583 saeculo
2516 525 2796 597 superiore
2823 525 3104 582 desinente
3153 526 3209 581 in
3255 527 3431 584 lucem
3472 530 3669 584 extulit

363 644 601 684 omnem
660 628 1063 686 dubitationis
1120 626 1277 680 aleam
1340 625 1595 694 episcopo
1642 631 1831 677 nostro
1885 622 2001 676 lco-
2102 619 2421 685 Cotelerius,
2450 633 2609 673 nemo
2636 626 2718 672 est
2751 618 2840 686 qui
2863 617 3146 688 ambigat:
3183 618 3280 673 Est
3304 619 3470 686 enim,
3501 620 3679 690 inquit

378 720 589 786 niensi,
620 732 848 787 praeter
882 719 1110 776 codices
1134 734 1285 772 manu
1316 724 1570 771 exaratos
1598 729 1737 785 quos
1763 728 1875 783 pra:
1897 727 2002 767 cae-
2103 714 2172 769 ci.
2207 713 2403 778 editor,
2446 721 2556 766 tota
2605 711 3078 780 Amphilochiana,
3119 710 3414 779 Basiliana,
3471 710 3680 784 Grego-

392 812 529 866 teris
579 810 802 866 excitat
863 809 1294 865 Montfauconius
1325 810 1436 875 (α),
1490 818 1731 863 veterum
1789 819 2003 875 quoque

401 903 740 971 scriptorum
790 902 1017 956 accedit
1058 900 1358 965 auctoritas,
1406 917 1511 954 non
1559 900 1732 956 solum
1778 896 2003 952 Joannis

415 992 734 1046 Datnasceni
767 1000 828 1046 et
864 990 1225 1055 Balsamonis,
1254 1005 1482 1058 quorum
1515 988 1757 1044 meminit
1773 986 2002 1041 Combe-

420 1083 583 1146 lisias,
622 1084 719 1137 sed
750 1083 923 1137 etiam
948 1080 1164 1137 Zonarte
1197 1082 1272 1153 (b)
1300 1081 1618 1135 Balsatnone
1651 1078 1998 1149 antiquioris:

429 1171 550 1239 quin
591 1184 652 1227 et
695 1170 918 1227 Coeum-
963 1171 1381 1242 lndicOpleustar,
1424 1172 1515 1240 qui
1559 1172 1706 1247 circa
1763 1170 2000 1224 medium

430 1264 605 1319 seculi
656 1280 711 1318 vr
759 1265 1010 1321 horruisse
1067 1264 1378 1334 perhibetur
1418 1264 1512 1336 (ο).
1555 1263 1999 1333 Quandoquidem

430 1370 554 1411 vero
585 1357 831 1425 ejusdem
862 1357 1073 1411 Cosma:
1100 1356 1272 1412 locum
1308 1357 1407 1410 hac
1439 1358 1505 1410 de
1531 1370 1588 1410 re
1621 1371 1778 1410 nemo
1816 1357 2000 1413 hacte-

437 1462 535 1501 nus
560 1448 963 1514 animadvertit,
997 1462 1066 1502 ne
1097 1448 1208 1517 ipse
1235 1447 1448 1515 quidem
1482 1447 1761 1503 Fabricius
1782 1449 2001 1518 Amphi-

436 1536 592 1591 lochi!
636 1537 840 1605 scripta
877 1552 1183 1598 recensens,
1228 1537 1403 1606 ipsum
1452 1548 1735 1606 propterea
1784 1540 1887 1593 huc
1920 1539 2001 1592 aio

434 1629 802 1696 lerrejuverit.
822 1628 914 1684 Sic
932 1630 1092 1698 igitur
1108 1629 1194 1683 ille
1208 1629 1286 1700 (ά)
1302 1645 1318 1684 :
1336 1628 1684 1700 Ἀμφιλόχιος
1703 1629 2000 1694 ἐπίσκοπος

430 1720 713 1789 γενόμενος
744 1719 842 1773 τοῦ
873 1720 1110 1787 Ἰκονίου,
1138 1720 1291 1789 φίλος
1317 1721 1414 1773 καὶ
1436 1719 1752 1783 κοινωνικὸς
1771 1719 1865 1773 τοῦ
1895 1737 2000 1791 μα-

432 1813 624 1882 καρίου
648 1813 951 1875 Βασιλείου,
984 1814 1078 1867 καὶ
1100 1813 1259 1877 αὐτὸς
1289 1814 1348 1867 ὲν
1375 1815 1487 1877 τοῖς
1514 1811 1666 1881 πρὸς
1690 1811 2000 1869 Σέλευκον

2105 806 2276 859 riana.
2306 804 2381 859 De
2412 819 2474 858 ea
2506 802 2747 874 pluribus
2775 802 3149 859 Tillemoutius
3171 802 3269 873 (f).

2172 895 2248 949 Ex
2279 906 2402 951 octo
2424 904 2603 949 autem
2631 893 2968 950 orationibus
2994 909 3131 963 quas
3168 895 3267 949 sub
3309 894 3674 964 Amphilochii

2105 990 2320 1043 nomine
2361 988 2530 1043 edidit
2556 986 2933 1050 Comhellsius,
2959 988 3197 1056 quinque
3231 996 3443 1041 tantum
3482 988 3677 1057 selegi-

2105 1095 2245 1146 mus,
2283 1080 2451 1134 trihns
2478 1078 2719 1149 reliquis,
2750 1093 2870 1132 cum
2901 1080 3088 1133 eodem
3118 1077 3342 1141 editore,
3374 1080 3479 1133 alio
3499 1095 3678 1134 ainan-

2105 1172 2352 1245 datis(g).
2387 1172 2556 1226 Porro
2587 1170 2652 1225 de
2684 1156 2767 1226 his
2804 1172 3054 1225 omnibus
3108 1170 3356 1224 laudatus
3384 1168 3680 1226 Tillemou-

2105 1264 2211 1318 tius
2249 1278 2348 1334 pro
2385 1276 2533 1317 more
2580 1276 2680 1317 suo
2730 1273 2980 1316 accurate
3022 1262 3156 1334 satis
3202 1263 3532 1334 disseritth).
3565 1261 3681 1318 Hoc

2106 1333 2270 1411 unum
2300 1357 2567 1419 addimus,
2615 1355 2913 1415 orationem
2959 1333 3209 1408 videlicet
3245 1368 3306 1416 ιι,
3340 1352 3418 1406 De
3448 1333 3678 1407 occursu

2106 1447 2336 1513 Domini,
2365 1447 2741 1518 Amphilochio
2787 1446 2958 1501 asseri
2997 1460 3065 1500 ex
3112 1445 3298 1500 codice
3340 1445 3679 1501 bibliotheca:

2103 1536 2353 1591 Mediceis
2409 1537 2548 1604 apud
2590 1534 3047 1589 Montl‘auconium
3092 1534 3189 1603 (i);
3228 1532 3317 1602 qui
3358 1541 3414 1588 et
3448 1533 3676 1589 alterum

2101 1626 2441 1682 biblimhecae
2494 1625 2780 1681 St‘ortianre
2813 1623 3057 1679 codicem
3097 1623 3281 1678 laudat.
3321 1622 3409 1693 (j),
3453 1638 3519 1678 ex
3570 1640 3680 1694 quo

2100 1717 2274 1774 eidem
2306 1718 2564 1773 lconiensi
2596 1717 2823 1772 antistiti
2871 1716 3136 1772 aStruitur
3168 1715 3342 1771 oratio
3374 1729 3460 1784 ιιι,
3484 1717 3540 1770 in
3572 1715 3681 1770 La—

2104 1826 2287 1864 zarum
2315 1812 2753 1881 quatriduanum.

434 1903 583 1973 αὐτῷ
613 1907 898 1973 γραφεῖσιν
919 1902 1150 1974 ἰάμϐοις
1176 1903 1655 1976 ἀμφιϐαλλομένας
1686 1905 1857 1969 αὑτὰς
1882 1905 2002 1974 (τὰς
2034 1934 2035 1937 η

2177 1901 2351 1954 Vitam
2395 1900 2611 1955 demum
2667 1897 3033 1969 Amphilochii
3089 1913 3251 1968 quam
3317 1899 3508 1954 damus
3560 1909 3679 1970 post

434 1993 747 2061 καθολικὰς)
768 1994 998 2060 ἐξεῖπεν.
1028 1995 1081 2049 Id
1118 2004 1201 2049 est
1232 2012 1245 2048 :
1271 1995 1662 2062 Amphilochius
1695 1994 1866 2048 Iconii
1892 1997 2003 2063 cpi-

433 2102 642 2153 scopus,
670 2087 869 2138 amicus
912 2096 960 2139 et
996 2085 1280 2154 familiaris
1319 2084 1458 2139 beati
1516 2084 1729 2151 Basilii,
1770 2100 1822 2139 IN
1876 2084 2003 2138 lau-

435 2192 513 2229 tus
536 2192 649 2230 sots
676 2192 745 2229 an
772 2174 1053 2231 SELBUCU!
1096 2177 1301 2242 scriptis
1348 2175 1540 2229 dubias
1588 2176 1710 2230 illa:
1754 2174 2005 2241 (catholi-

435 2280 527 2319 cas
552 2265 847 2335 Epistolas)
871 2268 1248 2332 pronuntiarit.
1293 2267 1373 2321 Eo
1414 2267 1630 2336 quidem
1677 2266 1782 2323 loci
1826 2265 2003 2321 minus

441 2368 699 2413 accurate
743 2358 977 2427 loquitur
1014 2360 1115 2413 iste
1160 2360 1452 2413 monachus
1485 2357 1771 2429 [Egyptius
1814 2358 1881 2414 de
1912 2372 2003 2414 se-

436 2456 579 2514 ptem
616 2449 895 2504 catholicis
928 2450 1197 2518 Epistolis,
1230 2458 1288 2503 ut
1330 2449 1494 2519 probe
1522 2450 1757 2504 advertit
1784 2450 1869 2503 vir
1906 2449 2002 2503 do-

435 2539 713 2594 ctissimus
742 2540 811 2609 (e)
841 2559 855 2593 :
883 2556 1064 2594 verum
1107 2541 1172 2593 ad
1220 2556 1332 2593 rem
1382 2550 1626 2594 nostrain
1678 2541 1811 2595 satis
1856 2550 2001 2610 apte,

435 2634 634 2703 quippe
679 2636 770 2701 qui
831 2631 1042 2687 lauthos
1094 2632 1566 2701 Amphilochianos
1625 2642 1882 2702 agnoscat
1914 2632 1999 2703 (‘).

440 2729 515 2781 Ex
544 2729 739 2795 quibus
765 2742 912 2795 ergo,
944 2741 1057 2781 mea
1110 2726 1323 2794 quidem
1360 2724 1652 2790 sententia,
1686 2725 1868 2780 nullus
1901 2729 2003 2781 du-

438 2819 643 2872 hitandi
675 2819 819 2872 locus
851 2817 1188 2887 relinquitur,
1230 2817 1359 2885 quin
1403 2829 1622 2870 carmen
1653 2815 1780 2870 illud
1805 2815 2004 2870 iambi-

435 2925 559 2961 cum
613 2919 863 2978 tanquam
912 2909 1152 2963 sincerus
1184 2905 1544 2976 Amphilochii
1598 2906 1737 2961 fetus
1787 2908 1858 2962 sit
1908 2908 2007 2961 ha-

439 3000 690 3051 bcndutn.

510 3087 621 3142 ΠΙ.
649 3090 721 3144 De
744 3091 1011 3160 synodicae
1040 3089 1397 3160 Amphilochii
1427 3091 1664 3159 epistola:
1682 3090 2006 3163 γνησιότητι

2102 1992 2517 2057 Conihellsium,
2569 1992 2857 2062 descripsit
2911 1993 3087 2048 editor
3143 2006 3212 2047 ex
3275 1992 3424 2062 regio
3489 1993 3678 2047 codice

2103 2084 2418 2153 n.xcn,qui
2437 2093 2490 2139 et
2509 2085 2574 2139 de
2602 2084 2689 2138 illa
2712 2085 2826 2139 haec
2850 2083 3011 2139 habet
3025 2084 3096 2155 (lc)
3127 2102 3141 2140 :
3172 2103 3191 2137 r
3215 2084 3329 2154 Ipsa
3359 2092 3442 2139 est
3462 2085 3679 2153 antiqua

2104 2176 2467 2246 Amphilochii
2507 2174 2650 2242 Vita,
2690 2192 2795 2231 non
2821 2191 2983 2246 quam
3014 2176 3405 2247 Metaphrastes
3434 2177 3575 2247 stylo
3600 2193 3684 2231 or-

2104 2268 2255 2323 navit
2308 2282 2371 2323 ae
2426 2267 2769 2340 μεταφράσει
2809 2267 3084 2322 reddidit:
3117 2269 3375 2337 quidquid
3419 2269 3553 2322 mihi
3591 2268 3674 2338 ju-

2105 2359 2263 2425 niori,
2309 2374 2501 2428 meque
2545 2368 2732 2416 secuto
2774 2360 3025 2430 Philippo
3051 2358 3233 2414 Lahhe
3258 2359 3516 2430 obrepsit.
3557 2379 3577 2413 ι
3619 2361 3683 2415 Ει

2103 2451 2228 2504 alibi
2257 2449 2316 2521 (ί)
2348 2469 2362 2504 :
2395 2468 2413 2501 ι
2456 2450 2712 2506 Eamdem
2758 2453 2920 2507 vitam
2955 2453 3118 2507 habet
3144 2451 3398 2521 Aloysius
3427 2450 3682 2522 Lipoma-

2106 2556 2209 2594 nus
2242 2549 2371 2594 tom.
2405 2537 2470 2605 V,
2504 2549 2561 2594 et
2584 2556 2649 2595 ex
2685 2556 2751 2595 eo
2794 2541 2999 2601 Surius.
3019 2558 3152 2597 mn
3183 2540 3538 2611 Novembris;
3569 2558 3684 2597 ma-

2104 2631 2203 2687 iori
2237 2642 2416 2687 tamen
2460 2634 2751 2687 verborum
2790 2632 2957 2698 ﬂuxu,
2992 2648 3154 2704 quam
3198 2633 3396 2689 habeat
3433 2633 3684 2691 laudatus

2105 2726 2274 2780 codex
2305 2724 2486 2794 regius
2510 2740 2525 2779 :
2556 2739 2729 2795 eoque
2756 2725 2857 2780 fuit
2885 2726 3075 2782 Latina
3096 2728 3276 2782 versio
3304 2726 3511 2783 Gratcis
3537 2744 3685 2784 com-

2104 2816 2370 2886 ponenda,
2417 2831 2511 2871 seu
2571 2818 2749 2886 potius
2796 2834 2934 2873 nova
2968 2819 3280 2874 adornanda
3337 2839 3351 2875 :
3402 2819 3682 2876 nonnullis

2107 2908 2268 2962 etiam
2318 2922 2379 2963 re
2416 2909 2571 2980 ipsa,
2630 2924 2937 2980 quanquam
2995 2912 3221 2967 minoris
3276 2913 3572 2979 momenti,
3631 2915 3682 2967 in

2108 3004 2293 3053 nostro
2326 3007 2382 3052 et
2416 3013 2526 3068 quo
2559 3014 2688 3056 usus
2731 3010 2816 3056 est
2847 3001 3129 3073 Lipomani
3165 3005 3458 3074 interpres,
3500 3007 3686 3061 codice

2108 3090 2356 3146 diversis.
2387 3110 2407 3143 ι

508 3224 806 3300 (e)_l_19nt_f.
831 3225 976 3300 Βὶίιίἶ
1000 3227 1352 3300 ῡῇρίειοιηηι,
1379 3242 1500 3297 pag.
1521 3228 1773 3292 257A,et
1791 3240 1917 3283 tom.
1941 3229 2005 3294 ll,
2037 3220 2078 3277 C
2182 3222 2259 3300 (fl
2287 3223 2508 3300 '_l‘i|le_m._
2541 3225 2701 3300 illam.
2739 3228 2864 3283 eccl.
2896 3240 3025 3283 tum.
3046 3228 3134 3300 IX.
3167 3246 3289 3300 pag.
3332 3230 3438 3285 624
3460 3247 3578 3299 seq.

438 3295 733 3365 [333.1050
762 3296 820 3361 Ι),
859 3297 995 3353 1055
1026 3298 1084 3361 Ε,
1122 3299 1249 3352 1551
1289 3297 1348 3350 Β.
1383 3295 1389 3296 ⁷
1453 3295 1474 3297 “

506 3365 582 3436 (b)
616 3366 811 3436 Zonar.
838 3366 1125 3423 Comment.
1151 3384 1270 3436 pag.
1299 3367 1405 3422 115
1430 3369 1558 3421 edit.
1592 3368 1765 3425 Paris.
1803 3368 1960 3423 1618.

532 3447 582 3501 c)
609 3434 798 3489 Montf.
825 3436 1038 3492 Praelat.
1070 3440 1136 3491 ad
1153 3434 1342 3493 L‘ostn.
1362 3438 1583 3507 ’I‘opogr.
1605 3437 1932 3509 Christ.cap.
1954 3441 2010 3506 1,

496 3518 588 3641 lit?)
608 3573 788 3629 Cnsm.
815 3575 980 3632 lndic.
1007 3575 1200 3632 Christ.
1229 3577 1451 3645 Topogr.
1478 3578 1575 3632 lib.
1608 3594 1701 3631 vn.

435 3636 615 3781 ca
636 3645 926 3785 lgo;ttlauc.
979 3647 1194 3704 Pratl'at.
1226 3636 1509 3704 ad'C'ostn.
1545 3646 1744 3703 Christ.
1780 3646 2002 3719 Topogr.

2187 3295 2257 3381 (g)
2275 3294 2522 3381 gombef.
2546 3296 2775 3352 Recens.
2800 3309 2943 3354 auct.
2975 3303 3040 3354 ad
3067 3294 3202 3354 Bibl.
3229 3294 3465 3357 c'oncion.
3494 3294 3622 3358 toni.
3644 3304 3684 3367 Ι,

2153 3379 2238 3418 ιιιι.
2275 3379 2329 3418 ἰ).

2115 3378 2642 3513 Ρδῗίξῗῒίιιθεηᾎιτις.
2679 3450 2799 3513 pag.
2836 3437 2961 3503 747,
2992 3447 3103 3513 not.
3135 3439 3187 3513 ἶ,
3221 3438 3328 3495 Sur
3358 3441 3421 3496 S.
3456 3432 3685 3513 Amphil.

2185 3506 2247 3580 (ε)
2283 3504 2640 3580 ιιοηιιῖηιιίω.
2675 3504 2801 3580 bibl.
2839 3525 2956 3580 pag.
2987 3509 3092 3566 258
3126 3508 3189 3565 c.

2184 3574 2251 3647 (j)
2286 3575 2363 3631 Id.
2388 3577 2519 3631 ibid.
2553 3592 2674 3647 pag.
2710 3579 2812 3632 702

2207 3646 2256 3711 It)
2292 3647 2533 3701 Combel'.
2563 3648 2601 3702 l.
2630 3646 2681 3702 ἒ.

2207 3650 2256 3711 Ir)
2292 3650 2533 3701 Combef.
2563 3650 2601 3702 l.
2634 3665 2681 3702 c.

2184 3650 2247 3786 ξι)
2285 3716 2358 3770 ld.
2402 3717 2457 3771 in
2492 3728 2604 3773 not.
2635 3718 2702 3773 ad
2730 3718 2993 3788 Amphil.,
3023 3734 3077 3789 p.
3103 3719 3230 3776 279.

505 3832 572 3906 (ᾖ)
595 3832 832 3906 Alterius
861 3833 1083 3906 Casina:
1112 3836 1474 3906 testimonium
1517 3835 1639 3890 addi
1680 3844 1866 3904 posset
1904 3835 1995 3906 qui
2029 3834 2080 3888 in
2137 3832 2372 3906 Scholijs
2403 3835 2467 3887 ad
2502 3834 2746 3906 Gregorii
2779 3835 3106 3892 Nazianzeni
3153 3854 3372 3895 carmen
3403 3839 3487 3892 Ad
3508 3840 3692 3906 Olym-

430 3900 729 3976 giadqlap.
764 3903 870 3957 Mai
906 3906 1155 3976 Spicileg.
1193 3905 1369 3972 Ront.,
1395 3917 1433 3960 t.
1468 3906 1532 3969 ll,
1569 3922 1620 3972 p.
1649 3898 1771 3970 197,
1817 3916 1871 3961 et
1907 3898 2045 3974 apud
2079 3919 2176 3976 nos
2206 3904 2257 3958 in
2286 3903 2550 3976 Qrcgorio‘
2577 3898 2945 3976 Nazianzeno)
2992 3908 3283 3962 Iambicum
3308 3911 3377 3963 ad
3411 3898 3691 3965 Seleucum

430 3973 805 4061 ﬂighi‘IQChEt-J
837 3973 1029 4061 tribu'it
1056 3973 1139 4031 his
1161 3978 1336 4061 verbis
1370 3996 1384 4031 :
1416 3977 1713 4061 Ταύτηὶδὲ
1741 3976 1840 4047 τῆς
1871 3973 2035 4061 Ὀλΐιέμ

2108 3974 2233 4061 ea:
2272 3973 2586 4061 esset»;
2617 3976 2879 4061 Σέλευκος
2900 3973 3175 4061 ames
3208 3978 3396 4061 6w
3433 3980 3692 4061 ίοεμδξκὴν

427 4035 711 4120 ἒπιᾲτολῄν
755 4035 1114 4120 ’Δμφιλόχιοςᾼ
1140 4046 1485 4120 γεγράφηκεν
1516 4035 1745 4120 ...'Cum
1775 4035 1902 4120 θέτο
1951 4035 2035 4120 Pal

2105 4061 2140 4099 :s
2172 4035 2505 4101 Benediciini
2561 4035 2876 4102 iambicutu'
2899 4035 3029 4103 it'lu'd
3077 4035 3220 4103 inter
3246 4035 3422 4120 Opera

3509 4067 3693 4105 alla"-

425 4112 544 4165 zeni
568 4112 925 4180 retinuerint,
964 4112 1037 4169 ab
1064 4112 1440 4172 eis'dt's'cedere
1468 4118 1763 4173 noluimus.
1796 4115 1956 4170 Eot'r.
1982 4115 2153 4169 Pun.

418 4241 3694 4274 Ἢ

3522 4264 3695 4279 μοι*

1269 4366 1495 4453 ΤΟΥ
1530 4366 2110 4454 ΜΑΚΑΡΙΟΥ
2145 4367 2866 4458 ΑΜΦΙΛΟΧΙΟΥ

1716 4505 2111 4559 ΕΠΙΣΚΟΠΟΥ
2134 4507 2424 4561 ΙΚΟΝΙΟΥ

919 4617 1284 4674 ΔΙΙΙΓΗΣΙΣ
1318 4622 1504 4708 ΚΑΤΑ
1542 4624 1900 4678 ΑΡΕΙΑΝΟΥ
1931 4623 2067 4677 ΚΑΙ
2103 4624 2496 4679 ΕΥΝΟΜΙΟΥ
2528 4628 2663 4681 ΚΑΙ
2700 4626 3199 4682 ΜΑΚΕΔΟΝΙΟΥ.

1469 4874 1575 4982 Β.
1652 4870 2668 4979 AMPHILOCHII

1799 5055 2074 5101 EPISCOI’I
2102 5057 2293 5101 ICONII

646 5156 1083 5225 HISTORIA
1106 5155 1541 5223 ADVERSUS
1570 5159 1976 5224 ARIANUM
2002 5161 2667 5239 EUNOMIUMQUE
2694 5162 2820 5223 ET
2842 5163 3449 5228 MACEDONIUM.

474 5391 686 5449 ΗΟΤΑ.
718 5394 900 5451 Voces
935 5409 1053 5448 non
1086 5406 1265 5463 paucae
1313 5393 1367 5446 in
1398 5392 1499 5447 hoc
1548 5393 1813 5466 Opusculo
1856 5403 2175 5466 occurrunt,
2237 5393 2442 5466 usitato
2493 5392 2769 5466 scribendi
2805 5392 2972 5448 modo
3007 5409 3234 5466 prorsus
3284 5402 3686 5466 repugnantes,

416 5479 644 5531 quarum
678 5474 866 5521 tamen
926 5466 1267 5534 scripturam
1327 5473 1542 5517 mutare
1593 5462 1754 5516 nobis
1803 5462 1995 5586 relifio
2040 5463 2176 5526 fuit,
2219 5462 2488 5587 signidem
2524 5464 2592 5517 ad
2652 5462 3030 5534 Egyptiacam
3070 5462 3364 5520 dialectuni
3416 5462 3690 5533 pertinere

416 5535 720 5587 videantur.
751 5535 1017 5587 Ignoscat
1050 5534 1219 5587 igitur
1245 5533 1403 5587 nobis
1442 5533 1636 5587 lector.
1670 5533 1844 5587 sicubi
1931 5534 2103 5587 exierit
2132 5533 2267 5587 διλει
2311 5549 2410 5587 anc
2443 5547 2539 5587 bro
2563 5532 2858 5587 δειλιάσης.
2902 5535 3179 5587 ποιμένων
3216 5550 3315 5587 nro
3346 5534 3685 5587 ποιμαίνων.

416 5535 720 5590 videantur.
751 5535 1017 5608 Ignoscat
1050 5534 1219 5608 igitur
1245 5533 1403 5608 nobis
1442 5533 1636 5598 lector,
1670 5533 1844 5587 sicubi

419 5616 719 5678 ceteraque
756 5602 814 5663 id
852 5623 1060 5680 genus.
1090 5603 1250 5660 Eutr.
1284 5602 1526 5658 Punoc.

482 5720 558 5775 A'.
592 5715 707 5775 Ἦν
746 5737 830 5785 τις
864 5716 1116 5793 μοναχὸς
1156 5713 1291 5786 ἀνὴρ
1333 5712 1559 5784 ὀνόματι
1609 5712 1961 5784 Ἀμφιλόχιος
1984 5728 1997 5743 ·

416 5813 500 5867 καὶ
518 5806 678 5877 οὗτος
700 5812 907 5879 δίκαιος
939 5808 1020 5883 ἦν
1042 5807 1141 5862 καὶ
1167 5802 1440 5877 θεοσεϐὴς.
1473 5798 1641 5871 Οὗτος
1666 5806 1725 5862 ἐν
1752 5804 2003 5876 σπηλαίῳ

1931 5534 2103 5593 οαεῐὶι
2132 5533 2243 5587 διλε

2311 5549 2410 5603 σῃς
2443 5547 2539 5603 pro
2563 5532 2858 5606 causam,
2902 5535 3179 5607 ποιμένων
3214 5550 3315 5605 pro
3346 5532 3650 5604 ποιμαίνων
3669 5573 3685 5600 ,

2182 5711 2223 5767 Ι.
2252 5712 2384 5769 Erat
2413 5716 2713 5772 monachus
2748 5718 2965 5787 quidam
2986 5718 3206 5775 nomine
3234 5717 3678 5791 Amphilochius;

2110 5805 2321 5881 fuitque
2360 5805 2447 5863 vir
2482 5806 2570 5866 ille
2597 5807 2778 5880 justus
2805 5818 2860 5865 et
2880 5810 3024 5882 pius.
3044 5808 3094 5867 ls
3127 5825 3301 5869 annos
3324 5809 3681 5882 quadraginta
