4092 6378
443 410 512 465 15
1392 406 1448 461 S.
1489 405 1944 463 AMPHILOCHII
1985 404 2368 462 lCONlENSlS
2405 406 2709 463 EPISCOPI
3618 410 3688 466 1,6

445 530 659 582 vixerat
679 527 729 579 iu
761 524 1040 594 spelunca,
1068 538 1204 595 quos
1229 524 1375 579 sicco
1397 525 1550 593 panis
1582 535 1637 578 et
1672 540 1825 595 aquae
1856 525 1997 594 epult

2116 527 2369 594 ἐποίησεν
2412 527 2507 597 ἔτη
2544 527 2627 597 μ’·
2683 525 2837 598 διῆγε
2883 527 2942 581 δὲ
2992 527 3331 600 ξηροφαγίαν
3379 529 3545 599 ἄρτου
3590 532 3689 584 καὶ

444 627 806 690 transegerat;
837 618 1017 671 vinum
1074 626 1250 671 autem
1273 624 1327 670 et
1356 615 1530 670 oleum
1559 631 1832 686 nunquam
1867 633 2011 671 sum-

442 714 567 779 psit.
603 710 816 765 Accidit
846 718 1023 763 autem
1052 717 1109 761 ut
1145 722 1210 761 eo
1238 716 1477 775 Iempore
1503 707 2011 775 decederetepisco-

440 818 545 873 pus
591 800 825 857 civitatis
876 799 1071 865 leonii;
1126 797 1348 868 angelus
1396 811 1527 850 vero
1562 796 1776 851 Domini
1841 799 2012 852 astitit

442 894 821 965 Amphilochio
854 892 1039 946 dicens
1072 906 1087 943 :
1122 888 1485 957 Amphilochi,
1518 891 1659 941 vade
1706 888 1760 942 in
1817 889 2009 942 civita-

444 998 572 1051 tem,
622 1000 781 1056 pasce
832 996 960 1038 oves
1007 982 1226 1035 Christi.
1271 980 1340 1033 At
1381 980 1467 1033 ille
1486 994 1592 1034 non
1615 978 2005 1047 acquiescebat.

442 1078 788 1146 Rursumque
840 1085 1024 1131 astans
1058 1072 1282 1141 angelus
1311 1071 1519 1124 Domini
1567 1071 1643 1123 ait
1685 1069 1756 1123 illi
1788 1085 1802 1121 :
1837 1069 2008 1122 Etiam

445 1186 586 1225 nunc
617 1169 756 1230 dico,
791 1168 948 1227 vade,
989 1164 1074 1219 fac
1099 1165 1242 1232 quod
1286 1162 1386 1217 fuit
1419 1171 1770 1231 praeceptum.
1799 1148 1892 1215 llle
1914 1176 2012 1214 au-

442 1269 553 1315 tem
585 1273 683 1314 nec
712 1258 790 1312 sic
817 1257 1066 1327 parebat;
1102 1254 1313 1309 dicebat
1346 1254 1490 1307 enim
1543 1253 1681 1321 apud
1712 1267 1791 1317 se,
1836 1254 2008 1322 ipsum

440 1350 604 1405 etiam
642 1348 897 1404 Satanam
928 1348 982 1400 in
1017 1345 1264 1413 angelum
1289 1343 1434 1398 lucis
1458 1357 1517 1397 se
1562 1343 1947 1416 transﬁgurare
1967 1344 2005 1397 ί.

443 1441 777 1509 Factumque
809 1448 895 1492 est
927 1446 1084 1491 nocte
1114 1435 1293 1497 tertia,
1317 1442 1375 1487 ιιι
1404 1434 1452 1487 ei
1487 1450 1675 1488 rursus
1698 1443 1881 1488 astans
1908 1450 2005 1487 an-

442 1531 594 1602 gelus
633 1530 870 1585 diceret:
905 1529 1077 1597 Surge
1129 1541 1159 1580 a
1203 1537 1292 1579 tuo
1326 1529 1429 1580 isto
1472 1536 1664 1589 strato,
1696 1536 1753 1579 et
1787 1526 1925 1579 vade
1955 1526 2007 1578 in

440 1622 736 1685 civitatem,
791 1634 853 1673 ac
898 1633 1059 1687 pasce
1108 1631 1237 1672 oves
1264 1615 1488 1671 Christi.
1548 1616 1899 1684 Surgensque
1922 1616 2009 1670 ille

440 1709 613 1765 tenuit
649 1723 771 1763 eum
821 1707 1005 1760 dicens
1032 1725 1046 1760 :
1073 1706 1130 1760 Si
1184 1702 1406 1774 angelus
1451 1704 1544 1760 Dei
1596 1721 1676 1770 es,
1704 1716 1912 1760 stemus
1949 1707 2000 1759 in

438 1800 699 1855 oratione.
736 1798 966 1867 Moxque
1005 1796 1224 1865 angelus
1262 1797 1496 1863 Domini,
1552 1796 1789 1851 demisso
1829 1797 2005 1865 capite

2114 619 2334 682 ὓδατος·
2365 619 2510 673 οἴνου
2541 620 2598 672 δὲ
2625 620 2721 673 καὶ
2748 619 2930 673 ἐλαίου
2961 621 3214 674 οὐδέποτε
3249 621 3682 690 μετελάμϐανεν.

2124 710 2371 778 Ἐγένετο
2403 710 2460 763 δὲ
2490 711 2549 761 ὲν
2578 712 2690 773 τοῖς
2718 714 2932 781 καιροῖς
2955 712 3185 774 ἐκείνοις
3202 752 3217 772 ,
3243 712 3566 782 τελευτῆσαι
3594 714 3689 767 τὸν

2110 802 2406 854 ἐπίσκοπον
2466 801 2719 863 Ἰκονίου,
2766 803 2860 854 καί
2894 802 3096 873 ἐπέστη
3137 806 3166 855 ὁ
3200 802 3429 871 ἄγγελος
3476 805 3687 873 Κυρίου

2109 891 2186 962 τῷ
2229 892 2563 962 Ἀμφιλοχίῳ
2597 892 2772 959 λέγων
2792 907 2806 921 ⁵
2850 893 3198 962 Ἀμφιλόχιε,
3232 893 3435 946 ἄπελθε
3472 896 3553 956 είς
3586 894 3688 963 τὴν

2112 982 2288 1045 πόλιν,
2322 983 2555 1053 ποίμανε
2583 982 2652 1035 τὰ
2690 982 2937 1054 πρόϐατα
2989 982 3083 1035 τοῦ
3111 982 3368 1054 Χριστοῦ.
3407 985 3465 1037 '0
3494 985 3553 1055 δὲ
3582 985 3685 1036 οὐκ

2110 1071 2355 1125 ἐπείθετο
2373 1090 2386 1102 ·
2419 1074 2512 1126 καὶ
2536 1072 2765 1135 ἐπιστὰς
2797 1073 2958 1125 πάλιν
2985 1074 3012 1125 ὁ
3046 1071 3274 1140 ἄγγελος
3303 1074 3506 1144 Κυρίου
3535 1074 3685 1141 λέγει

2109 1162 2258 1233 αὐτῷ
2279 1179 2293 1192 '
2322 1164 2433 1217 Kal.
2459 1166 2558 1236 ήδη
2589 1164 2732 1232 λέγω
2761 1182 2842 1218 σοι
2860 1182 2874 1196 ·
2906 1164 3168 1234 Πορεύου,
3196 1167 3257 1219 τὸ
3283 1166 3569 1219 κελευσθέν
3601 1184 3685 1220 σοι

2111 1257 2355 1328 ποίησον.
2403 1259 2458 1310 Ὁ
2499 1257 2556 1310 δὲ
2610 1257 2731 1310 οὐδὲ
2772 1256 2947 1320 οὕτως
2982 1257 3229 1312 ἐπείθετο
3251 1277 3263 1289 ·
3298 1259 3452 1328 ἔλεγε
3483 1260 3592 1331 γὰρ
3624 1262 3684 1312 ὲν

2109 1346 2321 1417 ὲαυτῷ,
2358 1348 2441 1400 ὅτι
2469 1347 2564 1401 καὶ
2599 1347 2760 1410 αὐτὸς
2797 1349 2826 1399 ό
2856 1348 3099 1410 Σατανᾶς
3145 1349 3682 1419 μετασχηματίζεται

2108 1441 2189 1503 είς
2235 1439 2465 1507 ἄγγελον
2511 1439 2708 1508 φωτός.
2754 1439 2864 1491 Kal.
2915 1439 3133 1507 ἐγένετο
3175 1442 3240 1510 τῇ
3288 1440 3442 1511 τρίτῃ
3488 1442 3681 1505 νυκτὶ,

2108 1528 2334 1591 ἐπιστὰς
2372 1528 2535 1581 πάλιν
2563 1527 2710 1598 αύτῷ
2740 1530 2767 1581 ὀ
2801 1529 3032 1596 ἄγγελος
3065 1529 3243 1597 λέγει’
3289 1531 3535 1601 Ἐγείρου
3574 1532 3684 1584 ἀπὸ

2106 1619 2208 1689 τῆς
2236 1620 2528 1691 στρωμνῆς
2563 1637 2656 1672 σου
2683 1619 2906 1690 ταύτης,
2937 1621 3032 1673 καὶ
3066 1622 3296 1692 πορεύου
3331 1623 3411 1685 είς
3450 1622 3547 1693 τὴν
3581 1623 3684 1675 πό-

2106 1709 2188 1763 λιν
2207 1750 2222 1772 ,
2257 1711 2351 1764 καὶ
2381 1711 2615 1780 ποίμανε
2640 1710 2709 1763 τὰ
2738 1712 2987 1781 πρόϐατα
3010 1712 3268 1783 Χριστοῦ.
3300 1714 3411 1765 Kal.
3437 1714 3681 1776 ἀναστὰς

2108 1803 2372 1874 κατέσχεν
2421 1804 2582 1856 αὑτὸν
2633 1799 2842 1871 λέγων’
2894 1805 2957 1856 Εἰ
3003 1803 3232 1871 ἄγγελος
3278 1800 3330 1856 εἷ
3365 1804 3459 1857 τοῦ
3504 1804 3682 1869 Θεοῦ,

437 1888 711 1954 clamavit,
729 1888 913 1942 dicens
938 1905 951 1940 :
977 1885 1223 1952 Sanctus,
1247 1898 1477 1949 sanctus,
1508 1897 1724 1940 sanctus
1752 1886 1997 1941 Dominus

2111 1873 2322 1964 στῶμεν
2358 1898 2438 1958 εἰς
2472 1896 2803 1966 προσευχήνο
2837 1895 2928 1948 καὶ
2952 1895 3158 1958 εὐθέως
3190 1895 3359 1948 κλίνει
3387 1896 3487 1966 τὴν
3511 1913 3685 1966 κεφα-

435 1981 579 2036 οειιε
607 1979 840 2036 Sabaoth
856 1996 874 2033 :
895 1978 1105 2047 plenum
1126 1989 1199 2032 est
1219 1978 1403 2032 caelum
1423 1989 1469 2031 et
1483 1987 1623 2032 terra
1644 1978 1811 2048 gloria
1832 1980 1945 2048 ejus
1964 1981 2004 2033 ‘.

436 2070 888 2141 Apprehensaque
928 2067 1284 2136 Amphilochii
1312 2068 1558 2132 dextera,
1606 2067 1759 2121 duxit
1804 2082 1923 2122 eum
1953 2071 2006 2123 in

435 2162 740 2224 ecclesiam,
776 2173 897 2229 qua:
933 2158 1075 2211 ultro
1102 2158 1182 2212 eis
1212 2168 1398 2226 aperta
1430 2167 1543 2222 est;
1576 2165 1738 2226 atque
1778 2157 2007 2227 ingressi

436 2254 689 2308 viderunt
721 2266 911 2321 magna
948 2248 1174 2310 lumina,
1206 2248 1431 2318 perinde
1463 2258 1626 2317 atque
1655 2248 1708 2301 in
1737 2246 1873 2302 festo
1900 2249 2006 2302 Dc-

438 2342 683 2414 mini(a).
723 2342 999 2410 Erantque
1048 2340 1151 2393 viri
1200 2338 1457 2407 singulari
1517 2339 1824 2409 eximioque
1872 2341 2008 2395 ami-

436 2446 526 2490 ctu
546 2433 642 2504 (b),
677 2446 905 2501 quorum
958 2444 1066 2483 non
1127 2438 1245 2484 erat
1295 2443 1576 2484 numerus.
1641 2428 1683 2483 li
1724 2439 2004 2497 acceptum

435 2541 584 2587 eum,
617 2525 887 2578 duxerunt
923 2521 990 2575 ad
1024 2535 1174 2574 aram
1204 2529 1446 2577 sanctam
1483 2534 1498 2571 :
1529 2533 1593 2574 ac
1616 2535 1727 2589 prae
1760 2520 2006 2576 manibus

437 2616 787 2686 Evangelium
825 2615 1106 2682 habentes,
1134 2613 1469 2668 tradiderunt
1501 2612 1573 2677 ei,
1604 2613 1875 2667 dicentes:
1902 2613 2005 2668 Do—

435 2706 619 2760 minus
652 2715 846 2759 tecum.
887 2702 1038 2758 Unus
1084 2712 1263 2757 autem
1306 2718 1374 2756 ei.
1429 2702 1633 2757 sanctis
1666 2702 1872 2770 angelis
1912 2703 2004 2772 qui

437 2798 603 2851 etiam
634 2806 751 2850 erat
785 2795 839 2850 in
877 2795 956 2850 eis
995 2795 1222 2865 primus,
1247 2794 1380 2848 dicit
1414 2795 1479 2847 ad
1513 2808 1608 2847 eos
1634 2810 1649 2846 :
1680 2793 2002 2858 Precemini,

436 2902 645 2944 omnes.
675 2887 961 2956 Coepitque
992 2886 1169 2941 dicere
1196 2901 1211 2936 :
1238 2885 1427 2939 Divina
1455 2884 1627 2953 gratia
1654 2883 1879 2953 praeﬁcit
1913 2899 2004 2938 or-

436 2980 695 3047 dinatque
749 2975 822 3048 (c)
853 2977 1077 3031 fratrem
1124 2985 1364 3032 nostrum
1416 2974 1847 3045 Amphilochium
1890 2975 2005 3043 epi-

513 3092 529 3121 ¹
557 3089 601 3143 ιι
626 3089 749 3144 Cor.
780 3105 857 3156 ιι,
892 3090 946 3143 4.
1021 3090 1042 3121 ³
1067 3088 1170 3143 lsa.
1204 3103 1283 3153 vt,
1318 3089 1372 3142 3.

2107 1987 2207 2058 λὴν
2238 1988 2267 2038 ὁ
2300 1986 2532 2054 ἄγγελος
2570 1986 2808 2057 Κυρίου,
2848 1987 2941 2039 καὶ
2976 1986 3167 2055 ἐϐόησε
3213 1986 3385 2055 λέγων
3407 2007 3419 2018 .
3453 1989 3681 2057 Ἄγιος,
3752 1988 3757 1989 ,

2108 2078 2269 2147 ἅγιος
2288 2118 2304 2140 ,
2337 2077 2505 2146 ἅγιος
2539 2079 2753 2145 Κύριος
2781 2077 3052 2131 Σαόαώθο
3094 2080 3332 2146 πλήρης
3361 2083 3393 2132 ό
3426 2079 3685 2146 οὐρανὸς

2107 2167 2204 2221 καὶ
2236 2168 2275 2236 ἠ
2306 2166 2383 2236 γῆ
2414 2166 2524 2235 τῆς
2555 2166 2745 2235 δόξης
2774 2168 2978 2221 αὑτοῦ.
3018 2169 3128 2221 Ka‘.
3156 2149 3547 2241 ἐπιλαϐόμενος
3578 2171 3685 2239 τῆς

2106 2258 2285 2322 δεξιᾶς
2320 2258 2695 2328 Ἀμφιλοχίου,
2720 2260 2927 2328 ἤγαγεν
2952 2259 3110 2312 αὐτὸν
3135 2261 3215 2323 εἰς
3233 2262 3333 2332 τὴν
3350 2262 3679 2331 ἐκκλησίανο

2108 2350 2201 2403 καὶ
2243 2350 2550 2420 αὐτόματος
2588 2350 2779 2420 ἠνοίγη
2826 2352 3040 2414 αὐτοῖς’
3096 2351 3190 2403 καὶ
3222 2347 3360 2405 εἶδον
3389 2353 3544 2421 φῶτα
3580 2370 3681 2425 με-

2106 2441 2265 2509 γάλα,
2293 2441 2369 2503 ὡς
2398 2441 2490 2493 ἐπὶ
2517 2441 2709 2512 ἑορτῆς
2737 2442 2962 2513 Κυρίου.
2986 2443 3097 2494 Kal.
3114 2442 3305 2513 ἄνδρες
3333 2444 3678 2513 μονάζοντες,

2107 2525 2181 2585 ὧν
2209 2532 2311 2585 οὐκ
2335 2526 2405 2601 ἦν
2434 2531 2667 2601 ἀριθμός
2688 2548 2701 2561 ο
2735 2532 2828 2583 καὶ
2856 2531 3234 2601 ἐπιλαϐόμενοι
3262 2533 3445 2598 αὑτὸν,
3470 2535 3681 2604 ἤγαγον

2106 2625 2197 2677 ἐπὶ
2220 2623 2279 2675 τὸ
2308 2623 2693 2695 θυσιαστήριον
2711 2641 2724 2654 ο
2759 2624 2852 2676 καὶ
2873 2619 3017 2693 εἶχον
3043 2625 3101 2675 ὲν
3125 2627 3247 2686 ταῖς
3277 2626 3464 2694 χερσὶν
3497 2626 3679 2679 αὐτῶν

2105 2714 2470 2783 Εὐαγγέλιον,
2504 2715 2599 2767 καὶ
2633 2714 2922 2769 ἀπέδωκαν
2957 2715 3103 2783 αὐτῷ
3138 2715 3419 2782 λέγοντες·
3469 2718 3527 2769 '0
3564 2718 3679 2769 Κύ-

2110 2821 2220 2875 ριος
2271 2805 2407 2874 μετά
2453 2803 2571 2858 σοῦ.
2618 2799 2713 2866 Εἷς
2750 2804 2806 2856 δὲ
2847 2804 3064 2875 πρῶτος
3110 2805 3288 2857 αὐτῶν
3336 2806 3486 2874 λέγει
3538 2807 3681 2877 πρὸς

2104 2896 2330 2960 αὐτούς·
2368 2895 2610 2962 Εῦξασθε
2656 2896 2876 2959 πάντες.
2941 2898 3050 2949 Kal.
3096 2896 3297 2967 ἤρξατο
3347 2897 3557 2966 λέγειν·
3611 2899 3682 2953 Ἡ

2103 2984 2221 3038 θεία
2262 2985 2422 3055 χάρις
2456 2985 2857 3053 προχειρίζεται
2887 2984 2978 3037 τὸν
3016 2985 3240 3053 ἀδελφὸν
3275 2986 3432 3056 ἡμῶν
3482 2988 3677 3058 Ἀμφι-

509 3202 586 3274 (α)
619 3200 846 3274 Perinde
871 3213 1025 3274 atque
1050 3203 1107 3274 in
1130 3207 1261 3271 festo
1291 3201 1521 3274 Domini.
1557 3201 1645 3274 ’ρς
1676 3201 1774 3274 ἐπὶ
1802 3202 1996 3274 ἑορτῆς
2023 3205 2064 3263 C
2094 3202 2438 3274 gniﬁcaretttr
2465 3199 2678 3254 traditio
2712 3201 2833 3274 talis
2871 3201 2953 3255 vel
2977 3201 3113 3274 talis
3152 3203 3487 3274 potestatisﬁa
3525 3202 3662 3274 legi-

437 3270 668 3345 Κυρίου.
686 3273 830 3345 velut
855 3270 945 3326 die
962 3270 1261 3345 Dominico,
1288 3272 1370 3345 vel
1387 3274 1541 3333 forte,
1567 3270 1843 3345 Dotniuica
1862 3270 1989 3340 ipsa

440 3341 884 3404 ltes'urrectionis,
922 3356 951 3394 a
985 3357 1089 3410 qua
1117 3341 1305 3411 reliqui
1352 3355 1673 3411 peranuum
1705 3343 1903 3395 habent
1933 3351 1993 3395 ut

435 3415 544 3466 sint
574 3411 899 3467 Christianis
931 3409 1196 3466 solemnes
1231 3409 1286 3465 et
1324 3409 1605 3480 Dominici,
1640 3410 1850 3480 laetique
1877 3426 1993 3463 om-

438 3483 593 3547 nino;
634 3496 794 3551 qttam
819 3495 1007 3551 eorum
1038 3480 1278 3551 laetitiam
1309 3490 1363 3551 et
1391 3478 1992 3551 φαιδρότητα,ίμεγάλα

437 3552 527 3604 illa
563 3562 618 3604 et
638 3548 763 3604 vere
804 3548 1023 3619 φαιδρὰ,
1057 3550 1108 3602 iu
1132 3549 1376 3604 ecclesiis
1405 3548 1601 3602 lumina
1630 3548 1880 3617 cereique
1907 3561 1992 3603 ιιι-

438 3634 651 3686 cunque
678 3629 1082 3686 reprtesentent.

507 3685 583 3756 (b)
617 3685 882 3757 Erantque
911 3688 1009 3739 viri
1040 3686 1296 3757 singulari
1317 3686 1606 3754 eximioque
1654 3688 1869 3740 amictu.
1890 3685 1993 3740 Ha-

507 3703 583 3756 (o)
617 3703 882 3757 Erantque
911 3703 1009 3739 om
1040 3703 1119 3740 sm
1160 3703 1294 3738 man
1317 3703 1606 3754 extimaque
1654 3703 1869 3740 mntem.
1892 3703 1987 3740 na-

435 3758 554 3812 bttit
584 3767 766 3811 noster
790 3758 958 3810 codex
990 3703 1310 3826 μονάΞοντες
1335 3798 1349 3820 ,
1382 3771 1481 3826 nec
1504 3757 1788 3826 movimus,
1820 3773 1987 3825 quatt-

434 3844 595 3896 qnam
624 3836 681 3879 ιιι
703 3827 877 3879 minus
891 3824 1315 3896 cmtgruumnon
1336 3824 1685 3896 reddidimus.
1713 3825 1819 3896 Etsi
1840 3824 1989 3879 enim

440 3894 684 3967 plerique
713 3896 944 3964 episcopi
978 3895 1148 3949 Graeci
1185 3894 1296 3963 jam
1333 3895 1459 3948 olim
1489 3895 1993 3967 assumptifueriut

436 3963 468 4020 e
489 3963 632 4021 coetu
659 3963 1063 4030 monachorum,
1096 3978 1268 4032 eoque
1305 3963 1574 4032 potuerint
1598 3964 1771 4033 angeli
1800 3979 1993 4017 conve-

440 4037 582 4091 nisse
615 4036 999 4088 monachorum
1026 4033 1223 4102 specie,
1248 4036 1313 4086 ad
1345 4036 1762 4086 consecrandum
1795 4034 1846 4085 in
1873 4036 1990 4101 epi-

437 4120 656 4174 scopum
690 4104 1014 4158 confratrem
1046 4104 1404 4174 monachum:
1432 4102 1606 4169 aptius
1625 4110 1813 4174 tamen
1844 4105 1992 4174 vide-

438 4171 604 4229 tnr—ut
633 4174 845 4227 cultiori
871 4183 927 4228 et
954 4188 1109 4227 sacro
1135 4172 1318 4226 habitu
1355 4171 1721 4239 apparuerint,
1752 4187 1817 4225 ac
1845 4173 1989 4240 quali

437 4248 652 4299 deceret
684 4254 885 4296 tantum
923 4242 1312 4305 ministerium;
1352 4241 1510 4306 idque
1539 4251 1739 4310 auctor
1782 4242 1990 4310 signiﬁ-

436 4329 559 4368 care
602 4314 852 4368 voluerit.
894 4311 1072 4378 Quare
1116 4312 1444 4366 reddidimus
1475 4309 1616 4380 velut
1647 4321 1787 4380 esset
1836 4309 1991 4380 μονό-

435 4382 614 4449 ζωνοι,
649 4377 933 4451 quomodo
947 4382 1265 4451 habuitsine
1301 4379 1461 4434 dubio
1490 4378 1658 4434 codex
1684 4377 1988 4447 Lipomani,

434 4455 574 4520 apud
608 4449 766 4520 quem
807 4452 1070 4521 legimus:
1102 4449 1519 4521 Viriprcectara
1556 4457 1691 4502 veste
1718 4451 1909 4515 induti,
1937 4460 1986 4503 et

437 4517 594 4574 cincti
625 4517 886 4603 singulari
913 4522 1169 4603 lcinguloz
1200 4518 1407 4603 Ubi‘que
1426 4597 1438 4603 Δ
1458 4517 1816 4588 Hieronymus
1867 4535 1984 4600 eam
2023 4549 2067 4603 ι)

434 4606 621 4645 vocem
658 4586 852 4653 relidit,
908 4586 1249 4643 latrunculos.
1286 4586 1512 4641 Videtur
1545 4586 1758 4650 sonare,
1796 4590 1992 4644 eximie

436 4669 491 4713 et
525 4659 869 4728 singulariter
893 4660 1148 4722 cinctum,
1177 4673 1346 4725 eoque
1377 4667 1568 4710 ornatu
1594 4658 1814 4728 reliquis
1849 4659 1991 4710 mili-

435 4730 577 4783 tibus
621 4726 900 4796 praelatum
943 4738 997 4781 et
1049 4730 1475 4791 honoratiorem,
1520 4737 1577 4778 ut
1621 4726 1815 4780 Suidas
1842 4746 1855 4780 :
1885 4744 1991 4795 quo

433 4813 592 4852 sensu
619 4799 819 4864 optime
853 4798 939 4851 hic
967 4798 1213 4865 quadrat.

505 4866 795 4938 (cibivina
821 4866 992 4934 gratia
1006 4865 1233 4938 praeﬁcit
1264 4867 1590 4938 ordinatque.
1641 4864 1990 4938 Προχειρίζε-

433 4934 565 4989 ταί(
583 4937 674 4990 Sic
696 4937 858 4989 etiam
882 4936 1017 5003 apud
1040 4934 1411 5002 Lipomanum,
1439 4937 1522 4988 cui
1560 4934 1733 4988 tamen
1763 4934 1988 4988 alteram

433 5020 618 5060 vocem
650 5005 973 5067 addidimus,
1003 5005 1377 5072 explicationis
1403 5019 1589 5068 causa,
1621 5016 1674 5057 et
1705 5006 1829 5071 quia
1882 5007 1990 5071 pri-

433 5090 604 5137 mum,
637 5074 922 5143 prwﬁcere,
964 5088 1063 5129 usu
1100 5072 1294 5127 Latino
1326 5076 1568 5126 videatur
1609 5074 1784 5126 minus
1810 5074 1991 5126 deter-

435 5147 696 5197 minatum
734 5146 801 5197 ad
833 5144 999 5211 ipsam
1043 5143 1504 5196 consecrationem
1540 5144 1766 5211 promoti
1802 5144 1868 5195 ad
1910 5151 1990 5195 ta-

433 5214 537 5266 lem
561 5213 782 5281 gradum
808 5214 1232 5281 signiﬁcandam,
1255 5227 1414 5280 quam
1438 5212 1641 5265 Gnecis
1661 5212 1745 5281 τὸ,
1770 5227 1990 5281 προχει-

436 5279 715 5352 ρίζεσθαιο
747 5279 887 5349 quod
932 5283 1002 5352 sit
1049 5279 1371 5352 χειροτονεῖν
1417 5292 1471 5335 et
1502 5279 1844 5351 χειροθετεῖν,
1880 5279 1988 5352 non

435 5350 642 5405 tantum
674 5350 1358 5419 caerimonialei’quidquid
1405 5350 1607 5416 multis,
1649 5361 1789 5403 totus
1825 5350 1989 5403 male-

432 5422 590 5473 dictis
618 5420 917 5482 infercitus,
945 5422 998 5473 in
1034 5421 1325 5474 Arcudium
1351 5420 1589 5489 aliosque
1615 5421 1855 5480 astutulos,
1886 5419 1988 5473 Ca-

434 5492 759 5559 toncyritus;
804 5493 899 5544 sed
936 5504 1074 5559 rvere
1121 5492 1509 5544 sacramentale
1540 5501 1594 5543 et
1627 5489 1986 5543 substantiale

431 5573 598 5610 sacrae
621 5558 976 5623 ordinationi;
1014 5559 1103 5612 illa
1137 5574 1389 5612 manuum
1432 5560 1796 5627 impositione,
1825 5573 1979 5612 acce-

433 5628 594 5679 dente
626 5631 909 5682 verborum
936 5630 1105 5680 forma
1137 5629 1267 5682 satis
1306 5631 1640 5695 exprimente
1669 5629 1983 5680 tradendam

431 5710 497 5766 eo
530 5706 649 5766 actu
675 5707 1014 5765 potestatem,
1043 5698 1288 5766 idemque
1322 5709 1629 5766 prtestante.
1658 5706 1818 5765 atque
1850 5698 1986 5763 apud

429 5762 651 5842 .Latittos
678 5762 939 5842 praestant
972 5768 1090 5820 alia:
1120 5762 1746 5842 carimonize,r_Chri_s_to'
1779 5762 1984 5842 tantum

433 5834 764 5904 institueate,
797 5844 854 5890 ut
893 5836 1046 5906 signo
1086 5838 1264 5907 aliquo
1290 5838 1527 5895 sensibili
1558 5835 1879 5892 sullicienter
1905 5834 1984 5890 si-

2099 3274 2226 3325 timo
2264 3272 2550 3324 ministro:
2602 3272 2870 3337 quomodo
2916 3273 3079 3324 etiam
3114 3280 3346 3333 constat,
3394 3273 3552 3326 aliter
3580 3272 3665 3326 or-

2092 3344 2304 3396 dinatos
2335 3342 2538 3408 primos
2573 3341 2867 3402 diaconos,
2909 3355 3070 3406 quam
3128 3345 3283 3393 modo
3331 3341 3675 3409 ordinentur,

2092 3411 2593 3480 porrectioneilibri
2647 3409 3077 3480 Evangeliortuu,
3128 3409 3380 3463 Matthteo
3414 3413 3505 3480 qui
3560 3413 3678 3480 pri-

2095 3478 2219 3534 inus
2272 3479 2485 3547 scripsit
2524 3478 2893 3546 Evangelium,
2930 3480 3133 3546 aliquot
3176 3478 3519 3546 postmodum
3563 3478 3677 3533 'an-

2094 3551 2200 3611 nis,
2223 3550 2454 3617 primum
2494 3549 2786 3602 scribente.
2823 3548 2928 3602 Sed
2966 3550 3032 3601 de
3070 3548 3152 3601 his
3190 3550 3456 3617 pluribus,
3492 3550 3675 3604 eccle-

2093 3616 2434 3673 siasticarum
2486 3632 2667 3671 rerum
2726 3618 2952 3685 diligens
3003 3626 3275 3669 scrutator
3341 3616 3671 3675 Parisiensis

2093 3688 2349 3756 Ecclesia:
2396 3687 2699 3755 theologus.
2726 3688 2792 3756 7D.
2824 3687 3020 3739 lsacins
3066 3686 3329 3756 llabertus
3360 3688 3412 3739 iu
3459 3689 3678 3756 Ἀρχιε-

2083 3754 2340 3825 panicii),
2367 3766 2422 3809 et
2446 3756 2678 3810 Jacobus
2709 3755 2854 3810 Guar
2876 3759 2928 3808 in
2952 3755 3299 3823 Eucholugio.
3322 3756 3475 3820 Quod
3512 3754 3678 3825 porro

2092 3835 2300 3894 spectat
2331 3826 2398 3879 ad
2427 3826 2805 3880 miraculosam
2843 3826 3022 3888 istam,
3050 3835 3104 3876 et
3128 3833 3324 3890 praeter
3354 3825 3549 3894 legem,
3579 3844 3673 3880 or-

2093 3898 2461 3962 dinationem;
2522 3896 3020 3949 constantissimum
3088 3903 3191 3958 est,
3251 3895 3491 3958 potuisse
3547 3911 3668 3949 eam

2093 3965 2233 4027 ﬁeri,
2269 3963 2549 4031 fuisseque
2579 3967 2811 4033 omnino,
2847 3963 3172 4033 credendum
3188 3964 3411 4033 _sanctis
3439 3966 3670 4033 angelis,

2093 4038 2160 4104 de
2173 4050 2234 4088 ea
2251 4029 2587 4104 testantibus,
2603 4035 2768 4104 juxta,
2785 4032 3081 4104 doctrinam
3110 4031 3172 4084 Ι).
3187 4029 3405 4087 Thomas
3431 4049 3489 4104 ιιι
3510 4029 3587 4104 ῥ.,
3609 4052 3667 4103 q.

2096 4103 2190 4165 64,
2216 4118 2268 4157 a.
2297 4103 2351 4157 7.
2386 4103 2570 4171 Neque
2591 4104 2734 4156 enim
2759 4103 2810 4155 id
2836 4102 2910 4154 illi
2942 4110 3286 4167 attentarent,
3318 4103 3417 4155 nisi
3452 4102 3673 4160 Christo

2087 4174 2330 4243 jubente,
2367 4173 2460 4240 qui
2486 4183 2665 4239 potest
2691 4186 2799 4240 quo
2821 4171 3069 4243 maluerit
3098 4171 3343 4243 ministro
3375 4173 3449 4225 uti
3481 4175 3533 4226 in
3575 4189 3668 4228 sa-

2092 4240 2383 4296 cramentis
2410 4260 2423 4295 :
2452 4256 2758 4310 quanquam
2784 4241 3075 4310 secundum
3110 4240 3280 4308 legem
3321 4250 3507 4294 utatur
3531 4244 3663 4296 solis

2094 4312 2421 4374 hominibus,
2451 4308 2509 4364 ut
2530 4308 2850 4380 quibuscum
2885 4308 3021 4376 ipse,
3071 4317 3536 4363 sacramentorum
3575 4328 3671 4366 au-

2092 4390 2233 4445 ctor,
2271 4382 2634 4435 communicat
2699 4380 2752 4431 iu
2797 4386 3025 4431 natura:
3055 4392 3229 4446 neque
3278 4394 3388 4446 non,
3435 4380 3663 4445 factum,

2103 4451 2335 4519 Spiritus
2387 4450 2657 4513 veritatis,
2690 4448 2979 4519 mendacio
2996 4445 3320 4519 astruerent.
3336 4445 3454 4519 ⁸ὶῖὶι
3468 4459 3661 4519 autem

2104 4516 2263 4573 fuerit
2296 4519 2510 4586 aliquis,
2539 4519 2605 4571 de
2646 4532 2752 4585 quo
2793 4516 2981 4586 majori
3020 4517 3201 4584 specie
3234 4516 3660 4583 probabilitatis,

2094 4590 2662 4657 privilegiumtautum
2698 4587 2845 4640 credi
2879 4587 2965 4653 pie
3006 4595 3209 4650 posset,
3243 4587 3359 4657 sive
3390 4587 3660 4656 insignem

2090 4655 2454 4724 Amphilochii
2502 4657 2842 4711 sanctitatem
2888 4664 2943 4706 et
2988 4655 3459 4720 contemplationis
3488 4655 3666 4709 excel-

2092 4727 2310 4780 lentiam
2342 4735 2681 4794 spectemus;
2708 4725 2820 4778 sive
2846 4724 3101 4777 malitiam
3125 4724 3407 4790 temporis,
3446 4728 3666 4793 quando

2017 4832 2025 4841 ρ
2092 4795 2158 4849 ad
2192 4795 2648 4864 petulantissimos
2677 4794 2959 4864 haereticos
2987 4797 3332 4864 coercendos,
3352 4794 3522 4860 major
3544 4797 3665 4848 viro

2091 4862 2372 4941 qui—velut
2419 4867 2666 4941 princeps
2734 4862 3121 4941 catholicorum
3180 4863 3666 4941 episcoporumque

2091 4932 2235 4988 esset
2292 4933 2524 4996 futurus,
2562 4932 2859 4986 Athanasio
2906 4932 3259 5000 Basilioquee
3293 4933 3427 4986 vivis
3485 4947 3664 4986 exem-
3748 4974 3753 4979 .

2092 5005 2218 5071 ptis,
2239 5001 2571 5071 jactatoque,
2627 5017 2692 5055 ac
2748 5001 2959 5071 tandem
3002 5008 3350 5071 exauctorato
3399 5001 3665 5071 Gregorio

2093 5069 2391 5141 Theologo,
2430 5069 2724 5125 auctoritas
2745 5070 3089 5141 concilianda
3110 5069 3134 5121 ι
3138 5072 3234 5123 uit.

2163 5142 2258 5195 Est
2287 5140 2337 5194 in
2380 5141 2514 5194 Vitis
2557 5141 2772 5193 Patrum
2812 5140 3120 5208 [{osweydi,
3155 5151 3211 5191 ut.
3251 5140 3550 5193 monachus
3582 5142 3657 5194 sit

2092 5214 2343 5265 redactus
2366 5211 2432 5262 ad
2459 5212 2703 5264 ordinem
2733 5223 2763 5262 a
2804 5210 3074 5271 Patribus,
3101 5211 3189 5275 qui
3217 5210 3321 5262 sibi
3363 5212 3651 5262 videbatur

2091 5283 2171 5334 sic
2217 5279 2537 5333 miraculose
2579 5281 2860 5333 ordinatus
2906 5281 2961 5331 in
3014 5279 3406 5348 presbyterum.
3469 5276 3664 5348 Magna

2092 5358 2237 5404 certe
2293 5352 2346 5402 in
2396 5352 2556 5402 rebus
2589 5350 2717 5400 tanti
2778 5350 3033 5402 tnomenti
3067 5346 3203 5415 opus
3229 5349 3497 5401 cautione.
3541 5346 3669 5400 Nul-

2094 5421 2201 5471 lum
2225 5420 2362 5487 apud
2391 5418 2723 5486 antiquiores
2749 5419 2986 5471 occurrit
3021 5419 3242 5483 hujusce
3269 5426 3376 5468 tam
3416 5418 3661 5485 singula-

2093 5492 2168 5541 ris
2197 5486 2548 5542 ordinationis
2592 5486 2955 5554 Amphilochii
2996 5488 3163 5539 nostri
3196 5500 3603 5539 monumentum
3642 5505 3656 5539 :

2093 5559 2193 5611 nisi
2227 5559 2366 5611 forte
2406 5556 2697 5625 Gregorius
2745 5571 2913 5609 carm.
2952 5559 3273 5625 parmuetico
3301 5556 3364 5606 ad
3397 5554 3672 5625 Olympia-

2091 5630 2212 5680 dem
2264 5629 2330 5680 ad
2373 5640 2490 5679 eam
2522 5624 2843 5693 respexerit
2885 5626 2919 5693 ᾖ
2961 5624 3080 5686 toi,
3117 5624 3525 5693 transmissique
3572 5625 3663 5677 illa

2091 5697 2156 5748 ad
2188 5697 2376 5757 Deum,
2410 5693 2585 5765 Θεκλῇ
2620 5711 2683 5761 γε
2712 5695 2806 5746 σὺν
2836 5692 3010 5765 ἁγνῇ·
3054 5709 3171 5745 cum
3211 5696 3404 5765 virgine
3434 5692 3663 5757 Thecla;

2093 5780 2216 5816 nam
2249 5780 2381 5824 cum
2416 5780 2521 5816 non
2575 5764 2742 5833 possit
2796 5765 3024 5833 intelligi
3053 5766 3117 5816 de
3153 5764 3561 5833 transmissione
3589 5768 3665 5818 ad

2094 5836 2258 5889 Deum
2299 5849 2394 5902 per
2418 5829 2697 5889 excessum
2733 5848 2764 5886 ιι
2819 5833 2950 5899 vita,
2977 5829 3044 5886 ut
3072 5833 3203 5886 satis
3230 5833 3365 5887 bene
3397 5829 3673 5888 Baronnus'
