4092 6404
401 393 473 451 19

1372 398 1422 455 S.
1462 398 1916 456 AMPHILOCHII
1957 397 2344 457 lCONlENSlS
2383 401 2693 456 EPISCOPI

3577 405 3652 461 90

400 512 575 579 nopoli
606 511 673 567 ad
706 512 1087 583 inquirendum
1120 516 1187 572 de
1226 531 1290 572 ea
1339 533 1418 579 rc.
1454 528 1670 573 centum
1704 519 1962 588 quinqua-

2070 517 2281 571 σκόπων
2334 525 2445 590 ρνγ’
2492 521 2550 572 ἐν
2604 515 3173 571 Κωνσταντινουπόλει
3213 517 3341 587 περὶ
3359 516 3454 571 τοῦ
3479 518 3650 591 ζητή..

398 605 544 673 ginta
589 606 750 660 trium
784 606 862 678 (a)
889 610 1267 679 episcoporum
1289 612 1547 681 synodus.
1572 610 1818 680 Cumque
1843 611 1972 666 Am-

398 698 707 766 philochius
730 699 782 753 in
824 702 1141 756 memoriam
1165 703 1423 768 venisset,
1461 702 1716 758 dixerunt
1737 703 1973 773 episcopi

400 790 469 844 ad
511 792 891 860 imperatorem
928 808 942 844 :
974 792 1201 850 Domine
1261 794 1578 863 imperator,
1630 795 1760 862 juhe
1812 796 1976 864 igitur

399 880 713 951 episcopum
742 881 902 937 lcouii
928 884 1149 949 venire;
1182 892 1237 938 et
1252 878 1297 933 si
1317 883 1536 952 quidem
1569 884 1732 939 fuerit
1769 884 1858 939 ille
1894 886 1973 940 vi-

398 980 539 1035 ctus,
571 971 674 1041 ipsi
715 986 906 1028 omnes
950 974 1079 1028 victi
1122 972 1407 1030 fuerimus.
1428 974 1759 1044 imperatore
1793 986 1972 1030 autem

395 1062 615 1128 jubente
644 1063 793 1117 venit
826 1064 1264 1133 Amphilochius,
1298 1075 1356 1121 ut
1384 1068 1474 1137 qui
1529 1082 1633 1123 non
1693 1069 1975 1124 resisteret

402 1152 779 1221 imperialibus
805 1156 1100 1222 mandatis,
1137 1156 1412 1214 Theodulo
1441 1157 1557 1227 ejus
1591 1160 1973 1216 archidiacono

400 1244 619 1300 comite.
678 1244 868 1311 Porro,
906 1263 1031 1303 cum
1086 1248 1272 1306 Iconio
1326 1252 1702 1323 egrederetur,
1737 1253 1860 1308 tulit
1903 1269 1973 1309 ex

405 1343 557 1390 strue
591 1334 808 1405 plenum
835 1336 957 1408 igne
990 1338 1281 1394 carbonem
1319 1340 1416 1413 (b),
1455 1343 1776 1414 tradiditque
1797 1345 1973 1400 archi-

401 1423 648 1490 diacouo,
704 1426 930 1484 dicens:
962 1428 1076 1484 Hoc
1118 1432 1258 1499 apud
1293 1442 1346 1487 te
1387 1447 1565 1498 serva,
1618 1450 1792 1505 usque
1844 1436 1970 1490 dum

402 1513 610 1569 dixero.
635 1514 1057 1587 Couscensoque
1080 1520 1224 1589 pullo
1243 1522 1402 1586 asini,
1431 1525 1688 1593 pergebat
1704 1525 1972 1581 Constan-

399 1603 676 1675 tinopolim
709 1622 726 1661 :
765 1621 830 1662 ac
868 1623 1042 1678 neque
1079 1612 1315 1667 comedit
1349 1627 1527 1683 neque
1585 1615 1741 1677 bibit,
1800 1616 1970 1672 donec

396 1697 585 1752 urbem
643 1697 1037 1769 ingrederetur.
1089 1702 1259 1770 Quam
1312 1704 1586 1775 ingressus
1630 1706 1759 1761 hora
1807 1723 1969 1772 nona,

397 1784 616 1840 divertit
644 1787 784 1855 apud
819 1790 1107 1857 quamdam
1137 1792 1420 1849 mulierem
1448 1796 1664 1850 viduam
1701 1811 1806 1850 :ac
1841 1812 1973 1852 cou—

2078 626 2246 679 ματος
2287 609 2497 663 τούτου.
2541 610 2651 662 Καὶ
2693 606 3091 677 ἀναμνησθεὶς,
3128 606 3265 677 πρὸς
3304 607 3397 661 τὸν
3425 607 3652 679 βασιλέα

2074 696 2225 753 εἷπον
2277 702 2326 755 οἱ
2360 700 2676 754 ἐπίσκοποι·
2723 699 2899 768 Κύριε
2937 697 3196 768 βασιλεύ,
3246 698 3504 754 κέλευσον
3552 698 3650 755 οὖν

2077 791 2255 845 ἐλθεῖν
2310 792 2403 845 τὸν
2453 790 2751 845 ἐπίσκοπον
2811 790 3067 844 Ἰκονίου⁸
3121 790 3215 844 καὶ
3264 791 3359 845 ἐὰν
3408 794 3648 859 ἐκεῖνος,

2084 882 2405 954 ἡττήθημεν
2429 883 2648 947 πάντες.
2681 882 3083 947 Κελευσθέντος
3122 883 3179 935 δὲ
3217 882 3312 936 τοῦ
3348 883 3646 951 βασιλέως.

2080 972 2247 1047 ἦλθεν
2268 977 2296 1028 6
2334 975 2702 1047 ’Δμφιλόχιος,
2725 976 2801 1039 ὼς
2826 978 2900 1046 μὴ
2927 976 3318 1045 ἀνθιστάμενος
3348 975 3652 1043 βασιλικοῖς

2075 1068 2527 1139 προστάγμασιν,
2572 1068 2713 1137 ἔχων
2763 1067 2880 1138 μετ’
2914 1065 3079 1120 αὐτοῦ
3108 1067 3203 1120 καὶ¹
3240 1067 3527 1120 Θεόδουλον
3557 1068 3649 1121 τὸν

2077 1156 2460 1227 ἀρχιδιάκονον
2484 1156 2672 1213 αὑτοῦ.
2719 1155 2925 1209 Τούτου
2952 1156 3010 1209 δέ
3042 1156 3401 1227 ἐξερχομένου
3438 1158 3504 1210 ἐκ
3550 1157 3648 1211 τοῦ

2086 1246 2341 1310 Ἰκονίου,
2372 1242 2507 1318 ἦρεν
2545 1248 2609 1301 ἐκ
2638 1246 2736 1316 τῆς
2785 1244 3084 1317 ἀνθρακιᾶς
3132 1245 3440 1317 καρῦούνην
3474 1263 3649 1317 μεμε-

2074 1340 2357 1411 στωμένην
2386 1339 2557 1410 πυρὸς
2578 1379 2592 1402 ,
2621 1340 2716 1391 καὶ
2742 1336 2942 1391 ἔδωκεν
2972 1338 3049 1408 τῷ
3077 1337 3439 1409 ἀρχιδιακόνῳ
3479 1336 3648 1391 αὐτοῦ

2072 1430 2244 1500 λέγων
2265 1448 2279 1461 ·
2325 1430 2496 1483 Τοῦτο
2539 1430 2774 1499 φύλαξον
2814 1429 2969 1501 παρά
3005 1428 3235 1500 σεαυτῷ,
3268 1430 3373 1493 ἕως
3405 1430 3474 1483 ἂν
3505 1432 3648 1484 εἴπω

2073 1538 2175 1574 σοι.
2221 1523 2333 1576 Καὶ
2380 1521 2668 1585 καθεσθεὶς
2715 1522 2809 1575 ἐπὶ
2848 1522 3010 1575 πόλου
3058 1521 3203 1585 ὄνου,
3252 1521 3543 1592 ἐπορεύετο
3583 1523 3646 1574 ἐν

2071 1611 2638 1667 Κωνσταντινουπόλει
2662 1628 2675 1640 ·
2703 1613 2799 1666 καὶ
2823 1612 2924 1665 οὐκ
2950 1612 3173 1680 ἔφαγεν,
3198 1612 3320 1665 οὐδὲ
3343 1612 3515 1675 ἔπιεν,
3538 1613 3644 1676 ἕως

2073 1701 2140 1755 ἂν
2165 1702 2412 1773 εἰσῆλθεν
2437 1704 2494 1755 ἐν
2512 1702 3099 1758 Κωνσταντινουπόλει.
3125 1703 3235 1756 Καὶ
3258 1702 3502 1773 εἰσῆλθεν
3523 1703 3645 1775 ὥρα

2073 1790 2140 1854 θ’,
2184 1792 2449 1849 κατέλυσε
2498 1792 2648 1861 παρά
2691 1809 2798 1845 τινι
2842 1792 3060 1861 γυναικὶ
3092 1793 3267 1863 χήρα·
3310 1792 3404 1846 καὶ
3440 1792 3645 1854 εὐθέως

394 1872 601 1939 testim,
637 1873 804 1931 Deum
829 1878 1176 1943 benedicens,
1210 1883 1276 1934 ad
1318 1881 1602 1938 ecclesiam
1660 1893 1743 1939 est
1797 1885 1966 1953 profe-

2070 1882 2389 1954 ἐξώρμησεν
2430 1883 2524 1936 ἐπὶ
2551 1856 2652 1953 τίῆν
2681 1856 2978 1951 ἐκκλησίαν
3272 1882 3364 1935 τὸν
3390 1883 3541 1935 Θεόν.
3575 1884 3642 1940 Αἱ

396 1975 539 2022 ctus.
583 1966 748 2022 Erant
769 1978 948 2022 autem
997 1979 1166 2037 porta:
1201 1987 1392 2031 omnes
1416 1975 1681 2030 obseratae
1705 1992 1721 2033 :
1749 1986 1822 2042 at,
1853 1978 1967 2047 ipso

395 2059 588 2127 positis
618 2060 846 2128 genibus
876 2074 1148 2129 precante,
1183 2064 1367 2118 statim
1401 2076 1602 2135 aperta:
1650 2083 1774 2121 eum
1821 2069 1967 2125 intus

393 2162 773 2221 susceperunt.
830 2152 925 2209 Ille
983 2170 1113 2211 vero
1168 2156 1249 2213 sic
1305 2174 1466 2213 orare
1508 2159 1967 2229 cmpitzDomine

393 2242 523 2301 Jesu
545 2245 783 2310 Christe,
820 2247 982 2311 Deus,
1013 2262 1118 2303 non
1143 2261 1228 2304 est
1252 2250 1308 2305 in
1333 2265 1418 2306 me
1447 2265 1627 2306 sermo
1651 2253 1963 2321 sapientiae:

393 2351 497 2392 nec
533 2340 654 2393 novi
692 2340 824 2409 quid
859 2341 1036 2396 dicam
1084 2341 1350 2412 loquarve
1389 2358 1572 2399 coram
1621 2343 1964 2413 imperatore.

398 2429 523 2483 llaec
551 2444 675 2485 cum
709 2431 958 2499 dixisset,
986 2434 1160 2488 astitit
1188 2433 1464 2499 Christus,
1489 2434 1581 2504 qui
1617 2450 1712 2505 per
1742 2437 1969 2506 prophe-

396 2530 478 2576 tas
507 2522 717 2578 locutus
737 2533 840 2587 est,
873 2525 1097 2581 dicens:
1127 2524 1301 2594 Prope
1331 2535 1409 2581 est
1440 2526 1697 2581 Dominus
1721 2528 1967 2581 invocan-

399 2613 542 2667 tibus
595 2629 712 2668 eum
770 2617 828 2669 in
879 2621 1100 2672 ueritate
1120 2616 1164 2684 ⁸,
1202 2618 1389 2687 aitque
1452 2618 1964 2688 illi:Amphilochi,

392 2703 502 2758 noli
532 2705 742 2773 timere,
773 2722 951 2777 neque
984 2708 1378 2777 trepidaveris:
1410 2725 1528 2765 smn
1553 2724 1653 2780 ego
1682 2722 1882 2780 tecum,
1909 2723 1968 2768 ut

390 2810 489 2865 per
521 2806 573 2852 te
605 2797 814 2865 loquar,
846 2814 968 2869 qua:
993 2810 1047 2855 te
1078 2810 1293 2871 oportet
1322 2800 1469 2871 loqui
1520 2816 1704 2857 coram
1751 2815 1961 2859 senatu.

390 2886 573 2957 lisque
617 2889 801 2955 dictis,
844 2891 915 2946 ab
956 2905 1022 2946 eo
1072 2892 1339 2948 discessit.
1373 2893 1445 2946 At
1471 2892 1561 2947 ille
1596 2907 1867 2962 egressus,
1911 2897 1965 2949 in

390 2990 546 3033 suum
579 2992 639 3034 se
672 2978 961 3050 hospitium
991 2980 1236 3036 contulit.

461 3154 551 3210 Π.
580 3155 713 3210 Cum
744 3155 1079 3211 audivissent
1104 3165 1283 3213 autem
1328 3155 1438 3227 lupi
1480 3158 1711 3226 Arabia‘,
1748 3158 1963 3216 invase-

2066 1975 2125 2029 δὲ
2147 1974 2310 2047 θύραι
2341 1976 2515 2030 πᾶσαι
2548 1975 2958 2047 ἡσςραλισμέναι
2982 1971 3144 2047 ἦσαν.
3191 1975 3315 2039 Gai;
3346 1975 3403 2029 δὲ
3441 1974 3641 2044 γόνατα

2068 2066 2415 2139 προσηύξατο
2435 2107 2450 2131 ,
2481 2069 2576 2121 καὶ
2599 2070 2652 2122 αἱ
2686 2068 2848 2140 θύραι
2893 2068 3246 2139 ἀνεῴχθησαν
3276 2070 3639 2140 παραχρῆμα,

2068 2159 2164 2211 καὶ
2197 2158 2474 2212 εἰσέλαὸον
2502 2158 2665 2212 αὐτὸν
2699 2159 2825 2213 Esto.
2871 2160 3198 2229 Ἀρχόμενος
3235 2158 3294 2211 δέ
3328 2158 3513 2227 ἔλεγεν
3551 2159 3642 2212 οὖ·-

2066 2266 2173 2304 τω·
2207 2248 2381 2320 Κύριε
2438 2247 2610 2318 Ἰησοῦ
2646 2249 2853 2319 Χριστὲ
2880 2249 2908 2300 6
2936 2248 3099 2311 Θεὸς,
3142 2248 3224 2301 ὅτι
3266 2247 3369 2301 οὐκ
3401 2247 3546 2301 ἐστιν
3580 2250 3641 2300 ἐν

2067 2342 2190 2412 ἐμοὶ
2218 2340 2374 2409 λόγος
2397 2340 2618 2409 σοφίας,
2645 2340 2741 2393 καὶ
2769 2340 2823 2392 τί
2851 2340 2989 2392 εἷται)
3010 2338 3044 2408 ἢ
3072 2338 3125 2392 τί
3152 2338 3374 2406 λαλήσω
3430 2337 3644 2409 ἐμσιτρο⁴

2069 2433 2193 2487 σθεν
2231 2433 2324 2487 τοῦ
2352 2432 2614 2503 βασιλέως
2656 2433 2757 2486 ούκ
2801 2428 2937 2486 οἶδα.
2986 2432 3098 2485 Καὶ
3143 2432 3343 2497 εὐθέως
3390 2432 3641 2504 παρέστη

2066 2524 2216 2595 αὐτῷ
2247 2528 2277 2578 6
2305 2524 2568 2596 Χριστὸς,
2596 2525 2626 2576 6
2652 2523 2746 2577 διὰ
2779 2524 2887 2577 τῶν
2914 2523 3209 2596 προφήτῶν
3243 2523 3483 2595 λαλήσας
3502 2565 3515 2583 .
3552 2524 3640 2576 λέο

2064 2632 2200 2684 γωψ
2250 2614 2463 2685 Ἐγγὺς
2495 2615 2711 2682 Κύριος
2756 2614 2880 2681 τοῖς
2922 2614 3420 2684 ἐπικαλουμένοις
3454 2615 3642 2669 αὐτὸν

2064 2706 2135 2760 ἐν
2161 2706 2441 2771 ἀληθείᾳο
2474 2704 2568 2759 καὶ
2592 2704 2743 2773 λέγει
2768 2704 2939 2773 αύτῷυ
2980 2704 3315 2775 Ἀμφιλόχιε,
3347 2706 3420 2776 μὴ
3452 2704 3638 2774 φοόοὖ,

2070 2798 2209 2869 μηδέ
2242 2798 2515 2869 διλειάσῃς
2535 2814 2549 2828 ·
2578 2799 2595 2817 ’
2621 2797 2758 2868 μετὰ
2780 2797 2873 2851 σοῦ
2900 2797 2978 2867 (d)
3005 2795 3200 2868 ὥσπερ·
3220 2797 3301 2850 δεῖ
3324 2814 3382 2850 σε
3411 2796 3643 2849 ἐνώπιον

2066 2889 2167 2957 τῆς
2201 2889 2527 2960 συγκλήτου.
2562 2889 2673 2942 Kai.
2699 2887 2874 2942 ταῦτα
2906 2887 3100 2953 εἰπὼν,
3135 2888 3377 2957 ἀπῆλθεν
3419 2890 3513 2941 ἀπ’
3546 2889 3641 2941 αύ-

2065 2980 2160 3033 τού
2183 2996 2196 3010 ·
2224 2980 2319 3034 καὶ
2344 2980 2575 3045 ἐξελθὼν
2601 2982 2630 3033 6
2654 2981 2793 3052 ἀνὴρ
2810 3019 2826 3044 ,
2867 2979 3165 3050 ἐπορεύετο
3206 2980 3265 3033 ἐν
3298 2979 3377 3050 τῷ
3408 2979 3643 3034 καταλύ-

2068 3088 2200 3143 ματι
2231 3071 2422 3124 αὐτοῦ.

2135 3161 2209 3218 Δ’.
2231 3162 2509 3216 ’Ἤκουσαν
2529 3161 2586 3216 δέ
2600 3162 2814 3215 οἱλύκοι
2835 3160 2936 3231 τῆς
2976 3160 3254 3232 Ἀραϐίας.
3281 3162 3377 3215 καὶ
3407 3161 3640 3233 ἐπέστη-

390 3257 511 3303 runt
571 3248 886 3316 hospitium,
926 3263 1159 3319 moxque
1222 3259 1477 3319 tanquam
1531 3250 1628 3305 l'eri
1674 3252 1866 3308 ﬂuctus
1895 3256 1963 3309 ad

2071 3272 2171 3311 σαν
2197 3257 2255 3308 ἐν
2283 3254 2361 3325 τῷ
2394 3253 2738 3323 καταλύματι
2756 3270 2769 3282 ·
2803 3252 2900 3306 καὶ
2936 3252 3139 3316 εὐθέως
3164 3252 3546 3324 πῳσέρῤηξαν
3573 3256 3639 3325 τῇ

388 3345 597 3407 petram
625 3339 785 3407 allisi,
809 3351 868 3394 ut
887 3355 1072 3409 spuma
1098 3341 1257 3397 soluti
1271 3341 1562 3397 sunt.Erat
1581 3345 1724 3399 enim
1740 3346 1965 3417 Amphi-

388 3432 599 3487 lochius
632 3433 735 3486 lide
760 3435 813 3486 in
837 3442 1043 3501 petram
1066 3432 1313 3489 duratus.
1342 3434 1432 3488 Ait
1455 3450 1585 3490 vero
1615 3436 1915 3493 Eunomius
1942 3454 1956 3491 :

389 3524 545 3580 Tunc
596 3540 656 3579 es
706 3524 793 3579 ille
845 3525 1277 3591 Amphilochius,
1309 3524 1404 3580 Dei
1438 3528 1663 3582 servus?
1705 3529 1806 3595 Qui
1839 3530 1955 3584 ait:

389 3615 504 3682 Ego
529 3631 647 3670 sum
681 3614 1088 3683 Amphilochius
1129 3624 1401 3684 peccator.
1449 3616 1746 3673 Eunomius
1778 3618 1957 3673 dixit:

388 3705 533 3774 Quid
581 3720 700 3759 vero
747 3705 1001 3758 subvertit
1047 3703 1300 3759 Israet'?
1336 3705 1746 3774 Amphilochius
1777 3709 1913 3761 dixit
1946 3727 1961 3765 :

392 3797 518 3850 Non
572 3812 667 3867 ego
727 3798 991 3865 sul-serta,
1033 3799 1123 3853 sed
1196 3797 1315 3853 tu’.
1346 3795 1647 3855 Eunomius
1697 3801 1821 3855 ait:
1864 3801 1964 3868 Qui

389 3903 520 3957 ergo
592 3888 755 3944 habet
809 3891 983 3960 prima
1037 3905 1143 3945 vox
1191 3889 1464 3962 Evangelii
1507 3908 1522 3945 :
1565 3890 1635 3945 In
1706 3895 1964 3962 principio

388 3991 502 4036 erat
532 3980 763 4036 Verbum
788 3994 807 4034 :
835 3992 882 4036 et
928 3980 1146 4036 Verbum
1208 3994 1318 4036 erat
1347 3982 1487 4051 apud
1520 3982 1712 4049 Deum,
1748 3996 1795 4038 et
1826 3984 1963 4039 Deus

388 4081 501 4126 erat
549 4070 848 4127 Verbum'?
904 4071 1043 4127 Num
1103 4082 1228 4127 ante
1287 4073 1611 4144 principium
1662 4084 1801 4138 erat,
1836 4090 1962 4129 nec-

389 4164 500 4219 nei
528 4163 939 4234 Amphilochius
964 4164 1101 4219 dixit
1145 4163 1306 4220 :Non
1357 4166 1499 4221 sicut
1552 4175 1607 4219 tu
1659 4166 1959 4233 existimas,

390 4263 637 4310 creatura
669 4263 753 4308 est
803 4254 897 4308 Dei
957 4254 1228 4317 Verbum;
1280 4254 1373 4309 sed
1431 4264 1515 4310 est
1565 4254 1764 4310 factum
1810 4271 1964 4311 crea-

389 4354 534 4411 tura,
569 4355 629 4401 ut
655 4346 772 4417 ejus
801 4346 1055 4401 divinitas
1088 4345 1364 4417 voluit(c).
1389 4346 1682 4402 Eunomius
1710 4348 1786 4401 ait
1813 4363 1827 4399 :
1860 4346 1962 4414 Qui

2068 3347 2246 3420 πέτρᾳ
2265 3387 2280 3410 ,
2307 3345 2383 3409 ὡς
2410 3346 2578 3416 ἄγρια
2603 3346 2844 3416 κύματα,
2872 3344 2965 3398 καὶ
2988 3343 3064 3408 ὡς
3091 3344 3264 3416 ἀφρὸς
3289 3344 3637 3415 ἐξελύθησαν.

2043 3451 2046 3454 ’
2071 3434 2508 3506 Πεπετρωμένος
2531 3433 2640 3505 γὰρ
2659 3435 2726 3504 τῇ
2742 3432 2922 3485 πίστει
2946 3433 3190 3503 ὑπῆρχεν
3213 3434 3243 3485 6
3273 3433 3329 3484 Ἀ
3340 3432 3637 3504 μφιλόχιος.

2068 3527 2180 3580 Καὶ
2219 3526 2369 3595 λέγει
2406 3526 2435 3577 ὁ
2462 3526 2758 3596 Εὐνόμιοςο
2793 3525 2865 3578 Σὺ
2907 3520 2959 3577 εἷ
2992 3527 3021 3578 6
3073 3523 3441 3595 Ἀμφιλόχιος,
3470 3526 3498 3576 6
3520 3523 3642 3576 δοῦ-

2065 3615 2156 3678 λος
2181 3613 2276 3668 τοῦ
2314 3612 2481 3678 Θεοῦ;
2526 3613 2584 3665 '0
2605 3611 2663 3665 δέ
2693 3611 2875 3681 λέγει·
2928 3610 3067 3678 Ἐγώ
3094 3614 3207 3682 εἰμι
3234 3613 3263 3665 6
3299 3610 3642 3681 Ἀμφιλόχιος

2067 3704 2416 3777 ἁμαρτωλός.
2442 3704 2709 3775 Εὐνόμιος
2740 3702 2862 3758 εἷπε
2881 3720 2894 3733 ·
2922 3704 3030 3757 Kal
3058 3705 3114 3757 τί
3136 3702 3513 3771 διαστρέφεις
3536 3703 3644 3755 τὸν

2077 3796 2355 3868 Ὶόνραήλ;
2401 3793 2751 3866 Ἀμφιλόχιος
2776 3789 2931 3847 εἷπεν
2947 3811 2959 3825 ·
2992 3795 3114 3847 Οὐκ
3139 3793 3254 3863 ἐγὼ
3282 3793 3641 3862 διαστρέψω,

2065 3885 2227 3943 ἀλλὰ
2247 3888 2348 3941 σύ.
2370 3882 2636 3956 Εὐνόμιος
2657 3883 2833 3953 λέγει·
2853 3881 2978 3947 Πῶς
2996 3877 3088 3937 οὖν
3108 3882 3142 3954 ἡ
3159 3880 3351 3954 πρώτη
3373 3882 3524 3954 φωνὴ
3545 3897 3641 3936 του

2065 3977 2401 4046 Εὑαγγελίου
2429 3976 2599 4045 λέγει·
2626 3977 2728 4030 Ἐν
2752 3974 2911 4043 ἀρχῇ
2935 3970 3014 4044 ἦν
3045 3977 3078 4028 ό
3106 3976 3314 4044 Λόγος,
3345 3974 3444 4027 καὶ
3474 3976 3508 4028 ό
3530 3974 3635 4030 Λό-

2067 4090 2174 4142 γος
2197 4068 2276 4142 ἦν
2307 4070 2458 4138 πρὸς
2490 4070 2598 4123 τὸν
2628 4071 2797 4123 Θεόν·
2826 4067 2927 4121 καί
2958 4066 3103 4133 Θεὸς
3126 4062 3205 4136 ἦν
3227 4070 3260 4120 ὀ
3288 4066 3499 4135 Λόγος.
3529 4065 3644 4136 Πρὸ

2068 4163 2169 4234 τῆς
2193 4162 2368 4233 ἀρχῆς
2393 4156 2484 4231 ἦν,
2516 4160 2548 4230 ἢ
2577 4160 2677 4213 οὐκ
2702 4154 2805 4229 ἦν;
2842 4157 3187 4229 Ἀμφιλόχιος
3213 4153 3365 4209 εἶπεν
3381 4175 3392 4185 ·
3417 4157 3549 4228 Οὐχ,
3567 4157 3644 4219 ὡς

2072 4256 2136 4309 σὺ
2179 4252 2617 4323 ὑπολαμϐάνεις,
2661 4251 2870 4321 κτίσμα
2907 4250 3052 4302 ἐστὶν
3085 4251 3114 4303 ὁ
3147 4248 3243 4302 τοῦ
3274 4248 3409 4302 Θεοῦ
3432 4248 3603 4316 Λόγος
3626 4264 3640 4278 ο

2069 4345 2183 4400 ἀλλ’
2217 4346 2292 4409 ὡς
2331 4344 2594 4413 ¹Ιιιθέλησεν
2625 4344 2659 4412 ὴ
2689 4340 2855 4394 αὐτοῦ
2892 4339 3103 4411 θεότης,
3148 4339 3502 4411 μετεποιήθη.
3538 4338 3644 4392 Εὐ-

460 4462 484 4497 ἰ
514 4461 656 4518 Psal.
702 4478 879 4527 σχειν,
939 4462 1027 4517 18.
1104 4463 1125 4495 ¹
1157 4462 1217 4516 Ill
1276 4462 1411 4533 Reg.
1451 4479 1610 4531 xvm,
1638 4464 1724 4520 Π.
1770 4465 1966 4521 ι⁶ἰὺὶιι.

2070 4463 2109 4518 3.
2183 4464 2204 4495 "
2233 4460 2391 4519 Joan.
2430 4476 2470 4523 ι,
2498 4460 2548 4516 l.

391 4555 475 4627 sio
512 4557 948 4627 congressionem
986 4554 1428 4627 veritahl’lacilla
1461 4556 1763 4625 (contendit
1797 4557 1963 4627 Baro-
1995 4561 2040 4615 D
2078 4626 2081 4627 ν
2140 4555 2212 4627 (c)
2240 4552 2351 4627 sed
2378 4564 2453 4627 est
2484 4553 2682 4627 factum
2720 4557 2993 4627 creatura,
3027 4548 3244 4627 {tt-ejus
3273 4546 3641 4627 divinaque-

389 4626 513 4679 nius
548 4641 633 4678 au.
660 4624 767 4679 585
789 4627 984 4698 dictam
1014 4625 1287 4698 Flacillam
1314 4641 1387 4698 ex
1410 4624 1579 4681 veteri
1606 4626 1961 4698 numismate)

390 4703 651 4761 quantum
710 4695 900 4762 potuit,
947 4696 1240 4762 prohibuit,
1267 4703 1325 4751 ut
1358 4695 1576 4751 Sozom.
1605 4696 1647 4750 ι.
1688 4712 1786 4760 vn,
1819 4713 1870 4751 c.
1907 4695 1961 4749 6.

392 4763 465 4819 Ut
522 4763 716 4834 merito
745 4765 1032 4834 potuerint
1065 4766 1372 4830 orthodoxi,
1413 4781 1604 4829 magna
1652 4764 1763 4832 jam
1821 4767 1962 4834 apud

389 4848 581 4887 omnes
612 4833 886 4898 opinione,
916 4842 970 4888 et
994 4832 1177 4888 Basilii
1220 4851 1391 4901 nuper
1436 4834 1674 4889 defuncti
1727 4832 1962 4889 amicitia

390 4914 445 4956 et
502 4903 799 4956 studiorum
852 4905 1108 4957 societate
1168 4905 1370 4957 clarum
1418 4906 1852 4970 Amphilochium
1888 4922 1967 4960 re-

391 4974 630 5043 quirere,
662 4974 896 5043 atquein
934 4988 998 5026 eo
1026 4973 1314 5041 plurimum
1339 4974 1569 5040 prtcsidii
1603 4991 1823 5043 ponere.

464 5042 543 5114 (a)
570 5044 790 5096 Centum
828 5044 1204 5114 quinquuqintu
1258 5045 1438 5096 trium.
1495 5042 1630 5114 ρνγί.
1689 5045 1792 5098 Atii
1850 5054 1967 5097 tan-

392 5120 532 5177 tum,
568 5122 784 5166 centum
818 5113 1242 5182 quinquaginta;
1276 5115 1370 5165 sed
1403 5113 1572 5180 potuit
1607 5113 1765 5167 facile
1789 5116 1961 5166 omitti

392 5183 571 5237 minor
601 5197 875 5238 numerus.
910 5193 967 5235 ut
1006 5184 1065 5235 lit
1100 5183 1296 5251 passim
1334 5182 1387 5236 in
1422 5182 1564 5237 aliis.
1621 5185 1774 5252 Apud
1805 5184 1966 5252 Lipo-

391 5267 610 5307 manum
637 5266 740 5304 non
770 5253 1091 5319 exprimitur
1130 5267 1403 5306 numerus.

463 5321 539 5389 (b)
574 5319 714 5372 Tulit
747 5337 812 5375 ea:
837 5334 979 5393 strue
1008 5322 1223 5393 plenum
1250 5323 1369 5391 igne
1395 5322 1687 5377 carbonem.
1714 5322 1965 5393 Καρδού-

390 5408 489 5474 νην
520 5392 949 5461 μεμεστωμένην
974 5392 1164 5474 πυρός.
1192 5390 1295 5445 Seu
1326 5394 1592 5474 titionem,
1624 5390 1967 5474 totunt'tgni-

393 5461 505 5532 tum
534 5476 550 5513 :
582 5474 689 5532 vox
726 5462 1001 5532 communi
1042 5461 1154 5530 jam
1200 5476 1298 5532 usu
1338 5461 1544 5517 ercis
1584 5475 1820 5532 recepta.
1853 5461 1966 5516 Non

392 5530 557 5584 habet
585 5529 697 5583 vita
730 5544 760 5583 a
796 5529 1095 5597 Lipomano
1148 5530 1291 5585 edita
1332 5532 1432 5587 hoc
1472 5529 1812 5597 miraculum,
1845 5547 1971 5588 vere

391 5599 524 5672 illud
560 5599 784 5672 grande,
818 5602 919 5654 etsi
951 5616 1056 5656 nou
1088 5601 1206 5655 sine
1247 5602 1517 5672 exemplo.
1546 5601 1789 5672 “Saepius
1816 5603 1960 5656 enim

391 5682 454 5723 se
476 5669 656 5740 divina
683 5670 858 5740 yirtus
902 5684 967 5725 eo
992 5672 1149 5724 modo
1180 5669 1421 5740 prodidit
1462 5673 1514 5725 in
1544 5670 1634 5724 illo
1665 5669 1966 5734 elemento;

393 5738 539 5790 utin
584 5738 798 5793 fornace
838 5741 1181 5811 Babylonica,
1210 5740 1263 5794 in
1295 5739 1518 5805 Brictio,
1562 5742 1616 5794 in
1672 5740 1969 5801 Francier

395 5810 462 5872 de
489 5805 672 5872 Paula,
702 5816 806 5863 etc.

396 5812 462 5872 de
490 5812 672 5872 Paula,
702 5816 806 5863 etc.

2066 4614 2353 4681 ιιιὶὶ.”Αλλ’
2379 4623 2456 4685 ὡς
2476 4614 2740 4691 ἠθέλησεν
2767 4620 2801 4689 ή
2831 4616 2995 4671 αὑτοῦ
3030 4614 3255 4691 θεότὴς,
3281 4614 3638 4691 μετεποιήθη.

2069 4696 2161 4751 Sic
2208 4695 2382 4747 visum
2431 4687 2513 4746 est
2556 4687 3042 4757 et'interpungere
3084 4698 3137 4742 et
3164 4687 3409 4757 reddere,
3439 4692 3643 4757 urgstet

2067 4780 2260 4820 sensus
2289 4762 2611 4823 catholicus,
2641 4774 2748 4827 quo
2784 4755 2990 4813 certum
3026 4766 3131 4820 est,
3167 4771 3281 4827 non
3300 4755 3475 4809 solum
3506 4755 3639 4808 Atu-

2069 4835 2400 4905 philochium
2421 4824 2701 4905 esseolitn
2733 4829 3000 4905 locutum,
3031 4829 3123 4881 sed
3148 4838 3203 4880 et
3235 4824 3633 4905 Metaphrasten

2071 4896 2392 4972 scripsisse._
2417 4899 2695 4969 Signiﬁcat
2723 4912 2853 4966 ergo
2880 4896 3114 4972 Verbum
3152 4911 3255 4972 non
3278 4910 3398 4949 esse
3429 4904 3639 4972 creatu-
3738 4900 3755 4911 ‘

2071 4964 2210 5035 ram',
2249 4971 2341 5027 sed
2371 4964 2568 5024 factum
2596 4964 2923 5028 creaturam,
2954 4982 3015 5019 ea
3045 4967 3226 5034 phrasi
3274 4980 3380 5032 qua
3413 4964 3630 5035 dicitur,

2071 5034 2444 5113 factumrcaro,
2472 5037 2628 5092 Joan.
2661 5054 2700 5103 ι,
2740 5038 2829 5100 14,
2875 5051 2967 5089 seu
3022 5037 3123 5090 sibi
3174 5035 3431 5113 ascivisse
3480 5034 3642 5113 ratio-

2071 5103 2195 5166 nem
2230 5112 2376 5165 illam
2417 5118 2712 5175 creatum;
2743 5122 2865 5176 quae
2904 5114 2987 5161 est
3020 5106 3235 5176 propria
3260 5113 3316 5158 et
3352 5105 3475 5176 trita
3494 5103 3640 5176 illius

2073 5182 2222 5236 verbi
2276 5179 2602 5248 signiﬁcatio
2629 5194 2642 5231 :
2672 5174 2835 5244 idque
2877 5185 2937 5228 ut
2967 5174 3143 5248 voluit
3167 5174 3283 5241 ejus
3340 5174 3631 5248 divinitas;

2074 5252 2233 5306 modo
2265 5243 2421 5322 plane
2468 5243 3012 5322 nohis_incompert_o,
3043 5255 3099 5299 et
3133 5246 3184 5298 in
3221 5258 3329 5322 quo
3373 5253 3480 5296 tota
3509 5243 3635 5322 lacti

2076 5322 2233 5385 ratio,
2264 5312 2510 5373 voluntas
2538 5318 2608 5370 sit
2633 5312 2922 5385 facienti—sa
2947 5314 3217 5382 lnterpres
3240 5312 3529 5382 Lipomani
3560 5312 3640 5365 sic

2077 5383 2334 5444 reddebat
2367 5405 2380 5440 :
2417 5388 2522 5443 Sed
2564 5396 2622 5439 ut
2653 5387 2834 5451 voluit,
2872 5383 2985 5451 ejus
3015 5385 3262 5438 diuinitas
3288 5389 3639 5435 transmutata

2075 5469 2151 5514 est
2170 5476 2189 5523 ;
2213 5460 2363 5525 cujus
2415 5456 2799 5527 propositionis
2832 5471 2938 5527 non
2976 5454 3214 5527 occurrit
3245 5467 3438 5507 sensus
3458 5454 3641 5505 catho-

2076 5531 2236 5593 licus,
2267 5524 2533 5582 clamante
2567 5525 2769 5580 Jacobo
2801 5542 2815 5578 :
2847 5524 3000 5591 Apud
3022 5538 3183 5593 quem,
3224 5540 3329 5577 non
3358 5531 3435 5593 est
3464 5532 3629 5593 trum-

2075 5599 2321 5660 mutatia,
2349 5607 2475 5658 etc.,
2517 5594 2632 5650 Jac.
2678 5610 2717 5656 ι,
2755 5594 2807 5647 7.
2848 5595 3014 5659 Plane
3048 5592 3346 5646 cohibenda
3395 5592 3446 5644 in
3480 5592 3641 5645 rebus

2077 5678 2187 5721 tam
2221 5668 2405 5721 arduis
2440 5665 2633 5719 calami
2661 5664 2964 5723 festinatio;
3001 5676 3103 5716 nec
3153 5672 3260 5715 tam
3289 5671 3501 5724 sancta,
3532 5676 3639 5714 non

2075 5738 2298 5792 initiatis
2318 5751 2380 5790 ac
2415 5735 2586 5789 solum
2613 5731 3054 5798 grammaticulis,
3082 5731 3465 5798 permittenda.

2147 5808 2227 5879 (ά)
2257 5807 2419 5863 Μετὰ
2441 5803 2578 5863 σοῦ.
2615 5802 2775 5860 Deest
2808 5802 2897 5857 hic
2925 5802 3147 5871 aliquid.
