4092 6422
389 367 459 424 Ἃ

419 592 535 643 γειο
570 576 690 630 Δύο
719 577 829 630 καὶ
858 577 1002 645 δύο,
1031 579 1107 633 ἓν
1136 579 1445 634 κατέναντι
1473 580 1580 635 τοῦ
1611 581 1749 647 ἑνός
1766 596 1785 645 ;
1830 582 2026 653 Ἀμφι-

421 663 831 739 λόχιος-εῐπεν·
875 671 1180 737 ’Δκουσον,
1215 667 1259 727 ὦ
1298 672 1611 744 ταλαίπωρε
1654 673 1750 726 καὶ
1792 674 2025 727 δυσωδέ-

435 777 622 815 στστε·
645 760 742 814 δύο
762 762 866 815 καὶ
885 762 985 815 δύο
1001 763 1250 835 τέσσαρὰ
1265 766 1421 819 εἰσιν.
1449 764 1695 835 Μάρκος,
1724 765 2023 829 Ματθαῖος,

438 855 649 917 Λουκᾶς
680 853 794 921 fuat
836 855 1142 926 Ἰωάννης·
1193 859 1240 909 οἱ
1285 856 1547 928 τέσσαρες
1607 856 2022 925 εὐαγγελισταὶ,

441 946 487 998 οἱ
535 945 1027 1017 εὐαγγελισάμενοι
1070 947 1171 1018 τὴν
1205 947 1427 1018 ὑφήλιον
1486 949 1666 1002 πᾶσαν
1716 949 1816 1020 τὴν
1853 965 2027 1018 σωτη-

448 1036 566 1107 ρίαν
617 1038 783 1109 ἡμῶν
831 1038 941 1092 τῶν
986 1039 1352 1111 Χριστιανῶν.
1415 1040 1474 1093 Ὀ
1524 1038 1581 1092 δὲ
1631 1041 1784 1107 ἅγιος
1832 1039 2025 1110 Πατὴρ

450 1128 774 1192 ἀποστείλας
804 1129 899 1182 τὸν
924 1130 1209 1201 Μονογενῆ
1242 1131 1335 1184 καὶ
1360 1122 1674 1201 ὁμόθρονον,
1703 1130 1798 1182 καὶ
1829 1129 2025 1201 ὁμοσύ-

453 1233 563 1269 σιον
588 1217 687 1270 καὶ
712 1216 880 1270 ἀΐδιον
923 1217 1087 1270 αὑτοῦ
1121 1218 1314 1286 Λόγον,
1347 1217 1441 1270 τοῦ
1473 1218 1845 1289 σαρκωθῆναι,
1894 1217 2020 1289 ἔφη’

452 1310 704 1376 Λῖτησαι
734 1309 865 1377 παρ’
903 1308 1071 1377 ἐμοῦ,
1102 1309 1204 1362 καὶ
1227 1307 1397 1361 δώσω
1424 1324 1523 1362 σοι
1547 1309 1692 1377 ἔθνη
1720 1308 1836 1376 τὴν
1868 1312 2020 1375 πλη·

444 1398 738 1465 ρονομίαν
771 1414 917 1463 σου,
948 1398 1049 1452 καὶ
1082 1399 1198 1467 τὴν
1245 1398 1619 1468 κατάσχεσιν
1649 1413 1766 1454 σου
1808 1400 1881 1453 τὰ
1921 1399 2025 1453 πέ-

446 1506 602 1557 ρατα
631 1488 739 1556 τῆς
780 1489 918 1559 γῆς,
958 1490 1051 1543 καὶ
1087 1490 1157 1544 τὰ
1202 1489 1346 1560 ἑξῆς.
1383 1489 1646 1561 Εὐνόμιος
1691 1487 1812 1543 εἷπε
1836 1508 1850 1522 ο
1899 1491 2024 1554 Πῶς

453 1576 547 1633 οὖν
576 1580 664 1632 διὰ
685 1582 781 1634 τοῦ
812 1583 1095 1653 Προφήτου
1113 1583 1279 1652 λέγει’
1308 1585 1429 1636 Οὐκ
1452 1582 1671 1651 ἐκρύϐη
1704 1583 1769 1636 τὸ
1801 1581 2026 1635 ὀστοῦν

448 1690 569 1739 μου
592 1671 625 1724 ὃ
652 1673 944 1740 ἐποίησας
966 1674 1036 1727 ὲν
1065 1673 1302 1743 κρίνεθ’ιῇ
1344 1672 1690 1744 Ἀμφιλόχιος
1719 1674 1901 1741 λέγει’
1932 1673 2025 1744 Μὴ

451 1763 559 1835 γὰρ
592 1764 720 1833 περὶ
750 1763 843 1816 τοῦ
871 1764 1104 1834 Χριστοῦ
1137 1764 1293 1818 τοῦτο
1319 1764 1505 1833 λέγει;
1540 1765 1660 1835 οὐχί
1683 1783 1698 1797 ο
1733 1764 1870 1818 ἀλλὰ
1894 1767 2024 1836 περὶ

1824 374 1982 430 VlTA
2020 374 2351 442 ANTIQUA.
3633 369 3708 424 22

405 494 595 555 νομιος
635 484 797 554 λέγει
825 502 842 515 ο
867 487 1012 553 Πῶς
1048 483 1148 542 οὖν
1172 488 1264 542 καὶ
1302 488 1360 541 ἐν
1400 487 1614 561 Παλαιᾷ
1653 488 1899 563 Διαθήκῃ
1940 491 2016 544 λέ-

2133 506 2263 561 ergo
2323 491 2484 546 etiam
2547 490 2603 544 in
2651 489 2829 545 Veteri
2880 487 3225 543 Testamento
3256 525 3272 551 ,
3334 486 3464 540 dicit
3515 500 3531 537 :

3590 483 3707 538 Duo

2128 593 2176 637 et
2206 582 2333 646 duo,
2370 592 2417 637 et
2459 598 2620 636 unum
2672 591 2852 636 contra
2896 594 3057 634 unum
3086 579 3109 611 ⁸
3136 578 3250 649 (a)?
3299 576 3708 647 Amphilochius

2129 675 2265 730 dixit
2309 692 2325 728 :
2359 675 2496 729 Audi
2532 714 2548 741 ,
2580 674 2745 729 miser
2770 682 2827 727 et
2875 670 3250 742 putentissime
3279 687 3294 725 :
3327 669 3433 723 duo
3483 675 3539 723 et
3577 667 3708 732 duo,

2127 775 2358 839 quatuor
2413 776 2561 822 sunt.
2601 765 2832 832 Marcus,
2857 764 3160 828 Mattheus,
3209 762 3385 818 Lucas
3437 769 3493 816 et
3544 759 3711 815 Joan-

2083 887 2091 895 -
2128 872 2257 924 nes;
2305 867 2531 927 quatuor
2574 855 2936 926 evangelista,
2967 854 3056 924 qui
3099 862 3257 907 terrae
3306 851 3568 905 universae
3614 862 3709 903 sa-
3814 918 3815 921 η

2128 950 2296 1004 lutem
2339 957 2578 1004 nostram
2607 946 3036 1003 Christianorum
3068 943 3544 999 annuntiaverunt.
3600 939 3707 994 Pa-

2128 1051 2213 1095 ter
2271 1048 2450 1094 autem
2508 1046 2749 1103 sanctus,
2790 1038 2955 1093 misso
2997 1036 3305 1106 Unigenito,
3360 1033 3708 1104 ejusdemque

2128 1133 2307 1187 throni
2356 1139 2610 1188 consorte
2673 1139 2729 1186 et
2784 1128 3228 1185 consubstantiali
3281 1137 3447 1198 atque
3501 1133 3705 1180 aeterno

2126 1221 2303 1278 Verbo
2334 1236 2453 1288 suo,
2499 1228 2557 1276 ut
2586 1234 2805 1277 carnem
2856 1226 3112 1283 sumeret,
3151 1217 3286 1273 dixit
3336 1233 3350 1269 :
3403 1212 3628 1269 Postulo
3669 1231 3703 1268 a

2124 1331 2227 1382 me,
2269 1324 2317 1369 et
2339 1315 2475 1368 dabo
2516 1313 2608 1367 tibi
2645 1322 2818 1382 gentes
2845 1310 3204 1365 hwreditatem
3231 1319 3395 1368 tuam,
3426 1315 3475 1361 et
3500 1322 3706 1376 posses-

2125 1408 2323 1461 sionem
2361 1415 2504 1459 tuam
2561 1404 2807 1458 terminos
2860 1415 3013 1457 terra:
3041 1402 3082 1465 ’,
3114 1409 3170 1455 et
3219 1414 3339 1470 quae
3385 1407 3702 1467 sequuntur.

2124 1498 2417 1553 Eunomius
2459 1496 2594 1550 dixit
2622 1515 2635 1551 :
2662 1495 2763 1562 Qui
2791 1508 2921 1563 ergo
2949 1496 3024 1548 ait
3051 1508 3146 1562 per
3177 1491 3501 1561 Prophetam
3535 1511 3547 1545 :
3577 1488 3705 1543 Non

2124 1598 2199 1642 est
2229 1589 2548 1643 occultatum
2576 1603 2633 1641 os
2685 1602 2882 1652 meum,
2912 1588 3049 1657 quod
3093 1584 3264 1652 fecisti
3313 1582 3368 1635 in
3408 1577 3705 1635 occulto"?

2124 1678 2531 1748 Amphilochius
2562 1676 2637 1729 ait
2669 1693 2683 1729 :
2725 1674 2888 1741 Quasi
2933 1687 3067 1728 vero
3097 1672 3201 1726 hoc
3255 1670 3400 1725 dicat
3436 1670 3503 1724 de
3544 1667 3705 1722 Chrio

2128 1777 2213 1824 sto
2247 1789 2260 1824 :
2291 1781 2397 1822 non
2432 1769 2497 1823 de
2521 1767 2713 1830 Adam,
2740 1763 2956 1835 quando
2985 1764 3143 1825 Deus,
3180 1770 3404 1830 accepto
3445 1761 3513 1814 de
3558 1768 3702 1814 terra

447 1853 544 1906 τοῦ
585 1854 787 1923 Ἀδὰμ.
828 1855 988 1924 ἡνίκα
1016 1855 1145 1925 χοῦν
1171 1855 1349 1909 λαϐὼν
1380 1857 1488 1909 ἀπὸ
1517 1857 1615 1927 τῆς
1656 1856 1759 1926 γῆς
1793 1857 1823 1910 6
1853 1856 2016 1920 Θεὸς,

2122 1859 2358 1930 pulvere,
2386 1858 2637 1913 formavit
2688 1857 2982 1920 hominem,
3016 1864 3072 1908 et
3104 1855 3238 1908 dixit
3269 1871 3284 1907 :
3343 1850 3468 1907 Non
3499 1860 3574 1905 est
3607 1851 3702 1903 bo-

451 1939 654 1993 ἔπλασε
695 1941 788 1994 τὸν
821 1941 1127 2013 ἄνθρωπον,
1158 1944 1253 1996 καὶ
1284 1940 1437 1997 εἶπεν
1459 1960 1473 1975 ο
1523 1946 1606 1998 Οὐ
1643 1945 1838 1999 καλὸν
1868 1942 2024 1999 εἶναι

450 2033 559 2087 τὸν
597 2033 909 2102 ἄνθρωπον
939 2035 1160 2103 μόνον·
1212 2037 1557 2106 ποιήσωμεν
1588 2035 1748 2102 αὐτῷ
1787 2038 2026 2106 ,ϐοηθὸν

450 2124 582 2180 κατ’
616 2126 833 2178 αὐτόν·
864 2125 962 2179 καὶ
999 2125 1293 2180 ἐπέϐαλεν
1330 2130 1363 2180 d
1410 2127 1554 2193 Θεὸς
1592 2128 1887 2182 ἔκστασιν
1922 2129 2022 2183 ἐπὶ

450 2215 559 2267 τὸν
619 2214 833 2285 Ἀδὰμ,
884 2216 982 2269 καὶ
1032 2217 1273 2271 ὕπνωσε
1295 2233 1309 2248 ·
1362 2217 1464 2271 καὶ
1500 2219 1677 2271 ἔλαϐε
1715 2220 1863 2286 μίαν
1905 2220 2024 2272 τῶν

449 2306 733 2374 πλειφῶν
789 2306 1009 2372 αὑτοῦ,
1056 2309 1155 2361 καὶ
1203 2307 1551 2363 ἀνέπλασεν
1599 2309 1758 2373 αὐτῷ
1796 2313 1882 2375 εὶς
1920 2330 2023 2380 γυ-

446 2398 651 2459 ναῖκα,
673 2399 771 2451 καὶ
798 2397 1016 2452 ἔδωκεν
1047 2399 1224 2466 αὐτῷ.
1252 2400 1351 2453 Διὰ
1378 2401 1536 2454 τοῦτο
1556 2402 1585 2452 6
1618 2402 1909 2473 Προφήτης
1945 2402 2022 2465 ὡς

450 2491 517 2543 ἐκ
554 2488 648 2542 τοῦ
696 2490 865 2560 Ἀδὰμ
891 2487 1044 2543 εἶπεν
1066 2508 1078 2521 -
1121 2493 1239 2545 Οὐκ
1283 2492 1502 2560 ἐκρύϐη
1538 2492 1604 2545 τὸ
1645 2492 1869 2546 ὀστοῦν
1899 2510 2019 2562 μου

449 2581 572 2635 ἀπὸ
618 2582 772 2644 σοῦ,
819 2583 851 2634 ὃ
885 2583 1178 2650 ἐποίησας
1225 2583 1293 2636 ἐν
1330 2582 1554 2652 κρυφῇ.
1607 2582 1922 2636 Ὑπολαϐὼν
1963 2583 2020 2636 δὲ

450 2671 716 2741 Εὑνόμιος
761 2672 939 2739 λέγει·
992 2674 1208 2742 Κύριος
1251 2672 1455 2727 ἐκτισέ
1496 2692 1575 2743 με
1618 2674 1817 2743 ἀρχὴν
1866 2674 2021 2728 ὀδὼν

448 2758 669 2813 αὐτοῦ’
722 2759 838 2823 πῶς
877 2760 1035 2813 τοῦτο
1075 2762 1221 2831 λέγει
1271 2762 1299 2813 ό
1345 2765 1669 2836 Προφήτης;
1735 2766 1897 2835 Ὁρᾷς
1937 2766 2018 2818 ὅτι

449 2849 662 2918 ποίημὰ
692 2851 839 2903 ἐστιν
865 2852 894 2903 6
927 2851 1088 2914 Υἱὸς,
1117 2853 1211 2905 καὶ
1253 2854 1372 2923 οὐχὶ
1402 2852 1705 2923 ὁμοούσιος.
1764 2854 2020 2924 Ἀμφιλό-

448 2958 565 3011 χιος
592 2936 743 2993 εἴτε·
774 2941 865 3011 Μὴ
890 2942 998 3013 γὰρ
1042 2942 1137 2995 καὶ
1168 2942 1324 2996 τοῦτο
1358 2942 1624 3019 περὶτοῦ
1660 2943 1897 3015 Χριστοῦ
1931 2944 2019 2996 λέ-

445 3053 568 3104 γεις
600 3036 748 3106 οὖχὶ-
780 3035 894 3089 ἁλλ’
924 3038 1012 3090 ὅτε
1045 3038 1337 3108 συνήντησε
1365 3040 1486 3101 ταῖς
1526 3037 1759 3106 γυναιξὶ,
1785 3037 1926 3107 λέγω
1952 3037 2017 3111 δὴ

442 3124 678 3193 Μαριὰμ
733 3125 827 3177 καὶ
872 3124 1142 3196 Μάρθαν,
1200 3127 1445 3195 λέγουσιν
1488 3127 1634 3199 αὐτῷ
1681 3131 1884 3181 ἐκεῖναι
1941 3128 2015 3200 μὴ

443 3214 780 3283 γνωρίσασαι
821 3217 1007 3269 αὐτόν·
1062 3219 1270 3285 Κύριε,
1313 3221 1367 3271 εὶ
1417 3215 1583 3285 εἷδας
1634 3219 1753 3273 ποῦ
1791 3222 2017 3288 ἔθηκαν

443 3304 651 3367 αὑτὸν,
687 3305 818 3358 me
847 3306 1018 3375 ἡμῖν*
1062 3307 1157 3361 καὶ
1187 3309 1215 3359 6
1254 3308 1458 3379 Κύριος
1498 3309 1638 3380 ἔφη’
1678 3310 1893 3377 Μαρία.
1935 3308 2014 3375 μή

439 3413 559 3465 μου
586 3395 777 3450 ἅπτου
794 3412 809 3427 ⁸
839 3399 1094 3467 πορεύου
1123 3398 1191 3451 δὲ
1214 3398 1363 3467 πρὸς
1384 3399 1527 3466 τοὺς
1548 3400 1850 3468 ἀδελφούς
1872 3416 2011 3469 μου,

442 3486 543 3538 καὶ
572 3486 704 3539 εἰπὲ
726 3488 949 3553 αὐτοῖς,
983 3490 1078 3543 καὶ
1102 3490 1170 3542 τὰ
1197 3490 1340 3561 ἑξῆς.
1376 3491 1562 3545 Ταῦτα
1590 3492 1831 3555 ἀκούσας
1857 3494 1885 3545 6
1914 3491 2016 3543 Εὑ-

442 3578 628 3647 νόμιος
661 3578 763 3649 ἔφη
789 3593 800 3602 ·
847 3578 1041 3650 Αὔριον
1082 3582 1174 3634 ἐπὶ
1204 3581 1298 3635 τοῦ
1341 3581 1602 3651 βασιλέως
1633 3582 1727 3635 καὶ
1755 3582 1850 3651 τῆς
1886 3597 2023 3649 συγ-

441 3669 639 3736 κλήτου
682 3670 1075 3740 διαλεγόμεθα·
1134 3676 1229 3726 καὶ
1272 3674 1627 3745 ἀνεχώρησαν
1673 3675 1767 3727 ἀπ’
1819 3672 2006 3730 αὑτοῦ.

442 3760 556 3813 Καὶ
599 3757 667 3831 ἦν
698 3764 845 3815 πᾶσα.
876 3764 909 3833 ή
942 3763 1095 3826 πόλις
1137 3763 1427 3836 αἰδουμένη
1459 3767 1537 3828 εἰς
1577 3765 1837 3836 ἀκρόασιν
1875 3765 2009 3834 Ἀμ-

443 3848 685 3917 φιλοχὲου
720 3850 814 3902 καὶ
852 3851 1119 3919 Εὑνομίου
1147 3870 1159 3880 ·
1205 3854 1389 3921 ἔλεγον
1420 3855 1526 3925 γὰρ
1577 3854 2007 3925 ἀμφιϐάλλοντες

443 3940 581 4010 πρὶς
617 3940 897 4012 ἀλλήλους.
931 3945 1026 3998 καὶ
1054 3945 1300 4012 λέγοντες
1319 3964 1332 3977 ·
1376 3942 1523 4018 'Apa
1548 3950 1698 4012 ποῖος
1728 3949 1887 4016 Vixit;
1920 3943 2013 3999 οἷ)-

514 4053 728 4108 θΕτρΙί.
786 4072 976 4116 xxxnt,
1028 4058 1114 4113 l5.
1213 4061 1233 4091 ⁹
1290 4058 1431 4114 Psal.
1485 4075 1545 4123 ιι,
1600 4061 1652 4114 8.

444 4123 489 4155 ⁸³
520 4122 679 4179 Joan.
711 4141 803 4188 xx,
841 4127 1023 4181 lii-l7.

517 4236 595 4320 (at)
628 4237 741 4292 Duo
756 4248 803 4292 et
824 4240 1006 4320 diemet
1024 4251 1377 4320 unumfontra
1393 4258 1574 4297 unum.
1590 4242 1698 4320 Atio
1712 4243 1807 4320 διαὶ
1818 4242 1933 4308 δύο,
1951 4242 2010 4295 ἓν

441 4308 733 4381 κατέναντι
762 4309 855 4381 τοῦ
881 4312 1018 4374 ἑνός.
1052 4310 1147 4365 Est
1171 4312 1334 4381 quli.
1355 4328 1550 4379 xxxm,
1583 4313 1671 4376 15,
1689 4313 1888 4381 vixque
1915 4327 2010 4381 ap-

444 4386 617 4444 paret,
649 4380 773 4445 quid
801 4395 863 4433 eo
889 4382 1003 4435 loco
1039 4381 1197 4435 vellet
1228 4380 1523 4437 Eunomius
1561 4380 1829 4437 conﬁcere
1857 4400 1872 4436 :
1903 4380 2004 4437 nisi

440 4450 824 4521 Anontteorum
858 4450 970 4516 ipse
1014 4452 1328 4521 coryphaaus
1349 4467 1410 4506 ac
1434 4454 1578 4506 velut
1610 4463 1764 4521 paler
1782 4462 2008 4507 conten-

444 4516 631 4580 debat,
658 4532 762 4592 non
812 4528 1016 4592 tantum
1047 4516 1125 4592 in'
1146 4516 1366 4592 creatis,
1400 4524 1540 4591 quod
1565 4516 1834 4592 significat
1858 4522 2007 4576 Scri-

445 4595 625 4664 ptura,
658 4596 716 4639 ut
749 4588 881 4664 bene
924 4590 995 4643 ibi
1038 4588 1344 4652 .lanscnius,
1393 4588 1497 4664 sed
1532 4588 1859 4664 in'divinis,
1891 4606 2012 4664 esse

445 4658 683 4736 diversa.
719 4658 902 4723 paria,
955 4674 1183 4726 quorum
1233 4661 1604 4736 unum‘alteri
1666 4673 1811 4717 esset
1869 4660 2014 4715 velut

440 4730 811 4799 contrarium,
834 4743 930 4799 nec
969 4744 1064 4798 per
1102 4730 1282 4799 omnia
1318 4731 1531 4795 simile;
1560 4747 1732 4799 eoque
1757 4746 1862 4785 non
1887 4744 2012 4785 esse

440 4807 710 4876 personas
763 4796 984 4876 divinas
1018 4798 1338 4876 ὀμοουσίόυς
1363 4816 1379 4832 ο
1411 4796 1656 4876 ejusdem
1699 4800 2011 4876 pe_r__om_n_i_a

438 4865 778 4945 substantiae,
808 4865 1090 4945 etsumnie
1112 4883 1266 4922 unas.
1297 4865 1593 4945 Responsio
1619 4865 2009 4945 Aniphilochii,

437 4935 548 4987 etsi
592 4948 695 4987 non
720 4935 789 4987 ita
818 4935 1089 4997 litteralis,
1120 4953 1224 4991 non
1263 4935 1483 4992 omnino
1521 4951 1696 4993 tamen
1728 4935 1887 4996 debet
1934 4941 2011 4992 vi-

436 5003 559 5086 deri
598 5003 940 5086 insulliciens.
972 5006 1116 5086 §atis
1140 5008 1282 5086 enim
1318 5006 1419 5086 init
1462 5018 1521 5063 nt
1549 5024 1816 5077 perversa:
1845 5026 2007 5079 extio-

434 5074 645 5153 sitioni,
680 5089 779 5153 nec
830 5074 938 5153 ulla
978 5077 1120 5131 fulta:
1146 5079 1393 5153 veritatis
1435 5074 1822 5153 s_pecie,_suam
1876 5074 2013 5153 non-

434 5141 573 5216 nihil
616 5144 985 5211 verisimilem,
1040 5162 1135 5201 nec
1180 5146 1288 5202 ullo
1336 5141 1495 5203 modo
1546 5141 1695 5204 sanis
1746 5149 2011 5216 dogmatis

438 5215 739 5293 adversam,
770 5225 1086 5293 opponeret.
1138 5216 1404 5293 Caeterum
1444 5220 1689 5274 occurrit
1724 5215 1847 5293 post
1874 5221 2011 5293 haec

435 5284 655 5363 scripta,
694 5284 929 5363 nondum
960 5294 1132 5363 tamen
1171 5287 1334 5363 edita,
1376 5284 2011 5363 excerpttiut_:AnIplIilo-

434 5354 685 5432 cltianum
705 5370 768 5432 ex
802 5355 989 5408 codice
1012 5357 1175 5432 emin.
1193 5359 1352 5432 _t_:ard.
1376 5354 1758 5426 Rupil’ucaldii,
1787 5354 1929 5428 quod
1956 5368 2014 5411 et

436 5423 553 5476 aliis
578 5425 813 5497 ejusdem
839 5426 1117 5497 excerptis
1134 5423 1502 5497 adiunximus,
1530 5444 1639 5497 quo
1675 5431 1760 5482 vir
1787 5423 2010 5483 sanctus

438 5507 546 5545 retu
578 5496 764 5549 melius
793 5496 1056 5562 explicat,
1115 5496 1311 5550 docens
1350 5511 1454 5550 non
1504 5496 1626 5553 esse
1682 5499 1737 5552 in
1789 5499 2016 5563 divinis,

434 5577 589 5618 unum
622 5576 674 5621 et
698 5580 898 5626 unum,
924 5566 1033 5618 duo
1061 5573 1114 5618 et
1146 5565 1271 5628 duo,
1321 5567 1413 5621 sed
1447 5569 1711 5622 unitatem
1744 5572 1797 5623 in
1832 5568 2010 5622 Trini-

434 5641 553 5698 tate,
603 5648 654 5691 et
698 5635 1042 5692 Trinitatem
1102 5633 1155 5705 in
1214 5635 1416 5705 unitate
1450 5654 1466 5690 :
1498 5639 1699 5705 quibus
1755 5639 2008 5692 nimirum

430 5706 745 5783 signiﬁcetur
771 5705 1045 5760 distincta
1064 5703 1415 5759 subsistentia
1443 5703 1603 5783 trium
1634 5721 2005 5783 personarum,

430 5777 479 5829 in
503 5778 771 5837 individua
834 5788 1169 5844 summeque
1228 5790 1333 5830 una
1375 5779 1704 5845 substantia,
1733 5777 2006 5849 υιάμέρι-

1760 4059 1803 4089 ”
1860 4058 2002 4112 Psal.
2060 4072 2321 4124 cxxvaII,
2356 4061 2439 4115 15.

2126 1966 2251 2004 num
2279 1949 2539 2004 hominem
2575 1965 2685 2003 esse
2734 1948 2939 2010 solum;
2989 1945 3248 2015 faciamus
3292 1943 3340 1998 ei
3375 1943 3703 2013 adjutorium

2123 2042 2406 2095 secundum
2424 2044 2614 2112 ipsum.
2661 2039 2727 2094 Et
2762 2038 2981 2093 immisit
3008 2037 3149 2091 Deus
3166 2036 3408 2090 eestasim
3434 2038 3488 2088 in
3509 2035 3700 2099 Adam,

2123 2143 2169 2185 et
2200 2133 2464 2186 dormivit.
2505 2133 2573 2185 Et
2614 2133 2813 2199 accepit
2847 2146 3006 2185 unam
3038 2138 3301 2182 costarum
3328 2128 3465 2196 ejns,
3494 2134 3544 2180 et
3572 2125 3703 2179 tedi-

2123 2222 2303 2290 ﬁcatn't
2345 2224 2392 2275 ei
2451 2223 2507 2274 in
2558 2222 2847 2283 mulierem,
2895 2235 3051 2287 quam
3106 2218 3247 2271 dedit
3278 2216 3357 2270 illi
3395 2218 3459 2270 “.
3501 2217 3703 2270 Idcirco

2117 2315 2379 2383 propheta
2425 2313 2571 2368 velut
2623 2329 2693 2367 ex
2773 2326 3003 2381 persona
3050 2309 3182 2364 Adae
3227 2307 3361 2361 dixit
3402 2325 3418 2362 :
3461 2304 3583 2360 Non
3626 2314 3702 2361 est

2121 2401 2439 2455 occultatum
2482 2417 2539 2456 os
2572 2416 2743 2456 meum
2786 2416 2820 2454 a
2875 2408 2944 2465 te,
2991 2397 3129 2467 quod
3163 2397 3332 2466 fecisti
3371 2396 3428 2450 in
3469 2394 3698 2449 occulto.

2123 2488 2434 2560 Suscipiens
2457 2503 2587 2545 vero
2629 2489 2928 2544 Eunomius
2973 2487 3151 2541 dicit:
3199 2485 3452 2539 Dominus
3504 2486 3699 2538 creavit

2122 2600 2206 2638 me
2243 2582 2318 2655 (b)
2363 2582 2574 2637 initium
2630 2582 2837 2637 ciarum
2879 2596 3100 2635 suarum
3132 2580 3176 2612 ¹²
3218 2597 3232 2633 :
3291 2577 3559 2648 quomodo
3599 2576 3703 2630 hoc

2121 2675 2251 2729 dicit
2298 2672 2607 2743 Propheta?
2653 2671 2813 2728 Vides
2879 2681 2940 2726 ut
2990 2672 3159 2726 Filius
3190 2678 3448 2726 creatura,
3476 2668 3569 2732 sit,
3593 2682 3700 2720 non

2121 2767 2362 2837 ejusdem
2387 2766 2728 2822 substantiae.
2768 2764 3173 2835 Amphilochius
3205 2762 3339 2818 dixit
3367 2780 3381 2816 :
3411 2758 3549 2813 Num
3573 2773 3701 2813 vere

2120 2860 2278 2916 etiam
2310 2859 2414 2914 hoc
2443 2859 2573 2914 dicit
2617 2859 2683 2914 de
2733 2857 2990 2913 Christo?
3026 2856 3289 2910 minime:
3330 2852 3424 2908 sed
3478 2850 3702 2919 quando

2131 2952 2375 3007 occurrit
2419 2951 2759 3017 mulieribus,
2792 2951 2915 3005 dico
2947 2957 3125 3004 autem
3165 2947 3349 3001 Maria:
3376 2953 3432 3000 et
3455 2942 3698 3001 Marthae.

2120 3043 2305 3099 dicunt
2334 3041 2457 3108 illae,
2490 3057 2614 3098 cum
2647 3056 2771 3098 eum
2803 3057 2911 3098 non
2939 3040 3335 3111 cognovissent,
3370 3036 3611 3101 Domine,
3653 3036 3699 3089 si

2125 3136 2228 3190 scis
2260 3133 2349 3188 ubi
2397 3144 2681 3203 posuerunt
2716 3150 2859 3196 eum,
2889 3132 3050 3186 dicito
3100 3130 3271 3184 nobis.
3322 3129 3479 3183 Iesus
3522 3135 3699 3180 autem

2118 3226 2255 3281 dixit
2278 3241 2297 3280 :
2325 3222 2526 3289 Maria,
2557 3222 2666 3276 noli
2693 3239 2774 3277 me
2829 3234 3040 3292 tangere
3067 3236 3087 3274 :
3113 3222 3243 3276 vade
3281 3227 3455 3272 autem
3484 3217 3553 3270 ad
3585 3215 3699 3284 fra-

2120 3333 2223 3371 tres
2256 3332 2396 3370 meos
2428 3325 2479 3370 et
2517 3314 2604 3367 dic
2633 3314 2741 3368 illis
2768 3314 2834 3378 ¹³,
2863 3323 2968 3367 etc.
3001 3314 3137 3368 Cum
3174 3311 3471 3365 Eunomius
3495 3308 3583 3363 illa
3609 3323 3700 3360 au-

2119 3405 2311 3469 disset,
2330 3404 2465 3458 dixit
2494 3419 2503 3449 :
2544 3400 2954 3472 Disputabimus
2983 3402 3221 3456 crastina
3259 3399 3345 3454 die
3372 3412 3551 3452 coram
3587 3397 3696 3451 im-

2116 3504 2365 3564 peratore
2392 3504 2445 3550 et
2472 3504 2695 3559 senatu;
2753 3492 3110 3562 discessitque
3139 3491 3343 3557 abillo.
3367 3489 3503 3544 Tota
3535 3503 3697 3559 porro

2118 3588 2310 3642 civitas
2355 3587 2653 3641 reverentia
2693 3586 2925 3657 quadam
2976 3594 3032 3639 et
3072 3594 3217 3638 metu
3274 3582 3554 3637 tenebatur
3600 3576 3694 3649 (c),

2118 3679 2186 3732 ad
2210 3677 2576 3747 Amphilochii
2601 3675 2962 3745 Eunomiique
2986 3675 3221 3729 auditam
3254 3672 3692 3741 disputationem.

2115 3768 2376 3823 Dicebant
2408 3769 2550 3823 enim
2587 3767 2653 3822 ad
2693 3769 2920 3822 invicem
2961 3766 3272 3821 htesitantes
3302 3782 3317 3818 :
3353 3761 3486 3818 Uter
3532 3776 3696 3831 porro

2117 3859 2294 3914 victor
2339 3860 2551 3914 futurus
2576 3858 2701 3916 est?
2730 3857 2899 3913 Hicne
2935 3871 3002 3910 an
3042 3856 3163 3910 ille?
3197 3858 3264 3910 At
3286 3851 3696 3921 Amphilochius

2126 3959 2296 4006 totam
2352 3962 2567 4006 noctem
2626 3952 2952 4020 precabatur
2998 3949 3180 4003 dicens
3229 3961 3245 4000 :
3301 3944 3523 4000 Domine
3566 3939 3694 3995 Jesn

2543 4059 2583 4091 “
2618 4060 2755 4115 Gen.
2790 4075 2846 4123 II,
2880 4057 3056 4112 lii-2%.
3172 4057 3215 4088 "
3253 4055 3412 4110 Prov.
3442 4070 3560 4120 vm,
3601 4052 3691 4108 l2.

2119 4255 2243 4302 στος
2274 4239 2333 4290 ὲν
2369 4238 2792 4309 μεμερισμένοις
2825 4234 3021 4309 θεότης
3039 4251 3054 4265 ο
3086 4242 3144 4286 ιιι
3170 4232 3465 4301 Gregorius
3516 4229 3694 4298 loqui-

2125 4319 2233 4372 tur,
2260 4317 2315 4361 et
2351 4305 2628 4360 citaviinns
2661 4308 2711 4360 in
2743 4305 3128 4374 superioribus.

2184 4370 2259 4449 (ὁ)
2287 4377 2543 4449 Dominus
2557 4377 2747 4431 creavit
2775 4370 2874 4449 me.
2900 4375 2975 4428 lta
3000 4373 3156 4449 juxta
3175 4371 3339 4449 ιΧξ,
3375 4370 3473 4449 nisi
3495 4370 3559 4449 _in
3586 4370 3694 4425 illis

2112 4440 2203 4503 est
2230 4440 2505 4512 mendum,
2550 4460 2744 4514 nempe
2789 4440 3022 4505 Exstosv,
3048 4443 3169 4497 ἀντὶ
3215 4441 3331 4502 τοῦ,
3385 4440 3690 4514 ἐκτήσατοο

2121 4517 2388 4577 Possedit,
2427 4509 2700 4584 quomodo
2744 4514 2919 4568 reddit
2954 4514 3310 4584 Hieronymus
3338 4523 3401 4564 ex
3443 4509 3690 4584 Hebrajo.

2127 4586 2298 4641 Porro
2326 4595 2411 4641 est
2440 4580 2718 4653 responsio
2747 4586 3027 4638 obscurior
3058 4580 3165 4636 :‘in’
3194 4583 3294 4653 hoc
3330 4590 3509 4653 tamen
3544 4580 3696 4653 vide-

2123 4666 2208 4709 tur
2234 4650 2550 4720 consistere,
2575 4665 2634 4708 ιιι
2661 4654 2941 4714 Dominus,
2971 4653 3077 4705 alio
3109 4652 3268 4704 modo
3297 4651 3399 4705 sibi
3429 4659 3485 4703 et
3508 4650 3687 4715 nobis,

2117 4727 2283 4780 Deum
2338 4735 2394 4780 et
2440 4723 2655 4778 Patrem
2705 4737 2827 4778 esse
2880 4722 3294 4790 signiﬁcaverit,
3353 4734 3524 4790 eoque
3582 4734 3690 4774 non

2118 4796 2509 4849 accensendum
2547 4794 2763 4849 creatis.
2796 4793 2889 4846 Vel
2923 4788 3110 4854 etiam,
3136 4802 3192 4845 et
3220 4790 3358 4845 forte
3392 4788 3605 4850 melius,
3632 4802 3694 4843 ut

2122 4865 2225 4919 illis
2255 4863 2455 4927 verbis,
2499 4863 2625 4916 Noli
2676 4880 2759 4916 me
2807 4872 3063 4931 tangere:
3093 4863 3158 4914 ad
3198 4859 3402 4929 aliquid
3434 4860 3598 4931 altius
3624 4863 3691 4931 de

2115 4935 2229 5002 ipso
2262 4934 2575 5001 sapientium
2628 4947 2785 5002 quam
2827 4929 2936 4998 prie
2961 4947 3019 4986 se
3061 4931 3249 4992 ferret,
3285 4944 3517 4997 vereqne
3547 4929 3689 5002 divi-

2116 4998 2266 5069 Iinm,
2301 4998 2556 5056 humilius
2577 4998 2925 5070 cogitantem,
2952 5016 3256 5070 quanquam
3278 5007 3549 5070 amantem
3579 4998 3691 5070 lla-

2114 5077 2274 5136 riaIn,
2308 5074 2570 5136 evexerit,
2620 5068 2728 5143 q'uo
2758 5068 3054 5125 Eunomius
3087 5068 3476 5143 blasphemiam
3520 5068 3690 5121 casti-

2112 5151 2319 5212 get,et
2373 5142 2539 5212 Deum
2589 5137 2871 5212 agnoscat,
2918 5137 3224 5212 quanquam
3262 5137 3688 5212 specietantum

2114 5206 2411 5267 hominem.
2435 5206 3339 5280 Lapsninemoriac,’appa'ritionem
3363 5207 3474 5280 soli
3507 5206 3688 5280 hiat-ia:

2113 5283 2341 5344 factam,
2386 5277 2726 5335 continunein
2780 5277 3032 5342 Martha),
3074 5277 3482 5348 Amphilochius
3515 5277 3683 5331 facit:

2112 5352 2354 5421 duasque
2387 5352 2554 5406 etiam
2587 5352 2640 5404 in
2675 5364 2836 5421 unam
2868 5349 3168 5407 confundit.

2182 5415 2589 5492 (cheperentia
2626 5419 2855 5492 qundam
2898 5430 2946 5472 et
2980 5428 3134 5492 metu
3164 5420 3452 5492 tenebatur.
3491 5415 3685 5492 Αἰδοῦ-

2117 5487 2254 5561 μένή
2290 5507 2305 5521 ο
2366 5487 2648 5561 interpres
2684 5490 2904 5561 Lipom.
2969 5487 3337 5561 Mirabantur._
3392 5488 3686 5554 Sequentia

2112 5557 2303 5615 anxios
2333 5560 2639 5629 signiﬁcant
2662 5560 2729 5614 de
2754 5572 2941 5627 pugna:
2972 5560 3139 5629 exitu,
3169 5569 3225 5629 et
3253 5557 3532 5629 cuiusnam
3563 5569 3683 5622 par-

2114 5632 2245 5756 tiam
2280 5624 2425 5687 cssét
2460 5629 2636 5687 futura
2668 5624 2936 5693 victoria;
2972 5639 3028 5682 ut
3060 5627 3173 5685 fere
3207 5628 3260 5683 in
3295 5624 3563 5684 similibus
3593 5640 3690 5681 ac-

2114 5717 2160 5756 cI
2203 5711 2282 5756 ll.‘

2113 5711 2259 5756 οιαιι.
2278 5718 2282 5729 ¹
