4092 6444
402 343 477 399 9.3
1359 340 1416 394 S.
1458 339 1906 396 AMPHILOCHII
1949 337 2346 396 lCONlENSlS
2389 337 2702 394 EPlSCOPl

3592 337 3668 396 9/;

400 461 642 528 Christe,
676 469 870 531 prtcsta
907 477 1026 530 quae
1065 461 1198 516 mihi
1235 473 1295 516 es
1319 461 1612 531 pollicitus,
1667 471 1726 516 ut
1776 460 1980 528 gloriﬁ-

2089 477 2174 524 τος
2203 460 2236 530 ἢ
2273 462 2517 525 ὲκεῖνος;
2553 461 2631 512 Δι’
2663 458 2790 530 ὅλης
2819 458 2876 511 δὲ
2915 461 3013 528 τῆς
3045 457 3238 518 νυκτὸς
3273 457 3614 529 προσηύχετο
3633 461 3665 514 6

399 564 555 609 cetur
579 555 978 608 sanctissimum
1030 567 1224 608 nomen
1255 561 1403 606 tuum
1437 551 1615 608 Patris
1644 561 1700 606 et
1755 552 1876 606 Filii
1929 561 1985 606 et

403 643 639 714 Spiritus
663 645 836 700 sancti
873 644 972 710 (a).
1025 643 1152 700 Haec
1185 653 1370 700 autem
1413 659 1480 701 eo
1513 653 1769 714 precante
1799 655 1855 698 et
1901 644 1984 700 di-

401 744 580 800 cente,
617 749 722 788 nox
749 733 1069 804 pereflluxit.

474 995 543 1050 γ.
575 995 732 1049 Mane
760 1005 938 1049 autem
969 995 1132 1059 facto,
1163 993 1505 1062 apprehenso
1541 1007 1700 1050 manu
1730 993 1980 1060 diacono,

405 1087 536 1143 dicit
565 1086 612 1142 ei
645 1105 659 1140 :
689 1085 961 1139 Theodule
990 1083 1177 1150 frater,
1211 1083 1365 1138 nobis
1391 1084 1550 1138 hodie
1599 1099 1747 1138 mors
1792 1095 1848 1138 et
1870 1085 1981 1138 vita

407 1176 683 1249 proposita
705 1187 810 1232 cst.
842 1178 1094 1246 Dixitque
1133 1176 1393 1230 diaconus
1419 1193 1434 1228 :
1486 1175 1690 1244 Ecquid
1717 1191 1847 1231 vero
1879 1176 1980 1230 sibi

406 1273 520 1327 vult
553 1287 733 1327 sermo
765 1272 889 1337 iste,
925 1270 1118 1340 pater?
1149 1269 1556 1338 Amphilochius
1601 1268 1739 1324 dixit
1783 1287 1800 1327 :
1834 1268 1982 1336 Quo-

409 1367 552 1419 niam
588 1379 703 1417 mos
757 1372 859 1428 est,
883 1373 942 1415 ut
988 1363 1141 1416 nohis
1157 1364 1222 1414 ad
1242 1363 1615 1430 imperatorem
1645 1361 1986 1429 ingredienti-

409 1454 623 1524 hus(bl,
650 1453 864 1508 dicatur
897 1472 912 1508 :
943 1453 1094 1508 Recti
1119 1471 1316 1508 omnes.
1357 1453 1436 1508 Tu
1469 1453 1652 1522 igitur,
1673 1453 1747 1508 illi
1776 1453 1870 1521 mi,
1903 1452 1987 1507 iu-

407 1546 776 1614 gredientibus
805 1546 975 1604 nobis.
1020 1546 1072 1599 in
1116 1547 1335 1599 introitu
1387 1546 1570 1614 palatii
1623 1544 1796 1599 clama
1853 1560 1984 1601 voce

408 1652 602 1708 magna
633 1654 648 1692 :
677 1625 842 1691 'Rerti
871 1654 1068 1702 omnes,
1101 1639 1205 1690 sive
1225 1639 1352 1702 vita,
1377 1638 1482 1690 sive
1507 1653 1663 1690 more.
1690 1636 1986 1707 Respondit

408 1729 665 1784 diaconus
703 1745 720 1784 :
773 1730 936 1784 Plane
963 1744 1112 1794 vero,
1143 1729 1188 1783 si
1219 1729 1289 1782 ita
1325 1728 1534 1794 dixero,
1559 1742 1646 1781 me
1691 1729 1985 1796 imperator

2100 551 2470 623 Ἀμφιλόχιος,
2501 551 2677 619 λέγων
2697 567 2712 584 ο
2744 549 2917 621 Κύριε
2958 547 3134 618 Ἰησοῦ
3164 549 3395 619 Χριστὲ,
3425 548 3462 602 ἃ
3491 549 3664 619 ἐπηγ-

2084 647 2250 716 γείλω
2291 664 2416 717 μοι,
2455 647 2704 716 ποίησον,
2746 645 2834 698 ἵνα
2876 641 3106 714 δοξασθῇ
3150 659 3242 695 σου
3293 641 3352 694 τὸ
3399 643 3661 711 πανάγιον

2083 739 2278 810 ὄνομα,
2302 737 2396 790 τοῦ
2427 737 2642 808 Πατρδς
2670 734 2881 790 καὶτοῦ
2910 733 3040 787 Υἱοῦ
3069 734 3164 787 καί⁹
3189 733 3283 786 τοῦ
3311 733 3467 801 ἁγίου
3495 734 3662 786 Ilva-J—

2089 849 2279 902 ματος.
2309 831 2422 884 Kal
2453 830 2626 884 ταῦτα
2659 827 2824 882 αὐτοῦ
2871 827 3309 898 προσευχομένου
3353 827 3445 880 καὶ
3479 826 3661 894 λέγον-

2089 940 2196 987 τος,
2231 921 2512 993 παρῆλθεν
2545 925 2579 992 ἡ
2609 921 2724 988 νύξ.

2152 1013 2230 1074 E'.
2261 1015 2480 1085 Πρωτας
2502 1014 2559 1068 δὲ
2597 1015 2916 1085 γενομένης,
2941 1013 3331 1084 ἐπιλαϐόμενος
3360 1013 3461 1084 τῆς
3477 1013 3656 1086 χειρὸς

2082 1105 2176 1158 τοῦ
2209 1106 2456 1160 διακόνου
2490 1106 2638 1174 λέγει
2681 1106 2860 1178 αὐτῷ·
2909 1105 3129 1175 Ἀδελφὲ
3175 1105 3462 1170 Θεόδουλε,
3491 1107 3660 1176 σήμε-

2088 1213 2178 1267 ρον
2217 1197 2445 1261 θάνατος
2486 1199 2578 1250 καὶ
2619 1199 2732 1269 ζωὴ
2764 1201 2898 1270 ἡμῖν
2932 1199 3237 1270 πρόκειται.
3267 1198 3378 1252 Kal
3409 1199 3439 1250 6
3473 1198 3659 1252 διάκο-

2083 1308 2174 1354 νος
2204 1289 2308 1360 ἔφη
2333 1307 2346 1320 ·
2382 1291 2493 1344 Kal
2521 1293 2606 1353 τίς
2629 1291 2776 1343 ἐστιν
2807 1293 2836 1343 6
2863 1290 3019 1358 λόγος
3051 1285 3204 1352 οὗτος
3226 1329 3241 1352 ,
3270 1289 3478 1360 ridet-:9;
3525 1290 3658 1358 Ἀμ-

2087 1380 2325 1451 φιλόχιος
2380 1376 2532 1433 εἶπεν
2553 1392 2570 1406 ⁶
2639 1379 2856 1450 Ἐπειδὴ
2908 1379 3054 1450 [οὐκ]
3107 1379 3251 1432 ἔστιν
3299 1377 3418 1441 ἔθος
3477 1379 3536 1430 ὲν
3581 1379 3658 1448 τῷ

2085 1473 2310 1526 εἰσιέναι
2356 1473 2501 1542 ἡμᾶς
2543 1473 2624 1535 εἰς
2661 1472 2754 1525 τὸν
2801 1471 3023 1542 βασιλέα
3073 1473 3250 1525 εἰπεῖν
3299 1471 3380 1534 τὸ,
3463 1471 3654 1538 ’ορθοί

2084 1563 2326 1631 πάντες,
2361 1565 2435 1616 Σὺ
2469 1559 2582 1626 οὖν,
2615 1563 2805 1617 τέκνον
2855 1581 2956 1634 μου
2979 1603 2994 1625 ,
3045 1564 3102 1616 ὲν
3135 1562 3214 1633 τῷ
3247 1562 3476 1614 εἰσιέναι
3510 1564 3659 1633 ἡμᾶς

2085 1659 2143 1710 ὲν
2168 1660 2237 1728 τῇ
2281 1657 2471 1727 εἰσόδῳ
2503 1656 2598 1711 τοῦ
2623 1657 2908 1720 παλατίου,
2933 1657 3135 1727 κράξον
3158 1655 3370 1728 μεγάλῃ
3391 1657 3457 1726 τῇ
3483 1656 3655 1725 φωνῇ’

2099 1747 2279 1816 Ὀρθοὶ
2304 1746 2547 1813 πάντες,
2581 1749 2700 1801 εἴτε
2729 1745 2840 1813 ζωὴ
2867 1747 2986 1800 εἴτε
3009 1746 3286 1812 θάνατος.
3335 1747 3392 1799 Ὀ
3415 1745 3659 1804 διάκονος

407 1822 640 1876 occidet.
691 1822 776 1874 Ait
826 1820 1278 1888 Amphilochius:
1318 1819 1416 1886 Ne,
1455 1819 1550 1884 fili,
1607 1819 1985 1908 imperatorem

2089 1837 2194 1908 ἔφη
2215 1855 2230 1870 ο
2258 1840 2371 1892 Kal
2409 1839 2650 1904 πάντως,
2688 1837 2784 1891 ἐὰν
2809 1837 2949 1892 εἴπω
2980 1837 3174 1902 οὕτως,
3205 1839 3498 1890 ἀποκτενεῖ
3527 1853 3592 1908 με
3629 1838 3660 1890 6

407 1914 568 1967 istum
604 1913 866 1978 timueris,
900 1913 990 1983 qui
1013 1922 1192 1982 potest
1216 1928 1431 1982 corpus,
1457 1929 1563 1967 non
1593 1913 1718 1967 item
1748 1901 1981 1965 animam

406 2007 678 2070 occidere,
709 2007 888 2076 potius
942 2017 1120 2060 autem
1169 2006 1318 2060 illum
1359 2006 1508 2073 time,
1543 2007 1633 2074 qui
1683 2019 1880 2073 corpus
1930 2012 1987 2058 et

406 2101 643 2152 animam
679 2099 732 2153 in
773 2099 1016 2170 gehenna
1050 2099 1251 2154 occidit
1277 2097 1342 2152 “.
1384 2097 1530 2152 Dixit
1557 2098 1811 2150 diaconus
1842 2114 1854 2149 :
1883 2094 1981 2159 Ita,

407 2201 580 2260 pater,
612 2191 802 2244 faciam
856 2198 914 2244 ut
950 2191 1152 2254 dixisti,
1189 2190 1305 2244 sive
1342 2191 1472 2255 vita,
1513 2190 1628 2244 sive
1665 2203 1809 2242 mors
1862 2203 1986 2256 pro-

407 2283 582 2352 posita
611 2291 716 2338 est.
744 2281 886 2335 Inter
920 2296 1015 2336 eos
1045 2295 1322 2336 sermones
1350 2295 1471 2334 cum
1510 2294 1678 2347 prope
1719 2283 1984 2332 accessis—

407 2385 531 2430 sent
555 2376 622 2429 ad
659 2373 841 2442 palatii
900 2373 1120 2438 atrium,
1153 2371 1526 2426 nuntiantibus
1550 2369 1862 2425 cursoribus
1891 2370 1986 2423 ad-

411 2473 630 2517 ventum
660 2462 1044 2532 Amphilochii,
1079 2462 1264 2531 jussus
1286 2470 1370 2515 est
1391 2459 1596 2530 ingredi
1629 2477 1643 2514 :
1691 2461 1870 2529 aitque
1897 2475 1985 2513 ar-

408 2555 726 2608 chidiacono
773 2567 912 2607 suo:
944 2552 1150 2607 Stolam
1187 2567 1382 2616 meam,
1434 2560 1524 2605 tua
1571 2561 1840 2605 commuta
1889 2551 1984 2621 (ε).

411 2645 530 2711 Quo
559 2645 702 2700 facto
733 2647 864 2700 dicit
889 2663 906 2696 :
928 2644 1111 2700 Redde
1133 2646 1274 2714 quod
1305 2645 1430 2698 dum
1463 2653 1647 2699 nostra
1678 2644 1813 2698 urbe
1833 2659 1986 2714 egre-

409 2740 681 2804 deremur,
729 2737 831 2794 fuit
863 2737 1165 2806 depositum
1202 2755 1216 2792 :
1258 2736 1538 2807 solutoque
1563 2736 1858 2806 strophiolo
1883 2737 1984 2806 (ά),

410 2831 634 2885 tradidit
679 2845 830 2900 aeque
863 2831 1113 2886 ardentes
1143 2845 1344 2899 prunas
1375 2844 1440 2883 ac
1473 2839 1758 2896 acceperat
1807 2829 1982 2883 initio.

411 2919 530 2985 Quo
557 2921 695 2987 viso,
737 2921 1000 2976 diaconus
1027 2921 1202 2976 factus
1225 2930 1309 2976 est
1340 2919 1590 2974 fidentior
1619 2937 1634 2975 :
1661 2919 1988 2987 adolensque

412 3015 710 3086 thymiama
747 3014 842 3086 (e),
872 3029 1004 3068 voce
1035 3029 1226 3084 magna
1253 3013 1507 3066 clamavit
1535 3033 1554 3068 :
1597 3013 1742 3068 [lecti
1786 3030 1981 3068 omnes.

413 3107 675 3162 Universa
706 3122 867 3175 porro
907 3108 1051 3178 regia
1081 3116 1224 3160 mota
1278 3115 1380 3171 est,
1417 3120 1715 3174 omnesque
1761 3115 1985 3174 stupue-

2087 1929 2362 2000 βασιλεύς.
2392 1932 2504 1984 Kal
2524 1934 2553 1985 6
2591 1930 2940 2000 Ἀμφιλόχιος
2959 1929 3084 1999 ἔφη·
3116 1930 3208 2000 Μὴ
3231 1929 3422 1998 φοϐοῦ,
3446 1930 3656 1996 τέκνον,

2084 2019 2178 2071 τὸν
2208 2017 2430 2088 βασιλέα
2454 2018 2642 2072 τοῦτον
2689 2019 2780 2072 τὸν
2808 2017 3106 2088 δυνάμενον
3137 2019 3296 2089 σῶμα
3324 2019 3658 2082 ἀποκτεῖναι,

2086 2109 2182 2164 καὶ
2203 2109 2303 2180 τὴν
2327 2109 2504 2180 ψυχὴν
2529 2109 2604 2180 μὴ
2628 2110 2944 2162 ἀποκτεῖναι
2963 2127 2977 2142 ·
3010 2108 3147 2163 ἀλλὰ
3172 2109 3371 2179 μᾶλλον
3394 2109 3662 2180 φοϐήθητι

2084 2203 2289 2256 ἐκεῖνον
2332 2203 2424 2256 τὸν
2482 2203 2870 2256 ἀποκτείνοντα
2908 2201 3004 2273 τὴν
3045 2201 3221 2273 ψυχὴν
3262 2203 3355 2256 καὶ
3401 2202 3462 2255 τὸ
3504 2202 3662 2272 σῶμα.

2085 2295 2144 2346 ὲν
2173 2293 2386 2366 γεέννῃ.
2435 2294 2492 2348 '0
2530 2294 2774 2360 διάκονος
2830 2293 2969 2366 ἔφη·
3023 2295 3168 2355 Nal.
3219 2295 3432 2366 πάτερ·
3479 2293 3662 2358 καθὼς

2085 2383 2312 2452 ἔφησας,
2337 2383 2479 2439 οὕτω
2507 2387 2734 2454 ποιήσω.
2758 2385 2868 2438 εἴτε
2897 2383 3030 2456 ζωὴ,
3060 2386 3169 2438 εἴτε
3194 2385 3442 2448 θάνατος.
3468 2384 3658 2438 Ταῦτα

2085 2474 2337 2544 λέγοντες
2360 2517 2374 2541 ,
2432 2477 2668 2546 ⁸ιίιγγισαν
2715 2479 2782 2547 τῇ
2831 2477 3023 2548 εἰσόδῳ
3076 2475 3172 2530 τοῦ
3218 2477 3502 2532 παλατίου.
3551 2476 3664 2529 Kal

2089 2566 2362 2638 μηνύσασι
2401 2567 2764 2636 ταχυδρόμοις
2795 2567 2892 2638 τὴν
2935 2568 3239 2638 παρουσίαν
3292 2567 3660 2638 Ἀμφιλοχίου,

2086 2659 2380 2730 ἐκελεύσθη
2417 2659 2512 2711 τοῦ
2561 2659 2821 2712 εἰσιέναιο
2863 2659 2956 2712 καὶ
2997 2659 3142 2728 λέγει
3179 2659 3258 2730 τῷ
3300 2659 3665 2731 ἀρχιδιακόνῳ

2085 2750 2288 2806 αὐτοῦ’
2326 2749 2590 2817 ’Δλλαξὸν
2645 2767 2746 2820 μου
2791 2748 2889 2819 τὴν
2924 2751 3114 2822 στολὴν
3157 2751 3258 2822 τῆς
3289 2751 3503 2804 ἑαυτοῦ.
3553 2753 3666 2804 Kal

2086 2841 2277 2896 τούτου
2305 2841 2598 2913 γενομένου
2633 2841 2782 2909 λέγει
2817 2841 2966 2914 αὐτῷ
2988 2861 3000 2874 ο
3055 2843 3277 2906 Ἀπόδος
3309 2861 3398 2912 μοι
3427 2842 3524 2913 τὴν
3559 2858 3668 2894 πα-

2089 2930 2483 3002 ρακαταθήκην
2511 2931 2578 3001 ἢν
2619 2932 2937 3003 παρεθέμην
2965 2949 3047 2985 σοι
3081 2933 3139 2985 ὲν
3165 2931 3244 3002 τῷ
3285 2931 3486 2998 ἐξιέναι
3514 2932 3664 3002 ἡμᾶς

2087 3023 2153 3076 ὲκ
2178 3022 2273 3076 τοῦ
2301 3023 2571 3095 ἡμετέρου
2615 3025 2804 3081 τόπου.
2839 3025 2949 3078 Καὶ
2987 3025 3154 3088 λύσας
3195 3024 3360 3079 αὐτοῦ
3400 3024 3459 3077 τὸ
3491 3024 3665 3094 ἐγχει-

2092 3129 2224 3182 ριον,
2254 3112 2423 3167 ἔδωκε
2449 3113 2547 3185 τὴν
2575 3115 2875 3186 ἀνθρακιὰν
2908 3114 3086 3180 ζῶσαν
3115 3114 3304 3186 ὥσπερ
3330 3111 3400 3186 ἦν
3435 3115 3498 3168 τὸ
3528 3114 3664 3186 πρό-

415 3209 540 3255 runt
580 3197 670 3271 (Ι).
704 3199 840 3254 Cum
883 3175 1061 3252 autem
1105 3197 1510 3267 Amphilochius
1563 3198 1987 3268 appropinquas-

2089 3175 2268 3273 σερον.
2295 3205 2409 3259 Kal
2457 3175 2614 3259 τοῦτο
2651 3175 2806 3260 siem
2850 3208 2879 3260 6
2915 3175 3180 3273 διάκονος,
3224 3175 3662 3280 ὲθαρσωποιήθη.

493 3336 540 3371 ¹⁸
569 3335 700 3392 Luc.
735 3352 838 3401 xu,
864 3337 917 3390 4.

484 3497 561 3566 (ιι)
589 3497 988 3554 Sanetissimum
1008 3516 1192 3555 nomen
1214 3511 1382 3569 tuum,
1404 3501 1604 3566 Patris,
1625 3510 1672 3555 et
1697 3499 1850 3564 Filii,
1879 3510 1988 3556 etc.

419 3565 596 3641 Unum
649 3583 843 3641 nomen
885 3579 970 3624 est
995 3565 1528 3641 superadorandum,
1563 3565 1705 3641 quod
1737 3571 1990 3627 Christus

415 3639 834 3709 substantiyeet
862 3639 1106 3695 absolute
1135 3643 1334 3697 dicitur
1364 3652 1420 3697 et
1468 3639 1654 3707 est,’id
1683 3641 1856 3709 ipsum
1887 3641 1992 3696 Pa-
2057 3663 2065 3670 ·

415 3707 537 3767 tris.
579 3715 634 3761 et
677 3707 909 3775 Spiritus
953 3713 1124 3764 sancti
1173 3727 1391 3778 nomen,
1433 3723 1490 3766 ut
1523 3722 1606 3767 est
1647 3707 1752 3764 una
1810 3712 1982 3766 tribus

415 3787 690 3850 naturaet
715 3792 837 3850 esse
856 3783 1044 3850 Lquod
1080 3781 1428 3836 subtilissime
1471 3781 1885 3850 Amphilochius
1917 3781 1984 3836 iis

415 3847 598 3900 verbis
622 3847 818 3902 innuit.
853 3847 1042 3904 Utrum
1067 3865 1196 3905 vero
1217 3867 1380 3904 unum
1417 3847 1610 3906 nomen
1635 3849 1837 3904 Christi
1873 3853 1982 3906 dis-

415 3915 586 3970 tincte
636 3919 966 3983 invocatum,
994 3919 1262 3974 sulﬁciens
1297 3924 1366 3974 sit
1387 3921 1669 3975 Trinitatis
1692 3921 1980 3985 invocatio,

419 3997 511 4060 aut
525 3985 716 4060 saltem
737 3988 1196 4060 fueritaliquaudo
1210 4005 1274 4045 ex
1299 3991 1530 4060 quadam
1549 3989 1900 4058 indulgentia,
1917 3992 1983 4045 ad

415 4055 656 4128 valorem
683 4057 927 4126 baptismi
951 4075 966 4124 ;
997 4055 1360 4115 controversia
1378 4070 1480 4124 est,
1499 4061 1551 4114 in
1566 4077 1671 4128 qua
1687 4055 1746 4113 D.
1763 4063 1989 4115 Ambro-

419 4126 552 4189 sius,
572 4136 625 4200 et
639 4141 761 4200 cuni
783 4139 999 4200 secutus
1017 4128 1287 4200 Nicolaus,
1310 4130 1455 4184 velut
1479 4147 1541 4184 ex
1557 4126 1680 4200 ejus
1717 4131 1982 4184 sententia

418 4197 722 4267 approbans
752 4199 1074 4267 baptismum
1100 4214 1130 4252 a
1164 4198 1349 4254 .ludreo
1388 4197 1638 4253 collatum
1676 4201 1729 4252 in
1767 4201 1982 4253 nomine

420 4275 626 4336 tantum
656 4266 882 4332 Christi,
923 4285 952 4322 a
998 4277 1151 4336 parte
1194 4269 1498 4324 afﬁrmante
1537 4271 1786 4324 videntur
1812 4279 1978 4323 stare.

421 4335 526 4390 Sed
560 4336 819 4404 quidquid
847 4339 917 4392 sit
959 4339 1028 4392 de
1053 4339 1339 4394 Ambrosio
1389 4341 1483 4406 qui
1534 4341 1693 4394 aliter
1723 4339 1862 4394 forte
1885 4354 1984 4406 po-

421 4405 586 4459 tuerit
616 4409 833 4474 exponi,
869 4408 1012 4477 quod
1047 4416 1254 4477 spectat
1287 4409 1354 4462 ad
1391 4405 1689 4472 Nicolaum,
1729 4405 1984 4464 constans

419 4483 504 4549 est
527 4489 762 4549 errasse,
807 4479 900 4548 qui
942 4493 1037 4532 sua
1082 4480 1242 4532 etiam
1285 4489 1466 4545 aetate,
1509 4479 1725 4549 quando
1771 4487 1984 4533 constat

2098 3500 2216 3556 Sive
2248 3518 2408 3565 more,
2448 3503 2554 3556 sive
2589 3503 2714 3556 vita.
2747 3499 2904 3555 Velut
2951 3507 3112 3569 caput
3160 3502 3227 3554 ad
3283 3499 3447 3568 pedes
3495 3496 3664 3568 ipsius

2097 3578 2410 3637 deponeret,
2446 3571 2743 3640 lubens-que
2767 3571 2890 3624 vitae
2921 3570 3094 3623 aleam
3123 3569 3347 3640 subiret.

2169 3643 2239 3711 (ι’)
2259 3640 2461 3694 Stolam
2494 3637 2679 3705 meum,
2709 3652 2800 3694 tua
2829 3651 3110 3711 committe.
3141 3639 3302 3711 Forte
3335 3647 3394 3692 ut
3423 3637 3667 3692 ornatior

2096 3709 2380 3780 appareret
2407 3726 2588 3767 coram
2621 3713 2966 3780 imperatore.
2993 3709 3106 3762 Non
3137 3709 3521 3780 enimqspernit
3544 3723 3669 3776 gra-

2089 3778 2383 3836 tia'isthzec
2449 3793 2506 3836 et
2560 3778 2791 3836 humana
2835 3781 3031 3840 media,
3071 3790 3130 3832 ut
3163 3780 3214 3832 iu
3255 3778 3374 3846 ejus
3411 3780 3666 3846 operibus

2085 3851 2287 3918 aliquid
2342 3853 2504 3906 etiam
2551 3852 2622 3906 sit
2673 3862 2870 3904 nostrae
2920 3848 3218 3910 industriae,
3272 3850 3416 3916 quod
3457 3848 3663 3918 passim

2085 3917 2431 3992 prosequitur
2476 3920 2919 3992 Chrysostomus,
2972 3930 3026 3992 et
3070 3921 3326 3992 observat
3361 3919 3412 3992 i_n
3456 3917 3662 3992 _Christi

2087 3987 2140 4045 in
2173 3987 2445 4056 apostolos
2492 3987 2912 4060 dispensatione.
2965 3989 3056 4044 Sic
3105 3988 3324 4060 Esther,
3356 3987 3662 4060 Juditbque

2087 4061 2442 4115 adhibuerunt
2477 4056 2732 4115 n‘umdum
2761 4059 3074 4114 muliebrem
3102 4077 3116 4112 :
3146 4059 3225 4112 sic
3248 4059 3393 4112 cavit
3421 4056 3664 4125 Raphael

2086 4146 2157 4184 ne
2194 4131 2320 4199 quid
2357 4132 2628 4199 sordidius
2677 4133 2728 4184 iu
2777 4129 2959 4184 Tobiae
3008 4126 3202 4199 amicta
3241 4129 3430 4199 domo,
3461 4141 3658 4199 novam

2085 4197 2336 4266 Sponsam
2370 4198 2665 4255 offenderet
2699 4218 2713 4254 :
2742 4201 2996 4268 cavitque
3036 4197 3234 4252 Paulus
3272 4214 3339 4252 ne
3367 4197 3524 4252 vilior
3557 4197 3658 4250 tri-

2087 4270 2232 4323 buno
2259 4271 2430 4340 factus
2457 4270 2849 4340 ilagellatioue,
2873 4270 2988 4323 neci
3015 4270 3344 4340 _traderetur_.
3377 4277 3482 4340 etc.

2157 4340 2234 4409 (tl)
2262 4335 2555 4409 Solutoque
2598 4339 2904 4409 strophiolo.
2952 4337 3136 4400 Λύσας
3170 4337 3338 4390 αὐτοῦ
3386 4336 3447 4389 τὸ
3488 4335 3671 4405 ἐγχεί-

2095 4408 2231 4481 ριον.
2281 4408 2470 4464 Liuteo
2496 4425 2602 4481 quo
2637 4408 2940 4481 carbonem
2977 4423 3288 4481 accensunL
3316 4409 3667 4481 deposuerat,

2085 4474 2162 4534 sic
2192 4481 2334 4533 dicto
2378 4474 2526 4544 quod
2567 4479 2829 4533 habeatur
2877 4478 2942 4530 ad
2996 4493 3207 4531 manus.
3255 4474 3313 4530 S.
3359 4475 3668 4530 Germanus

419 4545 874 4619 dispensationem
915 4563 1180 4613 cessasse,
1210 4549 1255 4603 si
1297 4565 1404 4618 qua
1436 4545 1670 4619 unquam
1703 4548 1822 4616 fuit,
1850 4550 1994 4618 ejus-
2024 4551 2069 4606 D
2096 4552 2492 4616 manutergium
2522 4551 2765 4618 exponit,
2795 4549 2937 4616 quod
2973 4548 3146 4614 primo
3183 4547 3348 4619 datur
3376 4546 3666 4619 subdiaco-

421 4615 567 4669 modi
599 4616 922 4683 baptismum
959 4629 1135 4673 ratum
1164 4615 1436 4675 habuerit.

494 4685 571 4759 (bl
588 4684 860 4759 Quoniam
888 4705 1002 4742 mos
1061 4699 1156 4752 est,
1199 4699 1254 4742 ut
1304 4691 1522 4744 nobis...
1561 4688 1990 4759 ingredientibus.

423 4753 771 4823 Significatur
793 4756 961 4810 fuisse
987 4759 1040 4812 id
1071 4759 1237 4813 moris
1263 4761 1315 4812 in
1343 4761 1490 4824 aula,
1518 4769 1576 4812 ut
1596 4753 1785 4812 omnes
1817 4773 1995 4813 assur-

422 4835 610 4895 gerent
638 4824 1065 4896 ingredientibus
1093 4830 1360 4896 episcopis
1394 4832 1464 4884 ob
1507 4830 1868 4884 reverentiam
1898 4844 1992 4881 or-

422 4896 563 4948 dinis
591 4911 604 4946 :
633 4909 740 4962 quo
785 4895 915 4950 facit
955 4895 1440 4952 incendium’illud
1493 4900 1750 4954 divinitus
1783 4899 1994 4952 excita-

422 4975 539 5038 tum
583 4968 724 5038 apud
771 4967 1093 5038 Sulpicium,
1135 4983 1240 5036 quo
1286 4968 1716 5038 Valentinianus,
1759 4983 1993 5023 renuens

425 5035 477 5086 id
526 5033 748 5090 honoris
789 5033 1001 5092 deferre
1051 5033 1306 5101 Martino,
1355 5036 1488 5092 cella
1537 5039 1848 5092 deturbatus
1886 5050 1989 5092 est.

421 5102 579 5175 Facit
608 5105 794 5170 etiam,
827 5122 948 5174 quae
983 5108 1036 5162 in
1072 5107 1398 5175 Euchologio
1433 5109 1662 5161 habetur
1697 5108 1873 5162 oratio
1898 5123 1992 5161 su-

423 5187 522 5246 per
540 5173 962 5246 imperatorem,
1008 5173 1674 5246 patriarchaingrediente
1712 5177 1989 5245 palatinum,

423 5243 513 5295 cui
539 5243 585 5296 is
607 5247 830 5316 proinde
857 5257 916 5299 ut
943 5243 1344 5316 benedicendus
1377 5243 1653 5316 humiliter
1673 5243 1990 5316 assurgens,

424 5314 786 5368 reverentiam
809 5317 1051 5370 haberet.
1077 5315 1246 5370 Porro
1281 5315 1428 5381 illud,
1463 5315 1606 5369 Recti
1646 5314 1990 5380 omnem—seu,

425 5383 591 5456 S_teut_
610 5396 800 5456 omnes
823 5398 878 5439 et
903 5393 1222 5456 assurgant;
1257 5400 1362 5439 non
1398 5387 1637 5454 episcopi
1667 5397 1783 5456 erat
1813 5389 1992 5454 ingre-

424 5451 646 5515 dientis,
680 5455 774 5507 sed
807 5451 1151 5525 suscipien‘tis
1186 5451 1547 5522 imperatoris.
1583 5451 1994 5522 Amphilochius

424 5536 555 5595 vero
583 5536 740 5595 suum
785 5525 934 5588 fecit,
963 5528 1028 5578 ad
1069 5525 1238 5594 ipsius
1279 5527 1548 5595 totiusque
1587 5525 1724 5578 aulae
1764 5527 1992 5589 animos,

423 5589 692 5664 in_mag_ni
743 5595 969 5664 alicujus
1015 5589 1478 5664 exspectationem
1521 5609 1588 5651 ex
1634 5596 1711 5649 rei
1757 5597 1995 5650 novitate

423 5659 740 5739 erigendos,
783 5659 1282 5739 conciliandainque
1325 5666 1567 5739 dicendis
1594 5668 1991 5739 auctoritatem,

424 5742 529 5810 pro
557 5731 754 5810 quibus
789 5743 944 5810 tanta
971 5734 1334 5810 fiducianwm
1381 5735 1994 5810 sanctitatis__episcopus

427 5804 816 5870 imperatorem
861 5805 1034 5862 adiret
1069 5821 1080 5858 :
1113 5804 1334 5874 adjectis
1369 5808 1602 5862 maxime
1640 5805 1744 5862 illis
1778 5804 1989 5862 verbis:

2096 4635 2187 4682 no,
2220 4629 2274 4672 et
2306 4615 2500 4688 pendet
2555 4615 2724 4673 sacris
2763 4615 3047 4682 ministris,
3087 4631 3117 4669 a
3152 4615 3382 4670 sinistro
3416 4615 3664 4670 femore:

2095 4691 2160 4744 de
2191 4687 2380 4756 quoin
2411 4687 2810 4756 Euchologicis.

2165 4752 2236 4828 (ἐ)
2270 4761 2595 4828 Adoleusque
2654 4752 2960 4828 thymiama.
3005 4754 3343 4828 Kalﬁalt‘ov
3391 4752 3668 4828 θυμίαμα.

2095 4825 2268 4882 Simili
2329 4825 2535 4898 phrasi',
2572 4825 2745 4898 atque
2784 4826 2961 4897 βαλὼν
3015 4825 3304 4898 μετάνοιαν
3329 4825 3522 4898 '__quod
3553 4825 3673 4898 pa-

2096 4893 2368 4962 masceno,
2391 4896 2584 4953 Joanni
2611 4893 3098 4966 llierosolytuitano
3125 4897 3176 4948 iu
3208 4898 3324 4964 ejus
3343 4893 3488 4957 Vita,
3517 4893 3669 4966 aliis-

2095 4983 2198 5034 que
2228 4969 2387 5022 tuedii
2414 4971 2512 5020 aevi
2541 4962 2894 5036 scriptoribus
2921 4962 3309 5036 creberrimum
3337 4973 3421 5018 est
3449 4981 3464 5018 :
3493 4962 3662 5036 velut,

2097 5036 2326 5091 Sulliens
2353 5049 2410 5091 et
2443 5034 2721 5091 incensum
2755 5037 3003 5100 oil‘ereus,
3035 5035 3223 5089 eadem
3257 5034 3397 5088 forte
3421 5034 3672 5087 acrimo-

2096 5108 2208 5174 nia,
2237 5124 2340 5175 qua
2376 5123 2476 5161 nos
2500 5109 2688 5171 etiam,
2718 5108 2962 5176 personis
2997 5107 3048 5158 in
3099 5106 3276 5158 alliuri
3314 5103 3670 5176 gradu__posi-

2095 5172 2200 5238 tis,
2223 5172 2456 5231 maxime
2481 5178 2676 5240 sacris,
2707 5172 2802 5230 seu
2841 5177 3112 5244 inquibus
3147 5172 3668 5242 [)emn’peculiarius

2095 5261 2473 5315 agnoscamus,
2508 5256 2565 5301 et
2608 5247 2662 5300 iu
2695 5248 2904 5316 signum
2941 5246 3121 5316 dev0ti
3155 5244 3378 5316 alfectus
3424 5258 3546 5296 cum
3581 5256 3668 5294 re-

2096 5313 2358 5382 verentia,
2389 5316 2514 5372 thus
2543 5325 2598 5370 et
2627 5313 2917 5386 thymiama
2945 5315 3236 5386 offerimus.
3261 5313 3469 5386 Modus
3490 5321 3666 5386 tamen

2100 5386 2192 5440 ille
2219 5380 2582 5459 Amphilochii
2611 5380 2902 5454 singularis
2931 5385 3051 5448 fuit,
3092 5385 3208 5459 ipso
3239 5400 3268 5436 a
3316 5382 3506 5459 prunis
3539 5380 3670 5459 illae-

2094 5470 2156 5509 so
2190 5474 2204 5510 :
2234 5451 2376 5526 quod
2429 5457 2588 5526 plane
2639 5451 2726 5517 vel
2772 5471 2937 5509 unum
2992 5451 3245 5510 omnibus
3311 5451 3669 5520 percellendis

2098 5541 2189 5580 era
2199 5538 2234 5579 Ι..

2168 5597 2234 5663 (Γ)
2266 5594 2558 5662 Omnesque
2578 5602 2908 5663 stupuerunt.
2940 5593 3289 5662 Ἐξέστησαν.
3320 5587 3672 5663 DietaAmaxi-

2099 5657 2311 5732 nie'jam
2343 5657 2570 5719 ratione.
2604 5657 2695 5718 Sic
2724 5664 2891 5718 Marc.
2917 5679 2970 5728 v,
2994 5665 3066 5716 42
3099 5657 3426 5732 Ἐ’ξέστησαν
3473 5657 3674 5714 ὲκστάι·

2100 5753 2183 5792 σει
2213 5736 2444 5807 μεγάλῃ.
2479 5736 2802 5804 Stupuertmt
2837 5745 3048 5802 stupore
3073 5748 3279 5803 magno.
