4092 6378
568 369 638 424 27
1842 371 2182 428 VETERUM
2219 373 2640 432 TESTIMONIA
3763 379 3834 434 28

567 523 2402 562 tW—m‘
1881 533 1926 542 -
1933 534 3640 562 -———-—-—-—--——-—-——-——————————-.
2869 550 3646 565 __—_________
3653 538 3780 566 .--___-
3781 554 3805 569 ,

1593 695 2088 774 VETERUM
2143 696 2791 775 TESTIMONIA

1466 918 1554 972 DE
1593 922 1652 976 S.
1694 918 2164 978 AMPHILOCHIO
2201 919 2544 978 ICONIENSI
2581 919 2928 977 EPISCOPO.

2168 1208 2216 1268 Ι.

847 1300 904 1356 S.
937 1301 1204 1370 Bssmus,
1233 1305 1326 1361 lib.
1355 1303 1433 1362 De
1457 1303 1660 1376 Spiritu
1686 1316 1896 1373 sancto,
1922 1325 2039 1380 cap.
2065 1310 2117 1378 1,
2152 1327 2274 1381 pag.
2309 1312 2358 1367 -l.
2385 1323 2512 1366 tam.
2544 1313 2614 1366 Ill
2639 1314 2832 1368 noviss.
2860 1313 2986 1367 edit.
3018 1311 3132 1367 BB.
3165 1311 3344 1368 Paris.
3382 1311 3538 1367 I730.

638 1413 953 1472 Collaudavi
985 1409 1144 1485 plane
1189 1417 1242 1470 in
1275 1417 1514 1470 moribus
1569 1418 1675 1471 tuis
1727 1417 1968 1474 discendi
2021 1429 2140 1474 stu-
2169 1428 2216 1484 Α

2213 1475 2216 1484 ,
2327 1422 2599 1493 Ἐπῄνεσα
2636 1424 2698 1476 τὸ
2752 1421 3052 1493 φιλομαθές
3104 1441 3198 1477 σου
3254 1425 3349 1478 καί
3397 1423 3682 1494 φιλόπονον
3729 1425 3829 1479 τοῦ

565 1507 713 1562 dium
753 1515 914 1576 atque
944 1506 1300 1572 industriam‘;
1344 1523 1615 1576 supraque
1653 1509 1872 1564 modum
1908 1510 2144 1566 delecta-

2243 1513 2470 1584 τρόπου,
2507 1515 2600 1568 καὶ
2628 1515 2802 1586 ἣσθην
2835 1532 2900 1584 γε
2935 1516 3228 1587 ὑπερφυῶς
3257 1515 3336 1586 τῷ
3367 1515 3700 1586 ὲπιστατικῷ
3733 1517 3832 1570 καὶ

567 1609 654 1652 tus
673 1613 793 1654 sum
817 1607 918 1654 tua:
948 1599 1147 1654 mentis
1179 1599 1596 1668 perspicacitate
1628 1609 1794 1671 atque
1815 1601 2099 1672 prudentia
2123 1641 2141 1668 ,

2246 1605 2492 1676 νηφαλίῳ
2519 1605 2621 1676 τῆς
2647 1606 2917 1671 διανοίας,
2946 1606 3014 1660 δι’
3056 1602 3124 1677 ἦς
3153 1607 3410 1677 οὐδεμίαν
3427 1605 3831 1678 ,ἀδιερεύνητον

564 1689 656 1758 qui
686 1687 969 1743 arbitreris
997 1687 1196 1742 nullam
1229 1703 1444 1756 vocem,
1483 1704 1546 1744 ex
1586 1691 1670 1746 his
1699 1706 1820 1761 quae
1848 1693 2140 1747 secundum

2245 1698 2350 1751 οἴει
2400 1698 2597 1770 χρῆναι
2650 1698 3084 1770 καταλιμπάνειν
3134 1699 3351 1770 φωνὴν,
3391 1698 3500 1752 τῶν
3536 1699 3658 1752 ὅσαι
3697 1699 3832 1770 περὶ

566 1791 942 1847 quemcunque
981 1778 1251 1833 sermonis
1283 1795 1439 1833 usum
1479 1781 1546 1834 de
1601 1781 1714 1836 Deo
1759 1782 2142 1850 praedicantur,

2247 1791 2384 1844 Θεοῦ
2421 1792 2562 1846 κατὰ
2592 1792 2773 1844 πᾶσαν
2803 1789 2996 1862 χρείαν
3027 1789 3122 1843 τοῦ
3165 1789 3324 1858 λόγου
3359 1789 3752 1861 προφέρονται,
3785 1787 3833 1843 ὦ

563 1875 818 1935 oportere
857 1867 1213 1924 indiscussam
1267 1870 1607 1940 relinquere,
1658 1887 1692 1926 ο
1741 1873 1963 1928 charum
2010 1875 2144 1930 mihi

2249 1877 2376 1949 φίλη
2407 1877 2640 1950 κεφαλὴ,
2667 1879 2760 1932 καὶ
2783 1878 3084 1950 τιμιωτάτη
3113 1895 3204 1949 μοι
3235 1877 3448 1944 πασῶν,
3471 1878 3665 1950 άδελφὲ
3699 1879 3835 1950 Ἀμ-

566 1966 757 2026 caput,
797 1957 965 2014 frater
1013 1959 1395 2031 Amphilochi,
1429 1977 1589 2032 quem
1631 1978 1730 2035 ego
1783 1979 1894 2034 pra:
1933 1967 2143 2023 cunctis
2250 1969 2480 2040 φιλόχιε.

566 2050 788 2104 maximi
818 2050 980 2106 facio.

1321 2171 1474 2238 lusu,
1501 2171 1676 2240 Epist.
1699 2189 1996 2242 cuxxvm,
2023 2190 2142 2244 qua:
2169 2183 2245 2228 est
2272 2171 2544 2227 Cauouica
2575 2169 2616 2236 1,
2642 2170 2792 2234 ibid.,
2820 2187 2939 2241 pag.
2972 2170 3099 2227 268.

638 2261 918 2332 Sapientis
951 2267 1286 2333 percontatio
1311 2309 1326 2332 ,
1365 2268 1526 2322 etiam
1572 2269 1794 2324 stultum
1841 2271 2140 2338 sapientem

2329 2266 2506 2334 Σοφοῦ
2535 2263 2782 2336 ἑπερώτη
2792 2282 2887 2336 μα,
2920 2267 3016 2319 καὶ¹
3041 2266 3133 2318 τὸν
3165 2266 3390 2336 ἀνόητον
3418 2265 3628 2336 σοφίζει
3645 2279 3662 2296 °
3689 2266 3836 2336 ὅπερ

564 2353 696 2410 facit
725 2376 739 2411 :
769 2359 910 2426 quod
945 2357 1100 2412 nobis
1146 2359 1241 2414 Dei
1271 2358 1444 2429 gratia
1482 2361 1677 2414 accidit
1703 2400 1720 2425 ,
1746 2361 1958 2428 quoties
1997 2360 2144 2414 labo-

2246 2357 2313 2426 τῇ
2350 2353 2444 2408 τοῦ
2490 2353 2626 2408 Θεοῦ
2661 2353 2845 2425 χάριτι
2881 2353 3166 2425 συμῆαίνει
3205 2357 3370 2426 ἡμῖν,
3400 2355 3592 2420 ὁσάκις
3629 2353 3695 2408 ἄν
3731 2369 3835 2408 σου

565 2447 726 2501 riosaa
767 2456 872 2502 tua:
923 2449 1116 2504 animae
1163 2449 1370 2504 litteras
1419 2450 1734 2518 accipimus.
1772 2450 1939 2506 Nobis
1993 2453 2138 2506 enim

2245 2447 2529 2518 δεξώμεθα
2567 2445 2670 2516 τῆς
2697 2445 2987 2515 φιλοπόνου
3015 2446 3194 2517 ψυχῆς
3221 2446 3291 2500 τὰ
3321 2447 3628 2518 γράμματα
3653 2463 3666 2475 ·
3702 2447 3838 2497 ἐπι-

565 2535 700 2603 ipsis
728 2537 1148 2606 perspicaciores
1198 2540 1682 2610 prudentioresque
1724 2542 1792 2596 ab
1822 2543 1935 2612 ipsa
1970 2543 2143 2597 inter-

2250 2538 2638 2610 στατικώτεροι
2668 2539 2776 2610 γὰρ
2820 2537 3030 2592 ἑαυτῶν
3077 2540 3170 2592 καὶ
3227 2539 3651 2609 ὲμφρονέστεροι
3681 2537 3839 2606 γινό-

565 2627 1195 2698 τοςειιὶοηθτεάάίιηυτς
1242 2645 1308 2685 ac
1354 2631 1519 2685 multa
1565 2631 1826 2687 discimus
1849 2674 1865 2697 ,
1895 2649 2017 2703 qua:
2047 2651 2144 2687 nc-

2253 2631 2393 2702 μεθα
2433 2630 2529 2683 ἀπ’
2559 2629 2730 2700 αὐτῆς
2759 2629 2860 2698 τῆς
2905 2630 3246 2700 ἐρωτήσεως,
3281 2629 3453 2682 πολλὰ
3479 2623 3554 2682 ὧν
3581 2629 3679 2681 οὐκ
3711 2629 3841 2682 ὲπι-

565 2718 904 2788 sciebamus;
931 2719 1098 2791 ﬁtque
1127 2721 1282 2778 nobis
1317 2722 1586 2789 doctrina,
1626 2724 1994 2794 responsionis
2029 2735 2146 2780 stu-

2259 2720 2509 2792 στάμεθα
2531 2762 2545 2786 ,
2575 2719 2955 2790 διδασκόμενοι
2975 2738 2988 2752 ·
3029 2721 3124 2774 καὶ
3149 2720 3359 2788 γίνεται
3386 2723 3419 2791 ἠ
3429 2719 3545 2791 μῶν
3581 2719 3844 2773 διδάσκα-

569 2809 741 2864 dium.
2255 2815 2366 2878 λος,
2394 2815 2430 2884 ἡ
2457 2813 2586 2884 περὶ
2613 2812 2676 2865 τὸ
2703 2812 3093 2884 ἀποκρίνεσθαι
3122 2811 3380 2883 μέριμνα.

1361 2923 1515 2989 lusu,
1545 2922 1716 2994 Epist.
1740 2940 1922 2992 cxcux,
1949 2942 2066 2997 qua:
2091 2935 2167 2982 est
2194 2925 2462 2980 Callouica
2491 2924 2557 2987 ll,
2583 2924 2734 2988 ibid.,
2763 2940 2886 2992 pag.
2918 2923 3044 2980 290.

639 3015 902 3072 Admirati
947 3033 1157 3082 sumus,
1209 3029 1319 3074 tum
1355 3021 1597 3076 discendi
1663 3031 1808 3075 tuam
1860 3021 2006 3075 illam
2065 3039 2157 3076 cu-
2189 3031 2230 3085 Β

2349 3019 2774 3090 Ἐθαυμάσαμέν
2806 3038 2900 3073 σου
2926 3019 3025 3091 τὴν
3059 3019 3414 3090 φιλομάθειαν
3445 3017 3579 3090 ὁμοῦ
3605 3016 3700 3071 καὶ
3735 3017 3847 3087 τὴν

565 3106 881 3178 piditatem,
915 3118 1027 3164 tum
1085 3112 1474 3180 humilitatem;
1529 3115 1671 3180 quod
1714 3113 1848 3168 velis
1894 3115 2144 3180 discere,

2255 3110 2762 3183 ταπεινοφροσύνην
2785 3127 2798 3141 ·
2830 3111 2912 3164 ὅτι
2945 3111 3037 3165 καὶ
3071 3109 3260 3181 μαθεῖν
3299 3108 3572 3179 καταδέχῃ
3615 3107 3714 3178 τὴν
3739 3107 3847 3159 τοῦ

569 3199 657 3254 cui
690 3199 763 3255 sit
791 3201 1199 3259 creditusiocus
1247 3205 1505 3270 docendi;
1547 3205 1707 3275 idque
1735 3220 1766 3260 a
1807 3204 1994 3270 nobis,
2023 3207 2146 3276 qui-

2249 3202 2523 3256 διδάσκειν
2559 3201 2711 3268 τάξιν
2739 3201 3204 3270 πεπιστευμένος,
3236 3201 3331 3254 καὶ
3375 3199 3669 3271 μανθάνειν
3703 3199 3851 3271 παρ’

571 3288 672 3346 bus
701 3289 836 3345 nihil
867 3292 1042 3363 magni
1075 3293 1142 3347 ad
1167 3293 1447 3349 scientiam
1471 3296 1646 3350 adest.

2248 3293 2428 3366 ἡμῶν,
2459 3288 2543 3357 οἷς
2575 3294 2728 3349 οὐδὲν
2764 3295 2907 3366 μέγα
2938 3294 3196 3364 πρόσεστι
3228 3292 3364 3364 πρὸς
3393 3290 3621 3360 γνῶσιν.

2163 3408 2246 3472 II.

571 3501 632 3556 S.
670 3499 978 3559 Caesonius
1001 3501 1390 3571 Nannenus,
1423 3505 1478 3560 in
1504 3505 1839 3564 Parrenetico
1873 3509 1938 3562 ad
1967 3507 2335 3581 Olympiadem
2371 3509 2656 3581 virginem,
2677 3526 2816 3566 vers.
2846 3509 3107 3574 160-104,
3143 3507 3280 3576 Opp.
3310 3517 3436 3561 tam.
3467 3506 3530 3568 ll,
3555 3520 3678 3573 pag.
3710 3499 3850 3556 £54.

572 3596 622 3674 ᾼ.
653 3606 806 3674 patre
837 3605 1140 3674 susceptam
1161 3613 1290 3674 qum
1315 3607 1368 3652 te
1397 3597 1650 3674 formavit
1681 3600 1924 3674 honestis
1966 3667 1978 3674 _

2368 3601 2416 3653 σ’
2445 3603 2510 3654 ὲκ
2543 3601 2750 3674 πατρὸς
2789 3601 3006 3674 ξδεκτο,
3045 3599 3140 3652 καὶ
3167 3597 3588 3674 ἕπλασενῌῆθεσι
3610 3593 3848 3657 κεδνοῖς,

573 3661 833 3742 ﬂoribus,
857 3661 1211 3742 Amphilochi
1243 3683 1414 3742 soror
1443 3669 1588 3742 onmi
1627 3667 2046 3742 labe_carentis,

1883 3667 2012 3742 entis
2029 3708 2046 3731 ,
2258 3661 2707 3742 ᾼύτοκασιγνήτη
2730 3661 2869 3742 ⁷μέγ’
2896 3671 3178 3742 ἀμύμονος
3207 3661 3499 3742 ἀμρχιερῆὁς

573 3689 833 3730 ιτιυτιυιιδ,
871 3689 1210 3734 ﬂlllpllllOClll
1256 3689 1414 3721 SOI'UI'
1443 3689 1588 3720 Ollllll
1627 3689 1744 3721 IiIUC
1775 3689 2046 3731 carentis,

573 3734 745 3812 Quem
773 3734 923 3790 caelis
951 3735 1068 3812 misi
1103 3735 1332 3812 Domino
1357 3752 1480 3812 cum
1503 3738 1715 3812 yirgine
1737 3737 1933 3791 Thecla
1957 3777 1974 3800 ,

2258 3689 2727 3794 ιθέτοκασιγνητὲὶ
2749 3689 2868 3742 μεγ-
2896 3689 3178 3750 αμυμονος
3207 3689 3500 3739 αρχιερηος
3579 3735 3593 3752 ς
3787 3733 3824 3772 ἦ

2339 3741 2622 3812 μφιλόχου,
2729 3760 2758 3812 ν
2788 3741 3010 3812 ἔπεμψα
3034 3741 3203 3812 76519:
3215 3738 3401 3812 _8éxi.n
3439 3753 3504 3812 γε
3543 3751 3641 3788 συν
3677 3731 3854 3804 ἁγνη,

577 3801 883 3859 νι-ωοοηειιι
917 3807 1026 3859 veri
1062 3805 1354 3872 celebrem,
1385 3806 1516 3860 mihi
1543 3801 1698 3861 dulce
1726 3813 2016 3877 decusque.

1892 3823 2016 3877 que.
2260 3801 2539 3879 ἈῨῨελοίῘ
2564 3801 2826 3884 ἀτρεκίης
2854 3801 3107 3883 ἐριὴχέα,
3136 3801 3299 3872 κῦδος
3336 3801 3508 3877 ἐμεῖο.

2165 3905 2274 3966 ΙΙΙ.

671 3998 732 4055 S.
762 3997 1132 4066 Hisnonruus,
1161 4001 1330 4072 Epist.
1358 4019 1484 4069 ωτι,
1514 4003 1588 4058 al.
1611 4019 1836 4068 Lxxxlv,
1861 4005 1932 4058 ad
1962 4003 2220 4075 Magnum
2247 4020 2532 4075 oratorem,
2565 4009 2595 4082 §
2621 4011 2676 4078 4,
2699 4007 2834 4080 Opp.
2869 4019 2998 4064 tam.
3025 4009 3068 4074 1,
3091 4023 3213 4078 pag.
3241 4005 3369 4068 427,
3397 4005 3528 4058 edit.
3554 3998 3746 4054 Veron.

645 4114 877 4170 Exstant
904 4117 1025 4172 libri
1057 4135 1071 4171 :
1109 4117 1592 4188 Cappadocumque
1640 4119 1864 4185 Basilii,
1889 4119 2134 4190 Gregorii
2165 4129 2220 4178 et
2257 4123 2642 4192 Amphilochii,
2665 4125 2757 4195 qui
2801 4139 2992 4178 omnes
3033 4124 3086 4178 in
3129 4131 3178 4175 ta
3197 4131 3336 4175 etum
3386 4117 3843 4187 philoSOphorum

575 4207 835 4295 δθεῑΐίηίε
877 4217 1043 4280 atque
1073 4211 1357 4266 sententiis
1419 4227 1544 4268 suos
1573 4211 1868 4268 refarciunt
1900 4214 2102 4281 libros,
2132 4224 2191 4270 ut
2228 4219 2440 4272 nescias
2485 4219 2614 4288 quid
2649 4219 2701 4272 in
2737 4217 2842 4274 illis
2891 4219 3122 4288 primum
3159 4214 3417 4271 admirari
3461 4212 3682 4274 debeas,
3711 4223 3850 4264 (ιι-ηις

575 4305 833 4362 ditionem
857 4307 1062 4374 saeculi,
1093 4322 1160 4363 an
1200 4307 1484 4364 scientiam
1516 4307 1942 4378 Scripturarum.

1605 4422 1756 4489 IDEM,
1789 4423 1881 4476 lib.
1911 4421 1986 4475 De
2015 4421 2132 4477 Vir.
2173 4423 2392 4489 illustr.,
2428 4439 2544 4490 cap.
2575 4437 2803 4477 cnsui.

647 4512 1056 4584 Amphilochius
1125 4513 1289 4570 lconii
1347 4517 1669 4584 episcopus,
1721 4531 1890 4585 nuper
1949 4517 2079 4571 mihi
2132 4517 2326 4572 librum
2385 4514 2514 4586 legit
2553 4515 2630 4569 De
2675 4513 2875 4584 Spiritu
2945 4526 3148 4579 sancto,
3209 4514 3352 4585 quod
3406 4513 3545 4567 Deus
3591 4519 3646 4566 et
3696 4506 3852 4578 quoi

576 4609 917 4676 adorandus,
936 4611 1186 4681 quodque
1217 4621 1272 4664 et
1303 4613 1644 4681 omnipotens
1671 4613 1761 4668 sit.

2169 4727 2272 4788 IV.

1591 4829 1990 4896 Tunononrrus,
2025 4828 2159 4884 llist.
2191 4829 2352 4891 eccl.,
2381 4829 2470 4882 lib.
2498 4843 2570 4890 Iv,
2597 4844 2713 4888 cap.
2749 4825 2836 4881 11.

648 4918 824 4976 Simili
851 4919 1011 4974 modo
1039 4919 1451 4988 Amphilochius
1476 4920 1567 4976 ille
1594 4921 1980 4976 celeberrimus
2001 4959 2019 4986 ,
2058 4919 2148 4988 qui
2178 4926 2222 4982 ς.

2337 4917 2614 4981 Ὡσαύτως
2651 4917 2708 4970 δὲ
2743 4917 2838 4970 καὶ
2871 4917 2899 4968 ὁ
2939 4912 3294 4982 πανεύφημος
3333 4912 3704 4984 ’Λμφιλόχιος,
3747 4910 3866 4984 τὴν

577 5010 923 5080 metropolim
959 5010 1242 5081 Lycaonia:
1273 5011 1530 5081 pastorali
1562 5026 1693 5066 cura
1720 5011 2008 5082 regendam
2032 5025 2159 5064 sus-

2268 5009 2564 5064 Λυκαόνων
2617 5007 2952 5079 μητρόπολιν
2999 5005 3183 5076 νέμειν
3237 5005 3699 5074 πεπιστευμένος.
3754 5007 3871 5061 καὶ

576 5112 833 5172 ceperat,
857 5111 914 5157 et
937 5102 1243 5157 universam
1271 5103 1601 5170 provinciam
1629 5103 1967 5171 gubernabat
1995 5140 2011 5166 ,
2035 5116 2157 5155 cum

2268 5100 2416 5154 ἆπαν
2445 5097 2639 5150 ἰθύνων
2667 5097 2730 5148 τὸ
2776 5095 2950 5160 ἔθνος,
2989 5094 3372 5165 ἐπισκήψασαν
3398 5094 3593 5146 αὐτόσε
3625 5092 3722 5162 τὴν
3757 5091 3869 5146 λύ-

577 5193 721 5249 hnnc
752 5201 962 5260 pestem
999 5192 1125 5246 illuc
1146 5193 1448 5260 pervasisse
1482 5192 1777 5258 didicisset,
1815 5208 2004 5247 rursus
2038 5206 2158 5247 eam

2272 5208 2382 5262 μην
2423 5190 2628 5260 ταύτην
2673 5188 2858 5259 μαθὼν
2877 5231 2892 5253 ,
2923 5185 3249 5256 ἐξανέστησε
3299 5185 3460 5240 πάλιν
3482 5227 3495 5242 .
3525 5185 3620 5238 καὶ
3657 5184 3724 5238 τὰ
3756 5184 3871 5240 ὑπ’

576 5285 818 5355 depulit,
859 5294 916 5343 et
943 5299 1157 5357 gregem
1190 5285 1292 5342 sibi
1319 5285 1668 5342 commissura
1700 5300 1766 5340 ea
1805 5284 1925 5341 labe
1965 5284 2162 5338 libera-

2267 5281 2432 5336 αύτοῦ
2471 5281 2746 5354 νεμόμενα
2771 5280 2871 5351 τῆς
2905 5279 3086 5350 λώϐης
3111 5278 3326 5350 ἐκείνης
3357 5275 3698 5348 ἠλευθέρωσε
3728 5277 3874 5330 ποί-

579 5379 678 5433 vit.
2263 5391 2413 5446 μνια.

1955 5485 2114 5554 IDEM,
2137 5484 2292 5550 ibid.,
2322 5501 2438 5548 cap.
2466 5483 2552 5538 50.

657 5579 719 5635 In
753 5579 952 5636 Pisidia
974 5579 1244 5650 Optimus,
1275 5588 1331 5636 et
1354 5576 1759 5648 Amphilochius
1785 5577 1838 5632 in
1863 5577 2158 5648 Lycaonia,

2351 5575 2440 5627 ’Ev
2498 5571 2715 5643 Πισιδίᾳ
2767 5573 3058 5640 Ὄπτιμος,
3103 5568 3200 5623 καὶ
3254 5565 3599 5638 Ἀμφιλόχιος
3642 5565 3700 5618 ὲν
3746 5565 3877 5620 Λυ-

582 5687 686 5746 pro
719 5673 824 5728 lide
857 5688 886 5726 a
923 5671 1218 5742 majoribus
1251 5673 1444 5725 tradita
1476 5671 1692 5725 fortiter
1731 5678 2156 5741 propugnantes,

2275 5665 2470 5736 καονίᾳ
2491 5707 2504 5729 ,
2538 5663 2800 5731 γενναίως
2833 5663 2973 5733 ὑπὲρ
3005 5661 3104 5730 τῆς
3136 5657 3467 5731 προγονικῆς
3508 5659 3875 5729 παραταττό-

591 5745 1026 5820 adversariorum
1055 5763 1287 5834 impetus
1316 5759 1692 5818 rctuudcbaut.

2272 5771 2424 5827 μενοι
2452 5755 2708 5819 πίστεως,
2737 5752 2834 5818 τὰς
2864 5750 3112 5812 ἐναντίας
3137 5745 3504 5818 ἀπεκρούοντο
3527 5745 3873 5815 προσϐολάς.
