4092 6434
268 406 315 468 93
1700 421 1787 474 ΙὶΕ
1824 421 1885 479 S.
1928 418 2419 475 AMPIIILOCHIO.
3580 412 3659 484 56

1660 533 1808 599 lusu,
1836 534 1990 600 ibid.,
2011 532 2104 586 lib.
2137 548 2191 598 v,
2226 551 2344 588 can.
2378 534 2432 591 8.

321 637 494 697 Ἦσαν
525 645 597 700 δὲ
630 647 884 720 ἄνδρες
919 652 1320 722 ἁξιάγασντοι,
1353 653 1443 707 καὶ
1468 651 1632 723 ζήλου
1661 652 1756 705 καὶ
1785 652 1937 721 σοφία

2034 668 2053 711 ι
2156 648 2328 704 Erant
2355 659 2535 705 autem
2571 650 2671 704 viri
2706 648 3054 705 admirabiles
3081 690 3098 713 .
3129 658 3184 705 ct
3223 650 3341 705 zelo
3378 649 3560 706 divino
3592 669 3650 709 ac

276 729 543 790 ἀνάπλεοι·
595 740 1057 813 ’Δμφιλὸχιος
1096 743 1418 809 Λυκαόνων,
1452 759 1508 797 κ.
1547 759 1599 796 τ.
1644 741 1694 794 λ.

2081 739 2346 809 sapientia
2373 740 2631 810 singulari
2660 740 2866 810 praediti
2893 757 2909 796 :
2932 740 3341 810 Amphilochius
3363 739 3505 811 Lyca
3519 744 3651 798 oniar

2078 832 2305 885 antistes
2337 843 2443 886 etc.

1706 916 1860 978 lusu,
1885 916 2038 983 ibid.,
2068 935 2184 990 cap.
2210 921 2297 977 I6.

354 1011 507 1065 Meti
525 1011 590 1064 δὲ
618 1012 741 1083 τὴν
776 1013 1050 1068 ἐκεῖθεν
1075 1014 1365 1078 ἐπάνοδον,
1394 1012 1620 1082 ἀφίκετο
1651 1011 1751 1083 μὲν
1787 1011 1970 1082 Ἀμφι-

2147 1018 2275 1073 Post
2301 1019 2635 1090 (Theodosii)
2662 1020 2806 1075 illinc
2836 1020 3088 1086 reditum,
3112 1019 3523 1091 Amphilochius
3560 1016 3656 1070 ille

311 1104 471 1173 λδχιος
497 1106 527 1157 δ
557 1103 968 1175 θαυμάσιος,
1008 1101 1084 1162 οὗ
1126 1106 1390 1168 πολλάκις
1431 1104 1727 1176 ἐμνήσθην,
1762 1103 1927 1157 ἀντιδε

2076 1108 2408 1165 admirabilis
2439 1108 2592 1177 cujus
2618 1111 2811 1179 saepius
2839 1125 2871 1165 a
2898 1125 2985 1166 me
3008 1109 3120 1177 jam
3148 1111 3285 1164 facta
3314 1118 3396 1164 est
3422 1110 3648 1173 mentio,

320 1191 415 1243 λῶν
447 1192 571 1255 τώς
604 1193 734 1245 τῶν
786 1195 1151 1266 ⁸Αρειανῶν
1184 1197 1250 1248 ὲκ
1272 1194 1377 1249 τῶν
1418 1195 1628 1247 πόλεων
1655 1193 1936 1264 ὲξελαΘῆνε

2081 1199 2317 1255 accessit
2343 1211 2598 1255 oraturus
2626 1202 3027 1270 imperatorem,
3060 1200 3137 1255 uti
3161 1216 3225 1254 ex
3256 1202 3477 1255 urbibus
3492 1200 3650 1253 Aria-

327 1282 632 1351 συλλόγους.
704 1286 780 1339 Ὀ
825 1286 895 1340 δὲ
947 1287 1228 1356 βασιλεὺς
1276 1290 1651 1359 ἀπηνεστέραν
1693 1286 1943 1341 ὑπολαδὼ

2080 1307 2268 1346 uorum
2316 1303 2614 1347 conventus
2639 1290 2839 1360 cjiciat.
2865 1294 2934 1345 At
2980 1293 3294 1360 imperator.
3337 1291 3652 1361 postulatio-

333 1375 418 1445 τὴν
451 1376 681 1447 αἰτησιν
702 1418 718 1440 ,
755 1378 880 1432 οὐκ
927 1377 1194 1443 ἐδέξατο.
1240 1379 1297 1431 '0
1328 1379 1385 1432 δὲ
1419 1376 1727 1446 σοφώτατος
1786 1379 1949 1449 Ἀμφι

2081 1397 2201 1438 nem
2238 1381 2382 1435 illam
2408 1382 2568 1436 nimis
2592 1398 2838 1437 severam
2864 1393 2919 1435 et
2943 1382 3291 1436 inhumanam
3318 1380 3612 1435 arbitratus
3632 1421 3649 1447 ,

337 1468 506 1537 λὸχιος
529 1471 887 1541 παραυτίκα
928 1473 1205 1540 σιγήσας,
1239 1471 1456 1541 μνήμης
1480 1469 1634 1535 ἀξίαν
1658 1470 1846 1542 ἐξεῦρε
1876 1488 1951 1541 μη

2082 1474 2275 1543 rejicit.
2337 1471 2781 1542 Sapientissimus
2818 1474 2984 1543 igitur
3031 1473 3444 1543 Amphilochius
3482 1488 3540 1527 re
3584 1473 3650 1527 ad

345 1564 531 1633 χανην.
578 1562 739 1616 Εῖσω
783 1562 916 1634 γὰρ
967 1558 1142 1624 αὖθις
1184 1561 1292 1614 τῶν
1328 1561 1613 1632 βασιλείων
1665 1562 1955 1632 γενόμενος

2083 1577 2292 1634 tempus
2320 1567 2482 1620 tacita
2504 1605 2520 1630 ,
2561 1566 2720 1619 aliam
2758 1551 3022 1620 rationein
3065 1566 3131 1619 ad
3180 1565 3233 1619 id
3266 1567 3407 1635 quod
3443 1566 3656 1620 volebat

360 1654 455 1706 ul.
475 1653 824 1724 παρεστῶτα.
845 1651 936 1722 τῷ
969 1652 1189 1722 βασιλεῖ
1210 1652 1302 1705 τὸν
1326 1652 1439 1705 υἱὸν
1477 1652 1761 1723 ’Δρκάδιον
1788 1652 1976 1706 θεασά-

2080 1658 2431 1712 obtinendum
2451 1697 2467 1722 ,
2499 1672 2726 1727 eamque
2760 1657 2917 1725 plane
2951 1650 3357 1712 memorabilem
3384 1650 3657 1723 excogita-

375 1762 526 1815 μενος
564 1746 790 1815 (νεωστὶ
814 1746 881 1797 δὲ
913 1738 1082 1808 οὗτος
1106 1744 1513 1816 κεχειροτόνητο
1550 1744 1846 1814 βασιλεὺς),
1880 1746 1979 1799 αὐ-

2081 1750 2180 1804 vit.
2216 1750 2493 1819 Ingressus
2524 1750 2669 1803 enim
2702 1750 2877 1803 denuo
2910 1749 2962 1802 in
3001 1748 3281 1819 palatium,
3305 1762 3427 1801 cum
3450 1747 3654 1800 videret

382 1840 468 1893 τὴν
510 1838 606 1907 μὲν
636 1839 948 1908 ἠσπάσατο
983 1838 1233 1908 συνήθως
1270 1838 1359 1892 τὸν
1390 1838 1637 1908 βασιλέα,
1675 1838 1981 1910 ἀγέραστον

2083 1849 2348 1893 astantem
2427 1839 2737 1909 imperatori
2791 1838 2958 1893 tilium
3003 1855 3160 1893 suum
3199 1840 3489 1893 Arcadium
3516 1877 3531 1899 ,
3566 1839 3655 1907 qui

397 1935 450 1988 ἃ
477 1933 731 1988 κατέλιπε
754 1933 853 1986 τὸν
882 1933 1104 1988 υίόν.⁸0
1127 1933 1184 1986 δὲ
1208 1932 1476 2002 βασιλεὺς,
1514 1931 1871 2003 ὲπιλησθῆναι
1897 1948 1983 1985 νο-

2086 1945 2252 1997 nuper
2293 1930 2565 1997 Augustus
2612 1931 2948 1985 renuntiatus
2980 1928 3179 1997 fuerat,
3215 1931 3387 1998 ipsum
3421 1931 3658 1998 impera-

407 2025 556 2095 μίσας
570 2025 659 2078 τὸν
692 2024 1081 2094 ’Δμφιλόχιον,
1111 2022 1425 2094 προσελθεῖν
1446 2022 1539 2075 καὶ
1564 2022 1786 2092 φιλῆσαι
1818 2039 1983 2093 προσ-

2086 2029 2255 2074 torem
2275 2019 2633 2074 Theodosium
2660 2021 2819 2074 solito
2844 2036 2990 2076 more
3006 2022 3257 2075 salutavit
3284 2021 3374 2075 ille
3400 2023 3639 2090 quidem,

407 2116 552 2181 έταξε
578 2115 669 2169 τὸν
697 2116 844 2167 υἱόν.
886 2115 953 2167 '0
975 2114 1035 2167 δὲ
1061 2114 1366 2185 ἀποχρῆναι
1394 2113 1495 2183 ἔφη
1528 2113 1628 2183 τὴν
1651 2112 1799 2184 αὑτῷ
1851 2112 1982 2183 παρ’

2086 2112 2177 2165 sed
2208 2110 2372 2163 lilium
2406 2113 2520 2165 sine
2541 2113 2747 2166 honore
2774 2112 2995 2165 dimisit.
3023 2112 3317 2178 Imperator
3346 2124 3546 2178 autem,
3572 2126 3659 2163 ra-

408 2206 566 2262 αὑτοῦ
596 2206 1065 2278 προσενεχθεῖσαν
1102 2206 1287 2276 τιμήν.
1331 2206 1387 2259 '0
1418 2204 1473 2258 δὲ
1506 2204 1859 2274 δυσχεράνας,
1902 2206 1983 2257 ol-

2088 2211 2174 2258 tus
2202 2203 2636 2271 Amphilochium
2680 2203 2906 2258 oblitum
2952 2203 3153 2267 cilicii,
3196 2204 3349 2273 jubet
3394 2205 3461 2257 ad
3492 2204 3658 2257 ﬁlium

416 2300 558 2353 κείαν
613 2297 805 2353 ἐκάλει
860 2296 1150 2367 παροινίαν
1192 2293 1292 2365 τὴν
1338 2294 1431 2347 τοῦ
1491 2294 1681 2357 παιδὸς
1735 2294 2032 2365 ἀτιμίαν.1

2045 2297 2376 2361 Iaccetlere,
2415 2311 2646 2365 eumque
2684 2296 2939 2351 osculari.
2997 2299 3065 2351 At
3116 2298 3530 2368 Amphilochius
3576 2313 3661 2350 re-

415 2389 724 2461 τηνικαῦτα
767 2388 958 2441 λοιπὸν
998 2389 1027 2441 ὁ
1068 2384 1371 2456 σοφώτατος
1426 2386 1769 2457 Ἀμφιλόχιος
1815 2389 1983 2440 ἐκκα-

2087 2389 2301 2457 spondit
2328 2405 2341 2441 :
2376 2386 2519 2442 Satis
2546 2402 2667 2443 esse
2702 2389 2843 2457 quod
2878 2389 2929 2443 ei
2958 2388 3219 2443 honorem
3249 2390 3517 2444 habuerit.
3548 2388 3658 2443 Ita-

413 2480 599 2534 λύπτει
630 2481 725 2534 τὸν
755 2479 851 2533 τοῦ
876 2476 1242 2549 γεγενημένου
1278 2477 1500 2539 σκοπὸν,
1536 2477 1631 2529 καὶ
1669 2474 1807 2546 βοῶν
1838 2476 1941 2546 ἔφη
1967 2493 1981 2507 ·

2086 2495 2192 2550 que
2255 2479 2588 2534 Theodosius
2644 2495 2756 2535 rem
2797 2478 2988 2534 acerbe
3043 2488 3100 2533 et
3156 2481 3392 2549 graviter
3440 2479 3661 2543 ferens,

423 2565 667 2643 ’ορᾷς,ὧ
688 2569 929 2640 βασιλεῦ,
956 2570 1102 2632 ὅπως
1127 2568 1186 2619 οὐ
1206 2565 1387 2639 φέρεις
1410 2568 1509 2637 τὴν
1533 2566 1628 2619 τοῦ
1655 2567 1843 2631 παιδὸς
1868 2569 1987 2620 ἀτι-

2086 2573 2343 2644 probrum
2381 2572 2490 2624 tilio
2528 2570 2797 2641 objectutn
2830 2568 3041 2637 injuria:
3082 2568 3200 2622 loco
3231 2568 3332 2623 sibi
3366 2569 3464 2638 ipsi
3498 2570 3662 2623 illata:

417 2663 576 2736 μίαν.
606 2663 745 2715 ἀλλὰ
786 2663 900 2724 τοῖς
932 2662 1010 2723 είς
1044 2657 1229 2711 τοῦτον
1279 2656 1596 2729 παροινοῦσι
1639 2657 1986 2727 χαλεπαίνεις

2089 2665 2412 2718 numeravit.
2465 2662 2598 2717 Tum
2650 2662 3081 2733 sapientissimus
3112 2662 3546 2732 Amphilochius,
3572 2665 3667 2715 de.-

418 2753 661 2827 πικρῶς;
704 2754 995 2806 Πίστευσον
1023 2750 1086 2823 δὴ
1120 2745 1233 2817 οὖν,
1267 2750 1359 2803 καὶ
1391 2749 1497 2803 τῶν
1522 2750 1660 2803 ὅλων
1697 2750 1829 2803 Θεὸν
1862 2752 1989 2814 τοὺς

2090 2753 2306 2808 clarans
2354 2752 2706 2821 imperatori,
2741 2752 2881 2820 quod
2923 2750 3103 2805 animo
3154 2750 3488 2815 instituebat,
3531 2766 3664 2804 con-

415 2849 509 2902 τὸν
538 2848 666 2901 Υίὸν
694 2845 860 2899 αὑτοῦ
884 2845 974 2897 τὸν
1009 2841 1268 2913 μονογενῆ
1302 2841 1751 2913 βλασφημοῦντας
1770 2841 1988 2912 βδελύτ-

2095 2853 2241 2897 teuta
2276 2859 2407 2898 voce
2437 2861 2451 2898 :
2490 2844 2672 2909 Vides,
2701 2844 2899 2911 inquit,
2927 2858 2961 2897 ο
2995 2844 3307 2911 imperator,
3337 2857 3496 2909 quam
3527 2858 3668 2911 :rgrc

415 2940 627 2999 τεσθαι.
678 2940 774 2991 καὶ
825 2938 899 2999 ὡς
953 2936 1274 3006 ἀχαρίστους
1310 2934 1437 3005 περὶ
1485 2934 1577 2987 τὸν
1624 2933 1850 3004 Σωτῆρα
1894 2934 1989 2986 καὶ

2091 2935 2438 3004 ignominiam
2494 2935 2586 2987 lilii
2638 2936 2710 2988 tui
2759 2933 2903 2989 feras
2954 2951 2970 2989 :
3037 2933 3145 2987 imo
3177 2948 3306 2987 vero
3350 2932 3455 2987 illis
3489 2934 3580 3002 qui
3613 2933 3667 2984 iu

418 3030 719 3102 εὐεργέτην
744 3026 1137 3098 γεγενημένους
1177 3027 1372 3096 μισεῖν.
1414 3022 1570 3078 Οὕτω
1614 3025 1790 3089 συνεὶς
1824 3026 1853 3077 δ
1887 3023 1986 3093 βα-

2088 3043 2209 3082 eum
2248 3028 2529 3090 insultant,
2561 3027 2908 3082 vehementer
2928 3039 3236 3081 succenses.
3272 3024 3476 3079 Credas
3508 3023 3670 3093 igitur

421 3122 627 3184 σιλεὺς,
652 3121 749 3173 καὶ⁸
777 3120 847 3173 τά
876 3136 934 3171 τε
967 3118 1350 3189 πεπραγμένα.
1372 3117 1443 3171 τά
1466 3134 1526 3170 τε
1566 3117 1829 3189 εἰρημένα
1857 3117 1986 3172 θαυ·

2095 3119 2225 3173 mihi
2271 3120 2453 3184 velim,
2484 3119 2639 3188 hujus
2660 3119 3030 3174 universitatis
3057 3128 3321 3173 rectorem
3345 3118 3506 3171 Deum
3526 3157 3541 3183 ,
3576 3132 3672 3170 eos

426 3216 627 3285 μάσας.
655 3212 820 3282 νόμον
850 3210 1008 3274 εὐθὺς
1030 3209 1234 3280 ἔγραψε
1253 3210 1378 3273 τοὺς
1401 3209 1510 3263 τῶν
1545 3211 1837 3283 αἱρετικῶν
1871 3210 1989 3264 συλ-

2092 3210 2181 3279 qui
2210 3220 2395 3264 contra
2423 3210 2618 3265 Filium
2653 3226 2807 3265 suum
2836 3210 3165 3280 unigenitum
3191 3208 3483 3278 loquuntur
3520 3206 3669 3261 blas-

424 3306 614 3374 λόγους
648 3303 948 3359 κωλύοντα.
2013 3296 2040 3355 ί

2057 3301 2365 3369 Lphemias,
2417 3302 2602 3356 itidem
2675 3301 2984 3364 detestari,
3033 3312 3089 3356 et
3136 3310 3387 3367 tanquam
3431 3298 3673 3368 ingratos

430 3414 554 3468 erga
588 3398 933 3481 Servatur-em
964 3407 1020 3452 et
1048 3398 1182 3452 bene
1208 3396 1275 3452 de
1305 3411 1363 3451 se
1395 3396 1686 3462 meritum,
1717 3395 1842 3450 odio
1872 3399 2146 3467 prosequi.
2188 3397 2354 3466 Cujus
2396 3398 2702 3453 institutum
2747 3413 2867 3450 cuin
2938 3397 3040 3451 hoc
3108 3405 3262 3465 pacto
3323 3392 3674 3447 intellexisset

432 3497 735 3564 inperator,
769 3494 905 3549 facta
940 3495 1053 3564 ejus
1092 3495 1337 3563 dictaque
1368 3492 1525 3548 simul
1557 3493 1877 3559 admiratus,
1937 3500 2111 3564 legem
2180 3495 2427 3566 protinus
2500 3494 2860 3563 conscripsit,
2905 3508 3027 3562 qum
3080 3490 3300 3545 vetabat
3365 3495 3668 3543 conventus

434 3592 502 3647 ab
532 3591 802 3646 hereticis
835 3590 940 3660 agi.

673 3782 961 3839 Facmtnus
986 3781 1398 3849 HEBIIANENSIS,
1445 3782 1536 3836 lib.
1573 3796 1654 3845 XI,
1681 3797 1799 3851 cap.
1831 3782 1887 3847 5,
1915 3799 2038 3853 pag.
2072 3781 2200 3845 760,
2234 3789 2360 3834 tam.
2395 3776 2459 3841 ll.
2497 3776 2632 3845 Opp.
2667 3773 2930 3829 SIRMOND.
2964 3772 3088 3827 edit.
3121 3770 3296 3825 Paris.
3327 3764 3474 3823 1696.

502 3876 583 3931 Et
622 3876 784 3931 dictis
831 3877 968 3929 beati
1016 3876 1368 3946 Amphilochii
1420 3874 1717 3931 lcouiensis
1760 3876 1996 3945 episcOpi
2104 3876 2496 3946 praeciperent,
2527 3873 2667 3925 sicut
2705 3870 2843 3925 libro
2873 3885 2925 3922 tv
2972 3867 3390 3922 memoravimus
3440 3864 3581 3932 (cap.
3616 3859 3673 3919 Ξ.

431 3969 611 4037 aliqu“
642 3968 1008 4036 Ρτοίεΐεῐηυεν
1048 3982 1205 4037 quem
1260 3978 1315 4022 et
1348 3967 1786 4036 sapientissimus
1834 3964 1999 4021 Joan-
2104 3983 2229 4038 pag.
2253 3967 2403 4031 Ml),
2443 3964 2562 4017 illos
2595 3961 2739 4016 solos
2764 3962 3025 4015 ecclesias
3061 3961 3281 4018 habere,
3311 3957 3400 4024 qui
3440 3969 3504 4006 ex
3536 3968 3676 4022 pra.-

434 4078 532 4115 nes
551 4061 915 4114 Antiochenus
949 4076 1066 4114 cum
1111 4060 1358 4116 orientali
1401 4059 1632 4114 concilio
1679 4058 1998 4127 probatissi-
2104 4059 2233 4114 dicti
2282 4055 2454 4112 sancti
2495 4053 2854 4124 Amphilochii
2886 4060 2943 4106 ct
2993 4050 3207 4103 Diodori
3255 4057 3418 4115 atque
3448 4045 3679 4100 aliorum

432 4171 583 4208 mum
629 4156 901 4209 doctorem
943 4154 1327 4224 pronuntiavit,
1369 4162 1424 4208 et
1462 4154 1813 4220 imperatores
1855 4151 1996 4206 Gra-
2107 4151 2367 4207 similium
2384 4148 2763 4204 communione
2790 4144 3038 4200 catholici
3065 4144 3447 4212 probarentur.

434 4247 617 4299 tiauus
650 4255 710 4300 et
756 4243 927 4313 major
957 4244 1285 4299 Theodosius
1324 4243 1480 4297 talem
1510 4242 1909 4308 judicaveruut,
1940 4251 1999 4294 ut

537 4445 753 4500 Casus
774 4444 1238 4508 Iuotcopuzus'rss.
1273 4442 1615 4511 Topograph.
1645 4440 1874 4506 Christ.,
1907 4439 2007 4492 lib.
2037 4454 2136 4505 vn,
2173 4453 2291 4506 pag.
2320 4435 2447 4494 292.
2474 4444 2601 4486 tom.
2641 4430 2680 4483 II
2720 4430 2945 4484 Collect.
2976 4427 3079 4481 PP.
3123 4426 3299 4480 Graec.
3338 4421 3625 4478 Montfauc.

512 4536 887 4606 ’Δμφιλόχιος,
925 4537 1218 4599 ἐπίσκοπος
1251 4534 1543 4605 γενόμενος
1592 4532 1689 4587 τοῦ
1753 4532 1999 4592 Ἰκονίου.

2178 4529 2589 4600 Amphilochius
2629 4523 2787 4577 lcouii
2846 4522 3170 4591 episcopus,
3210 4518 3416 4571 amicus
3444 4525 3498 4570 et
3522 4514 3680 4569 fanti.

428 4627 587 4696 φίλος
626 4628 726 4680 καὶ
761 4628 1071 4690 κοινωνικὸς
1107 4625 1200 4679 τοῦ
1237 4626 1505 4697 μακαρίου
1549 4624 1849 4686 Βασιλείου,
1907 4623 2003 4675 καὶ

2111 4624 2259 4677 liaris
2295 4622 2439 4676 beati
2473 4617 2675 4681 Basilii,
2701 4616 2755 4669 iu
2778 4612 2973 4667 lambis
2998 4611 3112 4667 suis
3135 4610 3201 4664 ad
3226 4607 3511 4664 Seleucum
3544 4607 3684 4662 scri-

428 4720 598 4783 αὐτὴ
630 4720 692 4772 ἐν
735 4720 850 4781 τοῖς
883 4718 1015 4788 πρὸς
1043 4718 1300 4772 Σέλευκον
1333 4716 1482 4788 αὑτῴ
1520 4718 1807 4789 γραφεῖσιν
1852 4714 2004 4784 Ἰάμ-
2114 4717 2239 4785 ptis.
2273 4720 2380 4767 etc.

430 4810 570 4875 ὕας,
599 4827 658 4863 κ.
694 4827 749 4866 τ.
786 4808 840 4861 λ.

2000 4894 2134 4954 VII.

861 5004 1152 5060 Coacmuu
1180 5002 1435 5058 NICENUI
1466 5003 1530 5066 II,
1564 5005 1681 5056 Act.
1724 5017 1777 5069 ν,
1808 5018 1932 5070 pag.
1972 4997 2133 5062 IOI5,
2167 5006 2295 5049 tam.
2332 4989 2447 5045 VIII
2490 4987 2700 5044 Concil.
2729 4987 2856 5043 edit.
2897 4982 3284 5042 Venatoobaob.

510 5096 782 5169 Ταρᾶσιος
810 5097 840 5149 ὀ
857 5094 1153 5164 ἁγιώτατος
1173 5064 1524 5164 πατριάρχης.
1545 5089 1717 5146 εἶπεν·
1758 5064 1818 5145 i0-
1831 5064 2013 5162 πατὴρ
2046 5092 2089 5147 D

2078 5098 2089 5142 ι
2199 5082 2455 5137 Tarasius
2519 5078 2891 5133 sanctissimus
2942 5074 3251 5144 patriarcha
3301 5068 3481 5123 dixit:
3539 5064 3694 5119 Pater

444 5189 595 5259 ἡμῶν
621 5193 653 5244 ὁ
675 5188 832 5257 ἅγιος
876 5186 1216 5260 ’Ᾱμφιλόχιος
1256 5185 1427 5256 μέγας
1453 5184 1591 5250 ἐστὶ,
1630 5183 1724 5237 καὶ
1756 5181 1825 5235 τὰ
1865 5180 2013 5250 ἑξῆς.

1930 5180 2013 5250 ἧς.
2127 5185 2313 5231 noster
2346 5181 2567 5228 sanctus
2593 5169 3002 5240 Amphilochius
3043 5180 3268 5235 magnus
3299 5170 3416 5226 est,
3442 5171 3546 5214 etc.

1992 5273 2152 5334 VIII.

1671 5379 1933 5439 Puortus.
1965 5375 2224 5432 Biblioth.
2252 5372 2369 5427 cod.
2398 5386 2492 5425 ιιι.

528 5475 847 5552 ’Δνεγνώσθη
882 5475 1128 5539 ’σύνοδος
1155 5475 1422 5546 γενομένη
1451 5477 1508 5527 ἐν
1542 5475 1702 5545 Σίδῃ,
1733 5474 1875 5527 κατὰ
1913 5473 2013 5543 τῆς

2192 5469 2355 5523 Lecta
2400 5462 2637 5535 synodus
2688 5460 2832 5515 Sidae
2884 5458 3069 5515 habita
3130 5457 3393 5512 adversus
3448 5452 3698 5509 hzeresim

442 5545 693 5640 αἱρέσεως
891 5565 1337 5631 Μεσσαλιανῶν,
1399 5567 1563 5638 ἤγουν
1604 5564 1850 5635 Εὐχιτῶν
1895 5564 2013 5634 ἤτοι

2123 5558 2590 5619 Messaliauorum,
2621 5554 2723 5608 hoc
2760 5560 2844 5607 est
2885 5551 3233 5606 Euchitarum
3272 5564 3366 5603 seu
3411 5545 3699 5615 Adelphia-

456 5633 803 5739 suam.
838 5665 1087 5736 Ἐξῆρχε
1132 5657 1195 5711 δὲ
1223 5655 1323 5723 τῆς
1364 5633 1582 5713 ﬁdem
1615 5633 1958 5727 »Αμφιλάχως
1987 5656 2017 5707 ὁ

2124 5664 2341 5705 norum.
2384 5644 2611 5700 Prasl‘uit
2657 5643 2865 5714 synodo
2907 5639 3320 5711 Amphilochius
3361 5635 3526 5694 Iconii
3585 5633 3700 5702 epi-

433 5755 518 5811 ’.τῦ
547 5725 775 5831 Ἰκονίου,
804 5725 1270 5827 συνεδρεύοντων
1289 5744 1432 5817 αὐτῷ
1455 5748 1548 5800 καὶ
1576 5725 1776 5819 ἐτέρων
1804 5744 2019 5799 ἐπισκό-

2124 5757 2341 5811 scopas.
2393 5738 2797 5797 considentibus
2830 5748 2885 5793 ct
2929 5736 3050 5793 aliis
3084 5732 3273 5803 viginti
3314 5731 3552 5803 quinque
3584 5725 3697 5797 cpi-

414 5864 628 5917 Mﬁ’.

2127 5833 2323 5902 scopis.
