4092 6424
547 423 612 476 51
1841 414 2120 476 νΕΤΕῐιι]
2133 419 2178 474 Μ

2270 415 2635 474 ESTIMONIA
3769 397 3840 450 δε

2143 539 2249 598 ΙΧ.

1427 636 1665 694 Josuxes
1694 640 1944 694 Zomnas
1969 641 2039 692 ad
2060 653 2324 694 canonem
2355 653 2511 693 xxvn
2540 637 2757 693 concilii
2785 639 3042 706 Carthag.

1329 732 1484 800 Apud
1525 733 1875 788 BEVBBEGIUI
1903 735 1960 786 in
1989 734 2262 790 Pandecte
2287 746 2740 800 cannnum,.tom.
2777 733 2838 794 Il.
2869 752 2989 804 pag.
3017 733 3140 790 549.

632 825 781 894 Quos
804 827 971 882 libros
995 827 1171 899 legere
1208 828 1262 882 in
1294 827 1528 882 ecclesia
1555 839 1822 898 oporteat,
1853 837 1908 882 et
1933 839 2145 898 postre-
2175 863 2186 892 λ

2319 828 2457 900 Περὶ
2508 829 2603 882 τοῦ
2657 829 2782 882 τίνα
2848 829 2931 882 δεῖ
2980 829 3450 896 ἀναγινώσκεσθαι
3506 826 3690 898 βιϐλία
3747 826 3836 881 ἐπ’

561 935 688 975 mus
725 922 1094 990 apostolorum
1119 935 1290 974 canon
1321 921 1529 984 statuit,
1553 949 1624 960 -~
1645 930 1945 990 etmagnus
1975 921 2146 973 Atha-

565 1011 782 1077 nasius,
813 1011 906 1079 qui
951 1011 1072 1065 libri
1113 1011 1320 1081 legendi
1350 1013 1495 1076 sint,
1525 1026 1718 1066 omnes
1759 1021 2064 1071 enumerat,
2091 1019 2148 1064 et

563 1117 792 1170 magnus
826 1101 1119 1172 Gregorius
1157 1103 1463 1172 Theologus
1508 1141 1527 1170 ,
1560 1113 1615 1158 et
1648 1110 1869 1158 sanctus
1916 1101 2177 1172 Amphi-'

563 1190 797 1248 lochitts.

2250 917 2554 988 ἐκκλησίᾳ,
2606 919 2702 970 καὶ
2733 919 2763 970 6
2795 918 3104 982 τελευταῖος
3154 919 3264 972 τῶν
3308 919 3689 972 ἁποστολικῶν
3735 935 3838 971 κα·
3907 932 3920 948 ¹

2258 1010 2427 1062 γόνων
2455 1009 2830 1080 διαλαμϐάνει,
2857 1041 2928 1050 -
2954 1012 3048 1064 καὶ
3077 1011 3107 1063 6
3135 1011 3309 1082 μέγας
3351 1009 3676 1074 Ἀθανάσιος
3733 1009 3840 1062 ὰπ-

2251 1101 2588 1171 αριθμεῖται,
2638 1103 2738 1154 ὅσα
2761 1101 2866 1173 χρὴ
2905 1101 3377 1170 ἀναγινώσκεσθαι
3421 1101 3638 1172 βιϐλία,
3670 1101 3770 1154 καὶ
3809 1101 3840 1153 6

2251 1191 2426 1263 μέγας
2454 1192 2755 1264 Γρηγόριος
2783 1197 2812 1246 6
2839 1194 3119 1264 Θεολόγος,
3162 1193 3259 1247 καὶ
3291 1196 3321 1247 6
3362 1193 3521 1262 ἅγιος
3574 1191 3836 1266 ’Δμφιλόο

2247 1299 2385 1352 χιος.

1515 1367 1720 1422 Eadem
1749 1367 1920 1422 ferme
1953 1366 2118 1421 habet
2154 1368 2192 1422 l.
2219 1384 2272 1425 c.
2305 1371 2625 1429 Theodorus
2651 1374 2962 1428 Balsamou.

2173 1462 2249 1521 X.

1526 1557 1997 1614 MARTYBOLOGIUII
2035 1559 2325 1629 Romam»,
2357 1565 2414 1618 d.
2452 1581 2585 1620 xxnt
2618 1565 2946 1620 Novembris.

637 1650 805 1708 lconii
850 1653 902 1706 in
952 1652 1225 1724 Lycaonia
1261 1651 1434 1708 sancti
1469 1652 1833 1722 Amphilochii
1869 1653 2147 1720 episcopi,

567 1744 660 1814 qui
701 1753 1011 1799 sanctorum
1038 1744 1218 1798 Basilii
1249 1746 1430 1813 magni
1459 1755 1512 1798 et
1540 1743 1786 1811 Gregorii
1823 1741 2150 1798 Nazianzeni

570 1837 625 1890 in
648 1851 832 1891 eremo
869 1836 1070 1900 socius,
1105 1846 1162 1891 et
1184 1837 1236 1890 in
1263 1837 1574 1908 episcopatu
1597 1837 1821 1906 collega,
1844 1845 1964 1906 post
1985 1835 2150 1889 nmlta

2257 1661 2553 1712 certamina
2578 1673 2676 1727 pro
2702 1659 2967 1714 catholica
3000 1659 3107 1714 [ide
3131 1669 3380 1730 suscepta
3409 1700 3424 1724 ,
3464 1661 3758 1717 sanctitate
3789 1669 3844 1720 et

2258 1747 2506 1805 doctrina
2535 1749 2714 1805 clarus
2734 1751 2940 1804 quievit
2965 1751 3017 1804 in
3050 1767 3200 1820 pace.

2148 1932 2252 1992 XI.

1101 2031 1462 2088 lleuonocmu
1487 2032 1810 2088 Gnaaconml
1829 2036 1987 2102 jussu
2016 2031 2203 2087 Basilii
2235 2034 2362 2101 imp.
2391 2032 2684 2099 confectum
2705 2035 2802 2087 sub
2832 2035 2916 2089 die
2949 2051 3040 2090 xu
3069 2033 3334 2096 Octobris.

1660 2125 1816 2179 Part.
1849 2141 1890 2190 t,
1920 2143 2041 2194 pag.
2077 2127 2179 2180 127
2233 2127 2358 2180 edit.
2397 2125 2585 2180 Urbin.
2617 2127 2777 2181 1727.

573 2206 1021 2267 Commemorntio
1097 2215 1267 2267 sancti
1333 2219 1500 2278 patris
1563 2218 1730 2269 nostri
1797 2217 2186 2285 Amphilochii]

2266 2216 2472 2287 Πνήμη
2517 2217 2624 2272 τοῦ
2657 2218 2728 2270 ἐν
2768 2217 2960 2285 ἁγίοις
2993 2217 3216 2286 πατρὸς
3245 2216 3419 2287 ἡμῶν
3461 2216 3847 2286 Ἀμφιλοχίου

1135 2287 1362 2352 episcopi
1395 2287 1584 2339 lconii.

647 2391 744 2446 Hic
785 2407 896 2446 non
933 2393 1178 2448 mortalis
1205 2395 1541 2464 cuiuspiam,
1576 2403 1889 2450 sanctorum
1932 2397 2154 2466 angelo-

575 2498 696 2536 rum
733 2484 980 2538 manibus
1018 2483 1301 2540 ordinatus
1332 2486 1666 2556 episcOpus:
1695 2487 1998 2541 commilito
2026 2503 2157 2542 san-

574 2586 788 2628 ctorum
820 2574 1067 2642 Patrum,
1090 2575 1276 2632 Basilii
1310 2579 1514 2649 magni,
1543 2579 1790 2648 Gregorii
1816 2578 2074 2651 Tbeologi
2103 2589 2160 2635 et

576 2669 821 2738 Gregorii
870 2669 1098 2740 Nysseni
1119 2711 1135 2732 ,
1167 2671 1428 2725 adversus
1463 2671 1652 2724 Arium
1683 2711 1700 2738 ,
1734 2669 2056 2726 Eunomium
2105 2682 2162 2724 et

576 2760 768 2814 herum
817 2761 1022 2816 similes
1049 2761 1336 2816 hereticos
1365 2762 1420 2816 in
1444 2762 1562 2817 acie
1591 2764 1762 2816 stetit.
1807 2762 1908 2830 Qui
1937 2777 2061 2818 cum
2091 2761 2160 2816 ad

579 2853 874 2912 Theodosii
907 2857 1085 2926 magni
1136 2866 1379 2926 tempora
1416 2856 1672 2922 vixisset,
1715 2865 1880 2926 atque
1917 2856 1984 2910 ab
2011 2870 2078 2912 eo
2102 2866 2162 2911 ut

579 2957 856 3003 coerceret
913 2949 1240 3003 Arianorum
1308 2963 1543 3019 synaxes
1613 2947 1970 3016 postulasset;
2034 2957 2163 3002 tunc

576 3039 796 3108 quidem
849 3039 1528 3108 superseditjmperator,
1579 3038 1786 3094 veritus
1833 3053 1900 3094 ne
1959 3054 2022 3094 ea
2071 3055 2163 3094 res

481 3210 486 3216 ί
578 3145 806 3202 magnos
832 3133 1095 3186 excitaret
1115 3131 1392 3186 tumultus.
1419 3130 1527 3184 Sed
1567 3138 1756 3200 postea
1781 3145 1906 3186 cum
1929 3131 2161 3200 quadam

579 3226 647 3276 de
684 3237 846 3278 causa
901 3223 1280 3292 imperatorem
1347 3223 1713 3278 Theodosium
1789 3223 2160 3288 convenisset,

581 3311 836 3380 illumque
880 3313 1091 3380 solum,
1148 3314 1380 3368 Arcadio
1419 3313 1528 3367 lilio
1561 3312 1652 3383 qui
1689 3327 1858 3384 prope
1892 3312 2166 3368 assidebat

580 3406 946 3474 praetermisso
971 3449 987 3474 ,
1024 3408 1335 3475 adorasset;
1376 3419 1598 3479 rogatus
1629 3423 1791 3478 qttam
1841 3408 1912 3464 ob
1954 3422 2067 3462 rem
2109 3407 2164 3462 id

581 3493 790 3548 faceret
812 3533 829 3556 ,
867 3497 1144 3566 respondit
1174 3517 1189 3554 :
1219 3498 1680 3564 Quemadmodum
1711 3508 1766 3553 tu
1793 3539 1809 3566 ,
1839 3500 2158 3569 imperator,

581 3582 801 3652 indigne
831 3583 960 3652 fers,
991 3587 1164 3642 sinon
1196 3587 1336 3642 idem
1369 3588 1513 3654 ﬁlio,
1551 3591 1644 3658 qui
1675 3590 1807 3653 tibi,
1839 3591 2014 3644 honor
2062 3589 2162 3643 ha-

584 3659 814 3758 be’atur,
839 3676 920 3732 sic
949 3685 1004 3731 et
1033 3677 1141 3732 Deo
1172 3678 1320 3732 Patri
1345 3678 1600 3746 iniuriam
1631 3680 1748 3735 ﬁeri
1776 3681 1936 3745 scito,
1963 3680 2010 3736 si
2037 3681 2160 3749 quis

587 3763 782 3818 Filium
811 3775 868 3820 et
907 3764 1146 3822 Verbum
1177 3770 1504 3825 contumelia
1535 3769 1718 3826 adicit.
1745 3769 1953 3837 Quibus
1976 3770 2160 3824 verbis

584 3867 862 3926 permotus
891 3857 1206 3928 imperator,
1223 3861 1378 3926 juxta
1418 3861 1518 3914 viri
1549 3861 1724 3916 sancti
1755 3861 2078 3916 sententiam
2100 3875 2166 3915 ac

585 3948 948 4015 voluntatem,
990 3965 1105 4006 rem
1145 3952 1404 4006 confecit.
1447 3951 1605 4006 Hune
1649 3961 1830 4006 autem
1861 3952 1914 4006 in
1946 3951 2163 4006 modum

587 4049 862 4097 transacta
886 4057 1009 4098 cum
1048 4042 1250 4114 pietate
1275 4045 1408 4109 vita,
1432 4044 1502 4100 ad
1532 4042 1823 4099 Dominum
1853 4043 2127 4112 migravit.

2711 2287 3048 2342 ἐπισκόπου
3107 2288 3375 2344 Ἰκονίου.

2326 2392 2494 2464 Οὗτος
2526 2401 2930 2472 προχειρίζεται
2958 2398 3256 2462 ἐπίσκοπος
3295 2397 3516 2452 Ἰκονίου
3543 2397 3632 2468 ὑφ’
3675 2399 3848 2466 ἁγίων

2257 2490 2528 2558 ἀγγέλων.
2561 2492 2663 2544 οὐκ
2703 2489 3052 2563 ἀνθρωπίνης
3086 2489 3300 2560 χειρός·
3345 2489 3756 2557 συναγωνιστὴς
3790 2487 3848 2541 δὲ

2257 2583 2547 2651 γενόμενος
2571 2581 2680 2635 τῶν
2714 2583 2883 2651 ἁγίων
2913 2581 3194 2650 Πατέρων,
3227 2578 3510 2632 Βασιλεὶου
3539 2578 3634 2632 τοῦ
3667 2578 3848 2649 μεγά-

2258 2673 2375 2736 λου,
2415 2673 2720 2745 Γρηγορίου
2771 2672 2866 2725 τοῦ
2913 2671 3197 2740 Θεολόγου,
3254 2671 3350 2724 καὶ
3405 2671 3704 2743 Γρηγορίου
3749 2671 3850 2724 τοῦ

2259 2765 2502 2836 Νύσσης,
2550 2765 2693 2819 κατὰ
2737 2765 2844 2818 τῶν
2893 2763 3184 2836 αἶρε-πικῶν
3231 2765 3576 2836 παρετάξατο
3631 2765 3852 2836 Ἀρείου

2261 2859 2357 2911 καὶ
2394 2858 2660 2928 Εὐνομίαν
2699 2859 2794 2912 καὶ⁵
2827 2856 2936 2911 τῶν
2971 2857 3193 2928 ὁμοίων.
3232 2857 3527 2930 Παρετάθη
3560 2858 3617 2911 δὲ
3653 2859 3687 2929 ή
3729 2856 3852 2928 ζωὴ

2263 2949 2426 3003 αὑτοῦ
2461 2951 2622 3022 μέχρι
2660 2949 2938 3004 Θεοδοσίου
2977 2949 3070 3003 τοῦ
3109 2949 3378 3021 μεγάλου·
3423 2950 3482 3004 ὃν
3513 2951 3609 3004 καὶ
3643 2946 3852 3018 ἠξίωσε

2263 3040 2504 3094 κωλῦσαι
2533 3042 2642 3094 τῶν
2669 3041 2962 3112 Ἀρειανῶν
2987 3040 3088 3104 τὰς
3125 3043 3182 3094 ὲν
3210 3043 3329 3106 ταῖς
3360 3041 3547 3094 πόλεσι
3573 3039 3850 3104 συνάξεις.

2264 3133 2415 3204 Βαρὺ
2446 3133 2505 3185 δὲ
2528 3133 2852 3202 νομίσαντος
2879 3133 3037 3185 τοῦτο
3056 3131 3150 3185 τοῦ
3182 3131 3464 3202 βασιλέως,
3494 3131 3583 3186 διὰ
3615 3130 3714 3202 τὴν
3752 3147 3854 3183 τα-

2268 3224 2438 3297 ραχὴν
2462 3263 2477 3288 ,
2509 3225 2629 3276 τότε
2665 3224 2764 3294 μὲν
2801 3224 3094 3296 ἡσύχασεν.
3138 3224 3405 3293 ’Ὕστερον
3439 3223 3498 3276 δὲ
3534 3223 3678 3276 κατά
3723 3239 3854 3275 τινα

2265 3319 2454 3389 χρείαν
2475 3315 2732 3370 εἰσελθὼν
2753 3316 2888 3389 πρὸς
2913 3315 3006 3369 τὸν
3032 3314 3278 3386 βασιλέα,
3306 3316 3400 3369 καὶ
3423 3314 3515 3367 τὸν
3535 3313 3650 3366 υίὸν
3680 3312 3854 3368 αὑτοῦ

2278 3408 2559 3482 Ἀρκάδιον
2597 3405 2720 3460 ἰδὼν
2766 3406 2845 3478 τῷ
2887 3407 3058 3478 πατρὶ
3106 3407 3555 3478 συγκαθήμενον,
3601 3405 3694 3459 τὸν
3746 3405 3854 3476 μὲν

2265 3498 2544 3552 Θεοδόσιον
2573 3496 2970 3569 προσεκύνησε,
3001 3497 3094 3550 τὸν
3120 3497 3177 3550 δὲ
3204 3496 3319 3549 υἱὸν
3350 3495 3617 3567 παρῆλθε.
3649 3495 3759 3548 Τοῦ
3793 3495 3854 3549 δὲ

2271 3587 2532 3658 βασιλέως
2551 3587 2818 3650 εἰπόντος·
2852 3587 2971 3640 Ἵνα
2996 3585 3050 3639 τί
3077 3587 3169 3639 τὸν
3189 3585 3304 3639 υἱόν
3336 3602 3436 3655 μου
3463 3585 3852 3656 παρέδραμεςς

2265 3679 2368 3749 ἔφη
2389 3695 2403 3708 ·
2427 3676 2620 3742 Γνῶθι,
2651 3675 2893 3746 βασιλεῦ,
2922 3675 3003 3728 ὅτι
3033 3674 3224 3746 ὥσπερ
3242 3676 3306 3728 σὺ
3331 3674 3719 3745 ἠγανάκτησας
3754 3673 3856 3726 τοῦ

2264 3767 2382 3820 υίοῦ
2409 3765 2918 3838 παραϐλεπομένου,
2953 3763 3096 3818 οὓτω
3137 3766 3233 3819 καὶ
3272 3767 3302 3818 6
3341 3766 3474 3829 Θεὸς
3505 3766 3602 3818 καὶ
3633 3763 3855 3835 Πατὴρ,

2264 3857 2359 3911 τοῦ
2395 3856 2527 3910 Υίοῦ
2557 3859 2654 3910 καὶ
2693 3857 2867 3924 Λόγου
2908 3855 3287 3926 ὑϐριζομένου.
3329 3855 3493 3908 Ὅθεν
3542 3854 3791 3917 πεισθεὶς
3825 3853 3857 3906 6

2268 3947 2540 4018 βασιλεὺς,
2575 3945 2798 4017 ἐποίησε
2824 3946 2886 3998 τὸ
2919 3945 3013 3999 τοῦ
3046 3946 3201 4014 ἁγίου
3231 3945 3461 4016 θέλημα.
3489 3944 3646 4000 Οὕτω
3671 3945 3727 3998 δὲ
3757 3943 3859 4015 ζή-

2271 4057 2369 4104 σας
2407 4038 2670 4103 εὐσεϐῶς,
2711 4039 2848 4110 πρὸς
2875 4037 3078 4111 Κύριον
3107 4038 3461 4109 ὲξεδήμησεν.

2139 4131 2272 4191 ΧΠ.

1741 4231 2100 4287 Μειωιοσιωί
2130 4233 2185 4285 d.
2219 4248 2356 4286 mit
2386 4228 2724 4286 Novembris.

594 4343 856 4400 Memoria
911 4345 1081 4400 sancti
1121 4347 1486 4418 patris_nostri
1525 4346 1879 4418 Ampltiiocltii
1941 4347 2167 4415 episcopi

1289 4414 1480 4471 lconii.

661 4529 761 4586 Hic
795 4531 964 4602 gradu
1015 4531 1166 4586 omni
1214 4531 1584 4588 ecclesiastico
1629 4546 1660 4584 a
1697 4532 1925 4604 juvenili
1967 4541 2163 4595 aetate,

591 4619 798 4674 alterna
835 4623 1134 4676 mutatione
1163 4631 1488 4692 provectus,
1523 4625 1935 4692 monasticaque
1962 4623 2166 4677 exerci-

595 4710 800 4764 tatione
824 4722 880 4764 et
912 4712 1092 4766 divina
1118 4713 1343 4766 scientia
1370 4711 1569 4778 clarus,
1604 4713 1879 4768 communi
1909 4709 2166 4780 suffragio

593 4800 746 4854 urbis
774 4800 938 4856 lconii
979 4805 1262 4872 episcopus
1297 4814 1514 4860 creatur
1546 4821 1561 4857 :
1605 4804 1939 4873 temporibus
1976 4802 2168 4857 Valen-

2272 4349 2491 4420 Μνήμη
2528 4349 2636 4403 τοῦ
2664 4348 2958 4420 ἐνί-,ἁγίοις
2987 4350 3208 4420 πατρὸς
3245 4349 3416 4416 ἡμῶν
3461 4347 3859 4418 Ἀμφιλοχίου

2727 4419 3063 4474 ἐπισκόπου
3123 4419 3386 4472 Ἰκονίου.

2340 4523 2509 4592 Οὗτος
2545 4529 2611 4581 ὲκ
2656 4529 2856 4600 νεαρᾶς
2883 4528 3135 4598 ἡλικίας,
3179 4529 3358 4582 πάντα
3405 4527 3612 4598 βαθμὸν
3653 4529 3862 4600 ἐκκλη-

2271 4620 2546 4691 σιαστικὸν
2586 4619 2935 4692 παραλλάξας
2952 4661 2968 4684 ,
2998 4621 3092 4672 καὶ
3118 4621 3349 4690 ἀσκήσει
3379 4621 3474 4672 καὶ
3504 4619 3626 4689 θείᾳ
3650 4617 3861 4688 γνώσει

2269 4711 2521 4780 λάμπων,
2557 4709 2724 4780 ψήφῳ
2761 4709 2853 4764 τοῦ
2891 4712 3071 4763 κοινοῦ
3115 4710 3522 4782 προχειρίζεται
3553 4711 3860 4775 ἐπίσκοπος

2271 4801 2372 4871 τῆς
2409 4801 2676 4854 Ἰκονιέων
2699 4800 2925 4864 πόλεως,
2953 4803 3010 4853 ὲν
3036 4803 3147 4864 τοῖς
3165 4801 3376 4872 χρόνοις
3405 4801 3861 4854 Οὐαλεντινιανοῦ

596 4893 791 4946 tiniani
819 4902 877 4946 et
909 4891 1150 4950 Valentis
1196 4895 1618 4964 imperatorum,
1663 4898 1774 4951 vita
1805 4894 1874 4949 ad
1921 4894 2168 4949 Theodo-

2272 4894 2367 4947 καὶ
2395 4892 2694 4956 Οὐάλεντος
2730 4891 2840 4945 τῶν
2869 4891 3131 4962 βασιλέων
3153 4909 3166 4922 ο
3222 4893 3556 4963 παρατείνας
3581 4893 3680 4963 τὴν
3707 4892 3863 4964 ζωὴν

592 4983 732 5036 sium
784 4997 956 5052 usque
1018 4987 1707 5056 magnumjmperatorem
1755 4985 1980 5054 ejusque
2030 4984 2170 5040 ﬁlios

592 5074 890 5144 producta;
935 5073 1218 5144 factusque
1248 5075 1368 5132 ﬁdei
1397 5077 1726 5143 orthodoer
1748 5077 1955 5141 doctor,
1985 5087 2172 5130 contra

593 5166 854 5220 Arianam
879 5166 1022 5220 luem
1046 5183 1143 5222 ceu
1167 5169 1284 5224 acie
1311 5170 1572 5223 instructa
1598 5169 1828 5223 ﬁrmiter
1853 5169 2172 5233 consistens,

595 5255 797 5310 multas
848 5258 918 5312 ab
994 5259 1175 5327 impiis
1225 5261 1630 5329 persecutiones
1697 5258 2176 5328 tribulationesque

597 5350 873 5414 sustinuit,
907 5365 1014 5404 una
1045 5367 1167 5406 cum
1193 5353 1365 5407 beatis
1396 5351 1650 5406 Patribus
1673 5363 1947 5407 certamen
1978 5353 2173 5406 adver-

595 5455 690 5494 sus
714 5439 1079 5510 blasphemias
1115 5442 1362 5497 Eunomii
1394 5443 1620 5497 habens.
1673 5442 1773 5498 Hie
1816 5443 1945 5497 item
1970 5483 1984 5504 ,
2037 5456 2177 5497 unus

597 5541 814 5586 centum
850 5533 1062 5588 illorum
1107 5535 1494 5606 quinquaginta
1531 5536 1753 5590 Patrum
1794 5537 2045 5589 secundm
2086 5549 2178 5604 sy-

604 5623 767 5688 nodi,
811 5623 1098 5692 plurimum
1145 5625 1402 5682 adversus
1447 5625 1684 5696 Spiritus
1738 5626 1912 5681 sancti
1965 5627 2174 5678 hostem

603 5711 970 5770 Macedoniam
1019 5716 1242 5785 Ariiqtte
1288 5715 1584 5786 discipulos
1609 5714 1955 5785 depugnavit.
1985 5713 2174 5779 Porro,

603 5806 842 5873 potiente
874 5823 1057 5864 rerum
1103 5822 1298 5879 magno
1330 5808 1632 5866 Theodosio
1654 5849 1670 5877 ,
1720 5821 2039 5877 reversoque
2075 5806 2174 5860 Va-

2275 4985 2437 5055 μέχρι
2457 4983 2737 5036 Θεοδοσίου
2764 4982 2859 5036 τοῦ
2889 4983 3126 5052 μεγάλου
3157 4982 3442 5053 βασιλέως,
3470 4984 3568 5037 καὶ
3590 4983 3699 5036 τῶν
3719 4983 3864 5036 υἱῶν

2271 5075 2438 5129 αὑτοῦ
2458 5091 2474 5106 ⁶
2505 5075 2565 5138 ὃς
2585 5075 2680 5128 καὶ
2717 5075 3033 5139 διδάσκαλος
3061 5075 3160 5144 τῆς
3194 5075 3474 5147 ὀρθώόξου
3503 5075 3742 5139 πίστεως
3761 5091 3865 5142 γε-

2271 5166 2466 5237 γονὼς,
2505 5168 2602 5220 καὶ
2639 5166 2780 5220 κατὰ
2810 5167 2910 5236 τῆς
2955 5167 3168 5240 Ἀρείου
3205 5167 3384 5238 λύμης
3424 5167 3668 5238 στερρῶς
3706 5169 3866 5220 ἀντι-

2271 5259 2595 5329 ταξάμενος,
2627 5259 2856 5322 πολλοὺς
2877 5259 3150 5330 διωγμοὺς
3180 5259 3276 5312 καὶ
3316 5257 3524 5326 θλίψεις
3551 5257 3867 5328 ὑπομείνας

2275 5351 2427 5422 παρὰ
2465 5349 2576 5403 τῶν
2596 5349 2846 5412 ἀσεϐῶν,
2892 5352 3296 5419 συναγωνιστὴς
3322 5348 3561 5418 γεγονὼς
3593 5350 3704 5404 τῶν
3750 5369 3866 5422 μα-

2276 5441 2483 5524 καρίων
2516 5442 2777 5512 Πατέρων
2825 5441 2965 5494 κατὰ
3009 5441 3110 5508 τῆς
3149 5442 3414 5511 Εὑνομίου
3465 5441 3900 5524 βλασφημίαςγ

2274 5523 2430 5593 οὗτος
2455 5529 2549 5582 καὶ
2586 5528 2691 5581 τῶν
2713 5529 2770 5582 ὲν
2795 5531 2860 5600 τῇ
2886 5528 3114 5599 δευτέρα
3141 5529 3342 5600 συνόδῳ
3370 5529 3480 5582 τῶν
3501 5531 3696 5583 ἑκατὸν
3725 5548 3866 5584 πεν-

2275 5623 2512 5692 τήκοντα
2555 5619 2817 5691 Πατέρων
2851 5615 2933 5684 εἷς
2959 5621 3249 5690 ὑπάρχων,
3272 5621 3344 5674 τὰ
3380 5620 3610 5676 πλεῖστα
3657 5621 3867 5693 διηγω-

2278 5713 2462 5767 νίσατο
2503 5711 2646 5766 κατὰ
2687 5711 3022 5764 Μακεδονίου
3077 5713 3172 5765 τοῦ
3223 5713 3705 5784 πνευματομάχου,
3762 5716 3858 5767 καῖ

2277 5805 2384 5859 τῶν
2418 5803 2685 5872 φοιτητῶν
2729 5803 2968 5868 Ἀρείου⁹
2997 5801 3136 5856 κατά
3157 5803 3213 5857 δὲ
3245 5804 3304 5857 τὸ
3333 5808 3604 5876 κρατῆσαι
3631 5806 3733 5875 τῆς
3764 5805 3866 5874 βαρ
