4092 6454
255 421 299 481 33
1675 434 1765 490 DE
1806 434 1866 491 S.
1906 434 2405 490 AMPHILOCHIO.
3574 437 3647 496 ’55

249 543 395 607 σιλιίαζ
423 544 784 603 Θεοδόσιον
824 552 950 605 τὲν
1010 556 1242 624 μέγαν,
1278 557 1365 610 καὶ
1394 557 1485 610 τὸν
1517 556 1635 609 νέον
1662 556 1953 609 Οὐαλεντι-
1982 615 1986 624 η

2060 555 2359 611 lentiuiano
2381 554 2637 623 juniore,
2670 568 2793 621 cum
2829 560 3007 610 victor
3042 555 3161 626 ipse
3192 556 3444 613 rediisset
3471 601 3487 626 ,
3524 575 3655 633 sup.

246 637 373 692 νιανὸν
391 642 827 712 ωτατρέψαι
861 688 881 709 ,
951 649 1080 700 καὶ
1110 653 1411 720 νικήσαντα
1442 646 1777 708 ἐπανελθεῖν,
1806 649 1950 717 ἡντι-

248 730 356 786 ὁῶει
391 734 419 785 δ
473 734 692 804 μέγας
764 738 1211 813 ’Δμιριλόχιος
1252 743 1337 796 τὸν
1397 741 1621 811 βασιλέα
1668 740 1949 793 Θεοδόσιον

252 824 557 881 ἁπιξισασθαι
620 831 781 895 τοὺς
866 834 1274 907 Ἀρειανοὺς,
1332 835 1424 887 καὶ
1474 836 1588 896 τοῖς
1645 832 1946 905 ὀρθοδόξοις

261 920 439 973 ἂνεῖναι
463 921 576 985 τὰς
610 922 1024 995 ἐκκλησίας.
1078 927 1243 980 Ἐπεὶ
1277 921 1367 980 οὖν
1426 927 1455 979 6
1513 924 1768 995 βασιλεὺς
1808 942 1950 995 παρ-

269 1010 445 1078 ῃτεῖτο,
467 1009 601 1072 eis?)
613 1027 685 1081 ρε
752 1016 1075 1086 μηχανὴν
1108 1019 1137 1069 6
1168 1015 1467 1086 θαυμάσιος
1492 1030 1505 1044 ⁸
1538 1016 1633 1069 καὶ
1660 1014 1948 1087 παρελῧὼν

277 1105 345 1164 εἰς
378 1103 445 1154 τὰ
475 1101 803 1172 βασίλεια,
844 1107 965 1160 τὸν
1013 1108 1128 1178 μὲν
1181 1108 1406 1178 βασιλέα
1450 1107 1728 1161 Θεοδόσιον
1765 1109 1946 1176 ἡσπὰ-

286 1208 422 1253 σατο,
449 1193 538 1245 τὸν
567 1194 632 1248 δὲ
674 1196 820 1248 υἱὸν
854 1197 1059 1251 αὐτοῦ
1112 1197 1412 1268 Ἀρκάδων,
1446 1197 1760 1252 καταλιπὼν
1791 1200 1947 1266 ὑφει-

289 1287 471 1356 μένως.
500 1289 611 1340 οὒκ
641 1289 995 1359 ἠσπάσατο
1015 1307 1031 1321 ο
1084 1292 1185 1345 καὶ
1212 1289 1371 1343 τοῦτο
1415 1292 1444 1343 6
1474 1290 1727 1361 βασιλεὺς
1760 1290 1950 1361 δυσχε-

295 1379 471 1447 ράνας.
496 1380 727 1434 οἰκείαν
759 1380 955 1453 ὓϐριν
995 1382 1195 1436 ἐκάλει
1226 1383 1324 1452 τὴν
1356 1381 1447 1436 τοῦ
1478 1382 1667 1445 παιδὸς
1702 1383 1830 1452 παρ’
1857 1382 1950 1435 αύ-

293 1470 384 1524 τοῦ
409 1473 679 1541 ἀτιμίανε
720 1477 755 1527 ὁ
804 1474 874 1527 δὲ
916 1474 1228 1545 σοφώτατα
1274 1475 1604 1528 ὲκκαλύπτει
1643 1474 1703 1528 τὸ
1739 1475 1945 1545 δρᾶμα,

300 1562 396 1614 καὶ
421 1580 613 1632 φησιν’
656 1565 874 1637 Ὁρᾷς,
911 1560 965 1619 ὦ
1004 1565 1255 1637 βασιλεῦ,
1284 1565 1399 1629 πῶς
1424 1566 1483 1618 οὐ
1517 1566 1703 1636 φέρεις
1752 1567 1817 1618 σὺ
1848 1566 1949 1637 τὴν

310 1655 407 1709 τοῦ
455 1656 652 1720 παιδὸς
701 1657 988 1729 ἀτιμίαν,
1038 1658 1181 1712 ἀλλὰ
1220 1657 1600 1728 χαλεπαίνεις;
1654 1658 1947 1709 Πίστευσον

325 1744 443 1818 οὖν,
460 1748 542 1800 ὅτι
568 1748 670 1801 καὶ
694 1750 837 1812 τοὺς
869 1749 972 1802 τὸν
1007 1750 1137 1803 Υἰὸν
1169 1748 1262 1802 τοῦ
1302 1746 1435 1800 Θεοῦ
1469 1745 1943 1817 βλασφημοῦντας,

336 1842 528 1911 ὁμοίως
558 1843 654 1894 καὶ⁵
674 1844 705 1895 6
733 1842 883 1905 Θεὸς
914 1840 1325 1913 ἀποστρέφεται
1347 1838 1441 1892 καὶ
1471 1840 1636 1908 μισεῖ.
1660 1836 1791 1890 Τότε
1822 1853 1948 1890 συν-

2058 648 2295 716 plicabat
2344 662 2574 718 magnus
2622 646 3035 715 Amphilochius
3071 658 3129 701 ut
3161 647 3500 707 Theodosius
3542 653 3648 708 im-

2057 748 2299 810 perator,
2351 740 2520 809 pulsis
2571 737 2824 801 Arianis,
2870 738 3132 793 ecclesias
3158 740 3479 796 orthodoxis
3523 758 3650 813 per-

2057 834 2314 888 mitteret.
2364 832 2632 887 Caeterum
2681 846 2745 886 eo
2802 840 3097 895 renuente,
3159 832 3242 886 vir
3303 834 3647 891 admirabilis

2056 926 2253 981 subtile
2290 926 2419 996 quid
2448 924 2744 979 adinvenit.
2778 922 3061 978 Accedens
3091 924 3276 1005 itaque
3301 927 3369 980 ad
3409 928 3637 997 regiam,

2061 1018 2428 1073 Theodosium
2487 1016 2706 1086 quidem
2750 1016 3132 1085 imperatorem
3182 1018 3471 1086 salutavit;
3525 1020 3644 1090 ejus

2056 1125 2186 1164 Vero
2220 1109 2388 1162 lilium
2423 1108 2738 1175 Arcadium,
2774 1107 2970 1161 cessim
3004 1107 3337 1178 relinquens,
3364 1126 3469 1165 non
3496 1113 3644 1167 salu-

2068 1201 2219 1255 tavit.
2255 1199 2388 1253 Eam
2419 1214 2532 1253 rem
2568 1198 2795 1253 moleste
2822 1196 3004 1253 ferens
3045 1200 3358 1267 imperator,
3391 1212 3644 1271 negatum
3695 1196 3701 1202 ”

2058 1293 2166 1348 lilio
2200 1294 2458 1348 honorem
2480 1330 2498 1356 ,
2530 1306 2684 1345 suam
2719 1291 2889 1361 ipsius
2919 1291 3151 1346 vocabat
3187 1293 3462 1360 injuriam.
3506 1294 3643 1348 Tum

2057 1383 2145 1437 ille
2178 1382 2582 1453 sapientissime
2628 1382 2834 1453 detegit
2862 1382 3132 1451 fabulam,
3175 1384 3396 1453 aitque:
3430 1385 3641 1451 Viden',

2057 1475 2380 1545 imperator,
2417 1483 2474 1528 ut
2503 1475 2618 1545 ipse
2656 1474 2750 1528 lilii
2802 1474 3277 1531 inhonoratinnem
3317 1492 3424 1530 non
3461 1475 3641 1543 feras,

2055 1568 2150 1621 sed
2204 1566 2553 1635 indigneris?
2600 1563 2814 1620 Habeas
2876 1580 3007 1635 ergo
3069 1581 3389 1636 persuasum
3452 1571 3642 1622 eadem

2056 1660 2224 1715 Deum
2279 1659 2489 1714 ratione
2535 1659 2883 1729 blasphemus
2927 1660 2980 1714 in
3024 1660 3119 1715 Dei
3165 1661 3362 1716 Filium
3401 1666 3643 1719 aversari

2055 1762 2110 1807 et
2139 1752 2343 1809 odisse.
2391 1738 2545 1805 Tunc
2579 1750 2897 1821 imperator,
2944 1767 3060 1806 rem
3095 1753 3402 1824 intelligens
3430 1795 3445 1818 ,
3493 1756 3646 1824 leges

2056 1846 2414 1915 conscripsit,
2443 1841 2641 1914 quibus
2672 1844 3053 1899 haereticorum
3083 1857 3381 1900 conventus
3412 1856 3641 1901 velaret.

352 1935 426 1997 εὶς
467 1936 497 1986 6
535 1935 797 2004 βασιλεὺς
820 1975 837 1997 ,
868 1936 1076 2005 νόμους
1115 1932 1320 2004 ἔγραψε
1350 1931 1477 1994 τοὺς
1514 1931 1623 1983 τῶν
1659 1929 1953 2001 αἱρετικῶν

2058 1938 2157 1993 Hic
2186 1939 2269 1992 vir
2295 1937 2589 2008 praeclarus
2619 1936 2711 1991 ubi
2753 1951 2925 1991 annos
2973 1936 3172 1993 multos
3197 1937 3398 2017 Christi
3424 1954 3642 2009 gregem

358 2026 631 2094 συλλόγους
679 2026 1029 2089 κωλύοντας.
1079 2020 1247 2088 υῦτος
1294 2027 1322 2078 6
1354 2023 1597 2094 ἀοίδιμος
1640 2022 1802 2093 ἀνὴρ,
1851 2023 1945 2076 ἐπὶ

360 2117 616 2182 πλείστοις
642 2120 863 2191 χρόνοις
890 2117 1167 2189 ποιμάνας
1199 2117 1260 2169 τὸ
1280 2115 1373 2170 τοῦ
1400 2113 1638 2186 Χριστοῦ
1670 2114 1944 2185 ποίμνιον,

358 2210 451 2263 καὶ
481 2211 672 2279 λόγους
704 2210 1030 2283 ὁρθοδόξους
1063 2208 1344 2276 συντάξας,
1373 2208 1466 2262 καὶ
1496 2209 1577 2273 εἰς
1606 2206 1743 2279 βαθὺ
1770 2206 1949 2278 γῆρας

364 2297 581 2365 ἐλάσας,
617 2302 678 2353 ἐν
709 2302 908 2375 εἰρήνῃ
949 2299 1311 2354 ἀνεπαύσατο.
1356 2348 1377 2371 ,

2052 2030 2311 2099 pavisset,
2346 2028 2621 2099 librosque
2653 2029 2973 2085 orthodoxa:
3010 2032 3273 2088 doctrina:
3303 2032 3644 2103 composuis-

2054 2130 2159 2191 set,
2195 2122 2302 2177 alta
2333 2130 2614 2179 senectute
2633 2121 2838 2193 quievit
2869 2123 2925 2178 in
2955 2137 3112 2194 pace.

1910 2456 2069 2515 XIII.

891 2579 1244 2637 MBNOLOGIUII
1284 2581 1598 2638 Gtusconuu
1624 2581 1725 2636 sub
1762 2582 1950 2637 eadem
1980 2582 2088 2645 die,
2119 2598 2184 2636 ex
2207 2582 2641 2650 interpretatione
2668 2581 2957 2635 cardinalis
2984 2582 3192 2638 Sirleli.

1280 2699 1366 2755 Ea:
1397 2702 1684 2756 Tuesaunu
1711 2700 2001 2755 Cursum
2036 2711 2162 2754 (om.
2196 2699 2285 2763 ΙΙΙ,
2317 2708 2460 2767 part.
2489 2716 2529 2765 ι,
2560 2716 2680 2769 pag.
2711 2699 2837 2755 490.

437 2820 646 2876 Natalis
689 2820 747 2877 S.
782 2820 843 2877 P.
874 2821 940 2875 Ν.
1003 2821 1366 2892 Amphilochii
1425 2823 1664 2892 episcopi
1724 2821 1930 2886 leonli,

362 2914 469 2968 sub
522 2915 828 2970 Theodosio
868 2916 1194 2984 imperatore
1249 2930 1471 2985 magno,
1512 2915 1598 2968 vir
1634 2914 1942 2969 divinarum

364 3005 670 3061 litterarum
711 3007 901 3076 peritia
952 3016 1005 3061 et
1049 3007 1333 3062 sanctitate
1371 3007 1528 3071 vitae,
1570 3021 1636 3061 ac
1687 3014 1851 3061 rectae
1891 3013 1947 3058 et

364 3096 648 3151 catholica
699 3094 823 3151 ﬁdei
861 3096 1173 3152 sinceritate
1213 3096 1476 3166 insignis,
1518 3094 1708 3151 Basilii
1762 3096 1945 3165 magni

2054 2822 2294 2876 amicitia
2323 2830 2379 2877 et
2412 2821 2727 2875 testimonio
2753 2821 3188 2875 commendatus.
3222 2819 3322 2874 llic
3350 2820 3519 2874 libros
3541 2833 3639 2875 or-

2054 2912 2350 2968 thodoxam
2388 2910 2549 2966 ﬁdem
2579 2909 2920 2966 continentes
2944 2910 3293 2980 conscripsit,
3321 2920 3375 2965 et
3397 2913 3464 2967 ad
3489 2926 3641 2966 smn-

2054 3020 2198 3060 mam
2238 3012 2579 3062 senectutem
2617 3013 2910 3073 provectus
2941 3003 2992 3057 in
3019 3019 3154 3074 pace
3184 3005 3410 3073 quievit.

1904 3252 2061 3313 XIV.

757 3375 843 3430 Ex
864 3379 1213 3435 Αιιτιιοιοοιο
1233 3378 1573 3444 ϐιιιιεοοιιιιιι,
1602 3395 1737 3435 mn
1769 3378 1986 3433 Noveml

2059 3395 2105 3443 ε,
2137 3377 2266 3431 edit.
2300 3375 2472 3432 (ξι-(ιτ.
2506 3373 2645 3429 1756
2675 3372 2988 3437 (Romana),
3025 3388 3147 3442 pag.
3178 3370 3310 3425 σνθ’.

434 3514 543 3568 Τοῦ
584 3516 643 3567 ἐν
687 3514 860 3583 ἁγίοις
893 3515 1096 3587 πατρὸς
1129 3517 1288 3588 ἡμῶν
1347 3518 1698 3590 Ἀμφιλοχίου
1733 3516 1945 3571 ὲπισκό-
1975 3529 1986 3576 1

2127 3513 2310 3570 Sancti
2366 3512 2538 3584 patris
2587 3510 2757 3566 nostri
2805 3508 3165 3578 Amphilochii
3210 3506 3449 3577 episcopi
3518 3506 3639 3564 Ico-

366 3623 473 3661 που
514 3607 764 3661 Ἰκονίου.

986 3700 1331 3757 ΚΟντὰκιον.

448 3794 515 3847 ’Β
545 3793 667 3846 θεία
708 3792 934 3865 βροντή·
969 3795 1003 3865 ὴ
1051 3794 1284 3862 σάλπιγξ
1319 3794 1413 3848 τοῦ
1460 3793 1812 3865 Πνεύματος·
1852 3811 1947 3846 πι-

367 3884 508 3940 στῶν
537 3885 811 3957 φυτουργέ
829 3901 842 3914 ·
872 3885 966 3939 καὶ
992 3884 1224 3949 πέλεκυς
1252 3886 1359 3939 τῶν
1384 3885 1650 3956 αἱρέσεων
1671 3903 1682 3915 ·
1717 3885 1945 3957 ἱερὰρχα

373 3976 697 4046 ’Δμφιλὸχιε
720 3995 735 4006 ·
776 3976 875 4045 τῆς
906 3974 1132 4046 Τριάδος
1164 3975 1418 4047 θεράπων
1457 3977 1485 4029 ὁ
1521 3975 1776 4047 μέγιστος
1796 3993 1809 4005 ·
1847 3976 1945 4027 σὺν

362 4068 624 4135 ἀγγέλοις
667 4069 843 4121 πέλων
888 4069 1003 4121 ἀεί·
1056 4066 1373 4139 πρεσϐεύων
1435 4066 1509 4139 μὴ
1561 4065 1749 4141 παύσῃ
1804 4066 1945 4137 ὑπὲρ

360 4152 587 4206 πάντων
621 4155 800 4225 ἡμῶν.

2057 3607 2284 3661 niensis.

2600 3691 2842 3763 Hymnus
2857 3708 3085 3767 .parrus.

2124 3786 2171 3844 Ο
2220 3786 2460 3843 divinum
2520 3784 2758 3847 tonitru;
2808 3798 2842 3838 o
2893 3783 3018 3836 tuba
3079 3781 3350 3850 Spiritus;
3397 3780 3636 3837 ﬁdelium

2050 3879 2363 3950 plantator;
2389 3888 2444 3933 et
2468 3876 2674 3931 securis
2698 3874 3110 3939 haereticorum;
3144 3873 3382 3943 pontifex
3413 3873 3640 3943 Amphi-

2050 3973 2227 4041 lochi;
2276 3971 2560 4026 Trinitatis
2619 3970 2864 4025 minister
2916 3969 3192 4033 maxime;
3250 3984 3372 4022 cum
3419 3966 3631 4036 angelis

2047 4067 2317 4122 exsistens
2364 4079 2619 4134 semper;
2672 4064 3005 4119 intercessor
3052 4076 3119 4116 ne
3164 4075 3346 4116 cesses
3375 4074 3494 4115 esse
3540 4074 3639 4128 pro

2049 4156 2302 4213 omnibus
2330 4154 2507 4209 nobis.

1929 4329 2134 4385 lumen.

1032 4448 1253 4522 Στίχοι.

359 4540 610 4607 Σταλεὶς,
660 4541 1003 4613 Ἀμφιλὸχιε,
1038 4544 1245 4616 νεκρῶν
1275 4545 1515 4616 ἀμφίοις.

358 4634 571 4701 Μχους
600 4632 901 4698 σκεδάζεις,
928 4635 1018 4687 καὶ
1048 4637 1237 4708 νεκρὸς
1261 4636 1567 4707 νοούμενος.

360 4721 555 4778 Εὶκὰδι
582 4725 646 4777 ἐν
676 4730 902 4796 τριτάτῃ
944 4725 1170 4790 θάνατος
1230 4726 1393 4781 λάϐεν
1440 4727 1811 4797 Ἀμῳιίιοχιον.

2741 4448 2955 4505 Versus.

2054 4541 2296 4607 lndutus,
2341 4540 2709 4612 Amphilochi,
2746 4553 3086 4597 mortuorum
3110 4540 3314 4606 linteis,

2049 4634 2403 4689 lnsidiantum
2428 4634 2644 4705 agmina
2670 4633 2928 4702 dissipas,
2954 4634 3037 4689 vel
3060 4645 3306 4687 mortuus
3329 4636 3633 4702 reputatus.

2053 4724 2151 4779 Die
2178 4724 2439 4780 vicesima
2467 4725 2627 4779 tertia
2652 4740 2800 4781 mors
2834 4725 2981 4794 ccpit
3008 4722 3469 4795 Amphilochium.
