4092 6386
580 402 658 459 35
1535 398 1591 451 S.
1636 391 2078 450 AMPIIILOCIIII
2118 387 2507 447 ICONlENSlS
2545 387 2853 445 EPISCOPI
3772 383 3849 443 εὖ

595 547 1648 581 ιοπεξ-..τν--τ--ισ--τ-Ξ--ῇ--η

1701 710 1839 765 ΤΟΥ
1866 709 1957 763 EN
1979 710 2202 764 ΔΓΙΟΙΣ
2224 711 2494 765 ΠΑΤΡοΣ
2525 710 2721 764 ΗΜΩΝ

1194 883 1931 975 .ΑΜΦΙΛΟΧΙΟΥ
1982 882 2655 969 ΕΠΙΣΚΟΠΟΥ
2726 884 3201 971 ΙΚΟΝΙΟΥ

1421 1070 1931 1191 ΛΟΓΟΙ-
1969 1073 2246 1187 ΚΑΙ
2306 1067 2963 1191 ΟΜΙΛΙΑΙ.

1380 1466 1508 1592 S.
1579 1462 1715 1584 P.
1784 1464 1928 1586 N.
1997 1463 3053 1592 AMPHILOCHII

1972 1702 2278 1759 EI‘ISCOPI
2316 1702 2521 1759 lCONll

1574 1876 2160 1956 ORATIONES
2201 1877 2333 1954 ET
2378 1878 2880 1957 HOMILIIE.

2164 2040 2251 2070 I—

1213 2188 1471 2246 OBATIO
1509 2191 1550 2247 l.

732 2277 803 2336 In
847 2281 1090 2336 natalitia
1116 2289 1292 2352 magni
1324 2284 1417 2337 Dei
1454 2297 1503 2337 et
1541 2283 1828 2342 Saluatoris
1860 2291 2026 2343 nostri

1144 2353 1272 2406 Jesu
1325 2354 1525 2408 Christi
1546 2357 1611 2408 ⁸⁵.

663 2439 710 2498 Ι.
738 2439 961 2495 Videtur
991 2440 1147 2512 plane
1176 2452 1385 2510 pratum
1416 2444 1515 2497 hoc
1541 2445 1819 2513 spirituale
1841 2456 1895 2502 et
1932 2448 2170 2517 splendi-

596 2531 747 2596 dum,
770 2531 1067 2587 cmlestium
1102 2532 1294 2587 llorum
1324 2545 1608 2588 venustate
1636 2537 1840 2590 varium
1865 2537 2018 2605 illud,
2046 2555 2174 2609 apo-

597 2622 913 2691 stolicisque
936 2637 1002 2677 ac
1045 2624 1369 2692 incorruptis
1416 2625 1735 2681 suaveolens
1775 2628 2052 2695 odoribus,
2088 2634 2172 2687 di-

601 2715 716 2770 vini
745 2714 977 2783 paradisi
1013 2714 1270 2784 prazl‘erre
1298 2726 1503 2787 typum.
1539 2718 1999 2782 Quemadmodum
2024 2725 2167 2779 enim

597 2806 815 2876 tripudii
849 2820 1125 2875 ovansque
1166 2806 1257 2862 ille
1287 2809 1470 2863 sensui
1503 2807 1779 2877 subjectus
1819 2822 1981 2882 atque
2033 2816 2173 2870 mala

595 2899 744 2951 muni
772 2914 905 2952 aura
937 2914 1139 2953 vacuus
1165 2899 1345 2967 locus;
1377 2902 1660 2956 arboribus
1692 2902 2045 2974 incorruptis,
2072 2908 2176 2961 im-

600 2990 1030 3061 mortalibusque
1069 2992 1353 3056 fructibus,
1409 3008 1474 3047 ac
1526 2994 2007 3053 innumerabilibus
2053 2998 2176 3054 aliis

599 3096 855 3152 perquam
883 3082 1182 3154 magniﬁcis
1212 3084 1500 3139 decoratur
1528 3088 1864 3142 ornamentis
1897 3109 1909 3144 :
1942 3091 2013 3144 ita
2046 3106 2177 3146 sane

599 3174 653 3219 et
684 3165 1053 3223 divinissimus
1108 3171 1623 3241 sacratissimusque
1657 3172 1909 3227 Ecclesia:
1940 3190 2175 3230 conven-

602 3269 709 3321 tus,
745 3258 1116 3328 spiritualibus
1166 3263 1489 3331 arcanisque
1533 3264 1793 3321 illustrius
1842 3267 2176 3336 splendescit

598 3350 953 3405 sacramentis
980 3368 993 3404 :
1031 3365 1261 3431 quorum
1293 3356 1447 3408 nobis
1472 3370 1756 3411 sacrorum
1790 3357 1947 3413 hodie
1974 3358 2174 3414 Christi

602 3441 712 3492 veri
730 3438 819 3493 Dei
848 3442 1014 3495 nostri
1039 3443 1406 3499 natalitiorum
1433 3444 1571 3502 festa
1603 3447 1744 3516 dies,
1767 3449 1936 3504 solida
1957 3454 2176 3520 crepido

2197 2211 2246 2267 Α

2903 2200 3122 2253 ΛΟΓΟΣ
3157 2202 3235 2255 Αι.

2272 2294 2377 2360 Εἰς
2412 2292 2488 2347 τὰ
2523 2292 2797 2368 γενέθλια
2835 2292 2942 2368 ζοῦ
2963 2291 3265 2368 _yeyd_.io_1_r
3306 2289 3468 2368 Θεοῦμ
3493 2294 3591 2347 καὶ
3646 2291 3854 2368 Σωτῆ-

2611 2380 2723 2431 ρος
2752 2361 2920 2431 ἡμῶν
2963 2362 3166 2429 Ἰησοῦ
3212 2363 3493 2431 Χριστοῦ.

2340 2458 2419 2511 Α¹.
2467 2456 2524 2507 '0
2562 2456 2660 2525 μὲν
2688 2458 3052 2527 πνευματικὸς
3074 2447 3227 2517 οὗτος
3242 2457 3335 2508 καὶ
3355 2455 3604 2528 λαμπρὸς
3622 2456 3848 2527 λειμὼν,

2272 2548 2300 2599 ὁ
2346 2546 2425 2617 τῷ
2467 2547 2576 2599 τῶν
2622 2546 2887 2617 οὐρανίων
2928 2545 3105 2599 ἀνθῶν
3161 2546 3347 2600 κάλλει
3406 2547 3851 2618 πεποικιλμένος,

2273 2640 2368 2693 καὶ
2431 2641 2550 2703 ταῖς
2598 2639 2985 2702 ἀποστολικαῖς
3058 2640 3154 2692 καὶ
3214 2640 3504 2709 ἀκράντοις
3559 2640 3851 2706 εὑώιάζων

2271 2731 2595 2800 ἀποφοραῖς,
2638 2729 2806 2782 τύπον
2850 2729 2994 2800 ἔχειν
3035 2728 3132 2782 τοῦ
3184 2727 3331 2782 θείου
3376 2728 3701 2801 παραδείσου
3760 2746 3852 2801 μοι

2274 2820 2542 2891 φαίνεται.
2570 2822 2668 2873 ’ον
2686 2820 2795 2890 γὰρ
2817 2821 3016 2892 τρόπον
3034 2820 3063 2871 ὁ
3085 2818 3341 2889 αἰσθητὸς
3362 2821 3567 2882 ἐκεῖνος
3592 2819 3686 2872 καὶ
3709 2819 3851 2892 ἀκή-

2278 2930 2437 2984 ρατος
2465 2912 2628 2983 χορὸς
2662 2912 2762 2983 (l),
2802 2912 3074 2984 δένδρεσιν
3116 2912 3435 2982 ἀφθάρτοις,
3479 2912 3574 2964 καὶ
3617 2913 3854 2982 καρποῖς

2274 3004 2584 3067 ἀθανάτοις,
2608 3004 2704 3057 καὶ
2727 3004 2945 3076 μυρίοις
2973 3003 3153 3068 ἄλλοις
3182 3004 3596 3076 ὑπερλάμπροις
3625 3005 3854 3075 φαιδρύ-

2274 3112 2422 3148 νεται
2460 3094 2743 3148 κάλλεσιν·
2774 3094 2918 3148 οὕτω
2964 3095 3029 3166 δὴ
3074 3094 3171 3147 καὶ
3210 3088 3366 3158 οὗτος
3392 3096 3421 3147 ὁ
3451 3094 3852 3159 θεοειδέστατος

2273 3185 2373 3257 τῆς
2429 3186 2932 3257 ίεροπρεπεστάτης
2987 3186 3315 3257 Ἐκκλησίας
3369 3185 3594 3253 θίασος,
3642 3188 3853 3256 νοητοῖς

2275 3281 2368 3332 καὶ
2400 3279 2664 3350 ἀρρήτοις
2690 3277 3214 3350 καταλαμπρύνεται
3246 3279 3588 3350 μυστηρίοις,
3614 3272 3689 3333 ὧν
3716 3295 3853 3350 κρη-

2274 3370 2371 3433 πὶς
2401 3373 2534 3441 ἡμῖν
2556 3370 2825 3442 ἀρραγὴς,
2853 3371 2949 3423 καὶ
2974 3370 3224 3441 θεμέλιος
3247 3371 3553 3442 ἀστεμφὴς,
3586 3371 3682 3425 καὶ
3709 3371 3853 3442 ἀρχὴ

2279 3461 2565 3533 σωτήριος,
2594 3461 2688 3512 καὶ
2711 3461 2926 3532 κορυφὴ
2955 3460 3384 3531 πανσεὸάσμιος,
3415 3463 3448 3533 ἡ
3482 3462 3720 3534 σήμερον
3747 3462 3854 3514 τῶν

598 3541 683 3585 est
710 3531 1229 3603 fundamentumque
1261 3536 1562 3594 immotum.
1599 3551 1656 3593 et
1697 3540 1915 3597 salubre
1964 3542 2176 3598 initium
2207 3558 2225 3614 ι

2279 3531 2450 3620 ἁγίων
2487 3552 2724 3623 Χριστοῦ
2771 3552 2865 3606 τοῦ
2913 3552 3170 3625 ἀληθινοῦ
3215 3552 3351 3606 Θεοῦ
3383 3531 3855 3624 ήμῶνήγενεθλίων

600 3638 665 3675 ac
693 3622 852 3692 plane
874 3636 1133 3693 angustus
1166 3636 1351 3680 vertex
1386 3645 1402 3683 :
1436 3639 1656 3698 propter
1692 3646 1853 3700 quam
1904 3642 1961 3688 et
1996 3644 2178 3688 vetera

604 3713 830 3781 ﬁgurate
856 3715 1174 3783 prophetata
1210 3724 1356 3784 sunt,
1391 3727 1444 3772 et
1483 3734 1621 3773 nova
1663 3719 1714 3773 in
1761 3728 1876 3776 toto
1911 3731 2177 3778 terrarum

601 3805 735 3859 orbe
776 3805 952 3873 palam
1002 3806 1329 3873 praedicata:
1363 3822 1458 3877 per
1507 3825 1668 3878 quam
1701 3811 1897 3866 malum
1932 3825 2178 3884 apertum

600 3901 708 3958 est.
745 3903 997 3962 terraque
1045 3895 1111 3949 ad
1141 3896 1378 3951 divinam
1426 3900 1567 3955 elata
1618 3901 1991 3958 celsitudinem
2037 3920 2181 3976 :per

601 4002 763 4056 quam
797 3990 1074 4056 paradisus
1092 4005 1384 4046 concessus
1404 4004 1490 4047 est
1522 3994 1851 4060 hominibus,
1880 3999 2179 4067 mortisque

604 4086 842 4144 potestas
862 4079 1058 4133 abolita
1091 4095 1107 4133 :
1133 4095 1229 4150 per
1256 4097 1419 4151 quam
1447 4085 1527 4139 vis
1554 4087 1916 4155 corruptionis
1944 4099 2028 4143 est
2049 4105 2181 4144 con-

603 4164 835 4230 culcata,
859 4168 1301 4238 perniciosusque
1329 4173 1525 4227 diaboli
1553 4175 1732 4229 cultus
1755 4175 1997 4231 sublatus
2024 4196 2037 4233 :
2074 4193 2171 4246 per

602 4272 764 4326 quam
811 4260 1043 4313 humana
1091 4262 1218 4315 vitia
1261 4265 1587 4319 mortiﬁcata
1645 4275 1791 4329 sunt,
1842 4269 2179 4340 angelicique

603 4351 822 4403 dominii
853 4352 1132 4420 designata
1164 4353 1287 4407 vita:
1318 4356 1494 4409 ratio:
1533 4370 1629 4425 per
1662 4373 1825 4426 quam
1860 4357 2070 4428 fugatus
2095 4371 2179 4416 est

602 4456 757 4495 error
794 4440 1123 4508 dzemonum,
1168 4445 1368 4515 Deique
1414 4448 1676 4517 sapientia
1735 4464 1800 4503 ac
1841 4451 2178 4506 cas1issimus

604 4533 959 4587 annuntiatus
992 4535 1278 4589 adventus.
1327 4535 1451 4590 Non
1502 4539 1639 4591 enim
1695 4540 1934 4608 angelus,
1973 4541 2175 4610 inquit,

604 4639 765 4690 neque
795 4625 1016 4695 legatus,
1067 4627 1159 4680 sed
1209 4628 1315 4696 ipse
1355 4628 1616 4684 Dominus
1664 4633 1828 4685 ueniet
1865 4643 1915 4686 et
1956 4633 2176 4688 salvabit

600 4730 687 4766 eos
710 4713 774 4768 “.
800 4714 845 4771 Ο
870 4716 1167 4772 faustorum
1202 4720 1509 4775 nuntiorum
1555 4722 1832 4777 immensae
1867 4724 2100 4779 divitiae!
2143 4740 2176 4779 o

603 4806 1128 4875 sapientissimorum
1178 4822 1640 4867 sacramentorum
1700 4814 1925 4869 scientia
1960 4816 2176 4871 inenar-

2278 3644 2427 3697 ἐστὶν
2460 3645 2620 3715 ἑορτή
2642 3662 2656 3676 ο
2691 3644 2760 3697 δι’
2793 3645 2863 3716 ἢν
2916 3644 3011 3699 καὶ
3054 3644 3124 3699 τά
3162 3644 3369 3700 παλαιά
3413 3648 3856 3719 πεπροφήτευται

2276 3733 2543 3799 τυπικῶς,
2570 3734 2757 3789 καὶτὰ
2784 3734 2882 3789 νέα
2910 3734 3206 3808 διαρρήδην
3234 3738 3316 3802 είς
3344 3739 3527 3792 πᾶσαν
3551 3737 3649 3809 τὴν
3679 3738 3857 3792 οίκουο

2283 3824 2448 3895 μένην
2481 3827 2851 3898 κεκήρυκται·
2886 3828 2953 3881 δι’
2984 3831 3049 3898 ἥν
3097 3828 3307 3900 φθορᾶς
3342 3829 3571 3901 δύναμις
3604 3830 3854 3900 πεπάτη-

2276 3931 2389 3980 ται,
2418 3916 2512 3969 καὶ
2542 3917 2791 3971 διαϐόλου
2827 3918 2992 3982 σέϐας
3036 3919 3278 3993 ὀλέθριον
3317 3924 3631 3976 πέπαυται·
3680 3922 3748 3975 δι’
3789 3922 3858 3992 ἢν

2279 4005 2598 4078 ἀνθρώπινα
2619 4008 2766 4079 πάθη
2797 4010 3188 4078 τεθανάτωται,
3213 4011 3512 4083 ἀγγελικῆς
3541 4012 3858 4076 δεσποτείας

2280 4095 2395 4166 βίος
2434 4099 2881 4155 ἀνακεκαίνισται
2909 4102 3015 4175 (2)·
3052 4103 3119 4156 δι’
3170 4104 3236 4174 ἢν
3279 4105 3510 4175 οὐρανὸς
3554 4104 3853 4175 ὴνέῳκται.

2278 4189 2375 4242 καὶ
2400 4191 2470 4261 γῆ
2506 4193 2587 4255 είς
2623 4192 2766 4246 θεῖον
2807 4191 2944 4263 ὕψος
2977 4194 3340 4266 μετεώρισται
3361 4213 3375 4227 ο
3404 4196 3472 4249 δι’
3502 4197 3567 4267 ἣν
3596 4194 3856 4266 παράδει-

2280 4297 2371 4344 σος
2398 4281 2704 4355 ἀνθρώποις
2726 4284 3063 4350 ἀποδέδοται,
3102 4287 3199 4340 καὶ
3233 4287 3463 4342 θανάτου
3494 4287 3692 4359 κράτος
3720 4303 3850 4339 κατ-

2275 4373 2544 4444 ήργηταιο
2588 4375 2655 4428 δι’
2686 4376 2753 4447 ἢν
2797 4377 2975 4447 πλάνη
3022 4378 3293 4449 δαιμόνων
3350 4378 3654 4444 δεδίωκται,
3719 4377 3856 4431 Θεοῦ

2278 4466 2442 4535 σοφία
2478 4468 2575 4522 καὶ
2619 4470 2893 4539 πάναγνος
2933 4473 3203 4544 παρουσία
3234 4474 3562 4545 μεμήνυται.
3597 4475 3718 4527 Οὐκ
3749 4473 3853 4541 ἄτη

2277 4559 2455 4632 τελος
2486 4556 2617 4627 γὰρ,
2672 4560 2855 4630 φησὶν,
2913 4561 3057 4615 οὐδὲ
3105 4565 3395 4632 πρέσϐυς,
3437 4562 3576 4619 ἀλλ’
3609 4561 3790 4629 αὐτὸς
3822 4565 3857 4616 ὀ

2275 4630 2492 4715 ίίύριος
2523 4649 2657 4716 ἥξει
2698 4651 2797 4704 καὶ
2843 4652 3031 4707 σώσει
3065 4630 3307 4722 αὐτούς.
3339 4652 3412 4709 Ὦ
3443 4655 3603 4711 θείων
3631 4657 3856 4725 εὐαγγε-

2275 4734 2403 4789 λίων
2427 4738 2656 4803 πλοῦτος
2674 4739 2981 4811 ἀμύθητοςε
3008 4737 3355 4814 ὧπανσόφων
3382 4747 3691 4818 μυστηρίων
3718 4745 3858 4813 γνῶο

2278 4842 2362 4890 σις
2399 4828 2821 4901 ἀνεκδιήγητοςί
2870 4827 2918 4887 ὧ
2963 4834 3125 4888 θείων
3171 4837 3466 4908 ἀφράστων
3498 4836 3713 4909 δωρεῶν
3758 4836 3855 4922 θης

604 4897 820 4952 rabilis!
868 4914 903 4953 ο
946 4900 1252 4956 divinorum
1305 4902 1658 4957 ineﬂ'abilium
1698 4905 1960 4959 donorum
2021 4905 2225 4966 iude-(

2280 4921 2479 4990 σαυρὸς
2507 4897 2925 4988 ἁνεξάλειπτοςί
2970 4919 3016 4978 ὦ
3060 4897 3422 5000 προνοητικῆς
3449 4897 3858 5001 φιλανθρωπίας

601 4987 857 5044 fectibilis
916 4989 1238 5046 thesaurus!
1279 5008 1313 5047 ο
1367 4995 1603 5062 providae
1653 4995 1953 5051 clementiae
1998 4998 2171 5068 gratia

604 5078 1043 5134 innumerabilis!
1081 5079 1203 5148 Ipse
1233 5082 1394 5145 enim,
1436 5084 1629 5152 inquit,
1676 5083 1932 5140 Dominus
1985 5089 2169 5151 veniet,

604 5179 652 5223 et
677 5170 903 5225 salvabit
932 5188 1047 5228 nos.
1075 5172 1214 5239 Quo,
1246 5175 1505 5243 propheta
1542 5176 1744 5241 divine,
1786 5180 1944 5234 modo
1968 5183 2036 5236 ad
2072 5196 2170 5238 nos

674 5302 720 5333 “
758 5302 866 5358 Tit.
898 5319 959 5369 ιι,
994 5306 1084 5360 l3.
1164 5308 1207 5338 "
1235 5306 1338 5362 lsa.
1376 5322 1533 5373 mn,
1568 5308 1623 5366 9.

675 5419 752 5503 (ί)
784 5421 899 5502 ,Kal
920 5423 1216 5492 ἀκήρατος
1254 5427 1452 5492 χορός.
1480 5424 1727 5503 Placeret
1743 5429 1914 5494 magis
1947 5430 2124 5503 χῶρος
2155 5451 2171 5466 .

602 5492 922 5570 retinuimus
944 5505 1124 5570 tamen
1155 5508 1371 5570 propter
1396 5511 1649 5570 sequens,
1674 5492 1895 5563 θίασος,
1926 5492 1983 5554 ui
2006 5492 2174 5570 signi-

604 5564 796 5615 licetur
825 5565 1108 5630 paradisus
1133 5575 1188 5618 et
1213 5564 1401 5619 hortus
1430 5567 1538 5628 ille,
1566 5570 1632 5621 ad
1661 5572 1874 5620 modum
1906 5570 2006 5622 loci
2042 5564 2171 5625 cho-

598 5631 711 5686 reis
726 5632 1012 5705 destinati,
1046 5644 1100 5687 et
1125 5634 1227 5689 loci
1253 5635 1505 5703 tripudii:
1541 5637 1718 5705 qualis
1745 5650 1870 5693 vere
1893 5638 1994 5693 fuit
2018 5655 2175 5697 crea-

601 5705 693 5760 tus
723 5703 992 5756 innocenti
1030 5705 1254 5757 homini.

671 5769 753 5843 (2)
793 5771 1124 5843 Ἀπελικῆς
1144 5773 1497 5843 δεσποτείας
1509 5776 1581 5841 ,ϐἰ
1584 5793 1650 5843 ος
1667 5776 2172 5836 ἀνακεκαίνισται.

2279 5007 2440 5079 χάρις
2487 5010 2892 5083 ἀναρίθμητοςί
2932 5016 3127 5082 Αὐτὸς
3171 5016 3305 5086 γὰρ,
3348 5019 3533 5090 φησὶν,
3577 5020 3612 5072 ὁ
3642 5019 3856 5088 Κύριος

2277 5092 2566 5181 ἧξειηκαὶ
2592 5097 2781 5153 σώσει
2816 5100 2994 5170 ἡμᾶς.
3029 5103 3216 5169 Ἥξειν
3248 5106 3384 5178 πρὸς
3413 5109 3565 5178 ἡμᾶς
3587 5107 3705 5161 τίνα
3726 5108 3851 5181 τρό-

2276 5200 2398 5250 πον,
2428 5179 2475 5239 ὧ
2517 5186 2629 5242 θεῖε
2665 5192 2953 5265 προφῆτα,
2984 5195 3278 5266 κηρύττεις
3300 5198 3394 5253 τὸν
3424 5198 3662 5270 Κύριον;
3702 5179 3852 5270 Παῤ·

2279 5435 2442 5515 _Velut
2458 5438 2642 5515 prima
2668 5436 2757 5515 illa
2777 5438 3058 5515 libertate,
3083 5456 3189 5511 qua
3213 5443 3421 5499 similes
3445 5445 3669 5515 angelis,
3700 5457 3849 5515 mero

2283 5507 2508 5585 imperio
2535 5509 2792 5585 appetitui
2820 5507 3256 5585 dominabantur,
3287 5516 3369 5585 sin
3398 5507 3553 5585 plene
3584 5507 3848 5585 restituta,

2280 5583 2336 5628 at
2369 5577 2525 5653 velut~
2546 5578 2833 5653 inchoata;
2873 5579 3252 5653 abundantiori
3293 5583 3380 5638 illa
3398 5577 3581 5653 'gratia
3619 5594 3673 5639 et
3710 5583 3851 5636 sani-

2282 5656 2392 5728 tate
2433 5645 2528 5725 τοῦ
2572 5646 2905 5728 ἡγεμονικοῦ
2927 5687 2944 5713 ,
2974 5651 3311 5709 redundante
3357 5645 3641 5726 inucorpus
3671 5653 3847 5722 subje-

2283 5724 2448 5782 ctum,
2482 5724 2705 5786 ejusque
2733 5724 2900 5775 vires.
