4092 6438
263 436 308 494 31
1497 452 1761 509 ORATiO
1801 453 1866 507 IN
1906 453 2189 510 CHRISTI
2228 453 2591 513 NATALEM.
2673 532 2683 540 1
3595 463 3668 520 58

279 563 633 639 ῥησιὰσομαι
677 574 827 647 γὰρ
888 578 973 632 ἐν
1019 574 1199 647 τούτῳ
1228 575 1298 646 τῷ
1330 575 1485 647 μέρει
1519 577 1656 647 πρὸς
1680 577 1741 630 σὲ
1780 577 1844 630 τὸ
1871 577 1970 630 τῶν

2085 588 2370 632 venturum
2430 578 2714 632 Dominum
2761 577 3058 647 praedicas?
3079 579 3163 633 Ad
3195 587 3247 634 te
3283 579 3426 634 enim
3465 580 3570 635 hac
3610 582 3663 635 in

286 654 535 710 παλαιιέιν
567 662 839 736 ἀνδρῶν
892 666 1215 738 πρόσωπον
1236 666 1673 737 ἀναδεδεγμένος,
1706 667 1814 721 τῶν
1840 668 1970 722 ταύ-

2080 676 2234 735 parte
2260 667 2427 722 libere
2455 668 2670 737 loquar,
2693 683 2924 736 persona
2956 678 3197 724 veterum
3231 679 3531 741 assumpta,
3562 674 3658 742 qui

292 767 380 822 ποι
404 754 549 823 (εἰς)
579 756 705 827 τὴν
753 759 1165 830 πανύμνητόν
1211 776 1297 829 μοι
1329 758 1703 829 ἐορτασάντων
1730 761 1970 832 πανήγυ-

2079 757 2288 814 hancce
2311 759 2442 813 mihi
2487 759 2907 814 laudatissimam
2951 760 3323 817 celebritatem
3352 763 3658 831 coluerunt,

309 861 409 915 ριν,
447 847 610 917 μήτε
656 848 729 901 δὲ
764 851 886 903 τοῦ
938 849 1146 905 καινοῦ
1187 851 1277 903 καὶ
1308 851 1584 919 πανάγνω
1624 850 1847 905 τοκετοῦ
1876 850 1970 921 τῆς

2080 865 2180 905 nec
2200 866 2393 904 novum
2420 859 2596 906 tamen
2631 862 2686 905 et
2707 851 3069 906 castissimum
3110 852 3445 909 intemeratae
3478 854 3662 924 Virgi—

322 937 593 1008 ἄχραντον
620 939 974 1010 Παρθένου
1006 940 1442 1011 πεπειραμένων,
1479 940 1617 1012 μήτε
1646 940 1717 995 τὰ
1737 941 1847 995 τῶν
1875 942 1970 1011 ἀγ-

2080 939 2163 994 nis
2192 951 2429 1009 partum,
2475 942 2846 1011 experimento
2893 954 3283 1013 cognoverunt,
3318 961 3414 999 nec
3441 955 3661 1000 sancto-

338 1029 507 1097 γελῶν
545 1031 922 1100 ἑωρακότων
962 1035 1331 1103 σκιρτήματα,
1371 1033 1508 1103 μήτε
1535 1032 1633 1096 τὰς
1658 1032 1808 1097 θείας
1841 1034 1970 1103 ἀκη-

2080 1046 2198 1085 rum
2226 1031 2538 1100 angelorum
2565 1034 2816 1088 viderunt
2860 1035 3113 1103 tripudia,
3170 1050 3272 1090 nec
3309 1035 3525 1089 divinas
3556 1052 3653 1091 au-

362 1122 550 1175 κοὸτων
578 1123 814 1190 φωνὰς,
864 1124 942 1188 ἃς
991 1125 1129 1195 πρὸς
1156 1125 1279 1187 τοὺς
1324 1125 1489 1194 ἱερεῖς
1518 1125 1784 1196 ποιμένας
1813 1125 1978 1177 ἀνευ-

380 1213 672 1281 cupiebas;
733 1213 839 1267 τὸν
910 1214 1313 1284 γεγεννημένον
1363 1216 1623 1287 Σωτῆρα,
1680 1216 1977 1286 γεγηθότες

387 1304 717 1375 ἀπήγγελλον
737 1321 757 1337 ο
804 1307 952 1376 μήτε
990 1307 1097 1377 μὴν
1131 1306 1237 1359 τῶν
1268 1307 1457 1377 μάγων
1492 1306 1560 1359 τὰ
1589 1306 1738 1378 δῶρα
1763 1307 1976 1361 συνιέν-

392 1415 511 1461 των,
538 1398 634 1451 καὶ
657 1396 760 1468 τὴν
791 1397 1175 1469 προσκύνησιν
1203 1397 1302 1469 τὴν
1332 1397 1550 1469 θεῖκήν·
1589 1399 1814 1453 ἐκείνων
1841 1401 1975 1454 ἀνα-

395 1489 677 1560 δεξάμενος
711 1488 776 1541 τδ
818 1490 1134 1561 πρόσωπον,
1180 1489 1519 1560 ἐρωτήσαιμι
1553 1506 1614 1542 σε
1638 1490 1731 1542 τὸν
1774 1491 1975 1561 τρόπον

400 1582 497 1652 τῆς
540 1582 867 1652 παρουσίας.
920 1582 1277 1652 Κατέπληττε
1335 1581 1443 1652 γὰρ
1492 1583 1691 1645 αὐτοὺς
1745 1583 1972 1646 εἰκότως

402 1673 518 1726 λίαν
542 1671 604 1726 τὺ
629 1673 836 1743 λόγιον,
874 1674 970 1726 καὶ
998 1673 1194 1745 μικροῦ
1222 1673 1330 1726 δεῖν
1358 1672 1435 1743 τῷ
1467 1672 1660 1745 πλήθει
1695 1673 1789 1726 τοῦ
1822 1675 1974 1739 δέους

403 1765 714 1832 ἐξίστασθαι
749 1765 1161 1835 παρεσκεύασεν
1189 1764 1298 1819 τῶν
1322 1764 1549 1836 φρενῶν.
1592 1766 1665 1819 Οὐ
1692 1765 1801 1836 γὰρ
1830 1762 1974 1835 εἶχον

402 1858 561 1918 νοεῖν,
576 1857 660 1909 ὅτι
680 1856 711 1907 6
727 1854 992 1917 ἀθάνατος
1005 1854 1136 1918 Θεὸς
1163 1854 1298 1926 πρὸς
1329 1851 1645 1924 ἀνθρώπους
1669 1855 1971 1922 γεωδεστέι-

404 1965 527 2011 τους
556 1946 711 2018 ἥξει·
753 1946 784 1998 6
822 1946 1192 2016 ὰψηλὼρητος,
1236 1944 1374 2016 πρὸς
1415 1946 1539 2009 τοὺς
1586 1944 1875 2016 αίσθητούς
1899 1963 1913 1977 ο
1945 1950 1974 1999 6

405 2038 737 2110 ἀθεώρητος.
773 2039 907 2109 πρὸς
950 2039 1074 2101 τοὺς
1114 2037 1363 2109 ὁρατούς.
1410 2036 1537 2099 Πῶς
1582 2037 1692 2107 γὰρ
1724 2035 1789 2089 ἂν
1820 2038 1972 2108 ἥξειν

402 2129 496 2180 τὸν
522 2128 657 2182 Θεὸν
687 2127 963 2197 ᾠήθησαν,
983 2128 1075 2181 καὶ
1102 2125 1218 2188 πῶς
1240 2125 1602 2197 ὀφθήσεσθαις
1646 2126 1836 2191 Ἐνίοις
1876 2127 1974 2199 μὲν

406 2219 579 2272 ἐδόκει
605 2219 871 2289 πρότερον
904 2217 977 2281 ὠς
1008 2216 1165 2288 ὤφθη
1211 2215 1289 2288 τῷ
1326 2216 1578 2287 Ἀϐραὰμ
1602 2216 1669 2269 δι’
1701 2217 1968 2286 ἀγγέλων,

408 2314 441 2383 ἢ
480 2313 526 2366 δ’
564 2308 634 2366 αὖ
682 2311 864 2376 πάλιν,
902 2312 976 2375 ὡς
1014 2310 1168 2382 ὤφθη
1203 2309 1278 2380 τῷ
1325 2311 1535 2381 Μωῦσῇ
1574 2309 1664 2363 διὰ
1706 2311 1879 2382 πυρὸς
1914 2312 1973 2364 ἐν

321 2401 335 2409 ”
407 2407 472 2474 τῇ
500 2403 671 2474 βάτῳ,
701 2402 734 2474 ἦ
763 2403 881 2457 καθ’
902 2402 961 2455 ὅν
981 2402 1176 2475 τρόπον
1208 2401 1362 2471 ὤφθη
1392 2400 1471 2472 τῷ
1513 2401 1708 2473 Ἡσαΐᾳ
1735 2401 1824 2455 διὰ
1862 2402 1971 2457 τῶν

406 2495 670 2567 σεραφὶμ,
724 2494 757 2566 ἢ
796 2493 871 2565 τῷ
928 2491 1185 2563 Ἰεζεκιὴλ
1227 2492 1313 2545 διὰ
1353 2491 1460 2545 τῶν
1498 2493 1780 2564 χερου6ίμ.
1816 2492 1973 2546 Οὕτω

403 2587 517 2658 γὰρ
564 2587 766 2650 πάντες
798 2586 928 2639 Θεὸν
971 2585 1270 2657 ἑωρακέναι
1316 2584 1700 2655 διαμφοτέροις
1749 2584 1971 2655 τρόποις

408 2679 885 2747 μεμαρτυρήκασι.
938 2676 1094 2738 Ποίος
1140 2676 1315 2728 τοίνυν
1358 2672 1563 2726 τούτων
1620 2674 1840 2745 τρόπων
1891 2677 1973 2738 είς

406 2767 642 2839 θεωρίαν
671 2766 804 2821 Θεοῦ
830 2769 974 2819 ἐστιν
1005 2766 1152 2830 ἄξιος
1174 2783 1189 2832 ;
1222 2767 1379 2839 δῆλον
1405 2771 1487 2824 ὅτι
1509 2770 1631 2823 οὐδὲ
1657 2764 1756 2832 εἷς.

476 2861 724 2915 Πόθενδὲ
753 2860 983 2931 μάλιστα
1009 2859 1166 2913 τοῦτο
1197 2860 1566 2932 πιστούμεθα;
1610 2862 1705 2914 Ἐκ
1735 2859 1834 2929 τῆς
1860 2858 1973 2911 ἐτέ-

404 2971 506 3024 ρας
542 2953 642 3006 τοῦ
682 2956 958 3023 προφήτου
1003 2952 1184 3022 φωνῆς
1226 2952 1526 3025 λεγούσηςο
1565 2951 1726 3007 Μετὰ
1779 2949 1967 3004 ταῦτα

398 3047 501 3099 ἐστὶ
531 3046 641 3113 τῆς
674 3044 790 3114 τῆς
832 3043 1018 3114 ὤφθη,
1067 3044 1166 3097 καὶ
1206 3044 1331 3109 τοῖς
1372 3043 1703 3113 ἀνθρώποις
1741 3057 1964 3097 συναν-

398 3137 691 3207 εστράρη.
735 3135 1025 3199 Ὀπτασίας
1056 3136 1156 3206 μὲν
1181 3136 1285 3208 γὰρ
1315 3139 1517 3200 ἐκεῖνα,
1551 3136 1719 3190 καὶοὺ
1739 3150 1969 3188 συνανα-

2079 1123 2295 1177 dierunt
2327 1138 2504 1186 voces,
2560 1124 2755 1192 quibus
2798 1124 2900 1191 illi,
2939 1126 3112 1180 sacris
3136 1127 3446 1193 pastoribus
3477 1126 3659 1182 fauste

2080 1214 2459 1281 acclamantes,
2493 1226 2678 1270 natum
2713 1216 3046 1272 Salvatorem
3079 1216 3273 1287 gaudio
3300 1219 3657 1275 nuntiarunt:

2078 1309 2170 1362 sed
2219 1321 2394 1374 neque
2434 1322 2713 1377 magorum
2748 1322 2996 1374 munera,
3054 1308 3401 1376 divinamqne
3431 1325 3658 1380 perspe-

2079 1405 2274 1452 xerunt
2313 1400 2680 1453 adorationem
2713 1416 2728 1453 :
2758 1414 2969 1465 eorum,
3010 1400 3255 1470 inquam,
3294 1416 3523 1470 persona
3568 1418 3662 1457 as-

2077 1498 2308 1557 sumpta,
2330 1502 2397 1542 ex
2424 1497 2475 1543 te
2501 1490 2760 1544 adventus
2789 1491 3006 1543 modum
3039 1491 3367 1558 quaesierim.
3421 1491 3660 1547 Perculit

2076 1581 2220 1635 enim
2243 1595 2337 1635 eos
2364 1594 2623 1650 perquam
2662 1580 2857 1635 merito
2882 1582 3183 1647 oraculum,
3216 1597 3517 1652 parumque
3555 1585 3658 1637 ah-

2081 1672 2198 1736 tuit,
2222 1685 2289 1724 ne
2321 1684 2427 1738 prae
2455 1670 2658 1740 ingenti
2692 1680 2834 1726 metu
2873 1672 3119 1726 sensibus
3155 1673 3486 1727 deturbaret.
3533 1672 3654 1728 Non

2075 1763 2216 1815 enim
2256 1770 2505 1831 poterant
2537 1760 2810 1816 intellectu
2859 1762 3098 1831 assequi,
3143 1773 3431 1817 venturum
3482 1764 3650 1818 Deum

2078 1854 2435 1908 immortalem
2469 1854 2537 1908 ad
2574 1853 2944 1908 crassissimos
2983 1853 3259 1918 homines;
3312 1854 3515 1923 palpari
3559 1870 3659 1909 ne-

2075 1947 2267 2010 scium,
2295 1946 2361 2001 ad
2384 1946 2703 2012 sensibiles;
2749 1946 3099 2008 invisibilem,
3137 1947 3202 2000 ad
3243 1946 3500 2004 visibiles.
3517 1946 3654 2000 Nam

2074 2038 2343 2108 quomodo
2369 2048 2675 2103 venturum,
2711 2052 2925 2107 quoque
2953 2038 3110 2092 modo
3138 2036 3423 2091 videndum
3458 2039 3649 2093 existi-

2075 2129 2323 2183 marent?
2356 2128 2582 2195 Quidam
2606 2128 2749 2182 enim
2777 2126 3052 2196 putabant,
3082 2127 3222 2181 sicut
3247 2126 3395 2197 prius
3418 2126 3655 2181 Abraha:

2074 2221 2321 2289 apparuit
2350 2235 2445 2288 per
2480 2217 2704 2288 angelos
2725 2219 2766 2249 "
2794 2235 2808 2271 :
2841 2228 2933 2271 aut
2972 2234 3187 2272 rursum
3230 2226 3287 2272 ut
3324 2233 3418 2286 per
3468 2218 3645 2288 ignem

2076 2313 2242 2384 Moysi
2280 2313 2331 2366 in
2370 2312 2504 2366 rubo
2526 2311 2609 2365 ¹⁸ι
2645 2318 2736 2365 aut
2770 2311 3041 2380 quomodo
3084 2309 3233 2363 Isaiae
3260 2310 3407 2362 visus
3443 2319 3525 2362 est
3557 2323 3653 2377 per

2073 2405 2402 2475 serapbim“
2445 2422 2460 2459 :
2516 2415 2610 2458 aut
2662 2403 2929 2458 Ezechieli
2998 2418 3093 2471 per
3133 2400 3413 2457 cherubim
3436 2400 3503 2456 '°.
3555 2400 3655 2454 llis

2073 2498 2216 2552 cnim
2265 2496 2540 2550 alterutris
2590 2495 2783 2560 modis,
2811 2495 2976 2550 Deum
3004 2509 3190 2548 omnes
3223 2494 3424 2548 vidisse
3471 2494 3652 2549 testati

2073 2600 2218 2644 sunt.
2251 2587 2381 2656 Quis
2408 2603 2536 2656 ergo
2560 2586 2769 2641 illorum
2798 2586 3013 2654 dignus,
3038 2595 3097 2639 ut
3120 2600 3178 2640 se
3215 2584 3357 2640 Deus
3374 2600 3440 2641 eo
3466 2585 3654 2639 viden-

2073 2680 2199 2734 dum
2231 2678 2533 2749 praeberet?
2560 2675 2786 2731 Planum
2817 2686 2901 2732 est
2930 2692 2998 2731 ne
3022 2675 3191 2731 ullum
3218 2690 3359 2731 esse.

2144 2874 2208 2929 ll.
2237 2873 2389 2930 Unde
2416 2875 2466 2930 id
2494 2874 2917 2929 conﬁrmamus?
2948 2874 3022 2928 Ex
3055 2874 3157 2929 alia
3187 2876 3462 2943 propheta:
3492 2889 3650 2942 voce,

2073 2967 2302 3021 dicentis
2328 2984 2343 3021 :
2376 2962 2504 3019 Post
2534 2966 2646 3019 lucc
2667 2966 2722 3018 in
2766 2973 2908 3018 terra
2939 2965 3079 3018 visus
3116 2974 3215 3026 est,
3237 2974 3283 3018 et
3312 2980 3432 3018 cum
3474 2964 3650 3018 Inomi-

2072 3057 2584 3127 nibus,;onoersatus
2612 3057 2772 3112 est“.
2802 3055 2897 3109 llla
2922 3058 3139 3124 quidem
3168 3054 3387 3110 visionis
3412 3055 3645 3116 luerunt.

2074 3163 2178 3202 non
2211 3149 2643 3202 conversationis
2685 3155 3001 3215 argumenta
3038 3164 3052 3200 :
3081 3146 3183 3199 ista
3216 3145 3646 3200 conversationis

402 3227 645 3298 στροφῆς
695 3226 906 3297 ὑπῆρχε
952 3228 1252 3298 τεκμήρια·
1288 3227 1459 3281 ταῦτα
1502 3229 1963 3298 συναναστροφῆςν

2073 3248 2220 3302 sunt,
2250 3254 2353 3293 non
2382 3239 2605 3294 visionis
2650 3238 2940 3306 praeconia.
2984 3235 3265 3302 Quomodo
3314 3236 3475 3303 igitur
3511 3236 3587 3289 ait
3630 3256 3644 3291 :

402 3317 497 3370 καὶ
536 3319 641 3370 οὐκ
678 3317 942 3380 ὀπτασίας
985 3316 1239 3385 τυγχάνει
1288 3316 1640 3388 κηρύγματα.
1695 3315 1821 3378 Πῶς
1874 3311 1968 3368 οὖν

404 3411 597 3480 φησίν·
651 3408 844 3475 Αὐτὸς
888 3412 921 3463 ὁ
966 3409 1178 3476 Κύριος
1226 3408 1377 3478 ἣξει,
1410 3410 1509 3463 καὶ
1549 3407 1735 3463 σώσει
1778 3407 1969 3478 ripae;

402 3503 582 3573 Δὲγης
625 3500 691 3553 ἂν
722 3503 874 3571 ἡμῖν,
923 3492 967 3552 ὦ
1022 3499 1278 3571 μακάριε.
1329 3499 1454 3564 Πῶς
1496 3501 1525 3552 6
1560 3500 1971 3570 ἀσχημάτιστος

403 3592 827 3664 σχηματίζεταις
862 3594 890 3645 6
919 3591 1192 3663 ἀκίνητος,
1225 3591 1332 3644 ἀπὸ
1382 3590 1491 3644 τῶν
1538 3590 1805 3661 οὐρανίων
1844 3589 1968 3661 θρό-

403 3701 509 3738 νων
550 3685 645 3737 ἐπὶ
680 3682 784 3753 τῆς
815 3681 920 3751 γῆς
963 3682 1123 3736 πάλιν
1159 3680 1628 3753 ἀντιμεθίσταται;
1660 3683 1789 3753 είπῃ
1826 3680 1872 3733 δ’
1903 3681 1970 3735 ἂν

404 3778 539 3847 πρὸς
565 3777 767 3838 αὐτοὺς
790 3772 1041 3828 ἀπαντῶν
1062 3773 1245 3838 ὁθεῖος
1270 3767 1423 3838 οὗτος
1442 3773 1579 3843 ἀνήρ
1596 3790 1611 3804 ο
1628 3772 1749 3825 Ὅτι
1769 3772 1834 3825 δι’
1857 3772 1972 3825 ἑτέ-

403 3886 513 3939 ρων
541 3867 738 3935 λογίων
767 3866 855 3919 τὸν
886 3865 1083 3936 τρόπον
1126 3864 1395 3934 ἠκούσατε
1431 3864 1529 3934 τῆς
1567 3863 1889 3934 παρουσίας,
1918 3862 1970 3915 τί

402 3960 680 4031 πρισσῶς
726 3958 1223 4029 πολυπραγμονεῖτε
1272 3955 1505 4010 ἐνταῦθα
1547 3955 1608 4009 τὸ
1653 3955 1862 4023 λόγιον;
1898 3955 1970 4007 Ἦ

400 4049 629 4119 λέληθεν
660 4050 803 4119 ὑμᾶς
847 4048 909 4101 τὸ
953 4047 1261 4118 εἰρημένον,
1307 4048 1390 4101 ὅτι
1443 4047 1513 4100 Ἡ
1560 4045 1858 4114 παρθένος
1901 4045 1972 4098 ἐν

400 4138 616 4207 γαστρί
650 4137 792 4202 ἕξει,
825 4135 927 4190 καὶ
955 4136 1185 4200 τέξεται
1205 4135 1358 4196 υἱὸν,
1397 4133 1496 4190 καὶ
1532 4132 1876 4187 καλέσουσι
1902 4131 1969 4185 τὸ

403 4228 595 4297 ὄνομα
631 4228 812 4281 αὐτοῦ
860 4225 1265 4297 Ἑμμανουὴλ,
1302 4226 1335 4280 ὅ
1367 4225 1501 4280 ἐστι
1535 4225 1972 4295 μεθερμηνευό-

396 4339 613 4392 μενον,
641 4324 778 4377 Μεθ’
808 4321 978 4391 ἡμῶν
1009 4325 1042 4375 ό
1082 4323 1255 4387 Θεός;
1283 4320 1332 4392 ἢ,
1349 4321 1449 4374 οὐκ
1475 4320 1751 4390 ἀκηκόατε
1782 4318 1843 4371 τὸ
1879 4335 1973 4388 γε-

398 4413 745 4484 γραμμένον,
781 4414 863 4467 ὅτι
897 4411 1146 4467 Παιδίον
1182 4411 1472 4483 ἐγεννήθη
1504 4411 1672 4481 ἡμῖν,
1708 4410 1841 4477 υίὸς
1868 4410 1967 4464 καὶ

398 4507 583 4573 ἐδόθη
622 4504 785 4574 ἡμῖν,
816 4499 887 4560 οὗ
914 4504 954 4573 ἠ
992 4504 1148 4575 ἀρχὴ
1180 4504 1280 4558 ἐπὶ
1309 4504 1416 4557 τοῦ
1449 4502 1610 4573 ὤμου
1641 4501 1847 4564 αὐτοῦ,
1873 4501 1971 4556 καί

2071 3330 2195 3400 Ipse
2222 3330 2474 3384 Dominus
2510 3331 2695 3393 veniet,
2729 3340 2776 3383 et
2806 3328 3023 3383 salvabit
3058 3330 3192 3382 nos?
3226 3326 3435 3382 Dixeris
3470 3326 3650 3390 "Obis,

2072 3438 2106 3476 o
2139 3425 2292 3479 beate
2324 3438 2341 3477 :
2373 3421 2641 3490 quomodo
2682 3421 2963 3488 ﬁguratur,
3019 3418 3073 3472 in
3124 3432 3287 3487 quem
3345 3431 3452 3472 non
3503 3418 3653 3471 cadit

2073 3514 2279 3584 ﬁgura?
2312 3512 2713 3580 immobilisque
2762 3510 2830 3565 ab
2864 3510 3178 3566 coelestibus
3206 3509 3443 3574 sedibus,
3493 3509 3652 3563 dere-

2071 3605 2199 3659 licta
2241 3618 2453 3657 rursum
2496 3602 2749 3667 statione,
2795 3601 2850 3655 in
2897 3609 3093 3654 terram
3143 3596 3515 3653 transfertur?
3553 3597 3650 3652 llis

2072 3710 2200 3749 vero
2235 3695 2317 3749 vir
2367 3694 2582 3749 divinus
2620 3692 2942 3754 occurrerit,
2987 3692 3175 3745 dicens
3215 3708 3229 3744 :
3262 3687 3383 3745 Alio
3431 3691 3653 3744 oraculo

2075 3788 2329 3841 traditum
2372 3786 2653 3840 audivistis
2695 3787 2958 3839 adventus
2990 3784 3228 3838 modum.
3260 3784 3399 3850 Quid
3431 3784 3518 3837 hic
3550 3800 3647 3839 su-

2071 3892 2402 3947 pervacanea
2440 3878 2752 3930 curiositate
2793 3874 3080 3944 exquiritis
3120 3874 3439 3929 oraculum?
3481 3873 3649 3943 Fugit

2073 3979 2169 4019 vos
2216 3964 2417 4018 dictum
2472 3964 2646 4016 illud:
2690 3960 2827 4015 Ecce
2861 3961 3004 4029 virgo
3033 3961 3237 4015 habebit
3286 3963 3339 4014 in
3381 3972 3551 4026 utero,
3598 3972 3647 4013 et

2070 4058 2237 4127 pariet
2265 4056 2457 4125 ﬁlium,
2490 4065 2536 4108 et
2567 4055 2818 4108 vocabunt
2860 4068 3047 4106 nomen
3090 4052 3203 4121 ejus
3241 4050 3646 4105 Emmanuel":

2071 4151 2215 4219 quod
2256 4149 2647 4217 interpreteris,
2674 4146 2962 4200 Nobiscum
2987 4142 3125 4197 Deus
3143 4144 3169 4196 ι
3198 4141 3387 4198 Nonne
3414 4143 3641 4197 audistis

2070 4241 2214 4307 quod
2254 4242 2511 4308 scriptum
2552 4248 2659 4302 est,
2698 4238 2823 4306 quia
2862 4236 3127 4290 Parvulas
3165 4244 3320 4289 natus
3355 4244 3430 4288 est
3474 4235 3643 4299 nobis,

2068 4334 2213 4401 ﬁlius
2247 4342 2294 4386 et
2327 4332 2483 4386 datus
2510 4341 2582 4385 est
2621 4331 2791 4395 nobis,
2826 4327 2976 4396 cujus
3008 4326 3334 4394 principatus
3360 4340 3516 4393 super
3551 4325 3649 4377 hu-

2068 4434 2268 4472 merum
2294 4417 2432 4486 ejus,
2472 4427 2521 4471 et
2555 4427 2774 4470 vocatur
2818 4430 3004 4469 nomen
3042 4413 3175 4483 ejus.
3213 4412 3394 4481 magni
3441 4414 3647 4466 consilii

2068 4505 2284 4575 angelus
2313 4523 2335 4562 :
2364 4504 2717 4566 admirabilis,
2748 4503 3108 4566 consiliarius,
3162 4501 3302 4555 Deus
3335 4500 3514 4567 fortis,
3553 4518 3649 4570 po-

400 4594 675 4648 zalsitsu
718 4595 783 4647 τὸ
820 4594 1005 4663 ὄνομα
1028 4593 1233 4659 αὐτοῦ,
1259 4592 1524 4663 μεγάλης
1539 4592 1780 4661 ,ϐουλῆς
1804 4592 1970 4662 ἄγγε-

2075 4605 2209 4662 tens,
2237 4596 2475 4665 princeps
2518 4598 2695 4663 pacis,
2744 4604 2893 4663 pater
2932 4593 3100 4661 futuri
3132 4591 3417 4648 “sculi”?
3461 4590 3542 4646 Ex
3583 4593 3651 4648 iis

399 4691 534 4753 λος,
559 4685 920 4754 θαυμαστὸς,
947 4688 1304 4755 σύμϐουλος,
1332 4684 1475 4752 Θεὸς
1498 4685 1766 4755 ίσχυρὸς,
1796 4684 1970 4749 ἐξου-

398 4778 690 4845 σωστὴς,
739 4777 933 4847 ἄρχων
963 4776 1226 4846 εἰρήνης,
1260 4777 1456 4846 πατὴρ
1498 4776 1603 4831 τοῦ
1635 4778 1972 4846 μέλλοντος

400 4870 623 4935 αἰῶνος
638 4870 764 4934 ;Ἐκ
790 4869 990 4923 τούτων
1011 4869 1116 4922 τῶν
1140 4869 1309 4939 λόγων
1352 4869 1442 4923 τὸν
1473 4869 1671 4940 τρόπον
1704 4868 1806 4938 τῆς
1830 4884 1971 4940 παρ-

401 4964 590 5025 ουσίας
654 4962 943 5029 ἐπέγνωτε.
1021 4960 1293 5032 Παρθένος
1362 4961 1471 5033 γὰρ
1525 4960 1799 5033 ἄφθαρτος
1829 4961 1967 5014 ἁπο-

406 5056 597 5121 κυήσει
661 5051 981 5122 σωματικῶς
1033 5053 1125 5105 τὸν
1176 5051 1369 5123 λύχνον
1415 5052 1508 5105 τὸν
1555 5050 1830 5123 ἄφθαρτον
1862 5049 1962 5122 (5).

477 5166 518 5197 ι’
546 5165 687 5219 Gen.
721 5181 854 5229 xm,
887 5164 939 5218 1.
1016 5164 1060 5197 ⁸⁸
1079 5164 1249 5219 Exod.
1280 5178 1361 5229 ιιι,
1403 5162 1461 5219 2.
1537 5162 1705 5218 “lsa.
1749 5177 1822 5227 vr,
1863 5163 1920 5218 2.

2074 5163 2272 5219 lszech.
2307 5179 2362 5229 ι,
2403 5172 2508 5218 etc.

409 5234 454 5265 ”
476 5236 572 5288 lsa.
608 5251 687 5297 Ix,
711 5235 764 5289 6.

480 5378 553 5445 (‘5)
597 5374 714 5428 Τὸν
743 5375 972 5445 λύχνον
1002 5372 1107 5427 τὸν
1134 5373 1454 5445 ἄφθαρτον.
1494 5372 1643 5445 Solet
1675 5370 1868 5426 crebro
1904 5370 1962 5427 in

405 5443 687 5527 ﬁeriptura
745 5444 1133 5527 perlucet-nam
1165 5443 1432 5527 designari
1465 5443 1643 5527 proles
1662 5450 1716 5523 et
1740 5457 1928 5527 semen
1945 5459 1961 5507 ;

402 5515 461 5569 in
502 5509 609 5581 qua
658 5509 917 5581 igniculus
964 5513 1141 5567 Patris
1183 5523 1238 5567 et
1270 5512 1430 5567 Pater
1466 5509 1619 5565 'velut
1656 5511 1821 5565 vivnt.
1873 5509 1968 5565 Sic

397 5582 628 5639 Jansen.
672 5583 799 5637 illud
827 5582 955 5650 psal.
991 5598 1178 5641 cum.
1212 5581 1401 5635 Paraci
1445 5584 1709 5636 lucernam
1757 5579 1966 5650 Christo

398 5670 540 5717 ﬂeo,
564 5648 1044 5722 paraphrabticrbs:
1079 5650 1274 5705 Paravi
1299 5654 1434 5705 enim
1463 5660 1618 5722 uncto
1652 5666 1764 5703 meo
1793 5648 1967 5722 Dauid

402 5720 787 5789 posteritatem.
825 5739 940 5790 quia
964 5740 1064 5777 sua
1104 5722 1343 5775 claritate
1383 5730 1431 5775 et
1474 5720 1673 5788 gloria,
1705 5720 1857 5791 quasi
1884 5720 1968 5772 lu-

405 5807 565 5845 cerna
595 5789 1139 5860 quadam'illustrabit
1175 5792 1383 5844 Davitlis
1421 5806 1605 5844 nomen
1634 5805 1652 5843 :
1694 5789 1781 5841 ubi
1812 5789 1964 5857 plura

410 5862 466 5915 in
500 5879 625 5918 eam
671 5878 805 5917 rem.
855 5860 965 5917 Prae
1001 5862 1259 5918 omnibus
1297 5871 1471 5915 autem
1507 5860 1607 5914 fuit
1654 5860 1839 5914 Mariae
1886 5861 1969 5913 lu-

2080 4688 2417 4742 sermonibus
2457 4686 2731 4757 cognitum
2789 4686 2998 4741 habetis
3049 4685 3266 4738 modum
3323 4685 3643 4755 praesentiae.

2079 4778 2243 4848 Virgo
2264 4779 2406 4831 enim
2446 4778 2757 4846 incorrupta
2813 4778 3049 4830 nesciam
3097 4775 3241 4829 illam
3285 4775 3652 4844 corruptionis

2078 4867 2350 4921 lucernam
2428 4866 2697 4934 corporali
2781 4865 2989 4920 ratione
3063 4867 3348 4934 concipiet.
3424 4863 3650 4934 Oportet

2074 4959 2217 5012 enim
2249 4966 2307 5011 ut
2342 4972 2402 5012 se
2426 4956 2517 5011 Dei
2556 4954 2787 5009 Verbum
2832 4955 3272 5025 augustissimum
3315 4955 3382 5010 ad
3425 4969 3648 5010 carnem

2071 5063 2241 5118 usque
2275 5050 2430 5106 nobis
2462 5049 2715 5112 inclinet;
2746 5056 2806 5105 ut
2845 5064 2981 5118 quos
3015 5049 3329 5117 incorporea
3369 5048 3652 5103 divinitate

2586 5162 2630 5196 "
2669 5162 2882 5219 Baruch
2930 5178 3014 5227 ιιι,
3047 5162 3136 5218 58.
3213 5164 3260 5194 ²²
3292 5162 3396 5217 lsa.
3432 5176 3527 5227 vn,
3559 5161 3651 5217 M.

2068 5382 2231 5425 cerua
2273 5366 2532 5421 Dominus
2575 5364 2771 5429 Iesus,
2806 5363 2898 5433 qui
2932 5361 3020 5417 lux
3060 5362 3127 5417 de
3160 5359 3279 5433 luce
3314 5368 3578 5433 aeternum
3619 5376 3650 5413 ιι

2069 5438 2231 5493 Patre
2256 5437 2439 5508 prodit
2463 5452 2478 5498 ;
2512 5432 2919 5508 huruanurntjue
2945 5442 3000 5486 et
3031 5447 3186 5508 suum
3208 5432 3524 5508 dignatione
3556 5445 3650 5498 ge-

2071 5524 2196 5572 nus,
2236 5500 2438 5562 carnali
2468 5520 2532 5559 ex
2570 5520 2633 5559 ca
2663 5500 2946 5558 nativitate
2968 5541 2983 5565 ,
3018 5503 3084 5556 ad
3113 5502 3307 5572 divina:
3332 5500 3470 5553 lucis
3495 5514 3650 5552 com-

2072 5571 2358 5639 mercium,
2390 5576 2735 5648 deilicatione
2764 5572 3068 5628 admirabili
3094 5571 3278 5648 evehit
3309 5587 3323 5623 :
3354 5578 3414 5622 ut
3439 5577 3648 5648 tantum

2074 5648 2237 5702 faciat
2302 5647 2548 5700 homines
2598 5646 2765 5705 deos,
2801 5640 3303 5717 quantumlactus
3357 5648 3444 5717 est
3498 5640 3649 5717 ipse,

2076 5720 2238 5789 horno
2267 5735 2286 5789 :_
2334 5727 2391 5769 ut
2432 5717 2620 5789 ingens
2653 5717 2742 5769 illa
2776 5707 3057 5789 theologia:
3081 5707 3653 5789 “lucernaﬁrego‘rius

2074 5787 2358 5842 audentius
2414 5775 2636 5854 protulit
2710 5775 3037 5854 exponitque
3079 5782 3143 5838 D.
3204 5777 3471 5834 Maximus
3516 5775 3650 5832 dub.

2075 5859 2141 5914 ad
2171 5856 2456 5922 Thomam,
2484 5867 2590 5912 etc.
