4092 6430
292 448 337 506 tt
1503 458 1763 516 ORATIO
1800 458 1869 514 lN
1906 458 2187 517 CHRISTI
2224 452 2576 515 NATALEM.
3590 446 3664 515 ta

302 570 607 642 παρθένου,
669 580 712 632 ὁ
765 580 892 635 διὰ
940 580 1159 653 ταύτης
1180 581 1235 635 τὸ
1262 582 1388 653 πρὶν
1435 583 1541 635 ὑπὸ
1578 583 1677 653 τὴν
1704 582 1983 653 ἁμαρτίαν

2087 592 2171 637 est
2217 584 2269 637 in
2321 583 2625 637 libertatem
2683 595 2780 652 per
2813 580 3110 649 Virginem,
3135 581 3226 651 qui
3264 596 3360 650 per
3404 580 3664 653 virginem

310 662 500 717 πεσὼν.
544 669 670 723 Διὰ
713 672 1124 744 παρθενικοῦ
1161 670 1370 725 τοκετοῦ
1407 673 1823 744 τεταρτὰρωται
1863 674 1977 728 δαιο

2089 676 2217 729 olim
2253 677 2354 730 sub
2397 686 2677 745 peccatum
2718 684 3020 730 corruerat.
3064 673 3322 745 Virginali
3366 684 3544 745 partu,
3586 686 3665 730 tot

319 755 485 825 piam
517 759 834 831 ἀορὰτων
907 764 994 818 τὰ
1039 763 1268 817 τοσαῦτα
1312 764 1404 818 καὶ
1448 765 1754 835 τηλικαῦτα
1786 768 1986 838 συστή-

331 867 484 919 ματα.
534 853 950 928 Σύμμιορφος
980 860 1103 921 τοῖς
1139 858 1340 920 δούλοις
1374 860 1403 912 ό
1434 858 1713 930 Δεσπότης
1739 859 1986 928 γέγονεν,

339 941 424 993 ἵνα
453 942 506 995 οἱ
558 943 771 999 δοῦλοι
809 948 1113 1014 γένωνται
1154 946 1463 1018 σύμμορφοι
1507 947 1669 1002 πάλιν
1709 947 1867 1001 Θεοῦ.
1917 944 1988 1000 Ὦ

2090 775 2360 835 tantaeque
2391 765 2742 821 invisibilium
2773 765 3077 821 daemonum
3103 766 3273 836 cupiw
3301 767 3353 821 in
3399 774 3661 822 tartarum

2087 858 2390 928 prascipites
2415 858 2553 912 data:
2588 865 2729 912 sunt.
2752 856 2953 912 Factus
2980 866 3056 912 est
3087 857 3346 913 Dominus
3370 857 3663 913 conformis

2087 951 2279 1016 servis,
2321 958 2378 1003 ut
2428 949 2572 1004 servi
2626 949 2822 1006 iterum
2859 950 3166 1005 conformes
3210 950 3319 1005 Deo
3363 950 3576 1007 ﬁerent.
3615 950 3663 1005 Ο

352 1030 601 1105 Βηθλεέμ
632 1036 816 1100 πόλις
855 1037 1209 1108 ἡγιασμένη,
1240 1038 1335 1092 καὶ
1363 1041 1479 1101 τοῖς
1506 1037 1814 1110 ἀνθρώποις
1851 1056 1986 1107 συγ-

373 1126 775 1200 κειληρωμὲνη
807 1131 932 1200 (7).
981 1126 1057 1183 Ὦ
1114 1130 1308 1201 φάτνη,
1359 1124 1406 1184 ὦ
1455 1131 1626 1201 φάτνη
1677 1131 1987 1201 συμμέτοχε

385 1217 485 1271 τῶν
520 1218 847 1290 Χερουϐὶμ,
879 1220 986 1273 καὶ
1027 1221 1257 1292 όμότιμε
1296 1219 1405 1274 τῶν
1450 1221 1731 1293 Σεραφίμί
1789 1222 1847 1274 Ὀ
1877 1222 1987 1293 γὰρ

396 1309 613 1373 citavit»;
634 1310 730 1363 ὑπ’
754 1311 997 1365 ἐκείνων
1023 1314 1130 1367 τῶν
1155 1313 1358 1384 θρόνων
1376 1311 1740 1384 ἐποχούμενος
1766 1312 1983 1375 θεῖκῶς,

402 1399 490 1453 νῦν
525 1402 581 1453 ἐν
627 1402 716 1453 σοὶ.
755 1402 1098 1472 σωματικῶς
1133 1403 1296 1457 πάλιν
1331 1403 1631 1468 αὐλίζεται.
1662 1399 1734 1456 Ὦ
1774 1404 1984 1474 Μαρία,

403 1487 450 1545 ὦ
490 1493 701 1562 Magia!
736 1494 773 1564 ἡ
816 1494 912 1546 τὸν
937 1495 1194 1548 ἁπάντων
1242 1495 1586 1566 Δημιουργὸν
1644 1494 1987 1565 πρωτότοκον

409 1582 734 1652 κεκτημένη.
782 1579 858 1636 Ὦ
897 1584 1278 1656 ἀνθρωπότης,
1309 1587 1342 1656 ἡ
1385 1585 1476 1639 τὸν
1515 1584 1611 1639 τοῦ
1647 1584 1783 1638 Θεοῦ
1815 1586 1986 1655 Λόγον

408 1671 734 1741 σωματικῶς
762 1672 1075 1727 οὐσιὼσασα
1096 1673 1195 1744 (8),
1237 1672 1469 1727 καὶτῶν
1511 1672 1851 1743 ἐπουρανίων
1891 1674 1987 1728 κα)⁸

406 1766 608 1836 νοερῶν
631 1766 918 1836 δυνάμεων
942 1768 1000 1820 ἐν
1022 1766 1199 1837 τούτῳ
1221 1767 1297 1821 τῶ
1325 1767 1479 1838 μέρει
1500 1783 1807 1839 προτετιμη
1817 1768 1981 1838 μένηι

402 1855 487 1906 Οὐ
520 1856 630 1926 γάρ
659 1854 863 1925 ὴξίωςε
904 1854 1137 1926 Χριστὸς
1181 1855 1533 1927 μορφωθῆναι
1565 1856 1702 1926 πρὸς
1726 1856 1826 1921 τὰς
1874 1856 1985 1910 τῶν

2089 1042 2398 1096 Bethlehem
2432 1042 2562 1096 urbs
2596 1040 2954 1105 sanctiﬁcata,
3002 1052 3057 1096 et
3097 1042 3398 1097 communis
3433 1036 3665 1096 ha=r'edi-

2088 1141 2170 1186 tas
2192 1133 2505 1187 hominibus
2534 1131 2710 1187 facta!
2745 1130 2789 1188 0
2811 1146 3071 1201 praesepe,
3104 1146 3135 1186 ο
3160 1145 3397 1200 praesepe
3417 1144 3665 1199 compar-

2086 1222 2256 1290 ticeps
2294 1222 2598 1285 cherubim,
2628 1222 2931 1289 eodemque
2963 1220 3234 1289 seraphitu
3268 1220 3506 1275 honore!
3559 1218 3662 1286 Qui

2086 1313 2230 1365 enim
2257 1312 2325 1366 iis
2357 1321 2617 1368 aeternum
2646 1311 2924 1367 sedibus"
2965 1311 3146 1366 divine
3197 1311 3482 1379 inequitat,
3522 1324 3668 1366 nunc

2087 1404 2142 1457 in
2189 1415 2242 1458 te
2279 1418 2489 1457 rursum
2518 1403 2875 1473 corporaliter
2905 1403 3069 1472 degit.
3107 1402 3152 1458 Ο
3183 1401 3373 1468 Maria,
3407 1417 3441 1456 o
3468 1402 3662 1468 Maria,

2084 1510 2206 1565 quae
2256 1496 2634 1549 universorum
2682 1494 2995 1550 Creatorem
3049 1494 3283 1549 habuisti
3336 1495 3668 1566 primogeni-

2087 1588 2238 1642 tum!
2285 1586 2330 1642 Ο
2380 1567 2685 1642 humanitas
2736 1586 2831 1641 Dei
2883 1584 3060 1642 Verbo
3111 1588 3464 1658 corporaliter
3520 1589 3663 1643 facta

2084 1678 2411 1744 substantia,
2459 1692 2632 1747 eoque
2666 1676 2822 1733 titulo
2857 1677 3174 1734 cmlestibus
3221 1680 3664 1750 spiritalibusque

2084 1769 2378 1825 virtutibus
2413 1769 2616 1825 honore
2679 1769 2940 1839 przelatai
2988 1770 3169 1825 Noluit
3215 1772 3359 1827 enim
3412 1771 3663 1828 Christus

2086 1860 2314 1915 formam
2340 1860 2788 1931 archangelorum
2818 1861 3040 1917 induere
3058 1863 3122 1930 ”,
3137 1864 3228 1918 sed
3260 1879 3434 1934 neque
3454 1864 3661 1933 princi-

406 1945 770 2016 ἀρχαγγὲλων
794 1945 1028 2019 μορφὰς,
1056 1944 1181 2000 οὔτε
1214 1946 1317 2018 μὴν
1341 1947 1481 2019 πρὸς
1506 1946 1607 2013 τὰς
1640 1948 1750 2003 τῶν
1773 1949 1980 2021 ἀρχῶν,

2087 1964 2309 2021 patuum
2372 1961 2428 2008 et
2470 1953 2727 2008 virtutum
2793 1963 3231 2025 potestatumque
3296 1957 3664 2014 immutabiles

407 2036 507 2089 ui.
537 2036 842 2108 δυνάμεων,
889 2036 985 2090 καὶ
1029 2036 1290 2101 ἐξουσιῶν
1313 2038 1619 2108 ἀτρέπτους
1647 2039 1861 2104 εἰκόνας
1882 2039 1982 2111 (9),

406 2127 550 2180 ἀ)λὰ
570 2130 713 2199 πρὸς
739 2128 801 2182 σέ
826 2130 920 2200 τὴν
944 2129 1357 2200 κατενεχθεῖσαν
1378 2131 1473 2184 ἐπὶ
1498 2130 1726 2203 τροπὴν,
1758 2133 1987 2198 καὶτοῖς

404 2216 629 2282 ἁὶόγοις
698 2215 859 2280 ζώοις
912 2218 1538 2290 παρασυμΰεϐλημὲνην.
1596 2221 1661 2274 Οἱ
1719 2221 1819 2293 μὲν
1876 2222 1986 2294 γὰρ

406 2308 749 2375 ὑγιαίνοντες
763 2310 824 2362 οὐ
846 2309 1029 2381 χρείαν
1048 2310 1258 2379 ἔχουσιν
1287 2311 1473 2382 ίατροῦ
1495 2329 1506 2341 ·
1527 2312 1561 2382 ἡ
1577 2311 1634 2365 δὲ
1653 2312 1794 2384 νόσῳ
1815 2316 1983 2386 συχνῇ

407 2399 830 2470 κατασχεθεῖσα,
876 2400 1190 2472 τηλικούτου
1239 2402 1334 2455 κα)⁸
1378 2401 1624 2456 τοιούτου
1683 2403 1985 2475 τετύχηκεν

407 2492 625 2564 ἰατροῦ,
664 2493 740 2556 ὡς
772 2492 1011 2563 μείζονος
1033 2492 1134 2563 τῆς
1159 2493 1346 2562 ὑγείας
1382 2494 1615 2566 εὐτυχής
1641 2496 1758 2548 ἐστι
1804 2512 1982 2568 σωτη-

405 2584 535 2656 ρίας
559 2583 695 2656 (10),
727 2583 820 2636 τοῦ
844 2586 1142 2655 νοσήματος
1168 2583 1652 2657 δραπετεύσαντος.
1697 2586 1858 2641 Ἀλλά
1880 2589 1983 2643 ποῦ

403 2676 508 2730 νῦν
533 2678 563 2729 ό
585 2675 858 2747 δυσμενὴς
888 2676 979 2729 καὶ
1010 2674 1340 2748 ἀϐρόντητος
1365 2676 1508 2747 (11)·
1541 2677 1571 2729 ό
1597 2676 1852 2751 ἀλάστωρ
1892 2681 1986 2733 καὶ

407 2765 736 2837 παμμίαρος
763 2764 996 2838 δράκων,
1020 2766 1049 2819 6
1080 2766 1426 2837 μετεωρίζειν
1456 2768 1536 2831 εἰς
1573 2765 1707 2836 ὕψος
1731 2767 1822 2820 τὸν
1844 2770 1987 2822 ἐαυ-

405 2858 506 2912 τοῦ
539 2857 729 2929 θρόνον
759 2858 1218 2930 ἐπαγγειλάμενος
1236 2876 1251 2927 ;

481 2948 686 3012 Eam,
701 2948 938 3018 ἀδελφοὶ,
955 2950 1223 3021 μακαρίας
1235 2950 1479 3021 κλήσεως
1513 2949 1836 3022 ἐπουρανίου
1857 2952 1988 3023 μέτ-

401 3058 545 3114 οχοι,
580 3041 719 3112 πρὸς
746 3040 1015 3095 υἱοθεσίαν
1045 3041 1179 3094 Θεοῦ
1216 3042 1307 3096 καὶ
1344 3042 1681 3113 ἀδειφότητα
1712 3044 1986 3115 κεκλημέ-

404 3153 511 3196 νοι,
546 3136 891 3207 εὐχαριστεῖν
919 3132 1206 3204 ὀφείλομεν
1248 3132 1330 3205 τῷ
1361 3136 1655 3188 καλέσαντι
1687 3134 1856 3205 ἡμᾶς,
1890 3135 1985 3189 καὶ

406 3227 673 3299 παρέχειν
703 3227 931 3290 ἑαυτοὺς
957 3225 1140 3293 ἀξίους
1186 3220 1326 3280 εἶναι
1349 3225 1446 3279 τοῦ
1480 3225 1811 3298 παρέχοντος
1851 3230 1984 3298 ἡμῖν

532 3297 893 3390 ἀδελφότητα,
922 3318 1015 3372 καὶ
1054 3316 1345 3388 δεξαμένου
1383 3318 1530 3389 ἡμᾶς
1563 3297 1644 3382 είς
1689 3297 1982 3386 υἱοθεσίαν,
2010 3297 2055 3357 (ἶ

408 3413 631 3475 ἑκόντες
660 3406 754 3465 οὖν
782 3411 874 3464 καὶ
902 3410 959 3477 ἐξ
989 3409 1207 3481 ἀγάπης
1240 3409 1611 3481 δουλεύσωμεν
1649 3410 1820 3481 αὐτῷ,
1846 3411 1987 3465 ἐτοι-

411 3521 507 3575 μοι
521 3502 677 3565 ὄντες
695 3501 832 3574 πρὸς
853 3502 1033 3555 πᾶσαν
1058 3499 1398 3570 δικαιοσύνης
1414 3498 1774 3572 κατόρθωσιν·
1793 3501 1985 3573 ἁγνείᾳ

411 3598 802 3666 κοσμούμενοι,
854 3592 1240 3664 ἀκτημοσύνην
1276 3591 1587 3657 διώκοντες,
1620 3592 1803 3662 λόγοις
1849 3592 1983 3647 Θεοῦ

412 3682 968 3758 προσκαρτεροῦντες,
1013 3685 1201 3754 εὐχαῖς
1245 3683 1429 3753 ἁγίαις
1470 3684 1565 3737 καὶ
1616 3683 1808 3755 ὕμνοις
1848 3684 1982 3739 Θεοῦ

412 3781 577 3850 ἱεροῖς
608 3776 954 3848 ἀνακείμενοι
972 3791 988 3806 ·
1033 3775 1595 3846 μετασχηματίζοντες
1621 3776 1850 3839 ἑαυτοὺς
1877 3776 1986 3829 ἀπὸ

410 3869 504 3922 τοῦ
549 3868 745 3931 αἰῶνος
776 3866 987 3932 τούτου,
1019 3865 1498 3938 ἐπιλανθανόμενοι
1527 3865 1637 3918 τῶν
1660 3867 1863 3937 γηΐνων
1890 3867 1984 3919 καὶ

407 3960 623 4032 θνητῶν
655 3958 976 4029 ἐπιθυμιῶν,
1010 3957 1266 4021 νικῶντες
1304 3958 1362 4010 ἐν
1388 3957 1466 4026 τῷ
1489 3957 1680 4027 ἀγαθῷ
1709 3958 1771 4010 τὸ
1792 3958 1981 4024 κακὸν,

413 4053 609 4125 μηδενὶ
650 4050 813 4105 κακὸν
845 4050 967 4105 ἀντὶ
1014 4048 1188 4104 κακοῦ
1230 4048 1595 4112 ἀποδιδόντες·
1647 4047 1721 4120 μὴ
1773 4048 1985 4117 λογιζό-

413 4159 570 4213 μενοι
601 4142 825 4204 ἑαυτοὺς
859 4139 1153 4211 διατρίϐειν
1186 4138 1243 4191 ἐν
1282 4141 1349 4210 τῇ
1383 4141 1476 4209 γῇ.
1516 4137 1631 4191 ἀλλ’
1675 4140 1734 4190 ὲν
1766 4137 1981 4209 οὐρανῷ

410 4232 816 4287 πολιτεύεσθαι·
842 4233 960 4303 μετ’
975 4229 1220 4301 ἀγγέλων
1244 4226 1697 4299 ἀναστρέφεσθαι,
1716 4227 1795 4299 τῷ
1812 4227 1985 4299 θρόνῳ

407 4325 512 4396 τῆς
556 4324 810 4396 οὖρανίου
869 4322 1144 4394 βασιλείας
1199 4319 1566 4393 παραστῆναι.
1620 4319 1812 4372 Ταῦτα
1870 4318 1984 4372 τῶν

411 4418 579 4490 ἱερῶν
610 4416 921 4471 ἀποστόλων
949 4415 1020 4470 τά
1063 4414 1391 4486 διδάγματα·
1425 4414 1482 4466 ἐν
1513 4409 1724 4476 τούτοις
1751 4411 1984 4483 Χριστὸς

410 4515 544 4580 ἡμῖν
584 4510 687 4579 τήν
729 4509 1000 4581 μακαρίαν
1047 4507 1141 4560 καὶ
1185 4504 1401 4560 αἰώνων
1441 4502 1708 4575 διαθήκην
1757 4502 1980 4559 διέθετο.

407 4602 764 4672 et.an
794 4600 896 4672 τὴν
930 4599 1130 4672 ἀρετὴν
1172 4594 1330 4668 ἡμῶν
1360 4596 1390 4649 ὁ
1422 4595 1657 4666 κόσμος·
1696 4593 1984 4665 αἰσχυνθή-

2088 2044 2374 2111 imagines,
2412 2055 2558 2099 tuam
2605 2059 2736 2101 vero
2770 2045 2825 2100 in
2854 2047 3204 2102 mutationem
3236 2047 3536 2118 prolapsam
3578 2050 3665 2104 in-

2086 2134 2223 2200 duit,
2271 2144 2327 2194 et
2367 2136 2541 2191 brutis
2591 2137 2959 2194 animantibus
3009 2141 3456 2210 comparatam”.
3499 2140 3664 2198 Sanis

2085 2228 2301 2297 quidem
2329 2243 2434 2283 non
2461 2239 2544 2284 est
2568 2243 2703 2298 Opus
2728 2229 2968 2286 medicus
2985 2230 3059 2285 ἰς
3079 2240 3135 2285 at
3167 2246 3287 2303 quae
3310 2233 3492 2289 multis
3519 2250 3664 2304 more
3712 2228 3717 2232 ’

2086 2316 2171 2372 bis
2227 2317 2591 2380 detinebatur,
2656 2319 2814 2375 talem
2878 2330 3194 2391 tantumque
3251 2335 3541 2379 consecuta
3578 2338 3666 2381 est

2088 2409 2377 2474 medicum,
2412 2418 2468 2463 ut
2497 2409 2679 2479 fugato
2713 2410 2920 2476 morbo.
2947 2412 3136 2481 majori
3167 2428 3328 2483 quam
3374 2431 3506 2471 sana
3548 2417 3662 2471 for-

2091 2511 2274 2557 tunata
2303 2504 2375 2558 sit
2408 2503 2605 2559 salute.
2637 2502 2737 2559 Ubi
2768 2518 2898 2559 vero
2924 2520 3068 2560 nunc
3095 2505 3335 2562 infensus
3363 2508 3452 2563 ille
3482 2518 3537 2563 et
3562 2509 3665 2563 im-

2088 2593 2367 2662 perculsus
2411 2610 2425 2646 :
2472 2595 2561 2650 ille
2607 2595 2886 2664 exitiosus,
2932 2610 3267 2667 prorsusque
3311 2602 3666 2657 exsecrabilis

2088 2684 2271 2751 draco,
2314 2685 2405 2755 qui
2455 2686 2699 2742 edixerat
2738 2687 2852 2744 fore
2884 2696 2944 2743 ut
2983 2688 3234 2743 thronum
3265 2704 3421 2746 suum
3458 2691 3513 2747 in
3542 2693 3667 2750 sub-

2087 2777 2214 2832 lime
2247 2778 2527 2834 extolleret
2542 2778 2588 2817 ³⁸
2611 2778 2634 2831 ?

2158 2949 2225 3004 γ.
2253 2950 2401 3017 ideo,
2437 2960 2655 3021 rratres,
2681 2954 2851 3010 beatae
2880 2953 3118 3010 caelestis
3157 2956 3456 3013 vocationis
3496 2959 3665 3027 parti-
3696 3002 3703 3008 .

2088 3041 2234 3111 cipes
2255 3041 2322 3108 ³⁸,
2354 3044 2421 3097 ad
2459 3043 2697 3113 divinam
2733 3046 2904 3100 vocati
2945 3047 3287 3117 adoptionem
3321 3057 3377 3102 et
3405 3048 3667 3104 fraterni-

2090 3142 2277 3198 tatem,
2313 3134 2568 3189 debemus
2597 3149 2757 3206 agere
2793 3137 2996 3206 gratias
3025 3139 3074 3192 ei
3128 3140 3223 3208 qui
3265 3154 3368 3195 nos
3405 3143 3659 3210 vocavit;

2086 3238 2260 3294 eoque
2312 3241 2411 3281 nos
2461 3228 2605 3297 ipsos
2638 3229 2823 3299 dignos
2861 3228 2909 3283 ei
2944 3228 3221 3296 exhibere,
3261 3231 3356 3302 qui
3415 3248 3474 3289 se
3506 3235 3662 3290 nobis

2088 3316 2310 3372 fratrem
2341 3318 2618 3384 exhibuit;
2654 3333 2718 3374 ac
2747 3319 2892 3374 velut
2933 3319 3050 3387 filii,
3091 3321 3183 3377 illo
3204 3322 3351 3391 digni
3383 3338 3526 3389 esse,
3567 3327 3662 3396 qui

2085 3410 2345 3465 tiliatione
2376 3409 2595 3464 donavit
2625 3411 2787 3481 inque
2818 3411 3166 3481 adoptionem
3207 3417 3520 3487 assumpsit.
3550 3418 3662 3472 Lu-

2086 3503 2272 3558 bentes
2307 3516 2437 3570 ergo
2465 3510 2519 3557 et
2552 3516 2618 3556 ex
2649 3504 2914 3559 charitate
2955 3503 3003 3558 ei
3048 3503 3371 3569 serviamus,
3424 3508 3659 3577 expediti

2084 3596 2150 3647 ad
2192 3607 2408 3649 omnem
2462 3595 2751 3665 gerendam
2801 3595 3091 3664 justitiam,
3149 3598 3399 3653 castitate
3459 3599 3660 3666 ornati,

2084 3693 2458 3740 consectantes
2498 3694 2901 3756 paupertatem,
2954 3687 3156 3744 divinis
3186 3689 3529 3746 sermonibus
3577 3691 3663 3746 in-

2084 3787 2311 3843 stantes,
2344 3778 2598 3848 precibus
2635 3778 2841 3834 sanctis
2873 3780 3153 3849 sacrisque
3197 3781 3293 3838 Dei
3324 3783 3489 3837 decliti
3523 3798 3659 3839 can-

2087 3867 2227 3932 ticis,
2251 3882 2350 3922 nos
2382 3868 2525 3937 ipsos
2560 3867 3007 3922 transformantes
3034 3869 3103 3922 ab
3131 3867 3236 3923 isto
3265 3869 3480 3934 stet-uio,
3504 3869 3660 3925 obliti

2086 3967 2331 4013 terrenas
2360 3968 2415 4013 et
2447 3957 2700 4012 mortales
2735 3959 3230 4029 concupiscentias;
3287 3960 3564 4016 vincentes
3604 3960 3658 4015 in

2085 4047 2248 4110 bono,
2277 4045 2506 4112 malum;
2548 4045 2748 4100 nemini
2774 4045 2970 4099 malum
2995 4060 3094 4116 pro
3124 4047 3265 4101 malo
3285 4046 3654 4103 reddentes":

2085 4150 2188 4189 non
2216 4144 2525 4205 reputantes
2555 4136 2608 4190 in
2639 4145 2779 4190 terra
2804 4132 3092 4191 incolatum
3118 4145 3382 4201 nostrum,
3406 4138 3500 4191 sed
3531 4152 3659 4192 con-

2084 4227 2441 4282 versationem
2472 4228 2525 4281 in
2555 4226 2781 4281 caelo";
2805 4241 2927 4281 cum
2951 4227 3157 4298 angelis
3186 4241 3363 4295 agere,
3393 4226 3633 4281 caelestis

2083 4333 2188 4388 que
2226 4318 2389 4390 Regis
2422 4319 2617 4375 throno
2642 4330 2837 4375 astare.
2876 4318 3013 4375 Sunt
3058 4319 3171 4375 haec
3210 4334 3487 4376 sacrorum
3526 4334 3659 4389 apo-

2084 4411 2342 4466 stolorum
2386 4412 2627 4467 doctrina
2678 4411 2892 4467 tradita.
2934 4411 2990 4466 ln
3030 4412 3114 4467 his
3158 4409 3406 4467 Christus
3440 4413 3656 4466 beatum

2083 4502 2240 4557 nobis
2274 4512 2643 4573 aeternumque
2665 4510 3049 4558 testamentum
3074 4502 3332 4558 condidit.
3355 4500 3661 4557 Demiretur

2085 4595 2317 4650 mundus
2333 4604 2566 4651 vestram
2599 4596 2875 4650 virtutem.
2906 4593 3315 4649 Confundantur
3333 4592 3500 4648 Judaei
3528 4608 3661 4649 con-

478 4718 525 4750 ³³
556 4717 704 4773 Psal.
733 4731 915 4779 Lxxtx,
938 4714 997 4771 2.
1068 4715 1113 4748 ²⁹
1129 4712 1291 4769 Hebr.
1317 4727 1378 4777 tt,
1411 4710 1497 4766 16.
1529 4710 1581 4781 ³ο,
1610 4708 1750 4781 Psal.
1785 4724 1972 4778 vam,

2087 4751 2091 4764 .
2167 4713 2207 4746 ³¹
2228 4712 2420 4768 Matth.
2446 4727 2525 4781 ιτ,
2558 4711 2645 4766 12.
2721 4710 2764 4743 ³¹
2795 4710 3033 4777 Ιειι.,ιιν,
3062 4710 3146 4764 13.
3223 4709 3268 4741 ³³
3292 4708 3460 4765 Hebr.
3487 4726 3570 4770 ιιι.
3603 4711 3657 4765 1.

408 4787 636 4843 “Rom.
668 4786 843 4854 x1t,21
879 4794 935 4841 et
965 4785 1051 4840 17.
1126 4784 1171 4817 ³⁸
1192 4782 1423 4853 Philipp.
1454 4779 1651 4869 "1,20.

483 4895 561 4963 (7)
614 4891 961 4961 ’Δνθρώποις
998 4888 1561 4962 συγκεκληρωμὲνη.
1607 4887 1785 4963 Quam
1840 4889 1983 4944 velut

2098 4890 2264 4963 tione,
2287 4888 2684 4963 quodammodo
2701 4887 2888 4944 etiam.
2915 4884 3067 4963 Quod
3091 4885 3237 4963 enim
3262 4901 3367 4941 non
3390 4886 3657 4963 absolute.

413 4958 758 5017 τοέιιιιιιιιιειιί
803 4958 1133 5027 metropoliiu
1187 4958 1429 5016 homines
1487 4960 1663 5030 sortiti
1713 4958 1864 5021 sint,
1914 4976 1979 5015 ex
2028 4958 2035 4959 ⁷
2091 4962 2269 5030 arguit

420 5033 644 5093 ignobili
668 5032 806 5095 vico,
835 5032 968 5086 facta
991 5031 1193 5087 Christi
1226 5030 1482 5099 editione,
1517 5028 1705 5099 regina
1739 5030 1977 5097 urbium,

411 5102 565 5169 juxta
598 5102 929 5169 prophetiam
953 5101 1184 5156 Hii-haee
1209 5117 1228 5154 :
1257 5097 1325 5153 Et
1357 5108 1413 5152 tu
1434 5138 1450 5163 ,
1480 5097 1589 5153 etc.

492 5176 565 5239 (tt)
599 5167 739 5223 ’Τὸν
785 5171 889 5225 τοῦ
935 5171 1082 5226 Θεοῦ
1124 5171 1321 5239 Λόγον
1366 5167 1713 5238 σωματικῶς
1763 5168 1978 5222 οὐσιῶ-

417 5255 602 5294 σασα.
644 5240 775 5306 Quae
825 5242 913 5295 Itei
947 5241 1179 5297 Verbum
1213 5255 1338 5294 vere
1367 5240 1664 5293 substantia
1706 5239 1927 5293 induisti
1960 5259 1972 5294 :

422 5322 479 5379 ut
496 5316 574 5369 τὸ,
598 5309 944 5379 σωματικῶς,
967 5313 1036 5364 sit
1056 5310 1439 5379 emphaticum,
1459 5308 1617 5377 quale
1634 5307 1935 5379 illutl__Pauli
1959 5327 1975 5361 :

420 5375 491 5430 In
518 5396 617 5440 quo
647 5375 841 5432 habitat
873 5375 1451 5448 plenitudo'diviuitatis
1477 5375 1819 5447 σωματικῶς
1841 5418 1856 5443 ,
1891 5380 1971 5433 vel

417 5448 787 5520 tergemina,
824 5452 949 5518 quia
983 5451 1097 5520 ipsa
1124 5448 1434 5515 corporalis,
1466 5448 1765 5500 substantia
1801 5449 1955 5520 dona-

416 5521 493 5570 vit
531 5518 759 5587 Verbum
779 5557 795 5578 .
824 5516 890 5573 eo
927 5516 1051 5573 vere
1078 5518 1276 5572 factum
1307 5532 1497 5583 corpus
1518 5557 1533 5579 ,
1574 5516 1975 5587 μεταποιούμε-

412 5602 514 5651 νος
536 5585 717 5641 τοῦτο.
744 5588 855 5642 Hoc
885 5590 984 5644 sibi
1013 5588 1351 5646 adsciscens.
1384 5598 1443 5639 ut
1487 5596 1541 5640 et
1574 5585 1695 5641 esse
1722 5585 1939 5641 carnem
1958 5627 1975 5650 ,

413 5666 587 5724 atque
627 5658 760 5727 adeo
798 5671 1128 5722 creaturam,
1161 5671 1266 5710 non
1309 5657 1602 5712 mutatione
1641 5657 1854 5727 aliqua,
1884 5659 1977 5711 sed

415 5726 798 5798 assumptione
812 5738 864 5781 et
886 5730 1338 5798 appropriatione.

495 5794 571 5863 (9)
612 5792 984 5865 ’Ἅτρέπτοὺξε
1052 5792 1321 5859 εἰκόνας.
1366 5794 1518 5849 Modo
1561 5795 1781 5866 quidem
1844 5792 1978 5850 tales

418 5864 687 5930 absolute,
711 5880 926 5935 propter
958 5864 1187 5935 gloriam
1224 5883 1238 5918 :
1270 5876 1421 5918 antea
1468 5864 1595 5916 verti
1622 5877 1677 5919 et
1720 5880 1748 5918 a
1785 5866 1966 5919 condi-

825 5960 1088 6023 Ριτιιοι..
1140 5960 1260 6020 Gtt.
1302 5958 1607 6020 XXXIX.

2073 5239 2258 5310 ριίὶς.⁷
2289 5239 2382 5295 Sic
2434 5242 2634 5310 passim

2354 4957 2524 5013 ucifer
2574 4959 2696 5017 ille.
2734 4965 2972 5010 mutatus
3006 4957 3056 5009 in
3099 4958 3382 5022 tenebras,
3421 4967 3479 5008 ut
3521 4959 3659 5012 bene

2085 5025 2290 5100 colligit
2316 5030 2611 5100 Gregorius
2640 5027 2985 5096 'I‘ueologus,
3023 5034 3166 5080 orat.
3209 5025 3266 5079 in
3310 5026 3501 5082 Natat.
3529 5037 3585 5081 et
3623 5029 3660 5081 2

2084 5103 2140 5155 in
2169 5098 2411 5156 sanctum
2444 5098 2675 5153 Pascha.

2156 5171 2268 5243 (10)
2294 5166 2589 5243 μείζονος
2622 5165 2731 5243 τῆς
2759 5166 2966 5237 ὑγείας
2996 5164 3272 5243 εὐτυχής.
3294 5165 3427 5243 ἐστι
3470 5182 3663 5237 σωτη-

2727 5236 2872 5291 atres
2927 5250 2982 5291 et
3041 5236 3306 5303 theologi,
3366 5236 3661 5292 immensas

2083 5305 2203 5368 illas
2239 5305 2448 5366 divina!
2491 5308 2749 5363 bonitatis
2793 5307 3009 5362 divitias
3052 5305 3106 5360 in
3148 5307 3443 5361 humanum
3491 5320 3662 5376 genus

2083 5385 2274 5437 merito
2296 5380 2651 5435 celebrantes.

2151 5451 2304 5536 (η),
2339 5450 2766 5536 witness;
2803 5445 2979 5536 Parte.
3033 5445 3496 5536 ἐξερέεινεν.--
3517 5444 3662 5536 ῐθέξξι

2083 5517 2172 5593 qui
2204 5517 2331 5576 voto
2360 5517 2677 5593 frustratum
2714 5532 2773 5571 se
2804 5517 3018 5593 videat,
3064 5517 3204 5583 quod
3231 5526 3658 5593 _at.t0n_tto_s‘_per-

2083 5582 2368 5659 culsosque
2392 5590 2565 5660 habet
2590 5587 2787 5660 facere.
2822 5585 2992 5660 Forte
3007 5582 3134 5660 vero
3159 5585 3328 5638 voluit
3349 5582 3659 5660 significare

2084 5655 2335 5730 magnain
2368 5659 2511 5714 illius
2554 5656 2935 5730 audaciam‘et
2978 5656 3262 5730 infractam
3304 5655 3658 5730 pervicaciu-

2085 5718 2213 5796 teni',
2242 5729 2418 5801 qualis
2467 5727 2793 5785 describitur
2834 5723 2936 5781 Job
2976 5740 3045 5780 χι.
3091 5724 3190 5782 sub
3231 5718 3453 5779 nomine
3489 5718 3654 5776 Bche-

2086 5803 2255 5859 tu0tb.

3304 5948 3343 6007 2
