4092 6400
426 433 502 492 ιδ
1422 426 1481 485 S.
1518 425 1973 486 AMPHILOCBH
2011 422 2400 484 ICONIENSIS
2432 423 2744 482 EPISCOPI
3626 421 3705 479 44

430 555 642 603 tuentes
667 552 875 617 quanto
921 557 1093 599 novus
1132 551 1188 599 et
1226 541 1435 600 electus
1461 536 1713 616 populus,
1740 541 2008 613 spirituali

2126 558 2292 595 ιωσαν
2333 540 2577 594 Ἰουδαῖοι
2603 538 2697 592 τὸν
2723 536 2843 591 νέον
2873 536 2969 591 καὶ
2994 534 3250 590 ἐκλεκτὸν
3275 534 3403 591 λαὸν
3423 535 3698 608 θεωροῦν-

428 640 629 695 decore
671 637 922 694 excultus
966 635 1058 701 sit,
1086 644 1397 705 quantoque
1431 636 1690 691 mundum
1724 634 2010 704 splendore

2126 649 2223 697 τες,
2255 632 2365 702 ὅσῳ
2396 628 2583 685 κάλλει
2624 628 2964 698 κεκόσμηται
2997 625 3377 697 πνευματικῷ,
3427 628 3532 698 ὅση
3558 626 3703 697 λαμ-

386 758 395 781 .
430 730 685 785 illustret.
738 727 948 784 Idcirco
990 728 1134 782 enim
1181 727 1385 789 dimisit
1422 741 1520 782 nos
1567 725 1818 796 gentibus
1861 740 2013 780 com-

431 822 672 885 misceri,
706 827 766 874 ut
798 818 1074 873 luceamus
1093 818 1236 873 sicut
1282 816 1569 872 luminaria
1606 817 1660 872 in
1704 816 2010 872 mundo“:

430 925 492 969 ut
542 915 712 970 simus
762 914 955 969 salutis
1005 924 1190 967 semen
1212 910 1256 941 ³⁷
1299 911 1553 965 omnibus
1594 909 1686 979 qui
1736 908 2013 964 nobiscum

432 992 739 1067 versantur,
779 1013 835 1057 et
871 1017 970 1056 nos
1000 1002 1229 1065 adeunt;
1269 1000 1401 1069 ipsis
1431 999 1555 1054 iacti
1585 1000 1653 1053 ad
1692 998 2009 1054 conversio-

433 1112 559 1153 nem
589 1094 975 1166 spectaculum.
1019 1094 1208 1148 Videte
1250 1106 1316 1146 ne
1362 1091 1486 1162 quis
1512 1100 1731 1161 propter
1761 1104 1856 1144 vos
1889 1102 2015 1159 gen-

436 1189 606 1243 tilium
630 1187 964 1257 hlasphemet
994 1186 1186 1241 Deum.
1208 1182 1479 1238 Laudetur
1503 1197 1632 1237 vero
1661 1181 1715 1236 in
1739 1179 1894 1235 nobis
1921 1180 2014 1249 qui

434 1280 651 1335 vocavit
691 1287 745 1334 et
802 1277 1184 1343 sanctiﬁcavit,
1210 1286 1267 1332 et
1313 1275 1492 1331 salvos
1536 1272 1683 1328 fecit.
1732 1270 1908 1327 Ferox
1958 1280 2015 1326 et

437 1371 636 1434 audax,
684 1371 944 1439 suspiciat
993 1379 1231 1423 nostram
1275 1363 1743 1421 mansuetudinem
1786 1370 1842 1418 et
1890 1376 2011 1415 mo-

436 1462 687 1516 destiam.
734 1459 837 1527 Qui
892 1458 1247 1525 convicialur,
1301 1465 1582 1524 reportans
1630 1453 1771 1508 bona
1825 1453 2014 1519 verba,

437 1550 695 1605 confusos
751 1551 1020 1606 abscedat.
1058 1547 1157 1615 Qui
1209 1560 1306 1616 pro
1351 1544 1592 1615 pecuniis
1636 1540 1912 1597 contendit
1960 1551 2016 1596 et

436 1642 551 1698 vult
570 1644 773 1715 Judicio
806 1658 988 1711 agere,
1029 1644 1172 1696 circa
1210 1615 1433 1694 divitias
1469 1637 1891 1708 imperturbatos
1929 1615 2016 1688 in-

438 1735 642 1799 veniat,
674 1747 779 1787 nou
806 1743 1114 1803 reputantes
1144 1728 1343 1784 habere
1367 1742 1465 1782 nos
1509 1735 1778 1781 terrenam
1805 1737 2017 1794 posses-

442 1827 688 1890 sionem,
744 1824 838 1879 sed
903 1823 1176 1876 rmlestem
1244 1831 1450 1875 tenere.
1492 1818 1593 1885 Qui
1648 1831 1746 1872 nos
1782 1815 1917 1879 adit,
1957 1824 2018 1869 ut

2114 725 2346 796 πρότητι
2383 722 2721 791 καταυγάςει
2746 719 2836 774 τὸν
2861 720 3086 790 κόσμον.
3108 718 3210 772 Διὰ
3236 717 3396 772 τοῦτο
3422 718 3532 791 γὰρ
3553 719 3704 790 ἡμᾶς

2117 820 2495 891 μεμιγμένους
2525 820 2585 873 ὲν
2616 820 2728 880 τοῖς
2752 816 2963 870 ἔθνεσιν
2995 817 3231 886 ἁφῆκεν,
3262 816 3350 870 ἶνα
3378 815 3706 885 φαινώμεθα

2113 912 2191 976 ὡς
2213 911 2499 982 φωστῆρες
2528 912 2585 963 ὲν
2614 910 2834 980 κόσμῳ·
2866 909 2955 962 ἶνα
2981 909 3205 979 σπέρμα
3230 908 3506 980 σωτηρίας
3530 902 3708 979 ὦμεν,

2113 1006 2196 1068 είς
2237 1003 2572 1075 ἐπιστροφὴν
2611 1000 2982 1074 θεωρούμενοι
3017 1004 3152 1055 πᾶσι
3200 1004 3313 1065 τοῖς
3348 1000 3565 1055 συνοῦσι
3609 1001 3709 1054 καὶ

2117 1096 2601 1166 συντυγχάνουσιν.
2647 1095 2844 1165 Ὁρᾶτε
2876 1094 2949 1164 μή
2988 1111 3073 1157 τις
3111 1093 3181 1147 δι’
3216 1094 3362 1164 ὑμᾶς
3400 1091 3509 1145 τῶν
3543 1090 3711 1145 saw-

2114 1187 2228 1242 κῶν
2264 1187 2649 1258 βλασφημήσει
2698 1186 2850 1239 Θεόν.
2903 1185 3274 1256 Εύφημείσθω
3320 1185 3378 1238 δὲ
3416 1185 3474 1237 ὲν
3508 1186 3645 1255 ἡμῖν
3678 1184 3717 1236 ό

2114 1278 2371 1342 καλέσας,
2406 1278 2499 1331 καὶ
2536 1278 2771 1346 ἁγιάσας
2799 1278 2893 1331 καὶ
2922 1274 3120 1340 σώσας.
3168 1278 3228 1330 '0
3256 1277 3427 1347 βίαιος
3451 1276 3545 1329 καὶ
3571 1274 3681 1346 θρα

2117 1370 2215 1434 σὺς
2253 1369 2590 1439 θαυμασάτω
2614 1369 2715 1438 τὴν
2762 1367 3066 1421 ἐπιείκειαν
3095 1365 3253 1437 ἡμῶν
3288 1367 3381 1420 καὶ
3413 1365 3713 1437 μετριότη-

2113 1478 2185 1515 τα
2200 1479 2213 1492 ·
2236 1465 2265 1515 ὁ
2288 1460 2564 1532 λοιδορῶν,
2587 1462 2827 1530 άντευφη
2837 1458 3106 1529 μούμενος
3123 1457 3470 1529 ἐπρεπέσθω
3489 1475 3502 1488 ·
3525 1459 3553 1511 ό
3575 1456 3712 1527 περὶ

2115 1554 2416 1625 χρημάτων
2497 1552 2787 1621 φιλονικῶν
2845 1551 2940 1606 καὶ
3001 1549 3319 1614 δικάζεσθαι
3387 1548 3716 1621 βουλόμενος

2119 1644 2427 1715 ἀταράχους
2455 1645 2604 1714 ἡμᾶς
2633 1642 2936 1712 εὑρισκέτω
2974 1642 3103 1713 περὶ
3131 1644 3410 1714 χρήματα,
3449 1640 3523 1713 μὴ
3547 1641 3712 1711 νομί⁴

2120 1733 2307 1797 ζοντες
2334 1734 2564 1796 ἑαυτοὺς
2589 1732 2734 1803 ἔχειν
2766 1733 2959 1803 κτῆσιν
2988 1732 3252 1800 ἐπίγειον,
3283 1732 3419 1787 ἀλλὰ
3443 1732 3715 1804 κρατοῦν-

2119 1843 2209 1889 τες
2234 1825 2334 1896 τὴν
2386 1826 2742 1897 ἐπουράνιον⁸
2799 1827 2830 1879 ό
2880 1824 2971 1877 διὰ
3027 1825 3428 1895 παρακλήσεως
3480 1823 3713 1895 φιλικῆς

440 1917 610 1971 amica
630 1914 995 1971 consolatione
1016 1914 1068 1966 in
1092 1912 1389 1966 mundanas
1404 1910 1705 1979 voluptates
1722 1908 1937 1962 inducat
1953 1905 2019 1971 ⁸⁸,

2126 1916 2480 1987 προσιέμενος
2520 1918 2666 1987 ἡμᾶς
2708 1918 2788 1980 είς
2831 1914 3025 1987 ἡδονάς
3090 1916 3358 1987 κοσμικὰς
3406 1916 3719 1988 εύρισκέτω

440 2009 680 2063 inveniat
715 2020 929 2078 graves,
972 2005 1296 2066 immobiles,
1338 2000 1709 2071 temperantiae
1753 2010 2018 2061 amantes,

441 2119 546 2159 non
577 2110 761 2171 captos
793 2098 1099 2168 voluptate;
1124 2095 1515 2151 mortilicantes
1540 2101 1789 2146 naturam
1819 2092 2018 2154 carnis,

439 2205 499 2250 ιιι
548 2195 799 2250 noverint
846 2200 1106 2262 quantum
1154 2189 1389 2259 Spiritus
1436 2186 1610 2241 sancti
1664 2184 2021 2239 eotnmoratio

440 2286 637 2343 valeat.
669 2285 773 2352 Qui
802 2298 1041 2354 praeceps
1071 2289 1156 2337 est
1182 2283 1249 2336 ad
1295 2278 1612 2349 periurium,
1652 2277 1893 2331 inveniat
1925 2290 2022 2331 nos

439 2378 533 2449 qui
573 2389 745 2445 neque
788 2374 1152 2428 sustineamns
1186 2370 1393 2440 jurare,
1428 2374 1522 2424 sed
1553 2367 1644 2422 Dei
1680 2382 1901 2429 nomen,
1931 2367 2020 2420 nhi

441 2472 508 2523 de
538 2466 697 2523 rebus
725 2466 949 2537 abjectis
986 2474 1041 2521 et
1088 2462 1319 2524 terrenis
1367 2461 1566 2530 agitur,
1592 2474 1873 2514 vereamur
1898 2472 2025 2527 pro-

442 2562 609 2616 ferre.
661 2556 753 2613 Sic
800 2557 943 2610 enim
981 2557 1292 2609 docebimus
1339 2567 1548 2619 omnes,
1589 2552 1681 2623 qui
1739 2551 1791 2606 in
1829 2551 2024 2621 quovis

443 2652 659 2722 negotio
694 2664 791 2705 nos
820 2648 1166 2703 conveniunt.
1200 2645 1294 2702 Sic
1338 2659 1471 2700 vero
1499 2644 1758 2699 institutis
1787 2645 1911 2697 vita:
1938 2658 2022 2696 ra-

443 2743 700 2806 tionibus,
719 2754 846 2794 vere
865 2736 1159 2792 eﬂicietunr
1181 2749 1394 2790 sacrum
1428 2735 1774 2795 fermentum,
1809 2741 2022 2785 nostra-

443 2849 549 2905 que
582 2848 746 2903 opera
781 2830 1196 2887 l'ermenlahitur
1231 2825 1462 2880 mundus
1498 2824 1564 2877 ad
1592 2820 1843 2883 salutem,
1886 2820 2009 2872 mnl

445 2939 640 2995 tusque
683 2940 749 2978 ex
794 2923 950 2978 nobis
1001 2922 1208 2974 fruetus
1263 2918 1564 2973 invenietur
1616 2912 1882 2982 repositus
1917 2910 2021 2966 Do-

442 3022 686 3084 mino,et
715 3019 768 3072 in
796 3016 949 3071 nobis
964 3013 1357 3086 gloriﬁcabitur
1377 3014 1537 3074 Deus,
1556 3010 1710 3089 juxta
1739 3006 2021 3062 Dominum

443 3113 713 3169 dicentem
748 3127 762 3164 :
807 3108 875 3163 In
899 3108 994 3162 hoc
1028 3106 1357 3175 olariﬁcatus
1394 3114 1468 3157 est
1502 3100 1687 3167 Pater,
1714 3107 1769 3152 ut
1793 3098 2022 3168 fructum

443 3202 729 3274 plurimum
783 3198 1053 3268 aﬂeratis,
1101 3206 1149 3248 et
1197 3192 1493 3264 eﬂiciamini
1543 3190 1644 3243 mei
1685 3186 1932 3256 discipuli
1952 3185 2018 3238 ”.

2123 2009 2373 2078 σεμνοὺς,
2400 2010 2854 2080 ἁμετακινήτους,
2878 2008 3232 2080 σωφροσύνην
3262 2007 3580 2069 ποθοῦντας,
3604 2000 3718 2077 οὐχ

2126 2098 2290 2171 ἠδονῇ
2326 2099 2747 2170 δελεαζομένους
2767 2117 2779 2130 ·
2815 2100 2901 2154 ἵνα
2938 2101 3121 2154 εἴδωσι
3148 2101 3309 2153 πόσον
3340 2101 3511 2170 ἰσχύει
3534 2099 3715 2153 Πνεῦ-

2125 2208 2293 2261 ματος
2324 2190 2480 2260 ἁγίου
2518 2191 2852 2261 συνοίκησις,
2889 2191 3051 2260 φύσιν
3095 2190 3298 2262 σαρκὸς
3326 2189 3714 2261 ὲκνεκρὼσαν-

2120 2297 2231 2343 τες.
2281 2280 2339 2333 Ὀ
2402 2280 2694 2352 πρόχειρος
2756 2282 2836 2344 εἱς
2881 2280 3167 2352 ἐπιορκίαν
3221 2280 3523 2350 εὐρισκέτω
3572 2278 3716 2348 μηδὲ

2120 2371 2343 2442 ὀμνύειν
2379 2372 2741 2442 ἀνεχομένους
2785 2373 2955 2442 ἡμᾶς.
3000 2372 3138 2425 ἁλλὰ
3183 2371 3491 2434 δεδοικότας
3520 2370 3580 2423 τὸ
3611 2369 3717 2423 τοῦ

2121 2462 2257 2515 Θεοῦ
2308 2464 2603 2534 προφέρειν
2653 2464 2828 2534 ὄνομα
2878 2464 3008 2533 περὶ
3056 2462 3331 2517 ταπεινῶν
3378 2464 3474 2515 καὶ
3504 2462 3716 2533 γηΐνων

2113 2555 2488 2627 πραγμάτων.
2530 2556 2687 2609 Οῦτω
2716 2557 2822 2627 γὰρ
2865 2554 3100 2620 ἐσόμεθα
3151 2554 3353 2616 πάντες
3397 2552 3719 2607 διδάσκαλοι

2121 2646 2228 2699 τῶν
2274 2648 2712 2717 ἐντυγχανόντων
2762 2650 2896 2717 ἡμῖν
2942 2650 3000 2700 ὲν
3051 2646 3349 2716 οίῳδήποτε
3395 2647 3714 2717 πράγματι.

2123 2739 2280 2794 Οῦτω
2300 2740 2357 2795 δὲ
2411 2741 2860 2811 πολιτευσάμενοι
2894 2741 3238 2812 γενησόμεθα
3271 2740 3416 2810 ζύμη
3437 2739 3586 2807 ἁγία,
3616 2739 3719 2792 καὶ

2122 2832 2190 2885 δι’
2238 2834 2396 2904 ἡμῶν
2441 2833 2829 2905 ζυμωθήσεται
2876 2836 2903 2888 ὁ
2937 2835 3140 2903 κόσμος
3169 2836 3249 2895 εἰς
3280 2831 3571 2903 σωτηρίαν,
3613 2831 3720 2884 καὶ

2125 2924 2297 2987 πολὺς
2334 2924 2407 2989 ἐξ
2425 2925 2584 2995 ἡμῶν
2614 2925 2826 2996 καρπὸς
2870 2925 3224 2996 εὑρεθήσεται
3266 2922 3344 2993 τῷ
3378 2922 3568 2993 Κυρίῳ
3604 2938 3712 2973 πε-

2124 3015 2491 3087 φυλαγμένος,
2533 3017 2628 3070 καὶ
2670 3016 3061 3087 δοξασθήσεται
3087 3019 3115 3069 ό
3138 3016 3271 3080 Θεὸς
3297 3017 3356 3069 ὲν
3381 3016 3533 3085 ἡμῖν,
3563 3013 3718 3067 κατὰ

2122 3109 2215 3163 τὸν
2256 3108 2484 3177 λέγοντα
2528 3106 2730 3179 Κύριον
2751 3123 2764 3137 ’
2823 3108 2926 3161 Ἐν
2970 3107 3159 3170 τούτῳ
3191 3104 3494 3172 ἐδοξάσθη
3526 3107 3559 3157 ό
3590 3106 3719 3157 Πα-

2125 3202 2259 3271 τὴρ,
2292 3202 2394 3255 ἵνα
2438 3200 2611 3270 ὑμεῖς
2666 3199 2904 3268 καρπὸν
2949 3198 3151 3252 πολὺν
3200 3198 3437 3267 φέρητε,
3471 3196 3565 3249 καὶ
3608 3194 3721 3264 γέ»

444 3259 617 3349 l’orro
663 3290 990 3346 clariﬁcatus
1029 3304 1059 3339 a
1100 3287 1254 3340 nobis
1304 3285 1580 3345 Dominus,
1640 3296 1739 3335 nos
1775 3280 2022 3334 claritate

2127 3259 2318 3361 mimae
2348 3309 2450 3361 μοι
2476 3259 2763 3361 ραδηταίῖ
2796 3288 3086 3354 Δοξασθεὶς
3132 3259 3216 3342 δὲ⁷
3236 3259 3516 3359 ὑφ”ήμῶν
3544 3288 3572 3340 ό
3597 3259 3721 3340 Κύ-

444 3400 644 3444 ωιετιιιι
679 3385 1024 3449 clarilicabit,
1060 3383 1113 3437 in
1139 3380 1356 3436 Christo
1388 3378 1513 3433 Jesu
1558 3376 1785 3431 Domino
1814 3385 2019 3438 nosuo,

444 3482 531 3537 cui
566 3480 736 3552 gloria
768 3479 821 3532 in
855 3476 1053 3532 Saecula
1094 3472 1440 3527 saeculorum.
1475 3467 1668 3522 Amen.

1046 3562 1305 3619 ORATIO
1359 3562 1419 3615 ll.

519 3685 598 3740 De
621 3699 843 3738 occursu
891 3680 1101 3734 Domini
1138 3678 1299 3730 nostri
1343 3675 1471 3730 Jesu
1511 3673 1706 3728 Christi
1736 3689 1754 3727 :
1788 3674 1952 3743 deque

734 3753 987 3820 Deipara,
1012 3753 1141 3804 etde
1175 3748 1327 3799 Anna
1380 3758 1425 3800 et
1466 3743 1727 3798 Sinteone.

521 3892 562 3946 Ι.
597 3891 738 3946 Sunt
764 3887 945 3957 plures
976 3885 1027 3939 in
1064 3882 1373 3938 hominibus
1399 3879 1603 3951 magni,
1634 3880 1846 3948 virique
1893 3893 2028 3949 prae-

450 3991 680 4041 stantes.
708 3979 799 4049 qui
823 3978 1184 4047 virginitatem
1215 3972 1550 4027 admirentur
1570 3981 1624 4026 et
1645 3971 2025 4039 deprtedieent.

449 4075 519 4130 Et
544 4086 676 4128 sane
706 4079 789 4124 est
822 4066 1107 4134 mirabilis,
1159 4065 1305 4118 velut
1363 4063 1571 4134 angelis
1598 4072 1851 4132 cognata,
1885 4061 2031 4116 velut

452 4162 656 4219 sodalis
682 4173 1041 4230 supernarum
1076 4156 1358 4217 virtutum,
1395 4154 1542 4209 velut
1563 4167 1743 4208 comes
1789 4153 2031 4223 incorpo-

450 4267 671 4308 rearum
697 4261 1035 4314 naturarum,
1074 4258 1132 4301 ut
1166 4261 1287 4317 quae
1335 4243 1507 4299 facem
1555 4253 1754 4298 sanctae
1780 4242 2031 4298 Ecclesia:

453 4342 728 4414 praeferat.
756 4350 816 4395 ut
841 4353 963 4410 quae
989 4338 1169 4392 vincat
1211 4336 1493 4400 mundum,
1527 4345 1586 4390 ut
1615 4350 1737 4406 quae
1785 4333 2029 4390 all'ectio-

457 4452 557 4492 nes
588 4434 891 4498 conculcet,
924 4432 1161 4501 refrenet
1185 4417 1475 4500 appetitus,
1499 4443 1620 4483 cum
1653 4428 1760 4482 Eva
1789 4442 2033 4482 commu-

454 4530 671 4585 nionem
700 4542 807 4582 non
838 4525 1052 4592 habeat,
1080 4522 1175 4578 sed
1208 4520 1413 4577 doloris
1457 4534 1674 4590 expers,
1705 4519 1962 4574 immunis
2001 4533 2029 4571 a

2130 3402 2246 3457 ριος
2291 3384 2503 3449 δοξάσει
2525 3385 2673 3453 ἡμᾶς
2694 3384 2759 3453 τῇ
2788 3382 2991 3451 αἰωνίῳ
3014 3379 3161 3452 δόξῃ,
3192 3383 3249 3433 ἐν
3278 3380 3499 3452 Χριστῷ
3533 3378 3721 3449 Ἰησοῦ

2127 3478 2206 3549 τῷ
2238 3477 2427 3550 Κυρίῳ
2457 3475 2635 3547 ἡμῶν,
2668 3466 2713 3543 ᾧ
2742 3475 2775 3545 ή
2821 3473 2948 3536 δόξα
2976 3474 3056 3536 είς
3087 3472 3215 3536 τοὺς
3243 3470 3465 3536 αἰῶνας.
3515 3471 3717 3541 Ἀμήν.

2763 3566 2981 3620 ΛΟΓυΣ
3014 3565 3068 3617 B'

2133 3665 2236 3725 Εἲς
2287 3660 2402 3725 τὴν
2449 3657 2817 3725 ὑπατων-τὴν
2859 3655 2964 3711 τοῦ
3014 3656 3234 3725 Κυρίου
3285 3654 3454 3724 ἡμῶν
3505 3654 3725 3723 Ἰησοῦ

2202 3731 2489 3799 Χριστοῦ*
2542 3728 2639 3782 καὶ
2679 3730 2777 3799 εις(
2815 3727 2930 3792 τὴν
2959 3728 3270 3799 Θερτόκον,
3319 3725 3421 3779 καί
3472 3728 3561 3793 είς
3596 3725 3724 3793 τὴν

2208 3796 2445 3865 Ἄνναν,
2468 3801 2567 3853 καὶ
2605 3803 2692 3864 εις
2722 3798 2829 3851 τὸν
2851 3796 3154 3866 Συμεῶνα.

2202 3896 2280 3951 A'.
2327 3894 2519 3948 Πολλοὶ
2543 3893 2652 3948 τῶν
2679 3891 2929 3963 μεγάλων
2956 3890 3257 3965 ἀνθρώπιον
3282 3889 3380 3962 τὴν
3418 3888 3725 3961 παρθενίαν

2136 3987 2507 4059 θαυμάζουσιν
2529 4001 2543 4016 °
2575 3986 2668 4038 καὶ
2692 3986 2802 4056 γὰρ
2827 3986 2945 4037 ἐστὶ
2971 3983 3281 4054 θαυμαστὴ,
3304 3982 3380 4045 ὼς
3410 3982 3517 4035 τῶν
3551 3979 3727 4050 ἀγγέ-

2134 4078 2243 4131 λων
2280 4077 2582 4148 σύμφυτος,
2610 4074 2685 4135 ὡς
2716 4073 2823 4127 τῶν
2851 4073 2964 4129 ἄνω
2989 4073 3269 4142 δυνάμεων
3303 4072 3602 4142 συνόμιλος.
3637 4072 3724 4136 ὡς

2135 4170 2243 4223 τῶν
2295 4170 2601 4239 ἀσωμάτων
2661 4167 2876 4236 φύσεων
2923 4165 3239 4236 σύνδρομος,
3291 4163 3368 4227 ὡς
3405 4164 3507 4234 τῆς
3552 4165 3724 4233 ἁγίας

2150 4256 2476 4330 Ἐκκλησίας
2497 4255 2897 4327 λαμπαδοῦχος,
2922 4257 2995 4319 ὡς
3024 4256 3116 4309 τὸν
3154 4256 3355 4326 κόσμον
3392 4255 3615 4317 νικῶσα,
3639 4253 3724 4317 ib;

2136 4352 2208 4405 τὰ
2237 4350 2383 4421 πάθη
2427 4348 2691 4409 πατοῦσα,
2714 4346 2787 4410 ὡς
2819 4346 2917 4410 τὰς
2943 4345 3151 4418 ὀρέξεις
3192 4342 3504 4415 χαλινοῦσα,
3534 4344 3609 4407 ὡς
3644 4346 3727 4416 τῇ

2138 4440 2255 4510 Εῦᾳ
2310 4438 2386 4509 μὴ
2424 4434 2775 4499 κοινωνοῦσα,
2832 4435 2908 4498 ὡς
2953 4433 3130 4505 λύπης
3186 4432 3604 4505 ἁπηλλαγμένη,
3639 4432 3724 4497 ὡς

2141 4527 2463 4599 στεναγμῶν
2503 4525 2911 4597 λελυτρωμένη,
2941 4526 3018 4589 ὼς
3058 4527 3159 4597 τὴν
3184 4522 3726 4595 καταδεδικασμένην

452 4619 779 4693 gemitibus,
842 4618 1113 4673 decretam
1180 4613 1651 4671 condemnationis
1707 4612 2022 4668 sententiam

2137 4624 2415 4691 ἀπόφασιν
2467 4622 2541 4693 μὴ
2589 4619 2995 4692 προσδεχομένη
3043 4618 3175 4689 (12),
3224 4617 3323 4689 τὴν
3361 4617 3726 4688 φάσκουσαν⁶

455 4728 562 4768 non
592 4719 892 4780 exspectet,
921 4724 1025 4778 qua
1049 4708 1248 4764 dicitur
1275 4705 1380 4761 :1!
1384 4705 1689 4773 ultiplicans
1711 4703 2036 4773 multiplico-

455 4807 518 4858 bo
553 4802 796 4857 tristitias
825 4810 964 4867 tuas,
1012 4811 1059 4855 et
1100 4801 1347 4870 gemitum
1375 4809 1521 4852 tuum
1543 4813 1562 4852 :
1592 4798 1647 4851 in
1680 4796 1911 4851 tristitiis
1939 4812 2035 4863 pa-

454 4897 556 4949 ries'
584 4893 746 4963 ﬁlios,
787 4900 838 4947 et
875 4892 943 4945 ad
968 4892 1138 4945 virum
1170 4900 1317 4944 tuum
1354 4890 1625 4944 conversio
1666 4898 1777 4944 tuo.
1826 4884 1895 4941 Et
1927 4888 2035 4954 ipse

455 4985 815 5040 dominabitur
845 4985 921 5037 tui
947 4984 1019 5038 δι’.
1042 4983 1140 5039 Est
1174 4983 1338 5053 igitur
1363 4981 1649 5051 virginitas
1675 4980 2033 5045 admirabilis,

455 5078 602 5131 velut
645 5090 731 5131 res
758 5076 979 5140 invicta,
1011 5075 1159 5129 velut
1211 5088 1431 5145 germen
1462 5073 1736 5144 corrumpi
1765 5071 2030 5137 nescium,

454 5170 603 5223 velut
631 5168 841 5222 mansio
873 5167 1067 5232 libera,
1102 5175 1162 5220 ut
1193 5164 1413 5222 ascetici
1444 5164 1652 5221 ordinis
1678 5174 1733 5219 et
1765 5166 2034 5221 exercita-

2105 4713 2472 4779 ’Πληθύνων
2516 4707 2805 4777 πληθυνῶ
2855 4709 2961 4775 τὰς
3022 4709 3219 4775 λύπας
3280 4722 3418 4773 σου,
3466 4709 3562 4763 καὶ
3611 4709 3731 4763 τὸν

2136 4802 2476 4872 στεναγμόν
2504 4815 2652 4855 σου·
2680 4801 2990 4865 ὲνλύπαις
3023 4799 3168 4868 τέξῃ
3200 4798 3403 4864 τέκνα,
3432 4801 3531 4854 καὶ
3567 4802 3730 4868 πρὸς

2136 4893 2245 4948 τὸν
2276 4892 2467 4961 ἄνδρα
2491 4908 2607 4947 σου
2643 4893 2682 4959 ἡ
2712 4890 3065 4959 ἀποστροφή
3101 4906 3218 4945 σου
3248 4891 3383 4961 (15)’
3413 4893 3511 4945 καί
3536 4894 3730 4957 αὐτός

2137 5003 2254 5047 σου
2281 4985 2584 5054 κυριεύσει
2602 5002 2615 5015 ’
2642 4982 2929 5055 θαυμαστὴ
2956 4985 3296 5055 τοιγαροῠνὴ
3332 4982 3616 5054 παρθενία,
3642 4982 3729 5045 ὡς

2138 5078 2435 5132 ἀδούλωτον
2470 5077 2679 5148 κτῆμα,
2715 5076 2790 5140 ὡς
2834 5075 3146 5147 ἀμάραντον
3188 5075 3373 5144 φυτὸν,
3401 5075 3476 5138 ὡς
3507 5072 3728 5126 ἐλεύθε-

2141 5184 2234 5239 ρον
2279 5167 2622 5239 ἐνδιαίτημα,
2655 5166 2731 5231 ὡς
2776 5167 3072 5232 ἀσκητικὸν
3112 5165 3539 5237 ἐγκαλλώπισμα
3580 5164 3725 5235 (14),

527 5286 573 5317 ³⁸
609 5283 838 5353 Philipp.
870 5298 928 5348 ιι,
960 5282 1049 5338 15.
1124 5282 1168 5314 ³⁷
1194 5283 1296 5337 Isa.
1327 5297 1366 5344 ι,
1392 5279 1462 5348 9;
1505 5279 1641 5336 Rom
1670 5295 1748 5349 ix,
1778 5280 1871 5336 29.
1912 5317 1917 5325 .
1947 5281 2022 5338 ⁸⁸1

2127 5303 2167 5340 ι·.
2205 5303 2259 5349 x,
2292 5286 2379 5340 M.
2457 5285 2500 5317 ’θ
2532 5285 2685 5340 Joan.
2724 5301 2812 5351 xv,
2839 5284 2891 5339 8.
2963 5284 3010 5317 "
3043 5284 3180 5340 Gen.
3214 5298 3292 5349 ιιι,
3326 5281 3415 5338 l6.

527 5377 642 5449 (ίὲ)
676 5376 900 5449 Πρρσδ.
923 5377 1014 5449 Al.
1048 5376 1441 5449 ύποδεχομένη.

528 5436 659 5519 (13)-
674 5436 786 5519 Kal
826 5447 976 5519 πρὸς
1024 5447 1134 5519 τὸν
1178 5436 1536 5519 ἆίἶδξρα-’σου
1581 5444 1632 5519 vi
1679 5444 2035 5514 ἀποστροφή

456 5530 597 5572 σου.
622 5515 816 5571 ’Μιιιιιε
850 5515 986 5571 liene
1024 5515 1242 5571 Silanus
1279 5515 1294 5571 ξ
1349 5515 1414 5570 Et
1468 5516 1536 5569 ad
1582 5517 1752 5569 virum
1805 5525 1953 5568 tuum
1984 5526 2035 5568 te

459 5597 690 5640 avertes:
712 5587 800 5639 vix
817 5586 960 5640 enim
983 5585 1145 5640 fuerit
1170 5586 1376 5641 Latinis
1410 5584 1473 5639 τὸ
1509 5595 1704 5639 avertes
1728 5596 1775 5639 et
1804 5584 2029 5647 aversio,

463 5655 660 5726 ipsum,
709 5666 992 5726 convertes
1034 5668 1089 5726 et
1131 5656 1437 5722 conversio,
1469 5656 1612 5726 quod
1656 5658 1770 5726 v_t_tlt
1799 5654 1862 5707 τὸ
1892 5656 2030 5707 ἁπο-

464 5721 693 5795 στροφή,
719 5735 776 5795 et
807 5725 1002 5779 habent
1038 5725 1261 5795 Syxtina
1308 5721 1426 5791 ubi,
1481 5721 1619 5780 ie5te
1675 5721 2031 5795 Hieronymo,

463 5791 671 5860 Aquila'
709 5791 1017 5867 Societtuem
1042 5791 1468 5867 :Symmaehns,
1496 5796 1780 5867 appetitum
1816 5791 1897 5867 vel
1929 5796 2028 5867 int-5

462 5859 634 5928 petutn
670 5864 1054 5922 transtulerunt
1084 5880 1100 5920 :
1133 5859 1410 5937 'quomode
1452 5859 1612 5922 etiam
1637 5864 1823 5934 Tigur.
1848 5859 1915 5916 Et
1956 5865 2025 5914 ad

2162 5382 2328 5433 virum
2354 5391 2497 5433 tuum
2525 5380 2622 5431 erit
2645 5378 2961 5432 desiderium
2980 5389 3147 5431 tuum.

2212 5449 2324 5521 (14)
2377 5450 2470 5515 Ὠς
2512 5448 2847 5521 ἀσκητικὸν
2871 5445 3360 5521 ἑπκαλλώᾳξισμα.
3413 5441 3730 5521 Yelutmm

2144 5513 2456 5573 nachoruut
2473 5528 2529 5572 et
2562 5513 2887 5587 peculiarius
2913 5513 3031 5571 'Deo
3060 5513 3399 5587 addictorum
3437 5513 3724 5587 hominum

2140 5589 2307 5669 gloria
2333 5626 2349 5650 ,
2383 5582 2613 5669 quorum
2658 5587 2907 5669 angelico
2936 5588 2993 5669 in
3021 5586 3187 5668 terris
3217 5584 3466 5669 instituto
3516 5582 3588 5636 ita
3620 5596 3720 5636 co-

2139 5653 2300 5723 gnata
2334 5653 2417 5713 est
2438 5657 2681 5723 angelica
2708 5653 2876 5711 virtus
2902 5657 3204 5724 virginitas,
3234 5668 3329 5724 seu
3356 5653 3550 5724 saltem
3582 5666 3725 5724 con-

2141 5721 2388 5790 tinentia,
2418 5728 2487 5780 ab
2513 5721 2600 5780 illo
2628 5726 2796 5781 semel
2827 5721 3064 5794 arrepio,
3094 5723 3319 5777 ut-nulla
3353 5721 3709 5791 indulgentia.

2141 5796 2261 5866 ipso
2297 5798 2532 5868 integro,
2560 5798 2732 5866 possit
2754 5796 2967 5864 violari,
3008 5811 3073 5851 ac
3105 5794 3187 5849 vel
3220 5795 3289 5849 ad
3319 5794 3533 5859 horam,
3571 5807 3625 5847 tn
3657 5806 3738 5854 ru
