4092 6428
288 472 363 527 δεῖ

1490 468 1748 529 ORATIO
1787 466 1853 522 IN
1891 462 2273 522 OCCURSUM
2312 462 2572 521 DOMINI.

3573 463 3645 521 46

310 594 388 661 ὥς
409 592 525 665 τῆς
551 592 957 667 ἀνθρωπίνης
987 593 1165 660 ἕξεως
1193 593 1452 664 ἁνωτερα,
1486 592 1562 655 ὡς
1591 590 1700 644 τῶν
1729 592 1966 657 ἐςτιεοιναγ⁸

2082 594 2246 639 ιοτιιιιι
2287 585 2470 648 decus,
2495 560 2554 637 ut
2592 581 2843 652 superior
2871 582 3111 637 humano
3148 580 3333 637 habitu
3365 589 3423 636 et
3476 580 3649 650 quali-

325 685 657 743 ιιωπιιθῶν
686 687 1005 758 ἐλευθέρα.
1034 686 1169 756 (15),
1196 686 1269 751 ὼς
1294 683 1705 738 ωνεισελθοῦσα
1732 683 1810 754 τῷ
1835 700 1968 753 νυμ-

337 778 445 849 ᾳὶῳ
468 777 713 848 Χριστῷ
753 776 849 841 εις
871 778 978 831 τὸν
1002 776 1240 847 θάλαμον
1266 775 1365 845 τῆς
1390 774 1636 845 οὐρανῶν
1667 772 1966 844 βασιλείας.

346 870 459 922 Καὶ
486 867 559 921 τὰ
592 854 701 937 μὲν
736 868 851 939 τῆς
887 867 1196 941 παρθενίας
1229 866 1382 936 πλέη,
1406 865 1599 933 ταῦτα,
1640 866 1735 919 καὶ
1762 864 1832 918 τὰ
1862 882 1970 919 πα-

370 960 640 1033 ραπλήσια
697 958 926 1013 τούτων
946 976 962 991 ’
1022 959 1053 1011 ό
1097 958 1154 1011 δὲ
1199 958 1380 1027 τίμιος
1431 958 1608 1028 γάμος
1650 957 1970 1026 ὑπέρκειται

380 1051 563 1114 παντὸς
609 1048 799 1120 δώρου
855 1050 1076 1121 γηῖνου,
1124 1049 1195 1113 ὡς
1260 1047 1538 1120 ἔγκαρπον
1598 1047 1839 1119 δένδρον,
1895 1047 1972 1112 ὡς

388 1147 581 1199 ἀστεῖον
605 1146 815 1212 φυτὸν,
846 1142 926 1206 ὡς
976 1141 1102 1213 ῥίζα
1140 1142 1238 1212 τῆς
1276 1139 1597 1211 παρθενίας,
1626 1140 1700 1203 ὼς
1727 1138 1974 1210 γεωργὸς

387 1237 490 1290 τῶν
532 1234 777 1304 λογικῶν
816 1234 916 1288 καὶ
947 1233 1204 1305 ἐμψύχων
1240 1232 1470 1297 κλάδων,
1501 1233 1577 1298 ὡς
1620 1232 1836 1302 εὐλογία
1872 1233 1971 1304 τῆς

387 1329 475 1383 τοῦ
500 1329 708 1399 κόσμου
743 1327 1048 1396 αὐξήσεως,
1070 1326 1147 1389 ὡς
1183 1327 1497 1398 παρήγορος
1528 1324 1623 1378 τοῦ
1652 1324 1865 1393 γένους,
1893 1324 1970 1387 ὡς

385 1417 713 1490 δημιουργὸς
738 1416 842 1487 τῆς
865 1415 1302 1487 ἀνθρωπότητος,
1339 1415 1416 1478 ὡς
1459 1415 1558 1485 τῆς
1599 1413 1789 1485 θεῖκῆς
1831 1414 1974 1467 εἰκό-

386 1528 475 1573 νος
493 1508 811 1579 ζωγράφος,
835 1506 907 1569 t'»;
928 1506 1017 1559 τὸν
1043 1506 1317 1573 Δεσπότην
1340 1504 1669 1574 εὐλογοῦντα
1696 1521 1864 1576 κεκτη
1873 1505 1972 1575 μέ-

386 1614 500 1660 νος,
519 1596 597 1659 ὡς
622 1596 802 1648 πάντα
833 1593 924 1646 τὸν
943 1594 1147 1665 κόσμον
1172 1593 1359 1665 φέρειν
1391 1592 1698 1664 δεχόμενος,
1738 1593 1812 1658 ὡς
1831 1594 1973 1647 ὲκεί-

388 1707 467 1759 νῳ
506 1687 926 1755 πολιτευόμενος
950 1684 1061 1754 (i6)
1098 1684 1157 1737 ὃν
1215 1685 1309 1737 καὶ
1357 1683 1771 1755 ὲνανθρωπῆσαι
1818 1685 1971 1737 ἔδυσ-

388 1780 643 1849 ὠπησεν,
662 1777 741 1840 ὼς
768 1777 1060 1847 δυνάμενος
1080 1776 1258 1845 λέγειν
1289 1776 1427 1848 μετὰ
1450 1778 1777 1848 παρρησίας.
1802 1777 1970 1842 Ἰδοὺ,

2072 681 2204 736 tate,
2261 680 2321 725 ut
2377 672 2705 727 necessariis
2765 669 3146 727 aﬂ'ectiouibus
3178 671 3371 738 libera,
3407 678 3470 727 ut
3522 686 3648 727 cum

2068 763 2287 819 Christo
2326 778 2525 833 sponso
2555 768 2609 817 in
2651 763 2801 833 regni
2836 762 3094 819 cmlorum
3138 773 3429 833 penetrans
3474 763 3651 821 thala-

2070 872 2239 911 mum.
2268 855 2335 910 Et
2359 857 2472 910 haec
2499 855 2719 925 quidem
2754 864 2883 910 sunt
2915 855 3242 925 virginitatis
3285 856 3541 927 insignia,
3593 867 3651 912 et

2070 948 2114 1002 si
2146 962 2251 1017 qua
2286 946 2354 1000 iis
2400 947 2604 1000 fuerint
2627 945 2875 1016 proxima
2907 964 2919 1000 :
2950 946 3267 1002 houorabile
3301 959 3481 1002 autem
3516 964 3652 1004 con-

2071 1040 2292 1093 nubium
2323 1037 2393 1103 ⁸⁸,
2431 1040 2629 1092 douum
2691 1052 2853 1093 omne
2904 1048 3179 1093 terrenum
3234 1048 3473 1110 supcrat,
3531 1051 3652 1096 tan-

2072 1143 2232 1197 quam
2268 1128 2431 1182 arbor
2462 1126 2743 1198 frugifera,
2774 1138 2832 1183 ut
2858 1127 3040 1198 planta
3080 1129 3319 1199 elegans,
3363 1130 3510 1186 velut
3562 1146 3652 1187 ra-

2074 1218 2167 1273 dix
2195 1217 2544 1290 virginitatis,
2580 1226 2638 1271 ut
2670 1220 2815 1288 quod
2845 1219 3138 1275 rationales
3184 1220 3401 1289 vitaque
3454 1220 3653 1291 potiori

2071 1319 2261 1365 auctos
2287 1322 2490 1379 ramos,
2512 1310 2745 1375 excolat,
2783 1310 2949 1366 veluti
2994 1312 3178 1367 mundi
3210 1323 3487 1368 cremento
3524 1314 3652 1369 data

2075 1401 2407 1467 benedictio,
2446 1410 2505 1455 ut
2529 1400 2777 1458 solatium
2795 1403 3035 1473 generis,
3065 1412 3124 1458 ut
3153 1414 3356 1459 natura:
3385 1405 3649 1473 conditor,

2074 1500 2134 1545 ut
2173 1492 2354 1562 pictor
2391 1491 2587 1547 divina:
2646 1492 2923 1564 imaginis,
2974 1506 3033 1549 ut
3064 1510 3149 1550 cui
3190 1495 3446 1552 Dominus
3488 1497 3655 1553 bene-

2072 1581 2231 1647 dixit,
2263 1590 2325 1636 ut
2353 1587 2497 1651 quod
2542 1582 2857 1638 universum
2921 1584 3179 1639 mundum
3222 1594 3439 1655 portare
3484 1586 3653 1643 susti-

2075 1682 2224 1740 neat,
2256 1683 2315 1729 ut
2340 1673 2493 1743 cujus
2516 1675 2759 1731 rationes
2791 1676 2866 1731 illi
2896 1675 3267 1748 instituantur,
3305 1695 3464 1750 quem
3488 1683 3649 1737 etiam

2073 1775 2133 1820 ut
2161 1767 2322 1821 homo
2362 1766 2515 1822 ﬂeret
2565 1767 2815 1823 inﬂexit:
2852 1771 2994 1839 quod
3040 1779 3150 1826 tota
3191 1772 3443 1829 libertate
3473 1773 3653 1829 dicere

388 1872 508 1940 ἐγὼ
544 1872 644 1925 καί
691 1871 764 1925 τὰ
798 1869 1021 1933 παιδία,
1053 1868 1092 1923 ἄ
1112 1888 1213 1938 μοι
1241 1869 1465 1924 ἔδωκεν
1497 1873 1531 1924 ὀ
1560 1872 1724 1937 Θεός.
1749 1870 1973 1943 Περίελε

2082 1859 2287 1929 possit:
2331 1858 2465 1913 Ecce
2489 1875 2605 1930 ego,
2628 1869 2676 1914 et
2710 1860 2935 1930 parvuli,
2967 1879 3096 1933 quos
3126 1863 3267 1917 dedit
3300 1864 3431 1918 mihi
3471 1862 3643 1918 Domio

389 1939 483 2017 τύν
511 1965 699 2034 τίμιον
719 1964 916 2032 γάμον,
940 1964 1033 2016 καὶ
1059 1963 1161 2015 ποῦ
1195 1962 1447 2032 εὑρήσεις
1471 1961 1533 2014 τὸ
1558 1962 1657 2033 τῆς
1678 1939 1974 2032 παρθενίας

2082 1968 2176 2004 nus
2207 1953 2273 2005 ".
2308 1951 2476 2006 Aufer
2525 1953 2839 2009 honorabile
2898 1956 3228 2025 conjugium,
3278 1972 3378 2012 nec
3426 1971 3656 2027 usquam

390 2055 554 2119 ἄνθος
573 2072 589 2085 ·
624 2054 774 2107 ἔνθεν
797 2055 904 2125 γαῖα
940 2054 1032 2107 καὶ
1062 2056 1161 2107 οὐκ
1189 2053 1429 2117 ἄλλοθεν,
1467 2053 1527 2107 τὸ
1558 2054 1657 2123 τῆς
1681 2054 1977 2126 παρθενίας

392 2147 554 2210 ἄνθος
590 2147 932 2215 ἀναλέγεται.
978 2147 1161 2200 Ταῦτα
1186 2147 1242 2199 δὲ
1280 2147 1553 2215 λέγοντες,
1581 2148 1877 2218 ἀγαπητοὶ,
1914 2149 1976 2201 οὐ

399 2243 584 2313 μάχην
637 2240 1105 2311 παρεισϐάλλομεν
1165 2240 1366 2309 μεταξύ
1419 2239 1718 2312 παρθενίας
1751 2243 1845 2295 καὶ
1873 2242 1976 2311 γά-

400 2347 536 2401 μθυ·
590 2332 662 2385 τὰ
712 2333 945 2402 ἑκάτερα
993 2331 1050 2383 δὲ
1101 2331 1177 2394 ὡς
1223 2329 1555 2402 ἁλληλόχρεα
1602 2331 1973 2403 θαυμάζομεν.

408 2423 633 2494 Ἐπειδὴ
683 2422 792 2475 τῶν
847 2423 1120 2492 ἑκατέρων
1161 2424 1189 2475 ὁ
1220 2423 1495 2494 Δεσπότης
1544 2425 1639 2477 καὶ
1675 2424 1980 2496 προνοητὴς

396 2516 501 2567 οὐκ
544 2512 982 2567 ἀντιταλαντεύει
1025 2514 1209 2584 ἕτερον
1239 2512 1318 2584 τῷ
1343 2515 1548 2585 ἑτέρῳ·
1590 2516 1725 2587 πρὸς
1773 2518 1879 2588 γὰρ
1912 2516 1981 2569 τὰ

397 2606 640 2675 ἑκάτερα
678 2605 779 2674 τῆς
817 2604 1126 2667 θεοσεϐείας
1154 2603 1334 2674 ἔχεται
1360 2605 1493 2676 (17)ο
1524 2607 1685 2659 Ἀνευ
1734 2607 1843 2679 γὰρ
1881 2608 1980 2679 τῆς

398 2698 590 2765 τιμίας
641 2697 736 2749 καὶ
775 2695 1057 2760 θεοσεϐοῦς
1085 2697 1366 2760 εὐσεϐείας
1405 2698 1516 2769 (l8)
1560 2696 1683 2751 οὔτε
1716 2698 1980 2769 παρθενία

408 2788 608 2860 σεμνὴ,
634 2786 758 2840 οὐτε
782 2788 957 2858 γάμος
980 2787 1177 2859 τίμιος.

474 2961 552 3014 B’.
574 2959 761 3013 Ταῦτα
777 2960 829 3012 δέ
851 2978 938 3031 μοι
959 2962 1017 3015 ὲν
1038 2961 1119 3033 τῷ
1132 2963 1355 3034 παρόντι
1373 2961 1516 3033 λόγῳ
1534 2961 1800 3033 προήχθη,
1815 2962 1901 3016 διὰ
1919 2964 1981 3017 τὸ

400 3055 461 3106 ἑν
482 3053 563 3124 τῷ
591 3054 743 3123 νόμῳ
776 3054 1004 3124 γραφὲν.
1037 3055 1131 3107 καὶ
1151 3056 1208 3106 ὲν
1239 3056 1303 3125 τῇ
1334 3053 1513 3125 χάριτι
1543 3053 1858 3124 βεϐαιωθὲν,
1884 3055 1981 3108 καὶ

400 3143 635 3196 καθόλου
679 3142 883 3213 λεχθὲν,
915 3144 1010 3196 καὶ
1040 3142 1266 3196 καθόλου
1300 3142 1374 3214 μὴ
1407 3143 1651 3214 εὑρεθὲν,
1684 3144 1780 3197 καὶ
1817 3146 1875 3197 ὲν
1899 3144 1979 3216 τῷ

402 3233 593 3304 κυρίῳ
625 3232 772 3303 μόνῳ
802 3233 1086 3304 πληρωθὲν
1113 3233 1225 3304 (19)
1253 3247 1268 3265 ⁸
1299 3234 1427 3307 περὶ
1450 3233 1545 3287 τοῦ
1567 3233 1808 3305 γαμικοῦ
1835 3234 1979 3306 φημὶ

478 3387 524 3418 ⁸¹
548 3387 684 3442 Heb.
714 3403 832 3451 xui,
861 3388 917 3442 4.
992 3387 1035 3418 δ’
1063 3388 1164 3444 lsa.
1195 3404 1307 3454 vni,
1342 3390 1429 3447 18.

2079 2040 2407 2109 virginitatis
2436 2040 2620 2097 ﬂorem
2648 2043 2942 2098 inveneris.
2967 2043 3096 2099 lude
3117 2045 3283 2110 enim,
3311 2059 3415 2101 non
3437 2060 3503 2100 ex
3526 2044 3654 2111 alio,

2078 2134 2349 2204 colligitur
2379 2134 2478 2190 ﬂos
2522 2134 2875 2204 virginitatis.
2913 2134 3046 2189 Cum
3096 2150 3225 2190 vero
3258 2137 3374 2190 hinc
3406 2137 3652 2202 dicimus,

2076 2226 2294 2293 dilecti;
2332 2227 2750 2296 haudquaquam
2808 2226 2951 2280 inter
2982 2226 3344 2297 virginitatem
3381 2227 3657 2282 matrimo-

2080 2318 2337 2384 niumque
2401 2330 2634 2386 pugnam
2701 2315 3041 2370 inducimus:
3090 2315 3184 2369 sed
3236 2323 3544 2385 utrumque,
3600 2325 3659 2370 ut

2082 2410 2225 2477 quod
2251 2408 2480 2461 alterum
2536 2407 2692 2462 alteri
2756 2406 2988 2462 oﬂlcium
3028 2415 3269 2477 praestet,
3302 2408 3656 2477 vicissimque

2080 2500 2316 2569 indigeat
2376 2498 2574 2565 altero,
2638 2499 3009 2569 suspicimus:
3049 2499 3313 2570 siquidem
3376 2499 3658 2553 amborum

2081 2590 2339 2645 Dominus
2364 2590 2723 2659 provisorque
2746 2606 2853 2645 non
2904 2590 3131 2644 alterum
3186 2589 3337 2644 alteri
3389 2590 3611 2659 opponi:
3641 2632 3655 2645 .

2080 2682 2132 2735 iu
2170 2692 2401 2751 utroque
2422 2682 2566 2737 enim
2595 2682 2912 2753 religionem
2945 2681 3292 2753 amplectitur
3356 2680 3489 2735 Nam
3533 2683 3646 2736 abs-

2080 2788 2185 2842 que
2208 2774 2457 2843 religiosa
2510 2776 2733 2844 pietate,
2785 2788 2961 2843 neque
3010 2774 3296 2843 virginitas
3340 2774 3662 2829 venerabilis

2080 2875 2188 2931 εει,
2222 2882 2396 2936 neque
2416 2867 2816 2922 matrimonium
2837 2867 3166 2923 houorabile.

2148 2955 2215 3008 Il.
2259 2955 2441 3012 Hmca
2481 2974 2568 3012 me
2619 2958 2869 3028 prtesenti
2917 2958 3165 3012 oratione
3224 2957 3429 3028 prolata
3497 2964 3661 3024 sunt,

2081 3063 2302 3122 propter
2330 3055 2381 3107 id
2421 3054 2563 3123 quod
2589 3064 2677 3109 est
2697 3055 2959 3124 scriptum
2989 3054 3043 3107 in
3083 3052 3223 3123 lege,
3269 3061 3324 3107 et
3379 3054 3433 3106 in
3488 3053 3664 3124 gratia

2081 3144 2464 3200 conﬁrmatum
2497 3162 2515 3199 :
2546 3146 2687 3216 quod
2719 3147 3011 3200 universim
3061 3144 3285 3210 dictum,
3318 3159 3415 3199 nec
3444 3147 3646 3199 univer-

2081 3238 2184 3291 sim
2216 3238 2494 3292 inventum
2533 3247 2637 3307 est,
2670 3241 2762 3295 sed
2809 3239 2864 3294 in
2916 3238 3033 3296 solo
3081 3238 3313 3293 Domino
3356 3238 3639 3309 impletum

403 3552 599 3615 etiam,
637 3565 741 3605 non
769 3550 1010 3614 servari,
1042 3549 1262 3617 solaque
1294 3547 1688 3618 prmparatioue
1731 3547 1891 3600 animi
1924 3556 1979 3601 et
2008 3552 2050 3609 C
2085 3546 2269 3618 Operis
2301 3564 2315 3618 :
2349 3546 2414 3600 de
2440 3541 2949 3618 qquHieronymus
2968 3556 3153 3618 contra
3204 3545 3569 3614 Vigilantiam.

406 3631 661 3690 prompta
694 3619 1007 3684 voluntate;
1050 3616 1316 3688 quomodo
1338 3626 1390 3671 et
1420 3616 1740 3690 obedi‘entite
1765 3627 1818 3690 et
1843 3631 1977 3690 pau-

409 3686 632 3758 pertatis
658 3700 780 3743 vota
804 3729 819 3752 ,
846 3686 1095 3754 servata,
1128 3704 1230 3743 non
1265 3703 1390 3742 raro
1416 3686 1709 3758 suﬂiciunt,
1735 3686 1984 3758 veldeﬂ-

407 3756 584 3813 ciente
605 3760 698 3828 qui
740 3760 1036 3828 praecipiat,
1064 3759 1144 3812 vel
1178 3773 1277 3811 usu
1313 3772 1494 3811 rerum
1542 3757 1757 3811 interim
1790 3756 1983 3828 libero.

407 3846 472 3883 ac
503 3827 679 3897 qualis
706 3827 819 3884 fere
852 3839 934 3882 est
962 3830 1183 3897 domini.
1214 3828 1327 3893 Qua
1366 3829 1432 3881 de
1463 3842 1522 3880 re
1544 3836 1653 3879 ttun
1688 3827 1985 3897 canonista:

405 3903 473 3950 ad
503 3896 711 3953 Decret.
743 3910 918 3954 extra.
950 3896 1083 3952 Cum
1110 3899 1177 3951 ad
1205 3899 1604 3959 monasterium,
1634 3906 1689 3949 et
1719 3896 1979 3965 Theologi

402 3969 518 4032 2-2,
564 3969 656 4022 ubi
698 3970 764 4023 de
809 3977 951 4021 voto.
986 3966 1242 4021 Silanus:
1278 3965 1463 4033 Utpote
1502 3967 1707 4020 virtutis
1744 3964 1907 4018 studii
1932 3964 1982 4019 et

406 4039 597 4092 mentis
627 4038 1015 4092 exercitationis
1043 4048 1427 4093 ornamentum.
1458 4035 1624 4091 Plane
1644 4036 1853 4104 jejune,
1884 4050 1984 4089 nec

406 4110 702 4177 quidquam
730 4110 797 4162 ad
824 4118 1053 4177 meutem
1086 4107 1463 4177 Amphilochii.

479 4176 592 4245 (l5)
644 4178 736 4243 Ὡς
782 4175 898 4230 τῶν
922 4175 1497 4245 ἐπαναγκαιοπαθῶν
1533 4176 1841 4244 ἐλευθέρα.
1891 4175 1977 4229 ΑΙ.

404 4247 763 4301 ἀπολυθεῖσα.
804 4246 966 4301 Velut
1012 4261 1131 4314 qua:
1176 4248 1419 4315 superior
1457 4248 1706 4300 videatur
1731 4246 1982 4300 humanis

405 4318 754 4387 passionibus
809 4317 1364 4385 necessiutibusque,
1417 4331 1480 4370 ac
1530 4318 1821 4385 quemdam
1856 4315 1979 4387 jam

404 4388 709 4455 angelicum
740 4397 794 4441 et
844 4388 1264 4454 iﬂCOI‘I‘llpllOIIla
1298 4396 1497 4441 statum
1547 4386 1815 4455 pra-ferat.
1852 4386 1983 4439 Erat

407 4464 588 4510 textus
618 4458 903 4511 mendosus
946 4458 1165 4510 omnino
1224 4466 1278 4510 et
1319 4457 1541 4508 inutilus
1568 4455 1644 4520 ὡς
1681 4457 1788 4508 τῶν
1825 4456 1983 4509 ἐπάν-

403 4543 573 4595 αγκες
596 4525 827 4579 ἐλθοῦσα
851 4526 928 4597 τῷ
968 4527 1203 4597 νυμφίῳ,
1232 4544 1283 4579 κ.
1312 4544 1365 4581 τ.
1394 4525 1472 4591 ἐξ.
1503 4524 1836 4597 Silanusle
1865 4542 1982 4595 qua:

405 4598 701 4650 necessario
729 4595 915 4665 sponso
960 4595 1171 4649 Christo
1206 4598 1374 4649 veniat
1403 4598 1460 4649 in
1501 4596 1793 4650 thalamum
1829 4597 1973 4665 regni

408 4636 662 4719 alterum
684 4681 702 4717 :
727 4636 1030 4734 cujusvdicti
1053 4675 1145 4720 aut
1169 4682 1273 4720 non
1305 4666 1461 4721 video
1479 4636 1719 4730 sensum,
1749 4675 1845 4719 aut
1875 4636 1981 4720 ιῖυιι
2014 4636 2061 4696 D

406 4748 542 4789 δειιις
568 4750 787 4789 sanum.

474 4804 588 4873 (16)
613 4806 712 4871 Ὡς
730 4806 936 4869 ἐκείνῳ
951 4807 1429 4876 πολιτευόμενος.
1452 4805 1611 4861 Velut
1640 4806 1779 4875 quod
1807 4805 1893 4859 illi
1910 4804 1987 4857 vi-

406 4887 565 4928 vatur
591 4885 652 4929 ει
676 4876 882 4929 militet.
907 4876 984 4929 Re
1006 4891 1132 4929 vera
1153 4880 1293 4929 enim
1318 4878 1480 4929 etiam
1497 4877 1693 4943 nuptia:
1716 4876 1825 4929 Deo
1846 4875 1989 4929 mili-

412 4956 557 5008 tant;
591 4961 903 5014 quanquam
929 4946 1122 5014 majori
1151 4962 1311 5015 quam
1340 4946 1984 5015 virginitasdiﬂicultate.

414 5027 468 5067 et
514 5026 850 5068 terrenorum
880 5014 1257 5070 sollicitudine.
1308 5014 1529 5069 Silanus
1555 5032 1568 5067 :
1594 5014 1735 5077 Cant
1789 5018 1853 5069 ab
1895 5016 1986 5067 illo

416 5097 623 5151 regatur
662 5094 711 5137 ct
746 5086 1169 5149 administratur,
1215 5086 1391 5139 minus
1416 5094 1578 5153 apte:
1614 5097 1667 5137 ut
1700 5087 1843 5138 enim
1878 5086 1987 5137 vir-

413 5156 675 5220 ginitatis,
704 5157 775 5208 ita
823 5158 1127 5224 nuptiarum
1172 5156 1368 5224 ubique
1396 5155 1810 5222 Amphilochius
1855 5170 1985 5223 pro-

414 5226 652 5295 sequitur
682 5223 1085 5295 κατορθώματα
1106 5262 1122 5288 ,
1186 5223 1291 5278 non
1322 5223 1639 5295 fornialiter
1682 5223 1862 5278 divina
1894 5241 1987 5295 χα·

413 5293 651 5362 ρίσματα
698 5333 715 5357 ,
788 5293 1069 5360 ιιὶιὶιιὶιιε
1133 5293 1333 5348 homini
1387 5293 1702 5355 conferant,
1757 5302 1811 5348 et
1878 5293 1987 5363 quo

410 5368 780 5433 «insequantur
809 5365 950 5433 Deo;
980 5378 1085 5418 non
1112 5364 1238 5433 quid
1267 5365 1411 5418 Deus
1440 5364 1547 5417 illis
1579 5364 1842 5418 conferat.

481 5431 594 5504 (l7)
633 5434 794 5502 Πρὸς
825 5432 935 5504 γὰρ
964 5435 1037 5487 τὰ
1066 5431 1316 5501 ἑκάτερα
1340 5433 1452 5501 τῆς
1474 5434 1813 5500 θεοσεϐείας
1850 5431 1982 5504 ἕχε-

405 5519 524 5555 rat.
552 5503 756 5572 Nempe
787 5503 1043 5558 Damiuus
1081 5504 1172 5557 ille
1206 5514 1265 5561 et
1293 5506 1560 5573 provisor,
1601 5504 1747 5558 velut
1770 5519 1832 5557 ea
1864 5503 1983 5573 aﬂi-

401 5575 549 5626 citur
570 5573 730 5641 eique
762 5572 962 5627 insistit
990 5590 1004 5625 :
1032 5582 1095 5627 ut
1137 5572 1209 5627 sit
1239 5572 1377 5628 ratio
1415 5589 1514 5628 cur
1541 5574 1642 5627 οὐκ
1671 5572 1987 5627 ἀντιταλαν-

401 5643 555 5695 τεὺει
578 5642 771 5698 ἕτερον
792 5642 872 5698 τῶ
900 5643 1094 5698 ἑτέρω.
1125 5657 1230 5697 non
1264 5658 1428 5698 unum
1453 5654 1641 5698 contra
1668 5643 1812 5698 aliud
1842 5644 1985 5698 velut

399 5659 555 5695 τευει
580 5657 771 5708 ετερον
792 5660 872 5708 τῳ
900 5657 1094 5708 ετερῳ,
1125 5657 1230 5697 non
1264 5658 1428 5698 unum
1453 5657 1641 5698 contra
1668 5657 1812 5698 aliud
1842 5657 1958 5698 vetu

402 5660 555 5695 τευει
580 5660 771 5714 ετερον
792 5660 872 5714 τῳ
900 5660 1094 5715 ετερῳ,
1125 5660 1230 5697 non
1264 5660 1428 5698 unum
1453 5660 1641 5698 contra
1668 5660 1812 5698 auuu
1842 5660 1985 5698 venit

402 5716 638 5767 trutinat
662 5724 716 5767 et
740 5715 998 5783 appendit
1027 5734 1042 5768 :
1075 5714 1233 5781 quasi
1258 5714 1372 5780 ipsa
1403 5715 1627 5783 praecise
1646 5753 1661 5779 ,
1698 5728 1769 5783 ac,
1794 5712 1894 5766 nisi
1928 5724 1986 5767 ut

406 5784 583 5853 media
620 5784 690 5836 ad
719 5787 972 5852 pietatem
1017 5782 1443 5853 religionemque
1465 5821 1482 5849 ,
1530 5782 1700 5853 pluris
1743 5782 1885 5853 ﬂant
1917 5784 1985 5835 ab

408 5849 567 5919 ipso:
603 5849 750 5921 quod
797 5864 973 5908 tamen
1023 5849 1459 5923 nou'iprohibet,
1493 5849 1555 5908 ut
1594 5868 1661 5907 ne
1698 5851 1982 5923 virginitas

406 5924 479 5975 sit
510 5927 702 5979 melzor
728 5933 786 5979 et
832 5924 1106 5996 acceptior
1151 5922 1264 5978 Deo
1305 5936 1370 5978 es
1417 5922 1531 5994 ipsa
1569 5923 1734 5980 etiam
1773 5921 1981 5977 ratione

2156 3617 2266 3685 (l8)
2303 3616 2633 3681 Εὑσεϐείας
2669 3615 2806 3669 Editi
2847 3616 3009 3677 male,
3046 3616 3321 3683 εὐλογίας.

2156 3686 2269 3756 (l9)
2312 3688 2422 3759 Kal
2462 3688 2533 3740 ἐν
2559 3685 2640 3759 τῷ
2674 3686 2869 3759 Κυρίῳ
2908 3686 3074 3755 μόνῳ
3105 3685 3441 3759 πληρωθὲν.
3484 3685 3555 3742 Ut
3586 3688 3668 3740 ui-

2087 3759 2284 3812 mirum
2322 3758 2436 3825 ipse
2470 3758 2709 3826 aperiret
2744 3757 2992 3821 vulvam,
3035 3758 3181 3811 nullo
3221 3758 3430 3812 semine
3468 3758 3670 3824 prmvio

2090 3831 2157 3881 ad
2190 3827 2307 3896 ejus
2340 3825 2675 3895 apertionem
2713 3845 2726 3881 :
2769 3841 2929 3895 quam
2966 3827 3128 3880 etiam
3164 3828 3432 3882 rationem
3464 3825 3671 3880 Metho-

2089 3899 2208 3951 dius
2245 3897 2436 3960 habet,
2474 3911 2685 3951 necnon
2728 3896 3049 3950 Ambrosius
3090 3914 3103 3949 :
3137 3898 3285 3951 solus
3325 3906 3503 3950 tamen
3536 3898 3667 3950 Am-

2088 3967 2394 4036 philochius
2416 3981 2479 4020 ea
2516 3970 2580 4020 de
2606 3982 2666 4021 re
2697 3976 2753 4019 et
2775 3975 2954 4020 movet
2981 3965 3201 4021 dubium
3233 3976 3287 4021 et
3316 3966 3510 4020 solvit:
3540 3966 3668 4019 Atii-

2094 4039 2277 4091 lirosio
2304 4038 2469 4090 etiam
2494 4036 2641 4090 velut
2667 4035 3061 4099 dissimulante,
3093 4046 3147 4091 et
3169 4038 3233 4088 ad
3268 4036 3520 4091 Ecclesia:
3553 4039 3667 4102 spi-

2088 4106 2297 4161 ritalem
2327 4107 2561 4171 vulvam,
2597 4121 2759 4175 quam
2792 4106 2881 4159 ille
2908 4120 3033 4160 vere
3064 4106 3298 4161 Sanctus
3326 4115 3469 4161 esset
3511 4122 3670 4172 aper-

2089 4187 2264 4240 turus,
2304 4178 2613 4231 remittente
2644 4194 2657 4230 :
2695 4174 2802 4229 Sed
2862 4176 2955 4230 ille
2984 4175 3243 4237 Sanctus,
3273 4178 3468 4246 inquit,
3514 4191 3668 4245 quem

2088 4247 2141 4299 in
2173 4247 2345 4316 ﬁgura
2371 4247 2547 4315 futuri
2584 4247 2838 4317 mysterii,
2864 4248 2950 4310 pia
2980 4248 3107 4317 tegis
3141 4247 3330 4317 «Quinte
3361 4246 3668 4317 prwrscripta

2087 4314 2401 4381 signabant;
2437 4334 2497 4370 eo
2530 4314 2862 4386 quodisolus
2895 4314 3094 4369 sancta:
3143 4314 3398 4369 Ecclesiae
3425 4316 3664 4386 virginis,

2088 4386 2157 4438 ad
2189 4387 2513 4454 generandos
2536 4385 2757 4455 populos
2787 4385 2904 4450 Dei,
2937 4386 3298 4440 immaculata:
3327 4385 3667 4453 fecunditatis

2087 4458 2307 4521 aperiret
2338 4458 2563 4525 genitale
2587 4464 2861 4508 secretum.
2890 4456 2992 4509 Hic
3023 4472 3144 4523 ergo
3171 4456 3314 4508 solus
3340 4456 3439 4507 sibi
3462 4456 3669 4525 aperuit

2087 4526 2313 4579 vulvam.
2340 4522 2459 4579 Nec
2484 4528 2715 4579 mirum:
2739 4526 2821 4577 Itt'c
2852 4528 2988 4578 enim
3008 4522 3212 4578 dixerat
3237 4528 3305 4578 ad
3329 4522 3669 4591 prophetam:

2091 4614 2110 4646 ι
2146 4593 2466 4665 Priusquam
2482 4605 2530 4647 te
2552 4596 2854 4663 formarem,
2889 4614 2907 4646 ι
2937 4604 3040 4649 etc.
3065 4595 3304 4664 Quiergo
3321 4595 3522 4647 vulvam
3540 4610 3667 4647 san-

2089 4664 2339 4732 ctiﬁcavi-t
2366 4664 2616 4727 alienam,
2645 4674 2700 4716 ut
2723 4675 3023 4717 nasceretur
3050 4668 3321 4733 propheta,
3356 4667 3440 4717 hic
3462 4673 3537 4717 est
3572 4665 3666 4733 qui

2088 4737 2290 4797 aperuit
2334 4737 2515 4787 matris
2561 4750 2672 4787 sua:
2718 4735 2923 4787 uuluam
2971 4742 3027 4787 ut
3062 4735 3433 4788 immaculatas
3481 4733 3665 4789 exiret.

2088 4804 2233 4858 Bene
2279 4805 2329 4858 id
2374 4805 2589 4870 quidem
2636 4821 2650 4857 :
2695 4804 2766 4857 At
2806 4803 2969 4857 instat
3024 4803 3115 4858 ille
3155 4813 3340 4859 noster
3386 4803 3669 4872 Amphilo-

2088 4876 2275 4940 chius;
2318 4875 2472 4946 cujus
2517 4890 2575 4928 se
2604 4873 2699 4946 fit};
2750 4873 3085 4946 ἐπιστατικῷ
3128 4873 3515 4946 ἕαὶηνηφαλίῳ
3568 4874 3670 4946 τῆς

2087 4946 2359 5015 διανοίας-
2377 4943 2693 5015 ὑπερφυῶς.
2716 4944 2946 5015 ἡσθῆναι
2970 4988 2985 5012 ,
3012 4943 3087 4999 ait
3129 4943 3358 4999 Basilius
3377 4985 3392 5010 ,
3438 4943 3665 5015 promtu.

2089 5016 2183 5069 lib.
2216 5014 2295 5068 De
2326 5013 2526 5080 Spiritu
2562 5013 2747 5068 sancto
2787 5013 2853 5067 ad
2883 5018 3055 5083 ipsqu
3084 5033 3098 5069 :
3137 5016 3550 5083 perSpicacitate
3577 5014 3668 5071 illa

2086 5097 2146 5157 et
2170 5085 2476 5157 prudentia,
2506 5099 2598 5157 seu
2624 5084 2918 5157 διορατικῷ
2948 5088 3038 5157 illo
3072 5085 3450 5157 Ch‘rysnslomi
3474 5086 3669 5157 ._q_uotl

2088 5156 2265 5227 ipsum
2304 5155 2355 5207 in
2386 5155 2665 5227 sacerdote
2691 5153 2869 5224 jungit
2889 5153 2976 5227 ⁷τῷ
3004 5153 3272 5227 νηφαλίῳ,
3306 5169 3429 5227 qua
3480 5153 3671 5227 diﬂici-

2088 5223 2157 5279 lia
2188 5237 2419 5297 quaeque
2450 5224 2504 5277 iu
2539 5223 2821 5297 Scriptura
2866 5223 3173 5297 pervideret
3211 5223 3266 5279 et
3295 5223 3525 5297 feliciter
3558 5223 3669 5281 sol-

2086 5305 2274 5360 veret;
2308 5295 2391 5348 vel
2437 5304 2620 5357 certe,
2661 5294 2939 5351 modestia:
2975 5311 3137 5350 causa
3159 5335 3175 5358 ,
3206 5297 3274 5349 ad
3311 5294 3664 5359 solvendum,

2087 5379 2225 5434 quos
2251 5374 2309 5435 ut
2332 5364 2617 5434 magistros
2639 5366 3019 5430 venerabatur,
3058 5374 3182 5435 puta
3214 5364 3497 5435 Basilium,
3533 5373 3666 5427 etc.,

2089 5433 2206 5505 ipsa
2251 5433 2676 5505 interregatione
2726 5433 3258 5505 ἐπιστατικωτέρους
3310 5433 3551 5505 faciens,
3611 5443 3669 5487 ut

2096 5502 2236 5575 idem
2277 5502 2511 5575 Basilius
2546 5505 2705 5575 epist.
2748 5521 2945 5561 Lean.
2991 5506 3057 5560 ad
3100 5502 3311 5574 ipsum,
3344 5504 3666 5575 impelleret.

2085 5573 2277 5639 Instat,
2307 5573 2527 5637 inquam
2555 5572 2593 5629 τ’
2615 5572 2725 5628 Lex
2751 5576 2854 5630 ista
2886 5576 2950 5631 ad
2995 5572 3217 5628 Mariam
3258 5572 3522 5639 refertur;
3566 5572 3670 5627 fuit

2085 5660 2216 5715 ergo
2241 5653 2425 5716 aperta
2454 5644 2571 5716 ejus
2600 5643 2787 5716 vulva;
2816 5661 2921 5699 non
2959 5660 3086 5716 ergo
3114 5645 3276 5713 Virgo
3301 5644 3665 5716 virginitatem

2086 5713 2347 5784 servavit.
2383 5714 2573 5784 solvat
2604 5714 2718 5784 ipse
2747 5716 2841 5782 qui
2888 5725 2996 5769 tam
3027 5713 3252 5784 'digeste
3279 5713 3665 5784 addubitavit:

2086 5785 2231 5856 Πρὸς
2265 5783 2363 5854 μὲν
2386 5783 2485 5856 τὴν
2510 5781 2850 5855 παρθενικὴν
2876 5784 3061 5855 φύσιν,
3085 5781 3138 5837 3E.
3167 5799 3228 5856 τ.
3251 5782 3344 5856 Αὲξ.
3375 5781 3531 5856 Quod
3550 5782 3673 5856 quis.

2085 5851 2235 5917 dem,
2267 5851 2475 5922 inquit,
2506 5851 2700 5920 spectat
2739 5851 2819 5909 ασί-
2854 5851 3097 5908 naturam
3130 5854 3451 5922 virginitatis
3475 5891 3491 5915 ,
3521 5851 3668 5905 nullo

2085 5925 2241 5978 modo
2268 5934 2385 5979 sunt
2421 5935 2614 5992 aperta:
2635 5925 2881 5993 virginea:
2902 5934 3069 5994 porta:
3090 5937 3109 5975 :
3136 5924 3188 5980 id
3215 5931 3320 5989 est,
3352 5936 3410 5977 re
3441 5922 3557 5995 ipsa
3576 5960 3592 5987 ,
3615 5931 3667 5973 et

3716 5259 3750 5360 »ξ
