4092 6394
478 392 536 447 5i
1431 395 1489 450 S.
1531 394 1978 452 AMPHlLOCHII
2022 394 2409 451 ICONIENSIS
2450 395 2755 452 EPiSCOPI
3662 403 3728 460 59

559 509 622 564 γ.
647 507 742 563 Est
763 509 941 574 Anna,
965 525 1164 566 corona
1195 511 1479 568 mulierum
1511 515 1817 578 viduarum,
1859 514 2045 568 condi-

2222 512 2294 566 δ’.
2315 512 2583 583 Στέφανος
2605 514 2714 567 τῶν
2748 514 2933 585 χηρῶν
2971 516 3004 585 ἡ
3040 515 3228 575 Ἀννα,
3268 515 3404 587 γυνὴ
3431 516 3493 569 τὸ
3524 519 3728 590 σχῆμα,

477 609 622 660 tione
653 616 707 660 et
745 620 875 660 sexu
911 605 1120 670 mulier,
1153 607 1344 660 ordine
1371 609 1737 678 prophetissa,
1781 608 1833 661 in
1867 607 2044 663 vidui-

2155 604 2418 673 προφῆτις
2448 603 2508 655 τὸ
2543 605 2728 674 τάγμα
2751 621 2764 634 ⁸
2797 606 2854 657 ὲν
2874 604 3147 675 χηροσύνῃ
3173 605 3455 672 διὰγουσα,
3497 607 3554 660 ὲν
3581 607 3713 678 βασι

473 709 587 751 tate
609 699 827 766 degens,
871 696 925 751 in
959 711 1123 768 regno
1161 712 1348 766 agens,
1414 713 1639 767 corpore
1688 699 1942 769 languido
1989 706 2044 753 et

2155 695 2266 766 λείᾳ
2316 695 2784 766 διαστρεφομένηο
2820 695 3200 766 κεχαλασμένη
3233 695 3294 747 τὸ
3335 695 3515 766 σῶμα,
3552 715 3719 752 νενευ-

473 788 835 854 ﬂaccescenti,
864 789 1084 844 robusto
1115 789 1319 856 animo,
1349 791 1503 858 cujus
1535 790 1726 844 faciem
1751 805 1897 857 rugae
1923 805 2047 844 con-

2155 785 2367 856 ρωμένη
2413 786 2511 856 τὴν
2554 786 2765 858 ψυχήνο
2798 786 3212 859 ἐρρυπιδωμένη
3245 787 3344 857 τὴν
3381 787 3522 857 ὄψιν,
3551 789 3731 842 διατεο

476 881 773 946 traherent,
800 881 1082 948 prudentia
1114 883 1451 945 extenderet,
1470 890 1749 936 senectute
1796 881 2040 946 incurva,

2155 875 2352 945 ταμένη
2395 875 2491 946 τὴν
2517 877 2778 947 φρόνησιν
2802 893 2816 907 '
2851 876 2930 947 τῷ
2971 878 3119 948 γήρᾳ
3157 877 3271 948 (28)
3321 881 3732 946 συγκύπτουσα,

475 981 620 1025 recta
647 972 899 1026 incedens
937 970 1182 1036 scientia,
1205 973 1360 1041 longa
1402 973 1714 1027 annositate
1761 980 2041 1044 veterata,

2155 965 2513 1034 ὑρθοϐατοῦσα
2539 971 2604 1038 τῇ
2634 967 2866 1036 γνώσει·
2896 971 2963 1040 τῇ
2991 968 3248 1040 πολυετίᾳ
3276 971 3729 1044 πεπαλαιωμένη,

473 1063 696 1118 scientia
727 1060 820 1116 Dei
853 1062 1060 1134 vigens,
1089 1061 1363 1134 jejunans,
1389 1079 1497 1118 non
1545 1079 1604 1118 se
1649 1043 2040 1133 cibo/ingurgi-

2155 1056 2433 1126 σφριγῶσα
2476 1060 2542 1128 τῇ
2578 1058 2908 1129 θεογνωσίᾳ·
2949 1059 3310 1128 νηστεύουσα,
3340 1061 3434 1112 xui
3480 1059 3555 1130 μὴ
3595 1043 3729 1130 ἀδην-

474 1162 630 1208 tans:
663 1167 854 1217 orans,
895 1168 1001 1207 non
1028 1163 1207 1208 mente
1245 1169 1422 1221 vaga;
1455 1154 1508 1206 in
1565 1154 1764 1222 templo
1803 1167 2038 1215 vacans,

2155 1145 2420 1213 φαγοῦσα·
2469 1147 2729 1218 δεομένη,
2786 1148 2883 1200 xui
2945 1149 3020 1219 μὴ
3073 1150 3418 1221 ῥεμϐομένη·
3466 1151 3544 1221 τῷ
3598 1153 3733 1222 ἱερῷ

473 1259 578 1295 non
608 1259 704 1312 per
752 1244 1233 1300 alienasoberrans
1273 1246 1496 1312 domos;
1531 1246 1755 1314 psalmis
1807 1246 2036 1310 intenta,

2155 1237 2500 1307 σχολάζουσα,
2530 1239 2622 1292 καὶ
2642 1239 2952 1309 ἀλλοτρίους
2981 1241 3165 1302 οἴκους
3202 1242 3276 1312 μὴ
3311 1244 3728 1314 περιτρέχουσα·

475 1351 581 1389 non
619 1335 814 1406 nugis:
855 1337 1209 1406 prophetans,
1239 1351 1342 1390 non
1378 1337 1588 1391 fabulas
1635 1337 1908 1406 loquens:
1955 1336 2042 1390 di-

2155 1327 2440 1397 ᾧὰλλουσα,
2474 1329 2566 1381 καὶ
2591 1329 2665 1400 μὴ
2696 1329 3028 1401 φλυαροῦσα·
3054 1332 3492 1401 προφητεύουσα,
3525 1336 3617 1386 καὶ
3650 1336 3729 1404 μὴ

473 1428 597 1479 vina
622 1429 918 1496 meditans,
954 1443 1064 1483 non
1092 1429 1376 1482 inhonesta
1427 1444 1749 1498 procurans.
1809 1429 2044 1497 Supera-

2155 1418 2554 1488 μυθολογοῦσα·
2615 1422 2733 1473 θεῖα
2783 1423 3084 1491 μελετῶσα,
3133 1426 3226 1477 xui
3277 1425 3344 1477 τά
3391 1425 3603 1496 ἄσεμνα
3650 1428 3730 1496 μὴ

471 1519 553 1573 vit
602 1519 798 1584 Anna,
858 1534 1022 1590 quam
1091 1520 1379 1588 Apostolus
1445 1521 1656 1573 beatam
1714 1519 2044 1584 depraedicat

2155 1509 2514 1580 προξενοῦσα·
2568 1512 2906 1582 ὑπερέϐαλεν
2951 1516 2984 1584 ἡ
3031 1515 3200 1567 Ἀννα
3265 1516 3366 1587 τὴν
3421 1516 3575 1586 παρά
3628 1517 3730 1570 τοῦ

471 1609 712 1662 viduam.
767 1607 941 1675 Quam
996 1609 1186 1662 illam?
1233 1608 1370 1662 Audi
1435 1608 1660 1662 Paulum
1734 1609 2040 1663 dicentem:

2157 1602 2479 1654 ’Δποστόλου
2531 1603 2970 1675 μακαριζομένην
3011 1609 3213 1676 χήραν·
3269 1607 3427 1660 ποίαν
3479 1607 3728 1678 ταύτην;

481 1700 652 1755 i'idua
675 1701 922 1773 eligatur,
945 1719 1049 1755 non
1080 1701 1349 1769 pauciores
1379 1718 1544 1755 annos
1577 1703 1851 1769 sexaginta
1881 1711 2004 1753 nata
2022 1715 2042 1764 ;

2155 1693 2348 1746 Ἀκουε
2397 1693 2608 1746 Παύλου
2660 1694 2908 1763 λέγοντος
2933 1713 2947 1727 ο
2995 1696 3158 1763 Χήρα
3196 1697 3610 1767 καταλεγέσθω
3636 1697 3730 1767 μὴ

470 1793 515 1845 si
543 1792 682 1860 ﬁlios
704 1793 942 1846 educavit
963 1809 984 1858 ;
1007 1792 1052 1844 si
1069 1802 1373 1846 sanctorum
1405 1793 1558 1861 pedes
1588 1793 1754 1854 lavit;
1787 1792 1834 1844 si
1867 1791 2040 1860 egenis

2155 1784 2399 1838 ἔλαττον
2428 1784 2579 1838 ἐτῶν
2611 1786 2908 1851 ἐξήκοντα
2944 1787 3244 1855 γεγονυῖα,
3283 1789 3337 1840 εὶ
3385 1788 3732 1856 ἐτεκνοτρό-

469 1886 916 1949 subministravit;
949 1887 994 1938 si
1023 1900 1172 1939 omne
1198 1901 1325 1950 Opus
1347 1885 1537 1938 bonum
1571 1894 1834 1939 assectata
1885 1895 1959 1938 est
1974 1885 2038 1936 ⁸³.

2155 1894 2342 1945 maer-
2362 1891 2374 1906 ⁶
2402 1879 2456 1930 εὶ
2486 1877 2669 1946 ἁγίων
2691 1876 2884 1942 πόδας
2908 1876 3121 1944 ἔνιψεν
3140 1895 3154 1908 ’
3186 1879 3237 1930 ει
3265 1877 3573 1946 δεομένοις
3612 1880 3731 1948 (29)

471 1975 760 2044 Superavit
785 1975 920 2041 haec,
944 1990 1128 2044 quarm.
1147 1974 1440 2043 Apostolus
1464 1973 1678 2027 beatam
1703 1973 2041 2042 praedicavit,

471 2064 868 2123 et.annositate
903 2075 960 2119 et
989 2065 1116 2119 vitae
1140 2064 1427 2120 institutis.
1470 2063 1601 2130 Quae
1636 2063 1780 2117 enim
1811 2064 2043 2134 pr0phe-

474 2159 606 2213 tiam
643 2167 932 2213 consecuta
960 2167 1138 2222 est,et
1169 2157 1404 2225 Spiritus
1435 2157 1609 2211 sancti
1643 2161 2042 2226 receptaculum

469 2249 593 2315 fuit,
622 2249 983 2316 omnibusque
1013 2247 1214 2301 Christi
1244 2249 1296 2300 in
1325 2262 1493 2302 Carne
1529 2247 1820 2301 adventum
1848 2263 2043 2316 exspe-

472 2341 768 2410 ctantibus,
807 2342 958 2410 signa
984 2342 1249 2395 adventus
1273 2341 1552 2405 indicavit,
1589 2340 1679 2409 qui
1718 2355 1822 2394 non
1857 2342 2045 2395 viduas

472 2447 666 2488 omnes
699 2434 1084 2500 superaverit?
1121 2436 1188 2489 de
1224 2449 1328 2503 qua
1357 2435 1614 2488 nimirum
1641 2433 1841 2487 dixerit
1873 2449 2044 2487 evan-

471 2524 685 2591 gelista.
714 2535 772 2579 ut
798 2525 957 2580 modo
987 2526 1181 2580 audisti
1205 2545 1218 2580 :
1245 2527 1314 2579 Et
1345 2531 1477 2592 Iure,
1503 2527 1704 2594 inquit,
1764 2527 1878 2595 ipsa
1915 2526 2046 2580 hora

475 2617 865 2687 superveniens,
899 2617 1125 2672 vicissim
1146 2617 1488 2686 conﬁtebatur
1516 2617 1764 2682 Domino,
1791 2628 1839 2670 et
1869 2616 2049 2686 loque-

485 2714 642 2766 batur
697 2713 935 2767 omnibus
986 2715 1075 2784 qui
1128 2713 1500 2782 exspectabant
1543 2715 1940 2781 redemptionem
1991 2715 2045 2769 in

474 2803 810 2858 Hierusalem
850 2804 916 2859 “.
958 2805 1398 2860 Vidistin’Anna:
1426 2806 1883 2874 magnificentiam
1903 2807 1926 2859 ?
1945 2806 2048 2860 Do-

479 2899 624 2953 mino
655 2905 939 2967 patronam
967 2899 1180 2968 agebat,
1224 2913 1409 2953 coram
1464 2907 1737 2966 praesente
1795 2913 1882 2953 res
1928 2898 2046 2966 ejus

481 2989 732 3058 loquens.
767 2989 810 3045 Ο
843 3005 930 3045 res
969 3007 1138 3045 novas
1169 2998 1222 3045 et
1249 2991 1557 3046 inauditas!
1599 2991 1768 3045 Vidua
1805 3001 1962 3056 erat;
1995 3001 2050 3044 at

476 3082 784 3136 Sacerdotes
819 3091 872 3136 et
921 3082 1129 3137 scribas
1178 3081 1492 3146 mordebat,
1562 3083 1927 3151 mordensque
1993 3092 2046 3135 et

476 3171 780 3240 oﬂendens,
817 3173 1072 3242 populum
1096 3174 1410 3228 universum
1437 3175 1770 3239 oblectabat,
1810 3175 2044 3228 futuram

479 3261 690 3318 Domini
713 3265 943 3318 adventu
975 3264 1364 3338 Hierosolymis
1387 3267 1818 3337 redemptionem
1839 3283 2049 3321 annun-

479 3356 658 3422 tians;
708 3358 773 3411 ad
835 3373 930 3413 eos
991 3360 1213 3429 loquens
1276 3360 1368 3429 qui
1435 3361 1663 3415 aderant
1723 3371 1778 3416 et
1826 3361 2040 3417 Domini

481 3448 730 3519 symbola
763 3449 1095 3519 significans.
1139 3450 1369 3507 Videbat
1397 3453 1549 3508 Anna
1581 3453 1840 3508 infantem
1872 3455 2049 3509 Domi-

487 3555 654 3605 num;
684 3540 903 3594 videbat
918 3555 1038 3608 quae
1061 3557 1158 3609 pro
1183 3543 1298 3612 ipso
1313 3551 1367 3594 et
1397 3557 1519 3598 cum
1539 3543 1655 3613 ipso
1680 3543 2050 3599 offerebantur

481 3645 728 3692 munera,
757 3639 811 3684 et
839 3632 1150 3700 expiatoriae
1189 3633 1397 3697 hostiae,
1429 3649 1528 3688 nec
1552 3636 1730 3688 aetatis
1771 3637 2039 3702 parvitate

481 3719 682 3775 offensa
729 3729 833 3776 est.
896 3720 1066 3776 Deum
1125 3723 1276 3781 Anna
1334 3724 1582 3779 confessa
1642 3735 1726 3779 est
1767 3725 2050 3792 infantem,

484 3814 754 3867 medicum
783 3823 840 3868 et
883 3815 1281 3884 redemptorem
1307 3817 1570 3886 validum,
1595 3829 2054 3890 peccatorumque

483 3905 986 3964 exterminatorem.

553 4145 645 4202 Vl.
669 4147 748 4202 Ne
799 4150 1029 4216 vageris,
1074 4149 1422 4217 charissime,
1476 4153 1796 4222 simpliciter
1833 4165 2059 4224 praeter-

486 4237 604 4294 iens
659 4239 831 4293 Annae
867 4242 1051 4295 verba.
1092 4241 1356 4296 Omnibus
1397 4241 1491 4311 qui
1523 4244 1774 4307 aderant,
1814 4244 2058 4298 insinua-

490 4331 583 4385 bat
617 4329 953 4387 Dominicam
984 4332 1264 4398 virtutem,
1285 4333 1337 4387 in
1362 4333 1478 4389 hac
1503 4335 1668 4390 verba
1701 4345 2059 4406 congregatos

487 4421 806 4490 alloquens:
847 4421 1076 4478 Huncne
1125 4425 1322 4479 videtis
1373 4425 1658 4494 parvulum
1687 4467 1701 4492 ,
1748 4429 2057 4482 trahentem

2146 1967 2483 2036 ἐπήρκεσεν
2503 1986 2514 1998 ·
2547 1971 2599 2022 εί
2623 1969 2799 2021 παντὶ
2826 1972 2975 2038 ἔργῳ
2994 1968 3191 2038 ἀγαθῷ
3207 1969 3728 2036 ἐπηκολούθησεν.

2157 2060 2518 2132 Ὑπερέϐαλεν
2553 2059 2692 2129 αὕτη
2725 2059 2820 2132 τὴν
2861 2060 2966 2113 ὑπὸ
2997 2061 3090 2114 τοῦ
3128 2061 3453 2114 Ἀποστόλου
3489 2079 3734 2134 μακαρι-

2150 2152 2390 2216 σθείσαν,
2433 2153 2528 2204 xui
2573 2155 2686 2214 τοῖς
2725 2152 2890 2215 ἔτεσι,
2929 2152 3024 2204 xui
3058 2155 3169 2215 τοῖς
3203 2152 3610 2222 πολιτεύμασιν.
3666 2153 3735 2205 Ἠ

2146 2244 2255 2313 γὰρ
2281 2243 2616 2316 προφητείας
2645 2243 2956 2309 ἀξιωθεῖσα,
2989 2243 3082 2295 xui
3122 2241 3437 2312 Πνεύματος
3467 2243 3621 2310 ἁγίου
3643 2241 3735 2293 δο-

2146 2338 2290 2404 χεῖον
2329 2332 2638 2404 ὑπάρξασα,
2683 2334 2780 2385 xui
2821 2334 2956 2385 πᾶσι
2987 2335 3100 2395 τοῖς
3133 2332 3584 2403 προσδεχομένοις
3629 2330 3735 2394 τὴν

2144 2427 2239 2479 τοῦ
2285 2427 2490 2495 Κυρίου
2543 2425 2806 2494 ἕνσαρκον
2860 2423 3183 2493 παρουσίαν,
3218 2421 3287 2474 τὰ
3329 2421 3572 2490 σύμϐολα
3627 2420 3736 2488 τῆς

2147 2519 2454 2590 παρουσίας
2477 2518 2784 2587 μηνύσασα,
2820 2515 2936 2578 πῶς
2969 2516 3071 2584 οὐχ
3095 2515 3488 2584 ύπερηκόντισε
3510 2514 3693 2574 πάσας
3718 2530 3734 2576 ;

2146 2609 2240 2664 τοῦ
2283 2607 2671 2676 εὐαγγελιστοῦ
2700 2608 2827 2677 περὶ
2865 2607 3036 2675 αὐτῆς
3069 2606 3374 2675 εἰρηκότος,
3410 2602 3590 2666 καθὼς
3629 2604 3740 2674 ἀρ-

2147 2700 2278 2762 τίως
2315 2701 2538 2769 ἢκουες·
2590 2697 2698 2751 Καὶ
2747 2697 2921 2764 αὕτη,
2954 2696 3139 2764 φησὶν,
3167 2697 3204 2763 ἡ
3235 2697 3446 2758 ’Ἂν-ινα,
3473 2693 3627 2761 αὺτῇ
3655 2692 3739 2760 τῇ

2146 2791 2268 2859 ῶρςι
2317 2787 2636 2851 ἐπιστᾶσα,
2691 2785 3161 2854 ἀνθωμολογεῖτο
3217 2784 3297 2850 τῷ
3351 2786 3568 2852 Κυρίῳ,
3632 2785 3737 2836 καὶ

2149 2877 2355 2931 ἐλάλει
2400 2876 2549 2938 πᾶσι
2585 2875 2708 2940 τοῖς
2757 2874 3264 2942 προσδεχομένοις
3313 2876 3620 2941 λύτρωσιν
3663 2873 3742 2926 ἐν

2163 2968 2578 3034 Ἰερουσαλήμ.
2618 2962 2766 3028 Εἶδες
2804 2965 2901 3033 τῆς
2945 2965 3141 3034 Ἀννης
3168 2963 3265 3034 τὴν
3302 2962 3737 3032 μεγαλειότητα;

2163 3058 2333 3128 ’Υπὲρ
2377 3057 2470 3110 τοῦ
2532 3057 2731 3128 Κυρίου
2783 3057 3090 3126 συνηγόρει,
3129 3057 3222 3108 ἐπὶ
3261 3055 3427 3108 αὑτοῦ
3464 3054 3531 3107 τὰ
3563 3053 3740 3107 αὑτοῦ

2153 3147 2488 3202 κατενώπιον
2509 3147 2670 3200 λαλοῦ
2681 3163 2767 3200 σα.
2795 3142 2864 3198 Ὦ
2888 3147 2996 3198 τῶν
3025 3146 3343 3217 παραδόξων
3361 3145 3738 3215 πραγμάτωνί

2078 3235 2119 3290 C
2154 3244 2332 3312 Χήρα,
2364 3241 2498 3293 ἀλλά
2539 3241 2665 3304 τοὺς
2700 3242 2863 3312 ἱερεῖς
2895 3241 2992 3292 xui
3026 3241 3373 3311 γραμματεῖς
3421 3237 3739 3308 ὲδρίμυττε,

2154 3336 2248 3388 xui
2280 3334 2666 3406 δριμύττουσα,
2698 3333 2875 3386 πάντα
2922 3333 3011 3385 τὸν
3051 3331 3179 3384 λαὸν
3221 3328 3590 3400 ἐψυχαγώγει,
3633 3346 3744 3398 μη-

2153 3428 2355 3480 νύουσα
2386 3428 2488 3497 τὴν
2516 3426 2814 3496 μέλλουσαν
2849 3424 3066 3477 ἔσεσθαι
3095 3425 3364 3493 λύτρωσιν
3384 3425 3441 3474 ὲν
3470 3423 3744 3491 Ἱερουσα·

2155 3525 2287 3595 λὴμ,
2319 3525 2388 3592 τῇ
2430 3519 2523 3573 τοῦ
2566 3520 2771 3590 Κυρίου
2817 3517 3108 3588 ἐπιστασίᾳ
3130 3533 3144 3547 °
3179 3517 3412 3582 λέγουσα
3449 3515 3584 3585 πρὸς
3611 3516 3745 3576 τοὺς

2157 3615 2445 3687 παρόντας,
2496 3613 2589 3665 xui
2637 3611 2707 3664 τὰ
2752 3610 2996 3680 σύμϐολα
3042 3609 3137 3661 τοῦ
3178 3608 3381 3678 Κυρίου
3431 3604 3741 3676 μηνύουσα.

2158 3708 2364 3777 Βρέφος
2387 3704 2533 3775 ἑώρα
2558 3705 2591 3773 ή
2619 3705 2786 3755 Ἀννα
2808 3701 2897 3754 τὸν
2920 3701 3123 3771 Κύριον
3145 3713 3157 3723 ’
3183 3699 3330 3771 δῶρα
3352 3699 3447 3751 xui
3465 3697 3745 3766 καθάρσια

2159 3800 2296 3872 ὑπὲρ
2337 3797 2503 3852 αὑτοῦ
2545 3797 2637 3848 xui
2691 3794 2807 3864 μετ’
2855 3793 3017 3847 αὑτοῦ
3067 3791 3508 3862 προσφερόμενα,
3539 3790 3632 3841 xui
3674 3790 3742 3840 οὐ

2160 3887 2463 3961 προσέκοψε
2487 3889 2551 3956 τῇ
2573 3885 2890 3954 ἐλαχόστητι
2913 3883 3013 3952 τῆς
3041 3881 3282 3952 ἡλικίας·
3303 3880 3432 3932 Θεὸν
3458 3877 3748 3948 ὡμολόγη-

2160 3999 2220 4034 σε
2251 3981 2310 4033 τὸ
2334 3979 2530 4050 βρέφος
2562 3980 2595 4048 ἡ
2633 3979 2822 4039 Ἀννα,
2857 3975 3038 4046 ἰατρὸν
3067 3974 3161 4026 καὶ
3189 3970 3465 4043 λυτρωτὴν
3496 3968 3743 4040 ἰσχυρὸν,

2162 4074 2253 4126 xui
2280 4069 2565 4141 ἁμαρτιῶν
2596 4067 2912 4138 ἀναιρέτην.

2233 4167 2325 4230 ς’.
2357 4163 2450 4232 Μὴ
2483 4159 2668 4224 ἁπλῶς
2711 4157 3099 4229 παραδράμῃς,
3128 4153 3394 4224 ἀγαπητὲ,
3414 4151 3512 4220 τῆς
3540 4151 3748 4221 Ἀννης

2160 4255 2231 4310 τὰ
2259 4257 2497 4326 ῥήματα.
2535 4252 2676 4304 Πᾶσι
2713 4253 2824 4312 τοῖς
2864 4246 3098 4318 παροῦσι
3118 4244 3393 4315 μηνύουσα
3419 4237 3486 4312 ἦν
3531 4241 3629 4311 τὴν
3646 4240 3746 4292 τοῦ

2163 4346 2367 4417 Κυρίου
2397 4343 2698 4413 ἐνέργειαν,
2732 4340 2968 4408 λέγουσα
3006 4337 3142 4409 πρὸς
3186 4337 3315 4398 τοὺς
3345 4332 3744 4402 συνηθροισμέ-

2163 4448 2310 4499 νους⁹
2355 4435 2468 4503 Οὑχ
2494 4434 2656 4502 ὁρᾶτε
2689 4431 2852 4484 τοῦτο
2882 4429 2944 4481 τὸ
2969 4428 3200 4492 παιδίον,
3245 4427 3307 4479 τὸ
3339 4425 3511 4496 μάζον
3545 4425 3744 4488 ἓλκονς

490 4515 818 4569 mammam?
883 4517 1135 4587 papillam
1215 4532 1314 4572 ceu
1399 4517 1573 4574 fenori
1655 4519 2049 4588 accipientem‘l

2163 4526 2224 4579 τὸ
2253 4525 2417 4596 θηλὺν
2456 4521 2868 4592 δανειζόμενονς
2901 4519 2962 4572 τὸ
2995 4516 3266 4590 μητρῲοις
3300 4517 3520 4578 κόλποις
3569 4531 3747 4587 προσ-

489 4609 924 4676 aequiescentem
978 4609 1032 4663 in
1087 4610 1208 4664 sinu
1279 4611 1565 4666 materno?
1625 4619 1825 4666 terram
1875 4611 2053 4666 adhuc

492 4696 722 4764 pedibus
746 4696 925 4751 metiri
952 4713 1058 4752 non
1087 4699 1394 4754 valentem?
1429 4709 1620 4756 octavo
1667 4701 2056 4757 circumcisum

492 4785 583 4842 die
614 4803 644 4842 a
673 4788 992 4845 nativitate?
1023 4789 1264 4855 Hancne,
1315 4792 1560 4860 inquam,
1598 4793 1794 4849 videtis
1853 4809 2054 4864 parvu-

493 4880 638 4934 lum?
659 4880 758 4961 ilic
786 4883 980 4938 saecula
1005 4883 1252 4938 fundavit
1270 4886 1348 4939 ’δε
1376 4885 1479 4941 Hic
1497 4887 1665 4942 caelos
1693 4888 2058 4942 testudinario

493 4988 657 5041 opere
683 4973 923 5028 inﬂexit:
965 4973 1064 5030 llic
1115 4984 1314 5030 terram
1362 4978 1684 5031 dilatavitet
1712 4978 2057 5032 extendit":

2164 4615 2604 4685 αναπαυόμενον;
2639 4613 2700 4665 τὸ
2737 4611 2865 4665 ποσὶ
2890 4610 2988 4680 τὴν
3020 4611 3122 4681 γῆν
3159 4609 3296 4673 τέως
3332 4608 3632 4680 βηματίσαι
3662 4608 3746 4678 μὴ

2167 4707 2624 4776 καταδεχόμενον;
2653 4704 2714 4756 τὸ
2742 4703 3080 4773 όκταήμερον
3113 4701 3568 4771 περιτεμνόμενον
3589 4715 3603 4763 ;
3628 4698 3749 4768 Οὐχ

2167 4802 2362 4870 opaca;
2416 4799 2490 4851 Τὸ
2541 4797 2750 4850 παιδίον
2810 4794 2968 4847 τοῦτο
3019 4793 3144 4856 τοὺς
3197 4792 3402 4856 αἰῶνας
3451 4791 3749 4862 ἐθεμελίω-

2170 4909 2230 4944 σε
2262 4892 2396 4961 (50)·
2440 4889 2597 4944 τοῦτο
2631 4891 2754 4953 τοὺς
2791 4888 3055 4958 οὐρανοὺς
3090 4886 3415 4957 ὲκαμάρωσε
3438 4887 3584 4957 (Si):
3621 4885 3753 4938 τοῦ-

2165 5000 2228 5036 το
2263 4984 2363 5055 τὴν
2389 4983 2491 5053 γῆν
2527 4981 2789 5035 ὲπλάτυνε
2810 4998 2823 5012 ·
2847 4979 3004 5032 τοῦτο
3031 4978 3128 5050 τὴν
3155 4977 3428 5032 Θάλασσαν
3455 4976 3750 5048 ἐχαράκω-

493 5063 593 5118 llic
638 5080 788 5119 mare
858 5081 1022 5120 arena
1077 5067 1602 5123 circumvallavit":
1649 5068 1913 5124 Parvulas
1957 5070 2049 5124 iste

2169 5089 2229 5126 σε
2257 5073 2486 5142 ψάμμῳ.
2517 5070 2685 5124 Τοῦτο
2709 5072 2768 5124 τὸ
2791 5070 2999 5124 παιδίον
3021 5068 3267 5124 ὲκὸἀλλει
3299 5068 3532 5137 ἀνέμους
3562 5069 3626 5120 ὲκ
3647 5064 3753 5136 θη·-

497 5168 688 5212 ventos
742 5143 949 5228 profert
981 5160 1046 5214 de
1091 5159 1356 5214 thesauris
1395 5165 1507 5216 suis
1544 5159 1619 5214 ’δε
1665 5160 1761 5216 llic
1801 5162 2056 5231 parvulus

2169 5163 2383 5236 σαυρῶν
2423 5163 2586 5216 αὐτοῦ
2606 5179 2621 5193 °
2665 5161 2822 5214 τοῦτο
2869 5160 2928 5213 τὸ
2959 5159 3167 5213 παιδίον
3211 5159 3306 5213 ἐπὶ
3333 5155 3428 5210 τοῦ
3462 5156 3585 5210 Νῶε
3614 5156 3750 5219 τοὺς

563 5345 658 5400 ⁸³1
698 5345 895 5414 Tim.v,
915 5348 968 5414 9,
1001 5347 1089 5406 10.
1164 5347 1211 5379 ⁸⁸
1231 5344 1362 5402 Luc.
1398 5363 1459 5411 tt,
1485 5345 1572 5400 58.
1649 5346 1695 5378 ⁸³
1732 5347 1863 5402 Heb.
1895 5363 1934 5410 t,
1955 5347 2014 5403 ‘2.

2164 5347 2266 5400 Isa.
2297 5343 2492 5407 “.22.
2566 5343 2611 5375 ⁵⁷
2644 5341 2754 5398 Jcr.
2781 5356 2834 5406 v,
2855 5338 2946 5392 22.
3022 5340 3071 5372 ⁵⁸
3096 5337 3239 5393 Psal.
3263 5352 3482 5401 cxxxuv,
3509 5334 3562 5389 8.

569 5455 679 5525 (28)
716 5455 800 5539 Τῷ
828 5456 1001 5526 γήρᾳ.
1029 5457 1114 5512 Al.
1140 5457 1214 5511 Τὸ
1236 5458 1433 5528 γῆρας.
1453 5457 1575 5512 Mox
1601 5472 1750 5522 vero,
1773 5456 1845 5511 al.
1874 5455 2049 5529 γνώμῃ

2173 5458 2333 5524 dique
2368 5455 2518 5539 visu...
2544 5452 2970 5539 aere_lum‘iqoso
3006 5465 3068 5505 ac
3088 5449 3260 5539 "velut
3286 5448 3538 5539 paulatim
3569 5445 3752 5499 subsi-

497 5540 595 5594 pro
628 5541 850 5593 γνωσει.

571 5594 682 5668 (29)
714 5595 1047 5668 Δεομένοις.
1079 5597 1231 5666 Apud
1271 5596 1496 5650 Paulum
1529 5595 1893 5668 θλιϐομένοις.

571 5666 682 5802 ἓῦο)
721 5667 1224 5736 Ἐθεμελίωσε.Αί.
1260 5668 1500 5737 εποίησε.

597 5737 685 5802 51)
731 5736 1132 5802 Ἐκαμάρωσε.
1189 5737 1336 5791 Fecit
1387 5739 1437 5790 in
1491 5755 1500 5790 ι

2173 5518 2354 5589 dente,
2384 5539 2448 5578 ex
2471 5523 2745 5576 distantia.
2782 5521 3020 5574 Silanus.
3079 5518 3181 5572 Hie
3211 5519 3350 5589 caelis
3386 5531 3648 5589 cameram
3687 5533 3756 5570 ac

2173 5587 2484 5648 testudinem
2510 5592 2876 5652 superinduxit
2907 5607 2924 5641 :
2955 5601 3038 5643 est
3075 5590 3266 5641 saltem
3293 5587 3577 5640 obscurius
3606 5601 3620 5636 :
3654 5601 3748 5637 so-

2176 5674 2305 5717 nant
2334 5664 2474 5716 enim
2512 5661 2599 5713 illa
2653 5663 2837 5722 verba,
2877 5674 2979 5711 non
3020 5659 3187 5711 cmlos
3224 5659 3368 5724 ipsos
3415 5655 3467 5707 in
3519 5655 3750 5708 testudi-

597 5724 685 5803 51)
731 5724 1132 5805 Ἐκᾶμάρωσε.
1189 5737 1336 5791 Fecit
1387 5724 1437 5790 iii
1491 5737 1707 5790 modum
1751 5735 1969 5788 fornicis
2015 5743 2070 5789 et
2177 5751 2296 5786 nem
2335 5732 2593 5805 formatos
2614 5748 2644 5805 ;_
2670 5733 2763 5783 sed
2809 5730 3082 5783 inductam
3122 5741 3283 5796 super
3334 5726 3476 5795 ipsos
3523 5724 3757 5780 alterius

507 5814 778 5876 arcuatos,
804 5809 944 5876 quod
980 5809 1180 5863 nostris
1213 5816 1405 5876 parent
1437 5809 1610 5863 oculis
1659 5808 1946 5862 terminato
1971 5821 2072 5860 un-

2176 5803 2416 5870 corporis
2449 5801 2795 5856 testudinem.
