  <div class='ocr_page' id='page_1' title='image "/cluster/home/n/w/nwhite01/storage/ocr_20150623/39/coo.31924054869361/034.png"; bbox 0 0 4092 6392; ppageno 0'>
   <div class='ocr_carea' id='block_1_1' title="bbox 307 392 367 448">
    <p class='ocr_par' dir='ltr' id='par_1_1' title="bbox 307 392 367 448">
     <span class='ocr_line' id='line_1_1' title="bbox 307 392 367 448; baseline 0 -3"><span class='ocrx_word' id='word_1_1' title='bbox 307 392 367 448; x_wconf 72' lang='lat'><strong>5&#39;5</strong></span> 
     </span>
    </p>
   </div>
   <div class='ocr_carea' id='block_1_2' title="bbox 1519 398 2590 463">
    <p class='ocr_par' dir='ltr' id='par_1_2' title="bbox 1519 398 2590 463">
     <span class='ocr_line' id='line_1_2' title="bbox 1519 398 2590 463; baseline -0.003 -1"><span class='ocrx_word' id='word_1_2' title='bbox 1519 404 1783 462; x_wconf 74' lang='lat' dir='ltr'><strong>ORATIO</strong></span> <span class='ocrx_word' id='word_1_3' title='bbox 1825 404 1892 461; x_wconf 78' lang='lat' dir='ltr'><strong>IN</strong></span> <span class='ocrx_word' id='word_1_4' title='bbox 1929 401 2310 463; x_wconf 74' lang='lat' dir='ltr'><strong>OCCURSUM</strong></span> <span class='ocrx_word' id='word_1_5' title='bbox 2346 398 2590 459; x_wconf 74' lang='lat' dir='ltr'><strong>nom</strong></span> 
     </span>
    </p>
   </div>
   <div class='ocr_carea' id='block_1_3' title="bbox 3609 393 3686 457">
    <p class='ocr_par' dir='ltr' id='par_1_3' title="bbox 3609 393 3686 457">
     <span class='ocr_line' id='line_1_3' title="bbox 3609 393 3686 457; baseline 0 0"><span class='ocrx_word' id='word_1_6' title='bbox 3609 393 3686 457; x_wconf 66' lang='grc' dir='ltr'><strong>ιιι</strong></span> 
     </span>
    </p>
   </div>
   <div class='ocr_carea' id='block_1_4' title="bbox 314 507 2001 589">
    <p class='ocr_par' dir='ltr' id='par_1_4' title="bbox 314 507 2001 589">
     <span class='ocr_line' id='line_1_4' title="bbox 314 507 2001 589; baseline 0.007 -28"><span class='ocrx_word' id='word_1_7' title='bbox 314 507 697 579; x_wconf 68' lang='grc' dir='ltr'><strong>καταράκτας</strong></span> <span class='ocrx_word' id='word_1_8' title='bbox 743 513 1046 586; x_wconf 78' lang='grc' dir='ltr'><strong>ἀνέῳξεν</strong></span> <span class='ocrx_word' id='word_1_9' title='bbox 1082 514 1181 570; x_wconf 80' lang='grc' dir='ltr'><strong>τοῦ</strong></span> <span class='ocrx_word' id='word_1_10' title='bbox 1210 514 1431 589; x_wconf 87' lang='grc' dir='ltr'>οὐρανοῦ</span> <span class='ocrx_word' id='word_1_11' title='bbox 1452 534 1467 549; x_wconf 87' lang='grc'><strong>·</strong></span> <span class='ocrx_word' id='word_1_12' title='bbox 1504 518 1662 572; x_wconf 84' lang='grc' dir='ltr'>τοῦτο</span> <span class='ocrx_word' id='word_1_13' title='bbox 1689 517 1751 572; x_wconf 83' lang='grc' dir='ltr'>τὸ</span> <span class='ocrx_word' id='word_1_14' title='bbox 1792 517 2001 573; x_wconf 75' lang='grc' dir='ltr'><strong>παιδίον</strong></span> 
     </span>
    </p>
   </div>
   <div class='ocr_carea' id='block_1_5' title="bbox 2103 507 3681 589">
    <p class='ocr_par' dir='ltr' id='par_1_5' title="bbox 2106 511 3681 585">
     <span class='ocr_line' id='line_1_5' title="bbox 2106 511 3681 585; baseline -0.003 -14"><span class='ocrx_word' id='word_1_15' title='bbox 2106 525 2349 585; x_wconf 87' lang='lat' dir='ltr'><strong>tempore</strong></span> <span class='ocrx_word' id='word_1_16' title='bbox 2375 515 2490 571; x_wconf 86' lang='lat' dir='ltr'><strong>Noe</strong></span> <span class='ocrx_word' id='word_1_17' title='bbox 2526 513 2652 572; x_wconf 74' lang='lat' dir='ltr'><strong>emit</strong></span> <span class='ocrx_word' id='word_1_18' title='bbox 2682 522 2990 570; x_wconf 77' lang='lat' dir='ltr'><strong>c.taractas</strong></span> <span class='ocrx_word' id='word_1_19' title='bbox 3015 512 3229 583; x_wconf 83' lang='lat' dir='ltr'><strong>aperuit</strong></span> <span class='ocrx_word' id='word_1_20' title='bbox 3247 512 3295 546; x_wconf 67' lang='grc' dir='ltr'>’θ</span> <span class='ocrx_word' id='word_1_21' title='bbox 3328 530 3340 567; x_wconf 93' lang='lat'>:</span> <span class='ocrx_word' id='word_1_22' title='bbox 3371 511 3459 568; x_wconf 88' lang='lat' dir='ltr'><strong>hic</strong></span> <span class='ocrx_word' id='word_1_23' title='bbox 3480 527 3681 582; x_wconf 88' lang='lat' dir='ltr'><strong>parvu-</strong></span> 
     </span>
    </p>
   </div>
   <div class='ocr_carea' id='block_1_6' title="bbox 322 597 2001 680">
    <p class='ocr_par' dir='ltr' id='par_1_6' title="bbox 322 597 2001 680">
     <span class='ocr_line' id='line_1_6' title="bbox 322 597 2001 680; baseline 0 -15"><span class='ocrx_word' id='word_1_24' title='bbox 322 597 521 671; x_wconf 79' lang='grc' dir='ltr'>βροχῆς</span> <span class='ocrx_word' id='word_1_25' title='bbox 553 604 886 675; x_wconf 78' lang='grc' dir='ltr'><strong>στήμονας</strong></span> <span class='ocrx_word' id='word_1_26' title='bbox 923 607 1379 680; x_wconf 78' lang='grc' dir='ltr'>κατεργάζεται·</span> <span class='ocrx_word' id='word_1_27' title='bbox 1410 610 1568 666; x_wconf 82' lang='grc' dir='ltr'>τοῦτο</span> <span class='ocrx_word' id='word_1_28' title='bbox 1592 612 1655 665; x_wconf 85' lang='grc' dir='ltr'>τὸ</span> <span class='ocrx_word' id='word_1_29' title='bbox 1688 612 1898 666; x_wconf 75' lang='grc' dir='ltr'>παιδίον</span> <span class='ocrx_word' id='word_1_30' title='bbox 1927 612 2001 677; x_wconf 86' lang='grc' dir='ltr'><strong>ὼς</strong></span> 
     </span>
    </p>
   </div>
   <div class='ocr_carea' id='block_1_7' title="bbox 2103 597 3683 680">
    <p class='ocr_par' dir='ltr' id='par_1_7' title="bbox 2117 605 3683 674">
     <span class='ocr_line' id='line_1_7' title="bbox 2117 605 3683 674; baseline -0.003 -11"><span class='ocrx_word' id='word_1_31' title='bbox 2117 610 2202 665; x_wconf 84' lang='lat' dir='ltr'><strong>lus</strong></span> <span class='ocrx_word' id='word_1_32' title='bbox 2229 608 2427 673; x_wconf 62' lang='lat' dir='ltr'><strong>pluvia;</strong></span> <span class='ocrx_word' id='word_1_33' title='bbox 2458 609 2691 663; x_wconf 82' lang='lat' dir='ltr'><strong>stamina</strong></span> <span class='ocrx_word' id='word_1_34' title='bbox 2732 617 2790 663; x_wconf 93' lang='lat' dir='ltr'><strong>et</strong></span> <span class='ocrx_word' id='word_1_35' title='bbox 2831 607 3062 663; x_wconf 86' lang='lat' dir='ltr'><strong>stillulas</strong></span> <span class='ocrx_word' id='word_1_36' title='bbox 3092 605 3374 662; x_wconf 79' lang='lat' dir='ltr'><strong>conﬁcit“</strong></span> <span class='ocrx_word' id='word_1_37' title='bbox 3405 624 3420 661; x_wconf 89' lang='lat'>:</span> <span class='ocrx_word' id='word_1_38' title='bbox 3450 605 3540 661; x_wconf 78' lang='lat' dir='ltr'><strong>hic</strong></span> <span class='ocrx_word' id='word_1_39' title='bbox 3566 620 3683 674; x_wconf 91' lang='lat' dir='ltr'><strong>par-</strong></span> 
     </span>
    </p>
   </div>
   <div class='ocr_carea' id='block_1_8' title="bbox 324 690 2007 774">
    <p class='ocr_par' dir='ltr' id='par_1_8' title="bbox 324 690 2007 774">
     <span class='ocr_line' id='line_1_8' title="bbox 324 690 2007 774; baseline 0.008 -31"><span class='ocrx_word' id='word_1_40' title='bbox 324 690 465 762; x_wconf 73' lang='grc' dir='ltr'>ῑριον</span> <span class='ocrx_word' id='word_1_41' title='bbox 486 693 663 763; x_wconf 73' lang='grc' dir='ltr'>χιόνα</span> <span class='ocrx_word' id='word_1_42' title='bbox 684 697 996 752; x_wconf 76' lang='grc' dir='ltr'><strong>τινάσσει</strong></span> <span class='ocrx_word' id='word_1_43' title='bbox 1013 715 1030 730; x_wconf 77' lang='grc'><strong><em>⁸</em></strong></span> <span class='ocrx_word' id='word_1_44' title='bbox 1076 699 1235 755; x_wconf 82' lang='grc' dir='ltr'>τοῦτο</span> <span class='ocrx_word' id='word_1_45' title='bbox 1260 702 1318 756; x_wconf 86' lang='grc' dir='ltr'>τὸ</span> <span class='ocrx_word' id='word_1_46' title='bbox 1341 703 1553 757; x_wconf 81' lang='grc' dir='ltr'>παιδίον</span> <span class='ocrx_word' id='word_1_47' title='bbox 1572 705 1699 768; x_wconf 81' lang='grc' dir='ltr'>τοὺς</span> <span class='ocrx_word' id='word_1_48' title='bbox 1737 703 2007 774; x_wconf 84' lang='grc' dir='ltr'>προπάτο-</span> 
     </span>
    </p>
   </div>
   <div class='ocr_carea' id='block_1_9' title="bbox 335 781 2006 865">
    <p class='ocr_par' dir='ltr' id='par_1_9' title="bbox 335 781 2006 865">
     <span class='ocr_line' id='line_1_9' title="bbox 335 781 2006 865; baseline 0.007 -29"><span class='ocrx_word' id='word_1_49' title='bbox 335 796 420 852; x_wconf 79' lang='grc' dir='ltr'>ρας</span> <span class='ocrx_word' id='word_1_50' title='bbox 444 781 620 854; x_wconf 70' lang='grc' dir='ltr'>ἡμῶν</span> <span class='ocrx_word' id='word_1_51' title='bbox 648 784 727 837; x_wconf 77' lang='grc' dir='ltr'>ὲκ</span> <span class='ocrx_word' id='word_1_52' title='bbox 758 787 883 857; x_wconf 80' lang='grc' dir='ltr'><strong>τῆς</strong></span> <span class='ocrx_word' id='word_1_53' title='bbox 912 788 1219 858; x_wconf 77' lang='grc' dir='ltr'><strong>Αἰγύπτου</strong></span> <span class='ocrx_word' id='word_1_54' title='bbox 1241 790 1326 845; x_wconf 79' lang='grc' dir='ltr'><strong>διά</strong></span> <span class='ocrx_word' id='word_1_55' title='bbox 1352 794 1451 863; x_wconf 84' lang='grc' dir='ltr'><strong>τῆς</strong></span> <span class='ocrx_word' id='word_1_56' title='bbox 1471 793 1774 864; x_wconf 79' lang='grc' dir='ltr'>Μωσαῖκῆς</span> <span class='ocrx_word' id='word_1_57' title='bbox 1804 794 2006 865; x_wconf 77' lang='grc' dir='ltr'>βακτηο</span> 
     </span>
    </p>
   </div>
   <div class='ocr_carea' id='block_1_10' title="bbox 341 872 2006 957">
    <p class='ocr_par' dir='ltr' id='par_1_10' title="bbox 341 872 2006 957">
     <span class='ocr_line' id='line_1_10' title="bbox 341 872 2006 957; baseline 0.008 -32"><span class='ocrx_word' id='word_1_58' title='bbox 341 872 448 944; x_wconf 69' lang='grc' dir='ltr'>ρίας</span> <span class='ocrx_word' id='word_1_59' title='bbox 474 874 880 949; x_wconf 76' lang='grc' dir='ltr'>ὴλευθέρωσε</span> <span class='ocrx_word' id='word_1_60' title='bbox 907 896 925 909; x_wconf 77' lang='grc' dir='ltr'><strong>ο</strong></span> <span class='ocrx_word' id='word_1_61' title='bbox 958 880 1140 934; x_wconf 78' lang='grc' dir='ltr'>τοῦτο</span> <span class='ocrx_word' id='word_1_62' title='bbox 1163 882 1223 935; x_wconf 83' lang='grc' dir='ltr'><strong>τὸ</strong></span> <span class='ocrx_word' id='word_1_63' title='bbox 1250 884 1458 937; x_wconf 83' lang='grc' dir='ltr'>παιδίον</span> <span class='ocrx_word' id='word_1_64' title='bbox 1487 885 1585 957; x_wconf 84' lang='grc' dir='ltr'>τὴν</span> <span class='ocrx_word' id='word_1_65' title='bbox 1618 885 1883 957; x_wconf 78' lang='grc' dir='ltr'>Ἐρυθρὰν</span> <span class='ocrx_word' id='word_1_66' title='bbox 1911 885 2006 939; x_wconf 84' lang='grc' dir='ltr'><strong>θά-</strong></span> 
     </span>
    </p>
   </div>
   <div class='ocr_carea' id='block_1_11' title="bbox 347 970 2004 1050">
    <p class='ocr_par' dir='ltr' id='par_1_11' title="bbox 347 970 2004 1050">
     <span class='ocr_line' id='line_1_11' title="bbox 347 970 2004 1050; baseline 0.006 -27"><span class='ocrx_word' id='word_1_67' title='bbox 347 970 539 1025; x_wconf 75' lang='grc' dir='ltr'>λασσαν</span> <span class='ocrx_word' id='word_1_68' title='bbox 563 972 779 1046; x_wconf 69' lang='grc' dir='ltr'>ἔτεμε,</span> <span class='ocrx_word' id='word_1_69' title='bbox 814 979 938 1031; x_wconf 72' lang='grc' dir='ltr'>καὶ</span> <span class='ocrx_word' id='word_1_70' title='bbox 966 980 1055 1043; x_wconf 83' lang='grc' dir='ltr'><strong>ὡς</strong></span> <span class='ocrx_word' id='word_1_71' title='bbox 1088 978 1178 1034; x_wconf 82' lang='grc' dir='ltr'><strong>διὰ</strong></span> <span class='ocrx_word' id='word_1_72' title='bbox 1208 978 1509 1050; x_wconf 76' lang='grc' dir='ltr'>χλοηφόρου</span> <span class='ocrx_word' id='word_1_73' title='bbox 1539 980 1722 1034; x_wconf 86' lang='grc' dir='ltr'>πεδίου</span> <span class='ocrx_word' id='word_1_74' title='bbox 1758 981 1850 1034; x_wconf 85' lang='grc' dir='ltr'>τὸν</span> <span class='ocrx_word' id='word_1_75' title='bbox 1876 980 2004 1034; x_wconf 74' lang='grc' dir='ltr'>λαὸν</span> 
     </span>
    </p>
   </div>
   <div class='ocr_carea' id='block_1_12' title="bbox 358 1060 2001 1142">
    <p class='ocr_par' dir='ltr' id='par_1_12' title="bbox 358 1060 2001 1142">
     <span class='ocr_line' id='line_1_12' title="bbox 358 1060 2001 1142; baseline 0.007 -29"><span class='ocrx_word' id='word_1_76' title='bbox 358 1060 637 1132; x_wconf 52' lang='grc' dir='ltr'>διίδγαγεν·</span> <span class='ocrx_word' id='word_1_77' title='bbox 686 1067 801 1121; x_wconf 70' lang='grc' dir='ltr'>καὶ</span> <span class='ocrx_word' id='word_1_78' title='bbox 867 1070 940 1121; x_wconf 82' lang='grc' dir='ltr'>ὲν</span> <span class='ocrx_word' id='word_1_79' title='bbox 984 1072 1058 1140; x_wconf 82' lang='grc' dir='ltr'>τῇ</span> <span class='ocrx_word' id='word_1_80' title='bbox 1104 1070 1292 1140; x_wconf 79' lang='grc' dir='ltr'>ἐρήμῳ</span> <span class='ocrx_word' id='word_1_81' title='bbox 1339 1069 1678 1142; x_wconf 79' lang='grc' dir='ltr'>ἐπομϐρίσας</span> <span class='ocrx_word' id='word_1_82' title='bbox 1712 1069 1774 1124; x_wconf 79' lang='grc' dir='ltr'>τὸ</span> <span class='ocrx_word' id='word_1_83' title='bbox 1806 1070 2001 1142; x_wconf 81' lang='grc' dir='ltr'>μάννα,</span> 
     </span>
    </p>
   </div>
   <div class='ocr_carea' id='block_1_13' title="bbox 366 1151 2005 1232">
    <p class='ocr_par' dir='ltr' id='par_1_13' title="bbox 366 1151 2005 1232">
     <span class='ocr_line' id='line_1_13' title="bbox 366 1151 2005 1232; baseline 0.002 -23"><span class='ocrx_word' id='word_1_84' title='bbox 366 1151 459 1224; x_wconf 62' lang='grc' dir='ltr'>γῆν</span> <span class='ocrx_word' id='word_1_85' title='bbox 489 1155 734 1225; x_wconf 70' lang='grc' dir='ltr'>ῥέουσαν</span> <span class='ocrx_word' id='word_1_86' title='bbox 767 1158 940 1226; x_wconf 83' lang='grc' dir='ltr'>γάλα</span> <span class='ocrx_word' id='word_1_87' title='bbox 980 1160 1084 1213; x_wconf 79' lang='grc' dir='ltr'>καὶ</span> <span class='ocrx_word' id='word_1_88' title='bbox 1116 1159 1242 1230; x_wconf 78' lang='grc' dir='ltr'>μέλι</span> <span class='ocrx_word' id='word_1_89' title='bbox 1279 1159 1675 1232; x_wconf 81' lang='grc' dir='ltr'>ὲκληροδότησε</span> <span class='ocrx_word' id='word_1_90' title='bbox 1698 1178 1713 1193; x_wconf 89' lang='grc'><strong>·</strong></span> <span class='ocrx_word' id='word_1_91' title='bbox 1749 1159 1906 1214; x_wconf 83' lang='grc' dir='ltr'>τοῦτο</span> <span class='ocrx_word' id='word_1_92' title='bbox 1943 1160 2005 1214; x_wconf 86' lang='grc' dir='ltr'>τὸ</span> 
     </span>
    </p>
   </div>
   <div class='ocr_carea' id='block_1_14' title="bbox 374 1246 2003 1324">
    <p class='ocr_par' dir='ltr' id='par_1_14' title="bbox 374 1246 2003 1324">
     <span class='ocr_line' id='line_1_14' title="bbox 374 1246 2003 1324; baseline 0.004 -25"><span class='ocrx_word' id='word_1_93' title='bbox 374 1246 574 1300; x_wconf 77' lang='grc' dir='ltr'>παιδίον</span> <span class='ocrx_word' id='word_1_94' title='bbox 607 1248 713 1303; x_wconf 81' lang='grc' dir='ltr'><strong>τδν</strong></span> <span class='ocrx_word' id='word_1_95' title='bbox 738 1250 892 1304; x_wconf 84' lang='grc' dir='ltr'>ναδν</span> <span class='ocrx_word' id='word_1_96' title='bbox 922 1250 1131 1304; x_wconf 79' lang='grc' dir='ltr'>τοῦτον</span> <span class='ocrx_word' id='word_1_97' title='bbox 1163 1252 1244 1314; x_wconf 83' lang='grc' dir='ltr'>εἰς</span> <span class='ocrx_word' id='word_1_98' title='bbox 1281 1251 1415 1321; x_wconf 75' lang='grc' dir='ltr'>ὕψος</span> <span class='ocrx_word' id='word_1_99' title='bbox 1444 1251 1748 1324; x_wconf 77' lang='grc' dir='ltr'>ἐπαρθῆναι</span> <span class='ocrx_word' id='word_1_100' title='bbox 1778 1252 1867 1307; x_wconf 82' lang='grc' dir='ltr'><strong>διὰ</strong></span> <span class='ocrx_word' id='word_1_101' title='bbox 1893 1252 2003 1306; x_wconf 83' lang='grc' dir='ltr'><strong>τῶν</strong></span> 
     </span>
    </p>
   </div>
   <div class='ocr_carea' id='block_1_15' title="bbox 382 1341 2002 1418">
    <p class='ocr_par' dir='ltr' id='par_1_15' title="bbox 382 1341 2002 1418">
     <span class='ocr_line' id='line_1_15' title="bbox 382 1341 2002 1418; baseline 0.004 -24"><span class='ocrx_word' id='word_1_102' title='bbox 382 1341 628 1412; x_wconf 70' lang='grc' dir='ltr'>πατέρων</span> <span class='ocrx_word' id='word_1_103' title='bbox 696 1344 1126 1416; x_wconf 76' lang='grc' dir='ltr'><strong>παρεσκεύασε</strong></span> <span class='ocrx_word' id='word_1_104' title='bbox 1151 1361 1165 1377; x_wconf 79' lang='grc' dir='ltr'><strong>ο</strong></span> <span class='ocrx_word' id='word_1_105' title='bbox 1221 1344 1378 1399; x_wconf 80' lang='grc' dir='ltr'>τοῦτο</span> <span class='ocrx_word' id='word_1_106' title='bbox 1427 1346 1489 1399; x_wconf 80' lang='grc' dir='ltr'>τὸ</span> <span class='ocrx_word' id='word_1_107' title='bbox 1544 1347 1754 1401; x_wconf 82' lang='grc' dir='ltr'>παιδίον</span> <span class='ocrx_word' id='word_1_108' title='bbox 1806 1348 2002 1418; x_wconf 83' lang='grc' dir='ltr'>ὅρκους</span> 
     </span>
    </p>
   </div>
   <div class='ocr_carea' id='block_1_16' title="bbox 391 1433 2001 1509">
    <p class='ocr_par' dir='ltr' id='par_1_16' title="bbox 391 1433 2001 1509">
     <span class='ocr_line' id='line_1_16' title="bbox 391 1433 2001 1509; baseline 0.005 -24"><span class='ocrx_word' id='word_1_109' title='bbox 391 1433 521 1503; x_wconf 72' lang='grc' dir='ltr'>πρὸς</span> <span class='ocrx_word' id='word_1_110' title='bbox 547 1434 819 1506; x_wconf 71' lang='grc' dir='ltr'>Ἀϐραὰμ</span> <span class='ocrx_word' id='word_1_111' title='bbox 836 1436 1264 1509; x_wconf 81' lang='grc' dir='ltr'>προτιθέμενον,</span> <span class='ocrx_word' id='word_1_112' title='bbox 1282 1436 1434 1503; x_wconf 79' lang='grc' dir='ltr'>ἔλεγε</span> <span class='ocrx_word' id='word_1_113' title='bbox 1458 1454 1471 1467; x_wconf 92' lang='grc'><strong>·</strong></span> <span class='ocrx_word' id='word_1_114' title='bbox 1499 1439 1831 1506; x_wconf 73' lang='grc' dir='ltr'>Πληθύνονν</span> <span class='ocrx_word' id='word_1_115' title='bbox 1849 1443 2001 1507; x_wconf 69' lang='grc' dir='ltr'>πληο</span> 
     </span>
    </p>
   </div>
   <div class='ocr_carea' id='block_1_17' title="bbox 407 1524 1999 1599">
    <p class='ocr_par' dir='ltr' id='par_1_17' title="bbox 407 1524 1999 1599">
     <span class='ocr_line' id='line_1_17' title="bbox 407 1524 1999 1599; baseline 0.003 -18"><span class='ocrx_word' id='word_1_116' title='bbox 407 1524 555 1581; x_wconf 77' lang='grc' dir='ltr'>θυνῶ</span> <span class='ocrx_word' id='word_1_117' title='bbox 584 1525 653 1580; x_wconf 85' lang='grc' dir='ltr'>τὸ</span> <span class='ocrx_word' id='word_1_118' title='bbox 682 1529 946 1597; x_wconf 72' lang='grc' dir='ltr'>σπέρμα</span> <span class='ocrx_word' id='word_1_119' title='bbox 989 1544 1134 1596; x_wconf 89' lang='grc' dir='ltr'>σου,</span> <span class='ocrx_word' id='word_1_120' title='bbox 1157 1530 1239 1593; x_wconf 84' lang='grc' dir='ltr'><strong>ὠς</strong></span> <span class='ocrx_word' id='word_1_121' title='bbox 1264 1528 1334 1582; x_wconf 79' lang='grc' dir='ltr'>τὰ</span> <span class='ocrx_word' id='word_1_122' title='bbox 1365 1529 1557 1597; x_wconf 82' lang='grc' dir='ltr'><strong>ἄστρα</strong></span> <span class='ocrx_word' id='word_1_123' title='bbox 1586 1530 1693 1584; x_wconf 83' lang='grc' dir='ltr'>τοῦ</span> <span class='ocrx_word' id='word_1_124' title='bbox 1719 1531 1999 1599; x_wconf 79' lang='grc' dir='ltr'>οὐρανοῦ,</span> 
     </span>
    </p>
   </div>
   <div class='ocr_carea' id='block_1_18' title="bbox 412 1617 2003 1690">
    <p class='ocr_par' dir='ltr' id='par_1_18' title="bbox 412 1617 2003 1690">
     <span class='ocr_line' id='line_1_18' title="bbox 412 1617 2003 1690; baseline 0.003 -19"><span class='ocrx_word' id='word_1_125' title='bbox 412 1617 504 1671; x_wconf 73' lang='grc' dir='ltr'><strong>καί</strong></span> <span class='ocrx_word' id='word_1_126' title='bbox 526 1619 604 1684; x_wconf 83' lang='grc' dir='ltr'><strong>ὡς</strong></span> <span class='ocrx_word' id='word_1_127' title='bbox 624 1617 744 1685; x_wconf 72' lang='grc' dir='ltr'><strong>τὴν</strong></span> <span class='ocrx_word' id='word_1_128' title='bbox 760 1618 975 1689; x_wconf 81' lang='grc' dir='ltr'>ἄμμον</span> <span class='ocrx_word' id='word_1_129' title='bbox 1004 1620 1119 1687; x_wconf 79' lang='grc' dir='ltr'><strong>τὴν</strong></span> <span class='ocrx_word' id='word_1_130' title='bbox 1146 1621 1304 1688; x_wconf 79' lang='grc' dir='ltr'>παρὰ</span> <span class='ocrx_word' id='word_1_131' title='bbox 1324 1620 1392 1673; x_wconf 83' lang='grc' dir='ltr'>τὸ</span> <span class='ocrx_word' id='word_1_132' title='bbox 1418 1620 1620 1690; x_wconf 60' lang='lat' dir='ltr'><strong>zeum;</strong></span> <span class='ocrx_word' id='word_1_133' title='bbox 1647 1619 1757 1690; x_wconf 81' lang='grc' dir='ltr'><strong>τῆς</strong></span> <span class='ocrx_word' id='word_1_134' title='bbox 1781 1621 2003 1676; x_wconf 75' lang='grc' dir='ltr'>θαλάσ-</span> 
     </span>
    </p>
   </div>
   <div class='ocr_carea' id='block_1_19' title="bbox 416 1710 2001 1786">
    <p class='ocr_par' dir='ltr' id='par_1_19' title="bbox 416 1710 2001 1786">
     <span class='ocr_line' id='line_1_19' title="bbox 416 1710 2001 1786; baseline 0.004 -25"><span class='ocrx_word' id='word_1_135' title='bbox 416 1723 548 1777; x_wconf 86' lang='grc' dir='ltr'>σης.</span> <span class='ocrx_word' id='word_1_136' title='bbox 591 1712 724 1782; x_wconf 75' lang='grc' dir='ltr'>Περὶ</span> <span class='ocrx_word' id='word_1_137' title='bbox 762 1711 963 1765; x_wconf 84' lang='grc' dir='ltr'>τούτου</span> <span class='ocrx_word' id='word_1_138' title='bbox 1005 1710 1102 1765; x_wconf 79' lang='grc' dir='ltr'><strong>τοῦ</strong></span> <span class='ocrx_word' id='word_1_139' title='bbox 1146 1712 1356 1766; x_wconf 86' lang='grc' dir='ltr'>παιδίου</span> <span class='ocrx_word' id='word_1_140' title='bbox 1396 1715 1426 1766; x_wconf 84' lang='grc' dir='ltr'>ὁ</span> <span class='ocrx_word' id='word_1_141' title='bbox 1457 1714 1793 1784; x_wconf 81' lang='grc' dir='ltr'>προφητικὸς</span> <span class='ocrx_word' id='word_1_142' title='bbox 1843 1715 2001 1786; x_wconf 78' lang='grc' dir='ltr'>χορὸς</span> 
     </span>
    </p>
   </div>
   <div class='ocr_carea' id='block_1_20' title="bbox 420 1800 1999 1872">
    <p class='ocr_par' dir='ltr' id='par_1_20' title="bbox 420 1800 1999 1872">
     <span class='ocr_line' id='line_1_20' title="bbox 420 1800 1999 1872; baseline 0.003 -19"><span class='ocrx_word' id='word_1_143' title='bbox 420 1800 758 1870; x_wconf 76' lang='grc' dir='ltr'>παράκλησιν</span> <span class='ocrx_word' id='word_1_144' title='bbox 786 1801 1108 1872; x_wconf 82' lang='grc' dir='ltr'>προφέρων,</span> <span class='ocrx_word' id='word_1_145' title='bbox 1136 1800 1347 1868; x_wconf 78' lang='grc' dir='ltr'>ἔλεγεν·</span> <span class='ocrx_word' id='word_1_146' title='bbox 1394 1801 1721 1871; x_wconf 74' lang='grc' dir='ltr'>Ἐξέγειρον</span> <span class='ocrx_word' id='word_1_147' title='bbox 1748 1802 1864 1872; x_wconf 74' lang='grc' dir='ltr'>τὴν</span> <span class='ocrx_word' id='word_1_148' title='bbox 1894 1803 1999 1857; x_wconf 86' lang='grc' dir='ltr'>δυ-</span> 
     </span>
    </p>
   </div>
   <div class='ocr_carea' id='block_1_21' title="bbox 2106 696 3683 766">
    <p class='ocr_par' dir='ltr' id='par_1_21' title="bbox 2106 696 3683 766">
     <span class='ocr_line' id='line_1_21' title="bbox 2106 696 3683 766; baseline -0.002 -12"><span class='ocrx_word' id='word_1_149' title='bbox 2106 700 2267 757; x_wconf 86' lang='lat' dir='ltr'><strong>vulus</strong></span> <span class='ocrx_word' id='word_1_150' title='bbox 2302 701 2481 756; x_wconf 82' lang='lat' dir='ltr'><strong>nivem</strong></span> <span class='ocrx_word' id='word_1_151' title='bbox 2531 700 2675 756; x_wconf 90' lang='lat' dir='ltr'><strong>sicut</strong></span> <span class='ocrx_word' id='word_1_152' title='bbox 2725 698 2907 754; x_wconf 81' lang='lat' dir='ltr'><strong>lanam</strong></span> <span class='ocrx_word' id='word_1_153' title='bbox 2961 697 3225 754; x_wconf 79' lang='lat' dir='ltr'><strong>excutit“</strong></span> <span class='ocrx_word' id='word_1_154' title='bbox 3267 712 3282 750; x_wconf 86' lang='lat'><strong>:</strong></span> <span class='ocrx_word' id='word_1_155' title='bbox 3330 696 3543 766; x_wconf 89' lang='lat' dir='ltr'><strong>puellus</strong></span> <span class='ocrx_word' id='word_1_156' title='bbox 3592 697 3683 751; x_wconf 88' lang='lat' dir='ltr'><strong>hic</strong></span> 
     </span>
    </p>
   </div>
   <div class='ocr_carea' id='block_1_22' title="bbox 2104 786 3682 862">
    <p class='ocr_par' dir='ltr' id='par_1_22' title="bbox 2104 786 3682 862">
     <span class='ocr_line' id='line_1_22' title="bbox 2104 786 3682 862; baseline -0.001 -17"><span class='ocrx_word' id='word_1_157' title='bbox 2104 806 2335 862; x_wconf 77' lang='lat' dir='ltr'><strong>proavos</strong></span> <span class='ocrx_word' id='word_1_158' title='bbox 2373 800 2591 847; x_wconf 88' lang='lat' dir='ltr'><strong>nostros</strong></span> <span class='ocrx_word' id='word_1_159' title='bbox 2628 806 2725 861; x_wconf 89' lang='lat' dir='ltr'><strong>per</strong></span> <span class='ocrx_word' id='word_1_160' title='bbox 2777 790 3069 845; x_wconf 78' lang='lat' dir='ltr'><strong>Mosaicam</strong></span> <span class='ocrx_word' id='word_1_161' title='bbox 3105 791 3310 859; x_wconf 80' lang='lat' dir='ltr'><strong>virgam</strong></span> <span class='ocrx_word' id='word_1_162' title='bbox 3349 803 3414 844; x_wconf 88' lang='lat' dir='ltr'><strong>ex</strong></span> <span class='ocrx_word' id='word_1_163' title='bbox 3448 786 3682 860; x_wconf 66' lang='lat' dir='ltr'><strong>Egypto</strong></span> 
     </span>
    </p>
   </div>
   <div class='ocr_carea' id='block_1_23' title="bbox 2104 878 3683 952">
    <p class='ocr_par' dir='ltr' id='par_1_23' title="bbox 2104 878 3683 952">
     <span class='ocr_line' id='line_1_23' title="bbox 2104 878 3683 952; baseline -0.002 -16"><span class='ocrx_word' id='word_1_164' title='bbox 2104 881 2415 937; x_wconf 84' lang='lat' dir='ltr'><strong>liberavit“</strong></span> <span class='ocrx_word' id='word_1_165' title='bbox 2449 898 2465 936; x_wconf 87' lang='lat'><strong>:</strong></span> <span class='ocrx_word' id='word_1_166' title='bbox 2498 881 2588 938; x_wconf 90' lang='lat' dir='ltr'><strong>hic</strong></span> <span class='ocrx_word' id='word_1_167' title='bbox 2632 881 2841 952; x_wconf 85' lang='lat' dir='ltr'><strong>puellus</strong></span> <span class='ocrx_word' id='word_1_168' title='bbox 2885 896 3033 936; x_wconf 89' lang='lat' dir='ltr'><strong>mare</strong></span> <span class='ocrx_word' id='word_1_169' title='bbox 3049 880 3294 936; x_wconf 82' lang='lat' dir='ltr'><strong>Rubrum</strong></span> <span class='ocrx_word' id='word_1_170' title='bbox 3322 878 3593 945; x_wconf 80' lang='lat' dir='ltr'><strong>secuit“,</strong></span> <span class='ocrx_word' id='word_1_171' title='bbox 3625 888 3683 933; x_wconf 89' lang='lat' dir='ltr'><strong>et</strong></span> 
     </span>
    </p>
   </div>
   <div class='ocr_carea' id='block_1_24' title="bbox 2111 969 3680 1044">
    <p class='ocr_par' dir='ltr' id='par_1_24' title="bbox 2111 969 3680 1044">
     <span class='ocr_line' id='line_1_24' title="bbox 2111 969 3680 1044; baseline -0.003 -15"><span class='ocrx_word' id='word_1_172' title='bbox 2111 982 2371 1043; x_wconf 90' lang='lat' dir='ltr'><strong>tanquam</strong></span> <span class='ocrx_word' id='word_1_173' title='bbox 2399 988 2488 1044; x_wconf 85' lang='lat' dir='ltr'><strong>pet</strong></span> <span class='ocrx_word' id='word_1_174' title='bbox 2542 974 2807 1029; x_wconf 87' lang='lat' dir='ltr'><strong>virentem</strong></span> <span class='ocrx_word' id='word_1_175' title='bbox 2842 987 3092 1043; x_wconf 80' lang='lat' dir='ltr'><strong>campum</strong></span> <span class='ocrx_word' id='word_1_176' title='bbox 3116 971 3377 1042; x_wconf 88' lang='lat' dir='ltr'><strong>populum</strong></span> <span class='ocrx_word' id='word_1_177' title='bbox 3411 969 3680 1035; x_wconf 92' lang='lat' dir='ltr'><strong>traduxit;</strong></span> 
     </span>
    </p>
   </div>
   <div class='ocr_carea' id='block_1_25' title="bbox 2103 1062 3683 1135">
    <p class='ocr_par' dir='ltr' id='par_1_25' title="bbox 2103 1062 3683 1135">
     <span class='ocr_line' id='line_1_25' title="bbox 2103 1062 3683 1135; baseline -0.001 -15"><span class='ocrx_word' id='word_1_178' title='bbox 2103 1080 2335 1134; x_wconf 90' lang='lat' dir='ltr'><strong>cumque</strong></span> <span class='ocrx_word' id='word_1_179' title='bbox 2376 1079 2576 1120; x_wconf 88' lang='lat' dir='ltr'><strong>manna</strong></span> <span class='ocrx_word' id='word_1_180' title='bbox 2608 1065 2661 1120; x_wconf 94' lang='lat' dir='ltr'><strong>in</strong></span> <span class='ocrx_word' id='word_1_181' title='bbox 2699 1065 2916 1124; x_wconf 82' lang='lat' dir='ltr'><strong>deserto</strong></span> <span class='ocrx_word' id='word_1_182' title='bbox 2956 1062 3269 1135; x_wconf 77' lang='lat' dir='ltr'><strong>pluisset“,</strong></span> <span class='ocrx_word' id='word_1_183' title='bbox 3300 1072 3502 1121; x_wconf 89' lang='lat' dir='ltr'><strong>terram</strong></span> <span class='ocrx_word' id='word_1_184' title='bbox 3542 1063 3683 1118; x_wconf 90' lang='lat' dir='ltr'><strong>lacte</strong></span> 
     </span>
    </p>
   </div>
   <div class='ocr_carea' id='block_1_26' title="bbox 2102 1153 3684 1229">
    <p class='ocr_par' dir='ltr' id='par_1_26' title="bbox 2102 1153 3684 1229">
     <span class='ocr_line' id='line_1_26' title="bbox 2102 1153 3684 1229; baseline -0.003 -16"><span class='ocrx_word' id='word_1_185' title='bbox 2102 1166 2159 1213; x_wconf 81' lang='lat' dir='ltr'><strong>et</strong></span> <span class='ocrx_word' id='word_1_186' title='bbox 2186 1157 2345 1213; x_wconf 85' lang='lat' dir='ltr'><strong>melle</strong></span> <span class='ocrx_word' id='word_1_187' title='bbox 2392 1168 2702 1212; x_wconf 83' lang='lat' dir='ltr'><strong>manamem</strong></span> <span class='ocrx_word' id='word_1_188' title='bbox 2753 1172 2854 1229; x_wconf 88' lang='lat' dir='ltr'><strong>pro</strong></span> <span class='ocrx_word' id='word_1_189' title='bbox 2916 1157 3242 1228; x_wconf 87' lang='lat' dir='ltr'><strong>patrimonio</strong></span> <span class='ocrx_word' id='word_1_190' title='bbox 3297 1155 3446 1211; x_wconf 88' lang='lat' dir='ltr'><strong>dedit</strong></span> <span class='ocrx_word' id='word_1_191' title='bbox 3472 1154 3559 1220; x_wconf 79' lang='lat'><strong>&quot;;</strong></span> <span class='ocrx_word' id='word_1_192' title='bbox 3591 1153 3684 1208; x_wconf 88' lang='lat' dir='ltr'><strong>hic</strong></span> 
     </span>
    </p>
   </div>
   <div class='ocr_carea' id='block_1_27' title="bbox 2102 1247 3684 1320">
    <p class='ocr_par' dir='ltr' id='par_1_27' title="bbox 2102 1247 3684 1320">
     <span class='ocr_line' id='line_1_27' title="bbox 2102 1247 3684 1320; baseline -0.002 -16"><span class='ocrx_word' id='word_1_193' title='bbox 2102 1249 2313 1320; x_wconf 89' lang='lat' dir='ltr'><strong>puellus</strong></span> <span class='ocrx_word' id='word_1_194' title='bbox 2334 1248 2533 1314; x_wconf 78' lang='lat' dir='ltr'><strong>eﬂ&#39;ecit,</strong></span> <span class='ocrx_word' id='word_1_195' title='bbox 2564 1259 2622 1303; x_wconf 91' lang='lat' dir='ltr'><strong>ut</strong></span> <span class='ocrx_word' id='word_1_196' title='bbox 2655 1249 2758 1304; x_wconf 85' lang='lat' dir='ltr'><strong>hoc</strong></span> <span class='ocrx_word' id='word_1_197' title='bbox 2792 1248 3047 1317; x_wconf 77' lang='lat' dir='ltr'><strong>templum</strong></span> <span class='ocrx_word' id='word_1_198' title='bbox 3086 1262 3183 1317; x_wconf 91' lang='lat' dir='ltr'><strong>per</strong></span> <span class='ocrx_word' id='word_1_199' title='bbox 3212 1247 3445 1318; x_wconf 82' lang='lat' dir='ltr'><strong>majores</strong></span> <span class='ocrx_word' id='word_1_200' title='bbox 3466 1257 3684 1301; x_wconf 82' lang='lat' dir='ltr'><strong>nostros</strong></span> 
     </span>
    </p>
   </div>
   <div class='ocr_carea' id='block_1_28' title="bbox 2104 1336 3683 1413">
    <p class='ocr_par' dir='ltr' id='par_1_28' title="bbox 2104 1336 3683 1413">
     <span class='ocr_line' id='line_1_28' title="bbox 2104 1336 3683 1413; baseline -0.004 -17"><span class='ocrx_word' id='word_1_201' title='bbox 2104 1342 2157 1396; x_wconf 93' lang='lat' dir='ltr'><strong>in</strong></span> <span class='ocrx_word' id='word_1_202' title='bbox 2196 1341 2363 1397; x_wconf 90' lang='lat' dir='ltr'><strong>altum</strong></span> <span class='ocrx_word' id='word_1_203' title='bbox 2402 1352 2716 1413; x_wconf 77' lang='lat' dir='ltr'><strong>assurgeret</strong></span> <span class='ocrx_word' id='word_1_204' title='bbox 2747 1341 2832 1408; x_wconf 66' lang='lat'><strong>66;</strong></span> <span class='ocrx_word' id='word_1_205' title='bbox 2878 1341 2965 1396; x_wconf 90' lang='lat' dir='ltr'><strong>hic</strong></span> <span class='ocrx_word' id='word_1_206' title='bbox 2996 1340 3202 1409; x_wconf 90' lang='lat' dir='ltr'><strong>puellus</strong></span> <span class='ocrx_word' id='word_1_207' title='bbox 3220 1339 3594 1410; x_wconf 82' lang='lat' dir='ltr'><strong>jusjurandum</strong></span> <span class='ocrx_word' id='word_1_208' title='bbox 3615 1336 3683 1389; x_wconf 88' lang='lat' dir='ltr'><strong>ad</strong></span> 
     </span>
    </p>
   </div>
   <div class='ocr_carea' id='block_1_29' title="bbox 2106 1429 3683 1502">
    <p class='ocr_par' dir='ltr' id='par_1_29' title="bbox 2106 1429 3683 1502">
     <span class='ocr_line' id='line_1_29' title="bbox 2106 1429 3683 1502; baseline -0.001 -16"><span class='ocrx_word' id='word_1_209' title='bbox 2106 1433 2384 1488; x_wconf 84' lang='lat' dir='ltr'><strong>Abraham</strong></span> <span class='ocrx_word' id='word_1_210' title='bbox 2428 1441 2675 1488; x_wconf 85' lang='lat' dir='ltr'><strong>statuens</strong></span> <span class='ocrx_word' id='word_1_211' title='bbox 2719 1432 2970 1488; x_wconf 86' lang='lat' dir='ltr'><strong>dicebat.-</strong></span> <span class='ocrx_word' id='word_1_212' title='bbox 3006 1430 3370 1501; x_wconf 71' lang='grc' dir='ltr'>Μυίιίριὶσωιο</span> <span class='ocrx_word' id='word_1_213' title='bbox 3424 1429 3683 1502; x_wconf 79' lang='lat' dir='ltr'><strong>multipli-</strong></span> 
     </span>
    </p>
   </div>
   <div class='ocr_carea' id='block_1_30' title="bbox 2104 1522 3686 1590">
    <p class='ocr_par' dir='ltr' id='par_1_30' title="bbox 2104 1522 3686 1590">
     <span class='ocr_line' id='line_1_30' title="bbox 2104 1522 3686 1590; baseline -0.001 -14"><span class='ocrx_word' id='word_1_214' title='bbox 2104 1524 2231 1577; x_wconf 79' lang='lat' dir='ltr'><strong>rabo</strong></span> <span class='ocrx_word' id='word_1_215' title='bbox 2280 1539 2455 1579; x_wconf 77' lang='lat' dir='ltr'><strong>semen</strong></span> <span class='ocrx_word' id='word_1_216' title='bbox 2481 1536 2628 1577; x_wconf 87' lang='lat' dir='ltr'><strong>tuum</strong></span> <span class='ocrx_word' id='word_1_217' title='bbox 2654 1523 2789 1577; x_wconf 73' lang='lat' dir='ltr'><strong>sicut</strong></span> <span class='ocrx_word' id='word_1_218' title='bbox 2817 1522 2996 1576; x_wconf 77' lang='lat' dir='ltr'><strong>stellas</strong></span> <span class='ocrx_word' id='word_1_219' title='bbox 3032 1522 3165 1588; x_wconf 70' lang='lat' dir='ltr'><strong>caeli,</strong></span> <span class='ocrx_word' id='word_1_220' title='bbox 3189 1530 3237 1574; x_wconf 87' lang='lat' dir='ltr'><strong>et</strong></span> <span class='ocrx_word' id='word_1_221' title='bbox 3286 1530 3538 1590; x_wconf 84' lang='lat' dir='ltr'><strong>tanquam</strong></span> <span class='ocrx_word' id='word_1_222' title='bbox 3572 1534 3686 1574; x_wconf 80' lang='lat' dir='ltr'><strong>are-</strong></span> 
     </span>
    </p>
   </div>
   <div class='ocr_carea' id='block_1_31' title="bbox 2104 1610 3686 1683">
    <p class='ocr_par' dir='ltr' id='par_1_31' title="bbox 2104 1610 3686 1683">
     <span class='ocr_line' id='line_1_31' title="bbox 2104 1610 3686 1683; baseline -0.002 -14"><span class='ocrx_word' id='word_1_223' title='bbox 2104 1631 2226 1669; x_wconf 80' lang='lat' dir='ltr'><strong>nam</strong></span> <span class='ocrx_word' id='word_1_224' title='bbox 2254 1630 2372 1683; x_wconf 72' lang='lat' dir='ltr'><strong>qua:</strong></span> <span class='ocrx_word' id='word_1_225' title='bbox 2396 1626 2471 1669; x_wconf 76' lang='lat' dir='ltr'><strong>est</strong></span> <span class='ocrx_word' id='word_1_226' title='bbox 2512 1614 2671 1683; x_wconf 72' lang='lat' dir='ltr'><strong>juxta</strong></span> <span class='ocrx_word' id='word_1_227' title='bbox 2722 1613 2924 1668; x_wconf 86' lang='lat' dir='ltr'><strong>tabium</strong></span> <span class='ocrx_word' id='word_1_228' title='bbox 2970 1614 3138 1667; x_wconf 74' lang='lat' dir='ltr'><strong>maris</strong></span> <span class='ocrx_word' id='word_1_229' title='bbox 3156 1612 3224 1665; x_wconf 79' lang='lat'><strong>&quot;.</strong></span> <span class='ocrx_word' id='word_1_230' title='bbox 3242 1610 3351 1667; x_wconf 85' lang='lat' dir='ltr'><strong>Pro</strong></span> <span class='ocrx_word' id='word_1_231' title='bbox 3378 1611 3557 1681; x_wconf 90' lang='lat' dir='ltr'><strong>puello</strong></span> <span class='ocrx_word' id='word_1_232' title='bbox 3582 1612 3686 1666; x_wconf 88' lang='lat' dir='ltr'><strong>hoc</strong></span> 
     </span>
    </p>
   </div>
   <div class='ocr_carea' id='block_1_32' title="bbox 2105 1704 3683 1778">
    <p class='ocr_par' dir='ltr' id='par_1_32' title="bbox 2105 1704 3683 1778">
     <span class='ocr_line' id='line_1_32' title="bbox 2105 1704 3683 1778; baseline -0.002 -17"><span class='ocrx_word' id='word_1_233' title='bbox 2105 1723 2297 1774; x_wconf 87' lang='lat' dir='ltr'><strong>preces</strong></span> <span class='ocrx_word' id='word_1_234' title='bbox 2327 1706 2566 1763; x_wconf 69' lang='lat' dir='ltr'><strong>offerens</strong></span> <span class='ocrx_word' id='word_1_235' title='bbox 2587 1707 2933 1778; x_wconf 87' lang='lat' dir='ltr'><strong>pr0pheticus</strong></span> <span class='ocrx_word' id='word_1_236' title='bbox 2957 1707 3180 1769; x_wconf 88' lang='lat' dir='ltr'><strong>chorus,</strong></span> <span class='ocrx_word' id='word_1_237' title='bbox 3204 1704 3421 1760; x_wconf 88' lang='lat' dir='ltr'><strong>dicebat</strong></span> <span class='ocrx_word' id='word_1_238' title='bbox 3446 1722 3460 1758; x_wconf 88' lang='lat'><strong>:</strong></span> <span class='ocrx_word' id='word_1_239' title='bbox 3493 1704 3683 1759; x_wconf 70' lang='lat' dir='ltr'><strong>Excita</strong></span> 
     </span>
    </p>
   </div>
   <div class='ocr_carea' id='block_1_33' title="bbox 2102 1794 3680 1868">
    <p class='ocr_par' dir='ltr' id='par_1_33' title="bbox 2102 1794 3680 1868">
     <span class='ocr_line' id='line_1_33' title="bbox 2102 1794 3680 1868; baseline -0.002 -15"><span class='ocrx_word' id='word_1_240' title='bbox 2102 1800 2391 1868; x_wconf 77' lang='lat' dir='ltr'><strong>potentiam</strong></span> <span class='ocrx_word' id='word_1_241' title='bbox 2431 1808 2605 1867; x_wconf 83' lang='lat' dir='ltr'><strong>tuam,</strong></span> <span class='ocrx_word' id='word_1_242' title='bbox 2661 1810 2709 1854; x_wconf 79' lang='lat' dir='ltr'><strong>et</strong></span> <span class='ocrx_word' id='word_1_243' title='bbox 2756 1799 2904 1862; x_wconf 77' lang='lat' dir='ltr'><strong>ueni,</strong></span> <span class='ocrx_word' id='word_1_244' title='bbox 2945 1808 3002 1852; x_wconf 87' lang='lat' dir='ltr'><strong>ut</strong></span> <span class='ocrx_word' id='word_1_245' title='bbox 3049 1796 3221 1853; x_wconf 72' lang='lat' dir='ltr'><strong>salvos</strong></span> <span class='ocrx_word' id='word_1_246' title='bbox 3271 1796 3440 1866; x_wconf 78' lang='lat' dir='ltr'><strong>facias</strong></span> <span class='ocrx_word' id='word_1_247' title='bbox 3492 1794 3680 1850; x_wconf 74' lang='lat' dir='ltr'><strong>nos“.</strong></span> 
     </span>
    </p>
   </div>
   <div class='ocr_carea' id='block_1_34' title="bbox 418 1873 2001 1969">
    <p class='ocr_par' dir='ltr' id='par_1_34' title="bbox 418 1891 1998 1969">
     <span class='ocr_line' id='line_1_34' title="bbox 418 1891 1998 1969; baseline 0.003 -24"><span class='ocrx_word' id='word_1_248' title='bbox 418 1892 702 1945; x_wconf 68' lang='lat' dir='ltr'><strong>moretur</strong></span> <span class='ocrx_word' id='word_1_249' title='bbox 741 1907 883 1956; x_wconf 91' lang='grc' dir='ltr'>σου,</span> <span class='ocrx_word' id='word_1_250' title='bbox 927 1893 1026 1946; x_wconf 76' lang='grc' dir='ltr'>καὶ</span> <span class='ocrx_word' id='word_1_251' title='bbox 1054 1891 1195 1946; x_wconf 75' lang='grc' dir='ltr'><strong>ἐλθὲ</strong></span> <span class='ocrx_word' id='word_1_252' title='bbox 1233 1895 1320 1957; x_wconf 86' lang='grc' dir='ltr'><strong>εὶς</strong></span> <span class='ocrx_word' id='word_1_253' title='bbox 1347 1892 1412 1945; x_wconf 82' lang='grc' dir='ltr'>τὸ</span> <span class='ocrx_word' id='word_1_254' title='bbox 1441 1892 1637 1948; x_wconf 83' lang='grc' dir='ltr'>σῶσαι</span> <span class='ocrx_word' id='word_1_255' title='bbox 1667 1895 1845 1965; x_wconf 76' lang='grc' dir='ltr'>ἡμᾶς.</span> <span class='ocrx_word' id='word_1_256' title='bbox 1885 1897 1998 1969; x_wconf 81' lang='grc' dir='ltr'><strong>Μὴ,</strong></span> 
     </span>
    </p>
   </div>
   <div class='ocr_carea' id='block_1_35' title="bbox 2103 1873 3683 1969">
    <p class='ocr_par' dir='ltr' id='par_1_35' title="bbox 2105 1886 3683 1962">
     <span class='ocr_line' id='line_1_35' title="bbox 2105 1886 3683 1962; baseline -0.001 -16"><span class='ocrx_word' id='word_1_257' title='bbox 2105 1892 2317 1955; x_wconf 81' lang='lat' dir='ltr'><strong>Nolite,</strong></span> <span class='ocrx_word' id='word_1_258' title='bbox 2381 1891 2507 1962; x_wconf 87' lang='lat' dir='ltr'><strong>quia</strong></span> <span class='ocrx_word' id='word_1_259' title='bbox 2581 1891 2793 1962; x_wconf 88' lang='lat' dir='ltr'><strong>puellus</strong></span> <span class='ocrx_word' id='word_1_260' title='bbox 2872 1900 2987 1956; x_wconf 89' lang='lat' dir='ltr'><strong>est,</strong></span> <span class='ocrx_word' id='word_1_261' title='bbox 3063 1890 3116 1944; x_wconf 92' lang='lat' dir='ltr'><strong>in</strong></span> <span class='ocrx_word' id='word_1_262' title='bbox 3214 1889 3391 1958; x_wconf 91' lang='lat' dir='ltr'><strong>puello</strong></span> <span class='ocrx_word' id='word_1_263' title='bbox 3458 1886 3683 1944; x_wconf 79' lang='lat' dir='ltr'><strong>offendi.</strong></span> 
     </span>
    </p>
   </div>
   <div class='ocr_carea' id='block_1_36' title="bbox 417 1981 2005 2055">
    <p class='ocr_par' dir='ltr' id='par_1_36' title="bbox 417 1981 2005 2055">
     <span class='ocr_line' id='line_1_36' title="bbox 417 1981 2005 2055; baseline 0.004 -20"><span class='ocrx_word' id='word_1_264' title='bbox 417 1982 498 2035; x_wconf 79' lang='grc' dir='ltr'>ὅτι</span> <span class='ocrx_word' id='word_1_265' title='bbox 552 1982 787 2045; x_wconf 80' lang='grc' dir='ltr'>παιδίον,</span> <span class='ocrx_word' id='word_1_266' title='bbox 835 1981 917 2053; x_wconf 81' lang='grc' dir='ltr'><strong>τῷ</strong></span> <span class='ocrx_word' id='word_1_267' title='bbox 966 1982 1165 2055; x_wconf 83' lang='grc' dir='ltr'>παιδίῳ</span> <span class='ocrx_word' id='word_1_268' title='bbox 1225 1984 1592 2054; x_wconf 78' lang='grc' dir='ltr'>προσκόψητε.</span> <span class='ocrx_word' id='word_1_269' title='bbox 1627 1986 1701 2038; x_wconf 81' lang='grc' dir='ltr'>Τὸ</span> <span class='ocrx_word' id='word_1_270' title='bbox 1738 1986 1870 2040; x_wconf 80' lang='grc' dir='ltr'>αὐτὸ</span> <span class='ocrx_word' id='word_1_271' title='bbox 1909 1988 2005 2041; x_wconf 77' lang='grc' dir='ltr'>καὶ</span> 
     </span>
    </p>
   </div>
   <div class='ocr_carea' id='block_1_37' title="bbox 420 2073 2002 2150">
    <p class='ocr_par' dir='ltr' id='par_1_37' title="bbox 420 2073 2002 2150">
     <span class='ocr_line' id='line_1_37' title="bbox 420 2073 2002 2150; baseline 0.003 -24"><span class='ocrx_word' id='word_1_272' title='bbox 420 2074 657 2140; x_wconf 76' lang='grc' dir='ltr'>παιδίον,</span> <span class='ocrx_word' id='word_1_273' title='bbox 682 2075 780 2128; x_wconf 78' lang='grc' dir='ltr'>καὶ.</span> <span class='ocrx_word' id='word_1_274' title='bbox 808 2073 887 2144; x_wconf 83' lang='grc' dir='ltr'>τῷ</span> <span class='ocrx_word' id='word_1_275' title='bbox 913 2075 1089 2147; x_wconf 78' lang='grc' dir='ltr'>Πατρὶ</span> <span class='ocrx_word' id='word_1_276' title='bbox 1118 2076 1471 2148; x_wconf 86' lang='grc' dir='ltr'>συνάναρχον.</span> <span class='ocrx_word' id='word_1_277' title='bbox 1506 2078 1580 2130; x_wconf 85' lang='grc' dir='ltr'>Τὸ</span> <span class='ocrx_word' id='word_1_278' title='bbox 1605 2078 1737 2131; x_wconf 85' lang='grc' dir='ltr'>αὐτὸ</span> <span class='ocrx_word' id='word_1_279' title='bbox 1765 2079 1853 2131; x_wconf 67' lang='grc' dir='ltr'>καὶ</span> <span class='ocrx_word' id='word_1_280' title='bbox 1879 2079 2002 2150; x_wconf 82' lang='grc' dir='ltr'><strong>χρό-</strong></span> 
     </span>
    </p>
   </div>
   <div class='ocr_carea' id='block_1_38' title="bbox 420 2169 2006 2242">
    <p class='ocr_par' dir='ltr' id='par_1_38' title="bbox 420 2169 2006 2242">
     <span class='ocr_line' id='line_1_38' title="bbox 420 2169 2006 2242; baseline 0.004 -23"><span class='ocrx_word' id='word_1_281' title='bbox 420 2184 531 2232; x_wconf 86' lang='grc' dir='ltr'>νοις</span> <span class='ocrx_word' id='word_1_282' title='bbox 564 2169 989 2241; x_wconf 83' lang='grc' dir='ltr'>ἀριθμούμενον,</span> <span class='ocrx_word' id='word_1_283' title='bbox 1032 2172 1127 2224; x_wconf 82' lang='grc' dir='ltr'>καὶ</span> <span class='ocrx_word' id='word_1_284' title='bbox 1159 2170 1607 2242; x_wconf 83' lang='grc' dir='ltr'>άγενεαλόγητον.</span> <span class='ocrx_word' id='word_1_285' title='bbox 1643 2170 1717 2222; x_wconf 85' lang='grc' dir='ltr'>Τὸ</span> <span class='ocrx_word' id='word_1_286' title='bbox 1744 2170 1873 2223; x_wconf 77' lang='grc' dir='ltr'>αὐτὸ</span> <span class='ocrx_word' id='word_1_287' title='bbox 1911 2174 2006 2225; x_wconf 79' lang='grc' dir='ltr'>καὶ</span> 
     </span>
    </p>
   </div>
   <div class='ocr_carea' id='block_1_39' title="bbox 424 2262 2005 2333">
    <p class='ocr_par' dir='ltr' id='par_1_39' title="bbox 424 2262 2005 2333">
     <span class='ocr_line' id='line_1_39' title="bbox 424 2262 2005 2333; baseline 0.003 -22"><span class='ocrx_word' id='word_1_288' title='bbox 424 2262 635 2314; x_wconf 82' lang='grc' dir='ltr'>παιδίον</span> <span class='ocrx_word' id='word_1_289' title='bbox 665 2262 941 2330; x_wconf 57' lang='lat' dir='ltr'><strong>«tango»,</strong></span> <span class='ocrx_word' id='word_1_290' title='bbox 973 2262 1035 2315; x_wconf 70' lang='grc' dir='ltr'><strong>τὸ</strong></span> <span class='ocrx_word' id='word_1_291' title='bbox 1071 2263 1203 2317; x_wconf 82' lang='grc' dir='ltr'>αὐτὸ</span> <span class='ocrx_word' id='word_1_292' title='bbox 1232 2263 1326 2316; x_wconf 75' lang='grc' dir='ltr'>καὶ</span> <span class='ocrx_word' id='word_1_293' title='bbox 1354 2262 1547 2331; x_wconf 77' lang='grc' dir='ltr'>σοφίαν</span> <span class='ocrx_word' id='word_1_294' title='bbox 1583 2263 1678 2315; x_wconf 76' lang='grc' dir='ltr'>καὶ</span> <span class='ocrx_word' id='word_1_295' title='bbox 1705 2262 1879 2333; x_wconf 83' lang='grc' dir='ltr'><strong>στόμα</strong></span> <span class='ocrx_word' id='word_1_296' title='bbox 1909 2280 2005 2333; x_wconf 87' lang='grc' dir='ltr'><strong>χα-</strong></span> 
     </span>
    </p>
   </div>
   <div class='ocr_carea' id='block_1_40' title="bbox 419 2353 2001 2427">
    <p class='ocr_par' dir='ltr' id='par_1_40' title="bbox 419 2353 2001 2427">
     <span class='ocr_line' id='line_1_40' title="bbox 419 2353 2001 2427; baseline 0.003 -22"><span class='ocrx_word' id='word_1_297' title='bbox 419 2353 708 2424; x_wconf 77' lang='grc' dir='ltr'>ριζόμενον</span> <span class='ocrx_word' id='word_1_298' title='bbox 730 2369 744 2381; x_wconf 87' lang='grc'><strong>·</strong></span> <span class='ocrx_word' id='word_1_299' title='bbox 760 2354 821 2406; x_wconf 72' lang='grc' dir='ltr'><strong>τὺ</strong></span> <span class='ocrx_word' id='word_1_300' title='bbox 842 2353 1063 2424; x_wconf 73' lang='grc' dir='ltr'>μὲν,δώ</span> <span class='ocrx_word' id='word_1_301' title='bbox 1083 2355 1256 2425; x_wconf 80' lang='grc' dir='ltr'>τὴνὲκ</span> <span class='ocrx_word' id='word_1_302' title='bbox 1271 2354 1545 2425; x_wconf 81' lang='grc' dir='ltr'>Παρθένου</span> <span class='ocrx_word' id='word_1_303' title='bbox 1574 2353 1827 2425; x_wconf 82' lang='grc' dir='ltr'>γέννησιν</span> <span class='ocrx_word' id='word_1_304' title='bbox 1865 2355 2001 2427; x_wconf 76' lang='lat'><strong>(5‘2),</strong></span> 
     </span>
    </p>
   </div>
   <div class='ocr_carea' id='block_1_41' title="bbox 419 2443 2007 2515">
    <p class='ocr_par' dir='ltr' id='par_1_41' title="bbox 419 2443 2007 2515">
     <span class='ocr_line' id='line_1_41' title="bbox 419 2443 2007 2515; baseline 0.001 -18"><span class='ocrx_word' id='word_1_305' title='bbox 419 2444 484 2497; x_wconf 71' lang='grc' dir='ltr'>τὸ</span> <span class='ocrx_word' id='word_1_306' title='bbox 537 2444 619 2507; x_wconf 81' lang='grc' dir='ltr'>δὲ,</span> <span class='ocrx_word' id='word_1_307' title='bbox 672 2444 760 2497; x_wconf 75' lang='grc' dir='ltr'><strong>διὰ</strong></span> <span class='ocrx_word' id='word_1_308' title='bbox 813 2444 877 2497; x_wconf 81' lang='grc' dir='ltr'><strong>τὺ</strong></span> <span class='ocrx_word' id='word_1_309' title='bbox 923 2444 1301 2515; x_wconf 79' lang='grc' dir='ltr'>ἀκατάληπτον</span> <span class='ocrx_word' id='word_1_310' title='bbox 1352 2445 1451 2515; x_wconf 79' lang='grc' dir='ltr'><strong>τῆς</strong></span> <span class='ocrx_word' id='word_1_311' title='bbox 1493 2443 1814 2514; x_wconf 81' lang='grc' dir='ltr'><strong>ὑπάρξεως·</strong></span> <span class='ocrx_word' id='word_1_312' title='bbox 1856 2446 2007 2498; x_wconf 83' lang='grc' dir='ltr'>ὲπει-</span> 
     </span>
    </p>
   </div>
   <div class='ocr_carea' id='block_1_42' title="bbox 417 2534 1998 2607">
    <p class='ocr_par' dir='ltr' id='par_1_42' title="bbox 417 2534 1998 2607">
     <span class='ocr_line' id='line_1_42' title="bbox 417 2534 1998 2607; baseline 0.001 -19"><span class='ocrx_word' id='word_1_313' title='bbox 417 2534 488 2606; x_wconf 82' lang='grc' dir='ltr'>δὴ</span> <span class='ocrx_word' id='word_1_314' title='bbox 519 2536 618 2588; x_wconf 85' lang='grc' dir='ltr'>καὶ</span> <span class='ocrx_word' id='word_1_315' title='bbox 642 2534 803 2588; x_wconf 79' lang='grc' dir='ltr'>τοῦτο</span> <span class='ocrx_word' id='word_1_316' title='bbox 838 2535 1176 2607; x_wconf 83' lang='grc' dir='ltr'>παρέστησεν</span> <span class='ocrx_word' id='word_1_317' title='bbox 1209 2536 1433 2598; x_wconf 79' lang='grc' dir='ltr'>Ἡσαΐας</span> <span class='ocrx_word' id='word_1_318' title='bbox 1461 2535 1716 2605; x_wconf 74' lang='grc' dir='ltr'>φάσκων·</span> <span class='ocrx_word' id='word_1_319' title='bbox 1754 2536 1998 2589; x_wconf 74' lang='grc' dir='ltr'>Παιδίον</span> 
     </span>
    </p>
   </div>
   <div class='ocr_carea' id='block_1_43' title="bbox 420 2622 2002 2694">
    <p class='ocr_par' dir='ltr' id='par_1_43' title="bbox 420 2622 2002 2694">
     <span class='ocr_line' id='line_1_43' title="bbox 420 2622 2002 2694; baseline -0.003 -15"><span class='ocrx_word' id='word_1_320' title='bbox 420 2624 721 2694; x_wconf 72' lang='grc' dir='ltr'>ἐγεννήθη</span> <span class='ocrx_word' id='word_1_321' title='bbox 772 2624 935 2693; x_wconf 77' lang='grc' dir='ltr'>ἡμῖν.</span> <span class='ocrx_word' id='word_1_322' title='bbox 991 2625 1121 2690; x_wconf 58' lang='grc' dir='ltr'><strong>υἱςὶς</strong></span> <span class='ocrx_word' id='word_1_323' title='bbox 1176 2623 1275 2677; x_wconf 78' lang='grc' dir='ltr'>καὶ</span> <span class='ocrx_word' id='word_1_324' title='bbox 1322 2622 1499 2690; x_wconf 81' lang='grc' dir='ltr'>ἐδόθη</span> <span class='ocrx_word' id='word_1_325' title='bbox 1546 2622 1713 2692; x_wconf 72' lang='grc' dir='ltr'>ἡμῖν.</span> <span class='ocrx_word' id='word_1_326' title='bbox 1773 2622 1847 2675; x_wconf 87' lang='grc' dir='ltr'><strong>Τὸ</strong></span> <span class='ocrx_word' id='word_1_327' title='bbox 1885 2622 2002 2693; x_wconf 86' lang='grc' dir='ltr'>μὲν,</span> 
     </span>
    </p>
   </div>
   <div class='ocr_carea' id='block_1_44' title="bbox 420 2712 2001 2787">
    <p class='ocr_par' dir='ltr' id='par_1_44' title="bbox 420 2712 2001 2787">
     <span class='ocr_line' id='line_1_44' title="bbox 420 2712 2001 2787; baseline -0.001 -19"><span class='ocrx_word' id='word_1_328' title='bbox 420 2715 688 2786; x_wconf 73' lang='grc' dir='ltr'>ἐγεννήθη</span> <span class='ocrx_word' id='word_1_329' title='bbox 711 2731 727 2745; x_wconf 70' lang='grc' dir='ltr'><strong>ο</strong></span> <span class='ocrx_word' id='word_1_330' title='bbox 758 2715 819 2767; x_wconf 83' lang='grc' dir='ltr'>τὸ</span> <span class='ocrx_word' id='word_1_331' title='bbox 861 2714 940 2778; x_wconf 87' lang='grc' dir='ltr'>δὲ,</span> <span class='ocrx_word' id='word_1_332' title='bbox 987 2714 1164 2787; x_wconf 84' lang='grc' dir='ltr'>ἐδόθη.</span> <span class='ocrx_word' id='word_1_333' title='bbox 1211 2715 1285 2768; x_wconf 77' lang='grc' dir='ltr'>Τὸ</span> <span class='ocrx_word' id='word_1_334' title='bbox 1326 2715 1443 2786; x_wconf 87' lang='grc' dir='ltr'>μὲν,</span> <span class='ocrx_word' id='word_1_335' title='bbox 1473 2713 1562 2768; x_wconf 82' lang='grc' dir='ltr'>διὰ</span> <span class='ocrx_word' id='word_1_336' title='bbox 1594 2714 1655 2767; x_wconf 84' lang='grc' dir='ltr'>τὸ</span> <span class='ocrx_word' id='word_1_337' title='bbox 1694 2712 2001 2785; x_wconf 77' lang='grc' dir='ltr'>ὁρώμενον·</span> 
     </span>
    </p>
   </div>
   <div class='ocr_carea' id='block_1_45' title="bbox 423 2807 1123 2877">
    <p class='ocr_par' dir='ltr' id='par_1_45' title="bbox 423 2807 1123 2877">
     <span class='ocr_line' id='line_1_45' title="bbox 423 2807 1123 2877; baseline 0.001 -17"><span class='ocrx_word' id='word_1_338' title='bbox 423 2808 491 2861; x_wconf 80' lang='grc' dir='ltr'>τὸ</span> <span class='ocrx_word' id='word_1_339' title='bbox 512 2808 595 2867; x_wconf 80' lang='grc' dir='ltr'>δὲ,</span> <span class='ocrx_word' id='word_1_340' title='bbox 620 2808 711 2861; x_wconf 82' lang='grc' dir='ltr'>διὰ</span> <span class='ocrx_word' id='word_1_341' title='bbox 731 2808 791 2859; x_wconf 84' lang='grc' dir='ltr'>τὸ</span> <span class='ocrx_word' id='word_1_342' title='bbox 819 2807 1123 2877; x_wconf 82' lang='grc' dir='ltr'>νοούμενον.</span> 
     </span>
    </p>
   </div>
   <div class='ocr_carea' id='block_1_46' title="bbox 493 2916 2007 2989">
    <p class='ocr_par' dir='ltr' id='par_1_46' title="bbox 493 2916 2007 2989">
     <span class='ocr_line' id='line_1_46' title="bbox 493 2916 2007 2989; baseline 0.022 -17"><span class='ocrx_word' id='word_1_343' title='bbox 493 2920 572 2973; x_wconf 87' lang='lat' dir='ltr'><strong>Z&#39;.</strong></span> <span class='ocrx_word' id='word_1_344' title='bbox 607 2916 792 2971; x_wconf 79' lang='grc' dir='ltr'>Ταῦτα</span> <span class='ocrx_word' id='word_1_345' title='bbox 815 2918 910 2989; x_wconf 61' lang='grc' dir='ltr'><strong>τῆν</strong></span> <span class='ocrx_word' id='word_1_346' title='bbox 938 2918 1133 2988; x_wconf 73' lang='grc' dir='ltr'>Ἀννης</span> <span class='ocrx_word' id='word_1_347' title='bbox 1159 2917 1224 2971; x_wconf 74' lang='grc' dir='ltr'><strong>τὰ</strong></span> <span class='ocrx_word' id='word_1_348' title='bbox 1250 2918 1676 2989; x_wconf 67' lang='grc' dir='ltr'><strong>προφητεύματα</strong></span> <span class='ocrx_word' id='word_1_349' title='bbox 1699 2916 1896 2971; x_wconf 67' lang='grc' dir='ltr'><strong>’ταῦτα</strong></span> <span class='ocrx_word' id='word_1_350' title='bbox 1909 2916 2007 2988; x_wconf 65' lang='grc' dir='ltr'><strong>τῆς</strong></span> 
     </span>
    </p>
   </div>
   <div class='ocr_carea' id='block_1_47' title="bbox 419 3009 2005 3083">
    <p class='ocr_par' dir='ltr' id='par_1_47' title="bbox 419 3009 2005 3083">
     <span class='ocr_line' id='line_1_47' title="bbox 419 3009 2005 3083; baseline -0.001 -18"><span class='ocrx_word' id='word_1_351' title='bbox 419 3012 682 3080; x_wconf 67' lang='grc' dir='ltr'>γυναικδς</span> <span class='ocrx_word' id='word_1_352' title='bbox 725 3012 794 3065; x_wconf 76' lang='grc' dir='ltr'>τὰ</span> <span class='ocrx_word' id='word_1_353' title='bbox 824 3013 1295 3083; x_wconf 79' lang='grc' dir='ltr'>ἅριστολογήματα</span> <span class='ocrx_word' id='word_1_354' title='bbox 1316 3029 1331 3043; x_wconf 85' lang='grc'><strong>·</strong></span> <span class='ocrx_word' id='word_1_355' title='bbox 1364 3012 1540 3065; x_wconf 75' lang='grc' dir='ltr'>ταῦτα</span> <span class='ocrx_word' id='word_1_356' title='bbox 1576 3012 1677 3082; x_wconf 82' lang='grc' dir='ltr'>τῆς</span> <span class='ocrx_word' id='word_1_357' title='bbox 1722 3012 1898 3082; x_wconf 82' lang='grc' dir='ltr'>χήρας</span> <span class='ocrx_word' id='word_1_358' title='bbox 1936 3009 2005 3063; x_wconf 84' lang='grc' dir='ltr'><strong>τὰ</strong></span> 
     </span>
    </p>
   </div>
   <div class='ocr_carea' id='block_1_48' title="bbox 419 3100 2006 3181">
    <p class='ocr_par' dir='ltr' id='par_1_48' title="bbox 419 3100 2006 3181">
     <span class='ocr_line' id='line_1_48' title="bbox 419 3100 2006 3181; baseline -0.003 -24"><span class='ocrx_word' id='word_1_359' title='bbox 419 3102 855 3181; x_wconf 58' lang='grc' dir='ltr'>κατορθώματα,</span> <span class='ocrx_word' id='word_1_360' title='bbox 876 3104 973 3174; x_wconf 84' lang='grc' dir='ltr'><strong>τῆς</strong></span> <span class='ocrx_word' id='word_1_361' title='bbox 1010 3104 1178 3169; x_wconf 79' lang='grc' dir='ltr'>ὅντως</span> <span class='ocrx_word' id='word_1_362' title='bbox 1207 3105 1400 3175; x_wconf 83' lang='grc' dir='ltr'>χήρας,</span> <span class='ocrx_word' id='word_1_363' title='bbox 1427 3103 1526 3174; x_wconf 83' lang='grc' dir='ltr'><strong>τῆς</strong></span> <span class='ocrx_word' id='word_1_364' title='bbox 1555 3101 1736 3165; x_wconf 85' lang='grc' dir='ltr'>καλῶς</span> <span class='ocrx_word' id='word_1_365' title='bbox 1766 3101 1858 3155; x_wconf 83' lang='grc' dir='ltr'>τὸν</span> <span class='ocrx_word' id='word_1_366' title='bbox 1891 3100 2006 3172; x_wconf 85' lang='grc' dir='ltr'>βίον</span> 
     </span>
    </p>
   </div>
   <div class='ocr_carea' id='block_1_49' title="bbox 2106 1980 3684 2055">
    <p class='ocr_par' dir='ltr' id='par_1_49' title="bbox 2106 1980 3684 2055">
     <span class='ocr_line' id='line_1_49' title="bbox 2106 1980 3684 2055; baseline -0.003 -16"><span class='ocrx_word' id='word_1_367' title='bbox 2106 1987 2248 2041; x_wconf 88' lang='lat' dir='ltr'><strong>Idem</strong></span> <span class='ocrx_word' id='word_1_368' title='bbox 2276 1995 2331 2040; x_wconf 90' lang='lat' dir='ltr'><strong>et</strong></span> <span class='ocrx_word' id='word_1_369' title='bbox 2383 1996 2466 2039; x_wconf 88' lang='lat' dir='ltr'><strong>est</strong></span> <span class='ocrx_word' id='word_1_370' title='bbox 2505 1984 2736 2055; x_wconf 90' lang='lat' dir='ltr'><strong>puellus,</strong></span> <span class='ocrx_word' id='word_1_371' title='bbox 2776 1992 2831 2037; x_wconf 92' lang='lat' dir='ltr'><strong>et</strong></span> <span class='ocrx_word' id='word_1_372' title='bbox 2884 1998 2987 2037; x_wconf 88' lang='lat' dir='ltr'><strong>una</strong></span> <span class='ocrx_word' id='word_1_373' title='bbox 3040 1997 3165 2037; x_wconf 91' lang='lat' dir='ltr'><strong>cum</strong></span> <span class='ocrx_word' id='word_1_374' title='bbox 3211 1981 3389 2048; x_wconf 64' lang='lat' dir='ltr'><strong>;Patre</strong></span> <span class='ocrx_word' id='word_1_375' title='bbox 3434 1980 3684 2051; x_wconf 88' lang='lat' dir='ltr'><strong>principii</strong></span> 
     </span>
    </p>
   </div>
   <div class='ocr_carea' id='block_1_50' title="bbox 2103 2073 3686 2146">
    <p class='ocr_par' dir='ltr' id='par_1_50' title="bbox 2103 2073 3686 2146">
     <span class='ocr_line' id='line_1_50' title="bbox 2103 2073 3686 2146; baseline -0.005 -14"><span class='ocrx_word' id='word_1_376' title='bbox 2103 2092 2298 2146; x_wconf 83' lang='lat' dir='ltr'><strong>expers</strong></span> <span class='ocrx_word' id='word_1_377' title='bbox 2331 2075 2399 2130; x_wconf 79' lang='grc'><strong>⁸⁸.</strong></span> <span class='ocrx_word' id='word_1_378' title='bbox 2423 2073 2570 2129; x_wconf 88' lang='lat' dir='ltr'><strong>Idem</strong></span> <span class='ocrx_word' id='word_1_379' title='bbox 2607 2075 2722 2145; x_wconf 89' lang='lat' dir='ltr'><strong>ipse</strong></span> <span class='ocrx_word' id='word_1_380' title='bbox 2750 2084 2805 2128; x_wconf 88' lang='lat' dir='ltr'><strong>et</strong></span> <span class='ocrx_word' id='word_1_381' title='bbox 2833 2073 2991 2128; x_wconf 88' lang='lat' dir='ltr'><strong>annis</strong></span> <span class='ocrx_word' id='word_1_382' title='bbox 3017 2082 3352 2134; x_wconf 90' lang='lat' dir='ltr'><strong>numeratur,</strong></span> <span class='ocrx_word' id='word_1_383' title='bbox 3378 2085 3475 2125; x_wconf 90' lang='lat' dir='ltr'><strong>nec</strong></span> <span class='ocrx_word' id='word_1_384' title='bbox 3517 2085 3686 2140; x_wconf 83' lang='lat' dir='ltr'><strong>gene-</strong></span> 
     </span>
    </p>
   </div>
   <div class='ocr_carea' id='block_1_51' title="bbox 2107 2162 3684 2238">
    <p class='ocr_par' dir='ltr' id='par_1_51' title="bbox 2107 2162 3684 2238">
     <span class='ocr_line' id='line_1_51' title="bbox 2107 2162 3684 2238; baseline -0.004 -16"><span class='ocrx_word' id='word_1_385' title='bbox 2107 2171 2181 2224; x_wconf 87' lang='lat' dir='ltr'><strong>ris</strong></span> <span class='ocrx_word' id='word_1_386' title='bbox 2222 2170 2341 2238; x_wconf 87' lang='lat' dir='ltr'><strong>ejus</strong></span> <span class='ocrx_word' id='word_1_387' title='bbox 2378 2167 2520 2221; x_wconf 88' lang='lat' dir='ltr'><strong>ratio</strong></span> <span class='ocrx_word' id='word_1_388' title='bbox 2569 2167 2717 2220; x_wconf 85' lang='lat' dir='ltr'><strong>reddi</strong></span> <span class='ocrx_word' id='word_1_389' title='bbox 2767 2173 2943 2235; x_wconf 85' lang='lat' dir='ltr'><strong>potest</strong></span> <span class='ocrx_word' id='word_1_390' title='bbox 2979 2170 3034 2219; x_wconf 87' lang='lat' dir='ltr'><strong>et</strong></span> <span class='ocrx_word' id='word_1_391' title='bbox 3077 2162 3323 2219; x_wconf 87' lang='lat' dir='ltr'><strong>enarrari</strong></span> <span class='ocrx_word' id='word_1_392' title='bbox 3355 2162 3424 2215; x_wconf 72' lang='lat'><strong>7&#39;.</strong></span> <span class='ocrx_word' id='word_1_393' title='bbox 3454 2162 3599 2217; x_wconf 93' lang='lat' dir='ltr'><strong>Idem</strong></span> <span class='ocrx_word' id='word_1_394' title='bbox 3627 2172 3684 2217; x_wconf 90' lang='lat' dir='ltr'><strong>et</strong></span> 
     </span>
    </p>
   </div>
   <div class='ocr_carea' id='block_1_52' title="bbox 2105 2253 3683 2329">
    <p class='ocr_par' dir='ltr' id='par_1_52' title="bbox 2105 2253 3683 2329">
     <span class='ocr_line' id='line_1_52' title="bbox 2105 2253 3683 2329; baseline -0.002 -15"><span class='ocrx_word' id='word_1_395' title='bbox 2105 2274 2239 2329; x_wconf 89' lang='lat' dir='ltr'><strong>puer</strong></span> <span class='ocrx_word' id='word_1_396' title='bbox 2268 2258 2604 2322; x_wconf 82' lang='lat' dir='ltr'><strong>balbutiens,</strong></span> <span class='ocrx_word' id='word_1_397' title='bbox 2642 2256 3075 2326; x_wconf 83' lang='lat' dir='ltr'><strong>sapientiamque</strong></span> <span class='ocrx_word' id='word_1_398' title='bbox 3101 2265 3156 2310; x_wconf 92' lang='lat' dir='ltr'><strong>et</strong></span> <span class='ocrx_word' id='word_1_399' title='bbox 3186 2270 3248 2310; x_wconf 90' lang='lat' dir='ltr'><strong>os</strong></span> <span class='ocrx_word' id='word_1_400' title='bbox 3270 2270 3335 2310; x_wconf 90' lang='lat' dir='ltr'><strong>ac</strong></span> <span class='ocrx_word' id='word_1_401' title='bbox 3376 2253 3683 2310; x_wconf 81' lang='lat' dir='ltr'><strong>facundiam</strong></span> 
     </span>
    </p>
   </div>
   <div class='ocr_carea' id='block_1_53' title="bbox 2111 2348 3680 2425">
    <p class='ocr_par' dir='ltr' id='par_1_53' title="bbox 2111 2348 3680 2425">
     <span class='ocr_line' id='line_1_53' title="bbox 2111 2348 3680 2425; baseline -0.004 -17"><span class='ocrx_word' id='word_1_402' title='bbox 2111 2354 2348 2425; x_wconf 75' lang='lat' dir='ltr'><strong>largiens</strong></span> <span class='ocrx_word' id='word_1_403' title='bbox 2376 2370 2390 2407; x_wconf 86' lang='lat'>:</span> <span class='ocrx_word' id='word_1_404' title='bbox 2427 2352 2679 2416; x_wconf 89' lang='lat' dir='ltr'><strong>alterum,</strong></span> <span class='ocrx_word' id='word_1_405' title='bbox 2712 2359 2934 2420; x_wconf 88' lang='lat' dir='ltr'><strong>propter</strong></span> <span class='ocrx_word' id='word_1_406' title='bbox 2961 2349 3298 2403; x_wconf 85' lang='lat' dir='ltr'><strong>nativitatem</strong></span> <span class='ocrx_word' id='word_1_407' title='bbox 3338 2364 3405 2404; x_wconf 81' lang='lat' dir='ltr'><strong>ex</strong></span> <span class='ocrx_word' id='word_1_408' title='bbox 3430 2348 3680 2419; x_wconf 78' lang='lat' dir='ltr'><strong>Virgine;</strong></span> 
     </span>
    </p>
   </div>
   <div class='ocr_carea' id='block_1_54' title="bbox 2106 2439 3677 2513">
    <p class='ocr_par' dir='ltr' id='par_1_54' title="bbox 2106 2439 3677 2513">
     <span class='ocr_line' id='line_1_54' title="bbox 2106 2439 3677 2513; baseline -0.004 -14"><span class='ocrx_word' id='word_1_409' title='bbox 2106 2446 2360 2508; x_wconf 89' lang='lat' dir='ltr'><strong>alterum,</strong></span> <span class='ocrx_word' id='word_1_410' title='bbox 2398 2452 2620 2513; x_wconf 83' lang='lat' dir='ltr'><strong>propter</strong></span> <span class='ocrx_word' id='word_1_411' title='bbox 2672 2440 3377 2512; x_wconf 85' lang='lat' dir='ltr'><strong>incomprehensibilitatem</strong></span> <span class='ocrx_word' id='word_1_412' title='bbox 3412 2439 3677 2495; x_wconf 85' lang='lat' dir='ltr'><strong>substan-</strong></span> 
     </span>
    </p>
   </div>
   <div class='ocr_carea' id='block_1_55' title="bbox 2109 2532 3686 2606">
    <p class='ocr_par' dir='ltr' id='par_1_55' title="bbox 2109 2532 3686 2606">
     <span class='ocr_line' id='line_1_55' title="bbox 2109 2532 3686 2606; baseline -0.004 -14"><span class='ocrx_word' id='word_1_413' title='bbox 2109 2538 2215 2592; x_wconf 74' lang='lat' dir='ltr'><strong>tiae.</strong></span> <span class='ocrx_word' id='word_1_414' title='bbox 2255 2536 2367 2591; x_wconf 87' lang='lat' dir='ltr'><strong>Iloc</strong></span> <span class='ocrx_word' id='word_1_415' title='bbox 2393 2537 2537 2590; x_wconf 90' lang='lat' dir='ltr'><strong>enim</strong></span> <span class='ocrx_word' id='word_1_416' title='bbox 2567 2547 2622 2591; x_wconf 89' lang='lat' dir='ltr'><strong>et</strong></span> <span class='ocrx_word' id='word_1_417' title='bbox 2641 2535 2810 2591; x_wconf 81' lang='lat' dir='ltr'><strong>Isaias</strong></span> <span class='ocrx_word' id='word_1_418' title='bbox 2849 2534 3197 2606; x_wconf 78' lang='lat' dir='ltr'><strong>signiﬁcavit,</strong></span> <span class='ocrx_word' id='word_1_419' title='bbox 3231 2534 3445 2589; x_wconf 89' lang='lat' dir='ltr'><strong>dicens:</strong></span> <span class='ocrx_word' id='word_1_420' title='bbox 3478 2532 3686 2587; x_wconf 84' lang='lat' dir='ltr'><strong>Parvu-</strong></span> 
     </span>
    </p>
   </div>
   <div class='ocr_carea' id='block_1_56' title="bbox 2107 2625 3686 2698">
    <p class='ocr_par' dir='ltr' id='par_1_56' title="bbox 2107 2625 3686 2698">
     <span class='ocr_line' id='line_1_56' title="bbox 2107 2625 3686 2698; baseline -0.003 -15"><span class='ocrx_word' id='word_1_421' title='bbox 2107 2631 2189 2685; x_wconf 77' lang='lat' dir='ltr'><strong>las</strong></span> <span class='ocrx_word' id='word_1_422' title='bbox 2214 2641 2370 2683; x_wconf 80' lang='lat' dir='ltr'><strong>natus</strong></span> <span class='ocrx_word' id='word_1_423' title='bbox 2400 2638 2474 2683; x_wconf 74' lang='lat' dir='ltr'><strong>est</strong></span> <span class='ocrx_word' id='word_1_424' title='bbox 2507 2632 2677 2696; x_wconf 81' lang='lat' dir='ltr'><strong>nobis,</strong></span> <span class='ocrx_word' id='word_1_425' title='bbox 2709 2629 2854 2698; x_wconf 79' lang='lat' dir='ltr'><strong>[ilius</strong></span> <span class='ocrx_word' id='word_1_426' title='bbox 2894 2637 2943 2682; x_wconf 87' lang='lat' dir='ltr'><strong>et</strong></span> <span class='ocrx_word' id='word_1_427' title='bbox 2965 2629 3122 2683; x_wconf 80' lang='lat' dir='ltr'><strong>datus</strong></span> <span class='ocrx_word' id='word_1_428' title='bbox 3151 2637 3225 2683; x_wconf 76' lang='lat' dir='ltr'><strong>est</strong></span> <span class='ocrx_word' id='word_1_429' title='bbox 3264 2628 3412 2681; x_wconf 80' lang='lat' dir='ltr'><strong>nobis</strong></span> <span class='ocrx_word' id='word_1_430' title='bbox 3429 2627 3495 2680; x_wconf 80' lang='lat'><strong>“.</strong></span> <span class='ocrx_word' id='word_1_431' title='bbox 3525 2625 3686 2692; x_wconf 89' lang='lat' dir='ltr'><strong>Illud,</strong></span> 
     </span>
    </p>
   </div>
   <div class='ocr_carea' id='block_1_57' title="bbox 2106 2717 3682 2789">
    <p class='ocr_par' dir='ltr' id='par_1_57' title="bbox 2106 2717 3682 2789">
     <span class='ocr_line' id='line_1_57' title="bbox 2106 2717 3682 2789; baseline -0.003 -13"><span class='ocrx_word' id='word_1_432' title='bbox 2106 2733 2265 2776; x_wconf 88' lang='lat' dir='ltr'><strong>natus</strong></span> <span class='ocrx_word' id='word_1_433' title='bbox 2319 2728 2403 2776; x_wconf 87' lang='lat' dir='ltr'><strong>est</strong></span> <span class='ocrx_word' id='word_1_434' title='bbox 2441 2735 2456 2773; x_wconf 90' lang='lat'><strong>:</strong></span> <span class='ocrx_word' id='word_1_435' title='bbox 2508 2720 2632 2786; x_wconf 87' lang='lat' dir='ltr'><strong>hoc,</strong></span> <span class='ocrx_word' id='word_1_436' title='bbox 2675 2723 2851 2776; x_wconf 87' lang='lat' dir='ltr'><strong>datus.</strong></span> <span class='ocrx_word' id='word_1_437' title='bbox 2882 2718 3042 2784; x_wconf 91' lang='lat' dir='ltr'><strong>Illud,</strong></span> <span class='ocrx_word' id='word_1_438' title='bbox 3097 2734 3164 2774; x_wconf 90' lang='lat' dir='ltr'><strong>eo</strong></span> <span class='ocrx_word' id='word_1_439' title='bbox 3198 2720 3342 2789; x_wconf 90' lang='lat' dir='ltr'><strong>quod</strong></span> <span class='ocrx_word' id='word_1_440' title='bbox 3377 2729 3462 2773; x_wconf 91' lang='lat' dir='ltr'><strong>est</strong></span> <span class='ocrx_word' id='word_1_441' title='bbox 3506 2717 3682 2773; x_wconf 90' lang='lat' dir='ltr'><strong>oculis</strong></span> 
     </span>
    </p>
   </div>
   <div class='ocr_carea' id='block_1_58' title="bbox 2106 2811 3435 2883">
    <p class='ocr_par' dir='ltr' id='par_1_58' title="bbox 2106 2811 3435 2883">
     <span class='ocr_line' id='line_1_58' title="bbox 2106 2811 3435 2883; baseline -0.005 -14"><span class='ocrx_word' id='word_1_442' title='bbox 2106 2814 2436 2883; x_wconf 89' lang='lat' dir='ltr'><strong>subjectum:</strong></span> <span class='ocrx_word' id='word_1_443' title='bbox 2483 2815 2605 2877; x_wconf 89' lang='lat' dir='ltr'><strong>hoc,</strong></span> <span class='ocrx_word' id='word_1_444' title='bbox 2640 2827 2706 2867; x_wconf 88' lang='lat' dir='ltr'><strong>eo</strong></span> <span class='ocrx_word' id='word_1_445' title='bbox 2736 2811 2879 2882; x_wconf 89' lang='lat' dir='ltr'><strong>quod</strong></span> <span class='ocrx_word' id='word_1_446' title='bbox 2920 2823 3100 2867; x_wconf 88' lang='lat' dir='ltr'><strong>mente</strong></span> <span class='ocrx_word' id='word_1_447' title='bbox 3124 2811 3435 2881; x_wconf 87' lang='lat' dir='ltr'><strong>percipitur.</strong></span> 
     </span>
    </p>
   </div>
   <div class='ocr_carea' id='block_1_59' title="bbox 2184 2924 3687 2982">
    <p class='ocr_par' dir='ltr' id='par_1_59' title="bbox 2184 2924 3687 2982">
     <span class='ocr_line' id='line_1_59' title="bbox 2184 2924 3687 2982; baseline -0.004 0"><span class='ocrx_word' id='word_1_448' title='bbox 2184 2926 2295 2982; x_wconf 80' lang='lat' dir='ltr'><strong>VII.</strong></span> <span class='ocrx_word' id='word_1_449' title='bbox 2338 2926 2464 2982; x_wconf 78' lang='lat' dir='ltr'><strong>Haec</strong></span> <span class='ocrx_word' id='word_1_450' title='bbox 2514 2929 2684 2981; x_wconf 83' lang='lat' dir='ltr'><strong>Annae</strong></span> <span class='ocrx_word' id='word_1_451' title='bbox 2742 2925 3036 2981; x_wconf 84' lang='lat' dir='ltr'><strong>vaticinia:</strong></span> <span class='ocrx_word' id='word_1_452' title='bbox 3066 2926 3181 2980; x_wconf 67' lang='lat' dir='ltr'><strong>haec</strong></span> <span class='ocrx_word' id='word_1_453' title='bbox 3233 2924 3474 2980; x_wconf 87' lang='lat' dir='ltr'><strong>mulieris</strong></span> <span class='ocrx_word' id='word_1_454' title='bbox 3521 2924 3687 2979; x_wconf 84' lang='lat' dir='ltr'><strong>verba</strong></span> 
     </span>
    </p>
   </div>
   <div class='ocr_carea' id='block_1_60' title="bbox 2105 3015 3682 3090">
    <p class='ocr_par' dir='ltr' id='par_1_60' title="bbox 2105 3015 3682 3090">
     <span class='ocr_line' id='line_1_60' title="bbox 2105 3015 3682 3090; baseline -0.004 -16"><span class='ocrx_word' id='word_1_455' title='bbox 2105 3020 2345 3089; x_wconf 82' lang='lat' dir='ltr'><strong>Optima;</strong></span> <span class='ocrx_word' id='word_1_456' title='bbox 2374 3019 2490 3074; x_wconf 66' lang='lat' dir='ltr'><strong>haec</strong></span> <span class='ocrx_word' id='word_1_457' title='bbox 2519 3019 2778 3090; x_wconf 64' lang='lat' dir='ltr'><strong>praeclara</strong></span> <span class='ocrx_word' id='word_1_458' title='bbox 2811 3019 2987 3073; x_wconf 67' lang='lat' dir='ltr'><strong>viduae</strong></span> <span class='ocrx_word' id='word_1_459' title='bbox 3021 3027 3212 3088; x_wconf 85' lang='lat' dir='ltr'><strong>gesta;</strong></span> <span class='ocrx_word' id='word_1_460' title='bbox 3263 3017 3403 3085; x_wconf 88' lang='lat' dir='ltr'><strong>ejus,</strong></span> <span class='ocrx_word' id='word_1_461' title='bbox 3438 3015 3682 3086; x_wconf 86' lang='lat' dir='ltr'><strong>inquam,</strong></span> 
     </span>
    </p>
   </div>
   <div class='ocr_carea' id='block_1_61' title="bbox 2107 3106 3674 3179">
    <p class='ocr_par' dir='ltr' id='par_1_61' title="bbox 2107 3106 3674 3179">
     <span class='ocr_line' id='line_1_61' title="bbox 2107 3106 3674 3179; baseline 0.001 -18"><span class='ocrx_word' id='word_1_462' title='bbox 2107 3125 2226 3179; x_wconf 65' lang='lat' dir='ltr'><strong>quae</strong></span> <span class='ocrx_word' id='word_1_463' title='bbox 2251 3125 2379 3165; x_wconf 89' lang='lat' dir='ltr'><strong>vere</strong></span> <span class='ocrx_word' id='word_1_464' title='bbox 2417 3109 2578 3165; x_wconf 86' lang='lat' dir='ltr'><strong>vidua</strong></span> <span class='ocrx_word' id='word_1_465' title='bbox 2617 3109 2739 3177; x_wconf 76' lang='lat' dir='ltr'><strong>fuit,</strong></span> <span class='ocrx_word' id='word_1_466' title='bbox 2776 3124 2896 3179; x_wconf 65' lang='lat' dir='ltr'><strong>qua:</strong></span> <span class='ocrx_word' id='word_1_467' title='bbox 2917 3108 3082 3162; x_wconf 90' lang='lat' dir='ltr'><strong>vitam</strong></span> <span class='ocrx_word' id='word_1_468' title='bbox 3116 3109 3253 3163; x_wconf 90' lang='lat' dir='ltr'><strong>bene</strong></span> <span class='ocrx_word' id='word_1_469' title='bbox 3279 3106 3631 3161; x_wconf 87' lang='lat' dir='ltr'><strong>commutavit</strong></span> <span class='ocrx_word' id='word_1_470' title='bbox 3659 3128 3674 3162; x_wconf 89' lang='lat'><strong>:</strong></span> 
     </span>
    </p>
   </div>
   <div class='ocr_carea' id='block_1_62' title="bbox 417 3193 2001 3269">
    <p class='ocr_par' dir='ltr' id='par_1_62' title="bbox 417 3193 2001 3267">
     <span class='ocr_line' id='line_1_62' title="bbox 417 3193 2001 3267; baseline -0.002 -18"><span class='ocrx_word' id='word_1_471' title='bbox 417 3196 835 3266; x_wconf 67' lang='grc' dir='ltr'>ἀπαλλαξάσης</span> <span class='ocrx_word' id='word_1_472' title='bbox 861 3196 992 3266; x_wconf 79' lang='grc'><strong>(55)’</strong></span> <span class='ocrx_word' id='word_1_473' title='bbox 1022 3196 1121 3266; x_wconf 82' lang='grc' dir='ltr'><strong>τῆς</strong></span> <span class='ocrx_word' id='word_1_474' title='bbox 1143 3199 1234 3249; x_wconf 86' lang='grc' dir='ltr'>τὸν</span> <span class='ocrx_word' id='word_1_475' title='bbox 1258 3196 1425 3265; x_wconf 80' lang='grc' dir='ltr'>ἄνδρα</span> <span class='ocrx_word' id='word_1_476' title='bbox 1448 3194 1874 3267; x_wconf 75' lang='grc' dir='ltr'>προπεμψάσης,</span> <span class='ocrx_word' id='word_1_477' title='bbox 1907 3193 2001 3247; x_wconf 69' lang='grc' dir='ltr'>καὶ</span> 
     </span>
    </p>
   </div>
   <div class='ocr_carea' id='block_1_63' title="bbox 2103 3193 3686 3269">
    <p class='ocr_par' dir='ltr' id='par_1_63' title="bbox 2107 3193 3686 3267">
     <span class='ocr_line' id='line_1_63' title="bbox 2107 3193 3686 3267; baseline 0 -16"><span class='ocrx_word' id='word_1_478' title='bbox 2107 3213 2227 3267; x_wconf 71' lang='lat' dir='ltr'><strong>qua:</strong></span> <span class='ocrx_word' id='word_1_479' title='bbox 2272 3197 2450 3251; x_wconf 86' lang='lat' dir='ltr'><strong>virum</strong></span> <span class='ocrx_word' id='word_1_480' title='bbox 2494 3197 2775 3266; x_wconf 69' lang='lat' dir='ltr'><strong>praamisit,</strong></span> <span class='ocrx_word' id='word_1_481' title='bbox 2829 3208 2885 3252; x_wconf 90' lang='lat' dir='ltr'><strong>et</strong></span> <span class='ocrx_word' id='word_1_482' title='bbox 2934 3196 3220 3251; x_wconf 88' lang='lat' dir='ltr'><strong>Dominum</strong></span> <span class='ocrx_word' id='word_1_483' title='bbox 3275 3193 3686 3266; x_wconf 79' lang='lat' dir='ltr'><strong>suscepit.,Una</strong></span> 
     </span>
    </p>
   </div>
   <div class='ocr_carea' id='block_1_64' title="bbox 420 3284 2002 3359">
    <p class='ocr_par' dir='ltr' id='par_1_64' title="bbox 420 3284 2002 3359">
     <span class='ocr_line' id='line_1_64' title="bbox 420 3284 2002 3359; baseline 0.001 -21"><span class='ocrx_word' id='word_1_484' title='bbox 420 3288 515 3339; x_wconf 76' lang='grc' dir='ltr'>τὸν</span> <span class='ocrx_word' id='word_1_485' title='bbox 541 3287 748 3359; x_wconf 77' lang='grc' dir='ltr'>Κύριον</span> <span class='ocrx_word' id='word_1_486' title='bbox 778 3286 1202 3357; x_wconf 77' lang='grc' dir='ltr'>ὑποδεξαμένης.</span> <span class='ocrx_word' id='word_1_487' title='bbox 1244 3286 1417 3339; x_wconf 80' lang='grc' dir='ltr'>Ἑπτά</span> <span class='ocrx_word' id='word_1_488' title='bbox 1448 3285 1541 3357; x_wconf 79' lang='grc' dir='ltr'><strong>ἐτη</strong></span> <span class='ocrx_word' id='word_1_489' title='bbox 1574 3284 1654 3356; x_wconf 83' lang='grc' dir='ltr'>τῷ</span> <span class='ocrx_word' id='word_1_490' title='bbox 1682 3285 1837 3357; x_wconf 77' lang='grc' dir='ltr'>άνδρὶ</span> <span class='ocrx_word' id='word_1_491' title='bbox 1876 3302 2002 3339; x_wconf 81' lang='grc' dir='ltr'>συν·</span> 
     </span>
    </p>
   </div>
   <div class='ocr_carea' id='block_1_65' title="bbox 420 3378 2003 3451">
    <p class='ocr_par' dir='ltr' id='par_1_65' title="bbox 420 3378 2003 3451">
     <span class='ocr_line' id='line_1_65' title="bbox 420 3378 2003 3451; baseline 0 -19"><span class='ocrx_word' id='word_1_492' title='bbox 420 3378 621 3451; x_wconf 65' lang='grc' dir='ltr'>ἔζησεν</span> <span class='ocrx_word' id='word_1_493' title='bbox 682 3379 790 3432; x_wconf 81' lang='grc' dir='ltr'><strong>ἀπὸ</strong></span> <span class='ocrx_word' id='word_1_494' title='bbox 832 3378 930 3448; x_wconf 85' lang='grc' dir='ltr'>τῆς</span> <span class='ocrx_word' id='word_1_495' title='bbox 975 3378 1268 3450; x_wconf 77' lang='grc' dir='ltr'>παρθενίας</span> <span class='ocrx_word' id='word_1_496' title='bbox 1315 3378 1503 3450; x_wconf 79' lang='grc' dir='ltr'>αὐτῆς,</span> <span class='ocrx_word' id='word_1_497' title='bbox 1551 3378 1689 3432; x_wconf 75' lang='grc' dir='ltr'>ἐτῶν</span> <span class='ocrx_word' id='word_1_498' title='bbox 1734 3378 2003 3449; x_wconf 80' lang='grc' dir='ltr'>ἑϐδομάδα</span> 
     </span>
    </p>
   </div>
   <div class='ocr_carea' id='block_1_66' title="bbox 421 3469 2003 3543">
    <p class='ocr_par' dir='ltr' id='par_1_66' title="bbox 421 3469 2003 3543">
     <span class='ocr_line' id='line_1_66' title="bbox 421 3469 2003 3543; baseline 0.001 -20"><span class='ocrx_word' id='word_1_499' title='bbox 421 3469 785 3543; x_wconf 77' lang='grc' dir='ltr'>πληρώσασα.</span> <span class='ocrx_word' id='word_1_500' title='bbox 823 3470 918 3524; x_wconf 81' lang='grc' dir='ltr'>καὶ</span> <span class='ocrx_word' id='word_1_501' title='bbox 965 3470 1023 3523; x_wconf 83' lang='grc' dir='ltr'>ὲν</span> <span class='ocrx_word' id='word_1_502' title='bbox 1050 3469 1129 3541; x_wconf 85' lang='grc' dir='ltr'>τῷ</span> <span class='ocrx_word' id='word_1_503' title='bbox 1162 3469 1374 3540; x_wconf 74' lang='grc' dir='ltr'>ἑϐδόμῳ</span> <span class='ocrx_word' id='word_1_504' title='bbox 1427 3469 1538 3523; x_wconf 72' lang='grc' dir='ltr'>ἔτει</span> <span class='ocrx_word' id='word_1_505' title='bbox 1585 3471 1687 3541; x_wconf 87' lang='grc' dir='ltr'>τὴν</span> <span class='ocrx_word' id='word_1_506' title='bbox 1736 3470 2003 3543; x_wconf 81' lang='grc' dir='ltr'>ἀνδρικὴν</span> 
     </span>
    </p>
   </div>
   <div class='ocr_carea' id='block_1_67' title="bbox 416 3561 2003 3634">
    <p class='ocr_par' dir='ltr' id='par_1_67' title="bbox 416 3561 2003 3634">
     <span class='ocr_line' id='line_1_67' title="bbox 416 3561 2003 3634; baseline -0.002 -15"><span class='ocrx_word' id='word_1_507' title='bbox 416 3563 639 3633; x_wconf 74' lang='grc' dir='ltr'>ὁμιλίαν</span> <span class='ocrx_word' id='word_1_508' title='bbox 686 3563 1110 3618; x_wconf 80' lang='grc' dir='ltr'>καταπαύσασα.</span> <span class='ocrx_word' id='word_1_509' title='bbox 1155 3561 1351 3626; x_wconf 82' lang='grc' dir='ltr'>Καλῶς</span> <span class='ocrx_word' id='word_1_510' title='bbox 1393 3561 1787 3634; x_wconf 77' lang='grc' dir='ltr'>ἐϐδοματίσθη·</span> <span class='ocrx_word' id='word_1_511' title='bbox 1822 3562 2003 3629; x_wconf 81' lang='grc' dir='ltr'>καλῶς</span> 
     </span>
    </p>
   </div>
   <div class='ocr_carea' id='block_1_68' title="bbox 422 3653 2003 3726">
    <p class='ocr_par' dir='ltr' id='par_1_68' title="bbox 422 3653 2003 3726">
     <span class='ocr_line' id='line_1_68' title="bbox 422 3653 2003 3726; baseline 0 -17"><span class='ocrx_word' id='word_1_512' title='bbox 422 3654 781 3709; x_wconf 72' lang='grc' dir='ltr'>ὲσαϐὀάτισε·</span> <span class='ocrx_word' id='word_1_513' title='bbox 818 3653 995 3717; x_wconf 83' lang='grc' dir='ltr'>καλῶς</span> <span class='ocrx_word' id='word_1_514' title='bbox 1028 3655 1128 3725; x_wconf 76' lang='grc' dir='ltr'>τὴν</span> <span class='ocrx_word' id='word_1_515' title='bbox 1163 3653 1447 3726; x_wconf 75' lang='grc' dir='ltr'>Κυριακὴν</span> <span class='ocrx_word' id='word_1_516' title='bbox 1477 3655 1575 3726; x_wconf 82' lang='grc' dir='ltr'><strong>τῆς</strong></span> <span class='ocrx_word' id='word_1_517' title='bbox 1618 3655 1839 3726; x_wconf 85' lang='grc' dir='ltr'>χάριτος</span> <span class='ocrx_word' id='word_1_518' title='bbox 1867 3671 2003 3709; x_wconf 88' lang='grc' dir='ltr'>κατ-</span> 
     </span>
    </p>
   </div>
   <div class='ocr_carea' id='block_1_69' title="bbox 422 3742 2005 3816">
    <p class='ocr_par' dir='ltr' id='par_1_69' title="bbox 422 3742 2005 3816">
     <span class='ocr_line' id='line_1_69' title="bbox 422 3742 2005 3816; baseline -0.001 -17"><span class='ocrx_word' id='word_1_519' title='bbox 422 3745 585 3800; x_wconf 72' lang='grc' dir='ltr'><strong>έλαῦε</strong></span> <span class='ocrx_word' id='word_1_520' title='bbox 614 3746 728 3816; x_wconf 69' lang='grc'><strong>(54)</strong></span> <span class='ocrx_word' id='word_1_521' title='bbox 747 3762 761 3774; x_wconf 92' lang='grc'><strong>·</strong></span> <span class='ocrx_word' id='word_1_522' title='bbox 806 3745 1065 3816; x_wconf 82' lang='grc' dir='ltr'>τρυγόνος</span> <span class='ocrx_word' id='word_1_523' title='bbox 1095 3743 1249 3808; x_wconf 78' lang='grc' dir='ltr'>τάξιν</span> <span class='ocrx_word' id='word_1_524' title='bbox 1290 3745 1324 3814; x_wconf 85' lang='grc' dir='ltr'><strong>ἡ</strong></span> <span class='ocrx_word' id='word_1_525' title='bbox 1358 3745 1527 3796; x_wconf 80' lang='grc' dir='ltr'>Ἀννα</span> <span class='ocrx_word' id='word_1_526' title='bbox 1576 3742 1859 3814; x_wconf 85' lang='grc' dir='ltr'>μετῆλθεν.</span> <span class='ocrx_word' id='word_1_527' title='bbox 1890 3744 2005 3798; x_wconf 82' lang='grc' dir='ltr'>Οὐκ</span> 
     </span>
    </p>
   </div>
   <div class='ocr_carea' id='block_1_70' title="bbox 419 3834 2006 3909">
    <p class='ocr_par' dir='ltr' id='par_1_70' title="bbox 419 3834 2006 3909">
     <span class='ocr_line' id='line_1_70' title="bbox 419 3834 2006 3909; baseline -0.003 -17"><span class='ocrx_word' id='word_1_528' title='bbox 419 3838 719 3909; x_wconf 67' lang='grc' dir='ltr'>ἐποιήσατο</span> <span class='ocrx_word' id='word_1_529' title='bbox 748 3835 916 3909; x_wconf 75' lang='grc' dir='ltr'>λήθην</span> <span class='ocrx_word' id='word_1_530' title='bbox 944 3834 1039 3891; x_wconf 80' lang='grc' dir='ltr'>τοῦ</span> <span class='ocrx_word' id='word_1_531' title='bbox 1064 3836 1298 3906; x_wconf 76' lang='grc' dir='ltr'>συζύγου</span> <span class='ocrx_word' id='word_1_532' title='bbox 1319 3852 1332 3864; x_wconf 91' lang='grc'>·</span> <span class='ocrx_word' id='word_1_533' title='bbox 1357 3835 1457 3889; x_wconf 81' lang='grc' dir='ltr'>οὐκ</span> <span class='ocrx_word' id='word_1_534' title='bbox 1483 3834 1714 3906; x_wconf 80' lang='grc' dir='ltr'>ὴθέτησε</span> <span class='ocrx_word' id='word_1_535' title='bbox 1740 3835 1837 3906; x_wconf 80' lang='grc' dir='ltr'>τὴν</span> <span class='ocrx_word' id='word_1_536' title='bbox 1863 3834 2006 3905; x_wconf 80' lang='grc' dir='ltr'>πρώ-</span> 
     </span>
    </p>
   </div>
   <div class='ocr_carea' id='block_1_71' title="bbox 418 3925 2005 4000">
    <p class='ocr_par' dir='ltr' id='par_1_71' title="bbox 418 3925 2005 4000">
     <span class='ocr_line' id='line_1_71' title="bbox 418 3925 2005 4000; baseline -0.001 -19"><span class='ocrx_word' id='word_1_537' title='bbox 418 3947 523 4000; x_wconf 78' lang='grc' dir='ltr'><strong>την</strong></span> <span class='ocrx_word' id='word_1_538' title='bbox 554 3929 771 3981; x_wconf 86' lang='grc' dir='ltr'>πίστιν·</span> <span class='ocrx_word' id='word_1_539' title='bbox 812 3928 913 3981; x_wconf 84' lang='grc' dir='ltr'>οὐκ</span> <span class='ocrx_word' id='word_1_540' title='bbox 960 3928 1233 3999; x_wconf 82' lang='grc' dir='ltr'>ἀνήγαγεν</span> <span class='ocrx_word' id='word_1_541' title='bbox 1276 3926 1541 3999; x_wconf 78' lang='grc' dir='ltr'>ὑϐριστὴν</span> <span class='ocrx_word' id='word_1_542' title='bbox 1585 3929 1649 3997; x_wconf 77' lang='grc' dir='ltr'>τῇ</span> <span class='ocrx_word' id='word_1_543' title='bbox 1680 3925 1868 3997; x_wconf 85' lang='grc' dir='ltr'>κλίνῃ·</span> <span class='ocrx_word' id='word_1_544' title='bbox 1904 3926 2005 3979; x_wconf 86' lang='grc' dir='ltr'>οὐκ</span> 
     </span>
    </p>
   </div>
   <div class='ocr_carea' id='block_1_72' title="bbox 421 4011 2004 4091">
    <p class='ocr_par' dir='ltr' id='par_1_72' title="bbox 421 4011 2004 4091">
     <span class='ocr_line' id='line_1_72' title="bbox 421 4011 2004 4091; baseline -0.003 -19"><span class='ocrx_word' id='word_1_545' title='bbox 421 4020 695 4091; x_wconf 73' lang='grc' dir='ltr'>ἐπέθηκεν</span> <span class='ocrx_word' id='word_1_546' title='bbox 734 4018 877 4089; x_wconf 74' lang='grc' dir='ltr'>ἄλλῳ</span> <span class='ocrx_word' id='word_1_547' title='bbox 920 4018 983 4073; x_wconf 80' lang='grc' dir='ltr'>τὸ</span> <span class='ocrx_word' id='word_1_548' title='bbox 1025 4019 1123 4089; x_wconf 82' lang='grc' dir='ltr'><strong>τῆς</strong></span> <span class='ocrx_word' id='word_1_549' title='bbox 1164 4016 1500 4090; x_wconf 87' lang='grc' dir='ltr'>μονογαμίας</span> <span class='ocrx_word' id='word_1_550' title='bbox 1539 4015 1716 4083; x_wconf 79' lang='grc' dir='ltr'>ξύλον.</span> <span class='ocrx_word' id='word_1_551' title='bbox 1746 4011 1906 4086; x_wconf 77' lang='grc' dir='ltr'>Εἷχεν</span> <span class='ocrx_word' id='word_1_552' title='bbox 1945 4018 2004 4068; x_wconf 83' lang='grc' dir='ltr'>ὲν</span> 
     </span>
    </p>
   </div>
   <div class='ocr_carea' id='block_1_73' title="bbox 422 4105 2004 4183">
    <p class='ocr_par' dir='ltr' id='par_1_73' title="bbox 422 4105 2004 4183">
     <span class='ocr_line' id='line_1_73' title="bbox 422 4105 2004 4183; baseline -0.003 -20"><span class='ocrx_word' id='word_1_553' title='bbox 422 4114 491 4183; x_wconf 73' lang='grc' dir='ltr'><strong>τῇ</strong></span> <span class='ocrx_word' id='word_1_554' title='bbox 521 4111 702 4183; x_wconf 76' lang='grc' dir='ltr'>κλίνῃ,</span> <span class='ocrx_word' id='word_1_555' title='bbox 746 4114 811 4182; x_wconf 75' lang='grc' dir='ltr'><strong>τῇ</strong></span> <span class='ocrx_word' id='word_1_556' title='bbox 849 4111 1057 4182; x_wconf 76' lang='grc' dir='ltr'>μνήμῃ,</span> <span class='ocrx_word' id='word_1_557' title='bbox 1097 4109 1185 4173; x_wconf 63' lang='grc' dir='ltr'><strong>ὡς</strong></span> <span class='ocrx_word' id='word_1_558' title='bbox 1215 4108 1392 4174; x_wconf 80' lang='grc' dir='ltr'>ζῶντα</span> <span class='ocrx_word' id='word_1_559' title='bbox 1430 4108 1521 4162; x_wconf 76' lang='grc' dir='ltr'>τὸν</span> <span class='ocrx_word' id='word_1_560' title='bbox 1554 4106 1825 4161; x_wconf 83' lang='grc' dir='ltr'>τεθνεῶτα</span> <span class='ocrx_word' id='word_1_561' title='bbox 1849 4122 1862 4135; x_wconf 90' lang='grc'><strong>·</strong></span> <span class='ocrx_word' id='word_1_562' title='bbox 1903 4105 2004 4159; x_wconf 80' lang='grc' dir='ltr'>οὐκ</span> 
     </span>
    </p>
   </div>
   <div class='ocr_carea' id='block_1_74' title="bbox 416 4194 2004 4273">
    <p class='ocr_par' dir='ltr' id='par_1_74' title="bbox 416 4194 2004 4273">
     <span class='ocr_line' id='line_1_74' title="bbox 416 4194 2004 4273; baseline -0.004 -18"><span class='ocrx_word' id='word_1_563' title='bbox 416 4201 678 4273; x_wconf 77' lang='grc' dir='ltr'>ὲρύπωσε</span> <span class='ocrx_word' id='word_1_564' title='bbox 721 4201 817 4272; x_wconf 81' lang='grc' dir='ltr'>τὴν</span> <span class='ocrx_word' id='word_1_565' title='bbox 855 4200 1134 4270; x_wconf 80' lang='grc' dir='ltr'>νυμφικὴν</span> <span class='ocrx_word' id='word_1_566' title='bbox 1160 4198 1391 4253; x_wconf 89' lang='grc' dir='ltr'>σινδόνα.</span> <span class='ocrx_word' id='word_1_567' title='bbox 1437 4198 1550 4268; x_wconf 83' lang='grc' dir='ltr'><strong>Οὐχ</strong></span> <span class='ocrx_word' id='word_1_568' title='bbox 1596 4195 1775 4268; x_wconf 75' lang='grc' dir='ltr'>ἥψατο</span> <span class='ocrx_word' id='word_1_569' title='bbox 1801 4194 1938 4267; x_wconf 85' lang='grc' dir='ltr'>αὐτῇ</span> <span class='ocrx_word' id='word_1_570' title='bbox 1974 4196 2004 4248; x_wconf 84' lang='grc' dir='ltr'>ὁ</span> 
     </span>
    </p>
   </div>
   <div class='ocr_carea' id='block_1_75' title="bbox 419 4286 2005 4362">
    <p class='ocr_par' dir='ltr' id='par_1_75' title="bbox 419 4286 2005 4362">
     <span class='ocr_line' id='line_1_75' title="bbox 419 4286 2005 4362; baseline -0.003 -17"><span class='ocrx_word' id='word_1_571' title='bbox 419 4292 649 4362; x_wconf 72' lang='grc' dir='ltr'>ἐλεγχος</span> <span class='ocrx_word' id='word_1_572' title='bbox 690 4291 899 4345; x_wconf 83' lang='grc' dir='ltr'>Παύλου</span> <span class='ocrx_word' id='word_1_573' title='bbox 923 4291 1172 4359; x_wconf 77' lang='grc' dir='ltr'>λέγοντος</span> <span class='ocrx_word' id='word_1_574' title='bbox 1197 4308 1211 4321; x_wconf 88' lang='grc'><strong>·</strong></span> <span class='ocrx_word' id='word_1_575' title='bbox 1244 4290 1423 4343; x_wconf 78' lang='grc' dir='ltr'>Ὅταν</span> <span class='ocrx_word' id='word_1_576' title='bbox 1462 4288 1536 4342; x_wconf 78' lang='grc' dir='ltr'>δὲ</span> <span class='ocrx_word' id='word_1_577' title='bbox 1569 4286 2005 4356; x_wconf 80' lang='grc' dir='ltr'>καταστρηνιά-</span> 
     </span>
    </p>
   </div>
   <div class='ocr_carea' id='block_1_76' title="bbox 418 4378 2003 4452">
    <p class='ocr_par' dir='ltr' id='par_1_76' title="bbox 418 4378 2003 4452">
     <span class='ocr_line' id='line_1_76' title="bbox 418 4378 2003 4452; baseline -0.004 -14"><span class='ocrx_word' id='word_1_578' title='bbox 418 4400 587 4438; x_wconf 85' lang='grc' dir='ltr'>σωσι</span> <span class='ocrx_word' id='word_1_579' title='bbox 614 4382 724 4437; x_wconf 82' lang='grc' dir='ltr'>τοῦ</span> <span class='ocrx_word' id='word_1_580' title='bbox 747 4383 1025 4452; x_wconf 81' lang='grc' dir='ltr'>Χριστοῦ,</span> <span class='ocrx_word' id='word_1_581' title='bbox 1054 4380 1262 4452; x_wconf 56' lang='grc' dir='ltr'>γαμεῖν</span> <span class='ocrx_word' id='word_1_582' title='bbox 1303 4380 1568 4446; x_wconf 78' lang='grc' dir='ltr'>θέλουσι,</span> <span class='ocrx_word' id='word_1_583' title='bbox 1599 4380 1852 4450; x_wconf 75' lang='grc' dir='ltr'>ἔχουσαι</span> <span class='ocrx_word' id='word_1_584' title='bbox 1879 4378 2003 4448; x_wconf 80' lang='grc' dir='ltr'>κρῖ-</span> 
     </span>
    </p>
   </div>
   <div class='ocr_carea' id='block_1_77' title="bbox 417 4471 2003 4546">
    <p class='ocr_par' dir='ltr' id='par_1_77' title="bbox 417 4471 2003 4546">
     <span class='ocr_line' id='line_1_77' title="bbox 417 4471 2003 4546; baseline -0.001 -19"><span class='ocrx_word' id='word_1_585' title='bbox 417 4491 525 4546; x_wconf 75' lang='grc' dir='ltr'><strong>μα,</strong></span> <span class='ocrx_word' id='word_1_586' title='bbox 585 4473 675 4527; x_wconf 83' lang='grc' dir='ltr'>ὅτι</span> <span class='ocrx_word' id='word_1_587' title='bbox 727 4473 839 4541; x_wconf 78' lang='grc' dir='ltr'><strong>τὴν</strong></span> <span class='ocrx_word' id='word_1_588' title='bbox 869 4472 1108 4542; x_wconf 72' lang='grc' dir='ltr'>πρώτην</span> <span class='ocrx_word' id='word_1_589' title='bbox 1158 4473 1368 4527; x_wconf 79' lang='grc' dir='ltr'>πίστιν</span> <span class='ocrx_word' id='word_1_590' title='bbox 1426 4471 1750 4541; x_wconf 79' lang='grc' dir='ltr'>ἠθέτησαν.</span> <span class='ocrx_word' id='word_1_591' title='bbox 1792 4474 2003 4536; x_wconf 83' lang='grc' dir='ltr'>Ὄντως</span> 
     </span>
    </p>
   </div>
   <div class='ocr_carea' id='block_1_78' title="bbox 2104 3287 3688 3357">
    <p class='ocr_par' dir='ltr' id='par_1_78' title="bbox 2104 3287 3688 3357">
     <span class='ocr_line' id='line_1_78' title="bbox 2104 3287 3688 3357; baseline -0.001 -14"><span class='ocrx_word' id='word_1_592' title='bbox 2104 3304 2228 3343; x_wconf 90' lang='lat' dir='ltr'><strong>cum</strong></span> <span class='ocrx_word' id='word_1_593' title='bbox 2279 3289 2397 3341; x_wconf 90' lang='lat' dir='ltr'><strong>viro</strong></span> <span class='ocrx_word' id='word_1_594' title='bbox 2438 3302 2610 3342; x_wconf 89' lang='lat' dir='ltr'><strong>annos</strong></span> <span class='ocrx_word' id='word_1_595' title='bbox 2656 3297 2864 3357; x_wconf 87' lang='lat' dir='ltr'><strong>septem</strong></span> <span class='ocrx_word' id='word_1_596' title='bbox 2891 3287 2959 3354; x_wconf 73' lang='grc' dir='ltr'>η,</span> <span class='ocrx_word' id='word_1_597' title='bbox 2993 3287 3216 3356; x_wconf 86' lang='lat' dir='ltr'><strong>impleta</strong></span> <span class='ocrx_word' id='word_1_598' title='bbox 3247 3302 3512 3341; x_wconf 82' lang='lat' dir='ltr'><strong>annorum</strong></span> <span class='ocrx_word' id='word_1_599' title='bbox 3552 3288 3688 3343; x_wconf 89' lang='lat' dir='ltr'><strong>heb-</strong></span> 
     </span>
    </p>
   </div>
   <div class='ocr_carea' id='block_1_79' title="bbox 2106 3378 3687 3449">
    <p class='ocr_par' dir='ltr' id='par_1_79' title="bbox 2106 3378 3687 3449">
     <span class='ocr_line' id='line_1_79' title="bbox 2106 3378 3687 3449; baseline 0.001 -15"><span class='ocrx_word' id='word_1_600' title='bbox 2106 3380 2359 3441; x_wconf 85' lang='lat' dir='ltr'><strong>domada,</strong></span> <span class='ocrx_word' id='word_1_601' title='bbox 2393 3394 2423 3432; x_wconf 87' lang='lat' dir='ltr'><strong>a</strong></span> <span class='ocrx_word' id='word_1_602' title='bbox 2450 3393 2547 3433; x_wconf 84' lang='lat' dir='ltr'><strong>sua</strong></span> <span class='ocrx_word' id='word_1_603' title='bbox 2588 3379 2900 3449; x_wconf 76' lang='lat' dir='ltr'><strong>virginitate</strong></span> <span class='ocrx_word' id='word_1_604' title='bbox 2943 3378 3111 3441; x_wconf 83' lang='lat' dir='ltr'><strong>vixit;</strong></span> <span class='ocrx_word' id='word_1_605' title='bbox 3162 3378 3500 3448; x_wconf 76' lang='lat' dir='ltr'><strong>septimoque</strong></span> <span class='ocrx_word' id='word_1_606' title='bbox 3542 3394 3687 3435; x_wconf 90' lang='lat' dir='ltr'><strong>anno</strong></span> 
     </span>
    </p>
   </div>
   <div class='ocr_carea' id='block_1_80' title="bbox 2103 3468 3684 3540">
    <p class='ocr_par' dir='ltr' id='par_1_80' title="bbox 2103 3468 3684 3540">
     <span class='ocr_line' id='line_1_80' title="bbox 2103 3468 3684 3540; baseline 0 -16"><span class='ocrx_word' id='word_1_607' title='bbox 2103 3484 2133 3524; x_wconf 88' lang='lat' dir='ltr'><strong>a</strong></span> <span class='ocrx_word' id='word_1_608' title='bbox 2163 3469 2266 3523; x_wconf 86' lang='lat' dir='ltr'><strong>viri</strong></span> <span class='ocrx_word' id='word_1_609' title='bbox 2315 3468 2707 3524; x_wconf 82' lang='lat' dir='ltr'><strong>consuetudine</strong></span> <span class='ocrx_word' id='word_1_610' title='bbox 2757 3471 3013 3523; x_wconf 89' lang='lat' dir='ltr'><strong>cessavit.</strong></span> <span class='ocrx_word' id='word_1_611' title='bbox 3064 3470 3289 3540; x_wconf 74' lang='lat' dir='ltr'><strong>Egregie</strong></span> <span class='ocrx_word' id='word_1_612' title='bbox 3322 3470 3684 3538; x_wconf 88' lang='lat' dir='ltr'><strong>septimanam</strong></span> 
     </span>
    </p>
   </div>
   <div class='ocr_carea' id='block_1_81' title="bbox 2103 3560 3667 3632">
    <p class='ocr_par' dir='ltr' id='par_1_81' title="bbox 2103 3560 3667 3632">
     <span class='ocr_line' id='line_1_81' title="bbox 2103 3560 3667 3632; baseline 0 -16"><span class='ocrx_word' id='word_1_613' title='bbox 2103 3562 2297 3631; x_wconf 78' lang='lat' dir='ltr'><strong>exegit,</strong></span> <span class='ocrx_word' id='word_1_614' title='bbox 2328 3561 2541 3630; x_wconf 89' lang='lat' dir='ltr'><strong>egregie</strong></span> <span class='ocrx_word' id='word_1_615' title='bbox 2568 3560 2861 3616; x_wconf 89' lang='lat' dir='ltr'><strong>celebravit</strong></span> <span class='ocrx_word' id='word_1_616' title='bbox 2884 3561 3208 3628; x_wconf 83' lang='lat' dir='ltr'><strong>Sabbatum,</strong></span> <span class='ocrx_word' id='word_1_617' title='bbox 3241 3561 3455 3632; x_wconf 86' lang='lat' dir='ltr'><strong>egregie</strong></span> <span class='ocrx_word' id='word_1_618' title='bbox 3486 3560 3667 3617; x_wconf 88' lang='lat' dir='ltr'><strong>Domi-</strong></span> 
     </span>
    </p>
   </div>
   <div class='ocr_carea' id='block_1_82' title="bbox 2104 3652 3686 3724">
    <p class='ocr_par' dir='ltr' id='par_1_82' title="bbox 2104 3652 3686 3724">
     <span class='ocr_line' id='line_1_82' title="bbox 2104 3652 3686 3724; baseline 0.003 -18"><span class='ocrx_word' id='word_1_619' title='bbox 2104 3652 2279 3707; x_wconf 87' lang='lat' dir='ltr'><strong>nicam</strong></span> <span class='ocrx_word' id='word_1_620' title='bbox 2325 3653 2515 3723; x_wconf 72' lang='lat' dir='ltr'><strong>gratia:</strong></span> <span class='ocrx_word' id='word_1_621' title='bbox 2561 3653 2939 3721; x_wconf 87' lang='lat' dir='ltr'><strong>apprehendit.</strong></span> <span class='ocrx_word' id='word_1_622' title='bbox 2989 3652 3250 3707; x_wconf 85' lang='lat' dir='ltr'><strong>Exhibuit</strong></span> <span class='ocrx_word' id='word_1_623' title='bbox 3298 3654 3452 3708; x_wconf 85' lang='lat' dir='ltr'><strong>Anna</strong></span> <span class='ocrx_word' id='word_1_624' title='bbox 3503 3662 3686 3724; x_wconf 89' lang='lat' dir='ltr'><strong>partes</strong></span> 
     </span>
    </p>
   </div>
   <div class='ocr_carea' id='block_1_83' title="bbox 2107 3745 3684 3817">
    <p class='ocr_par' dir='ltr' id='par_1_83' title="bbox 2107 3745 3684 3817">
     <span class='ocr_line' id='line_1_83' title="bbox 2107 3745 3684 3817; baseline 0.003 -19"><span class='ocrx_word' id='word_1_625' title='bbox 2107 3745 2333 3800; x_wconf 84' lang='lat' dir='ltr'><strong>turturis</strong></span> <span class='ocrx_word' id='word_1_626' title='bbox 2353 3785 2369 3811; x_wconf 93' lang='lat'><strong>,</strong></span> <span class='ocrx_word' id='word_1_627' title='bbox 2412 3761 2518 3801; x_wconf 93' lang='lat' dir='ltr'><strong>non</strong></span> <span class='ocrx_word' id='word_1_628' title='bbox 2560 3746 2818 3801; x_wconf 90' lang='lat' dir='ltr'><strong>oblivioni</strong></span> <span class='ocrx_word' id='word_1_629' title='bbox 2849 3747 3075 3803; x_wconf 87' lang='lat' dir='ltr'><strong>tradidit</strong></span> <span class='ocrx_word' id='word_1_630' title='bbox 3096 3746 3378 3817; x_wconf 75' lang='lat' dir='ltr'><strong>coniugem</strong></span> <span class='ocrx_word' id='word_1_631' title='bbox 3409 3765 3422 3800; x_wconf 94' lang='lat'>:</span> <span class='ocrx_word' id='word_1_632' title='bbox 3451 3746 3684 3816; x_wconf 78' lang='lat' dir='ltr'><strong>primam</strong></span> 
     </span>
    </p>
   </div>
   <div class='ocr_carea' id='block_1_84' title="bbox 2105 3832 3679 3906">
    <p class='ocr_par' dir='ltr' id='par_1_84' title="bbox 2105 3832 3679 3906">
     <span class='ocr_line' id='line_1_84' title="bbox 2105 3832 3679 3906; baseline 0.003 -19"><span class='ocrx_word' id='word_1_633' title='bbox 2105 3832 2265 3889; x_wconf 81' lang='lat' dir='ltr'><strong>ﬁdem</strong></span> <span class='ocrx_word' id='word_1_634' title='bbox 2316 3835 2733 3906; x_wconf 81' lang='lat' dir='ltr'><strong>haudquaquam</strong></span> <span class='ocrx_word' id='word_1_635' title='bbox 2774 3837 2981 3891; x_wconf 88' lang='lat' dir='ltr'><strong>irritam</strong></span> <span class='ocrx_word' id='word_1_636' title='bbox 3025 3836 3186 3903; x_wconf 84' lang='lat' dir='ltr'><strong>fecit;</strong></span> <span class='ocrx_word' id='word_1_637' title='bbox 3236 3851 3342 3890; x_wconf 89' lang='lat' dir='ltr'><strong>non</strong></span> <span class='ocrx_word' id='word_1_638' title='bbox 3373 3836 3586 3892; x_wconf 84' lang='lat' dir='ltr'><strong>induxit</strong></span> <span class='ocrx_word' id='word_1_639' title='bbox 3624 3838 3679 3892; x_wconf 89' lang='lat' dir='ltr'><strong>in</strong></span> 
     </span>
    </p>
   </div>
   <div class='ocr_carea' id='block_1_85' title="bbox 2107 3924 3686 3999">
    <p class='ocr_par' dir='ltr' id='par_1_85' title="bbox 2107 3924 3686 3999">
     <span class='ocr_line' id='line_1_85' title="bbox 2107 3924 3686 3999; baseline 0.002 -19"><span class='ocrx_word' id='word_1_640' title='bbox 2107 3924 2311 3992; x_wconf 88' lang='lat' dir='ltr'><strong>cubile,</strong></span> <span class='ocrx_word' id='word_1_641' title='bbox 2357 3926 2449 3996; x_wconf 88' lang='lat' dir='ltr'><strong>qui</strong></span> <span class='ocrx_word' id='word_1_642' title='bbox 2496 3927 2728 3997; x_wconf 90' lang='lat' dir='ltr'><strong>injurius</strong></span> <span class='ocrx_word' id='word_1_643' title='bbox 2762 3929 3026 3996; x_wconf 87' lang='lat' dir='ltr'><strong>violaret;</strong></span> <span class='ocrx_word' id='word_1_644' title='bbox 3062 3929 3192 3983; x_wconf 89' lang='lat' dir='ltr'><strong>nulli</strong></span> <span class='ocrx_word' id='word_1_645' title='bbox 3229 3929 3408 3997; x_wconf 88' lang='lat' dir='ltr'><strong>alteri,</strong></span> <span class='ocrx_word' id='word_1_646' title='bbox 3444 3929 3686 3999; x_wconf 86' lang='lat' dir='ltr'><strong>singula-</strong></span> 
     </span>
    </p>
   </div>
   <div class='ocr_carea' id='block_1_86' title="bbox 2103 4016 3683 4090">
    <p class='ocr_par' dir='ltr' id='par_1_86' title="bbox 2103 4016 3683 4090">
     <span class='ocr_line' id='line_1_86' title="bbox 2103 4016 3683 4090; baseline 0.004 -20"><span class='ocrx_word' id='word_1_647' title='bbox 2103 4016 2181 4071; x_wconf 87' lang='lat' dir='ltr'><strong>ris</strong></span> <span class='ocrx_word' id='word_1_648' title='bbox 2226 4019 2558 4073; x_wconf 85' lang='lat' dir='ltr'><strong>matrimonii</strong></span> <span class='ocrx_word' id='word_1_649' title='bbox 2604 4019 2804 4090; x_wconf 84' lang='lat' dir='ltr'><strong>lignum</strong></span> <span class='ocrx_word' id='word_1_650' title='bbox 2850 4021 3143 4088; x_wconf 90' lang='lat' dir='ltr'><strong>imposuit;</strong></span> <span class='ocrx_word' id='word_1_651' title='bbox 3184 4020 3235 4074; x_wconf 92' lang='lat' dir='ltr'><strong>in</strong></span> <span class='ocrx_word' id='word_1_652' title='bbox 3269 4022 3550 4088; x_wconf 89' lang='lat' dir='ltr'><strong>memoria,</strong></span> <span class='ocrx_word' id='word_1_653' title='bbox 3583 4035 3683 4077; x_wconf 91' lang='lat' dir='ltr'><strong>ceu</strong></span> 
     </span>
    </p>
   </div>
   <div class='ocr_carea' id='block_1_87' title="bbox 2102 4104 3685 4181">
    <p class='ocr_par' dir='ltr' id='par_1_87' title="bbox 2102 4104 3685 4181">
     <span class='ocr_line' id='line_1_87' title="bbox 2102 4104 3685 4181; baseline 0.003 -21"><span class='ocrx_word' id='word_1_654' title='bbox 2102 4104 2267 4174; x_wconf 88' lang='lat' dir='ltr'><strong>lecto,</strong></span> <span class='ocrx_word' id='word_1_655' title='bbox 2299 4107 2634 4175; x_wconf 78' lang='lat' dir='ltr'><strong>defunctum,</strong></span> <span class='ocrx_word' id='word_1_656' title='bbox 2679 4118 2938 4180; x_wconf 91' lang='lat' dir='ltr'><strong>tanquam</strong></span> <span class='ocrx_word' id='word_1_657' title='bbox 2981 4110 3215 4179; x_wconf 86' lang='lat' dir='ltr'><strong>viveret,</strong></span> <span class='ocrx_word' id='word_1_658' title='bbox 3247 4112 3475 4177; x_wconf 88' lang='lat' dir='ltr'><strong>habuit;</strong></span> <span class='ocrx_word' id='word_1_659' title='bbox 3520 4127 3685 4181; x_wconf 89' lang='lat' dir='ltr'><strong>spon-</strong></span> 
     </span>
    </p>
   </div>
   <div class='ocr_carea' id='block_1_88' title="bbox 2104 4196 3685 4273">
    <p class='ocr_par' dir='ltr' id='par_1_88' title="bbox 2104 4196 3685 4273">
     <span class='ocr_line' id='line_1_88' title="bbox 2104 4196 3685 4273; baseline 0.004 -22"><span class='ocrx_word' id='word_1_660' title='bbox 2104 4196 2276 4253; x_wconf 89' lang='lat' dir='ltr'><strong>salem</strong></span> <span class='ocrx_word' id='word_1_661' title='bbox 2305 4200 2589 4255; x_wconf 88' lang='lat' dir='ltr'><strong>sindonem</strong></span> <span class='ocrx_word' id='word_1_662' title='bbox 2632 4216 2737 4256; x_wconf 92' lang='lat' dir='ltr'><strong>non</strong></span> <span class='ocrx_word' id='word_1_663' title='bbox 2771 4203 2981 4271; x_wconf 86' lang='lat' dir='ltr'><strong>polluit.</strong></span> <span class='ocrx_word' id='word_1_664' title='bbox 3030 4202 3145 4258; x_wconf 82' lang='lat' dir='ltr'><strong>Non</strong></span> <span class='ocrx_word' id='word_1_665' title='bbox 3198 4219 3317 4258; x_wconf 91' lang='lat' dir='ltr'><strong>eam</strong></span> <span class='ocrx_word' id='word_1_666' title='bbox 3368 4205 3685 4273; x_wconf 77' lang='lat' dir='ltr'><strong>perstrinxit</strong></span> 
     </span>
    </p>
   </div>
   <div class='ocr_carea' id='block_1_89' title="bbox 2102 4289 3683 4364">
    <p class='ocr_par' dir='ltr' id='par_1_89' title="bbox 2102 4289 3683 4364">
     <span class='ocr_line' id='line_1_89' title="bbox 2102 4289 3683 4364; baseline 0.004 -21"><span class='ocrx_word' id='word_1_667' title='bbox 2102 4289 2254 4345; x_wconf 85' lang='lat' dir='ltr'><strong>Pauli</strong></span> <span class='ocrx_word' id='word_1_668' title='bbox 2298 4291 2858 4363; x_wconf 87' lang='lat' dir='ltr'><strong>reprehensio:Cum</strong></span> <span class='ocrx_word' id='word_1_669' title='bbox 2909 4304 3086 4350; x_wconf 84' lang='lat' dir='ltr'><strong>autem</strong></span> <span class='ocrx_word' id='word_1_670' title='bbox 3135 4296 3422 4349; x_wconf 73' lang='lat' dir='ltr'><strong>luxuriata:</strong></span> <span class='ocrx_word' id='word_1_671' title='bbox 3479 4296 3683 4364; x_wconf 79' lang='lat' dir='ltr'><strong>fuerint</strong></span> 
     </span>
    </p>
   </div>
   <div class='ocr_carea' id='block_1_90' title="bbox 2100 4383 3679 4457">
    <p class='ocr_par' dir='ltr' id='par_1_90' title="bbox 2100 4383 3679 4457">
     <span class='ocr_line' id='line_1_90' title="bbox 2100 4383 3679 4457; baseline 0.005 -21"><span class='ocrx_word' id='word_1_672' title='bbox 2100 4383 2156 4436; x_wconf 89' lang='lat' dir='ltr'><strong>in</strong></span> <span class='ocrx_word' id='word_1_673' title='bbox 2183 4383 2411 4451; x_wconf 76' lang='lat' dir='ltr'><strong>Christo,</strong></span> <span class='ocrx_word' id='word_1_674' title='bbox 2458 4385 2650 4439; x_wconf 84' lang='lat' dir='ltr'><strong>nubere</strong></span> <span class='ocrx_word' id='word_1_675' title='bbox 2696 4385 2913 4451; x_wconf 81' lang='lat' dir='ltr'><strong>volunt;</strong></span> <span class='ocrx_word' id='word_1_676' title='bbox 2970 4388 3217 4441; x_wconf 75' lang='lat' dir='ltr'><strong>[tabentes</strong></span> <span class='ocrx_word' id='word_1_677' title='bbox 3264 4388 3679 4457; x_wconf 84' lang='lat' dir='ltr'><strong>damnationem,</strong></span> 
     </span>
    </p>
   </div>
   <div class='ocr_carea' id='block_1_91' title="bbox 2101 4473 3680 4548">
    <p class='ocr_par' dir='ltr' id='par_1_91' title="bbox 2101 4473 3680 4548">
     <span class='ocr_line' id='line_1_91' title="bbox 2101 4473 3680 4548; baseline 0.006 -22"><span class='ocrx_word' id='word_1_678' title='bbox 2101 4473 2231 4543; x_wconf 81' lang='lat' dir='ltr'><strong>quia</strong></span> <span class='ocrx_word' id='word_1_679' title='bbox 2270 4475 2499 4543; x_wconf 83' lang='lat' dir='ltr'><strong>primam</strong></span> <span class='ocrx_word' id='word_1_680' title='bbox 2549 4475 2706 4538; x_wconf 80' lang='lat' dir='ltr'><strong>ﬁdem</strong></span> <span class='ocrx_word' id='word_1_681' title='bbox 2744 4477 2949 4531; x_wconf 85' lang='lat' dir='ltr'><strong>irritam</strong></span> <span class='ocrx_word' id='word_1_682' title='bbox 2986 4477 3219 4547; x_wconf 75' lang='lat' dir='ltr'><strong>fecerunt</strong></span> <span class='ocrx_word' id='word_1_683' title='bbox 3251 4476 3319 4530; x_wconf 79' lang='grc'><strong>⁷³.</strong></span> <span class='ocrx_word' id='word_1_684' title='bbox 3358 4488 3487 4533; x_wconf 73' lang='lat' dir='ltr'><strong>vere</strong></span> <span class='ocrx_word' id='word_1_685' title='bbox 3519 4479 3680 4548; x_wconf 81' lang='lat' dir='ltr'><strong>digna</strong></span> 
     </span>
    </p>
   </div>
   <div class='ocr_carea' id='block_1_92' title="bbox 416 4551 2001 4640">
    <p class='ocr_par' dir='ltr' id='par_1_92' title="bbox 416 4551 1998 4640">
     <span class='ocr_line' id='line_1_92' title="bbox 416 4551 1998 4640; baseline -0.001 -22"><span class='ocrx_word' id='word_1_686' title='bbox 416 4567 689 4640; x_wconf 78' lang='grc' dir='ltr'>κρίματος</span> <span class='ocrx_word' id='word_1_687' title='bbox 718 4565 862 4631; x_wconf 78' lang='grc' dir='ltr'>ἀξία,</span> <span class='ocrx_word' id='word_1_688' title='bbox 896 4568 930 4639; x_wconf 81' lang='grc' dir='ltr'><strong>ἡ</strong></span> <span class='ocrx_word' id='word_1_689' title='bbox 956 4567 1056 4637; x_wconf 83' lang='grc' dir='ltr'>τὴν</span> <span class='ocrx_word' id='word_1_690' title='bbox 1086 4568 1308 4638; x_wconf 80' lang='grc' dir='ltr'>μνήμην</span> <span class='ocrx_word' id='word_1_691' title='bbox 1342 4563 1659 4634; x_wconf 82' lang='grc' dir='ltr'>συνθάψασα</span> <span class='ocrx_word' id='word_1_692' title='bbox 1687 4562 1765 4635; x_wconf 81' lang='grc' dir='ltr'><strong>τῷ</strong></span> <span class='ocrx_word' id='word_1_693' title='bbox 1784 4551 1998 4629; x_wconf 73' lang='grc' dir='ltr'>θεοζεύ-</span> 
     </span>
    </p>
   </div>
   <div class='ocr_carea' id='block_1_93' title="bbox 2103 4551 3681 4640">
    <p class='ocr_par' dir='ltr' id='par_1_93' title="bbox 2105 4566 3681 4638">
     <span class='ocr_line' id='line_1_93' title="bbox 2105 4566 3681 4638; baseline 0.004 -18"><span class='ocrx_word' id='word_1_694' title='bbox 2105 4566 2577 4633; x_wconf 70' lang='lat' dir='ltr'><strong>condemnatione,</strong></span> <span class='ocrx_word' id='word_1_695' title='bbox 2606 4583 2725 4638; x_wconf 64' lang='lat' dir='ltr'><strong>quae</strong></span> <span class='ocrx_word' id='word_1_696' title='bbox 2748 4583 2854 4623; x_wconf 89' lang='lat' dir='ltr'><strong>una</strong></span> <span class='ocrx_word' id='word_1_697' title='bbox 2881 4585 3004 4623; x_wconf 86' lang='lat' dir='ltr'><strong>cum</strong></span> <span class='ocrx_word' id='word_1_698' title='bbox 3028 4568 3215 4638; x_wconf 89' lang='lat' dir='ltr'><strong>junclo</strong></span> <span class='ocrx_word' id='word_1_699' title='bbox 3238 4570 3339 4625; x_wconf 87' lang='lat' dir='ltr'><strong>sibi</strong></span> <span class='ocrx_word' id='word_1_700' title='bbox 3367 4584 3398 4624; x_wconf 88' lang='lat' dir='ltr'><strong>a</strong></span> <span class='ocrx_word' id='word_1_701' title='bbox 3421 4569 3533 4627; x_wconf 91' lang='lat' dir='ltr'><strong>Deo</strong></span> <span class='ocrx_word' id='word_1_702' title='bbox 3555 4586 3681 4627; x_wconf 89' lang='lat' dir='ltr'><strong>con-</strong></span> 
     </span>
    </p>
   </div>
   <div class='ocr_carea' id='block_1_94' title="bbox 416 4655 1998 4730">
    <p class='ocr_par' dir='ltr' id='par_1_94' title="bbox 416 4655 1998 4730">
     <span class='ocr_line' id='line_1_94' title="bbox 416 4655 1998 4730; baseline -0.001 -19"><span class='ocrx_word' id='word_1_703' title='bbox 416 4675 537 4730; x_wconf 75' lang='grc' dir='ltr'><strong>κτῳ</strong></span> <span class='ocrx_word' id='word_1_704' title='bbox 561 4656 802 4727; x_wconf 80' lang='grc' dir='ltr'>συζύγῳ,</span> <span class='ocrx_word' id='word_1_705' title='bbox 843 4658 938 4712; x_wconf 73' lang='grc' dir='ltr'>καὶ</span> <span class='ocrx_word' id='word_1_706' title='bbox 975 4658 1208 4729; x_wconf 86' lang='grc' dir='ltr'>μάλιστα</span> <span class='ocrx_word' id='word_1_707' title='bbox 1248 4658 1464 4723; x_wconf 86' lang='grc' dir='ltr'>τέκνου,</span> <span class='ocrx_word' id='word_1_708' title='bbox 1499 4657 1533 4728; x_wconf 78' lang='grc' dir='ltr'>ἢ</span> <span class='ocrx_word' id='word_1_709' title='bbox 1561 4655 1768 4710; x_wconf 76' lang='grc' dir='ltr'>τέκνων</span> <span class='ocrx_word' id='word_1_710' title='bbox 1797 4655 1998 4728; x_wconf 86' lang='grc' dir='ltr'>παρόν-</span> 
     </span>
    </p>
   </div>
   <div class='ocr_carea' id='block_1_95' title="bbox 416 4745 1994 4819">
    <p class='ocr_par' dir='ltr' id='par_1_95' title="bbox 416 4745 1994 4819">
     <span class='ocr_line' id='line_1_95' title="bbox 416 4745 1994 4819; baseline -0.003 -15"><span class='ocrx_word' id='word_1_711' title='bbox 416 4768 553 4815; x_wconf 81' lang='grc' dir='ltr'>των,</span> <span class='ocrx_word' id='word_1_712' title='bbox 586 4749 671 4803; x_wconf 81' lang='grc' dir='ltr'>διὸ</span> <span class='ocrx_word' id='word_1_713' title='bbox 709 4750 801 4802; x_wconf 71' lang='grc' dir='ltr'>καὶ</span> <span class='ocrx_word' id='word_1_714' title='bbox 833 4750 862 4801; x_wconf 79' lang='grc' dir='ltr'>ὁ</span> <span class='ocrx_word' id='word_1_715' title='bbox 898 4748 1063 4818; x_wconf 77' lang='grc' dir='ltr'>νόμος</span> <span class='ocrx_word' id='word_1_716' title='bbox 1098 4747 1191 4802; x_wconf 80' lang='grc' dir='ltr'>τοῦ</span> <span class='ocrx_word' id='word_1_717' title='bbox 1223 4748 1402 4819; x_wconf 86' lang='grc' dir='ltr'>γάμου</span> <span class='ocrx_word' id='word_1_718' title='bbox 1434 4745 1880 4817; x_wconf 85' lang='grc' dir='ltr'>πεφυτούργηται</span> <span class='ocrx_word' id='word_1_719' title='bbox 1900 4761 1914 4775; x_wconf 78' lang='grc' dir='ltr'><strong>ο</strong></span> <span class='ocrx_word' id='word_1_720' title='bbox 1945 4747 1994 4800; x_wconf 87' lang='grc' dir='ltr'><strong>εί</strong></span> 
     </span>
    </p>
   </div>
   <div class='ocr_carea' id='block_1_96' title="bbox 487 4932 1571 4998">
    <p class='ocr_par' dir='ltr' id='par_1_96' title="bbox 487 4932 1571 4998">
     <span class='ocr_line' id='line_1_96' title="bbox 487 4932 1571 4998; baseline -0.006 -6"><span class='ocrx_word' id='word_1_721' title='bbox 487 4938 535 4970; x_wconf 76' lang='grc'><strong>⁸⁸</strong></span> <span class='ocrx_word' id='word_1_722' title='bbox 557 4934 701 4991; x_wconf 66' lang='grc' dir='ltr'>(ἔνη.</span> <span class='ocrx_word' id='word_1_723' title='bbox 732 4950 819 4993; x_wconf 70' lang='lat' dir='ltr'><strong>ut.</strong></span> <span class='ocrx_word' id='word_1_724' title='bbox 850 4935 939 4989; x_wconf 86' lang='lat' dir='ltr'><strong>II.</strong></span> <span class='ocrx_word' id='word_1_725' title='bbox 1017 4935 1064 4967; x_wconf 81' lang='grc'><strong>⁶⁹</strong></span> <span class='ocrx_word' id='word_1_726' title='bbox 1088 4932 1188 4989; x_wconf 76' lang='lat' dir='ltr'><strong>Joh</strong></span> <span class='ocrx_word' id='word_1_727' title='bbox 1222 4949 1426 4988; x_wconf 78' lang='lat' dir='ltr'><strong>xxxvm</strong></span> <span class='ocrx_word' id='word_1_728' title='bbox 1444 4975 1460 4998; x_wconf 97' lang='lat'><strong>,</strong></span> <span class='ocrx_word' id='word_1_729' title='bbox 1479 4932 1571 4989; x_wconf 62' lang='grc' dir='ltr'><strong>ΞΒ.</strong></span> 
     </span>
    </p>
   </div>
   <div class='ocr_carea' id='block_1_97' title="bbox 2099 4655 3682 4731">
    <p class='ocr_par' dir='ltr' id='par_1_97' title="bbox 2099 4655 3682 4731">
     <span class='ocr_line' id='line_1_97' title="bbox 2099 4655 3682 4731; baseline 0.006 -21"><span class='ocrx_word' id='word_1_730' title='bbox 2099 4655 2228 4729; x_wconf 85' lang='lat' dir='ltr'><strong>jnge</strong></span> <span class='ocrx_word' id='word_1_731' title='bbox 2283 4660 2604 4716; x_wconf 89' lang='lat' dir='ltr'><strong>memoriam</strong></span> <span class='ocrx_word' id='word_1_732' title='bbox 2673 4661 2967 4731; x_wconf 84' lang='lat' dir='ltr'><strong>sepelivit;</strong></span> <span class='ocrx_word' id='word_1_733' title='bbox 3041 4677 3165 4717; x_wconf 90' lang='lat' dir='ltr'><strong>cum</strong></span> <span class='ocrx_word' id='word_1_734' title='bbox 3236 4662 3470 4719; x_wconf 81' lang='lat' dir='ltr'><strong>maxime</strong></span> <span class='ocrx_word' id='word_1_735' title='bbox 3528 4664 3682 4720; x_wconf 87' lang='lat' dir='ltr'><strong>adest</strong></span> 
     </span>
    </p>
   </div>
   <div class='ocr_carea' id='block_1_98' title="bbox 2102 4750 3682 4826">
    <p class='ocr_par' dir='ltr' id='par_1_98' title="bbox 2102 4750 3682 4826">
     <span class='ocr_line' id='line_1_98' title="bbox 2102 4750 3682 4826; baseline 0.004 -22"><span class='ocrx_word' id='word_1_736' title='bbox 2102 4750 2270 4819; x_wconf 83' lang='lat' dir='ltr'><strong>Illius,</strong></span> <span class='ocrx_word' id='word_1_737' title='bbox 2298 4762 2392 4807; x_wconf 88' lang='lat' dir='ltr'><strong>aut</strong></span> <span class='ocrx_word' id='word_1_738' title='bbox 2418 4751 2514 4807; x_wconf 86' lang='lat' dir='ltr'><strong>ﬁlii</strong></span> <span class='ocrx_word' id='word_1_739' title='bbox 2542 4769 2557 4806; x_wconf 90' lang='lat'><strong>:</strong></span> <span class='ocrx_word' id='word_1_740' title='bbox 2593 4767 2825 4823; x_wconf 91' lang='lat' dir='ltr'><strong>quorum</strong></span> <span class='ocrx_word' id='word_1_741' title='bbox 2854 4754 3320 4825; x_wconf 85' lang='lat' dir='ltr'><strong>suscipiendorum</strong></span> <span class='ocrx_word' id='word_1_742' title='bbox 3351 4755 3548 4826; x_wconf 84' lang='lat' dir='ltr'><strong>gratia,</strong></span> <span class='ocrx_word' id='word_1_743' title='bbox 3571 4773 3682 4811; x_wconf 87' lang='lat' dir='ltr'><strong>ma-</strong></span> 
     </span>
    </p>
   </div>
   <div class='ocr_carea' id='block_1_99' title="bbox 1647 4932 3679 4999">
    <p class='ocr_par' dir='ltr' id='par_1_99' title="bbox 1647 4932 3679 4999">
     <span class='ocr_line' id='line_1_99' title="bbox 1647 4932 3679 4999; baseline 0.003 -12"><span class='ocrx_word' id='word_1_744' title='bbox 1647 4934 1692 4965; x_wconf 79' lang='lat'>“</span> <span class='ocrx_word' id='word_1_745' title='bbox 1734 4932 1876 4987; x_wconf 82' lang='lat' dir='ltr'><strong>Psal.</strong></span> <span class='ocrx_word' id='word_1_746' title='bbox 1910 4946 2113 4999; x_wconf 70' lang='lat' dir='ltr'><strong>cnvn,</strong></span> <span class='ocrx_word' id='word_1_747' title='bbox 2146 4933 2233 4989; x_wconf 84' lang='lat' dir='ltr'><strong>I6.</strong></span> <span class='ocrx_word' id='word_1_748' title='bbox 2310 4933 2355 4966; x_wconf 82' lang='lat'>“</span> <span class='ocrx_word' id='word_1_749' title='bbox 2390 4933 2557 4987; x_wconf 85' lang='lat' dir='ltr'><strong>Exod.</strong></span> <span class='ocrx_word' id='word_1_750' title='bbox 2586 4948 2668 4997; x_wconf 78' lang='lat' dir='ltr'><strong>vr,</strong></span> <span class='ocrx_word' id='word_1_751' title='bbox 2696 4934 2784 4990; x_wconf 85' lang='lat' dir='ltr'><strong>I7.</strong></span> <span class='ocrx_word' id='word_1_752' title='bbox 2859 4933 2906 4966; x_wconf 80' lang='lat'>“</span> <span class='ocrx_word' id='word_1_753' title='bbox 2931 4932 3100 4989; x_wconf 82' lang='lat' dir='ltr'><strong>Exod.</strong></span> <span class='ocrx_word' id='word_1_754' title='bbox 3120 4950 3236 4999; x_wconf 83' lang='lat' dir='ltr'><strong>xtv,</strong></span> <span class='ocrx_word' id='word_1_755' title='bbox 3262 4934 3354 4990; x_wconf 75' lang='lat' dir='ltr'><strong>2L</strong></span> <span class='ocrx_word' id='word_1_756' title='bbox 3434 4935 3482 4966; x_wconf 77' lang='lat'><strong>“</strong></span> <span class='ocrx_word' id='word_1_757' title='bbox 3506 4934 3679 4993; x_wconf 82' lang='lat' dir='ltr'><strong>Exod.</strong></span> 
     </span>
    </p>
   </div>
   <div class='ocr_carea' id='block_1_100' title="bbox 418 5002 2001 5073">
    <p class='ocr_par' dir='ltr' id='par_1_100' title="bbox 418 5002 2001 5073">
     <span class='ocr_line' id='line_1_100' title="bbox 418 5002 2001 5073; baseline -0.002 -12"><span class='ocrx_word' id='word_1_758' title='bbox 418 5023 530 5069; x_wconf 71' lang='grc' dir='ltr'><strong>ιη.</strong></span> <span class='ocrx_word' id='word_1_759' title='bbox 591 5007 682 5060; x_wconf 71' lang='grc'>13.</span> <span class='ocrx_word' id='word_1_760' title='bbox 758 5007 802 5037; x_wconf 75' lang='grc'>⁸⁵</span> <span class='ocrx_word' id='word_1_761' title='bbox 839 5008 991 5059; x_wconf 85' lang='lat' dir='ltr'><strong>Deut.</strong></span> <span class='ocrx_word' id='word_1_762' title='bbox 1021 5019 1092 5061; x_wconf 88' lang='lat' dir='ltr'><strong>vt.</strong></span> <span class='ocrx_word' id='word_1_763' title='bbox 1121 5006 1176 5073; x_wconf 68' lang='grc'>5.</span> <span class='ocrx_word' id='word_1_764' title='bbox 1272 5006 1317 5036; x_wconf 80' lang='grc'><strong>⁸⁸</strong></span> <span class='ocrx_word' id='word_1_765' title='bbox 1353 5004 1466 5060; x_wconf 81' lang='lat' dir='ltr'><strong>Jns.</strong></span> <span class='ocrx_word' id='word_1_766' title='bbox 1499 5020 1567 5073; x_wconf 82' lang='grc' dir='ltr'><strong>ν,</strong></span> <span class='ocrx_word' id='word_1_767' title='bbox 1598 5002 1661 5067; x_wconf 85' lang='lat'><strong>6;</strong></span> <span class='ocrx_word' id='word_1_768' title='bbox 1704 5002 1720 5057; x_wconf 94' lang='grc' dir='ltr'><strong>Ι</strong></span> <span class='ocrx_word' id='word_1_769' title='bbox 1760 5002 1885 5057; x_wconf 88' lang='lat' dir='ltr'><strong>Esd.</strong></span> <span class='ocrx_word' id='word_1_770' title='bbox 1923 5019 2001 5069; x_wconf 83' lang='lat' dir='ltr'><strong>III,</strong></span> 
     </span>
    </p>
   </div>
   <div class='ocr_carea' id='block_1_101' title="bbox 2103 5002 3677 5073">
    <p class='ocr_par' dir='ltr' id='par_1_101' title="bbox 2126 5002 3677 5073">
     <span class='ocr_line' id='line_1_101' title="bbox 2126 5002 3677 5073; baseline 0.001 -13"><span class='ocrx_word' id='word_1_771' title='bbox 2126 5015 2236 5060; x_wconf 90' lang='lat' dir='ltr'><strong>etc.</strong></span> <span class='ocrx_word' id='word_1_772' title='bbox 2301 5004 2345 5035; x_wconf 82' lang='lat'><strong>&quot;&#39;</strong></span> <span class='ocrx_word' id='word_1_773' title='bbox 2368 5002 2505 5059; x_wconf 84' lang='lat' dir='ltr'><strong>Gen.</strong></span> <span class='ocrx_word' id='word_1_774' title='bbox 2533 5018 2670 5070; x_wconf 66' lang='grc' dir='ltr'>χχιι,</span> <span class='ocrx_word' id='word_1_775' title='bbox 2700 5004 2791 5060; x_wconf 84' lang='grc'><strong>17.</strong></span> <span class='ocrx_word' id='word_1_776' title='bbox 2849 5003 2896 5035; x_wconf 78' lang='grc'><strong><em>⁸⁸</em></strong></span> <span class='ocrx_word' id='word_1_777' title='bbox 2917 5003 3064 5060; x_wconf 74' lang='lat' dir='ltr'><strong>PSaI.</strong></span> <span class='ocrx_word' id='word_1_778' title='bbox 3107 5020 3294 5073; x_wconf 76' lang='lat' dir='ltr'><strong>Lxxtx,</strong></span> <span class='ocrx_word' id='word_1_779' title='bbox 3330 5008 3384 5062; x_wconf 78' lang='lat'><strong>5.</strong></span> <span class='ocrx_word' id='word_1_780' title='bbox 3450 5003 3677 5062; x_wconf 80' lang='lat' dir='ltr'><strong>“Joan.</strong></span> 
     </span>
    </p>
   </div>
   <div class='ocr_carea' id='block_1_102' title="bbox 423 5071 2001 5143">
    <p class='ocr_par' dir='ltr' id='par_1_102' title="bbox 423 5071 1984 5143">
     <span class='ocr_line' id='line_1_102' title="bbox 423 5071 1984 5143; baseline -0.004 -10"><span class='ocrx_word' id='word_1_781' title='bbox 423 5094 462 5143; x_wconf 91' lang='grc' dir='ltr'><strong>ι,</strong></span> <span class='ocrx_word' id='word_1_782' title='bbox 490 5080 548 5142; x_wconf 86' lang='grc'><strong>1,</strong></span> <span class='ocrx_word' id='word_1_783' title='bbox 579 5076 669 5131; x_wconf 71' lang='grc'>14.</span> <span class='ocrx_word' id='word_1_784' title='bbox 743 5076 791 5110; x_wconf 80' lang='grc'>⁷⁸</span> <span class='ocrx_word' id='word_1_785' title='bbox 822 5074 920 5131; x_wconf 77' lang='lat' dir='ltr'><strong>lsa.</strong></span> <span class='ocrx_word' id='word_1_786' title='bbox 954 5092 1069 5139; x_wconf 80' lang='lat' dir='ltr'><strong>un,</strong></span> <span class='ocrx_word' id='word_1_787' title='bbox 1103 5071 1158 5130; x_wconf 79' lang='lat'><strong>8.</strong></span> <span class='ocrx_word' id='word_1_788' title='bbox 1230 5075 1274 5107; x_wconf 83' lang='lat'><strong>‘”</strong></span> <span class='ocrx_word' id='word_1_789' title='bbox 1309 5074 1408 5129; x_wconf 86' lang='lat' dir='ltr'><strong>lsa.</strong></span> <span class='ocrx_word' id='word_1_790' title='bbox 1441 5090 1517 5137; x_wconf 79' lang='lat' dir='ltr'><strong>rx,</strong></span> <span class='ocrx_word' id='word_1_791' title='bbox 1546 5072 1600 5128; x_wconf 87' lang='lat'><strong>6.</strong></span> <span class='ocrx_word' id='word_1_792' title='bbox 1669 5074 1715 5105; x_wconf 73' lang='grc' dir='ltr'><strong>τ’</strong></span> <span class='ocrx_word' id='word_1_793' title='bbox 1760 5073 1892 5129; x_wconf 87' lang='lat' dir='ltr'><strong>Luc.</strong></span> <span class='ocrx_word' id='word_1_794' title='bbox 1922 5089 1984 5136; x_wconf 84' lang='lat' dir='ltr'><strong>It,</strong></span> 
     </span>
    </p>
   </div>
   <div class='ocr_carea' id='block_1_103' title="bbox 2103 5071 2648 5143">
    <p class='ocr_par' dir='ltr' id='par_1_103' title="bbox 2172 5073 2648 5140">
     <span class='ocr_line' id='line_1_103' title="bbox 2172 5073 2648 5140; baseline 0.002 -11"><span class='ocrx_word' id='word_1_795' title='bbox 2172 5074 2220 5108; x_wconf 80' lang='lat'>&quot;</span> <span class='ocrx_word' id='word_1_796' title='bbox 2254 5073 2443 5131; x_wconf 86' lang='lat' dir='ltr'><strong>ITitn.</strong></span> <span class='ocrx_word' id='word_1_797' title='bbox 2471 5089 2522 5140; x_wconf 94' lang='lat' dir='ltr'><strong>v,</strong></span> <span class='ocrx_word' id='word_1_798' title='bbox 2560 5074 2648 5130; x_wconf 84' lang='grc'><strong>11.</strong></span> 
     </span>
    </p>
   </div>
   <div class='ocr_carea' id='block_1_104' title="bbox 490 5209 1985 5283">
    <p class='ocr_par' dir='ltr' id='par_1_104' title="bbox 490 5209 1985 5283">
     <span class='ocr_line' id='line_1_104' title="bbox 490 5209 1985 5283; baseline 0 0"><span class='ocrx_word' id='word_1_799' title='bbox 490 5211 602 5283; x_wconf 68' lang='grc'><strong>(52)</strong></span> <span class='ocrx_word' id='word_1_800' title='bbox 641 5210 716 5265; x_wconf 80' lang='grc' dir='ltr'><strong>Τὸ</strong></span> <span class='ocrx_word' id='word_1_801' title='bbox 757 5210 893 5281; x_wconf 62' lang='grc' dir='ltr'><strong>μὲν.</strong></span> <span class='ocrx_word' id='word_1_802' title='bbox 926 5209 1032 5283; x_wconf 60' lang='grc' dir='ltr'><strong>ᾆιά</strong></span> <span class='ocrx_word' id='word_1_803' title='bbox 1060 5210 1177 5279; x_wconf 78' lang='grc' dir='ltr'>τὴν</span> <span class='ocrx_word' id='word_1_804' title='bbox 1213 5211 1283 5283; x_wconf 66' lang='grc' dir='ltr'><strong><em>ἐκ</em></strong></span> <span class='ocrx_word' id='word_1_805' title='bbox 1318 5209 1620 5283; x_wconf 66' lang='grc' dir='ltr'>παρθένου</span> <span class='ocrx_word' id='word_1_806' title='bbox 1670 5213 1985 5283; x_wconf 48' lang='lat' dir='ltr'><strong>W697.-</strong></span> 
     </span>
    </p>
   </div>
   <div class='ocr_carea' id='block_1_105' title="bbox 425 5279 1991 5351">
    <p class='ocr_par' dir='ltr' id='par_1_105' title="bbox 425 5279 1991 5351">
     <span class='ocr_line' id='line_1_105' title="bbox 425 5279 1991 5351; baseline -0.001 -15"><span class='ocrx_word' id='word_1_807' title='bbox 425 5279 624 5350; x_wconf 70' lang='lat' dir='ltr'><strong>Nr-inpe</strong></span> <span class='ocrx_word' id='word_1_808' title='bbox 654 5279 886 5351; x_wconf 85' lang='lat' dir='ltr'><strong>humana</strong></span> <span class='ocrx_word' id='word_1_809' title='bbox 922 5281 1032 5343; x_wconf 83' lang='lat' dir='ltr'><strong>illa,</strong></span> <span class='ocrx_word' id='word_1_810' title='bbox 1066 5297 1185 5347; x_wconf 66' lang='lat' dir='ltr'><strong>quae</strong></span> <span class='ocrx_word' id='word_1_811' title='bbox 1220 5281 1370 5351; x_wconf 90' lang='lat' dir='ltr'><strong>plura</strong></span> <span class='ocrx_word' id='word_1_812' title='bbox 1408 5280 1591 5337; x_wconf 89' lang='lat' dir='ltr'><strong>retulit</strong></span> <span class='ocrx_word' id='word_1_813' title='bbox 1622 5296 1638 5334; x_wconf 93' lang='lat'><strong>:</strong></span> <span class='ocrx_word' id='word_1_814' title='bbox 1666 5279 1729 5334; x_wconf 78' lang='grc' dir='ltr'>τὸ</span> <span class='ocrx_word' id='word_1_815' title='bbox 1774 5280 1860 5345; x_wconf 83' lang='grc' dir='ltr'>δὲ,</span> <span class='ocrx_word' id='word_1_816' title='bbox 1899 5279 1991 5335; x_wconf 79' lang='grc' dir='ltr'>διὰ</span> 
     </span>
    </p>
   </div>
   <div class='ocr_carea' id='block_1_106' title="bbox 422 5350 1993 5423">
    <p class='ocr_par' dir='ltr' id='par_1_106' title="bbox 422 5350 1993 5423">
     <span class='ocr_line' id='line_1_106' title="bbox 422 5350 1993 5423; baseline 0 -18"><span class='ocrx_word' id='word_1_817' title='bbox 422 5352 482 5423; x_wconf 69' lang='grc' dir='ltr'>τὸ</span> <span class='ocrx_word' id='word_1_818' title='bbox 503 5350 886 5423; x_wconf 71' lang='grc' dir='ltr'>ἀκατάληπτον</span> <span class='ocrx_word' id='word_1_819' title='bbox 918 5350 1229 5423; x_wconf 80' lang='grc' dir='ltr'>ὑπάρξεως,</span> <span class='ocrx_word' id='word_1_820' title='bbox 1262 5360 1473 5423; x_wconf 74' lang='lat' dir='ltr'><strong>propter</strong></span> <span class='ocrx_word' id='word_1_821' title='bbox 1501 5351 1993 5423; x_wconf 70' lang='lat' dir='ltr'><strong>incomprehensibi-</strong></span> 
     </span>
    </p>
   </div>
   <div class='ocr_carea' id='block_1_107' title="bbox 421 5396 1991 5490">
    <p class='ocr_par' dir='ltr' id='par_1_107' title="bbox 421 5396 1991 5490">
     <span class='ocr_line' id='line_1_107' title="bbox 421 5396 1991 5490; baseline 0.001 -18"><span class='ocrx_word' id='word_1_822' title='bbox 421 5396 1239 5490; x_wconf 59' lang='grc' dir='ltr'><strong>ἑῑοῖεἷῖιὶῑὲὶὲιῖιῑὲῗῗιὲἰῖῥέ</strong></span> <span class='ocrx_word' id='word_1_823' title='bbox 1262 5396 1457 5474; x_wconf 47' lang='lat' dir='ltr'><strong>iniit};</strong></span> <span class='ocrx_word' id='word_1_824' title='bbox 1500 5396 1991 5488; x_wconf 46' lang='lat' dir='ltr'><strong>iiiéj&#39;Kt&#39;BiBB&#39;ip&#39;d-</strong></span> 
     </span>
    </p>
   </div>
   <div class='ocr_carea' id='block_1_108' title="bbox 424 5490 1990 5558">
    <p class='ocr_par' dir='ltr' id='par_1_108' title="bbox 424 5490 1990 5558">
     <span class='ocr_line' id='line_1_108' title="bbox 424 5490 1990 5558; baseline 0 -15"><span class='ocrx_word' id='word_1_825' title='bbox 424 5491 621 5546; x_wconf 67' lang='lat' dir='ltr'><strong>tentiae.</strong></span> <span class='ocrx_word' id='word_1_826' title='bbox 652 5490 896 5546; x_wconf 69' lang='lat' dir='ltr'><strong>Mutilam</strong></span> <span class='ocrx_word' id='word_1_827' title='bbox 948 5492 1309 5558; x_wconf 85' lang='lat' dir='ltr'><strong>vitiosamque</strong></span> <span class='ocrx_word' id='word_1_828' title='bbox 1349 5490 1584 5545; x_wconf 81' lang='lat' dir='ltr'><strong>litteram</strong></span> <span class='ocrx_word' id='word_1_829' title='bbox 1614 5500 1807 5546; x_wconf 80' lang='lat' dir='ltr'><strong>nactus</strong></span> <span class='ocrx_word' id='word_1_830' title='bbox 1842 5490 1990 5546; x_wconf 80' lang='lat' dir='ltr'><strong>Sifa-</strong></span> 
     </span>
    </p>
   </div>
   <div class='ocr_carea' id='block_1_109' title="bbox 422 5561 1992 5632">
    <p class='ocr_par' dir='ltr' id='par_1_109' title="bbox 422 5561 1992 5632">
     <span class='ocr_line' id='line_1_109' title="bbox 422 5561 1992 5632; baseline 0 -18"><span class='ocrx_word' id='word_1_831' title='bbox 422 5577 522 5632; x_wconf 57' lang='lat' dir='ltr'><strong>nos</strong></span> <span class='ocrx_word' id='word_1_832' title='bbox 562 5561 686 5617; x_wconf 88' lang='lat' dir='ltr'><strong>nihil</strong></span> <span class='ocrx_word' id='word_1_833' title='bbox 725 5562 852 5618; x_wconf 91' lang='lat' dir='ltr'><strong>inde</strong></span> <span class='ocrx_word' id='word_1_834' title='bbox 898 5561 1142 5632; x_wconf 87' lang='lat' dir='ltr'><strong>probati,</strong></span> <span class='ocrx_word' id='word_1_835' title='bbox 1179 5575 1488 5630; x_wconf 83' lang='lat' dir='ltr'><strong>quanquam</strong></span> <span class='ocrx_word' id='word_1_836' title='bbox 1534 5570 1782 5632; x_wconf 72' lang='lat' dir='ltr'><strong>conatus,</strong></span> <span class='ocrx_word' id='word_1_837' title='bbox 1815 5563 1992 5629; x_wconf 87' lang='lat' dir='ltr'><strong>potuit</strong></span> 
     </span>
    </p>
   </div>
   <div class='ocr_carea' id='block_1_110' title="bbox 419 5630 1987 5701">
    <p class='ocr_par' dir='ltr' id='par_1_110' title="bbox 419 5630 1987 5701">
     <span class='ocr_line' id='line_1_110' title="bbox 419 5630 1987 5701; baseline 0.001 -17"><span class='ocrx_word' id='word_1_838' title='bbox 419 5630 626 5688; x_wconf 86' lang='lat' dir='ltr'><strong>elicere.</strong></span> <span class='ocrx_word' id='word_1_839' title='bbox 655 5633 746 5690; x_wconf 90' lang='lat' dir='ltr'><strong>Sic</strong></span> <span class='ocrx_word' id='word_1_840' title='bbox 772 5630 913 5689; x_wconf 75' lang='lat' dir='ltr'><strong>vero</strong></span> <span class='ocrx_word' id='word_1_841' title='bbox 937 5635 1190 5687; x_wconf 80' lang='lat' dir='ltr'><strong>reStitnta</strong></span> <span class='ocrx_word' id='word_1_842' title='bbox 1220 5646 1285 5684; x_wconf 82' lang='lat' dir='ltr'><strong>ex</strong></span> <span class='ocrx_word' id='word_1_843' title='bbox 1321 5632 1423 5701; x_wconf 78' lang='lat' dir='ltr'><strong>[ide</strong></span> <span class='ocrx_word' id='word_1_844' title='bbox 1449 5630 1721 5695; x_wconf 90' lang='lat' dir='ltr'><strong>codicum,</strong></span> <span class='ocrx_word' id='word_1_845' title='bbox 1755 5632 1987 5701; x_wconf 84' lang='lat' dir='ltr'><strong>ipsaque</strong></span> 
     </span>
    </p>
   </div>
   <div class='ocr_carea' id='block_1_111' title="bbox 422 5700 1598 5774">
    <p class='ocr_par' dir='ltr' id='par_1_111' title="bbox 422 5700 1598 5774">
     <span class='ocr_line' id='line_1_111' title="bbox 422 5700 1598 5774; baseline -0.004 -18"><span class='ocrx_word' id='word_1_846' title='bbox 422 5702 559 5774; x_wconf 79' lang='lat' dir='ltr'><strong>serie</strong></span> <span class='ocrx_word' id='word_1_847' title='bbox 595 5706 862 5774; x_wconf 80' lang='lat' dir='ltr'><strong>exigente,</strong></span> <span class='ocrx_word' id='word_1_848' title='bbox 899 5701 1305 5774; x_wconf 74' lang='lat' dir='ltr'><strong>claraomnjno</strong></span> <span class='ocrx_word' id='word_1_849' title='bbox 1336 5700 1598 5774; x_wconf 72' lang='lat' dir='ltr'><strong>decurrit,</strong></span> 
     </span>
    </p>
   </div>
   <div class='ocr_carea' id='block_1_112' title="bbox 482 5768 1990 5845">
    <p class='ocr_par' dir='ltr' id='par_1_112' title="bbox 482 5768 1990 5845">
     <span class='ocr_line' id='line_1_112' title="bbox 482 5768 1990 5845; baseline -0.002 -18"><span class='ocrx_word' id='word_1_850' title='bbox 482 5773 590 5843; x_wconf 74' lang='lat'><strong>(33)</strong></span> <span class='ocrx_word' id='word_1_851' title='bbox 768 5768 977 5841; x_wconf 58' lang='grc' dir='ltr'>καλῶς</span> <span class='ocrx_word' id='word_1_852' title='bbox 1012 5772 1132 5845; x_wconf 11' lang='grc' dir='ltr'><em>κτὸν</em></span> <span class='ocrx_word' id='word_1_853' title='bbox 1178 5769 1326 5834; x_wconf 73' lang='grc' dir='ltr'>,ϐίον</span> <span class='ocrx_word' id='word_1_854' title='bbox 1365 5768 1863 5845; x_wconf 67' lang='grc' dir='ltr'>ᾀνταλλαξοξσης.</span> <span class='ocrx_word' id='word_1_855' title='bbox 1900 5768 1990 5825; x_wconf 78' lang='lat' dir='ltr'><strong>Al.</strong></span> 
     </span>
    </p>
   </div>
   <div class='ocr_carea' id='block_1_113' title="bbox 416 5842 1992 5920">
    <p class='ocr_par' dir='ltr' id='par_1_113' title="bbox 416 5842 1992 5920">
     <span class='ocr_line' id='line_1_113' title="bbox 416 5842 1992 5920; baseline -0.003 -21"><span class='ocrx_word' id='word_1_856' title='bbox 416 5842 836 5920; x_wconf 59' lang='grc' dir='ltr'>ιαταὶςλαξᾶσης.</span> <span class='ocrx_word' id='word_1_857' title='bbox 877 5844 1179 5913; x_wconf 70' lang='lat' dir='ltr'><strong>Nimirum,</strong></span> <span class='ocrx_word' id='word_1_858' title='bbox 1228 5842 1458 5897; x_wconf 86' lang='lat' dir='ltr'><strong>transitu</strong></span> <span class='ocrx_word' id='word_1_859' title='bbox 1504 5856 1536 5895; x_wconf 80' lang='grc' dir='ltr'><strong>ιι</strong></span> <span class='ocrx_word' id='word_1_860' title='bbox 1587 5842 1820 5897; x_wconf 87' lang='lat' dir='ltr'><strong>maritali</strong></span> <span class='ocrx_word' id='word_1_861' title='bbox 1849 5849 1992 5897; x_wconf 85' lang='lat' dir='ltr'><strong>statu</strong></span> 
     </span>
    </p>
   </div>
   <div class='ocr_carea' id='block_1_114' title="bbox 2095 5210 3677 5294">
    <p class='ocr_par' dir='ltr' id='par_1_114' title="bbox 2095 5210 3677 5294">
     <span class='ocr_line' id='line_1_114' title="bbox 2095 5210 3677 5294; baseline 0.004 -29"><span class='ocrx_word' id='word_1_862' title='bbox 2095 5211 2169 5293; x_wconf 75' lang='lat' dir='ltr'><strong>ad</strong></span> <span class='ocrx_word' id='word_1_863' title='bbox 2220 5211 2489 5294; x_wconf 68' lang='lat' dir='ltr'><strong>vidualem</strong></span> <span class='ocrx_word' id='word_1_864' title='bbox 2521 5227 2537 5266; x_wconf 93' lang='lat'><strong>:</strong></span> <span class='ocrx_word' id='word_1_865' title='bbox 2564 5219 2620 5266; x_wconf 88' lang='lat' dir='ltr'><strong>et</strong></span> <span class='ocrx_word' id='word_1_866' title='bbox 2649 5210 2945 5282; x_wconf 88' lang='lat' dir='ltr'><strong>subrogato</strong></span> <span class='ocrx_word' id='word_1_867' title='bbox 2974 5210 3195 5268; x_wconf 88' lang='lat' dir='ltr'><strong>Christo</strong></span> <span class='ocrx_word' id='word_1_868' title='bbox 3227 5227 3281 5267; x_wconf 83' lang='lat' dir='ltr'><strong>tn</strong></span> <span class='ocrx_word' id='word_1_869' title='bbox 3314 5212 3493 5269; x_wconf 89' lang='lat' dir='ltr'><strong>locum</strong></span> <span class='ocrx_word' id='word_1_870' title='bbox 3535 5230 3677 5285; x_wconf 82' lang='lat' dir='ltr'><strong>prae-</strong></span> 
     </span>
    </p>
   </div>
   <div class='ocr_carea' id='block_1_115' title="bbox 2097 5295 2492 5345">
    <p class='ocr_par' dir='ltr' id='par_1_115' title="bbox 2097 5295 2492 5345">
     <span class='ocr_line' id='line_1_115' title="bbox 2097 5295 2492 5345; baseline -0.003 -9"><span class='ocrx_word' id='word_1_871' title='bbox 2097 5295 2251 5336; x_wconf 77' lang='lat' dir='ltr'><strong>IIIISSI</strong></span> <span class='ocrx_word' id='word_1_872' title='bbox 2285 5296 2492 5345; x_wconf 68' lang='lat' dir='ltr'><strong>sponsu.</strong></span> 
     </span>
    </p>
   </div>
   <div class='ocr_carea' id='block_1_116' title="bbox 2168 5350 3678 5423">
    <p class='ocr_par' dir='ltr' id='par_1_116' title="bbox 2168 5350 3678 5423">
     <span class='ocr_line' id='line_1_116' title="bbox 2168 5350 3678 5423; baseline 0.001 -18"><span class='ocrx_word' id='word_1_873' title='bbox 2168 5350 2283 5423; x_wconf 68' lang='grc'><strong>(54)</strong></span> <span class='ocrx_word' id='word_1_874' title='bbox 2319 5352 2437 5421; x_wconf 77' lang='grc' dir='ltr'><strong>Τὴν</strong></span> <span class='ocrx_word' id='word_1_875' title='bbox 2463 5350 2774 5420; x_wconf 79' lang='grc' dir='ltr'>Κυριακὴν</span> <span class='ocrx_word' id='word_1_876' title='bbox 2795 5351 2909 5421; x_wconf 77' lang='grc' dir='ltr'><strong>τῆς</strong></span> <span class='ocrx_word' id='word_1_877' title='bbox 2927 5350 3170 5423; x_wconf 76' lang='grc' dir='ltr'>χάριτος</span> <span class='ocrx_word' id='word_1_878' title='bbox 3205 5352 3516 5409; x_wconf 70' lang='grc' dir='ltr'>κατέλαϐε.</span> <span class='ocrx_word' id='word_1_879' title='bbox 3546 5353 3678 5420; x_wconf 70' lang='lat' dir='ltr'><strong>Quae</strong></span> 
     </span>
    </p>
   </div>
   <div class='ocr_carea' id='block_1_117' title="bbox 2097 5422 3672 5489">
    <p class='ocr_par' dir='ltr' id='par_1_117' title="bbox 2097 5422 3672 5489">
     <span class='ocr_line' id='line_1_117' title="bbox 2097 5422 3672 5489; baseline 0.001 -14"><span class='ocrx_word' id='word_1_880' title='bbox 2097 5425 2353 5475; x_wconf 89' lang='lat' dir='ltr'><strong>nimirum</strong></span> <span class='ocrx_word' id='word_1_881' title='bbox 2402 5422 2646 5477; x_wconf 84' lang='lat' dir='ltr'><strong>succedit</strong></span> <span class='ocrx_word' id='word_1_882' title='bbox 2686 5423 2957 5487; x_wconf 85' lang='lat' dir='ltr'><strong>Sahbato;</strong></span> <span class='ocrx_word' id='word_1_883' title='bbox 3007 5422 3234 5489; x_wconf 86' lang='lat' dir='ltr'><strong>scilicet,</strong></span> <span class='ocrx_word' id='word_1_884' title='bbox 3293 5426 3551 5478; x_wconf 81' lang='lat' dir='ltr'><strong>translata</strong></span> <span class='ocrx_word' id='word_1_885' title='bbox 3605 5428 3672 5477; x_wconf 88' lang='lat' dir='ltr'><strong>ad</strong></span> 
     </span>
    </p>
   </div>
   <div class='ocr_carea' id='block_1_118' title="bbox 2097 5490 3673 5562">
    <p class='ocr_par' dir='ltr' id='par_1_118' title="bbox 2097 5490 3673 5562">
     <span class='ocr_line' id='line_1_118' title="bbox 2097 5490 3673 5562; baseline -0.001 -17"><span class='ocrx_word' id='word_1_886' title='bbox 2097 5491 2447 5562; x_wconf 83' lang='lat' dir='ltr'><strong>Evangelinm</strong></span> <span class='ocrx_word' id='word_1_887' title='bbox 2478 5506 2508 5545; x_wconf 86' lang='lat' dir='ltr'><strong>a</strong></span> <span class='ocrx_word' id='word_1_888' title='bbox 2534 5490 2668 5561; x_wconf 84' lang='lat' dir='ltr'><strong>lege.</strong></span> <span class='ocrx_word' id='word_1_889' title='bbox 2689 5491 2789 5546; x_wconf 87' lang='lat' dir='ltr'><strong>SiI&#39;.</strong></span> <span class='ocrx_word' id='word_1_890' title='bbox 2810 5509 2827 5550; x_wconf 88' lang='lat'><strong>:</strong></span> <span class='ocrx_word' id='word_1_891' title='bbox 2850 5491 3186 5562; x_wconf 80' lang='lat' dir='ltr'><strong>Dominicam</strong></span> <span class='ocrx_word' id='word_1_892' title='bbox 3214 5495 3443 5562; x_wconf 88' lang='lat' dir='ltr'><strong>gratiam</strong></span> <span class='ocrx_word' id='word_1_893' title='bbox 3466 5492 3673 5562; x_wconf 73' lang='lat' dir='ltr'><strong>delibu-</strong></span> 
     </span>
    </p>
   </div>
   <div class='ocr_carea' id='block_1_119' title="bbox 2095 5560 3669 5630">
    <p class='ocr_par' dir='ltr' id='par_1_119' title="bbox 2095 5560 3669 5630">
     <span class='ocr_line' id='line_1_119' title="bbox 2095 5560 3669 5630; baseline 0.001 -15"><span class='ocrx_word' id='word_1_894' title='bbox 2095 5563 2197 5625; x_wconf 75' lang='lat' dir='ltr'><strong>uit;</strong></span> <span class='ocrx_word' id='word_1_895' title='bbox 2230 5561 2536 5630; x_wconf 87' lang='lat' dir='ltr'><strong>suspicatus</strong></span> <span class='ocrx_word' id='word_1_896' title='bbox 2568 5560 2852 5627; x_wconf 79' lang='lat' dir='ltr'><strong>legendum</strong></span> <span class='ocrx_word' id='word_1_897' title='bbox 2886 5560 3190 5627; x_wconf 80' lang='grc' dir='ltr'>κατέλειϐε,</span> <span class='ocrx_word' id='word_1_898' title='bbox 3216 5560 3346 5630; x_wconf 81' lang='lat' dir='ltr'><strong>pro,</strong></span> <span class='ocrx_word' id='word_1_899' title='bbox 3378 5561 3669 5617; x_wconf 80' lang='grc' dir='ltr'>κατέλαϐε.</span> 
     </span>
    </p>
   </div>
   <div class='ocr_carea' id='block_1_120' title="bbox 2095 5631 3671 5699">
    <p class='ocr_par' dir='ltr' id='par_1_120' title="bbox 2095 5631 3671 5699">
     <span class='ocr_line' id='line_1_120' title="bbox 2095 5631 3671 5699; baseline 0.002 -15"><span class='ocrx_word' id='word_1_900' title='bbox 2095 5631 2250 5698; x_wconf 83' lang='lat' dir='ltr'><strong>Quod</strong></span> <span class='ocrx_word' id='word_1_901' title='bbox 2276 5631 2530 5685; x_wconf 86' lang='lat' dir='ltr'><strong>vitiosum</strong></span> <span class='ocrx_word' id='word_1_902' title='bbox 2556 5633 2609 5686; x_wconf 92' lang='lat' dir='ltr'><strong>in</strong></span> <span class='ocrx_word' id='word_1_903' title='bbox 2643 5631 2761 5699; x_wconf 84' lang='lat' dir='ltr'><strong>ejus</strong></span> <span class='ocrx_word' id='word_1_904' title='bbox 2784 5632 2974 5687; x_wconf 78' lang='lat' dir='ltr'><strong>codice</strong></span> <span class='ocrx_word' id='word_1_905' title='bbox 3002 5641 3119 5685; x_wconf 84' lang='lat' dir='ltr'><strong>erat</strong></span> <span class='ocrx_word' id='word_1_906' title='bbox 3141 5650 3155 5686; x_wconf 90' lang='lat'><strong>:</strong></span> <span class='ocrx_word' id='word_1_907' title='bbox 3181 5631 3491 5698; x_wconf 83' lang='lat' dir='ltr'><strong>conjectura</strong></span> <span class='ocrx_word' id='word_1_908' title='bbox 3520 5645 3671 5687; x_wconf 81' lang='lat' dir='ltr'><strong>certe</strong></span> 
     </span>
    </p>
   </div>
   <div class='ocr_carea' id='block_1_121' title="bbox 2095 5700 3672 5784">
    <p class='ocr_par' dir='ltr' id='par_1_121' title="bbox 2095 5700 3672 5784">
     <span class='ocr_line' id='line_1_121' title="bbox 2095 5700 3672 5784; baseline -0.001 -29"><span class='ocrx_word' id='word_1_909' title='bbox 2095 5702 2333 5784; x_wconf 56' lang='lat' dir='ltr'><strong>infelici;</strong></span> <span class='ocrx_word' id='word_1_910' title='bbox 2365 5700 2744 5784; x_wconf 71' lang='lat' dir='ltr'><strong>intideliusque</strong></span> <span class='ocrx_word' id='word_1_911' title='bbox 2780 5709 2880 5784; x_wconf 46' lang='lat' dir='ltr'><strong>est‘</strong></span> <span class='ocrx_word' id='word_1_912' title='bbox 2907 5701 2992 5764; x_wconf 82' lang='grc' dir='ltr'>τὸ,</span> <span class='ocrx_word' id='word_1_913' title='bbox 3025 5700 3342 5784; x_wconf 46' lang='grc' dir='ltr'>ήὶίυριακῂ</span> <span class='ocrx_word' id='word_1_914' title='bbox 3377 5701 3479 5770; x_wconf 84' lang='grc' dir='ltr'><strong>τῆς</strong></span> <span class='ocrx_word' id='word_1_915' title='bbox 3513 5703 3672 5775; x_wconf 85' lang='grc' dir='ltr'>χάρι-</span> 
     </span>
    </p>
   </div>
   <div class='ocr_carea' id='block_1_122' title="bbox 2094 5770 3672 5844">
    <p class='ocr_par' dir='ltr' id='par_1_122' title="bbox 2094 5770 3672 5844">
     <span class='ocr_line' id='line_1_122' title="bbox 2094 5770 3672 5844; baseline 0.003 -20"><span class='ocrx_word' id='word_1_916' title='bbox 2094 5770 2523 5844; x_wconf 34' lang='grc' dir='ltr'>τοςνοοιῃίιιίςα</span> <span class='ocrx_word' id='word_1_917' title='bbox 2558 5770 2781 5844; x_wconf 69' lang='lat' dir='ltr'><strong>gratia;</strong></span> <span class='ocrx_word' id='word_1_918' title='bbox 2829 5770 2912 5833; x_wconf 78' lang='grc' dir='ltr'>τὸ.</span> <span class='ocrx_word' id='word_1_919' title='bbox 2955 5770 3237 5842; x_wconf 73' lang='grc' dir='ltr'>κατέλειϐε</span> <span class='ocrx_word' id='word_1_920' title='bbox 3269 5770 3458 5840; x_wconf 82' lang='lat' dir='ltr'><strong>etiam,</strong></span> <span class='ocrx_word' id='word_1_921' title='bbox 3492 5770 3672 5844; x_wconf 77' lang='lat' dir='ltr'><strong>potius</strong></span> 
     </span>
    </p>
   </div>
   <div class='ocr_carea' id='block_1_123' title="bbox 2098 5840 3321 5898">
    <p class='ocr_par' dir='ltr' id='par_1_123' title="bbox 2098 5840 3321 5898">
     <span class='ocr_line' id='line_1_123' title="bbox 2098 5840 3321 5898; baseline 0.002 -2"><span class='ocrx_word' id='word_1_922' title='bbox 2098 5842 2282 5898; x_wconf 73' lang='lat' dir='ltr'><strong>fuerit.</strong></span> <span class='ocrx_word' id='word_1_923' title='bbox 2316 5840 2612 5898; x_wconf 77' lang='lat' dir='ltr'><strong>dittittauit.</strong></span> <span class='ocrx_word' id='word_1_924' title='bbox 2974 5840 2980 5842; x_wconf 18' lang='lat' dir='ltr'>V</span> <span class='ocrx_word' id='word_1_925' title='bbox 3320 5854 3321 5857; x_wconf 76' lang='lat'>‘</span> 
     </span>
    </p>
   </div>
  </div>
