4092 6430
477 431 546 485 55
652 471 654 474 τ
1445 429 1502 484 S.
1545 429 1993 486 AMPIIILOCHII
2035 431 2423 487 ICONIENSIS
2461 424 2770 484 EPISCOPI
3652 423 3730 485 56

476 547 720 603 trimonii
750 549 836 604 lex
868 548 1030 605 insita
1068 558 1172 604 est.
1204 548 1358 616 Quod
1409 550 1454 604 si
1498 550 1681 618 iunior
1732 552 1894 605 vidua
1948 554 2055 606 ﬁlio

2173 554 2212 607 Ξὲ
2243 554 2316 624 μὴ
2350 553 2609 624 πρόσεστι
2637 553 2704 622 τῇ
2733 545 2829 619 νέα
2863 546 3010 617 χήρᾳ
3035 543 3243 609 τέκνον,
3272 541 3416 607 είκδς
3442 543 3611 616 αὐτὴν
3638 545 3736 599 ἐπὶ

473 649 682 707 careat,
719 654 930 710 equum
979 642 1162 708 fuerit,
1197 652 1256 696 ut
1286 642 1602 697 stimulante
1638 644 1809 711 prolis
1837 645 2050 700 deside-

2173 646 2403 716 ῑεύτερον
2453 645 2632 714 γάμον
2671 642 2870 712 ὁρμᾷν,
2930 637 3009 710 τῷ
3049 637 3211 708 ἔρωτι
3250 637 3352 706 τῆς
3389 638 3736 706 φιλοτεχνίας

475 731 556 784 rio
589 732 655 786 ad
688 734 954 787 secundas
990 733 1204 802 nuptias
1231 733 1521 803 prosiliat;
1576 749 1699 788 nam
1752 747 1806 789 et
1852 735 2052 792 Paulus

2173 738 2504 809 ιυττομένην.
2568 733 2820 787 Ἐπειδὰν
2867 731 2961 784 καὶ
2994 729 3153 782 τοῦτο
3185 727 3468 799 παραινῶν
3495 730 3524 782 ὁ
3553 730 3736 798 μακά-

478 825 582 877 Itoc
613 824 911 880 admonens
955 826 1218 880 dicebat:
1268 823 1394 879 Volo
1447 825 1680 888 iuniores
1719 827 1904 880 viduas
1955 845 2056 880 nu-

2173 847 2271 894 >ιος
2303 829 2514 892 Παῦλος
2551 825 2737 896 ἔλεγεν
2780 824 2892 890 (55)
2916 839 2931 853 ’
2959 823 3260 890 Βούλομαι
3302 820 3590 889 νεωτέρας
3626 822 3737 890 χή-

477 913 593 967 bere
622 915 670 946 "
696 933 710 970 :
749 925 968 985 tumque
995 915 1285 972 ostendens
1313 917 1441 986 quid
1469 918 1689 971 secundi
1717 918 2050 972 matrimonii

2173 937 2264 986 >ας
2323 920 2562 990 γαμεῖνο
2631 913 2749 970 εἶτα
2801 914 3013 976 δεικνὺς
3062 913 3114 966 τί
3167 912 3227 965 τὸ
3281 911 3585 981 συμϐάλλον
3635 914 3736 982 τῆς

476 1006 718 1059 accessio
751 1007 1016 1070 conferat,
1072 1006 1316 1074 adiunxit
1364 998 1551 1062 dicens
1587 1025 1600 1060 :
1646 1006 1774 1060 Volo
1812 1009 2052 1076 juniores

2173 1012 2440 1083 τροκοπῆς
2496 1009 2591 1064 τοῦ
2633 1008 2886 1077 δευτέρου
2926 1005 3128 1074 γάμου,
3181 1003 3490 1075 προσέθηκε
3525 1003 3734 1072 λέγων·

476 1097 666 1150 viduas
706 1100 914 1159 nubere,
963 1098 1104 1165 ﬁlios
1131 1113 1426 1167 procreare,
1471 1099 1898 1166 matresfamilias
1923 1116 2050 1153 esse.

2173 1105 2456 1170 Βούλομαι
2495 1099 2786 1166 νεωτέρας
2833 1094 3024 1164 χήρας
3064 1094 3296 1165 ταμεῖν,
3332 1094 3736 1165 τεκνογονεῖν,

484 1189 580 1242 Est
621 1188 804 1258 itaque
833 1189 1061 1258 adjectio
1087 1191 1447 1244 secundarum
1487 1192 1790 1258 nuptiarum
1817 1192 1886 1245 ad
1915 1191 2054 1246 ﬁlios

482 1281 865 1350 procreandos.
912 1280 1046 1336 Cum
1101 1290 1278 1334 autem
1331 1282 1628 1350 prosilicnti
1676 1283 1742 1335 ad
1789 1285 2054 1340 secundas

483 1373 698 1438 nuptias
727 1371 902 1425 vidua:
927 1372 1016 1424 ﬁlii
1040 1383 1185 1436 sunt,
1214 1387 1614 1442 supervacanea
1638 1375 1889 1444 deinceps
1912 1379 2055 1446 ejus-

482 1463 625 1515 modi
685 1463 942 1517 sementis
983 1472 1085 1525 est,
1127 1464 1476 1518 rationalibus
1520 1466 1685 1534 spicis
1727 1482 1793 1521 ex
1828 1470 2056 1524 adverso

484 1553 862 1622 pugnantibus.
1757 1563 1762 1568 '

557 1643 687 1698 VIII.
714 1645 946 1701 Rursum
978 1661 1106 1717 ergo
1144 1648 1209 1704 ad
1234 1649 1384 1719 prius
1413 1657 1783 1722 argumentum
1805 1664 2057 1707 sermone

485 1742 791 1797 redeamus.
830 1744 968 1809 Quid
1013 1745 1177 1813 igitur
1202 1747 1457 1816 deinceps
1506 1748 1883 1818 evangelista?
1919 1764 2058 1819 prae-

483 1841 595 1886 stat
639 1833 782 1886 enim
829 1843 883 1888 ut
930 1835 1291 1890 inluereamus
1316 1836 1567 1905 prtesenti
1597 1838 2053 1892 commentationi.

2156 1191 2620 1247 οἰκοδεσποτεῖν.
2647 1190 2810 1241 Ὥστε
2850 1187 2978 1257 περὶ
3005 1186 3106 1256 τῆς
3128 1185 3469 1252 τεκνογονίας
3497 1186 3529 1253 ή
3563 1200 3740 1255 προσ-

2157 1286 2298 1356 θήκη
2325 1283 2418 1338 τοῦ
2446 1283 2699 1354 δευτέρου
2725 1281 2902 1351 γάμου
2921 1293 2937 1308 ⁸
2961 1280 3089 1332 ὅταν
3112 1278 3170 1331 δὲ
3191 1277 3450 1348 πρόσεστι
3472 1279 3534 1346 τῇ
3567 1275 3743 1347 ὁρμη-

2159 1379 2299 1450 σάσῃ
2347 1379 2491 1448 ⁸χήρᾳ
2545 1374 2680 1447 πρὸς
2723 1373 2900 1443 γάμον
2951 1373 3136 1437 τέκνα,
3193 1371 3448 1440 περιττὸς
3483 1369 3670 1449 λοιπὸν
3706 1369 3744 1424 ὁ

2155 1469 2394 1532 τοιοῦτος
2421 1468 2640 1540 σπόρος,
2671 1465 2780 1518 τῶν
2814 1463 3048 1534 λογικῶν
3079 1461 3364 1534 ἀσταχύων
3386 1461 3496 1533 (56)
3519 1462 3743 1515 άντεοι-

2159 1561 2361 1626 ζὸντων
2382 1559 2517 1630 (37).

2232 1653 2313 1704 H'.
2332 1651 2500 1704 Πάλιν
2518 1642 2612 1702 οὖν
2622 1647 2701 1718 τῷ
2718 1647 2860 1718 λόγῳ
2871 1645 3252 1715 ἐπανέλθωμεν
3273 1662 3409 1716 προς
3427 1645 3526 1716 τὴν
3545 1661 3745 1716 προτε-

2165 1760 2260 1814 ραν
2292 1741 2566 1795 ὑπόθεσιν.
2609 1739 2674 1792 Τί
2706 1739 2800 1793 οὐν
2833 1737 3019 1792 λοιπὸν
3065 1739 3094 1790 ὁ
3121 1736 3540 1807 εὐαγγελιιστὴς;
3577 1737 3745 1789 καλὸν

2161 1832 2270 1904 γάρ
2293 1833 2391 1902 τῆς
2411 1830 2691 1901 παρούσης
2719 1829 3103 1901 πραγματείας
3117 1826 3491 1882 ἐπιλαϐέσθαι.
3508 1828 3745 1891 Ἤκουες

483 1923 693 1978 Atidiin
724 1925 885 1978 modo
911 1925 1110 1980 Lucam
1141 1899 1528 1994 eVangelistam
1555 1928 1843 1993 dicentem,
1869 1944 2057 1997 quem-

2173 1899 2372 1998 ἰιρτίως
2434 1899 2530 1978 tot?
2583 1899 2970 1992 εὐαγγελιστοῦ
3017 1923 3200 1976 Λουκᾶ
3241 1921 3510 1990 λέγοντος,
3559 1921 3676 1984 πῶς
3713 1923 3748 1974 ὁ

484 2015 771 2070 admodum
819 2016 1040 2072 Simeon
1095 2019 1292 2074 dixerit
1342 2019 1408 2073 ad
1454 2017 1726 2090 Virginem
1761 2038 1773 2090 :_
1809 2019 1940 2073 Ecce
1973 2020 2056 2072 hic

483 2111 685 2177 positus
730 2121 807 2164 est
853 2112 906 2163 in
960 2113 1171 2164 ruinam
1210 2122 1258 2165 et
1297 2113 1728 2166 resurrectionem
1763 2088 2056 2165 [multorum

485 2203 538 2254 in
563 2200 757 2265 Israel,
813 2214 860 2256 et
906 2204 959 2255 in
1014 2204 1221 2272 signum
1249 2203 1336 2256 cui
1369 2202 1763 2256 contradicatur
1786 2217 1806 2256 :
1832 2214 1878 2255 et
1913 2214 2058 2258 tuam

489 2293 654 2354 ipsius
687 2295 922 2346 animam
969 2294 1308 2362 pertransibit
1334 2294 1564 2361 gladius.
1593 2293 1728 2358 Quid
1758 2297 1858 2347 hoc
1889 2311 2055 2350 vero:

490 2379 559 2434 Et
588 2391 730 2434 tuam
754 2382 916 2450 ipsius
945 2381 1173 2434 animam
1218 2379 1554 2449 pertransibit
1583 2379 1791 2448 gladius
1813 2379 1897 2433 7'?
1925 2380 2058 2432 Audi

489 2473 710 2526 cordate
757 2481 812 2525 et
875 2471 1292 2542 intelligonter:
1342 2485 1461 2523 cum
1520 2469 1740 2523 Simeon
1792 2468 1936 2524 clare
1992 2469 2060 2522 ad

489 2562 726 2632 Virginis
782 2562 992 2617 locutus
1043 2577 1238 2627 aures,
1298 2561 1528 2630 positmn
1580 2561 1803 2615 dixisset
1848 2561 1901 2613 in
1953 2560 2064 2613 rui-

489 2671 614 2708 nam
651 2663 704 2708 et
737 2655 1188 2708 resurrectionem
1239 2632 1529 2706 multorum
1579 2653 1631 2705 in
1679 2651 1862 2715 Israel,
1919 2663 1971 2706 et
2009 2654 2060 2705 in

490 2749 703 2814 signum
751 2745 837 2800 cui
897 2746 1400 2810 contradiceretur;
1456 2744 1680 2798 moleste
1733 2743 1911 2798 forsan
1947 2743 2065 2797 tulit

493 2838 658 2906 Virgo
711 2846 772 2891 ut
827 2837 1036 2891 Domini
1081 2849 1276 2903 mater,
1325 2832 1679 2904 motaque'in
1734 2835 2062 2900 Simeonem,

493 2930 574 2981 sic
616 2943 737 2982 eum
792 2927 951 2981 ali-sta
985 2938 1066 2982 est
1103 2944 1119 2981 :
1162 2927 1372 2992 Nescis,
1411 2929 1592 2990 homo,
1628 2927 1755 2995 quid
1785 2927 2064 2996 praedices.

497 3017 711 3089 Ergone.
744 3019 915 3073 tristia
954 3020 1019 3073 de
1059 3019 1276 3072 Christo
1307 3018 1634 3073 annuntias?
1660 3019 1881 3088 Ignoras
1917 3019 2064 3089 pueri

494 3109 928 3176 conceptionem,
969 3121 1023 3164 et
1071 3120 1323 3178 tanquam
1360 3112 1664 3165 communis
1700 3122 1906 3179 partus,
1938 3128 2066 3166 con-

2160 2014 2384 2086 Συμεὼν
2433 2015 2570 2086 πρὸς
2597 2015 2697 2085 τὴν
2729 2013 2994 2084 παρθένον
3021 2012 3125 2083 ἔφη
3148 2029 3162 2044 ·
3207 2012 3352 2066 Ἰδοὺ
3393 2007 3572 2076 οὗτος
3623 2011 3749 2064 κεῖ-

2159 2124 2251 2160 ται
2277 2109 2365 2173 εἰς
2395 2105 2626 2159 πτῶσιν
2649 2105 2749 2159 καὶ
2773 2103 3116 2159 ἀνάστασιν
3147 2103 3395 2157 πολλῶν
3427 2104 3498 2155 ἐν
3521 2101 3600 2166 τῷ
3633 2103 3747 2155 Ἰσ-

2152 2197 2337 2266 ραὴλ,
2373 2197 2470 2252 καὶ
2498 2199 2587 2264 εὶς
2621 2195 2874 2265 σημεῖον
2894 2196 3383 2264 ἀντιλεγόμενον·
3411 2193 3511 2246 καὶ
3539 2193 3654 2246 σοῦ
3675 2191 3748 2244 δὲ

2159 2289 2351 2357 αὺτὴς
2407 2289 2522 2354 τὴν
2567 2287 2784 2357 ψυχὴν
2832 2287 3205 2341 διελεύσεται
3244 2286 3528 2354 ῥομφαία.
3581 2284 3645 2336 Τί
3684 2285 3746 2337 δέ

2162 2381 2298 2440 ἐστι,
2335 2377 2443 2432 Καὶ
2483 2376 2600 2431 σοῦ
2637 2376 2707 2430 δὲ
2742 2375 2935 2443 αὐτῆς
2980 2374 3098 2443 τὴν
3135 2374 3348 2444 ψυχὴν
3373 2373 3748 2427 διελεύσεται

2155 2473 2462 2540 ῥομφαίας
2497 2471 2694 2523 Ἀκουε
2731 2469 2965 2532 συνετῶς
2985 2484 2999 2498 °
3027 2465 3119 2521 τοῦ
3150 2466 3434 2537 Συμεῶνος
3465 2466 3749 2536 εἰρηκότος

2163 2563 2292 2634 περὶ
2337 2562 2430 2615 τοῦ
2478 2561 2682 2633 Κυρίου
2740 2564 2820 2625 είς
2857 2560 3179 2625 ἐξάκουστον
3233 2558 3341 2610 τῶν
3397 2556 3752 2628 Παρθενικῶν

2165 2653 2343 2707 ἀκοῶν
2372 2653 2452 2717 τὺ,
2492 2653 2640 2707 Ἰδοὺ
2663 2649 2842 2719 οὗτος
2875 2651 3062 2706 κεῖται
3095 2653 3183 2717 εἰς
3219 2648 3452 2703 πτῶσιν
3479 2649 3578 2702 καὶ
3609 2647 3753 2703 ἀνά-

2165 2758 2388 2797 στασιν
2426 2743 2674 2798 πολλῶν
2704 2744 2774 2796 ὲν
2804 2742 2886 2808 τῷ
2923 2740 3195 2810 Ἰσραὴλ,
3230 2741 3328 2794 καὶ
3371 2742 3458 2807 εὶς
3497 2739 3753 2808 σημεῖον

2165 2836 2644 2904 ἀντιλεγόμενον,
2685 2834 3062 2905 ἠγανάκτησεν
3119 2833 3262 2898 εἰκὸς
3295 2835 3328 2904 ἡ
3363 2832 3635 2903 Παρθένος
3674 2833 3753 2896 ὡς

2171 2930 2356 3002 μήτηρ
2380 2929 2475 2982 τοῦ
2497 2929 2702 3000 Κυρίου
2731 2929 2873 2982 κατὰ
2898 2927 2990 2980 τοῦ
3019 2927 3323 2998 Συμεῶνος,
3349 2927 3580 2994 λέγουσα
3613 2929 3752 2996 πρὸς

2171 3021 2331 3076 αὐτόν
2356 3037 2368 3051 ⁸
2401 3020 2517 3074 Οὐκ
2547 3015 2693 3083 οἶδας
2721 3019 2771 3072 τί
2794 3018 3150 3090 διαγορεύεις,
3186 3018 3459 3089 ἄνθρωπε.
3508 3018 3627 3070 Ἐπὶ
3659 3018 3754 3069 τὸν

2170 3109 2400 3182 Χριστὸν
2427 3109 2724 3180 σκυθρωπὰ
2745 3109 3136 3183 καταγγέλλεις
3159 3125 3173 3173 ;
3200 3107 3318 3162 Οὐκ
3339 3104 3487 3171 οἶδας
3509 3109 3609 3179 τὴν
3633 3107 3754 3160 σύλ-

494 3199 834 3254 tradictionis
885 3202 1098 3269 signum
1150 3201 1457 3271 signiﬁcas?
1487 3202 1639 3257 Nulla
1671 3213 1751 3257 est
1775 3203 1828 3258 in
1858 3218 1922 3259 eo
1951 3205 2064 3257 rui-

2175 3203 2335 3273 ληψιν
2365 3202 2459 3255 τοῦ
2487 3201 2718 3264 παιδίου,
2751 3202 2841 3254 καὶ
2863 3201 2940 3264 ῶς
2967 3200 3148 3254 κοινοῦ
3171 3200 3330 3252 τόκου
3363 3202 3586 3270 σημεῖον
3610 3199 3754 3252 άντι-

493 3305 600 3356 na;
656 3293 750 3351 sed
792 3291 957 3346 multa
1007 3292 1284 3357 exultatio,
1317 3293 1589 3363 multaque
1617 3294 1669 3348 in
1699 3309 1882 3348 eorum
1914 3310 2068 3349 usum

494 3385 586 3450 qui
619 3385 940 3440 beneﬁcium
966 3397 1392 3454 consequuntur,
1418 3387 1699 3442 demissio.
1727 3386 1919 3454 Quidni
1945 3403 2072 3456 ergo

493 3476 792 3541 bcnedicis,
840 3477 934 3531 sed
985 3478 1102 3532 ais:
1135 3478 1267 3532 Ecce
1301 3479 1386 3531 hic
1419 3480 1619 3544 positus
1661 3488 1735 3532 est
1772 3481 1824 3531 in
1865 3478 2071 3531 ruinam

497 3577 544 3620 et
598 3568 652 3621 iu
699 3569 1126 3622 resurrectione»:
1172 3569 1454 3620 multorum
1501 3568 1555 3621 in
1609 3567 1802 3630 Israel,
1837 3579 1882 3621 et
1916 3569 1972 3622 in
2011 3569 2075 3621 si-

499 3674 660 3727 gnum
713 3659 798 3711 cui
835 3659 1266 3712 contradicatur?
1296 3658 1514 3712 Simeon
1561 3674 1721 3727 porro
1772 3661 1838 3714 ad
1898 3659 2072 3726 Virgi-

501 3763 670 3803 nem:
709 3746 805 3802 Sat
861 3750 954 3802 tibi
1009 3760 1113 3812 est,
1172 3750 1352 3818 Virgo,
1416 3751 1558 3820 quod
1611 3749 1821 3802 voceris
1879 3758 2070 3802 mater.

500 3839 729 3894 Abunde
781 3847 883 3902 est,
932 3850 990 3892 ut
1035 3839 1154 3908 ejus
1201 3841 1416 3894 inventa
1451 3841 1527 3894 sis
1569 3840 1772 3900 nutrix,
1802 3840 1891 3908 qui
1921 3855 2076 3892 mun-

503 3933 628 3986 dum
684 3931 994 3984 universum
1047 3931 1234 3985 nutrit.
1297 3929 1571 4000 Magnum,
1625 3942 1684 3984 ut
1736 3945 1858 3983 eum
1909 3945 2075 3985 carne

505 4025 830 4093 portaveris,
880 4023 970 4091 qui
1013 4024 1261 4076 universa
1303 4032 1501 4092 portat.
1533 4022 1633 4089 Qui
1663 4022 1772 4090 jam
1808 4022 1859 4076 in
1897 4032 1949 4075 te
1979 4023 2076 4076 do-

507 4111 768 4166 micilium
796 4112 1045 4167 Christus
1076 4113 1284 4175 habuit,
1325 4113 1439 4182 ipse
1475 4115 1613 4166 idem
1654 4123 1711 4166 ut
1744 4115 1844 4169 hoc
1881 4115 2076 4182 inprae-

504 4203 805 4259 sentiarum
858 4205 923 4257 de
949 4205 1062 4271 ipso
1111 4203 1384 4272 loquerer,
1437 4205 1701 4272 disposuit
1751 4224 1766 4260 :
1815 4206 1950 4259 Ecce
1991 4207 2075 4260 hic

505 4297 704 4364 positus
735 4296 884 4348 estin
914 4295 1120 4347 ruinam
1151 4306 1198 4347 et
1229 4296 1281 4348 in
1315 4298 1744 4350 resurrectionem
1791 4296 2076 4350 multorum

505 4387 559 4439 in
593 4386 783 4440 Israel.
812 4386 866 4439 In
904 4387 1109 4438 ruinam
1135 4386 1350 4456 quidem
1376 4387 1669 4440 inﬁdelium
1726 4387 2028 4441 Judzeorum
2060 4405 2074 4441 :

507 4478 561 4531 in
597 4477 1045 4531 resurrectionem
1076 4486 1253 4529 autem
1290 4475 1524 4530 ﬁdelium
1551 4479 1808 4548 gentium.
1839 4477 1972 4531 Ecce
1992 4479 2078 4531 Itic

586 4675 636 4707 ‘"
665 4675 683 4729 l
709 4675 852 4728 Tim.
882 4692 937 4742 ν,
965 4675 1052 4728 II.
1125 4676 1170 4707 ⁷⁵
1195 4674 1326 4729 Luc.
1355 4691 1414 4741 ιι,
1441 4675 1530 4740 34,
1557 4674 1646 4729 55.

589 4889 699 4954 (35‘)
723 4889 991 4954 Ἔλεγεν.
1026 4885 1108 4938 Al.
1144 4884 1406 4955 κέκραγε.
1435 4883 1602 4938 Paulo
1631 4893 1748 4952 post
1771 4899 1866 4952 pro
1899 4898 2086 4935 τεκνο-

517 4959 703 5026 γονίας
738 4959 808 5008 al.
851 4955 1211 5026 παιδοποιΐας.

564 5019 700 5095 ,(56)
731 5026 852 5080 Τῶν
872 5023 1128 5092 λογικῶν
1148 5024 1468 5095 ἀσταχύων
1499 5019 1938 5095 ἀντεριζόντων.
1963 5019 2091 5071 νει.

520 5107 576 5150 ut
604 5093 866 5150 secundae
917 5095 1118 5161 ttuptim
1179 5094 1372 5147 cedant
1423 5093 1474 5144 in
1528 5094 1778 5161 damnum
1833 5093 2085 5143 illorum:

518 5167 659 5232 quod
722 5160 1040 5235 plerumque
1075 5164 1292 5217 accidit.
1341 5160 1939 5235 Edita_,_é'rspt§6v~:wv,
1999 5161 2088 5213 ubi

519 5232 782 5290 Silanus:
836 5234 1039 5300 Quippe
1091 5235 1294 5286 ratione
1333 5232 1568 5298 praeditis
1612 5233 1790 5297 spicis,
1842 5244 2087 5283 naturam

519 5316 673 5374 atque
705 5303 1055 5357 conditionem
1093 5301 1428 5374 sortientibus
1465 5301 1718 5374 diversam
1747 5315 1764 5353 :
1792 5301 1934 5367 quod
1960 5315 2090 5374 con-

517 5371 628 5428 stat
661 5375 841 5428 minus
871 5384 1073 5440 aptum.
1103 5372 1256 5437 Quod
1281 5372 1424 5425 enim
1457 5371 1721 5439 praecipue
1747 5379 1915 5440 nocet
1938 5371 2085 5436 prio-

518 5446 595 5498 ris
624 5445 724 5496 tori
751 5439 1011 5510 prolibus,
1035 5442 1176 5494 aliud
1206 5452 1316 5505 est;
1352 5441 1468 5510 ipsa
1492 5439 1922 5510 scilicetinducti
1954 5454 2080 5490 con.

515 5511 659 5584 jugis
691 5509 979 5584 inaﬂ‘ectio,
1011 5513 1250 5584 inquam
1288 5512 1600 5584 plerumque
1636 5509 1799 5584 etiam
1841 5509 1998 5584 alter,
2031 5518 2085 5560 et

520 5578 682 5636 Verus
711 5597 908 5650 parens
941 5578 1197 5643 declinat,
1227 5578 1404 5635 studio
1448 5580 1608 5635 illius.
1640 5578 2085 5650 Repugnantibus

521 5667 672 5719 ergo,
703 5648 770 5704 ex
803 5652 908 5706 hoc
951 5651 1176 5718 aliisque
1209 5649 1585 5713 incommodis,
1612 5649 1800 5717 primis
1823 5648 2082 5719 prolihns.

524 5717 630 5772 non
664 5720 823 5774 facile
869 5717 1260 5774 convolandum
1302 5719 1517 5774 habenti
1559 5719 1878 5787 superstites
1908 5717 2087 5787 proles

525 5789 592 5841 ad
621 5793 887 5843 secundas
937 5791 1172 5857 nuptias.
1203 5790 1520 5857 Quanquam
1557 5785 1654 5841 nec
1685 5789 1764 5841 sic
1797 5785 2088 5857 convolare

524 5857 597 5913 sit
625 5859 840 5926 proprie
864 5855 1068 5915 crimen
1101 5877 1115 5914 :
1152 5862 1253 5916 etsi
1285 5855 1712 5929 Amphilochius,
1746 5873 1814 5914 ex
1846 5855 2084 5925 quadam

2175 3294 2363 3363 λογίας
2407 3293 2666 3364 μηνύεις;
2706 3292 2948 3364 Οὐδεμία
2983 3293 3190 3354 πτῶσις
3234 3293 3292 3343 ὲν
3336 3291 3512 3362 αὐτῷ·
3545 3291 3754 3360 ὐψωςις

2173 3386 2231 3439 δὲ
2261 3385 2429 3455 πολλὴ
2463 3385 2557 3438 καὶ
2589 3384 2990 3452 συγκαταϐασις
3014 3386 3126 3446 τοῖς
3155 3382 3645 3454 εὐεργετουμένοις.
3686 3381 3755 3432 Τί

2172 3474 2264 3533 οὖν
2288 3478 2388 3531 οὐκ
2417 3478 2681 3545 εὐλογεῖς,
2716 3476 2849 3530 ἀλλὰ
2891 3476 3142 3545 φάσκεις,
3185 3475 3330 3529 Ἰδοὺ
3357 3470 3536 3536 οὗτος
3567 3473 3754 3526 κεῖται

2172 3573 2260 3636 εἰς
2279 3570 2512 3622 πτῶσιν
2540 3569 2638 3622 καὶ
2667 3567 3006 3622 ἀνάστασιν
3028 3564 3274 3621 πολλῶν
3299 3565 3370 3618 ἐν
3387 3565 3469 3630 τῷ
3493 3563 3752 3631 Ἰσραὴλ,

2175 3662 2273 3715 καὶ
2319 3663 2407 3726 εις
2457 3659 2715 3730 σημεῖον
2766 3660 3261 3729 ἀντιλεγόμενον;
3309 3659 3368 3710 ὐ
3422 3658 3478 3710 δὲ
3530 3655 3755 3728 Συμεὼν

2176 3752 2312 3824 πρὸς
2343 3754 2440 3822 τὴν
2469 3752 2747 3822 Παρθένον
2770 3767 2785 3782 ·
2827 3751 3015 3822 Ἀρκεῖ
3049 3767 3153 3813 σοι,
3183 3748 3454 3820 Παρθένε,
3474 3747 3554 3809 τὸ,
3591 3747 3757 3818 μητέ-

2180 3861 2248 3917 ρα
2276 3861 2334 3896 σε
2365 3844 2657 3914 κληθῆναι·
2689 3843 2870 3898 ἱκανόν
2901 3861 2983 3896 σοι
3014 3842 3094 3907 τὸ,
3119 3841 3318 3913 τροφὸν
3350 3840 3638 3911 εὑρεθῆναι
3661 3838 3753 3890 τοῦ

2174 3937 2466 4008 τρέφοντος
2504 3937 2595 3991 τὸν
2626 3937 2848 4012 κόσμον.
2881 3937 3044 4005 Μέγα
3072 3952 3154 3987 σοι
3186 3934 3267 3998 τὸ,
3297 3933 3462 4004 σαρκὶ
3493 3931 3757 4002 βαστάσαι

2175 4024 2268 4076 τὸν
2315 4023 2383 4076 τά
2425 4025 2602 4077 πάντα
2648 4023 3001 4096 βαστάζοντα.
3043 4023 3102 4076 '0
3151 4025 3210 4076 ὲν
3252 4022 3352 4075 σοὶ.
3377 4021 3611 4091 Χριστὸς
3660 4019 3757 4072 νῦν

2183 4115 2534 4184 κατοικήσας,
2569 4116 2663 4168 καὶ
2696 4117 2754 4168 ἐν
2776 4115 2898 4185 ἐμοὶ
2929 4115 3041 4182 (58)
3065 4112 3159 4166 νῦν
3185 4113 3214 4164 ὁ
3237 4111 3399 4174 αὐτὸς
3431 4111 3561 4181 περὶ
3590 4107 3755 4162 αὐτοῦ

2182 4204 2479 4276 λαληθῆναι
2510 4208 2943 4278 παρεσκεύασεν,
2967 4208 3048 4259 ὅτι
3079 4201 3258 4270 οὗτος
3285 4203 3471 4258 κεῖται
3497 4205 3583 4267 εις
3606 4198 3758 4252 πτῶ-

2183 4312 2289 4351 σιν
2346 4298 2444 4351 xai
2491 4298 2830 4352 ἀνάστασιν
2871 4297 3120 4351 πολλῶν
3153 4297 3222 4349 ἐν
3245 4293 3326 4359 τῷ
3359 4292 3638 4361 Ἰσραήλ·
3678 4293 3758 4354 είς

2185 4390 2390 4441 πτῶσιν
2449 4389 2548 4460 μὲν
2600 4390 2709 4442 τῶν
2747 4391 2994 4443 ἀπίστων
3042 4388 3330 4448 Ἰουδαίων,
3361 4385 3657 4439 ἀνάστασιν
3699 4382 3759 4436 δὲ

2185 4476 2293 4529 τῶν
2352 4480 2714 4532 πιστευόντων
2767 4479 2954 4533 ἐθνῶν.
3019 4479 3163 4532 Ἰδοὺ
3219 4473 3399 4540 οὗτος
3453 4474 3636 4527 κεῖται
3675 4475 3760 4538 εις

2121 4883 2163 4935 D
2195 4878 2317 4932 mali
2366 4878 2562 4946 Spet‘it‘,
2613 4875 2906 4930 faciliorem
2957 4874 3105 4928 illum
3157 4873 3571 4946 transitum,_et
3618 4867 3765 4921 velut

2197 4941 2669 5017 prioris-conjugis
2714 4947 3018 5017 neglectam
3049 4945 3387 5017 memoriam,
3423 4941 3628 5017 crimen
3666 4953 3765 4990 vo-

2195 5010 2352 5072 carit.
2392 5010 2825 5084 Sicque‘Grmcis
2853 5014 3136 5068 invidiosae
3161 5021 3286 5084 sunt
3317 5013 3421 5084 illa:
3453 5010 3649 5074 saepius
3681 5023 3768 5059 re-

2193 5089 2373 5155 petita:
2402 5081 2624 5154 nuptias,
2650 5095 2710 5138 ut
2743 5101 2846 5138 non
2881 5087 3040 5137 modo
3076 5099 3181 5136 non
3216 5081 3537 5134 henedicant
3571 5091 3766 5155 secun-

2193 5147 2313 5221 das,
2348 5157 2443 5211 sed
2471 5147 2802 5210 abhorreant
2831 5157 3039 5217 tertias,
3073 5164 3412 5223 quartusque
3439 5149 3612 5217 poenis
3639 5147 3770 5199 sub-

2193 5227 2398 5280 iiciant.
2561 5241 2564 5244 '

2185 5244 2398 5367 pelagi.
2421 5294 2885 5367 Ἀντεριτόντῳν.
2913 5292 3215 5367 Cotelerius
3239 5291 3305 5344 ad
3342 5287 3565 5367 Constit,
3595 5293 3768 5367 «post.

2188 5360 2283 5419 lib;
2309 5360 2390 5430 Ili,
2421 5382 2540 5434 cap.
2577 5360 2634 5429 Ξ,
2680 5365 2732 5418 ἰιι
2785 5363 3089 5429 hujusmodi
3134 5363 3308 5434 locum
3355 5363 3467 5434 hace
3501 5360 3765 5434 adnotat:

2195 5455 2213 5487 ι
2241 5436 2345 5488 Pro
2369 5424 2768 5506 ἆντέριζόντωνᾼ
2788 5424 2916 5506 edit.
2937 5431 3315 5506 Comheflstat
3340 5429 3556 5497 quidem
3575 5424 3770 5506 licam!

2191 5493 2525 5560 hihliotheca';
2553 5493 2716 5574 codex
2745 5504 2880 5571 205;
2912 5493 3382 5574 μνοίέτεριζόντων
3417 5512 3542 5574 vero
3569 5493 3771 5574 Βρίξιλ-

2192 5577 2351 5629 theca:
2388 5575 2500 5629 PP.
2539 5573 2718 5627 Paris.
2754 5563 2887 5645 tom.
2912 5563 3053 5636 XIII,
3085 5563 3208 5640 pag.
3244 5569 3381 5645 841,
3401 5568 3568 5645 cades

2195 5647 2299 5698 Sed
2345 5645 2499 5712 longe
2539 5645 2739 5698 rectius
2778 5633 3062 5707 ambobus,
3080 5633 3266 5712 γίιιόοξ
3293 5633 3767 5712 quidem‘jndicio,

2193 5713 2411 5768 codices
2437 5704 2558 5768 ‘106
2584 5723 2638 5767 et
2682 5714 2786 5766 M5
2834 5704 3479 5780 Ιιιιίιειιιέταιριζόντων,
3525 5704 3627 5757 hoc
3659 5714 3768 5768 est,

2193 5784 2616 5837 adulterinarum
2655 5786 2932 5852 spicarum
2981 5781 3392 5852 rationatium.)

2261 5852 2374 5925 (38)
2399 5854 2502 5908 ‘Er
2527 5851 2678 5922 ἐμοί.
2693 5838 2794 5908 Ἀί.
2825 5853 2945 5915 ἐμέ.
2979 5851 3046 5906 Et
3069 5864 3216 5917 mox,
3247 5849 3377 5918 περὶ
3402 5841 3566 5901 αὐτοῦ
3593 5838 3774 5898 Μλεῖέ
