4092 6450
299 447 341 507 ⁵³
1519 482 1777 540 onA'rto
1813 484 1881 540 1N
1919 486 2296 545 uacuuszat
2338 488 2589 545 novum.
3612 477 3682 536 58

311 584 527 630 πυσιν
595 585 719 639 ναὶ
769 590 1208 652 ἀνάστασιν
1247 599 1489 655 πολλῶν
1521 603 1592 654 ἐν
1633 601 1714 668 τῷ
1746 604 1998 671 Ἰσραὴλ.

318 663 389 719 καὶ
410 669 515 719 εἷο
549 678 871 719 στυιεῖιαρ
903 686 1075 719 λα.-.
1099 693 1412 719 1....λ.....,....
1434 710 1446 719 .
1484 694 1709 719 ...η-τ...
1742 690 1987 719 summ—.4

2108 608 2311 675 positus
2343 618 2417 661 est
2445 608 2500 660 in
2533 606 2741 659 ruinam
2770 613 2818 657 et
2854 610 3282 656 resurrectionem
3312 597 3595 653 multorum
3623 599 3683 651 in

2118 697 2313 719 s_c--r_
2358 708 2394 719 _.
2432 699 2479 719 :__
2528 699 2725 719 _:____...
2763 697 2841 719 ---ε
2876 694 3263 719 --_...-.s:--.....
3288 707 3302 719 .
3332 692 3546 719 ,ιε-...ιη-
3593 688 3678 719 ιι.ιῖ

410 669 515 735 εὶς
543 678 871 768 ξπιμεῖω·
901 686 1412 761 ἀντιλεγόμενον
1434 710 1446 722 ·
1483 694 1709 762 σημεῖον
1740 669 1998 756 aviam

2102 697 2313 764 Israel;
2345 708 2394 753 et
2427 699 2483 753 in
2522 699 2728 768 signum
2755 697 2841 749 cui
2868 694 3263 748 eontradicatur
3282 707 3302 747 :
3331 692 3546 761 signum
3592 688 3680 743 cui

508 765 616 871 ’Ξὺν
645 775 953 873 σταυρὸν
987 780 1482 852 προσαγορεύσας.
1517 780 1617 834 Διά
1657 780 1741 845 τί;
1790 779 1998 850 Ἐπειδὴ

2105 789 2518 852 contradicitur,
2557 765 2773 842 crucem
2798 785 3094 855 appellans.
3121 782 3514 851 Quamobrem?
3541 779 3678 847 Quia

341 854 389 907 tv
412 856 570 929 αξιτῷ
597 859 693 932 τῷ
718 868 991 939 σταυρῷ
1030 871 1234 927 πολλοὶ
1279 871 1381 926 τῶν
1419 872 1665 926 ἀπίστων
1702 869 1998 940 ἀντιλογίας

2106 881 2259 935 multi
2303 879 2548 935 inﬁdeles
2596 877 2650 932 in
2704 854 3028 946 ipsaicruce
3071 874 3516 931 contradixerunt
3567 872 3678 925 Do-

354 951 908 1052 πῳσῦξδεγκανμπῷ
963 963 1201 1034 Κυρίῳ,
1230 964 1323 1017 καὶ
1351 963 1529 1033 λόγοις
1567 963 1658 1018 καὶ
1683 962 1865 1036 ἔργοις
1892 978 1998 1015 κω·

2105 974 2274 1034 mino,
2299 979 2355 1025 et
2374 970 2554 1025 verbis
2573 976 2629 1023 et
2652 966 2809 1023 factis
2831 967 3195 1031 traducentes,
3221 973 3471 1034 potantes
3497 973 3675 1027 aceto,

378 1042 666 1141 νςυῇοῖξεστες
692 1088 709 1112 ι
981 1054 1332 1121 ποτίζοντες,
1382 1054 1551 1126 ,χολὴν
1613 1054 1998 1126 προσάγοντες,

2104 1062 2176 1117 tcl
2206 1063 2576 1125 admoventes,
2607 1060 2950 1141 imponeptes
2975 1071 3233 1112 coronam
3262 1056 3529 1125 spineam,
3561 1054 3678 1106 lan-

399 1135 662 1241 ὼιάνδινον
703 1139 1012 1211 στέφανον
1047 1144 1384 1217 περιθέντες,
1426 1145 1597 1218 λόγχῃ
1624 1144 1723 1217 τὴν
1764 1143 2004 1215 πλευρὰν

410 1234 691 1293 νύττοντες,
730 1235 913 1303 χερσὶ
962 1234 1313 1305 ραπίζοντες,
1350 1236 1717 1300 ὀνειδιστικοϊς
1772 1234 2004 1306 βοῶντες

415 1320 605 1389 λόγοις·
637 1323 930 1393 Ἄλλους
960 1327 1230 1393 ἔσωσεν,
1264 1328 1481 1382 ἑαυτὸν
1499 1330 1571 1383 οὐ
1607 1327 1855 1383 δύναται
1886 1327 2003 1381 σῶ-
2030 1357 2035 1362 -

421 1427 535 1465 σω.
560 1412 731 1467 Τοῦτο
758 1411 861 1470 οὖν
895 1417 1224 1488 ἑρμηνεύων
1251 1418 1280 1471 ὁ
1304 1417 1526 1489 Συμεὼν
1560 1417 1712 1487 ἔλεγε
1731 1434 1745 1449 ⁸
1772 1416 1883 1473 Καὶ
1914 1419 2003 1485 εἰς

423 1503 663 1571 σημεῖον
679 1504 1182 1577 ἀντιλεγόμενον.
1206 1506 1397 1563 Πολλοὶ⁸
1417 1508 1526 1580 γὰρ
1556 1510 1807 1562 ἀντεῖπον
1826 1527 1841 1541 ο
1871 1510 1900 1563 ὅ
1935 1526 1999 1563 τε

426 1596 622 1664 Πέτρος
642 1598 948 1669 ἠρνήσατο,
984 1600 1077 1653 καὶ
1100 1600 1301 1663 πάντες
1326 1601 1376 1653 ot
1421 1600 1709 1654 ἀπόστολοι
1742 1600 1818 1664 ὡς
1838 1601 1999 1654 ἀποί-

422 1704 599 1757 tum
624 1689 880 1760 πρόϐατα
899 1689 1339 1761 διεσκορπίζοντο
1360 1710 1376 1724 -
1408 1693 1468 1746 ὲν
1499 1691 1578 1763 τῷ
1601 1686 1692 1745 οὖν
1724 1691 2000 1763 σταυρικῷ

418 1779 650 1849 σημείῳ,
675 1781 774 1833 καὶ
801 1782 975 1852 αὐτῆς
998 1782 1101 1853 τῆς
1128 1782 1402 1854 Παρθένου
1427 1783 1781 1855 ἐπεπλήρωτο
1810 1784 1844 1854 ὴ
1865 1801 2000 1854 καρ-

414 1870 508 1925 δία
539 1871 716 1942 λύπης
731 1888 748 1904 ο
768 1873 852 1927 διὸ
870 1875 970 1928 καὶ
994 1874 1149 1943 ἔλεγε
1173 1891 1186 1905 ·
1215 1875 1314 1929 Διά
1338 1874 1392 1928 τί
1424 1874 1499 1946 μὴ
1522 1873 1994 1946 προετελεύτησα;

416 1963 520 2015 Διά
550 1963 688 2017 τίδὲ
725 1963 826 2036 τὴν
858 1965 1072 2036 ἡμέραν
1099 1965 1303 2037 ταύτην
1346 1965 1680 2032 κατέλαϐον;
1719 1965 1995 2037 Παρθένος
2025 1949 2068 2004 Β

418 2057 737 2126 μεμένηκα.
768 2057 863 2111 καὶ
892 2056 1112 2128 μείζονα
1138 2055 1412 2129 μητρῴοις
1430 2060 1545 2122 τοῖς
1568 2057 1897 2128 σπλάγχνοις
1914 2059 1999 2113 δάε

414 2164 642 2216 κνομαι.
673 2147 913 2212 Τούτους
954 2148 1078 2213 τοὺς
1105 2148 1364 2219 ἀπείρους
1391 2149 1685 2220 λογισμοὺς
1720 2149 1820 2220 τῆς
1850 2150 2000 2221 Παρ-

415 2237 598 2301 θένω,
623 2238 902 2309 ρομςςαίαν
922 2241 951 2292 ὀ
972 2238 1193 2311 Συμεὼν
1206 2240 1662 2311 προσηγόρευσεν,
1690 2240 1765 2304 ὡς
1786 2239 2000 2294 νύττον-

413 2344 519 2392 ea;
551 2331 625 2382 τὰ
653 2329 923 2396 emta,
948 2330 1023 2394 ὠς
1065 2331 1333 2386 σκάνδαλα
1363 2332 1773 2403 προσοίσοντας,
1811 2330 1998 2395 καθὼς

414 2422 515 2475 καὶ
552 2424 584 2475 ὁ
618 2423 826 2492 Κύριος
852 2426 1105 2494 προεῖπε·
1149 2423 1377 2491 Πάντες
1406 2426 1476 2478 ἐν
1508 2425 1639 2494 ἐμοὶ
1670 2425 1998 2480 σκανδαλι-

410 2513 733 2580 σθήσεσθε
757 2514 827 2568 ἐν
852 2514 928 2582 τῇ
950 2515 1124 2569 νυκτὶ
1156 2517 1340 2584 ταύτῃ
1356 2532 1370 2546 ·
1396 2515 1518 2569 ὅθεν
1542 2517 1636 2571 καὶ
1660 2517 1936 2589 ἐπήγαγεν
1964 2520 1998 2571 ό

413 2604 651 2676 Συμεὼν
682 2605 907 2674 φάσκων
928 2623 943 2637 ·
993 2607 1101 2662 Καὶ
1150 2606 1267 2662 σοῦ
1303 2607 1372 2660 δὲ
1412 2608 1603 2677 αὐτῆς
1632 2607 1747 2677 τὴν
1783 2609 1997 2677 ψυχὴν

324 2713 331 2716 ·
412 2697 793 2752 διελεύσεται
805 2699 1090 2768 ῥομφαία,
1118 2698 1277 2765 ὅπως
1302 2698 1380 2753 ἂν
1400 2700 1910 2769 ἀποκαλυφθῶσιν
1925 2701 1995 2755 ἐκ

415 2785 672 2841 πολλῶν
728 2786 984 2855 καρδιῶν
1043 2788 1440 2859 διαλογισμοί.
1490 2790 1635 2860 Ὅρα
1696 2790 1815 2854 πῶς
1868 2792 1995 2854 τοὺς

416 2880 688 2948 ἀπείρους
726 2880 1107 2951 διαλογισμοὺς
1161 2882 1433 2953 ῥομφαίαν
1480 2882 1924 2954 προσηγόρευσεν
1966 2885 1997 2938 ὁ

418 2970 671 3041 Συμεὼν,
704 2971 780 3033 ὡς
812 2972 1097 3036 νύττοντας
1131 2973 1199 3027 τὰ
1244 2974 1510 3038 ένδόσθια,
1545 2973 1622 3038 ὼς
1652 2974 1995 3044 ἁπτομένους

413 3063 638 3134 νεφρῶν
669 3064 767 3118 καὶ
788 3064 1013 3135 μυελῶν.
1036 3064 1255 3128 Τούτοις
1280 3065 1336 3119 δὲ
1363 3065 1696 3137 περιέπεσεν
1726 3067 1759 3137 ἡ
1790 3066 1997 3137 Παρθέ-

415 3172 513 3215 voc
542 3154 733 3225 Μαρία
759 3155 891 3226 (39),
922 3155 1147 3228 μηδέπω
1166 3157 1263 3228 τὴν
1281 3157 1509 3227 δύναμιν
1530 3157 1629 3228 τῆς
1647 3157 1996 3222 ἀναστάσεως

418 3247 595 3301 εὲευία
613 3261 628 3274 ⁸
655 3248 751 3339 καὶ
770 3249 857 3339 δτι
883 3250 946 3302 ὲκ
970 3249 1226 3339 γειτόνων
1305 3250 1621 3313 ἀνάστασις,
1646 3249 1856 3303 οὐδέπω
1882 3252 1995 3319 ὲγί-
2020 3282 2063 3339 C

420 3354 651 3391 νωτκεν.
684 3337 849 3392 Ὅθεν
877 3338 1012 3408 μετά
1041 3338 1139 3409 τὴν
1185 3338 1500 3406 ἀνάστασιν,
1534 3339 1718 3392 οὐκέτι
1751 3340 1994 3410 ῥομφαία

420 3428 706 3499 δίστομος·
759 3427 874 3481 ἀλλ’
919 3428 1222 3500 εὐφροσύνη
1261 3429 1354 3484 καὶ
1379 3428 1717 3498 ἀγαλλίασις.
1759 3429 1995 3500 Σημεῖον

418 3520 599 3573 τοίνυν
653 3519 982 3588 ἀντιλογίας,
1014 3520 1074 3573 τὸ
1117 3520 1407 3592 σταυρικὸν
1445 3523 1670 3590 σημεῖον
1702 3520 1731 3572 ὁ
1769 3519 1995 3591 Συμεὼν

419 3611 884 3682 προσηγόρευσεν,
926 3612 984 3663 ἐν
1013 3604 1058 3679 ᾧ
1089 3610 1264 3683 καιρῷ
1302 3610 1545 3682 ῥομφαία
1586 3610 1862 3682 λογισμῶν
1895 3611 1995 3683 τὴν

422 3700 698 3771 Παρθένον
722 3700 833 3771 (40)
855 3699 1084 3769 διῆλθεν.
1113 3702 1266 3755 Ἐστι
1305 3702 1362 3755 δὲ
1391 3702 1610 3766 πάντως
1639 3705 1812 3758 εἰπεῖν
1840 3719 1991 3757 τιναο

422 3790 531 3842 Καὶ
558 3789 723 3841 πόθεν
749 3792 881 3859 ἡμῖν
905 3792 938 3860 ἡ
961 3789 1265 3855 ἀπόδειξιςς
1296 3790 1385 3856 Ἐξ
1410 3790 1588 3843 αύτῶν
1615 3791 1724 3844 τῶν
1749 3792 1844 3845 τοῦ
1878 3792 1992 3844 Κυ-

420 3882 537 3952 ρίου
572 3882 936 3953 διδαγμάτων.
976 3884 1170 3938 Ἄκουε
1194 3883 1358 3937 αὐτοῦ
1396 3884 1678 3953 λέγοντοςο
1723 3885 1796 3940 Ἠ
1822 3884 1996 3955 γενεά

416 3975 595 4041 αὕτη.
629 3977 803 4045 γενεὰ
829 3976 1061 4045 πονηρὰ
1098 3977 1257 4030 ἐστι’
1289 3974 1544 4046 σημεῖον
1592 3974 1869 4045 ἐπιζητεῖ,
1894 3977 1995 4031 καὶ

417 4068 675 4139 σημεῖον
703 4071 776 4124 οὐ
811 4069 1129 4137 δοθήσεται
1177 4069 1357 4141 αὐτῇ.
1397 4073 1451 4125 ει
1488 4070 1575 4140 μὴ
1622 4069 1693 4126 τὸ
1744 4070 1997 4140 σημεῖον

430 4159 593 4215 Ἰωνᾶ
619 4161 729 4214 τοῦ
750 4160 1076 4230 προφήτου.
1101 4161 1327 4232 Ὠσπερ
1352 4162 1466 4233 τὰρ
1491 4158 1570 4232 ἦν
1608 4160 1803 4229 Ἰωνᾶς
1829 4162 1899 4215 ἐν
1920 4161 1995 4233 τῇ

415 4253 616 4318 κοιλίᾳ
655 4252 761 4306 τοῦ
802 4251 1044 4319 κήτους,
1072 4252 1260 4318 οὕτως
1294 4254 1466 4308 ἔσται
1501 4255 1600 4309 καὶ
1631 4258 1666 4309 ὁ
1709 4256 1844 4323 Υἱὸς
1887 4256 1996 4312 τοῦ

414 4342 736 4411 ἀνθρώ-του
751 4344 819 4396 ἐν
841 4343 921 4412 τῇ
944 4343 1153 4411 καρδίᾳ
1175 4344 1284 4412 τῆς
1311 4344 1442 4413 γῆς,
1471 4345 1628 4413 τρεῖς
1652 4345 1880 4415 ἡμέρας
1897 4347 1996 4401 καί

416 4433 578 4499 τρεῖς
613 4434 857 4500 νύκτας.
903 4435 1065 4505 Ὁρᾷς
1101 4433 1221 4496 πῶς
1261 4433 1322 4487 τὺ
1349 4435 1640 4506 σταυρικδν
1669 4435 1846 4500 πάθος
1893 4453 1992 4507 ση-

418 4525 570 4591 μεῖον
599 4521 1029 4593 προσηγορεύθη,
1056 4522 1118 4575 οὐ
1153 4521 1311 4592 μόνον
1338 4524 1396 4576 ἐν
1415 4525 1482 4594 τῇ
1514 4526 1688 4595 Καινῇ
1715 4523 1989 4597 Διαθήκῃ,
2015 4559 2024 4577 .-

2103 1168 2196 1208 cea
2228 1151 2492 1207 fodientes
2520 1152 2683 1217 latus,
2720 1149 2973 1203 manibus
3000 1149 3191 1203 dantes
3216 1146 3416 1214 alapas,
3445 1145 3675 1214 probro-

2101 1245 2178 1298 sis
2228 1242 2557 1297 clamoribus
2605 1240 2924 1310 sugillantes
2961 1257 2978 1294 :
3010 1239 3159 1291 Alios
3215 1236 3387 1290 salvos
3436 1235 3582 1305 fecit,
3621 1251 3678 1288 se

2100 1334 2272 1402 ipsum
2317 1347 2419 1387 non
2455 1338 2625 1398 potest
2661 1328 2863 1383 salvum
2885 1327 3058 1397 facere
3080 1326 3151 1379 ".
3191 1324 3307 1381 Hoc
3347 1338 3479 1394 ergo
3511 1338 3691 1392 expom

2100 1440 2237 1481 nens
2261 1423 2483 1479 Simeon
2503 1461 2519 1489 ,
2557 1420 2772 1477 dicebat
2802 1438 2818 1478 :
2851 1419 2919 1474 Et
2948 1420 3006 1473 in
3050 1418 3259 1488 signum
3294 1418 3380 1483 cui
3405 1414 3678 1470 contradi-

2100 1526 2270 1570 catur.
2295 1513 2442 1567 Multi
2465 1511 2729 1581 siquidem
2748 1509 3218 1570 contradixerunt,
3240 1507 3457 1575 quando
3478 1503 3676 1559 Petrus

2098 1607 2346 1677 negavit;
2389 1604 2606 1675 quando
2642 1617 2833 1657 omnes
2875 1599 3103 1670 apostoli
3146 1599 3291 1654 velut
3339 1612 3468 1653 oves
3491 1605 3678 1666 pasto-

2099 1716 2214 1755 rem
2238 1713 2341 1754 non
2378 1698 2662 1763 habentes,
2691 1694 2910 1749 fuerunt
2930 1692 3179 1763 dispersi.
3211 1691 3337 1746 Fuit
3356 1705 3485 1760 ergo
3507 1689 3678 1759 ipsius

2098 1793 2259 1846 etiam
2290 1789 2549 1859 'Virginis
2596 1803 2691 1843 cor
2749 1786 2968 1842 tristitia
3027 1784 3342 1855 impletum,
3394 1784 3449 1839 in
3496 1782 3676 1839 crucis

2097 1884 2271 1956 signo.
2307 1882 2488 1949 Quare
2531 1880 2694 1936 etiam
2744 1877 2996 1934 dicebat:
3030 1876 3228 1946 thuid
3274 1892 3378 1933 non
3412 1876 3560 1946 prior
3588 1874 3673 1928 vi-

2099 1978 2181 2031 vis
2224 1973 2471 2030 excessi?
2521 1970 2651 2043 quid
2701 1972 2768 2026 ad
2821 1971 2962 2025 hanc
3011 1969 3152 2026 diem
3203 1968 3461 2038 perveni?
3507 1965 3674 2036 Virgo

2099 2068 2295 2128 mansi,
2334 2076 2389 2121 et
2431 2066 2501 2119 ita
2535 2076 2781 2129 manens,
2813 2062 3046 2131 majores
3074 2063 3334 2117 maternis
3374 2060 3673 2115 visceribus

2098 2159 2315 2213 dolores
2346 2155 2542 2213 sentio.
2576 2154 2751 2209 Hasce
2779 2154 3093 2209 innumeras
3117 2151 3355 2222 Virginis
3388 2150 3675 2220 cogitatio-

2097 2266 2194 2305 nes
2240 2249 2459 2304 Simeon
2489 2247 2778 2319 appellavit
2803 2246 3061 2318 gladium,
3088 2245 3236 2300 velut
3260 2258 3383 2314 quas
3411 2240 3668 2297 scandala

2098 2343 2362 2407 allatum,
2387 2342 2593 2396 viscera
2621 2339 3005 2395 vulnerarent:
3031 2335 3482 2406 quemadmodum
3505 2336 3669 2388 etiam

2095 2433 2342 2503 praedixit
2376 2431 2635 2487 Dominus
2665 2452 2677 2485 :
2715 2429 2907 2485 Omnes
2945 2430 3000 2482 in
3043 2443 3123 2481 me
3157 2426 3466 2481 scandalum
3501 2424 3674 2493 patie-

2094 2523 2226 2578 mini
2270 2523 2327 2577 in
2370 2530 2521 2577 nocte
2558 2523 2664 2576 ista
2692 2521 2760 2579 ".
2798 2518 2949 2575 Unde
3001 2520 3166 2574 etiam
3217 2516 3412 2586 adjecit
3451 2514 3671 2570 Simeon

2099 2616 2152 2669 in
2187 2616 2302 2670 haec
2327 2614 2496 2669 verba
2521 2631 2536 2667 :
2562 2612 2632 2667 Et
2675 2621 2823 2665 tuam
2863 2611 3030 2680 ipsius
3059 2610 3292 2663 animum
3317 2606 3518 2661 doloris
3547 2606 3669 2676 gla-

2096 2707 2218 2761 dius
2262 2703 2627 2775 pertransibit,
2664 2714 2720 2757 ut
2760 2702 3054 2757 revelentur
3096 2716 3163 2756 ea:
3202 2699 3384 2754 multis
3427 2698 3673 2750 cordibus

2095 2795 2519 2867 cogitationes".
2557 2794 2690 2850 Vide
2740 2801 2801 2846 ut
2860 2792 3080 2847 Simeon
3119 2791 3432 2845 innumeras
3473 2787 3676 2856 cogita-

2099 2889 2277 2943 tiones
2306 2888 2543 2958 gladium
2571 2884 2842 2940 vocaverit
2868 2900 2883 2949 ;
2919 2883 3063 2937 velut
3100 2898 3219 2952 quae
3241 2881 3469 2936 ferirent
3497 2880 3674 2934 visce-

2096 2993 2193 3045 ra;
2226 2978 2372 3031 velut
2411 2992 2532 3047 quae
2573 2989 2730 3030 renes
2773 2973 3141 3041 medullasque
3174 2971 3566 3037 contingerent.
3617 2967 3674 3023 In

2096 3070 2195 3125 has
2223 3079 2401 3125 autem
2435 3068 2626 3123 incidit
2658 3066 2821 3138 Virgo
2852 3065 3041 3128 Maria,
3068 3063 3209 3133 quod
3240 3063 3475 3117 nondum
3508 3061 3676 3116 sciret

2094 3162 2203 3216 vim
2235 3159 2682 3224 resurrectionis,
2718 3158 2860 3229 quod
2882 3158 3180 3212 etiamnum
3210 3151 3673 3208 resurrectionem

2097 3254 2150 3307 in
2180 3252 2483 3322 propinquo
2503 3265 2625 3307 esse
2651 3250 2945 3319 ignoraret.
2973 3245 3129 3302 Unde
3161 3253 3282 3313 post
3310 3240 3673 3297 resurrectio-

2097 3359 2250 3409 nem,
2280 3358 2385 3397 non
2407 3343 2520 3410 jam
2565 3341 2794 3411 amplius
2834 3339 3043 3406 gladius
3094 3349 3318 3403 anceps,
3360 3334 3452 3387 sed
3485 3330 3670 3385 laetitia

2096 3444 2259 3504 atque
2283 3432 2574 3488 exsultatio
2605 3442 2715 3485 est.
2752 3430 2974 3500 Signum
3004 3428 3168 3498 igitur
3202 3423 3672 3490 contradictionis,

2095 3526 2276 3582 crucis
2304 3525 2515 3594 signum
2558 3522 2784 3577 Simeon
2819 3514 3128 3591 appellavit,
3167 3533 3276 3583 quo
3304 3526 3545 3585 tempore
3582 3532 3675 3573 co-

2097 3618 2417 3689 gitationnm
2454 3615 2666 3685 gladius
2705 3611 2981 3682 Virginem
3012 3609 3272 3681 pervasit.
3313 3607 3420 3663 Sed
3449 3622 3674 3677 prorsus

2096 3708 2293 3779 aliquis
2318 3708 2503 3762 dicat:
2545 3705 2694 3762 Unde
2731 3717 2860 3758 vero
2900 3703 3013 3757 haec
3055 3697 3560 3757 demonstraveris?
3599 3698 3674 3751 Et

2098 3801 2212 3870 ipsa
2252 3797 2463 3852 Domini
2500 3795 2764 3851 doctrina.
2794 3792 2928 3847 Audi
2960 3792 3108 3847 illum
3145 3789 3416 3846 dicentem
3461 3806 3475 3843 :
3510 3787 3679 3844 Geneo

2098 3890 2242 3944 ratio
2279 3890 2414 3954 lucc,
2450 3888 2717 3957 generatio
2750 3902 2971 3955 nequam
2999 3892 3121 3939 est:
3148 3883 3356 3953 signum
3390 3881 3601 3953 quierit,
3626 3889 3677 3934 et

2098 3981 2309 4049 signum
2338 3996 2443 4034 non
2469 3979 2687 4033 dabitur
2720 3980 2789 4043 ei,
2832 3978 2933 4031 nisi
2970 3978 3177 4047 signum
3206 3975 3362 4030 J0me
3386 3974 3674 4044 prophetat.

2097 4065 2244 4121 Sicut
2295 4067 2434 4121 enim
2472 4067 2568 4135 fuit
2607 4064 2776 4120 Jonas
2804 4066 2860 4118 in
2891 4077 3066 4119 ventre
3094 4064 3196 4119 ceti
3224 4080 3243 4118 :
3271 4064 3348 4118 sic
3374 4063 3471 4118 erit
3504 4060 3677 4117 Filius

2097 4155 2328 4209 hominis
2352 4156 2406 4208 in
2436 4154 2601 4209 corde
2630 4166 2807 4217 terris,
2834 4152 2999 4207 tribus
3020 4154 3203 4207 diebus
3231 4162 3278 4206 et
3308 4151 3472 4205 tribus
3506 4152 3678 4204 nocti-

2097 4246 2193 4300 bus
2245 4247 2316 4300 ".
2351 4246 2518 4300 Vides
2567 4253 2626 4298 ut
2674 4246 2853 4300 crucis
2902 4242 3224 4312 supplicium
3267 4240 3470 4295 dictum
3517 4238 3681 4293 fuerit

2096 4340 2334 4410 signum,
2368 4352 2474 4391 non
2510 4336 2681 4391 solum
2722 4335 2777 4388 in
2810 4334 2958 4388 Novo
2986 4333 3356 4395 Testamento,
3391 4330 3482 4385 sed
3511 4330 3677 4384 etiam

2098 4432 2150 4484 in
2181 4430 2405 4486 Veteri?
2445 4429 2748 4484 Admodum
2789 4428 2932 4482 enim
2991 4432 3291 4481 consonant
3313 4433 3492 4477 vetera
3526 4418 3678 4476 Novo

2097 4523 2465 4578 Testamento.
2502 4518 2896 4585 Quamobrem?
2928 4517 3063 4585 Quia
3098 4530 3238 4570 unus
3270 4524 3325 4569 et
3360 4514 3499 4569 idem
3538 4512 3679 4567 Deus

586 4616 680 4667 καὶ
716 4616 772 4667 ὲν
800 4617 866 4687 τῇ
889 4614 1130 4686 Παλαιᾷ;
1152 4615 1364 4686 Σφόδρα
1391 4615 1501 4687 γὰρ
1528 4616 1597 4670 τὰ
1624 4616 1828 4671 παλαιά
1855 4634 1993 4688 συμ-

2098 4622 2202 4672 est,
2236 4611 2328 4681 qui
2370 4610 2458 4664 illa
2498 4610 2700 4669 sanxit.
2740 4619 2795 4664 et
2829 4607 2915 4663 hic
2948 4606 3241 4663 ordinavit.
3273 4604 3407 4671 Quis
3432 4617 3562 4658 vero
3593 4603 3679 4658 bis

416 4709 593 4773 φωνεῖ
622 4709 689 4776 τῇ
716 4706 847 4778 Νέᾳ.
876 4706 974 4761 Διά
994 4707 1076 4772 τί;
1124 4706 1340 4779 Ἐπειδὴ
1377 4703 1459 4772 εἷς
1485 4709 1580 4762 καὶ
1602 4711 1632 4763 ὁ
1663 4709 1826 4773 αὐτὸς
1857 4710 1990 4776 Θεὸς

414 4799 443 4849 ό
469 4801 705 4853 κάκεῖνα
733 4800 1110 4875 νομοθετήσας,
1142 4801 1237 4857 καὶ
1275 4796 1378 4855 ὧδε
1408 4801 1736 4874 βραϐεύσας.
1765 4803 1877 4856 Καὶ
1906 4804 1990 4867 τίς

415 4890 630 4955 τούτοις
669 4891 909 4963 μάρτυς;
953 4893 1125 4957 Αὐτὸς
1159 4896 1188 4947 ό
1218 4894 1440 4964 Κύριος.
1476 4895 1675 4947 ’Ἄκουε
1705 4894 1872 4948 αὐτοῦ
1902 4895 1987 4948 λέ-

417 4998 607 5050 γοντος
634 4983 694 5034 ὲν
721 4981 801 5051 τῷ
826 4984 1075 5055 προφήτῃ
1108 4982 1384 5053 Ἱεζεκιὴλ,
1408 4982 1544 5053 πρὸς
1570 4982 1699 5045 τοὺς
1730 4982 1989 5054 θεριστὰς

420 5074 705 5142 ἀγγέλους.
733 5074 832 5146 τὴν
869 5074 1162 5145 καθολικὴν
1194 5074 1502 5128 συντέλειαν
1543 5073 1859 5145 μηνύοντος,
1893 5073 1989 5126 ού-

420 5185 494 5219 τω
518 5167 729 5234 λέγων·
765 5167 861 5237 Μὴ
912 5169 1208 5237 φείσησθε
1249 5167 1375 5235 τοῖς
1425 5168 1753 5238 ὀφθαλμοῖς
1797 5164 1987 5237 ὑμῶν.

2100 4703 2250 4758 testis
2281 4701 2479 4756 fuerit?
2505 4701 2625 4770 Ipse
2658 4699 2943 4769 Dominus.
2981 4699 3116 4753 Audi
3149 4697 3294 4752 enim
3334 4711 3456 4751 eum
3487 4695 3678 4751 dicen-

2099 4803 2207 4847 tem
2249 4792 2304 4846 iu
2343 4791 2599 4860 propheta
2652 4788 2936 4843 Ezechiele
2987 4788 3055 4842 ad
3108 4787 3330 4859 angelos
3374 4799 3673 4851 messores,

2098 4886 2226 4938 dum
2258 4882 2619 4937 universalem
2649 4879 3174 4935 consummationem
3202 4878 3528 4933 annuntians
3558 4877 3676 4930 ait:

2101 4976 2184 5031 Ne
2211 4977 2410 5043 parcite
2434 4973 2602 5028 oculis
2649 4974 2854 5035 vestris,
2901 4982 2951 5025 et
3001 4988 3064 5026 ne
3108 4970 3428 5025 miseremini
3478 4983 3677 5033 senem,

2096 5083 2257 5138 neque
2291 5066 2546 5133 iuvenem,
2577 5080 2739 5133 neque
2769 5065 3038 5134 virginem,
3076 5073 3123 5116 et
3151 5078 3373 5129 puerum
3408 5073 3455 5115 et
3481 5058 3677 5112 mulie-

2098 5175 2177 5212 res
2198 5157 2477 5227 interﬁcite
2500 5154 2569 5210 ad
2592 5157 3034 5235 internecionem.
3048 5153 3155 5207 Eos
3177 5162 3352 5206 autem
3366 5151 3455 5220 qui
3469 5152 3679 5220 signum

486 5351 535 5382 "
559 5350 747 5406 Matth.
774 5349 1056 5415 xxvtt,42.
1131 5349 1175 5382 "
1214 5348 1400 5403 Matth.
1450 5363 1598 5415 xxvi,
1647 5347 1738 5402 51.
1811 5347 1860 5380 ’⁸
1898 5346 2031 5401 Luc.
2063 5359 2124 5407 ιι,
2158 5340 2249 5395 55.
2325 5338 2373 5370 ⁷⁸
2411 5337 2545 5393 Luc.
2581 5354 2657 5405 ιι,
2692 5336 2782 5401 29,
2811 5336 2914 5401 '50;
2954 5334 3143 5389 Matth.
3190 5350 3290 5399 xu,
3339 5330 3430 5400 '59,
3471 5331 3565 5387 40.

485 5484 595 5551 (39)
626 5484 861 5550 Τούτοις
871 5482 941 5537 δὲ
949 5480 1302 5551 περιέπεσεν
1320 5483 1359 5549 ή
1371 5483 1674 5551 Παρθένος
1688 5481 1903 5549 Μαρία.
1920 5480 1947 5535 ι
1958 5498 1991 5535 n

417 5553 508 5607 Ius
549 5563 721 5607 autem
760 5555 946 5608 incidit
986 5552 1141 5622 Virgo
1161 5552 1988 5622 Maria:nempe,cogitationes,

414 5625 573 5693 gladii
622 5626 797 5679 instas
844 5624 1089 5693 animam
1137 5629 1537 5693 pervadentes,_
1568 5622 1707 5693 quod
1758 5624 1990 5674 nondum

411 5690 559 5749 sciret
592 5696 691 5749 sint
719 5692 1142 5749 resurrectionis.
1173 5691 1241 5746 Et
1272 5695 1384 5747 haec
1413 5691 1481 5745 ab
1503 5690 1735 5760 Origene
1765 5702 1988 5760 accepta

412 5765 554 5819 bum.
588 5766 655 5819 17
688 5765 743 5817 in
786 5764 921 5819 Luc.
967 5776 1077 5817 non
1129 5763 1404 5830 probanda
1449 5763 1738 5822 sententia,
1788 5760 1841 5815 in
1878 5777 1984 5829 qua

409 5834 563 5907 etiam
599 5835 702 5907 fuit
736 5834 984 5907 Cyrinus
1025 5840 1101 5907 et
1125 5831 1238 5907 alii.
1283 5831 1468 5887 Potuit
1496 5846 1648 5907 sane,
1695 5830 1840 5907 nulla
1888 5831 1981 5907 tali

411 5904 706 5977 ignorantia
731 5898 1004 5964 laborans
1054 5900 1242 5969 Maria,
1275 5899 1668 5973 compasslonis
1699 5898 1896 5957 allectu
1927 5906 1982 5956 et

2099 5472 2364 5530 maternis
2397 5472 2718 5537 visceribus,
2750 5472 2864 5526 dira
2897 5470 2987 5525 illa
3029 5469 3152 5525 Filii
3195 5470 3445 5539 passione
3487 5466 3681 5524 intime

2096 5544 2362 5607 cruciari;
2391 5544 2638 5597 utetiam
2660 5559 2724 5598 ex
2749 5542 2865 5596 zelo
2884 5541 3081 5596 divina:
3108 5542 3494 5610 gloria},quam
3522 5547 3677 5610 tanto

2098 5617 2152 5669 in
2186 5613 2371 5669 .Iesum
2410 5614 2706 5681 parricidio
2751 5610 3069 5681 Iudaeorum
3108 5607 3325 5666 videbat
3351 5607 3677 5681 immaniter

2097 5676 2445 5749 conculcari;
2472 5689 2531 5736 ut
2581 5697 2649 5736 ne
2679 5682 2993 5737 scandalum
3040 5680 3216 5735 dicam
3260 5682 3312 5733 in
3345 5676 3676 5749 crucefutna

2098 5771 2241 5818 rum,
2269 5752 2335 5806 ad
2367 5745 2510 5822 quod
2544 5754 2818 5822 praecipue
2869 5751 3090 5805 Simeon
3140 5750 3410 5819 respicere
3434 5745 3671 5802 videtur.

2093 5823 2368 5881 Videndus
2400 5821 2563 5887 Beda,
2596 5832 2703 5877 etc.

2164 5892 2277 5967 (40)
2317 5891 2437 5961 Τὴν
2466 5882 2792 5960 Παρθένον.
2816 5889 2901 5945 Al.
2920 5889 3032 5963 Τὴν
3055 5887 3230 5960 ψυχὴν
3247 5887 3344 5959 τῆς
3369 5882 3668 5958 Παρθένου,
