4092 6440
486 424 557 480 εει
1442 433 1502 487 S.
1547 433 2000 492 AMPIIILOCHII
2043 435 2427 495 ICONIENSIS
2464 436 2779 495 EPISCOPI
3662 436 3740 494 r'0

486 549 688 610 gestant
711 540 769 596 in
799 542 1083 614 frontibus,
1117 561 1180 600 ne
1216 546 1488 615 tetigeritis
1505 547 1574 601 ⁸ο.
1613 547 1743 604 Vide
1768 550 1981 620 signum
2005 563 2059 605 et

2175 550 2263 605 sal
2314 549 2403 620 μὴ
2446 550 2743 620 ἐλεήσητε
2794 551 3158 620 πρεσϐύτην.
3206 549 3364 620 μηδὲ
3406 550 3740 606 νεανίσκον

492 631 699 689 Veteris
738 646 793 689 et
827 633 959 689 Novi
1005 634 1376 700 Testamenti;
1425 648 1510 692 est
1554 638 1699 694 enim
1754 640 1868 708 ipsa
1923 656 2056 696 crux

2175 642 2260 695 ιιιιὶ
2284 643 2583 710 παρθένον
2599 656 2613 671 '
2640 643 2738 697 καὶ
2770 641 3026 706 παιδίον,
3049 640 3149 695 καί
3169 641 3455 709 γυναῖκας
3476 642 3742 696 θανατώ-

486 739 607 792 ιιιιιιε
638 725 811 780 salvat
836 726 1111 790 mundum,
1142 743 1237 797 per
1257 726 1440 784 Jesum
1463 727 1736 783 Christum
1766 730 2050 786 Dominum

2175 749 2310 788 τατε
2358 737 2447 800 είς
2477 733 2816 803 ἐξάλειψιν.
2857 736 2986 802 Τοῖς
3028 734 3098 789 δὲ
3141 733 3591 802 ἐπιφερομένοις
3632 732 3736 785 ἐπὶ

487 826 732 871 nostrum
783 839 795 872 :
831 818 917 873 cui
947 819 1116 889 gloria
1146 828 1201 874 et
1227 820 1532 889 imperium,
1561 836 1702 876 nunc
1734 830 1789 876 et
1815 836 2052 892 semper,

2175 822 2280 876 τῶν
2299 821 2588 890 μετώπων
2618 821 2687 876 τὸ
2711 824 2984 892 σημεῖον,
3012 822 3098 894 μὴ
3122 822 3382 891 ἅψησθε.
3411 820 3517 873 Ἴδε
3550 818 3610 871 τὸ
3638 834 3705 887 ση

487 914 544 960 et
578 908 629 960 in
665 909 857 962 saecula
888 911 1230 965 saeculorum.
1263 914 1457 967 Amen.

2175 915 2315 984 μεῖον
2358 912 2456 983 τῆς
2494 913 2737 977 Παλαιᾶς
2769 913 2862 967 καὶ
2900 913 3001 983 τῆς
3033 912 3197 976 Νέας.
3246 910 3416 974 Αὐτὸς
3444 909 3554 980 γάρ
3586 910 3739 960 ἐστιν

487 999 519 1051 6
572 1000 803 1071 σταυρὸς
853 1003 884 1054 ό
934 1001 1024 1055 τὸν
1080 1003 1282 1074 κόσμον
1335 1002 1558 1068 σώζων*
1603 1003 1691 1057 διὰ
1736 1001 1913 1073 Ἰησοῦ
1970 1001 2066 1057 τοῦ
2107 1005 2344 1076 Χριστοῦ
2384 1005 2478 1060 τοῦ
2523 1007 2729 1078 Κυρίου
2768 1004 2945 1076 ήμῶν,
2991 998 3037 1073 ᾧ
3102 1007 3136 1076 ἡ
3192 1002 3319 1069 δόξα
3355 1002 3450 1058 καὶ
3496 1001 3558 1056 τὸ
3595 1000 3739 1071 κρά-

487 1107 599 1157 τος,
634 1092 729 1146 νῦν
762 1093 856 1147 καὶ
883 1093 993 1159 ἀεὶ,
1025 1096 1119 1147 καί
1170 1098 1250 1158 είς
1293 1082 1420 1157 τοὺς
1466 1094 1669 1160 αἰῶνας
1704 1095 1814 1149 τῶν
1839 1092 2068 1151 αἰώνων.
2112 1095 2305 1167 Ἀμην.

1075 1183 1334 1240 ORATIO
1376 1183 1461 1239 Ill.

839 1273 906 1330 In
931 1275 1193 1330 Lazarum
1215 1276 1704 1346 quutriduanum".

566 1363 608 1420 l.
648 1365 838 1422 Profer
887 1383 1099 1422 rursum
1139 1369 1191 1421 in
1237 1369 1472 1422 medium
1520 1367 1779 1424 Joannem
1832 1382 2063 1438 evange-

2798 1184 3016 1237 ΛΟΓΟΣ
3047 1183 3123 1237 Γ’.

2446 1276 2550 1342 Είς
2592 1274 2701 1329 τὸν
2743 1274 3142 1344 “amitteres-
3169 1271 3451 1341 Λάζῖιρον.

2234 1366 2314 1422 Λ’.
2337 1368 2473 1441 Φέρε
2485 1369 2645 1423 πάλιν
2661 1368 2740 1438 είς
2754 1369 2915 1439 μέσον
2935 1369 3027 1422 τὸν
3046 1367 3432 1437 εὐαγγελιστὴν
3460 1365 3736 1438 Ἰωάννην*

490 1455 693 1511 listam.
751 1457 957 1512 Bonum
1003 1468 1087 1513 est
1135 1469 1191 1513 ut
1242 1460 1646 1516 consideremus
1700 1459 2057 1513 resurrectio-

2175 1458 2326 1512 καλὸν
2361 1458 2468 1528 γὰρ
2500 1457 2596 1528 τὴν
2630 1456 2881 1529 ἀπαρχὴν
2923 1458 3022 1529 τῆς
3065 1458 3410 1519 ἀναστάσεως
3440 1456 3738 1524 σκοπῆσαι.

493 1550 579 1604 nis
617 1550 899 1619 primitias.
940 1552 1148 1607 Audisti
1198 1555 1342 1607 enim
1393 1568 1562 1623 nuper
1592 1553 1898 1607 dicentem:
1928 1552 2060 1604 Ante

2175 1551 2401 1614 Ἥκουες
2437 1549 2545 1619 γὰρ
2580 1549 2745 1602 αὑτοῦ
2789 1549 2994 1621 ἀρτίως
3027 1548 3272 1618 λέγοντος
3294 1564 3308 1579 ’
3342 1547 3464 1617 Πρὸ
3491 1547 3562 1611 ἐξ
3592 1548 3742 1616 ἡμε-

490 1657 585 1697 sex
627 1642 739 1697 dies
786 1643 1012 1701 Pascha:
1068 1648 1205 1701 venit
1226 1646 1381 1700 Jesus
1417 1645 1760 1708 Bel/mnium,
1815 1644 1906 1698 ubi
1947 1652 2059 1696 erat

2175 1639 2282 1694 σῶν
2308 1641 2415 1695 τοῦ
2439 1641 2674 1709 Πάσχα,
2717 1636 2904 1711 ἦλθεν
2944 1643 2977 1695 ό
3027 1640 3256 1708 Ἰησοῦς
3291 1642 3381 1706 εἰς
3410 1626 3739 1707 Βηθανίαν,

492 1732 736 1789 Lazarus
792 1753 944 1805 quem
996 1739 1261 1793 suscitauit
1320 1757 1353 1792 α
1392 1739 1632 1801 ἱιιιοιοιιιίε
1676 1736 1744 1791 ⁸³.
1814 1733 2061 1789 Vidistin’

2175 1728 2315 1783 ὅπου
2341 1725 2419 1799 ἦν
2440 1727 2721 1797 Λάζαρος,
2751 1728 2823 1784 ὃν
2845 1728 3080 1799 ἤγειρεν
3104 1730 3174 1784 ἐκ
3192 1728 3440 1799 νεκρῶν.
3471 1729 3605 1792 ἰδες
3636 1729 3745 1800 τὴν

496 1827 913 1880 resurrectionis
934 1827 1225 1896 primitias,
1251 1825 1575 1895 praecedenti
1609 1833 1735 1892 typo
1765 1822 1818 1875 in
1851 1821 2058 1874 Lazaro

2175 1821 2412 1892 ὶπαρχὴν
2432 1821 2531 1891 τῆς
2555 1821 2904 1884 ἀναστάσεως
2922 1823 2981 1874 ὲν
3003 1822 3238 1894 Λαζάρῳ
3264 1821 3742 1894 προτυπωθεῖσαν.

498 1920 835 1991 designatas,
861 1933 995 1987 quas
1015 1919 1267 1988 cognovit
1300 1916 1471 1973 ﬁdelis
1516 1915 1783 1985 populus?
1819 1914 2060 1983 Agnove-

2175 1912 2226 1981 ἢν
2275 1912 2304 1964 6
2345 1910 2537 1974 πιστὸς
2584 1909 2740 1981 ὄχλος
2779 1910 3104 1982 ὲγνώρισενς
3145 1913 3209 1965 Οί
3235 1911 3383 1982 δχλοι
3412 1911 3742 1982 ἐγνώρισαν,

497 2020 620 2063 runt
662 2011 851 2076 turbae,
897 2018 950 2063 et
989 2008 1270 2077 pontiﬁces
1311 2004 1630 2060 miraculum
1672 2002 2062 2057 transferentes

2175 2002 2255 2053 ιαὶ
2279 2001 2329 2054 οἱ
2353 2001 2626 2073 ἀρχιερεῖς
2656 2000 3021 2072 ἐλοιδόρησαν,
3052 2002 3150 2071 τὴν
3181 2001 3623 2074 θαυματουργίαν
3657 2003 3746 2066 είς

493 2100 547 2153 in
571 2101 909 2155 occasionem
934 2099 1169 2161 invidiae,
1194 2097 1411 2167 probris
1442 2096 1690 2152 insectati
1723 2104 1869 2149 sunt.
1894 2092 2061 2147 Plane

2175 2090 2462 2158 Βασκανίαν
2518 2090 2930 2162 μεταϐαλόντες.
2996 2094 3205 2156 Ὄντως
3262 2093 3568 2147 ὲϐάσκαναν
3638 2093 3746 2164 τὴν

498 2189 808 2244 inviderunt
852 2192 1111 2245 suscitato
1154 2187 1384 2252 Lazaro,
1432 2204 1557 2241 cum
1583 2197 1706 2257 post
1731 2187 1847 2253 ejus
1884 2199 2063 2239 resur-

2175 2182 2458 2235 ὶνάστασιν
2490 2182 2764 2253 Λαζάρου,
2803 2184 2883 2235 ὃτι
2921 2184 3059 2253 μετά
3095 2184 3194 2254 τὴν
3229 2184 3524 2237 ἀνάστασιν
3551 2185 3742 2250 αὑτοῦ,

498 2281 793 2334 rectionem
823 2293 982 2347 quam
1011 2278 1234 2343 audisti,
1277 2278 1561 2331 consilium
1604 2276 1823 2330 inierint
1857 2283 1915 2328 ut
1939 2288 2061 2327 eum

2175 2269 2228 2345 ἧς
2261 2275 2477 2344 ἣκουες,
2514 2273 2997 2327 συνεϐουλεύσαντο
3028 2275 3190 2329 αὐτὸν
3226 2278 3561 2331 ἀποκτεῖναι.
3601 2277 3747 2341 Ἴδες

494 2369 879 2427 interﬁcerent.
912 2370 1155 2425 Vidistin‘
1178 2382 1591 2437 exsuperantem
1621 2367 1923 2422 invidiam?
1966 2364 2066 2419 Co-

499 2466 811 2535 gitaverunl
854 2466 954 2535 ipsi
992 2466 1316 2532 interﬁcere,
1345 2480 1502 2533 quem
1537 2465 1794 2521 Dominus
1836 2463 2066 2518 suscita-

498 2565 652 2610 verat
674 2555 752 2623 ⁸⁸;
784 2572 886 2609 ιιοιι
910 2557 1110 2610 conscii
1142 2556 1277 2623 fore,
1309 2566 1365 2609 ut
1390 2555 1636 2625 quamvis
1674 2552 2061 2616 interfecerint,

500 2645 662 2700 facile
715 2646 786 2700 sit
840 2646 1067 2701 Domino
1110 2656 1169 2700 ut
1226 2648 1421 2702 iterum
1467 2645 1701 2701 amicum
1758 2645 2061 2701 resuscitet.

499 2737 794 2793 Consilium
840 2738 1074 2796 inierunt
1108 2751 1166 2793 ut
1193 2739 1455 2804 Lazarum
1496 2739 1878 2794 interﬁcerent.
1924 2737 2065 2794 Nihil

497 2828 571 2882 ita
600 2829 881 2884 mordebat
907 2827 1119 2884 .ludmos
1149 2829 1286 2884 sicut
1322 2830 1647 2884 resurrectio
1680 2828 1894 2883 Lazari.
1931 2828 2066 2883 Huic

496 2918 591 2973 uni
622 2918 882 2973 miraculo
922 2919 1271 2987 nequiverant
1306 2919 1627 2973 calumniam
1655 2918 1874 2972 inferre.
1923 2917 2062 2974 Caeci

497 3022 528 3062 a
561 3008 841 3062 nativilale
893 3008 1335 3063 illuminalionem
1379 3007 1594 3061 fuerant
1620 3008 1952 3073 calumniati,
1987 3007 2065 3062 di-

496 3108 721 3153 centes:
753 3097 852 3152 Hic
880 3108 956 3153 est
980 3116 998 3152 :
1022 3115 1127 3152 non
1151 3108 1224 3153 est
1238 3100 1339 3163 hic,
1365 3098 1553 3151 similis
1578 3099 1624 3152 ei
1646 3108 1719 3151 est
1747 3098 1814 3149 ⁸⁸.
1833 3097 2067 3152 Fuerant
2093 3134 2139 3196 ϐ

498 3189 806 3243 calumniari
846 3190 1248 3244 suscitationem
1296 3192 1419 3246 ﬁlia:
1461 3190 1618 3255 Jairi,
1671 3189 1919 3243 dicentes
1944 3203 2068 3258 gra—

498 3280 635 3336 viori
690 3281 996 3349 depressam
1052 3295 1263 3344 somno,
1316 3295 1421 3336 non
1461 3290 1839 3343 consummato
1872 3279 2067 3332 morbo

497 3368 665 3426 fuisse
704 3371 952 3425 traditam
982 3369 1049 3424 ⁸⁸.
1085 3369 1504 3425 Suscitationem
1550 3369 1851 3423 ﬁlii‘viduaa
1881 3367 2071 3438 unige-

502 3462 598 3517 niti
630 3461 845 3517 fuerant
864 3462 1202 3527 calumniati,
1232 3463 1473 3517 dicentes
1506 3461 1791 3533 simulasse
1815 3469 2069 3524 mortem,

500 3568 607 3610 non
649 3555 842 3610 mortis
880 3555 1194 3623 absorptum
1227 3553 1514 3623 tyrannide
1539 3552 1606 3607 ⁸⁸.
1640 3551 1977 3606 Exsiccatam
2011 3549 2074 3601 ﬁ-

506 3660 630 3701 cum
680 3645 998 3700 calumniati
1039 3653 1215 3708 erant,
1252 3646 1494 3698 dicentes
1521 3642 1732 3696 aruisse
1754 3641 1895 3694 velut
1925 3639 2072 3695 acci-

502 3751 641 3803 sam,
683 3751 788 3791 non
824 3737 1078 3791 siccatam
1130 3748 1380 3790 sermone
1412 3733 1688 3788 Dominico
1710 3732 1778 3784 3’.
1812 3733 1978 3801 Aqua:
2018 3729 2072 3783 in

501 3828 685 3881 vinum
731 3827 1013 3883 mutationi
1071 3826 1361 3881 intulerant
1410 3824 1772 3889 calumniam,
1832 3824 2075 3878 dicentes

499 3916 611 3987 jam
638 3916 691 3971 in
714 3930 870 3972 caena
895 3916 1308 3972 temulentorum
1333 3931 1447 3970 rem
1470 3929 1611 3977 esse.
1638 3929 1739 3969 nec
1767 3914 2073 3969 irrisionem

504 4006 920 4076 percipientium
948 4005 1034 4061 "z
1061 4005 1161 4061 soli
1184 4005 1518 4061 suscitationi
1540 4004 1731 4059 Lazari
1762 4020 1866 4060 non
1891 4014 2077 4075 potue-

508 4110 635 4152 rant
668 4098 890 4154 inferre.
923 4096 1182 4152 Viderant
1210 4096 1382 4164 ipsum
1415 4094 1715 4151 Lazarum:
1741 4096 1824 4150 vir
1849 4094 2078 4165 insignis

509 4199 906 4260 eratzpompte
967 4188 1177 4243 funebri
1236 4186 1450 4241 fuerant
1503 4189 1771 4253 comites;
1834 4188 2079 4241 viderant

507 4280 778 4346 signatum
835 4278 1162 4348 sepulcrum,
1217 4276 1433 4332 fuerant
1485 4293 1581 4347 pro
1626 4292 1776 4333 more
1811 4277 2076 4333 consolati

512 4370 658 4426 velut
696 4371 747 4425 in
781 4370 1148 4438 parcntalibus
1195 4381 1251 4423 et
1300 4368 1566 4424 demortui
1612 4368 1789 4439 epulo.
1840 4367 2080 4424 Fuerant

2165 2364 2462 2435 βασκανίας
2493 2364 2833 2435 ὑπερϐολήν;
2863 2366 2957 2419 “Ov
3002 2368 3031 2419 6
3074 2366 3280 2438 Κύριος
3312 2369 3551 2439 ἤγειρεν,
3586 2368 3747 2421 αὐτοὶ

2164 2456 2477 2507 ἀποκτεῖναι
2511 2454 2881 2525 διενοήθησαν,
2911 2457 2985 2528 μὴ
3010 2457 3324 2523 συνειδότες,
3352 2460 3435 2513 ὅτι
3457 2459 3560 2513 κᾶν
3583 2459 3748 2512 αὐτοὶ

2165 2546 2567 2609 ἀποκτείνουσι,
2599 2545 2761 2600 πάλιν
2790 2545 2990 2615 κοῦφον
3016 2545 3094 2617 τῷ
3114 2548 3303 2621 Κυρίῳ
3326 2550 3624 2614 ἀναστῆσαι
3647 2549 3749 2602 τὸν

2166 2638 2347 2707 φίλον..
2400 2635 2902 2691 Συνεϐουλεύσαντο
2962 2637 3053 2691 τὸν
3104 2639 3354 2709 Λάζαρον
3401 2641 3746 2696 ἀποκτεῖναι.

2166 2734 2330 2787 Οὐδὲν
2366 2733 2537 2796 οὕτως
2587 2732 2876 2803 ὲδρίμυττε
2904 2733 3032 2796 τοὺς
3076 2734 3383 2798 Ἰουδαίους,
3425 2734 3502 2796 ὡς
3531 2739 3565 2804 ἠ
3608 2734 3751 2787 ἀνά-

2169 2842 2354 2889 στασις
2381 2825 2474 2877 τοῦ
2499 2823 2773 2895 Λαζάρου.
2796 2824 2966 2878 Τοῦτο
2993 2825 3153 2896 μόνον
3175 2825 3237 2879 τὸ
3260 2825 3444 2895 θαῦμα
3474 2826 3573 2880 οὐκ
3595 2826 3753 2897 ἴσχυ-

2170 2933 2267 2969 σαν
2297 2915 2717 2984 συκοφαντῆσαι.
2749 2917 2860 2988 Τὴν
2893 2915 3185 2986 ἀνάϐλεψιν
3228 2915 3322 2969 τοῦ
3362 2918 3426 2969 ὲκ
3479 2919 3751 2985 γεννητῆς

2168 3006 2364 3075 τυφλοῦ
2393 3007 2837 3079 ὲσυκοφάντησαν
2858 3007 3108 3076 λέγοντες
3130 3025 3145 3039 ο
3181 3004 3370 3074 Οὗτός
3394 3009 3565 3061 ἐστιν
3584 3024 3599 3038 ο
3628 3010 3751 3076 οὐχ

2169 3097 2347 3166 οὗτός
2373 3101 2544 3155 ἐστιν
2566 3117 2579 3131 '
2612 3100 2810 3169 ὅμοιος
2837 3100 3023 3156 αὐτοῦ
3042 3102 3233 3155 ἐστιν.
3263 3100 3373 3165 Τὴν
3403 3100 3614 3170 ἔγερσιν
3643 3099 3753 3169 τῆς

2170 3190 2437 3264 θυγατρὸς
2474 3192 2684 3263 Ἰαήρου
2711 3193 3156 3263 ἐσυκοφάντησαν
3190 3190 3326 3264 (41),
3360 3191 3629 3259 λέγοντες,
3667 3191 3752 3252 ὡς

2169 3284 2497 3357 κατηνέχθη,
2555 3287 2648 3341 καὶ
2689 3286 2751 3339 οὺ
2796 3285 2987 3356 τελείῳ
3037 3284 3252 3357 θανάτῳ
3307 3285 3598 3358 παρεδόθη.
3633 3285 3751 3355 Τὴν

2169 3377 2465 3430 ἀνάστασιν
2488 3376 2583 3430 τοῦ
2618 3376 2734 3430 υἱοῦ
2774 3376 2876 3447 τῆς
2921 3379 3095 3448 χήρας
3126 3376 3221 3430 τοῦ
3266 3376 3584 3448 μονογενοῦς
3618 3378 3747 3428 ὲσυ-

2170 3466 2515 3536 κοφάντησαν
2546 3464 2814 3533 λέγοντες,
2845 3465 2921 3528 ὡς
2947 3464 3038 3517 τὸν
3067 3463 3295 3517 θάνατον
3323 3460 3748 3534 ὲσχηματίσατο,

2171 3555 2267 3608 καὶ¹
2292 3555 2392 3625 οὐχ
2425 3554 2532 3608 ὑπὸ
2566 3555 2667 3625 τῆς
2698 3554 3008 3626 τυραννίδος
3039 3553 3133 3607 τοῦ
3172 3553 3403 3607 θανάτου
3451 3549 3750 3621 κατεπόθη.

2174 3645 2286 3714 Τὴν
2314 3644 2675 3716 ξηρανθεῖσαν
2704 3644 2875 3714 συκῆν
2899 3644 3346 3715 ὲσυκοφάντησαν
3372 3643 3639 3713 λέγοντες,
3672 3643 3755 3707 ὡς

2172 3735 2650 3808 τρυγωνισθεῖσαν,
2693 3736 2787 3789 καὶ
2826 3736 2926 3806 οὐχ
2957 3735 3037 3798 ὡς
3067 3735 3383 3808 Δεσποτικῷ
3410 3737 3614 3809 ῥήματι
3651 3734 3752 3805 ξη-

2178 3828 2484 3901 ρανθεῖσαν.
2509 3829 2620 3901 Τὴν
2655 3828 2750 3882 τοῦ
2787 3829 2977 3892 ὓδατος
3005 3831 3085 3894 είς
3125 3827 3266 3884 οἶνον
3298 3829 3595 3902 μεταϐολὴν
3627 3831 3758 3882 ἐσυ-

2175 3919 2523 3990 κοφάντησαν
2553 3918 2821 3988 λέγοντες,
2851 3920 2926 3984 ὡς
2951 3920 3052 3991 ἥδη
3079 3920 3191 3975 τῶν
3230 3923 3290 3975 ἐν
3319 3921 3398 3992 τῷ
3428 3921 3627 3991 δείπνῳ
3659 3937 3760 3990 με-

2176 4009 2503 4076 θυσθέντων,
2541 4010 2636 4063 καὶ
2671 4010 2746 4080 μὴ
2778 4010 2997 4063 εἰδότων
3028 4011 3356 4082 τὴνχλεύην.
3382 4011 3491 4083 Τὴν
3522 4011 3760 4065 ἀνάστα-

2180 4116 2265 4154 σιν
2296 4101 2464 4172 μόνην
2496 4099 2590 4154 τοῦ
2623 4101 2875 4171 Λαζάρου
2912 4100 3012 4155 οὐκ
3056 4102 3280 4174 ἴσχυσαν
3332 4103 3755 4172 συκοφαντῆται.

2181 4193 2319 4246 Ἰδον
2355 4194 2517 4247 αὑτὸν
2545 4195 2827 4265 Λάζαρον·
2860 4194 3127 4265 ἐπίσημος
3166 4192 3236 4268 ἦν
3269 4199 3299 4250 6
3323 4197 3462 4267 ἀνήρ
3481 4213 3494 4227 '
3524 4195 3760 4264 ἠκολού-

2179 4284 2349 4356 θησαν
2370 4288 2433 4358 τῇ
2457 4288 2619 4360 κηδίᾳ
2642 4304 2656 4319 ⁸
2688 4289 2796 4344 ἴδον
2814 4290 2906 4344 τὸν
2928 4289 3097 4359 τάφον
3122 4289 3551 4360 σφραγιζόμενον
3572 4303 3584 4315 ·
3612 4304 3760 4358 παρ-

2178 4373 2518 4446 εμυθήσαντο
2542 4375 2683 4430 κατὰ
2714 4378 2776 4431 τὺ
2812 4377 3021 4440 εἰωθὸς,
3051 4377 3127 4439 ὡς
3143 4377 3209 4427 ἐν
3239 4373 3567 4444 περιδείπνῳ
3594 4371 3764 4425 θανά-

510 4463 774 4519 consolati
798 4462 1063 4519 Martham
1094 4472 1150 4518 et
1177 4462 1403 4519 Mariam
1430 4476 1647 4518 sorores
1671 4461 1883 4516 Lazari.
1912 4462 2078 4519 Nove-

2187 4484 2301 4522 του.
2344 4467 2811 4538 Παρεμυθήσαντο
2834 4467 3065 4539 Μάρθαν
3107 4464 3201 4519 καὶ
3235 4464 3455 4535 Μαρίαν
3480 4463 3579 4526 τὰς
3606 4460 3765 4515 ἀδελ-

510 4563 633 4610 rant
654 4565 764 4611 tres
789 4556 906 4611 dies
929 4555 1150 4621 habere,
1183 4562 1435 4609 accurate
1469 4554 1771 4623 depositum
1807 4553 1858 4606 in
1883 4569 2078 4609 monu-

510 4657 717 4714 mento,
747 4661 973 4716 esseque
1007 4647 1425 4718 quatriduanum
1456 4655 1769 4713 mortuum;
1803 4646 2082 4716 undequa—

511 4752 621 4808 que
649 4738 923 4794 dissolutis
953 4739 1199 4804 artubus,
1238 4737 1458 4792 minutis
1486 4738 1763 4800 carnibus,
1793 4751 2078 4811 nervorum

514 4828 866 4900 colligatione
888 4830 1116 4897 divulsa,
1140 4831 1412 4901 dissipatis
1435 4831 1754 4896 visceribus,
1785 4840 1974 4884 ventre
1996 4830 2084 4884 de-

514 4921 737 4979 ﬂuente.
773 4923 905 4977 Cum
934 4932 1119 4979 essent
1155 4922 1347 4977 horum
1387 4923 1611 4988 conscii,
1653 4937 1717 4977 ac
1749 4930 1969 4990 repente
1995 4922 2082 4976 vi-

514 5016 721 5070 dissent
757 5015 1132 5069 resuscitatum
1185 5014 1448 5069 Lazarum
1498 5014 1845 5077 incolumem,
1888 5028 2082 5067 novam

516 5105 663 5158 velut
685 5121 751 5160 ex
783 5115 960 5169 torno,
994 5114 1159 5181 totam
1187 5103 1439 5174 juvenem
1469 5114 1828 5173 vegetamque
1856 5118 1921 5158 ac
1939 5103 2085 5159 reni-

517 5198 734 5251 dentem
769 5197 1027 5266 speciem,
1076 5194 1275 5250 turbati
1320 5195 1574 5263 filerunt;
1614 5209 1803 5264 parum
1841 5194 1994 5248 abest
2023 5201 2086 5248 ut

519 5301 594 5342 ne
636 5287 994 5355 exspirarent,
1039 5302 1147 5342 non
1194 5286 1527 5341 invenientes
1570 5284 1768 5354 quibus
1808 5286 2082 5355 praetextis

514 5450 534 5461 π
604 5448 976 5513 σιειεριωι,
1025 5448 1078 5513 5,
1118 5448 1204 5518 6.,
1247 5447 1293 5480 ’ί
1322 5444 1578 5515 ιοπηοκιν
1610 5448 1818 5518 Πεαίῐ·

2182 4562 2287 4631 φὰς
2320 4560 2415 4615 τοῦ
2440 4560 2691 4631 Λαζάρου
2715 4578 2730 4593 °
2758 4561 2999 4631 ἔγνωσαν
3024 4560 3108 4613 ὅτι
3137 4558 3410 4629 τέσσαρας
3435 4555 3649 4626 ἡμέρας
3676 4548 3760 4606 εἷ-

2182 4669 2298 4723 χεν,
2336 4652 2581 4725 ἀκριϐῶς
2607 4654 2666 4706 ὲν
2687 4651 2767 4723 τῷ
2804 4651 3054 4724 μνημείῳ
3079 4648 3418 4711 κατατεθεὶς,
3448 4646 3544 4700 καὶ
3569 4646 3650 4698 ὅτι
3672 4661 3765 4696 τε-

2182 4744 2494 4816 τραήμερος
2523 4744 2739 4816 νεκρὸς,
2782 4742 3043 4798 πάντοθεν
3069 4740 3351 4812 ἐξαρθρος,
3392 4737 3503 4792 τῶν
3543 4736 3766 4807 σαρκῶν

2188 4836 2551 4908 μειωθέντων,
2594 4835 2698 4907 τῆς
2739 4833 3129 4907 νευροστασίας
3168 4829 3615 4897 διασπασθείσης,
3651 4825 3767 4878 τῶν

2185 4924 2474 4980 ὲνδοσθίων
2520 4923 3067 4998 διασκορπισθέντων,
3116 4921 3213 4991 τῆς
3246 4917 3479 4989 γαστρὸς
3513 4914 3765 4987 ἐκχυθείο
3861 4988 3867 4993 ,

2183 5033 2304 5088 σης.
2332 5016 2518 5070 Ταῦτα
2557 5017 2878 5080 συνειδότες,
2915 5014 2991 5079 ὡς
3027 5014 3135 5068 ἴδον
3174 5012 3369 5083 ἀθρόον
3398 5010 3497 5079 τὴν
3530 5007 3770 5061 ἀνάστα-

2184 5123 2271 5160 σιν
2312 5107 2571 5179 Λαζάρου
2624 5107 2787 5171 σῶαν,
2814 5104 3007 5179 ἀρτίαν
3037 5104 3114 5169 ὡς
3145 5103 3254 5158 ἀπὸ
3289 5101 3477 5172 τόρνου
3521 5096 3769 5151 στίλϐου-

2193 5213 2292 5252 σαν
2353 5198 2453 5269 τὴν
2512 5198 2869 5262 παννεωσίαν,
2929 5196 3325 5267 ἐταράχθησαν.
3384 5188 3596 5262 Μικρυῦ
3654 5187 3769 5241 δεῖν

2188 5287 2496 5360 ἀπέψυξαν,
2525 5290 2601 5363 μὴ
2628 5290 2976 5362 εὑρίσκοντες
3004 5288 3196 5358 λόγους
3222 5280 3668 5357 προφασιλογίαςν
3701 5279 3770 5333 τὸ

1892 5445 1938 5477 ⁸’
1966 5444 2078 5500 Jool

2178 5461 2240 5509 ιι,
2268 5446 2323 5500 l.
2378 5445 2426 5477 "
2455 5443 2610 5499 Joan.
2645 5461 2746 5503 ιιι.
2790 5444 2878 5498 10.
2952 5442 3000 5476 ⁸⁵
3025 5442 3180 5497 Joan.
3212 5457 3290 5509 ιι,
3320 5442 3373 5497 8.
3448 5440 3494 5473 ⁸⁵
3511 5438 3674 5494 Marc.
3709 5452 3771 5505 ν,

518 5519 619 5585 '59;
643 5520 774 5575 Luc.
802 5535 922 5583 vui,
947 5519 1036 5574 52.
1099 5519 1158 5598 ,⁸⁸
1186 5517 1319 5572 Luc.
1343 5533 1438 5584 vu,
1465 5514 1571 5574 ll.’
1622 5514 1877 5572 "manu.
1905 5531 2020 5582 ut,
2045 5517 2078 5570 1‘

2175 5516 2327 5570 Marc.
2361 5531 2438 5584 ιιι,
2463 5516 2550 5570 l5.
2625 5515 2671 5547 ⁸⁸
2697 5514 2852 5569 Joan.
2878 5528 2940 5579 ιι,
2967 5514 3022 5569 9.
3050 5528 3169 5583 sqq.

594 5651 706 5720 (41)
753 5650 1316 5721 Ἐσυκοςράντησαν.
1351 5649 1551 5705 Saltem
1583 5659 1870 5718 potuerunt
1909 5650 2087 5715 aliqua

522 5723 702 5791 specie
734 5720 1084 5785 calumniari;
1118 5722 1389 5791 quomodo
1414 5721 1618 5791 reliqua
1645 5721 1819 5791 accipi
1853 5720 2084 5791 debent:

522 5789 696 5844 solam
722 5793 864 5847 enim
914 5787 1169 5862 expresse
1212 5790 1340 5847 caeci
1373 5787 1821 5846 illuminationeiu
1852 5787 2008 5845 Joan.
2037 5801 2092 5841 tv
2152 5806 2157 5813 ε

1616 5908 1653 5931 κ

2193 5649 2424 5732 legimus
2457 5663 2679 5732 passam
2718 5648 3040 5705 calumniam
3067 5665 3081 5700 :
3109 5645 3190 5711 τὸ,
3224 5641 3531 5716 κατηνέχθη
3560 5638 3772 5712 signiﬁ-

2195 5728 2571 5777 cauntisstmum
2602 5728 2704 5773 est.
