4092 6394
517 395 593 453 65
1482 389 1542 446 S.
1585 389 2035 446 AMPHILOCHII
2076 385 2460 444 lCONlENSIS
2498 382 2811 441 EPISCOPI
3725 387 3785 442 61

514 510 712 568 Lazari
740 509 850 563 vult
874 509 1098 565 videre?
1123 507 1179 564 Si
1203 517 1285 564 est
1313 507 1406 564 Dei
1430 507 1621 572 Filius,
1650 509 1932 564 suseitabit
1955 523 2101 562 eum.

2171 550 2179 572 ,
2209 506 2270 559 El
2301 505 2426 568 Υἱός
2459 505 2576 558 ἐστι
2616 503 2713 558 τοῦ
2763 501 2920 564 Θεοῦ,
2949 499 3140 556 τοῦτον
3171 501 3484 575 ἀναστήσει.
3530 503 3652 558 Τῶν
3686 505 3787 574 γὰρ

515 603 668 670 Quod
691 603 834 655 enim
867 603 933 655 ad
964 615 1057 656 eos
1085 608 1293 670 special.
1325 616 1462 670 quos
1492 617 1684 656 recens
1713 610 1958 655 mortuos
1981 614 2105 654 sus-

2210 598 2540 668 προσφάτως
2570 595 3033 666 τελευτησάντων,
3056 588 3132 648 ὧν
3160 596 3404 668 ἤγειρεν,
3436 597 3538 650 οὐκ
3565 598 3789 652 ἐπιστά-

515 695 722 757 citavit,
767 693 1064 747 nescimus.
1101 693 1254 749 Unde
1284 708 1413 761 ergo
1460 693 1825 747 sciverimus‘l
1866 693 1922 746 Si
1949 700 2108 747 erant

2210 684 2371 756 μεθα.
2393 684 2564 737 Πόθεν
2589 680 2682 738 οὖν
2714 683 2905 754 ῐσμεν;
2933 684 2997 736 Ei
3021 683 3212 753 τελείῳ
3237 683 3451 756 θανάτῳ
3490 687 3789 759 παρεδόθη-

520 787 762 856 perlecte
803 785 1024 849 mortui,
1074 786 1220 840 hunc
1260 784 1566 849 suscitauit,
1620 799 1794 853 eoque
1823 785 2106 853 cognosci-

2210 794 2330 841 σαν,
2370 776 2560 830 τοῦτον
2591 777 2908 846 ἀναστήσει,
2953 776 3048 829 καὶ
3092 776 3293 845 γνῶσιν
3330 777 3678 849 λαμϐάνομεν
3711 782 3789 834 ὅτι

522 889 642 926 mus
678 889 800 928 esse
834 890 890 928 re
921 889 1046 929 vera
1102 875 1193 928 Dei
1251 874 1470 927 Filium.
1517 873 1666 929 Unde
1689 885 1743 929 et
1779 873 1988 928 Martha
2023 884 2106 928 ta-

2208 867 2427 938 ἀληθῶς
2473 866 2608 920 Θεοῦ
2650 867 2788 944 Υἱός
2820 867 2988 920 ἐστιν.
3027 867 3192 920 Ὅθεν
3233 868 3327 920 καὶ
3370 870 3403 939 ἡ
3444 869 3644 940 Μάρθα
3685 873 3791 935 τοῖς

521 965 660 1020 libus
687 981 744 1018 se
767 966 1110 1020 sermonibus
1133 966 1346 1020 facilem
1369 967 1636 1036 praebens,
1666 967 1894 1020 accessit
1917 976 1967 1019 ct
1991 967 2106 1031 ipsa

2211 962 2388 1029 λόγοις
2415 959 2676 1022 τοιούτοις
2711 957 3258 1029 συμπεριενεχθείσα,
3282 959 3554 1031 προσῆλθε
3582 961 3660 1031 τῷ
3694 964 3793 1015 Κυ-

524 1057 589 1110 ad
628 1058 939 1124 Dominum,
989 1059 1214 1110 dicens:
1249 1056 1368 1122 Quo
1414 1057 1614 1125 pergis,
1664 1057 1922 1110 Domine?
1970 1057 2107 1123 Quid

2213 1055 2310 1126 ρίῳ
2337 1053 2432 1107 καὶ
2453 1054 2590 1123 αὑτὴ
2614 1053 2847 1120 λέγουσα
2865 1069 2878 1080 ·
2906 1050 3016 1105 Ποῦ
3045 1051 3272 1124 πορεύῃ,
3300 1053 3545 1107 Δέσποτα
3571 1071 3585 1119 ;
3613 1055 3677 1106 Τί
3711 1054 3793 1108 θέ-

524 1150 608 1204 vis
645 1151 828 1204 videre
876 1150 1183 1217 sepulcrum
1223 1148 1459 1202 Lazari?
1506 1148 1643 1214 Quid
1689 1147 1913 1201 refricas
1961 1149 2109 1202 dolo-

2210 1143 2321 1206 λεις
2347 1143 2436 1196 τὸν
2475 1143 2646 1211 τάφον
2693 1143 2820 1194 ἰδεῖν
2856 1142 3138 1211 Λαζάρου;
3173 1143 3238 1194 Τί
3281 1143 3382 1214 τὴν
3409 1144 3602 1216 ὀδύνην
3643 1147 3779 1216 ήμῶι

526 1257 640 1296 rem
696 1243 983 1296 nostrum?
1022 1243 1158 1308 Quid
1197 1241 1402 1295 luctum
1454 1239 1792 1294 exSUscitas?
1844 1239 1983 1306 Quid
2029 1241 2110 1294 vis

2210 1235 2493 1301 ἀναξὲειςς
2525 1234 2590 1286 Τί
2621 1233 2681 1286 τὸ
2705 1233 2898 1296 πένθος
2924 1233 3262 1305 ἐπεγείρεις;
3292 1235 3357 1288 Τί
3384 1235 3558 1299 θέλεις
3581 1238 3672 1290 τὸν
3704 1239 3795 1291 τά-

527 1335 716 1389 videre
745 1335 1078 1404 sepulcrum?
1111 1334 1253 1387 Nihil
1277 1333 1444 1397 enim,
1482 1332 1724 1396 Domine,
1756 1329 1882 1384 inde
1915 1331 2111 1386 retule-

2213 1345 2312 1398 φον
2367 1327 2524 1392 ίδείν;
2565 1325 2732 1379 Ούδὲν
2764 1325 2876 1395 γάρ
2905 1325 3112 1397 ὠνήσῃ,
3152 1326 3432 1380 Δέσποτα·
3478 1328 3623 1397 Ἤδη
3664 1329 3793 1395 ὄζει,

523 1424 602 1479 ris
630 1425 898 1479 commodi
927 1443 939 1477 :
967 1426 1079 1493 jam
1105 1426 1248 1492 fetet,
1281 1423 1665 1492 quatriduoaut
1692 1433 1765 1474 est
1807 1427 1970 1474 enim.
2004 1421 2108 1476 Do-

2212 1417 2604 1488 τετραιξμερος
2661 1416 2772 1488 γάρ
2831 1418 3020 1471 ἐστιν.
3083 1419 3140 1471 '0
3181 1418 3239 1472 δὲ
3292 1419 3496 1490 Κύριος
3535 1422 3676 1490 πρὸς
3703 1422 3797 1493 τὴν

527 1515 705 1570 minus
727 1527 907 1571 aulem
936 1519 1002 1570 ad
1034 1517 1325 1570 Martham:
1348 1514 1536 1568 Nonne
1569 1515 1682 1567 diai
1715 1515 1828 1571 libi.
1856 1516 2109 1584 quoniam

2212 1510 2445 1582 Μάρθαν
2465 1527 2477 1539 ·
2513 1512 2635 1564 Οὐκ
2671 1506 2846 1563 εἶπόν
2869 1525 2991 1574 σοι,
3028 1509 3117 1563 ὅτι
3145 1511 3254 1564 ἐὰν
3278 1513 3640 1580 πιστεύσῃς,
3677 1514 3795 1584 ὄψῃ

526 1608 573 1662 si
604 1608 906 1670 credideris,
927 1609 1118 1662 videbis
1147 1609 1369 1677 gloriam
1398 1607 1496 1660 Dei
1521 1608 1546 1661 2
1572 1605 1771 1660 Mihine
1806 1605 1964 1668 dicis,
1987 1606 2111 1659 1am

2212 1609 2328 1675 τὴν
2343 1607 2532 1670 δόξαν
2555 1605 2661 1660 τοῦ
2684 1606 2872 1666 Θεοῦ;
2916 1605 3072 1676 Ἐμοὶ
3106 1606 3286 1673 λέγεις
3305 1647 3320 1670 ,
3351 1605 3496 1674 Ἤδη
3542 1607 3696 1672 ὄζει;
3740 1609 3800 1662 'H

530 1700 695 1770 fetet?
725 1700 893 1755 Soror
921 1711 1006 1753 tua
1040 1701 1191 1770 ungit
1218 1701 1512 1769 unguento,
1556 1698 1782 1768 ipsaque
1814 1700 1864 1752 in
1889 1698 2114 1754 inlideli—

2213 1700 2415 1770 ἀδελφή
2466 1714 2560 1752 σου
2595 1697 2835 1770 μυρίζει,
2864 1700 2959 1752 καὶ
2990 1700 3054 1752 σὺ
3082 1699 3320 1770 καπνίζῃ
3352 1699 3412 1752 ἐν
3445 1702 3512 1772 τῇ
3538 1701 3798 1774 ἀπιστίας

532 1803 643 1846 tate
694 1792 1038 1860 deuigraris?
1071 1793 1200 1846 Volo
1230 1792 1412 1847 videre
1447 1792 1756 1861 sepulcrum
1792 1793 1948 1846 amici
1983 1793 2108 1846 mei.

1693 1807 1756 1844 nu
1792 1793 1948 1846 amici
1983 1793 2108 1846 mei.
2214 1793 2366 1871 θέλω
2399 1791 2489 1844 τὸν
2515 1791 2686 1858 τάφον
2720 1791 2850 1843 ίδεῖν
2871 1789 2966 1843 τοῦ
2996 1791 3149 1861 φίλου
3189 1809 3309 1862 μου.

598 1884 690 1946 ιν.
731 1883 824 1939 llis
865 1884 1125 1939 Dominus
1178 1885 1358 1948 dictis,
1417 1885 1482 1939 ad
1540 1886 1847 1954 sepulcrum
1895 1900 2116 1954 proces-
2149 1875 2193 1933 Β

2186 1882 2193 1926 ί
2273 1887 2346 1938 Δ’.
2372 1884 2554 1938 Ταῦτα
2582 1883 2750 1937 εἰπὼν
2771 1885 3037 1956 όΚύριος,
3071 1885 3164 1938 ἐπὶ
3188 1886 3279 1940 τὸν
3298 1887 3468 1956 τάφον
3492 1887 3802 1959 ἐπορεύετο·

531 1977 640 2042 sit,
665 1978 886 2048 jamque
917 1977 988 2030 illi
1021 1979 1371 2046 pr0pinquus,
1420 1987 1478 2029 ut
1518 1987 1723 2030 tantum
1761 1976 1892 2030 vidit
1931 1993 2122 2031 monu-

2225 1978 2320 2031 καὶ
2350 1976 2656 2048 πλησιάσας
2676 1976 2754 2048 τῷ
2784 1975 2961 2047 τάφῳ,
3001 1977 3158 2048 μόνον
3192 1974 3300 2032 εἶδε
3330 1979 3393 2033 τὸ
3411 1985 3696 2052 μνημεῖον,
3724 1982 3809 2034 εύ-

532 2080 794 2135 mentum,
875 2071 1054 2123 statim
1132 2069 1462 2138 lacrymatus
1517 2077 1618 2122 est.
1683 2067 1819 2132 Quid
1885 2081 2015 2122 vero
2069 2070 2119 2123 ei

2224 2069 2362 2132 θέως
2399 2069 2690 2138 ἐδάκρυσε.
2749 2067 2846 2132 Τίς
2891 2071 2923 2139 ἡ
2963 2070 3122 2140 χρεία
3156 2070 3434 2140 δακρύειν,
3466 2072 3525 2125 δν
3575 2072 3808 2144 ἤμελλεν

529 2175 692 2230 quem
726 2168 844 2214 erat
874 2159 1260 2226 suscitaturus,
1287 2174 1421 2230 opus
1454 2158 1747 2228 lacrymis?
1814 2157 2011 2229 Utique
2039 2160 2120 2212 la-

2222 2163 2486 2233 ἐγείρειν;
2527 2161 2824 2231 Ἐδάκρυσε
2855 2161 2993 2231 (47),
3046 2161 3128 2215 διὸ
3160 2164 3399 2228 συνετῶς
3428 2165 3607 2218 πάντα
3632 2167 3662 2218 6
3697 2165 3810 2218 Κύ-

531 2264 806 2324 crytnatus
868 2263 954 2308 est
1019 2252 1300 2315 Dominus,
1356 2262 1408 2304 ιιι
1461 2252 1550 2319 qui
1611 2253 1885 2319 sapienter
1940 2253 2120 2307 omnia

2225 2273 2339 2326 ριος
2364 2253 2544 2322 σοφῶς
2575 2253 3090 2324 ἐπραγματεύσατο.
3139 2254 3435 2326 Ἐδάκρυσε
3467 2256 3575 2329 γὰρ
3601 2257 3695 2308 ἐπι
3723 2273 3809 2309 τον

531 2356 768 2415 gereret.
818 2345 909 2399 Est
943 2347 1084 2398 enim
1120 2346 1449 2414 lacrymatns
1479 2346 1544 2398 ad
1585 2346 1870 2408 tumulum,
1909 2355 1967 2399 ut
1995 2347 2121 2415 quid

2223 2347 2413 2416 τάφον,
2446 2347 2597 2408 ὅπως
2617 2345 2727 2398 τῶν
2756 2344 3240 2416 ἀκολουθησάντων
3261 2347 3361 2417 τὴν
3392 2345 3618 2417 γνώμην
3645 2347 3709 2419 δη
3720 2365 3811 2417 μο-

537 2438 574 2492 ii
611 2439 698 2507 qui
732 2437 958 2492 comites
989 2438 1344 2490 adhaesissent
1379 2440 1444 2490 de
1484 2437 1600 2504 ipso
1653 2438 1978 2507 suspicionis
2025 2439 2121 2492 ha-

2225 2440 2438 2512 σιεύσῃ,
2465 2439 2584 2491 οῖαν
2610 2437 2792 2508 ἔχουσι
2830 2439 2958 2509 περὶ
2993 2437 3158 2491 αὐτοῦ
3185 2439 3439 2508 ὑποψίαν.
3467 2439 3561 2492 Διὸ
3593 2445 3690 2493 καὶ
3737 2439 3811 2503 ὡς

537 2528 728 2581 herent
769 2527 953 2580 animo
990 2527 1282 2595 repositum
1332 2527 1609 2595 proderet.
1644 2525 1798 2581 Unde
1847 2531 2012 2581 etiam
2067 2537 2124 2580 ut

2223 2526 2365 2584 εἶδον
2407 2529 2572 2583 αὐτὸν
2605 2527 2977 2600 δακρύσαντα,
3015 2528 3332 2599 ἀνθρώπινα
3365 2531 3527 2584 πάλιν
3549 2532 3813 2593 παθόντες

537 2623 791 2676 viderunt
866 2621 1277 2692 lacryntantem,
1337 2622 1630 2675 hutnantnn
1694 2624 1870 2674 denuo
1921 2619 2122 2689 aliquid

2223 2623 2273 2673 οἱ
2305 2619 2727 2682 ἀκολουθοῦντες
2769 2619 2937 2690 ὄχλοι,
2987 2619 3220 2692 ἤρξαντο
3251 2623 3386 2692 πρὸς
3413 2625 3636 2685 ἑαυτοὺς
3663 2625 3814 2676 ἀντι-

537 2726 710 2780 passae
768 2710 962 2772 turhze,
1009 2719 1293 2780 cmperunt
1342 2713 1592 2765 conferre
1643 2711 1894 2774 invicem,
1939 2726 2002 2764 ac
2045 2712 2126 2763 di-

2224 2713 2440 2767 ϐάλλειν
2462 2712 2558 2764 καὶ
2581 2712 2780 2780 λέγειν·
2809 2708 2984 2778 Εἶδες
3015 2711 3142 2778 πῶς
3168 2714 3361 2782 ἐφίλει
3391 2715 3606 2777 αὑτόν;
3636 2715 3694 2768 Ὀ
3726 2733 3814 2768 νε-

539 2817 663 2856 cere
698 2821 711 2855 :
748 2799 882 2854 Ecce
914 2805 1173 2872 quomodo
1197 2803 1407 2854 amabat
1440 2819 1578 2855 eum.
1612 2801 1726 2855 Non
1779 2810 2006 2871 poterat,
2032 2801 2122 2864 qui

2224 2807 2390 2876 κροὺς
2414 2805 2654 2876 ἐγείρας,
2677 2805 2770 2856 καὶ
2804 2805 3038 2874 τυφλοὺς
3067 2806 3422 2876 ὀμματώσας,
3459 2808 3560 2860 οὐκ
3583 2807 3815 2878 ἠδύνατο

539 2893 816 2971 ειιερξνηνί·
858 2902 1098 2947 mortuos
1127 2909 1192 2947 ac
1221 2895 1378 2946 caecis
1407 2893 1645 2947 restituit
1683 2895 1893 2958 visum,
1949 2893 2125 2947 facere

2227 2899 2448 2967 ποιῆσαι
2487 2897 2576 2950 ἵνα
2606 2897 2701 2950 καὶ
2747 2889 2904 2959 οὗτος
2959 2896 3031 2967 μὴ
3087 2897 3357 2968 ἀποθάνῃ,
3400 2900 3448 2951 εί
3493 2898 3600 2970 ἄρα
3640 2899 3817 2962 οὕτως

542 2969 705 3038 “(iis
763 2983 848 3037 hic
897 2999 1218 3050 moreretur,
1252 2985 1520 3053 siquidem
1569 3002 1691 3038 cum
1733 2987 1809 3039 sic
1862 2985 2126 3040 amabat?

2226 2990 2399 3059 ἐφίλει
2453 2987 2649 3052 αύτόν;
2723 2988 2782 3040 ’0
2809 2987 2864 3039 δὲ
2904 2987 3132 3059 Κύριος,
3190 2988 3266 3052 ὡς
3313 2985 3454 3042 εἶδεν
3487 2991 3685 3054 αὐτοὺς
3735 2991 3815 3043 ἔτι

541 3071 802 3128 Dmniuus
831 3085 1011 3128 autem
1043 3085 1102 3129 ut
1132 3091 1225 3129 θος
1257 3078 1436 3131 adhuc
1464 3079 1697 3130 lnnnana
1730 3078 1862 3133 vidit
1896 3078 2124 3147 loquen-

2227 3080 2544 3153 ἀνθρώπινα
2568 3079 2883 3143 λαλοῦντας,
2917 3081 3256 3151 ἁπεκρίνατο
3277 3079 3412 3150 πρὸς
3436 3081 3652 3145 αύτούς·
3680 3080 3819 3136 Ko'u-

545 3177 644 3226 tes,
677 3165 780 3218 illis
812 3168 1086 3233 respondit
1113 3168 1274 3223 :Erat
1310 3169 1439 3222 mihi
1477 3184 1579 3222 ιιοιι
1612 3185 1797 3238 grave,
1825 3179 1882 3222 ut
1930 3169 2119 3224 Lazari
2157 3239 2161 3244 Α

2229 3193 2324 3243 φον
2361 3173 2460 3244 μὲν
2491 3168 2558 3244 ἦν
2592 3189 2682 3242 μοι
2725 3175 3182 3243 παρακατασχεῖν
3225 3172 3325 3243 τὴν
3353 3171 3498 3242 ζωὴν
3537 3173 3815 3241 Λαζάρου,

541 3258 725 3320 vitam,
789 3260 1237 3328 quemadmodum
1285 3261 1447 3314 etiam
1491 3261 1619 3314 Elia:
1665 3273 1719 3314 et
1757 3263 1962 3327 Enoch,
1998 3245 2157 3317 reti-‘

2227 3265 2302 3329 ὡς
2333 3263 2540 3318 καὶτοῦ
2579 3263 2735 3317 Ἠλία
2778 3263 2876 3316 καὶ
2909 3261 3002 3314 τοῦ
3043 3262 3236 3332 Ἑνὼχ,
3288 3262 3404 3316 ἀλλ’
3445 3261 3618 3324 οὐδεὶς
3663 3263 3820 3333 ὑμῶν

543 3366 726 3404 nerem
755 3369 769 3404 :
799 3366 955 3405 nemo
983 3361 1160 3406 tamen
1193 3363 1433 3406 vestium
1461 3393 1475 3413 ,
1520 3369 1635 3407 mea
1670 3354 1815 3406 illam
1850 3355 2123 3410 voluntate

2229 3357 2545 3425 ἐγίνωσκεν,
2587 3357 2765 3426 ὅτιτῇ
2814 3358 2920 3426 ἐμῇ
2953 3354 3168 3425 θελήσει
3210 3357 3242 3426 ἡ
3280 3353 3394 3424 ζωὴ
3425 3353 3674 3424 Λαζάρου
3714 3371 3819 3407 πα-

546 3445 764 3499 retiueri
825 3447 1187 3513 cognovisset.
1236 3443 1441 3498 Idcirco
1476 3446 1694 3511 permisi
1732 3454 1790 3498 ut
1821 3457 1996 3501 morte
2029 3448 2126 3501 ab-

2232 3448 2608 3518 ρακατέχεται.
2635 3445 2735 3498 Διά
2759 3444 2915 3498 τοῦτο
2938 3443 3292 3516 συνεχώρησα
3329 3443 3435 3496 ὑπὸ
3456 3442 3551 3496 τοῦ
3585 3443 3821 3496 θανάτου

543 3539 878 3598 sorheretnr,
935 3551 1042 3604 quo
1091 3536 1402 3589 accuratius
1437 3537 1559 3590 vitae
1589 3548 1642 3589 et
1685 3537 1876 3589 mortis
1927 3538 2127 3591 habere

2232 3538 2396 3591 αὐτὸν
2422 3537 2822 3608 καταποθῆναι,
2854 3539 3002 3601 ὅπως
3030 3537 3272 3608 ἀκριϐῶς
3308 3535 3536 3607 μάθητε,
3562 3537 3643 3588 ὅτι
3675 3537 3822 3607 ζωῆς

547 3643 634 3680 tne
679 3637 998 3696 potestatem
1033 3628 1306 3680 docerem.
1354 3626 1583 3694 Moxque
1625 3628 1689 3680 ad
1719 3644 1811 3681 eos
1845 3627 2126 3694 Dominus,

2235 3632 2327 3684 καὶ
2364 3629 2597 3684 θανάτου
2643 3630 2742 3700 τὴν
2775 3629 3024 3694 ἐξουσίαν
3050 3629 3178 3700 ἔχω.
3229 3630 3339 3682 Καὶ
3359 3628 3522 3692 εὐθὺς
3547 3629 3685 3700 πρὸς
3726 3629 3824 3681 αύ-

546 3727 607 3769 ut
639 3733 828 3770 omnes
867 3720 1012 3770 clare
1069 3724 1240 3771 nostis
1277 3739 1288 3770 :
1328 3716 1586 3771 Revolvite
1639 3717 1885 3784 lapidem.
1934 3718 2131 3774 Judmis

2232 3721 2358 3784 τοὺς
2391 3723 2419 3773 6
2448 3720 2672 3790 Κύριος,
2703 3719 2883 3782 καθὼς
2910 3720 3024 3772 ἴστε
3067 3720 3269 3782 πάντες
3299 3717 3506 3787 σαφῶς·
3556 3719 3823 3771 Ἀποκυ-

549 3809 781 3876 iniunxit
817 3818 873 3859 ut
910 3809 1244 3862 revolverent
1279 3809 1509 3876 lapidem
1547 3809 1680 3877 με).
1734 3809 1862 3863 Vide
1912 3821 1970 3863 ut
2022 3826 2133 3863 om-

2233 3811 2446 3864 λίσατε
2471 3811 2579 3862 τὸν
2601 3812 2794 3863 λίθον.
2831 3809 3006 3862 Βλέπε
3051 3809 3168 3872 πῶς
3215 3809 3393 3862 πάντα
3440 3807 3620 3876 σοφῶς
3653 3808 3828 3877 ἐπρα-

551 3900 638 3950 nia
682 3899 972 3965 prudenter
1039 3900 1297 3968 gesserit,
1367 3907 1528 3952 testes
1579 3900 1989 3968 probatissimos
2050 3915 2133 3955 re-

2236 3899 2604 3970 γματεύσατο,
2635 3900 2916 3972 μάρτυρας
2949 3901 3198 3971 ἀκριϐεῖς
3226 3900 3324 3970 τῆς
3356 3898 3705 3960 ἀναστάσεως
3720 3899 3828 3950 Λα-

548 3989 902 4044 surrectionis
987 3989 1176 4043 Lazari
1245 3989 1471 4044 faciens.
1553 3990 1808 4045 Revolvite
1883 3991 2130 4062 lapidem.

2235 3994 2407 4068 ζάρου
2467 3993 2762 4047 καθιστῶν.
2835 3993 3274 4047 Ἀποκυλίσατε
3310 3991 3419 4044 τὸν
3466 3992 3662 4043 λίθον.
3698 3990 3827 4051 Τοῖς

549 4083 829 4135 Concessit
877 4081 1155 4149 discipulis
1216 4091 1276 4135 ut
1330 4095 1580 4142 sermone
1609 4091 1816 4136 montes
1875 4083 2138 4137 transfer-

2242 4087 2513 4158 μαθηταῖς
2537 4087 2839 4156 ἐπέτρεπεν
2865 4083 2966 4155 ὄρη
2989 4086 3320 4154 μεταγαγεῖν
3355 4082 3521 4151 λόγῳ,
3544 4082 3638 4134 καὶ
3660 4079 3828 4143 αὐτὸς

553 4183 673 4227 rent
712 4174 780 4237 “,
833 4183 889 4228 et
941 4175 1058 4241 ipse
1113 4188 1216 4227 non
1271 4173 1496 4226 revolvit
1557 4174 1828 4240 lapidem?
1907 4175 2134 4240 Verum,

2240 4177 2387 4232 λίθον
2421 4170 2522 4230 οὐκ
2554 4175 2920 4239 ἀπεκύλισεν;
2985 4173 3146 4226 Ἀλλά
3181 4175 3358 4227 πάντα
3390 4172 3591 4241 σοφῶς,
3643 4168 3830 4233 καθὼς

553 4274 613 4320 ιιι
675 4266 833 4330 dixi,
881 4269 1060 4320 omnia
1119 4266 1392 4334 sapienter
1439 4267 1504 4320 ad
1561 4267 1843 4321 utilitatem
1901 4283 2136 4338 gerens,

2241 4270 2524 4339 προεῖπον,
2562 4265 3085 4337 πραγματευόμενος
3120 4264 3257 4335 πρὸς
3287 4263 3644 4326 λυσιτέλειαν,
3671 4263 3830 4330 ἔλεγε

550 4358 689 4410 dixit
749 4356 948 4411 Judzois
995 4373 1008 4408 :
1047 4356 1308 4410 Revolvite
1351 4355 1577 4425 lapidem
1605 4397 1620 4422 ,
1685 4370 1741 4412 ut
1795 4374 1856 4411 ex
1893 4360 2008 4427 ipso
2063 4357 2142 4411 fe-

2241 4365 2353 4424 τοῖς
2387 4359 2686 4425 Ἰουδαίοις,
2746 4358 3184 4412 Ἀποκυλίσατε
3220 4355 3328 4409 τὸν
3368 4356 3563 4420 λίθον,
3590 4356 3739 4418 ὃπως
3771 4353 3835 4418 ἐξ

553 4451 686 4504 retri
732 4449 923 4514 fetore,
977 4450 1250 4518 putruisse
1281 4449 1619 4513 defunctum,
1653 4465 1757 4503 non
1791 4451 1933 4505 lurto
1977 4451 2144 4505 fuisse

2242 4452 2412 4522 αὐτῆς
2431 4453 2530 4521 τῆς
2563 4450 2894 4522 νεκροφόρου
2929 4449 3212 4518 ἀποφορᾶς
3253 4447 3498 4518 μάθωσιν
3534 4447 3616 4499 ὅτι
3646 4445 3831 4515 ἐσάπη

553 4541 822 4595 sublatum
878 4543 1168 4598 discerent.
1219 4538 1477 4596 Revolvite
1534 4541 1784 4610 lapidem.
1842 4539 1911 4595 Ut
1960 4553 2138 4596 autem

2246 4545 2339 4597 καὶ
2367 4545 2466 4598 ούκ
2516 4542 2751 4612 ἐκλάπη.
2809 4540 3251 4594 Ἀποκυλίσατε
3272 4537 3380 4592 τὸν
3408 4539 3602 4592 λίθον.
3631 4537 3750 4588 Τῶν
3775 4537 3837 4590 δὲ

555 4633 632 4688 illi
670 4646 1072 4686 murmurantes
1106 4632 1450 4686 revolverunt
1500 4633 1806 4702 (mordebat
1861 4634 2005 4687 enim
2056 4633 2140 4687 el-

2243 4635 2688 4688 ἀποκυλισάντων
2726 4632 2866 4703 μετά
2892 4631 3210 4701 γογγυσμοῦ
3242 4629 3583 4701 (ἐδρίμυττεν
3598 4629 3706 4700 γὰρ
3733 4630 3839 4682 αὐ-

555 4726 763 4781 frenata
818 4725 990 4794 capuli
1038 4725 1258 4791 olentia)
1302 4745 1314 4778 :
1363 4739 1483 4777 eum
1527 4725 1707 4794 itaque
1771 4727 1861 4795 qui
1920 4729 2141 4782 aderant

2244 4727 2368 4787 τοὺς
2390 4727 2421 4794 ἠ
2442 4726 2775 4795 νεκροφόρου
2805 4723 3038 4784 δυσίνιος
3065 4721 3363 4792 ἀποφορά)·
3386 4719 3838 4774 ἀποκυλισάντων

561 4815 920 4872 revolvissent
960 4815 1212 4883 lapidem,
1244 4815 1526 4870 confestim
1555 4816 1807 4871 clamavit
1842 4817 2102 4873 Dominus
2122 4857 2140 4884 ,

2244 4815 2300 4867 δὲ
2339 4814 2447 4868 τῶν
2482 4814 2768 4884 παρόντων
2784 4813 2877 4866 τὸν
2903 4813 3069 4876 λίθον,
3099 4811 3304 4874 εὐθέως
3327 4811 3552 4882 ἐϐόησεν
3582 4810 3610 4861 ὁ
3628 4808 3840 4880 Κύριος

555 4908 745 4962 dicens
791 4924 804 4961 :
836 4904 1066 4968 Lazare,
1125 4909 1240 4960 veni
1271 4908 1434 4975 foras.
1492 4909 1663 4962 llcrns
1692 4917 1777 4962 est
1804 4911 1894 4978 qui
1942 4920 2098 4964 vocat
2125 4928 2138 4964 :

2245 4908 2440 4975 λέγων’
2481 4907 2726 4974 Λάζαρε,
2763 4906 2941 4974 δεῦρο
2965 4905 3100 4970 ἔξω.
3125 4904 3404 4972 Δεσπότης
3429 4905 3456 4956 6
3486 4901 3689 4965 καλῶν,
3743 4902 3843 4953 οὒ-

560 5013 630 5052 ne
660 4998 782 5066 quis
811 4998 1218 5052 contradixerit.
1267 4999 1494 5062 Lazare,
1536 5002 1651 5054 veni
1695 5002 1885 5067 foras;
1933 5012 2138 5055 certam

2245 5001 2356 5062 δεὶς
2389 5002 2417 5052 6
2444 5000 2756 5068 ἀντιλέγων.
2783 4998 3032 5068 Λάζαρε,
3063 4997 3239 5066 δεῦρο
3257 4996 3392 5060 ἔξω·
3423 4995 3842 5066 πληροφόρησον

561 5091 721 5144 [idem
765 5090 1075 5144 sorori'tua:
1108 5090 1330 5146 Marthae
1361 5093 1522 5146 facito
1563 5103 1620 5145 ut
1648 5093 1890 5162 jubeant,
1946 5110 2049 5148 non
2085 5103 2144 5148 ut

2249 5092 2478 5164 Μάρθαν
2529 5091 2630 5163 τὴν
2657 5092 2892 5163 ἀδελφήν
2925 5109 3042 5151 σου,
3069 5091 3144 5154 ὡς
3176 5090 3406 5152 κελεύω,
3451 5090 3547 5142 καὶ
3573 5088 3672 5157 οὐχ
3725 5088 3844 5138 ἱκε-

559 5183 878 5251 simplicem.
913 5181 1132 5247 Lazare,
1165 5185 1282 5238 veni
1324 5183 1489 5253 foras.
1551 5184 1870 5252 Priusquam
1922 5187 2146 5240 descen-

2245 5185 2408 5240 τεύω.
2440 5183 2681 5252 Λάζαρε,
2738 5183 2915 5253 δεῦρο
2953 5183 3089 5247 ἔξω.
3133 5182 3245 5253 Πρὸ
3271 5181 3362 5234 τοῦ
3395 5180 3660 5243 κατέλθω,
3688 5177 3845 5242 ἐξελ-

561 5275 713 5337 dero,
756 5289 1030 5342 percurre,
1085 5287 1135 5329 et
1168 5277 1408 5330 edissere
1462 5275 1516 5328 in
1567 5286 1617 5329 te
1651 5276 2050 5330 arrhabonem:
2089 5277 2143 5329 in

2247 5276 2306 5328 θε
2333 5275 2463 5344 (48)·
2502 5277 2559 5328 ἐν
2594 5275 2677 5328 σοὶ
2719 5275 2813 5327 τὸν
2859 5273 3180 5348 ἀρραϐῶνα,
3234 5276 3290 5326 ἐν
3333 5273 3458 5344 ἐμοὶ
3503 5271 3566 5323 τὸ
3606 5269 3840 5324 τέλειον.

564 5381 652 5421 tne
679 5375 877 5430 autem,
909 5370 1052 5435 quod
1087 5366 1387 5436 perfectum
1425 5376 1528 5421 est.
1565 5364 1790 5432 Lazare,
1822 5368 1938 5422 veni
1975 5367 2140 5435 foras.

1262 5377 1387 5421 :tum
1425 5376 1528 5421 est.
1565 5364 1790 5432 Lazare,
1822 5368 1938 5422 veni
1975 5367 2140 5435 foras.
2245 5357 2490 5435 Λάζαρε,
2543 5365 2719 5434 δεῦρο
2743 5365 2878 5430 ἐξω.

637 5546 682 5578 ⁸⁸
715 5544 902 5599 Matth.
948 5559 1081 5609 xvn,
1108 5543 1195 5598 i9.

639 5639 978 5711 (4ϋ)1ιιι1ῳὶε
1010 5638 1240 5711 injunxit
1284 5649 1338 5691 ut
1373 5635 1686 5691 revolverent
1720 5637 1968 5708 lapidem.
2016 5636 2140 5693 Haec
2249 5652 2345 5711 gis
2379 5636 2430 5689 in
2468 5632 2619 5711 suavi
2660 5631 2747 5686 illa
2789 5629 3370 5711 prOptisition.isnsolitts
3399 5627 3846 5711 commutatione.

568 5699 765 5765 desunt
799 5711 850 5763 in
891 5699 1113 5770 Graecis,
1139 5710 1233 5778 sed
1262 5724 1451 5762 sensus
1478 5719 1706 5762 constat.
1775 5699 1786 5708 ’
2250 5707 2328 5760 Tn
2349 5719 2500 5778 ergo,
2533 5699 2846 5771 priusquam
2892 5699 3066 5754 inorte
3117 5699 3323 5778 inferna
3365 5711 3565 5778 petam,
3595 5699 3844 5778 estaliu-

645 5779 752 5846 (47)
793 5778 1141 5846 Ἐδάκρυσε.
1177 5777 1377 5830 Littera
1411 5778 1625 5831 vitiosa.
2255 5776 2490 5829 minibus
2511 5781 2971 5846 ιιιιεοολιιιωιιιει
3017 5776 3449 5846 resurrectionis,
3488 5777 3544 5818 ut
3576 5776 3849 5836 prmntta-

646 5837 754 5919 (48')
785 5849 900 5916 Πρὸ
931 5837 1034 5901 τοῦ
1073 5846 1335 5902 atate.le
1363 5847 1592 5912 ἔξελθε.
1639 5845 1785 5903 Perit
1812 5847 1958 5923 lepos
1988 5847 2138 5903 Grae-
2253 5863 2262 5900 ι

2253 5863 2369 5900 rum
2403 5863 2417 5899 :
2461 5837 2696 5912 meaeque
2733 5842 2900 5909 illius,
2943 5849 3000 5894 ut
3057 5837 3320 5909 perfecti;
3360 5851 3550 5904 nempe
3600 5851 3656 5890 ut
3694 5850 3836 5902 epis.
