4092 6440
467 410 540 470 θἸ
1454 415 1514 470 S.
1556 412 2005 470 AMPIIILOCHII
2048 410 2434 470 ICONIENSIS
2472 407 2781 466 EPISCOPI
3657 407 3731 466 63

471 542 608 595 stus,
637 544 736 586 nos
758 529 1042 586 recreavit.
1073 529 1173 586 Ubi
1200 529 1342 584 enim
1370 529 1417 584 is
1441 531 1777 592 convivatur,
1809 539 1864 582 et
1889 526 2046 580 simul

2174 525 2300 598 ταρὰ
2321 525 2576 596 Ζακχαιῳ
2593 524 2938 594 ἑστιώμενος.
2961 524 3136 578 Ὅπου
3155 521 3268 594 γὰρ
3283 523 3519 594 Χριστος
3547 526 3734 580 ἑστιά-

474 625 737 678 recumbit
759 638 882 676 cum
907 621 1236 684 hominibus,
1261 628 1551 690 nostroque
1572 629 1628 675 et
1644 631 1772 688 potu
1789 627 1844 673 et
1867 633 2050 672 mensa

473 713 690 778 fruitur,
727 715 782 768 in
823 714 1006 768 laetum
1041 711 1223 765 omnia
1269 725 1576 766 sermonem
1633 707 2050 764 transferuntur.

475 805 610 870 Quis
637 805 804 868 enim,
851 805 978 858 dum
1009 803 1134 858 caeli
1170 817 1234 855 ac
1286 811 1442 856 terra:
1474 809 1752 855 auctorem
1792 797 1846 852 in
1875 798 2053 867 publi-

475 911 733 950 canorum
786 895 1263 964 meretricumque,
1316 906 1410 947 seu
1443 891 1654 946 illorum
1693 891 1784 959 qui
1824 889 2052 943 nefanda

477 995 918 1057 perpetraverant
970 985 1310 1054 publicanam
1343 983 1488 1037 videt
1525 982 1920 1036 subintrantem
1956 979 2053 1032 do-

476 1093 624 1132 mum
655 1097 668 1132 :
694 1093 886 1133 eumve
915 1077 1005 1146 qui
1047 1075 1229 1145 fruges
1269 1076 1505 1145 praebet,
1551 1075 1847 1129 humanum
1887 1072 2056 1126 mani-

475 1169 580 1224 bus
621 1169 972 1237 accipientem
1009 1183 1240 1238 panem;
1293 1181 1390 1221 seu
1426 1180 1651 1218 uvarum
1695 1164 2012 1232 largitorem
2036 1203 2050 1228 ,

479 1271 638 1330 potus
682 1261 1062 1315 communione
1117 1259 1410 1314 toreularia
1460 1257 1868 1312 benedicentem
1907 1271 2054 1310 :uon

479 1366 600 1406 eam
635 1367 750 1406 rem
783 1353 920 1406 fesw
962 1353 1202 1420 laetaque
1249 1349 1575 1415 celebritati,
1610 1349 1804 1402 merito
1832 1349 2056 1417 deputa-

479 1443 657 1496 verit?
694 1443 880 1498 Fuerit
909 1443 1065 1513 plane
1098 1444 1212 1496 lucc
1250 1441 1531 1504 festivitas,
1563 1441 1676 1494 haec
1704 1439 1888 1492 laetitia
1920 1452 2051 1492 cou-

481 1535 609 1588 vivii
640 1535 867 1604 angelici
918 1555 930 1590 :
973 1543 1032 1588 ut
1063 1533 1322 1587 Dominus
1367 1547 1489 1585 cum
1523 1530 1717 1594 servis,
1762 1527 1906 1583 Deus
1937 1544 2057 1582 cum

485 1627 826 1691 hominibus;
852 1626 1124 1680 communi
1157 1625 1320 1694 judex
1357 1624 1560 1690 p0titus
1591 1636 1774 1676 mensa
1814 1622 2061 1674 videatur

482 1731 607 1771 cum
647 1717 776 1769 reis.
844 1714 1050 1768 Idcirco
1092 1714 1258 1777 enim,
1293 1712 1430 1766 caelo
1465 1725 1569 1765 non
1603 1712 1834 1773 deserto,
1870 1708 1920 1761 in
1953 1717 2061 1762 ter-

482 1821 599 1860 ram
647 1806 835 1859 venit:
870 1813 1058 1872 estque
1106 1802 1282 1856 factus
1335 1802 1517 1864 homo,
1554 1799 1834 1854 divinitate
1890 1798 2060 1852 haud-

2150 634 2260 675 ται.
2300 617 2538 679 καὶτοῖς
2567 615 2878 686 ἀνθρώποις
2933 614 3397 676 συνανακλινεται,
3424 616 3521 667 καὶ
3561 613 3734 668 ποτοῦ

2152 707 2251 759 καὶ
2274 705 2556 778 τραπέζης
2590 705 2854 758 ἀπολαύει
2882 705 2981 774 τῆς
3009 705 3302 776 ἡμετέρας,
3350 705 3488 776 πρὸς
3517 704 3607 758 τὸν
3630 704 3733 772 τῆς

2150 798 2489 869 εὐφροσύνης
2529 797 2822 868 μετάγεται
2860 796 3037 865 λόγον.
3094 797 3190 859 Τίς
3236 795 3347 867 γὰρ
3379 795 3650 857 τελωνῶν,
3696 793 3731 864 ἢ

2151 889 2387 960 πορνῶν,
2436 889 2469 960 ἦ
2514 889 2622 943 τῶν
2664 889 2731 942 τὰ
2763 891 2976 959 ἄρρητα
3005 889 3393 960 ἐργασαμένων
3419 887 3586 950 δεινὰ,
3639 887 3735 938 τὸν

2151 981 2380 1052 ούρανοῦ
2405 981 2437 1051 ἢ
2463 981 2556 1033 καὶ
2584 981 2686 1050 γῆς
2719 982 2977 1051 Ποιητὴν,
3013 981 3210 1050 στέγην
3241 979 3541 1032 ὑπελθόντα
3567 978 3737 1030 τελω-

2153 1073 2308 1143 νικὴν
2341 1073 2573 1142 βλέπωνο
2626 1073 2659 1142 ἢ
2705 1072 2796 1125 τὸν
2823 1072 2932 1125 τῶν
2975 1071 3265 1142 ἀσταχύων
3305 1071 3526 1141 δοτῆρα,
3569 1068 3736 1140 ἄρτον

2154 1164 2495 1235 ἀνθρώπινον
2532 1165 2671 1234 μετὰ
2704 1167 2892 1235 χεῖρας
2908 1165 3272 1234 λαμϐάνοντα,
3303 1163 3335 1233 ἢ
3363 1163 3454 1215 τὸν
3502 1160 3611 1214 τῶν
3646 1159 3740 1229 βο·

2155 1250 2336 1320 τρύων
2351 1253 2606 1322 χορηγὸν,
2622 1255 2687 1322 τῇ
2715 1253 2967 1322 κοινωνίᾳ
2994 1253 3088 1305 τοῦ
3116 1253 3280 1305 ποτοῦ
3293 1253 3390 1313 τὰς
3418 1251 3609 1321 ληνοὺς
3621 1250 3736 1322 (57)

2156 1343 2495 1412 εὐλογοῦνταο
2555 1343 2631 1413 μὴ
2685 1342 2878 1413 ἑορτὴν
2935 1344 3031 1396 καὶ
3067 1345 3375 1414 πανήγυριν
3430 1342 3621 1396 θέσθαι
3672 1341 3740 1394 τὸ

2158 1437 2389 1506 πρᾶγμα
2415 1434 2954 1506 δικαιώσειεν;Αὖτη
2982 1435 3196 1506 ἀληθῶς
3228 1436 3407 1506 ἐορτή’
3443 1434 3578 1502 αὕτη
3601 1434 3741 1502 ἀλη-

2158 1525 2266 1589 θῶς
2283 1526 2582 1597 ἀτγελικῆς
2617 1526 2912 1590 ἑστιάσεως
2944 1526 3270 1599 εὐφροσύνη,
3318 1527 3379 1579 τὸ
3403 1527 3494 1578 τὸν
3531 1524 3740 1579 Δεσπό-

2158 1635 2279 1688 την,
2315 1619 2455 1688 μετὰ
2505 1618 2724 1671 δούλων·
2773 1619 2865 1670 τὸν
2921 1618 3073 1682 Θεὸν,
3119 1619 3255 1689 μετὰ
3289 1617 3606 1688 ἀνθρώπων·
3643 1615 3742 1669 τὸν

2159 1708 2437 1780 δικαστὴν,
2460 1710 2598 1780 μετὰ
2611 1710 2719 1763 τῶν
2734 1710 3048 1764 ὑπευθύνων
3076 1713 3208 1782 ὁρᾷν
3225 1711 3409 1780 κοινῆς
3439 1709 3743 1763 ἀπολαύον-

2159 1815 2230 1852 τα
2291 1801 2592 1870 τραπέζης.
2643 1803 2742 1856 Διὰ
2771 1803 2878 1872 γὰρ
2910 1802 3066 1855 τοῦτο
3108 1803 3202 1855 ἐπὶ
3247 1802 3353 1871 γῆς
3393 1799 3575 1872 ἦλθεν,
3635 1799 3743 1853 οὐκ
3824 1806 3840 1816 ⁸

482 1910 754 1964 quaquam
782 1894 1021 1962 deposita
1048 1909 1064 1954 ;
1099 1903 1158 1946 ut
1187 1891 1348 1946 etiam
1382 1904 1531 1944 mare
1566 1889 1849 1959 navigans,
1881 1888 2061 1941 mundi

2174 1890 2370 1963 ἔρημον
2431 1892 2744 1947 καταλιπὼν
2804 1894 2896 1947 τὸν
2965 1893 3192 1964 οὐρανόν
3215 1911 3226 1922 ⁸
3293 1891 3386 1946 καὶ
3453 1890 3741 1961 ἄνθρωπος

483 1985 646 2055 hujus
677 1985 867 2055 pelago
902 1992 1222 2052 tempestate
1259 1983 1515 2053 jactatos,
1547 1980 1613 2035 de
1644 1979 1850 2050 peccati
1898 1978 2064 2032 fundo

484 2077 792 2131 extraheret
833 2097 845 2130 :
893 2077 1149 2144 vicosque
1193 2085 1248 2128 et
1297 2073 1455 2127 urbes
1513 2073 1860 2136 circumiens,
1915 2073 2064 2142 angi—

485 2177 781 2233 portusque
819 2173 874 2220 et
917 2166 1137 2220 semitas
1186 2174 1348 2229 atque
1381 2163 1561 2217 aditus
1587 2162 2024 2217 circumcursans
2047 2201 2062 2225 ,

485 2265 735 2310 errantes
781 2256 835 2308 in
881 2255 1057 2308 triviis
1091 2268 1189 2308 ceu
1222 2253 1267 2284 ’⁸
1308 2269 1420 2307 oves
1461 2269 1563 2304 non
1605 2251 1845 2304 habentes
1888 2262 2067 2319 pasto—

487 2364 596 2401 rem
632 2347 698 2401 ad
733 2346 1005 2416 proprium
1039 2345 1182 2400 ovile
1208 2345 1508 2398 reduceret.
1542 2343 1664 2413 Ipse
1697 2358 1924 2410 namque
1953 2353 2064 2406 est,

491 2442 580 2507 qui
622 2453 776 2492 ovem
817 2447 1090 2490 errantem
1146 2437 1358 2503 quaerit,
1392 2435 1592 2503 quique
1645 2434 1933 2503 nonaginta
1973 2450 2068 2486 no-

491 2547 610 2584 vem
665 2530 868 2582 relictis
921 2529 986 2581 ad
1039 2543 1200 2580 unam
1265 2525 1676 2595 perquirendam
1736 2527 1949 2579 advenit
1999 2525 2064 2578 ’°.

493 2619 702 2689 Quippe
737 2619 1012 2688 quaerebat
1047 2634 1242 2682 unam;
1282 2633 1380 2671 nec
1410 2631 1674 2685 spernens
1707 2618 1930 2680 multas,
1971 2631 2070 2670 nec

494 2728 656 2765 unam
713 2710 1041 2763 multitudini
1105 2708 1418 2777 prmferens.
1480 2705 1840 2762 Nihilominus
1891 2719 2066 2761 tamen

494 2801 714 2869 reliquit
743 2801 1030 2866 nonaginta
1064 2815 1253 2854 novem
1292 2814 1306 2850 :
1341 2814 1438 2867 par
1464 2799 1606 2851 enim
1635 2811 1754 2851 erat
1780 2809 1837 2851 ut
1869 2808 1981 2852 tuto
2016 2799 2068 2852 in

495 2893 650 2946 caula
714 2901 1090 2958 morarentur;
1146 2907 1308 2944 unam
1350 2899 1527 2944 autem
1565 2891 1712 2943 illam
1753 2907 2071 2960 progressus

493 2982 796 3051 quaerebat,
827 2991 885 3035 ut
919 2997 988 3036 ne
1015 2982 1228 3036 diabolo
1275 2982 1454 3052 prmda
1486 2983 1724 3038 cederet.
1783 2981 1912 3037 Nam
1957 2983 2072 3036 ovis

497 3073 699 3141 absque
751 3083 970 3140 pastore
1028 3083 1276 3141 prompta
1344 3073 1474 3126 feris
1528 3083 1824 3141 parataque
1861 3087 2014 3126 caena
2056 3091 2069 3124 :

496 3163 785 3230 animaque
815 3163 1090 3231 signaculo
1147 3175 1361 3225 carens,
1399 3162 1609 3216 insidiis
1638 3161 1942 3215 dtemonum
1975 3177 2071 3215 ex-

496 3255 691 3326 posita.
755 3255 1040 3324 Propterea
1085 3269 1255 3323 nuper
1281 3255 1597 3308 Zacchaeuni
1629 3254 1693 3315 ",
1737 3254 1880 3306 velut
1915 3268 2070 3308 ovem

498 3363 567 3402 ex
610 3348 722 3416 lupi
771 3362 866 3402 ore
921 3347 1178 3416 abripuit,
1217 3346 1663 3415 commiscuitque
1691 3345 1877 3411 caulae,
1912 3356 1964 3399 et
1996 3347 2072 3399 si-

499 3441 725 3509 gnaculo
778 3441 1015 3495 donavit.
1077 3439 1230 3494 Sicut
1273 3440 1416 3493 enim
1458 3450 1639 3508 pastor
1679 3439 1915 3492 errantis
1959 3439 2075 3491 ovis

498 3541 776 3597 capturam
829 3530 1127 3593 meditans,
1180 3529 1308 3584 sinit
1367 3529 1663 3582 cicuratum
1734 3528 1976 3592 animal,
2019 3540 2075 3583 ut

503 3623 675 3675 libero
718 3631 872 3688 pastu
930 3622 1258 3675 resilientem
1309 3630 1561 3674 venatum
1607 3619 1782 3673 trahat
1837 3637 1852 3672 :
1895 3623 1965 3672 ita
2019 3631 2077 3672 et

2163 1983 2404 2052 γέγονεν,
2430 1985 2531 2038 οὐκ
2559 1985 2762 2048 ἀποδὺς
2789 1986 2850 2038 τὸ
2900 1981 3037 2038 εἶναι
3067 1985 3220 2047 Θεός·
3250 1989 3341 2038 ῐνα
3385 1984 3478 2036 καὶ
3502 1982 3600 2050 τὴν
3634 1981 3741 2032 θά-

2163 2075 2366 2128 λασσαν
2401 2077 2602 2142 πλέων,
2645 2079 2770 2141 τοὺς
2804 2080 2884 2141 είς
2932 2078 2994 2130 τὺ
3040 2076 3288 2146 βιωτικὸν
3316 2072 3743 2146 χειμαζομένους

2166 2164 2422 2234 πέλαγος,
2457 2168 2522 2220 ὲκ
2558 2167 2652 2220 τοῦ
2679 2167 2840 2237 βυθοῦ
2880 2169 3128 2240 ἀνασύρῃ
3160 2167 3257 2238 τῆς
3293 2166 3585 2238 ἁμαρτίας
3641 2162 3745 2216 καὶ

2164 2255 2355 2326 κώμας
2381 2258 2475 2311 καὶ
2511 2258 2691 2321 πόλεις
2721 2257 2966 2329 περιϊὼν,
2992 2257 3282 2321 στενοποὺς
3317 2258 3409 2309 καὶ
3437 2254 3741 2325 ἀτραποὺς,

2166 2349 2260 2402 καὶ
2298 2349 2626 2421 ὲπιδρόμους
2687 2352 3044 2421 περιτρέχων,
3081 2351 3208 2412 τοὺς
3251 2351 3308 2401 ἐν
3355 2350 3473 2411 ταῖς
3513 2346 3746 2418 τριόδοις

2168 2437 2551 2508 πλανωμένους
2576 2440 2655 2505 ὡς
2687 2441 3025 2507 ἀποίμαντα
3050 2440 3336 2507 πρόϐατα,
3368 2438 3460 2490 ἐπὶ
3489 2437 3584 2507 τὴν
3605 2437 3745 2490 ἰδίαν

2167 2529 2489 2601 ὲπαναγὰγῃ
2515 2530 2772 2601 ποίμνην.
2801 2531 2971 2594 Αὐτὸς
3004 2530 3111 2602 γάρ
3142 2532 3287 2582 ἐστιν
3316 2531 3344 2582 ὁ
3376 2528 3436 2580 τὸ
3468 2526 3746 2589 ἀπολωλὸς

2167 2621 2436 2693 πρόϐατον
2453 2622 2746 2692 ἐπιζητῶν,
2773 2622 2840 2674 τὰ
2861 2624 3210 2692 ἐννενήκοντα
3232 2620 3384 2673 ἐννέα
3407 2617 3743 2682 καταλιπὼν,

2169 2715 2260 2766 καὶ
2291 2713 2419 2783 περὶ
2451 2713 2549 2782 τὴν
2581 2713 2673 2766 τοῦ
2701 2715 2816 2777 ἐνὸς
2847 2714 3286 2784 παραγενόμενος
3319 2712 3565 2784 ζήτησιν.
3593 2711 3748 2782 Ἐζή-

2167 2821 2251 2856 τει
2307 2805 2416 2876 γὰρ
2463 2805 2524 2856 τὸ
2569 2803 2626 2855 ἓν
2661 2805 2794 2873 (58).
2825 2804 2947 2858 οὕτε
2979 2805 3088 2856 τῶν
3124 2804 3333 2857 πολλῶν
3365 2803 3745 2874 καταφρονῶν,

2169 2895 2292 2954 οὔτε
2323 2896 2416 2950 τοῦ
2439 2897 2680 2968 πλήθους
2709 2897 2770 2950 τὸ
2790 2897 2847 2949 ἓν
2875 2897 3200 2967 προκρίνων.
3252 2896 3410 2949 Ἀλλὰ
3428 2895 3497 2947 τὰ
3527 2894 3622 2964 μὲν
3657 2895 3751 2944 ὲν-

2170 2988 2457 3058 νενήκοντα
2510 2989 2667 3042 ἐννέα
2711 2988 3132 3058 κατελίμπανεν·
3180 2988 3287 3040 ἔδει
3332 2986 3441 3055 γὰρ
3489 2983 3750 3053 ἀσφαλῶς

2171 3076 2311 3128 αὐτὰ
2329 3078 2387 3128 ἐν
2401 3080 2467 3148 τῇ
2499 3078 2709 3148 μάνδρᾳ
2728 3078 3060 3140 αὐλίζεσθαι·
3087 3079 3146 3130 τὸ
3164 3079 3220 3130 δὲ
3237 3079 3294 3131 ἓν
3319 3076 3522 3148 προῖὼν
3537 3077 3746 3145 ἐζήτει,

2173 3168 2261 3220 ἵνα
2294 3167 2368 3237 μὴ
2403 3168 2540 3239 θήνη
2566 3170 2677 3239 (59)
2709 3169 2786 3239 τῷ
2808 3169 3038 3238 διαϐόλῳ
3069 3170 3315 3238 γένηται.
3336 3168 3613 3239 Πρόϐατον
3635 3166 3750 3236 γὰρ

2175 3259 2529 3328 ἀποίμαντον,
2562 3259 2753 3328 θηρσὶν
2783 3260 2998 3328 ἕτοιμον
3033 3259 3264 3310 δεῖπνον.
3316 3259 3425 3311 Καὶ
3475 3255 3622 3326 ψυχὴ
3680 3256 3752 3308 ἁ-

2183 3349 2538 3418 σφράγιστος,
2595 3351 2842 3419 δαίμοσιν
2876 3349 3336 3411 εύεπιϐούλευτος.
3368 3348 3525 3400 Ὀθεν
3559 3345 3755 3418 πρώην

2176 3441 2264 3493 τὸν
2287 3442 2552 3509 Ζακχαῖον
2591 3439 2664 3502 ὡς
2689 3440 2957 3511 πρόϐατον
2985 3441 3049 3492 ὲκ
3083 3442 3347 3509 στόματος
3380 3440 3543 3492 λύκου
3572 3438 3753 3508 ἀφήρ-

2177 3533 2446 3592 πασε,κα“ι
2479 3534 2544 3602 τῇ
2585 3532 2791 3602 μανδρᾳ
2824 3531 3100 3601 συνέμιξε,
3135 3534 3228 3584 καὶ
3275 3531 3568 3604 σφραγίδος
3594 3530 3757 3598 ἠξίω-

2179 3643 2268 3678 σεν
2289 3624 2514 3694 (60)οὼς
2539 3626 2649 3694 γὰρ
2680 3624 2884 3695 ποιμὴν
2928 3624 3199 3695 πρόϐατον
3241 3621 3619 3692 ἀποπλανηθὲν
3650 3621 3753 3692 θη-

575 3718 620 3750 ⁰⁵
663 3717 724 3770 lll
776 3717 912 3786 Reg.
945 3732 1078 3781 uti,
1113 3717 1200 3770 17.
1273 3717 1320 3748 ³⁵
1355 3717 1545 3770 Matth.
1576 3731 1732 3780 xvm,
1778 3715 1845 3768 12
1879 3734 1895 3782 ;
1925 3716 2054 3771 an.

2194 3723 2247 3774 4.
2323 3722 2368 3753 ³⁷
2425 3719 2557 3774 Luc.
2589 3737 2701 3785 xix,
2737 3721 2790 3775 9.

503 3844 563 3886 ιιι
610 3844 662 3884 et
711 3831 969 3898 pleraque
1009 3832 1141 3884 tanti
1191 3830 1291 3884 viri
1323 3830 1616 3899 opuscula,
1663 3841 1719 3884 et
1773 3833 2070 3899 praesertim

503 3903 648 3957 docti
669 3901 746 3954 llli
769 3909 1029 3955 tractatus
1053 3902 1106 3953 in
1131 3899 1564 3969 Joan.,quorum
1598 3898 1901 3969 fragmenta
1924 3901 2074 3967 plura

506 3975 697 4027 damus
730 3973 828 4023 sub
861 3971 1040 4022 linem.

576 4041 689 4121 φη)
734 4039 835 4121 Tﬁ“
857 4039 1138 4121 κοιχωφςίςι
1160 4037 1267 4092 τοῦ
1298 4039 1484 4121 ποτοῦ
1507 4039 1613 4104 τὰς
1649 4039 1876 4107 ληνοὺς
1902 4041 2078 4093 εὐλο-

509 4109 753 4180 γοῦντα.
797 4109 1140 4180 EratChristi
1174 4125 1302 4180 usus
1337 4119 1636 4180 tactusque,
1674 4126 1771 4163 ceu
1800 4125 2082 4163 consecra-

511 4179 589 4234 tio
626 4181 897 4248 quaedam,
931 4193 1028 4246 pro
1062 4179 1303 4246 ejusdem
1343 4194 1471 4232 usus
1511 4179 1720 4232 ratione
1748 4197 1761 4231 :
1794 4190 1852 4231 ut
1887 4180 2080 4245 quibus

511 4260 608 4304 ceu
646 4250 815 4304 sacris
843 4259 897 4302 et
947 4263 1105 4301 sacro
1160 4249 1262 4300 ritu
1308 4263 1438 4302 usus
1475 4261 1576 4312 est,
1609 4259 1774 4302 totam
1805 4251 1870 4300 ad
1897 4264 2080 4302 sacra-

515 4329 694 4373 menta
735 4321 1100 4372 necessariam
1147 4319 1554 4370 antecedentem
1604 4319 2077 4372 COﬂSBCI‘ﬂliOllt‘lll

513 4390 836 4452 contulerit;
870 4387 1112 4441 Ecclesia
1167 4397 1374 4440 tantum
1412 4388 1704 4440 adhibente
1731 4389 2083 4442 caeremonias

2181 3851 2294 3904 ρον,
2323 3835 2529 3904 absque
2551 3833 2654 3888 alia
2684 3835 3107 3904 consecratione.
3144 3834 3217 3888 De
3242 3849 3347 3902 quo
3364 3831 3610 3886 Thessal.

2256 3905 2368 3972 (58)
2434 3901 2653 3971 Ἐζήτει
2685 3905 2796 3973 γὰρ
2823 3903 2890 3956 τὸ
2918 3904 3005 3957 ἓν.
3031 3903 3238 3967 Ubique
3259 3904 3344 3956 alii
3371 3918 3560 3956 sensus
3585 3919 3599 3956 :
3631 3901 3754 3956 ubi-

2184 3989 2290 4042 que
2331 3973 2392 4026 τὸ
2450 3975 2800 4027 ὲπιστατικόν
2852 3973 3210 4042 Ampliilochii
3269 3974 3458 4034 nostri,
3502 3983 3558 4024 et
3594 3983 3754 4024 acute

2179 4041 2360 4098 movet
2391 4044 2573 4106 dubia,
2603 4055 2656 4097 et
2674 4045 2903 4098 feliciter
2936 4041 3180 4098 resolvit.
3215 4041 3467 4095 Nonnihil
3502 4057 3631 4110 ergo
3657 4042 3756 4094 ab-

2183 4129 2374 4166 sonum
2413 4113 2568 4178 illud,
2605 4125 2662 4166 ut
2698 4115 2869 4167 bonus
2893 4113 3274 4181 pastor,unius
3302 4127 3484 4172 causa,
3521 4121 3594 4162 tot
3624 4125 3758 4164 oves

2183 4183 2398 4236 relictas
2432 4183 2732 4252 spreverit;
2783 4198 3050 4249 unamque
3083 4181 3392 4252 nonaginta
3426 4181 3529 4232 illis
3563 4193 3754 4252 novem

2186 4250 2586 4321 anteposuerit;
2649 4263 2795 4305 recte
2833 4253 2919 4306 hic
2961 4253 3279 4318 deprecatur
3316 4269 3350 4321 :_
3382 4250 3760 4321 hujusque__i_n-

2189 4318 2560 4390 quisitiouem,
2609 4324 2926 4375 necessaria:
2971 4323 3165 4384 saluti;
3207 4318 3609 4373 derelictiOuem
3643 4318 3760 4370 illa-

2185 4407 2327 4454 rum,
2378 4392 2677 4456 securitati,
2719 4391 2978 4445 ascribit:
3037 4390 3200 4443 nullis
3250 4405 3306 4442 re
3352 4391 3467 4456 ipsa
3518 4390 3757 4456 spretis,

512 4460 722 4535 aliquas
753 4457 818 4535 ad
840 4459 1278 4535 solemnitatem;
1313 4467 1370 4509 ut
1403 4459 1454 4510 in
1489 4458 1752 4535 baptismo
1780 4468 1835 4511 et
1866 4457 2079 4535 Eucha-
2114 4481 2159 4535 ι)
2188 4470 2346 4535 autve
2391 4471 2609 4535 errante
2659 4461 2877 4528 praelata
2907 4461 3162 4535 caeteris:
3205 4459 3306 4535 οἱδὶ
3339 4460 3480 4535 futue
3507 4475 3626 4511 eam
3664 4473 3759 4510 ve-

519 4531 691 4592 ristia,
721 4529 809 4582 ubi
847 4542 984 4581 nova
1018 4527 1339 4581 antecedens
1369 4528 1705 4581 consecratio
1735 4529 1994 4590 materia»,
2018 4541 2084 4579 eo

518 4599 695 4664 titulo,
721 4597 1069 4652 aceidentalis
1121 4607 1225 4661 est,
1267 4608 1323 4649 ut
1361 4596 1588 4666 theologi
1622 4612 1742 4650 cum
1783 4597 1842 4649 Ι).
1879 4596 2082 4666 Thema

518 4683 579 4721 ιιι
617 4683 670 4732 p.
701 4667 899 4720 Eodem
932 4667 1111 4734 itaque
1141 4667 1297 4720 modo
1331 4665 1739 4735 philosophatur
1765 4668 1836 4720 de
1875 4665 1996 4720 cibo
2031 4675 2084 4718 et

556 4747 670 4802 otu,
714 4737 907 4805 pieque
948 4737 1259 4798 admodum,
1313 4751 1439 4789 vere
1481 4737 1603 4805 pius
1646 4736 2081 4805 Amphilochius.

519 4753 720 4860 Eadem
750 4807 1045 4858 etiamnum
1079 4805 1250 4860 Graeci
1287 4807 1372 4860 nia
1414 4807 1688 4860 reliuione.
1724 4807 1899 4858 futura
1938 4806 2081 4860 usui.

568 4807 720 4858 adem
750 4807 1045 4858 etiamnum
1079 4805 1250 4860 Graeci
1287 4807 1372 4874 pia
1414 4807 1688 4874 religione,
1724 4807 1899 4858 futura
1938 4806 2084 4866 usui,

522 4891 680 4930 sacro
708 4875 1007 4928 ministerio
1047 4885 1102 4926 et
1130 4876 1412 4928 incruento
1444 4875 1734 4936 sacriticio,
1773 4876 2086 4928 linteamina

523 4960 696 5008 sacra,
714 4946 1038 5014 pontiﬁcem,
1061 4941 1388 5012 ἀφιεροῦντα
1402 4943 1498 5014 τὴν
1531 4945 1854 5014 Ἐκκλησίαν
1869 4986 1882 5007 ,
1897 4958 2079 4997 conse-

523 5012 764 5068 cranteiu
807 5012 1102 5066 Ecclesiam
1125 5031 1139 5077 ;
1162 5027 1283 5079 ,quo
1320 5012 1464 5067 actu’
1495 5012 1921 5082 peculiarissime
1952 5015 2089 5082 gerit

525 5097 812 5164 personam
847 5082 1049 5164 Christi
1100 5082 1394 5164 Ecclesiam
1440 5085 1541 5137 sibi
1591 5084 1645 5164 in
1674 5100 1966 5164 .sp_onsam.
1997 5085 2090 5134 ad-

521 5151 831 5222 juiigentis,
890 5151 1156 5224 induunt;
1207 5163 1263 5224 u_t
1318 5154 1386 5224 is‘
1419 5163 1579 5224 totus,
1614 5151 2086 5224 λελαζαρωμένος,

528 5220 644 5292 seu
676 5224 846 5276 instar
896 5220 1084 5274 Lazari
1127 5223 1192 5275 iis
1247 5220 1537 5284 involutus,
1569 5222 1621 5276 id
1673 5220 1916 5292 peragat
1947 5221 2090 5275 sacri

529 5291 727 5346 ollicii:
760 5306 858 5344 usu
906 5300 1161 5357 tactuque
1212 5292 1291 5344 sic
1347 5292 1584 5345 adhibita
1640 5291 2087 5346 censecraturus:

529 5376 690 5430 quam
746 5359 1144 5430 caeremoniam,
1178 5375 1483 5430 quanquam
1539 5360 1922 5428 Euchologium
1987 5376 2092 5414 non

531 5429 691 5485 habet
712 5471 727 5494 ,
761 5429 1033 5483 communi
1062 5439 1237 5482 tamen
1274 5429 1550 5496 probatam
1582 5447 1702 5496 usu,
1741 5443 1851 5484 tum
1880 5432 1949 5484 ab
1974 5430 2094 5482 aliis

535 5501 722 5566 didici,
760 5509 870 5552 tum
912 5499 1208 5569 πωροι-κάπὸ
1246 5499 1430 5569 φωνῆς
1459 5511 1512 5552 et
1535 5500 1661 5569 viva
1683 5515 1812 5554 voce
1843 5500 2096 5553 illustris-

533 5570 661 5640 simi
681 5568 1031 5640 metropolita".
1056 5568 1155 5637 τῆς
1177 5568 1335 5636 ἁγίας
1381 5567 1612 5640 Μαυρᾶς
1651 5567 1874 5624 Parisiis
1920 5569 2097 5636 h05pi-

536 5639 716 5704 tantis,
741 5639 916 5704 audivi
940 5655 956 5692 :
999 5653 1104 5704 quo
1125 5643 1310 5692 eodem
1338 5639 1521 5702 titulo,
1542 5654 1778 5692 massam
1841 5649 2004 5692 totam
2030 5653 2096 5691 ex

538 5723 642 5779 qua
700 5717 945 5777 sumptus
997 5716 1082 5760 est
1127 5707 1155 5758 ὁ
1205 5709 1358 5775 ἆγιος
1428 5709 1624 5779 ἄρτος,
1672 5719 1727 5763 et
1792 5711 2096 5779 conlectum

539 5776 874 5833 boiu'tuicuin
927 5792 1153 5846 corpus,
1203 5776 1705 5833 sanctam'habent
1763 5789 1819 5834 et
1873 5776 2096 5830 ἀντίδω-

2189 4530 2348 4582 limus
2395 4529 2784 4598 praelationem,
2832 4533 2973 4599 quod
3031 4528 3220 4596 majori
3283 4528 3521 4599 subsidio
3571 4540 3758 4599 egens,

2185 4595 2494 4669 quanquam
2547 4595 2864 4668 indigniOr,’
2895 4595 3127 4652 Pastor-ei
3182 4599 3422 4652 humeris
3454 4597 3505 4649 in
3544 4595 3759 4649 caulam

2189 4677 2516 4735 reportante,
2568 4680 2858 4722 consecuta
2921 4672 2993 4724 sit
3051 4685 3063 4720 :
3120 4669 3371 4721 nimirum
3421 4675 3762 4719 sacramento

2188 4739 2578 4792 incarnationis
2641 4738 2968 4804 Dominicae;
3029 4753 3134 4804 quo
3190 4752 3248 4790 re
3279 4751 3427 4798 vera,
3467 4735 3761 4801 Scriptura:

2189 4808 2394 4876 phrasi,
2425 4806 2680 4860 nonnulla
2710 4821 2944 4876 vereque
2987 4823 3176 4875 magna
3229 4806 3388 4859 fuerit
3420 4804 3763 4876 praelatioet

2188 4873 2545 4946 praerogativa
2575 4878 2691 4930 ovis
2717 4873 2982 4942 errantis;
3012 4873 3115 4928 non
3151 4886 3328 4930 tamen
3353 4873 3512 4943 quam
3534 4873 3756 4946 Antiphi-

2191 4943 2402 5027 lochius
2453 4961 2577 5027 non.
2606 4948 2879 5027 agnoscit,
2923 4958 2978 5002 et
3006 4962 3110 5016 qua
3144 4961 3269 5000 vere
3314 4961 3422 4998 non
3465 4943 3764 4998 errantium

2192 5019 2396 5084 spretio
2423 5031 2486 5069 ac
2509 5019 2702 5080 injuria
2737 5019 2826 5070 sit.

2265 5084 2377 5154 (59)
2401 5086 2695 5153 Προϊὼν...
2720 5085 2894 5152 θήνη.
2926 5085 3115 5155 Montl'.
3153 5082 3398 5155 περιϊών,
3431 5082 3766 5155 circumiens,

2199 5153 2400 5209 reetius
2428 5165 2485 5207 ut
2512 5157 2745 5210 videtur.
2779 5155 2902 5211 Mox
2924 5157 3054 5210 ibid.
3089 5153 3263 5224 θοίνη,
3302 5155 3391 5208 ubi
3443 5153 3771 5221 conjiciebat

2193 5225 2433 5278 Combel'.
2465 5223 2622 5278 θήρα.

2235 5239 2433 5280 0111081.
2465 5239 2529 5280 οη
2539 5241 2622 5280 βα.

2265 5225 2861 5364 (ξ’ἔραγίδος
2881 5294 3162 5362 ἠξίωσεν.
3192 5293 3414 5364 Videtur
3442 5291 3585 5360 loqui
3609 5291 3680 5364 de
3695 5291 3774 5344 si-

2194 5361 2732 5435 gnaculo,n_on’quod
2760 5361 3049 5435 character
3089 5375 3192 5430 est,
3235 5364 3348 5416 sive
3385 5363 3437 5415 in
3479 5361 3769 5435 baptismo,

2193 5431 2309 5488 sive
2330 5435 2394 5486 'in
2443 5432 2694 5501 adiuueta
2725 5434 3152 5497 conﬁrmatione,
3187 5448 3304 5500 quae
3343 5431 3769 5500 peculiarissime

2196 5503 2393 5557 dicitur
2418 5502 2674 5572 σφραγίς,
2708 5504 2854 5557 Velut
2897 5504 3305 5572 consignatione
3349 5517 3405 5572 in
3433 5502 3633 5572 Christi
3663 5502 3770 5572 mi-

2200 5573 2332 5642 lites
2385 5570 2680 5626 subuotans
2736 5570 3178 5642 insignieusque;
3235 5571 3444 5642 sedﬂde
3471 5570 3770 5642 signaculo.

2197 5641 2340 5764 quod
2362 5649 2447 5694 est
2472 5643 2647 5709 gratia
2664 5651 2720 5695 et
2751 5639 3009 5706 clia‘ritas,
3040 5639 3158 5710 qua:
3178 5641 3290 5696 sola
3321 5641 3608 5710 distinguit
3631 5639 3773 5692 inter

2219 5711 2339 5764 ilios
2364 5713 2514 5764 reeni
2552 5713 2901 5764 eteehennae.
2934 5713 3170 5764 facituue
3201 5723 3346 5764 utne
3379 5711 3557 5762 anima
3587 5708 3773 5760 εὐεπι-

2219 5708 2339 5780 ilios
2364 5708 2514 5778 regni
2552 5713 2901 5779 etgehennae,
2934 5708 3170 5780 facit—que
3201 5723 3346 5764 utne
3379 5708 3557 5762 anima
3587 5708 3776 5760 εὐεπι-

2202 5779 2497 5842 ϐούλευτος
2521 5781 2593 5836 sit
2625 5782 2874 5836 diabolo:
2936 5783 3045 5838 Deo
3084 5779 3423 5850 ipeculiarius
3455 5790 3779 5849 protegente
