4092 6432
350 393 401 454 ιθ
1477 423 1739 485 ORATIO
1775 426 1848 485 IN
1885 427 2253 489 MULIEREM
2290 431 2799 491 PECCATRICEM.
3686 451 3764 510 ,το

364 520 502 637 gift
525 520 773 637 Bianor,
785 537 1167 637 χειρὲιιθες
1201 542 1343 607 ζῶον
1376 545 1459 617 ἐᾷ,
1479 546 1566 601 ἵνα
1605 547 1890 616 ἀπολύτως
1914 550 2055 623 νεμό⁴

2177 552 2272 609 Dei
2301 552 2561 621 Verbum,
2597 572 2758 627 quam
2787 556 2855 614 de
2903 557 3117 631 Virgine
3145 575 3363 619 carnem
3406 567 3634 637 accepit,
3664 583 3764 624 ceu

374 627 531 726 18:20:.
570 619 650 720 ’Ξδ
1188 636 1393 712 ἑλκύσῃ
1435 638 1692 711 θήραμα·
1745 640 1887 695 οὕτω
1918 619 2055 697 καὶέ

2176 660 2331 702 ovem
2382 649 2433 704 in
2497 665 2721 720 pascua,
2777 651 2831 706 in
2882 666 3068 708 mensa
3115 652 3364 712 Zacchrei
3418 619 3642 726 dimisit:
3702 670 3763 716 ut

379 706 633 811 306.8206-
663 714 888 783 Λόγος
920 723 1057 795 τὴν
1072 726 1294 792 σάρκα,
1317 706 1598 801 ἥνὲκ
1627 730 1904 805 Παρθένου
1936 733 2055 787 ἀνέ-

2172 740 2445 793 communi
2484 739 2600 811 lege
2643 741 2875 796 convivii
2917 744 2972 797 in
3010 758 3162 798 suam
3211 746 3432 803 trahens
3475 748 3757 807 familiari-

389 794 556 908 λξδξνν
599 804 689 908 6):;
729 811 1080 897 ’πρόϐατον
1123 819 1190 872 ὲν
1223 821 1382 891 νομῇ,
1412 821 1471 873 ὲν
1502 794 1753 893 τραπέζῇ
1792 822 2055 893 Ζακχαίοι

2177 833 2338 881 tatem
2371 828 2679 883 clanculum
2702 844 2802 886 suo
2825 831 2951 885 ovili
2988 833 3329 904 adjungeret.

405 894 621 1066 ὰζζχκεν·
656 894 771 958 {vd
809 906 914 980 τῷ
952 911 1154 984 κοινῷ
1181 913 1287 983 τῆς
1328 913 1624 980 ἑστιάσεως
1656 915 1807 988 νόμῳ
1834 915 2071 983 ἑλκύσας
2106 916 2276 973 αὐτοῦ
2301 921 2435 994 πρὸς
2471 921 2781 991 συνουσίαν,
2833 894 3209 990 λανθανόντώς
3259 929 3328 1000 τῇ
3359 929 3538 983 οίκείνι
3570 929 3735 994 συζευ

508 1010 738 1066 mpm.

508 1010 738 1071 mpm.

499 1110 579 1169 Β.
617 1112 771 1168 Δλλὲι
804 1115 999 1173 τοῦτο
1049 1119 1132 1191 μὴ
1160 1121 1429 1178 συνιέντες
1451 1124 1501 1177 οἱ
1530 1125 1813 1196 Φαρισαῖοι
1845 1127 2047 1197 ὲγόγγυ

2241 1126 2304 1182 ll.
2374 1125 2668 1194 Caeterum,
2717 1128 2809 1199 qui
2856 1130 2909 1185 id
2943 1131 3216 1188 nescirent
3263 1133 3553 1205 Phariszei,
3608 1156 3761 1195 mur-

455 1204 561 1273 ζον,
573 1205 808 1279 ὁρῶντες
834 1209 1024 1263 αὑτὸν
1043 1212 1190 1282 μετὰ
1202 1212 1448 1268 τελωνῶν
1465 1215 1729 1271 ἐσθίοντα·
1743 1219 1856 1272 ἀλλ’
1869 1220 2055 1273 ἐκεῖνοι

2169 1221 2459 1276 murabant
2486 1220 2736 1275 videntes
2761 1224 3177 1279 manducantem
3205 1241 3332 1282 cum
3358 1204 3666 1298 publicanis
3686 1233 3757 1286 ⁸⁸.

468 1300 556 1373 μὶν
583 1300 655 1363 ὡς
689 1300 871 1365 ἀσκὸς
914 1303 1167 1368 παλαιὸς
1218 1305 1760 1378 διαρῥηγνύσθωσαν.
1818 1311 1894 1363 Οὐ
1954 1315 2055 1383 γὰρ

2168 1311 2460 1367 Enimvero
2513 1324 2838 1383 rumpantur
2890 1314 2964 1368 illi
3020 1330 3117 1371 ceu
3187 1328 3338 1374 utres
3390 1330 3602 1379 veteres
3659 1325 3753 1380 ”:

468 1392 704 1447 δύνανται
738 1393 837 1447 τὸν
862 1395 997 1449 νέον
1050 1397 1156 1467 τῆς
1184 1396 1531 1463 διδασκαλίας
1561 1399 1816 1465 δέξασθαι
1884 1402 2055 1472 λόγον.

2170 1401 2312 1457 haud
2337 1403 2482 1457 enim
2521 1417 2720 1456 novum
2748 1403 3012 1459 doctrinae
3045 1418 3351 1463 sermonem
3396 1425 3595 1481 capere
3631 1419 3779 1485 pos-‘

481 1485 662 1556 Ἡμεῖς
688 1485 747 1539 δὲ
779 1488 1030 1542 κατόπιν
1049 1490 1147 1543 τοῦ
1180 1489 1565 1563 φιλανθρώπου
1598 1491 1906 1564 βαδίσωμεν
1940 1514 2055 1550 ποι-

2176 1504 2322 1550 sunt.
2374 1493 2486 1550 Nos
2534 1511 2719 1565 porro,
2773 1511 3070 1566 sequamur
3117 1499 3406 1569 benignum
3462 1515 3758 1573 past0rem.

476 1580 648 1651 μένος·
677 1582 708 1635 ὁ
731 1580 847 1651 γὰρ
881 1583 1165 1653 Ζακχαῖον
1209 1582 1299 1636 τὸν
1339 1582 1579 1656 τελώνην
1634 1587 1701 1656 τῇ
1736 1584 1927 1659 λογικῇ
1960 1587 2055 1640 τῶι

2175 1585 2445 1658 Nam'qui
2488 1588 2831 1657 publicanum
2879 1588 3225 1657 Zacchmum,
3265 1597 3514 1654 rationali
3553 1603 3763 1671 aptavit

468 1673 783 1726 ἀποστόλων
827 1672 1087 1743 συνάψας
1127 1673 1355 1745 ποίμνῃ,
1398 1673 1563 1738 αὐτὸς
1602 1675 1699 1728 καὶ
1729 1676 1828 1748 τὴν
1856 1677 2055 1749 πόρνηι

2174 1679 2543 1746 apustolorum
2602 1681 2768 1750 ovili;
2830 1682 2946 1752 ipse
3014 1686 3366 1745 nihilominus
3413 1693 3760 1748 meretricem

465 1765 568 1833 τὴν
600 1764 958 1836 ἁμαρτωλὸν,
996 1764 1100 1836 τὴν
1130 1765 1339 1837 μυρίων
1370 1766 1557 1820 κακῶν
1573 1766 1818 1839 ἐργάτιν,
1848 1769 1914 1823 ὲκ
1967 1770 2055 1824 τοῦ

2172 1770 2318 1826 illam
2374 1772 2767 1842 peccatricem,
2819 1785 2940 1844 post
2996 1776 3277 1833 innumera
3328 1790 3538 1848 patrata
3592 1781 3757 1848 mals,

464 1857 757 1926 φάρυγγας
782 1856 883 1910 τοῦ
939 1855 1188 1910 διαϐόλου
1221 1856 1298 1922 ὼς
1320 1858 1535 1928 ἀμνάδα
1565 1858 1820 1928 ἑλκύσας,
1863 1864 1931 1934 τῇ
1978 1863 2055 1916 ἀν·

2173 1879 2202 1919 a
2232 1863 2431 1919 diaboli
2470 1864 2721 1920 faucibus
2751 1881 2849 1921 ceu
2895 1882 3090 1937 agnam
3134 1868 3490 1936 abstractam,
3536 1871 3761 1929 inviola-

463 1950 804 2019 επηρεάστῳ
844 1947 1095 2001 ἀπέδωκε
1129 1947 1361 2021 μάνδρᾳ.
1397 1949 1513 2004 Ἵνα
1546 1949 1604 2003 δὲ
1641 1951 1816 2019 γνῶτε
1852 1952 2060 2008 καὶτοῦ

461 2041 711 2112 Χριστοῦ
754 2040 857 2112 τὴν
883 2035 1320 2113 φιλανθρωπίαν,
1349 2044 1445 2098 καὶ
1486 2044 1595 2098 τῶν
1618 2046 1930 2119 Φαρισαίων
1963 2049 2064 2119 τὴν

458 2134 720 2202 ἀλογίαν,
770 2137 872 2188 καὶ
927 2136 1029 2206 τῆς
1079 2136 1403 2206 ἁμαρτωλοῦ
1448 2141 1546 2210 τὴν
1575 2139 1890 2194 παλινοδίαν
1925 2139 2061 2211 (61),

460 2226 643 2290 αὐτὲις
675 2228 811 2298 ὑμῖν
843 2227 947 2291 τὰς
991 2230 1352 2299 εὐαγγελικὰς
1404 2232 1792 2304 παραθήσομαι
1852 2235 2058 2306 ῥήσεις·

461 2319 568 2373 ἐὰν
594 2318 709 2391 γὰρ
738 2318 836 2372 τοῦ
882 2318 1056 2389 ὕφους
1092 2320 1186 2374 τοῦ
1218 2322 1646 2394 ἀναγνώσματος
1695 2323 2059 2398 ἐπακούσητε,

462 2412 675 2483 ῥᾳδίως
715 2412 815 2465 καὶ
848 2411 949 2483 τῆς
976 2413 1271 2484 ἑρμηνείας
1308 2412 1406 2485 τὴν
1450 2414 1658 2469 ἔννοιαν
1694 2414 2059 2485 ἀναμάξεσθε.

474 2504 813 2573 Ἠρώτησε,
832 2504 986 2577 φησὶ,
1023 2506 1114 2571 τὶς
1141 2504 1259 2560 τῶν
1287 2508 1623 2575 Φαρισαίων
1654 2508 1762 2561 τὸν
1795 2508 2060 2576 Ἰησοῦν,

456 2599 573 2651 ἵνα
606 2597 773 2668 φάγῃ
794 2600 924 2667 μετ’
948 2598 1153 2652 αὑτοῦ·
1181 2601 1279 2653 καὶ
1332 2598 1622 2653 εἰσελθὼν
1644 2601 1733 2666 εἰς
1761 2600 1868 2653 τὸν
1896 2597 2062 2656 οἷκον

460 2687 583 2741 τοῦ
613 2688 971 2755 Φαρισαίου,
1029 2689 1336 2756 (irem/0n.
1381 2690 1446 2742 Ὢ
1491 2691 1713 2761 χάριτος
1744 2691 2057 2763 ἀφράστουῐ

458 2778 513 2831 ὣ
538 2778 955 2850 φιλανθρωπίας
984 2781 1253 2851 ἀρῤήτουῑ
1296 2781 1390 2833 καὶ
1420 2781 1738 2853 Φαρισαίοις
1782 2784 2063 2841 συνεστιᾶ-

456 2890 582 2937 ται,
613 2872 713 2925 καὶ
741 2872 983 2936 τελώνας
1020 2874 1121 2926 οὐκ
1153 2874 1487 2929 ἀποσείεται·
1521 2875 1615 2929 καὶ
1649 2875 1853 2946 πόρνας
1888 2892 2059 2946 προσ-

458 2964 712 3036 δέχεται,
764 2967 861 3018 καὶ
891 2965 1244 3038 Σαμαρείτιδι
1272 2965 1596 3035 διαλέγεται·
1627 2966 1721 3021 καὶ
1748 2966 2059 3021 Χαναναίαν

458 3057 633 3124 λόγου
667 3057 833 3123 ἀξιοῖ·
868 3055 965 3110 καὶ
985 3060 1050 3128 τῇ
1078 3057 1449 3131 αίμορῤοούσῃ
1468 3058 1530 3112 τὸ
1558 3058 1864 3129 κράσπεδον
1888 3077 2061 3132 παρα-

465 3152 667 3221 χωρεῖ,
698 3149 795 3202 καὶ
815 3149 916 3202 οὐκ
946 3148 1352 3219 ἐπαισχύνεται.
1388 3150 1596 3222 Ἰατρὸς
1627 3150 1733 3222 γάρ
1755 3151 1892 3215 ἐστι,
1916 3152 2055 3204 πάνυ

460 3258 576 3294 των
603 3238 720 3292 τῶν
752 3238 942 3292 παθῶν
990 3238 1386 3309 ἐφαπτόμενος,
1421 3240 1509 3295 ἵνα
1539 3241 1746 3303 πάντας
1775 3239 2053 3313 ὠφελήσῃ.

463 3329 747 3401 πονηροὺς
778 3330 876 3381 καὶ
914 3329 1174 3396 ἀγαθοὺς,
1201 3330 1532 3401 ἀχαρίστους
1561 3332 1655 3385 καὶ
1684 3331 2052 3402 εὐγνώμονας·

462 3423 591 3476 ὃθεν
629 3423 728 3476 καὶ
754 3422 853 3476 νῦν
884 3423 991 3476 ὑπὸ
1024 3422 1117 3476 τοῦ
1143 3423 1439 3495 Φαρισαίου
1470 3423 1715 3494 κληθεὶς,
1750 3425 2056 3496 εἰσέρχεται

460 3517 548 3579 εἰς
568 3515 751 3569 οὶκίαν
777 3514 924 3569 ὥστε
952 3515 1156 3587 μεστὴν
1184 3514 1392 3569 κακῶν.
1413 3516 1587 3569 Ὅπου
1605 3516 1714 3587 γὰρ
1742 3506 2054 3587 Φαρισαῖος,

460 3608 586 3660 ἐκεῖ
647 3606 922 3678 πονηρίας
966 3608 1306 3678 οἰκητήριον·
1357 3607 1633 3679 ἁμαρτίας
1688 3605 2052 3676 καταγώγιον·

464 3697 773 3769 ὑπεροψίας
789 3698 1047 3769 ὑποδοχή.
1089 3696 1251 3753 Ἀλκὰ
1269 3699 1361 3752 καὶ
1389 3699 1559 3764 οὕτως
1583 3699 1749 3753 αὑτοῦ
1778 3699 2057 3770 διακειμέ-

463 3808 565 3862 νης
596 3792 698 3862 τῆς
721 3791 923 3854 οἰκίας,
951 3792 1051 3844 οὐκ
1079 3791 1305 3856 ἀπαξιοῖ
1338 3790 1738 3864 παραγενέσθαι
1771 3793 1799 3844 ὁ
1827 3791 2051 3863 Κύριος.

460 3884 577 3938 Καὶ
590 3884 846 3947 εἰκότως·
876 3881 1068 3953 ὥσπερ
1112 3883 1222 3952 γὰρ
1262 3886 1291 3938 ό
1321 3885 1469 3956 ἥλιος
1499 3885 1561 3938 οὐ
1588 3882 2050 3948 καταϐλάπτεται,

459 3975 720 4048 βορϐόρῳ
738 3975 841 4039 τὰς
890 3975 1097 4040 οίκείας
1127 3976 1352 4039 ἀκτῖνας
1389 3974 1716 4029 ἐπιϐάλλων·
1768 3974 1904 4029 ἀλλὰ
1937 3976 2056 4029 τού-

458 4070 707 4133 ναντίον,
730 4069 827 4122 καὶ
843 4068 942 4139 τὴν
962 4067 1186 4121 ἐνοῦσαν
1215 4067 1406 4140 ἀηδίαν
1428 4085 1553 4137 περι
1562 4070 1850 4139 μάσσεται,
1888 4069 2055 4142 μηδὲν

456 4163 635 4225 αὐτὸς
693 4161 1073 4232 ὑϐριζόμενος·
1116 4160 1264 4214 οὕτω
1309 4161 1404 4215 καὶ
1450 4162 1478 4214 ὀ
1510 4161 1767 4232 Χριστὸς,
1795 4160 1870 4225 ὡς
1900 4161 2054 4231 ἥλιος

455 4252 844 4325 δικαιοσύνης,
883 4253 1063 4307 πάντα
1094 4254 1265 4323 ἐναγῆ
1315 4254 1410 4306 καὶ
1435 4251 1661 4324 βέϐηλον
1693 4252 1856 4306 τόπον
1881 4270 2053 4306 κατα-

455 4343 761 4415 λαμϐάνει,
782 4345 878 4398 καὶ
902 4343 997 4414 τὴν
1013 4343 1224 4413 δυσώδη
1242 4344 1537 4414 ἁμαρτίαν.
1567 4346 1687 4406 ταῖς
1715 4343 1927 4396 ἀκτῖσιν
1951 4345 2051 4397 αὑ-

454 4438 557 4491 τοῦ
578 4438 686 4506 τῆς
708 4435 1047 4507 ἁγαθότητος
1068 4434 1372 4489 ἀναλίσκει.
1396 4436 1508 4506 οὐχ
1528 4434 1707 4507 ὓϐριν,
1725 4435 1786 4488 οὐ
1805 4435 2051 4506 μείωσιν,

2164 1953 2259 2009 bili
2290 1954 2460 2010 caulae
2490 1954 2744 2012 reddidit.
2783 1954 2855 2011 Ut
2897 1967 3078 2010 autem
3119 1968 3175 2013 et
3207 1959 3408 2015 Christi
3448 1960 3761 2019 humanita-

2165 2047 2272 2103 tem
2318 2047 2601 2113 noveritis,
2646 2056 2701 2103 et
2751 2064 2782 2103 a
2817 2049 3031 2105 ratione
3069 2052 3304 2106 alienam
3351 2051 3755 2109 Pharisaeorum

2164 2152 2426 2204 mentem,
2472 2155 2834 2211 aversumque
2878 2143 3200 2211 peccatricis
3235 2144 3360 2208 iter,
3405 2144 3554 2212 ipsas
3600 2146 3757 2202 vobis

2163 2231 2502 2301 evangelicas
2527 2242 2690 2286 voces
2725 2247 3042 2302 praponam.
3082 2232 3205 2288 Mox
3229 2235 3376 2289 enim
3410 2243 3467 2290 ut
3499 2235 3756 2291 lectionis

2162 2308 2477 2378 contextum
2521 2322 2918 2387 obaudieritis,
2964 2321 3125 2378 facile
3173 2325 3339 2379 etiam
3393 2325 3755 2395 expositionis

2164 2429 2384 2471 sensum
2422 2414 2786 2482 exprimetis:
2842 2413 3088 2485 Rogavit,
3153 2417 3348 2485 inquit,
3398 2416 3581 2471 Iesum
3635 2419 3754 2487 qui-

2163 2505 2287 2558 dam
2333 2503 2397 2557 de
2430 2500 2748 2569 Phariswt’s,
2790 2515 2847 2557 ut
2888 2504 3230 2559 manducaret
3276 2521 3393 2559 cum
3420 2505 3533 2560 illo.
3570 2505 3638 2559 Et
3667 2506 3753 2561 in-

2163 2614 2370 2668 gressus
2414 2600 2625 2651 domum
2671 2594 2958 2663 Pltart'sa'i,
3001 2597 3286 2654 discubuit.
3337 2597 3382 2654 Ο
3420 2597 3749 2654 ineffabilem

2163 2690 2397 2759 gratiam
2421 2691 2435 2745 ί
2472 2689 2516 2745 Ο
2542 2691 2970 2759 ineXpIicabilem
2997 2692 3423 2747 humanitatem!
3458 2692 3522 2747 Et
3550 2692 3745 2747 convi-

2165 2790 2325 2833 vatur
2361 2796 2482 2834 cum
2524 2779 2830 2846 Pharisaeis,
2884 2797 2984 2837 nec
3030 2781 3350 2849 publicanos
3401 2783 3633 2854 repellit.
3682 2783 3752 2838 Et

2162 2874 2388 2943 suscipit
2423 2876 2739 2928 meretrices
2765 2891 2779 2940 ;
2813 2874 3140 2943 disseritque
3167 2891 3288 2931 cum
3316 2874 3662 2931 Samaritana
3690 2875 3748 2942 ίς

2162 2974 2215 3020 et
2244 2964 2605 3020 Cliauanmam
2642 2966 2971 3020 allocutione
3015 2968 3271 3037 dignatur
3298 2970 3353 3033 ¹;
3400 2979 3564 3039 atque
3619 2969 3748 3023 ﬁm-

2162 3057 2799 3113 briamhazmorrhoissaz
2832 3059 2976 3111 cedit
3023 3058 3079 3123 ³,
3112 3073 3212 3113 nec
3265 3059 3560 3115 erubescit.
3611 3059 3748 3117 Nam

2164 3148 2409 3203 medicus
2452 3158 2556 3213 est,
2592 3164 2782 3203 ornues
2825 3160 3173 3204 contrectans
3230 3154 3469 3218 morbos,
3511 3162 3566 3207 ut
3594 3153 3746 3224 juvet

2161 3256 2387 3303 omnes;
2425 3241 2599 3295 malos
2647 3242 2948 3310 bonosque,
2992 3242 3338 3312 iugratosque
3377 3253 3431 3297 et
3465 3254 3650 3313 gratos
3684 3260 3749 3300 ac

2160 3329 2470 3385 benevolos.
2512 3330 2663 3386 Unde
2704 3339 2757 3384 et
2795 3333 2955 3385 modo
2991 3346 3019 3385 a
3072 3331 3346 3388 Phariszeo
3385 3344 3606 3391 vomtus
3647 3336 3749 3391 do-

2157 3434 2305 3474 mum
2339 3420 2657 3489 ingreditur,
2691 3419 2838 3475 velut
2873 3422 3137 3475 malorum
3171 3422 3406 3492 plenam.
3446 3423 3546 3481 Ubi
3581 3425 3746 3495 quip-

2157 3525 2226 3581 pe
2276 3509 2637 3577 Pbarisaaus;
2698 3510 2809 3566 illic
2879 3511 3101 3567 malitiae
3164 3514 3518 3581 domicilium,
3562 3516 3745 3572 diver-

2156 3605 2363 3660 sorium
2390 3605 2620 3675 peccati,
2650 3606 2974 3675 arrogantia:
3006 3604 3285 3676 fastusque
3315 3608 3742 3677 receptaculum.

2156 3695 2379 3763 Verum,
2422 3712 2599 3767 neque
2623 3696 2704 3752 sic
2734 3694 2928 3753 affecta
2964 3697 3144 3763 domo,
3187 3699 3508 3768 dedignatur
3554 3700 3742 3756 Domi-

2155 3805 2259 3846 nus
2288 3790 2593 3844 accedere:
2628 3789 2789 3860 idque
2839 3790 3055 3844 merito.
3092 3789 3564 3857 Quemadmodum
3597 3794 3742 3848 enim

2156 3883 2290 3938 nihil
2323 3882 2402 3938 sol
2438 3882 2645 3949 damni,
2690 3883 2872 3943 missis
2905 3884 2958 3938 in
3009 3898 3225 3940 omnum
3274 3886 3444 3941 radiis
3486 3888 3744 3958 propriis,

2155 3974 2354 4043 accipit
2392 3991 2405 4027 :
2437 3973 2569 4044 quin
2602 3974 2802 4044 potius,
2840 3975 2982 4029 nulla
3031 3977 3113 4031 sui
3157 3976 3355 4046 injuria
3401 3987 3456 4034 et
3499 3978 3742 4045 latsioue,

2155 4067 2320 4121 etiam
2360 4065 2435 4119 illi
2485 4066 2702 4121 insitam
2756 4067 3145 4135 turpitudinem
3201 4058 3505 4139 abstergit'
3566 4071 3640 4126 ita
3688 4083 3746 4125 et

2156 4160 2404 4216 Christus
2454 4161 2606 4214 velut
2651 4158 2870 4218 iustitia:
2926 4159 3029 4226 sol,
3082 4161 3475 4215 exsecrabilem
3526 4176 3743 4217 omnem

2155 4252 2557 4322 profanumque
2606 4250 2788 4306 locum
2826 4259 3083 4320 occupat,
3120 4267 3184 4306 ac
3225 4266 3390 4322 grave
3425 4251 3578 4307 olens
3612 4267 3739 4321 pec-

2157 4355 2364 4411 catum,
2415 4343 2675 4399 bonitatis
2725 4356 2837 4398 suae
2895 4342 3068 4397 radiis
3119 4341 3399 4408 absumit,
3449 4342 3581 4396 nihil
3631 4343 3745 4411 ipse

2158 4436 2461 4503 dedecoris,
2514 4434 2649 4491 nihil
2704 4434 3042 4501 minutionis,
3101 4434 3236 4488 nihil
3286 4434 3526 4490 sordium
3577 4435 3744 4491 susti-

454 4530 522 4582 οὗ
566 4525 854 4601 μολυσμὸν
897 4526 1185 4596 ὑπομένων
1221 4525 1365 4579 κατὰ
1400 4525 1491 4579 τὸν
1511 4526 1610 4598 τῆς
1667 4524 1921 4597 θεότητος
1961 4526 2050 4579 λό-

2158 4543 2293 4586 nens
2320 4528 2775 4598 contrahensque.
2808 4526 3015 4582 ratione
3039 4526 3277 4582 deitatis.

454 4619 799 4765 mili:
830 4708 1118 4763 ἐπένευσεν
1145 4708 1349 4774 εὐθέως
1367 4708 1446 4780 τῷ
1461 4709 1740 4781 Φαρισαίῳ
1763 4707 2053 4764 καλοῦντι·

456 4805 713 4877 ἠρεμῶν,
735 4803 975 4860 σιωπῶν.
1002 4802 1384 4872 ἀνεξέλεγκτον
1408 4801 1572 4856 αὑτοῦ
1606 4802 1698 4856 τὸν
1730 4802 1845 4872 βίον
1873 4802 2055 4872 ἀφείς.

458 4896 694 4967 Πρῶτον
724 4894 850 4965 μὲν,
886 4894 975 4948 ἵνα
1005 4892 1208 4966 ἁγιάσῃ
1257 4893 1383 4957 τοὺς
1417 4892 1733 4965 κληθέντας,
1773 4894 1866 4947 τὸν
1893 4891 2058 4947 καλέ-

2228 4706 2317 4764 lll.
2375 4707 2512 4764 Hinc
2560 4708 2743 4765 statim
2795 4707 3072 4762 Pharisaao
3124 4708 3338 4763 vocanti
3390 4707 3603 4773 annuit,
3653 4722 3743 4764 ac-

2157 4801 2467 4873 quiescens,
2493 4810 2698 4866 tacens,
2722 4798 2841 4870 ejus
2866 4800 3077 4855 vivendi
3106 4801 3371 4856 rationem
3404 4798 3746 4871 irrepreheu-

2160 4910 2276 4951 sam
2313 4894 2616 4949 dimittens.
2647 4892 2893 4949 Primum
2925 4893 3168 4963 quidem,
3196 4901 3254 4947 ut
3280 4902 3502 4948 vocatos
3534 4894 3739 4946 sancti-

464 5004 651 5054 σαντα,
680 4988 783 5059 τῆς
813 4985 990 5049 οίκίας
1038 4985 1109 5038 τὰ
1137 4987 1481 5057 συστήματα,
1512 4985 1614 5056 τῆς
1646 4984 1922 5050 πολιτείας
1990 4987 2055 5052 τὰ

2162 4985 2386 5054 ﬁcaret;
2426 4996 2485 5040 ut
2511 4996 2818 5051 vocantem,
2855 4985 3071 5041 familiae
3100 4998 3296 5049 canus,
3330 4984 3519 5040 usibus
3548 4983 3742 5037 huma-

529 5121 574 5152 ’⁸
607 5120 743 5175 Luc.
770 5133 885 5183 xu,
908 5118 963 5175 7.
1036 5119 1083 5153 ⁹⁹
1123 5115 1316 5173 Matth.
1354 5133 1430 5183 ιι,
1462 5117 1558 5183 17;
1594 5115 1761 5171 Marc.
1792 5133 1853 5184 Il,
1888 5118 1993 5185 22;
2038 5117 2055 5173 Ι

2158 5159 2167 5173 .
2202 5136 2256 5187 v,
2282 5120 2371 5174 57.
2448 5120 2466 5151 ¹
2500 5118 2657 5174 Joau.
2698 5134 2773 5183 tv,
2799 5118 2853 5172 7.
2931 5119 2952 5149 '
2983 5116 3172 5183 Matth.
3202 5131 3292 5183 xv,
3317 5115 3407 5170 24.
3487 5115 3509 5148 ³
3548 5116 3738 5173 Matth.

470 5206 547 5258 ιι,
573 5191 668 5246 ΞΟ.

466 5343 622 5399 quem
647 5339 707 5384 ut
738 5327 913 5399 tilium
940 5325 1331 5399 «ιιιιοξξιιοειοὶι-ἒ
1353 5325 1559 5399 de_quo
1595 5334 1650 5399 et
1677 5323 1880 5399 Paulus
1903 5339 2043 5395 pra:-

462 5395 616 5467 éipne
638 5398 944 5472 signaculo,
974 5396 1018 5472 il
1048 5395 1173 5472 cor.
1205 5411 1244 5461 ι,
1270 5395 1374 5472 ς
1408 5395 1511 5460 Qui
1533 5404 1581 5449 et
1600 5395 1823 5472 signavit
1847 5411 1962 5472 nos,
1995 5403 2049 5472 et

456 5463 600 5524 Αάω
626 5463 818 5541 minus
840 5467 1077 5538 Spiritus
1107 5467 1163 5520 in
1198 5469 1446 5541 cordibus
1471 5463 1687 5531 nostris,
1727 5463 2051 5521 velutnimi-

443 5556 579 5597 Tum
612 5536 791 5597 altero
818 5536 1058 5594 alierum
1087 5536 1418 5606 explicaute.

523 5612 635 5683 (61)
702 5607 1002 5667 Παλινοδ.
1059 5604 1253 5664 Montl.
1307 5620 1428 5661 cum
1489 5604 1737 5661 Comhel'.
1812 5605 2053 5677 παλινῳ-

447 5682 589 5739 δίαν.

525 5753 636 5825 (62)
690 5750 861 5811 Κατὰ
890 5749 1004 5805 τὸν
1037 5745 1152 5817 τῆς
1172 5747 1483 5825 ’θεότητος
1519 5746 1727 5825 ἒλιςῖγον.
1784 5743 2053 5825 Videntur

453 5817 634 5879 Graeca
684 5839 908 5889 sonare,
942 5830 1007 5875 ut
1037 5817 1186 5888 quod
1224 5827 1433 5889 spectat
1464 5818 1531 5872 ad
1565 5819 1735 5886 ipsam
1767 5817 2045 5889 deitatem,

455 5906 509 5950 et
535 5912 636 5969 qua
653 5895 797 5952 Deus
824 5886 935 5960 est,
966 5886 1106 5946 nihil
1146 5902 1215 5943 ex
1251 5886 1511 5942 malorum
1531 5887 1909 5942 communione
1936 5886 2049 5956 ipse

2153 5305 2279 5363 mali
2314 5319 2604 5376 perpessus
2631 5305 2724 5372 sit,
2776 5305 3049 5375 quomodo
3073 5317 3279 5376 verum
3302 5302 3463 5357 habet
3498 5303 3565 5357 de
3589 5301 3739 5376 omni

2153 5370 2376 5432 minuiuo
2412 5370 2741 5447 maiorquod
2763 5370 2929 5431 etiam
2959 5384 3161 5430 vocant
3185 5373 3429 5447 defectus
3453 5370 3736 5447 naturalis.

2158 5447 2215 5503 Si
2272 5462 2402 5502 vero
2430 5449 2595 5500 etiam
2614 5443 2696 5501 ad
2740 5447 3131 5500 humanitatem
3169 5445 3496 5498 extendatur
3536 5443 3735 5508 oratio,

2157 5518 2537 5587 restringenda
2564 5518 2669 5571 erit
2688 5519 2757 5570 ad
2789 5516 2988 5570 malum
3016 5516 3208 5584 culpae,
3237 5530 3347 5585 quo
3381 5527 3625 5587 prorsus,
3680 5521 3737 5565 ut

2140 5589 2323 5642 /etiam
2342 5585 2522 5650 homo,
2535 5601 2848 5657 quanquam
2862 5601 3088 5657 versans
3099 5603 3219 5641 cum
3234 5585 3630 5657 peccatoribus,
3644 5596 3740 5657 κα-

2156 5658 2226 5734 τᾲ
2242 5657 2334 5734 τὸν
2357 5658 2462 5734 τῆς
2492 5653 2746 5734 θεότητος
2773 5656 2951 5725 λόγον,
2976 5655 3127 5722 juxta
3159 5655 3298 5723 quod
3326 5656 3463 5723 petit
3492 5653 3737 5734 rationi-

2157 5730 2418 5793 viuitatis,
2455 5738 2508 5781 et
2556 5740 2615 5782 ut
2655 5729 2727 5781 illi
2764 5737 3185 5781 consentaneum
3223 5736 3340 5791 est,
3388 5729 3585 5777 mansit
3634 5729 3736 5773 im-

2158 5801 2337 5854 tuuuis
2379 5813 2394 5849 :
2430 5801 2570 5869 quod
2602 5800 2895 5854 secundum
2939 5798 3152 5851 videtur
3174 5794 3346 5864 magis
3374 5802 3733 5862 consequens.
