4092 6398
513 396 575 450 τι
1513 389 1569 441 s.
1614 387 2060 443 AMPIIILOCHII
2103 385 2492 442 urosmxsrs
2534 389 2841 444 EPISCOPI
3693 387 3766 445 τε

514 515 600 568 nis
645 521 988 581 comparatos
1030 509 1182 564 cibos
1211 526 1225 563 :
1283 518 1392 563 tum
1427 523 1575 573 vero,
1612 521 1668 563 ut
1703 527 1767 564 ex
1803 511 2081 574 accubitu,

2191 511 2486 580 βρώματα·
2528 512 2719 564 ἔπειτα
2761 512 2994 575 δεικνὺς,
3029 511 3104 574 ὡς
3135 512 3193 564 οὐ
3229 511 3422 580 φάσμα
3446 507 3572 583 ἦνή
3613 512 3768 566 ἐναν-

511 618 582 660 ex
605 617 700 658 esu
725 610 986 671 potuque,
1013 615 1075 654 ac
1105 601 1348 654 ciborum
1368 608 1603 668 sumptu,
1629 615 1733 654 non
1765 601 2086 669 phantasma

516 710 660 761 esse,
698 695 842 764 quod
889 694 960 748 sit
992 694 1165 746 factus
1215 691 1398 756 homo,
1445 692 1783 757 ostenderet;
1828 702 2086 758 praeterea

513 798 717 850 autem,
761 786 905 856 quod
953 785 1205 839 meretrix
1249 795 1393 838 esset
1434 797 1740 845 accessura,
1773 792 1936 851 atque
1982 780 2089 834 fer-

512 887 728 934 ventem
773 879 923 932 illum
975 889 1374 944 accensumque
1413 873 1523 926 illic
1554 872 1861 926 exhibitura
1917 872 2089 939 ι)ωηί-

514 971 696 1025 ιθιιιίαι
725 971 961 1024 modum.
1013 968 1306 1038 Propterea
1345 965 1530 1018 annuit
1561 963 1842 1018 confestim
1877 962 2086 1016 vocanti

512 1061 810 1125 Pharisaei),
841 1069 899 1113 ut
931 1075 1115 1115 coram
1161 1057 1372 1113 Scribis
1406 1066 1460 1112 et
1490 1056 1776 1110 Pliarisa-is
1804 1069 1898 1107 sua
1922 1053 2091 1122 ipsius

512 1153 812 1222 lugubriter
844 1151 1169 1220 depromcns
1225 1151 1364 1202 mala
1388 1187 1402 1209 ,
1449 1145 1540 1216 qui
1577 1145 1805 1199 debeant
1837 1153 2086 1210 peccato-

512 1260 620 1307 res,
664 1244 878 1296 tristitia
922 1258 1019 1310 pro
1053 1241 1291 1312 peccatis
1339 1239 1554 1308 placare
1588 1237 1776 1300 Deum,
1811 1237 1955 1305 ipsos
1987 1235 2086 1286 do-

509 1343 679 1389 ceret.
713 1333 843 1386 Nam
871 1348 1006 1396 ecce,
1038 1332 1232 1401 inquit,
1271 1329 1459 1382 mulier
1480 1329 1534 1381 in
1569 1328 1801 1390 civitate,
1835 1341 1951 1394 qua:
1974 1333 2088 1378 erat

511 1424 791 1490 peccatrix.
855 1422 1062 1488 Mulier,
1117 1431 1308 1474 natura
1355 1417 1558 1488 fragilis
1616 1433 1630 1471 :
1681 1418 1914 1485 primum
1960 1414 2087 1468 illud

513 1514 712 1569 diaboli
745 1525 878 1578 rete,
912 1515 1117 1568 erroris
1163 1511 1416 1576 initiatio,
1452 1509 1661 1565 doctrix
1689 1507 2088 1577 prmvaricatio-

513 1608 632 1670 nis;
682 1605 818 1660 facta
853 1606 938 1659 illa
989 1606 1205 1674 quidem
1242 1605 1294 1657 in
1331 1601 1676 1669 adiutorium,
1709 1601 1802 1654 sed
1845 1615 1964 1668 qua:
1991 1599 2088 1652 lto-

512 1709 648 1751 stem
679 1712 796 1752 sese
828 1698 1106 1763 exhibuit;
1147 1696 1286 1748 facta
1321 1696 1466 1764 quod
1494 1701 1697 1761 spectat
1722 1693 1788 1745 ad
1816 1701 2082 1753 naturam,

514 1790 690 1852 bona;
728 1790 818 1843 sed
856 1804 977 1859 quae
1023 1787 1244 1851 malam,
1281 1785 1572 1840 voluntatis
1598 1781 1890 1853 proposito,
1916 1796 1973 1834 se
2003 1781 2084 1849 ip-

511 1893 625 1932 sam
676 1847 802 1932 fecit
839 1847 1018 1946 {quae
1067 1847 1306 1930 ostendit
1351 1874 1478 1942 ligni
1515 1847 1993 1942 pulchritudinem,
2023 1847 2084 1922 et
2117 1847 2158 1902 Β

514 1970 819 2039 paradisum
857 1969 1054 2022 amisit.
1093 1966 1162 2020 Et
1210 1982 1348 2030 ecce,
1397 1965 1589 2034 inquit,
1621 1963 1809 2014 mulier
1853 1962 1908 2014 in
1956 1960 2083 2012 civi-

512 2071 635 2121 tate,
666 2073 782 2128 qua:
815 2068 924 2110 erat
955 2055 1237 2124 peccatrix,
1285 2067 1404 2122 qua:
1439 2058 1677 2120 portaret
1722 2048 1845 2100 Erae
1886 2059 2077 2106 onera,

512 2164 632 2218 ιιιιιε
677 2149 859 2203 multis
914 2147 1072 2201 malis
1121 2153 1269 2199 esset
1324 2150 1544 2197 onusta.
1601 2139 1794 2202 Porro,
1842 2136 2083 2204 priorum

511 2243 627 2308 ο,-]ιιε
653 2254 860 2292 morum
889 2237 1193 2304 largitatem
1224 2233 1365 2296 dico,
1399 2241 1456 2286 ut
1488 2228 1747 2285 noveritis
1774 2227 1939 2296 ipsius
1969 2237 2084 2295 pm-

515 2328 754 2383 nitentiaa
793 2325 1270 2395 magnificentiam.
1866 2309 1876 2320 ’

585 2420 676 2476 lV.
715 2423 1002 2488 Assumpto
1045 2417 1186 2471 Deus
1215 2429 1339 2470 osse
1367 2413 1436 2468 de
1465 2410 1656 2466 Adami
1697 2409 1867 2463 latere
1893 2409 1952 2470 ⁵,
1991 2419 2085 2460 eo-

513 2527 620 2582 que
656 2525 816 2566 carne
863 2518 1043 2572 aucto,
1097 2509 1258 2560 Evam
1294 2505 1440 2568 fecit,
1499 2516 1660 2572 quam
1709 2508 1764 2552 et
1807 2495 2085 2549 mulierem

513 2612 782 2663 vocatam,
813 2601 942 2654 Adae
989 2599 1306 2665 adiutricem
1351 2595 1520 2648 dedit.
1567 2591 1694 2644 Post
1726 2604 1853 2643 vero
1898 2600 2087 2655 pecca-

519 2705 628 2747 tum
675 2693 914 2762 legisque
958 2688 1467 2756 transgressionem,
1521 2691 1748 2752 postque
1799 2679 2026 2749 ejectum
2057 2694 2088 2728 e

516 2785 785 2854 paradiso,
835 2783 1120 2851 divinaque
1158 2780 1362 2834 ultione
1415 2775 1674 2829 adscitant
1715 2780 1986 2832 mortem;
2031 2777 2088 2818 ιιι

516 2895 584 2933 ne
611 2891 785 2932 morte
825 2875 1064 2928 funditus
1097 2873 1435 2938 absumptum
1489 2867 1742 2933 depereat
1789 2862 2083 2915 ltumamnn

515 2985 707 3040 genus,
755 2969 986 3021 militant
1033 2965 1230 3032 nuptiae
1261 2962 1516 3014 adversus
1562 2965 1839 3010 mortem:
1886 2961 1945 3005 ut
1988 2948 2089 3002 illae

514 3063 732 3132 quidem
766 3069 973 3124 serant,
1010 3059 1122 3110 limc
1151 3064 1327 3107 autem
1379 3059 1579 3116 ructat;
1617 3047 1788 3102 caedat
1820 3046 1940 3104 ista,
1987 3041 2091 3094 illa:

514 3154 836 3225 germinent.
879 3150 1031 3215 Quod
1072 3163 1235 3217 porro
1277 3153 1398 3216 post
1449 3141 1606 3195 morti
1656 3137 1958 3207 subjectum
1994 3135 2088 3188 ho-

516 3250 736 3310 minem,
782 3243 1010 3314 coniugii
1044 3240 1216 3311 gratia
1273 3249 1535 3292 concessa
1585 3232 1694 3286 sit:
1734 3231 1858 3284 inde
1890 3229 2084 3298 liquet,

513 3341 657 3408 quod
696 3336 888 3399 Adam,
919 3345 1198 3402 postquam
1235 3331 1443 3383 exierat
1477 3326 1542 3378 de
1571 3323 1842 3393 paradiso,
1873 3319 1995 3374 Evaa
2021 3319 2092 3372 sit

514 3429 796 3498 eopulatus
824 3443 837 3480 :
869 3425 1127 3493 scriptum
1173 3430 1258 3476 est.
1301 3421 1444 3472 enim
1479 3415 1621 3486 quod
1665 3419 1785 3483 post
1813 3423 2090 3482 egressum

514 3538 582 3574 ex
617 3519 882 3589 paradiso,
924 3529 1048 3570 tunc
1092 3514 1325 3582 cognovit
1377 3511 1549 3564 Adam
1595 3520 1810 3559 uxorem
1856 3517 2009 3556 suam
2043 3499 2090 3555 ⁵.

515 3617 657 3666 Ante
693 3625 822 3679 ergo
857 3616 1157 3677 peccatum,
1207 3601 1488 3671 virginitas
1514 3607 1668 3652 erat:
1724 3610 1840 3663 qua:
1887 3603 2093 3646 natura:

520 3704 760 3755 Illlllt'alll
799 3701 1002 3768 absque
1046 3695 1206 3750 sorde
1249 3699 1514 3747 servaret.
1551 3689 1680 3743 Post
1704 3695 1882 3740 autem
1912 3693 2093 3738 trans-

517 3794 872 3864 gressionem,
908 3799 1030 3858 post
1077 3785 1270 3841 mortis
1313 3783 1639 3838 sententiam
1689 3788 1766 3834 est
1818 3777 2090 3831 inductum

517 3883 867 3954 coniugium,
920 3891 976 3936 ut
1045 3877 1380 3946 scaturigine
1442 3877 1689 3930 vinceret
1749 3871 2086 3925 haurientem

519 3986 747 4029 mortem
778 4015 794 4038 ,
862 3975 1222 4045 genituraque
1288 3969 1704 4024 vindeiniantem
1789 3969 2090 4032 superaret.

518 4068 653 4134 Quia
689 4068 851 4138 igitur
893 4067 956 4120 ad
1002 4065 1219 4136 generis
1269 4061 1732 4118 conservationem
1781 4065 2093 4122 naturaeque

517 4173 853 4216 crementum
901 4161 1027 4213 data
1069 4156 1172 4211 fuit
1218 4154 1453 4225 coniugii
1508 4153 1614 4216 lex,
1653 4149 1878 4203 inseruit
1928 4145 2090 4206 Deus,

519 4254 762 4308 masculo
792 4253 1008 4322 quidem
1047 4249 1418 4318 voluptatem;
1468 4243 1725 4298 feminam
1759 4250 1939 4293 autem
1993 4251 2091 4290 ceu

519 4344 784 4398 lenocinio
811 4343 1042 4412 quodam
1076 4349 1131 4396 et
1159 4338 1358 4409 pbiltro
1388 4335 1662 4396 adulante,
1695 4330 1948 4394 donavit;
1986 4341 2089 4380 non

520 4433 882 4502 prolectandis
913 4443 1064 4484 more
1109 4425 1414 4482 meretricio
1452 4424 1518 4478 ad
1557 4423 1757 4478 coitum
1787 4460 1801 4483 ,
1833 4418 1926 4473 sed
1963 4416 2090 4486 legi-

2190 600 2492 672 θρῶπησις,
2534 605 2597 656 ἐκ
2636 603 2737 671 τῆς
2783 602 3140 664 άνακλίσεως,
3195 601 3294 669 τῆς
3354 600 3631 672 βρώσεως,
3670 602 3768 672 τῆς

2189 694 2422 757 πόσεως,
2448 693 2546 762 τῆς
2569 693 2678 746 τῶν
2727 694 2910 746 σιτίων
2935 693 3198 762 δαπάνης.
3227 693 3436 755 Ἀλλως
3463 693 3539 753 δὲ,
3579 692 3767 763 ἐπειδὴ

2188 781 2473 852 ἔμελλενή
2518 783 2690 854 πόρνη
2733 781 3036 852 προσιέναι,
3062 783 3156 835 καὶ
3193 782 3283 834 τὸν
3322 781 3521 851 θερμὸν
3563 784 3766 834 ἐκεῖνον

2191 873 2286 926 καὶ
2324 872 2588 942 διάπυρον
2629 874 2729 942 τῆς
2764 874 3051 944 μετανοίας
3096 873 3367 927 δεικνύναι
3401 854 3622 944 τρόπον’
3680 872 3768 925 διὰ

2190 963 2347 1016 τοῦτο
2379 963 2632 1016 καλοῦντι
2676 964 2752 1034 τῷ
2791 966 3069 1035 Φαρισαίῳ
3121 964 3363 1017 ἐπινεύει
3411 966 3642 1033 ταχέως,
3681 965 3768 1018 ἵνα

2190 1057 2277 1108 ἐπ’
2307 1055 2462 1124 ὂψεσι
2497 1057 2875 1127 Γραμματέων
2901 1058 2994 1110 καὶ
3018 1055 3326 1126 Φαρισαίων
3349 1057 3418 1107 τά
3451 1058 3624 1107 οἰκεῖα
3675 1056 3767 1106 ἐκ·

2188 1147 2625 1216 τραγῳδήσουσα
2675 1147 2840 1211 κακά,
2897 1147 3082 1219 διδάξῃ
3112 1147 3326 1209 αὐτοὺς,
3367 1147 3482 1208 πῶς
3531 1145 3611 1197 δεῖ
3642 1144 3768 1207 τοὺς

2189 1238 2546 1306 ἁμαρτωλοὺς
2574 1239 2666 1291 ἐπὶ
2686 1241 2807 1301 ταῖς
2850 1240 3150 1310 ἁμαρτίαις
3177 1237 3591 1307 στυγνάζοντας,
3617 1236 3769 1300 ἐξευ-

2191 1327 2510 1397 μενίζεσθαι
2545 1329 2697 1386 Θεόν,
2751 1329 2907 1384 ἰδοὺ
2937 1330 3065 1401 γὰρ,
3101 1329 3253 1400 φησὶ,
3290 1328 3444 1399 γυνὴ
3465 1329 3534 1381 ἐν
3558 1327 3631 1396 τῇ
3659 1329 3770 1380 πό-

2184 1421 2298 1483 λει,
2342 1418 2378 1486 ἦ
2402 1437 2494 1486 τις
2523 1416 2601 1489 ἦν
2628 1421 2995 1489 ἁμαρτωλός.
3039 1423 3250 1492 Γυνή-ἠ
3278 1420 3550 1484 εὐόλισθος
3577 1420 3762 1488 φύσις,

2186 1508 2246 1560 τὺ
2279 1509 2496 1580 πρῶτον
2525 1511 2739 1565 δίκτυον
2765 1512 2857 1565 τοῦ
2897 1513 3166 1575 διαϐόλου,
3197 1515 3230 1584 ἡ
3271 1513 3370 1582 τῆς
3412 1512 3618 1580 πλάνης
3651 1514 3771 1564 είσ-

2188 1601 2401 1672 αγωγὴ,
2438 1604 2472 1674 ὴ
2491 1603 2589 1672 τῆς
2632 1604 2996 1675 παραϐάσεως
3028 1604 3362 1665 διδάσκαλος·
3387 1606 3419 1674 ὴ
3448 1603 3636 1674 βοηθὸς
3664 1603 3770 1674 μὲν

2186 1695 2476 1764 γενομένη,
2503 1696 2737 1768 πολεμία
2762 1699 2817 1751 δέ
2848 1698 3238 1768 άναδειχθεῖσα’
3275 1698 3308 1769 ἡ
3335 1698 3594 1768 γενομένη
3623 1697 3770 1750 κατὰ

2188 1787 2349 1856 φύσιν
2379 1789 2540 1860 καλὴ,
2587 1791 2651 1842 ἐκ
2690 1791 3061 1862 προαιρέσεως
3097 1789 3155 1843 δὲ
3183 1788 3559 1858 ἀποδειχθεῖσα
3591 1789 3764 1858 κακὴο

2190 1879 2222 1946 ή
2254 1878 2314 1930 τὸ
2347 1877 2538 1942 κάλλος
2561 1878 2655 1931 τοῦ
2697 1878 2853 1945 ξύλου
2904 1879 3147 1945 δείξασα,
3189 1879 3281 1932 καὶ
3317 1878 3409 1931 τὸν
3435 1877 3768 1948 παράδεισον

2189 1971 2520 2024 ἀπολέσασα.
2573 1971 2683 2025 Καὶ
2735 1971 2862 2025 ἰδοὺ
2908 1972 3084 2041 γυνὴ,
3133 1974 3319 2042 φησιν,
3360 1971 3431 2025 ἐν
3461 1970 3534 2039 τῇ
3564 1971 3764 2035 πόλει,

2189 2062 2323 2129 ἣτις
2373 2058 2448 2132 ἦν
2471 2062 2839 2131 ἁμαρτωλὸς,
2885 2063 2954 2116 τὰ
3006 2063 3105 2134 τῆς
3135 2063 3276 2128 Εῠας
3311 2063 3548 2134 φέρουσα
3596 2062 3766 2134 βάρη»

2191 2151 2402 2215 πολλοῖς
2422 2154 2610 2215 κακοῖς
2647 2151 2966 2222 βριθομένη.
3010 2152 3149 2224 Ἐρῶ
3175 2153 3232 2205 δέ
3263 2153 3435 2222 αὐτῆς
3489 2151 3593 2206 τῶν
3621 2169 3767 2222 προ-

2189 2243 2362 2314 τέρων
2380 2243 2596 2314 τρόπων
2630 2244 2740 2314 (65)
2767 2244 2864 2315 τὴν
2897 2243 3200 2314 δαψίλειαν,
3240 2246 3329 2300 ἵνα
3374 2245 3547 2312 γνῶτε
3589 2245 3769 2316 αὐτῆς

2189 2335 2290 2405 τῆς
2333 2334 2618 2406 μετανοίας
2645 2335 2741 2406 τὴν
2758 2335 3122 2390 πολυτέλειαν.

2260 2423 2333 2476 Δ’.
2351 2422 2410 2477 Ὀ
2422 2423 2550 2487 Θεὸς
2574 2426 2638 2476 ἐκ
2665 2425 2762 2494 τῆς
2789 2425 3027 2496 πλευρᾶς
3043 2425 3136 2478 τοῦ
3165 2425 3336 2496 Ἀδὰμ
3355 2425 3539 2478 ὀστέον
3557 2423 3765 2491 λαϐὼν,

2193 2515 2284 2568 καὶ
2315 2515 2472 2568 τοῦτο
2525 2514 2835 2585 σαρκώσας,
2891 2516 2990 2588 τὴν
3021 2515 3164 2569 Εὕαν
3203 2517 3514 2587 εἰργάσατο,
3549 2517 3613 2588 ἢν
3666 2518 3771 2569 καὶ

2192 2607 2421 2673 γδναῖκα
2459 2605 2716 2668 καλέσας,
2760 2607 2927 2660 ἔδωκε
2976 2607 3169 2677 βοηθὸν
3221 2607 3299 2678 τῷ
3352 2608 3542 2680 Ἀδάμ.
3603 2607 3770 2661 Ἀλλά

2196 2697 2332 2767 μετὰ
2362 2697 2424 2749 τὸ
2462 2699 2722 2769 ἁμαρτεῖν
2769 2700 2902 2769 (64),
2949 2701 3044 2752 καὶ
3090 2701 3398 2772 παραϐῆναι
3436 2701 3525 2754 τὸν
3577 2702 3769 2772 νόμον,

2193 2790 2286 2842 καὶ
2319 2790 2647 2860 ἐκϐληθῆναι
2670 2792 2764 2844 τοῦ
2795 2793 3143 2863 παραδείσου,
3178 2793 3271 2846 καὶ
3292 2793 3517 2846 θάνατον
3547 2793 3607 2846 τὸ
3643 2795 3772 2846 ἐπι-

2192 2880 2370 2952 τίμιον
2392 2881 2593 2934 λαϐεῖν’
2627 2883 2714 2936 ίνα
2733 2883 2806 2954 μὴ
2834 2883 2912 2953 τῷ
2941 2883 3153 2954 θανάτῳ
3187 2883 3570 2954 δαπανώμενον
3597 2883 3772 2955 ἄρδην

2195 2973 2255 3026 τδ
2290 2975 2444 3043 γένος
2489 2974 2796 3046 άπώληται,
2829 2975 3005 3045 γάμος
3029 2974 3407 3044 ἐπιστρατεύει
3429 2973 3506 3044 τῷ
3530 2973 3772 3045 θανάτῳ.

2196 3064 2314 3116 Ἵνα
2364 3065 2392 3117 6
2421 3065 2519 3135 μὲν
2557 3065 2774 3136 σπείρῃ,
2809 3067 2837 3118 6
2883 3065 2940 3118 δὲ
2970 3065 3179 3136 θερίζη·
3205 3067 3233 3117 6
3275 3065 3373 3135 μὲν
3401 3066 3591 3136 τέμνῃ,
3634 3065 3664 3118 6
3708 3065 3776 3118 δὲ

2118 3198 2162 3256 C
2197 3155 2488 3256 βλαστάνῃ.
2519 3156 2628 3208 Καὶ
2653 3156 2734 3208 ὃτι
2771 3155 2908 3227 μετὰ
2952 3145 3012 3208 τδ
3044 3155 3418 3226 ὑποϐληθῆναι
3451 3156 3684 3227 θανάτῳ,
3734 3157 3773 3227 ή

2192 3246 2286 3299 τοῦ
2324 3247 2505 3317 γάμου
2525 3246 2678 3318 ἐδόθη
2702 3248 2882 3318 χάρις,
2917 3247 3074 3318 δῆλον
3113 3249 3179 3301 ἐκ
3198 3247 3315 3314 τοῦ,
3342 3247 3433 3300 τὸν
3477 3247 3648 3319 Ἀδὰμ
3674 3265 3777 3318 με-

2191 3337 2261 3390 τὰ
2281 3338 2376 3408 τὴν
2404 3336 2581 3403 ἔξοδον
2634 3337 2728 3390 τοῦ
2763 3339 3095 3410 παραδείσου
3153 3339 3488 3410 συναφθῆναι
3515 3341 3584 3410 τῇ
3631 3338 3772 3410 Εὕα.

2192 3429 2504 3501 Γέγραπται
2535 3429 2642 3501 γάρ
2668 3429 2771 3493 ὅτι,
2807 3429 2944 3500 μετὰ
2979 3429 3042 3482 τὸ
3090 3429 3325 3497 ἐξελθεῖν
3359 3431 3424 3483 ἐκ
3470 3429 3563 3482 τοῦ
3593 3447 3776 3501 παρα-

2190 3521 2394 3585 δείσου,
2447 3521 2569 3574 τότε
2609 3521 2761 3590 ἔγνω
2800 3522 2973 3592 Ἀδὰμ
2997 3521 3112 3590 τὴν
3130 3522 3384 3592 γυναῖκα
3401 3522 3606 3576 αὑτοῦ·
3662 3523 3778 3594 πρὸ

2191 3611 2292 3680 τῆς
2318 3611 2591 3682 ἁμαρτίας
2617 3607 2731 3675 οὖν,
2773 3610 3156 3684 παρθενία,ἦν·
3203 3613 3500 3684 άμόλυντον
3526 3613 3779 3685 τηροῦσα

2191 3702 2282 3754 τὸν
2320 3702 2521 3772 χιτῶνα
2542 3703 2642 3772 τῆς
2670 3702 2902 3770 φύσεως.
2929 3705 3081 3758 Μετὰ
3105 3705 3161 3757 δὲ
3188 3706 3286 3775 τὴν
3312 3705 3640 3776 παράϐασιν,
3674 3723 3776 3773 μεθ

2193 3790 2261 3843 τὰ
2292 3791 2392 3860 τὴν
2425 3789 2519 3842 τοῦ
2550 3790 2781 3844 Θανάτου
2833 3793 3127 3862 ἀπόφασιν,
3155 3795 3183 3846 6
3208 3794 3384 3864 γάμος
3417 3795 3772 3866 ἁντεισήχθη,

2194 3882 2280 3934 ἵνα
2314 3881 2610 3956 ἀντλοῦντα
2648 3883 2738 3936 τὸν
2775 3884 3001 3938 θάνατον
3039 3889 3235 3957 νικήσῃ
3273 3886 3472 3958 βρύων,
3511 3888 3606 3940 καὶ
3639 3905 3777 3957 τρυ-

2193 3973 2372 4040 γῶντα
2401 3975 2610 4045 ἠττήσῃ
2641 3975 2810 4043 φύων.
2852 3976 3004 4028 Ἐπεὶ
3022 3973 3114 4029 οὖν
3137 3978 3226 4030 ἐπὶ
3243 3980 3308 4048 τῇ
3338 3980 3534 4048 συνοχῇ
3563 3976 3654 4030 τοῦ
3677 3977 3777 4044 γέ-

2191 4083 2334 4129 νους,
2373 4067 2466 4118 καὶ
2487 4068 2578 4118 ἐπὶ
2605 4068 2830 4138 αὐξήσει
2861 4069 2960 4138 τῆς
2987 4068 3218 4137 φύσεως,
3241 4071 3269 4122 ὁ
3288 4069 3382 4122 τοῦ
3407 4071 3585 4140 γάμου
3613 4069 3774 4142 ἐδόθη

2191 4160 2373 4227 νόμοςο
2404 4155 2481 4226 τῷ
2515 4157 2610 4227 μὲν
2641 4156 2914 4228 ἀνθρώπῳ
2939 4157 3130 4229 ἡδονὴν
3158 4158 3458 4229 ἐνέσπειρε·
3493 4157 3555 4210 τὸ
3582 4158 3638 4210 δὲ
3671 4157 3774 4227 θῆ-

2192 4246 2276 4310 λυ,
2310 4247 2646 4300 θωπευτικὸν
2683 4247 2954 4317 ἐποίησεν·
2993 4249 3091 4317 οὐχ
3149 4248 3238 4300 ἵνα
3283 4248 3574 4319 ἑταιρικῶς
3633 4247 3776 4318 πρὸς

2195 4335 2369 4407 μίξεις
2414 4334 2784 4405 ἐρεθίζωνταιο
2845 4335 2960 4388 ἀλλ’
3009 4336 3096 4389 ἵνα
3143 4336 3379 4406 ἐννόμως
3429 4337 3563 4405 πρὸς
3595 4336 3777 4406 γάμον

2194 4426 2588 4478 συνάπτωνται.
2619 4424 2784 4476 ’Ὅθεν
2889 4424 2987 4494 μὲν
3025 4424 3285 4496 ἔνθεσμος
3311 4425 3403 4478 τοῦ
3424 4425 3601 4494 γάμου
3631 4424 3779 4494 μίξις

522 4527 652 4580 time
682 4525 991 4594 copulandis
1021 4525 1071 4577 in
1112 4520 1535 4575 matrimonium.
1577 4515 1755 4582 Quare
1796 4509 2089 4566 honOrabi-

2194 4516 2349 4586 τιμία
2387 4513 2536 4584 παρὰ
2561 4513 2638 4583 τῷ
2685 4513 2821 4584 Θεῷ.
2860 4515 2923 4567 Ἠ
2953 4514 3010 4566 δὲ
3059 4515 3196 4586 πρὸς
3231 4516 3390 4585 χάριν
3435 4509 3543 4568 τῶν
3572 4513 3780 4585 ἡδονῶν

524 4618 588 4672 lis
617 4619 756 4688 apud
791 4618 955 4672 Deum
988 4616 1224 4686 legitima
1261 4611 1494 4681 coniugii
1526 4609 1724 4670 mistio,
1761 4619 1882 4674 quae
1911 4611 2088 4656 autem

591 4735 614 4766 ⁸
647 4734 784 4789 Gen.
831 4749 888 4799 ιι,
916 4733 1008 4787 21.
1081 4732 1102 4764 ⁸
1144 4731 1280 4788 Gen.
1322 4745 1396 4795 ιν,
1433 4729 1486 4782 l.

593 4854 705 4924 (65)
725 4851 980 4924 Τρόπων.
995 4848 1191 4924 Moutf.
1208 4847 1412 4924 κακῶν.
1431 4847 1688 4924 oratorum
1706 4861 1726 4910 ;
1743 4847 1884 4910 quod
1909 4845 2096 4914 utique

523 4919 726 5047 mgnus
757 4919 883 4978 esse
902 4922 1178 4975 insinuare
1211 4919 1422 4972 videtur
1443 4920 1892 4986 voxsubsequeus
1924 4931 2092 4986 μετα-

523 5013 582 5047 νο
607 5011 692 5047 ας.

521 5011 692 5056 νθιας.

593 5053 707 5133 (ϐλ)
745 5059 922 5116 Ἀλλὰ
944 5057 1095 5133 μετὰ
1123 5056 1188 5112 τὸ
1217 5053 1518 5133 ἁμαρτεῖν.
1555 5053 1698 5133 lde_m
1739 5053 2000 5133 pluribus,
2037 5063 2094 5107 et.

525 5123 799 5189 inductum
828 5123 1111 5184 occasione
1159 5123 1362 5197 peccati
1385 5141 1463 5197 _ac
1487 5140 1566 5197 ex
1595 5124 1730 5197 eius
1771 5123 2092 5197 pragvisigne

525 5203 948 5262 matrimOuium,
971 5193 1258 5268 Nysseuus,
1279 5196 1315 5249 I.
1333 5212 1346 5249 ι
1366 5194 1462 5268 _DeA
1483 5194 1690 5268 api/icio
1711 5194 1959 5268 Itomt'm's,
1991 5193 2093 5245 Da-

527 5289 696 5328 masc.
757 5271 850 5324 lib.
899 5286 973 5332 tv,
1007 5263 1060 5322 et
1093 5267 1182 5321 alii
1217 5284 1233 5320 :
1274 5265 1465 5334 maiori
1503 5265 1642 5334 forte
1687 5263 1887 5332 pietate
1929 5277 2090 5331 quam

524 5344 772 5398 veritate.
812 5342 1128 5406 Quanquam
1161 5337 1302 5390 enim
1343 5333 1656 5406 propagatio
1700 5342 1934 5406 quaeest
1977 5346 2091 5384 car-

527 5414 633 5468 nali
655 5401 1002 5480 generatioue
1027 5425 1090 5480 ex
1122 5401 1357 5480 legitima
1394 5401 1605 5480 copula,
1634 5401 1876 5480 uouni|_t_il
1907 5416 2094 5480 crassa

525 5485 594 5538 sit
639 5470 694 5535 et
741 5481 977 5544 humilis,
1026 5470 1345 5544 digniusque
1389 5473 1663 5526 videretur
1705 5482 1762 5544 ut
1806 5470 1942 5544 Deus
1985 5472 2098 5534 ipse

529 5554 682 5608 nobis
727 5541 973 5618 corpora
1003 5541 1142 5618 sicut
1177 5541 1398 5618 Adamo
1441 5551 1669 5610 aptaret.
1718 5541 1859 5594 haud
1913 5550 2089 5592 tamen

530 5623 653 5676 talis
681 5614 848 5675 videri
890 5619 1068 5681 debet,
1099 5617 1163 5671 iis
1206 5614 1434 5669 sublatis
1487 5627 1608 5679 qua:
1647 5621 1992 5681 accesserunt
2023 5623 2091 5661 ex

530 5701 769 5762 peccato.
802 5697 863 5762 ut
895 5679 1071 5762 minus
1094 5687 1293 5762 deceat.
1313 5683 1606 5743 hominem,
1635 5694 1736 5762 pro
1791 5679 1886 5762 illo
1923 5679 2087 5756 etiam

529 5749 694 5820 ἒυιιιι,
729 5749 819 5827 qui
875 5773 974 5811 nec
1008 5757 1122 5826 ipse
1152 5753 1376 5827 omnino
1429 5749 1910 5827 a-coriditiou-ilius
1968 5749 2091 5799 vita:

529 5819 778 5890 animalis
827 5819 1104 5883 absolutus
1146 5833 1308 5880 esset.
1342 5823 1493 5888 Quod
1545 5831 1724 5872 autem
1766 5819 1933 5871 Adam
1985 5831 2090 5870 non

2198 4602 2582 4674 ἐκτελουμένη,
2606 4601 2821 4672 θανάτῳ
2849 4603 3214 4675 ὑποϐέϐληται
3243 4604 3382 4674 (65).
3423 4603 3622 4674 Τίμιος
3659 4601 3776 4672 γὰρ

2200 4842 2302 4897 nisi
2331 4857 2359 4894 a
2390 4844 2616 4910 peccato
2659 4835 2826 4889 Evam
2865 4833 3199 4910 cognoverit,
3248 4846 3354 4886 non
3383 4845 3449 4910 eo
3499 4832 3616 4910 fuit,
3634 4835 3776 4910 quia

2200 4913 2302 4966 nisi
2351 4901 2634 4978 peccasset
2679 4920 2782 4958 non
2817 4901 2962 4978 esset
2993 4903 3325 4978 cogniturus,
3355 4901 3447 4955 sed
3481 4903 3618 4978 quia
3634 4904 3778 4978 intra

2200 4971 2472 5035 modicum
2503 4975 2632 5030 illud
2659 4983 2870 5040 tempus
2896 4972 2983 5025 vix
2996 4986 3090 5024 sex
3121 4971 3378 5024 horarum
3408 4972 3782 5040 aponditione

2197 5052 2264 5103 ad
2295 5049 2526 5118 lapsum,
2555 5039 2852 5118 congruum
2889 5040 3135 5118 non_fuit
3179 5055 3342 5118 :cum
3382 5039 3546 5118 a_Dci
3594 5044 3780 5118 potius

2194 5109 2365 5174 cultu'
2389 5126 2446 5171 et
2469 5109 2795 5182 perficiendo
2820 5125 2922 5165 usu
2943 5110 3184 5182 scientiae
3199 5109 3399 5182 animo,
3431 5109 3783 5179 imperiisque

2195 5189 2249 5242 in
2281 5179 2523 5252 subjecta
2555 5195 2781 5252 quaeque
2815 5179 3067 5252 animalia
3121 5179 3484 5252 exsecutione,
3533 5182 3781 5252 adeoque

2194 5273 2225 5311 a
2267 5248 2600 5325 spiritalibus
2636 5248 2994 5325 inchoandum
3025 5258 3236 5325 _esset,_
3293 5248 3477 5325 eisque
3532 5251 3780 5325 nonnihil

2199 5318 2459 5392 temporis
2472 5334 2552 5378 sta
2563 5323 2655 5374 tim
2671 5335 2709 5392 _a
2733 5319 3008 5392 creatione
3025 5318 3437 5392 impendendum
3455 5333 3475 5392 :_
3487 5332 3592 5392 qua
3612 5319 3781 5392 etiam

2198 5387 2428 5460 ratione,
2465 5407 2640 5460 neque
2671 5388 2978 5460 legimude
3007 5388 3266 5460 temporis
3289 5387 3591 5443 comedisse
3614 5389 3785 5456 quid-

2198 5481 2381 5535 quam,
2416 5457 2646 5535 excepto
2681 5457 3108 5535 ligrio_sci_entiae.

2268 5523 2396 5604 (65'),
2421 5523 2660 5604 Θανάτῳ
2687 5523 3104 5604 ὑξτοϐέὸληται.
3149 5523 3394 5604 Qua_ndo_
3417 5525 3669 5604 nimirum
3699 5525 3780 5604 ita

2198 5593 2286 5657 est
2319 5593 2610 5670 voluptatis
2657 5599 2827 5670 solius
2863 5611 3047 5657 causa,
3081 5604 3142 5670 ut
3177 5593 3396 5670 legitimi
3447 5595 3777 5670 matrimonii

2199 5673 2336 5727 ﬁnes
2366 5663 2540 5728 exeat,
2577 5678 2635 5720 ut
2657 5669 2792 5719 satis
2831 5680 2890 5718 se
2915 5675 3106 5718 auctor
3129 5667 3243 5733 ipse
3269 5663 3541 5727 declarat;
3575 5663 3778 5731 alioqui

2195 5743 2339 5794 enim
2373 5739 2616 5793 concedit
2655 5735 2853 5788 Paulus
2882 5736 3098 5799 nuptias
3140 5735 3533 5788 in‘remeiliurn
3572 5747 3775 5785 concu-

2195 5814 2469 5882 piscentia:
2513 5811 2532 5864 ι
2581 5806 2712 5861 Cor.
2744 5821 2832 5872 vn,
2865 5804 2897 5859 9
2927 5821 2942 5859 :
2985 5803 3140 5868 Quod
3186 5805 3228 5857 si
3276 5819 3380 5857 non
3407 5821 3462 5859 se
3486 5804 3775 5869 continent,
