4092 6438
276 466 338 528 T5
1374 477 1633 535 ORATIO
1673 476 1739 529 ΙΝ
1781 470 2143 528 MULIEREM
2183 469 2689 526 PECCATRICEM.
3596 459 3671 513 Ἠ

295 586 557 658 ὀτύμος
580 591 671 646 ἐν
702 593 936 661 πᾶσι,
970 600 1094 653 καὶ
1134 598 1171 664 ἠ
1200 598 1360 665 κοίτη
1388 598 1691 665 ἀμίαντος·
1735 594 1997 659 πόρνους

2123 599 2506 644 :onsummatnr
2528 593 2594 643 ad
2617 590 2947 659 voluptatum
2981 590 3228 659 gratiam,
3250 588 3498 643 vindictae
3527 604 3674 643 mor-

303 675 354 733 δὺ
380 681 493 734 καὶ
524 685 848 754 μοιχοὺς
902 688 1193 743 κοινεῖὀ
1221 690 1377 754 Θεός.
1407 689 1473 740 Ai
1499 683 1589 740 οὖν
1622 686 1781 757 χάριν
1804 684 1990 737 παιδο-

2124 682 2170 734 is
2193 681 2423 733 obnoxia
2468 690 2574 734 est.
2619 677 2941 734 Honorabile
2962 679 3097 733 enim
3124 679 3437 732 connubium
3470 680 3524 730 in
3555 694 3672 732 om-

314 774 493 842 γανίας
520 779 820 849 ἐννόμως
852 786 1000 847 τοῖς
1038 783 1270 855 ἀνδράσι
1305 783 1648 853 μιγνύμεναι,
1672 780 1994 849 ἀνέγκλητοι

2123 769 2275 835 tibus,
2307 782 2354 823 et
2402 778 2547 824 torus
2591 771 2962 824 immaculata:
3018 786 3037 822 :
3085 769 3432 837 fornicatores
3480 785 3598 823 vero
3623 777 3673 822 et

332 865 475 919 εἰσιν·
512 865 738 941 ὥσπερ
766 871 812 941 ἠ
847 872 1102 943 Σάῥρα,
1154 870 1302 941 καὶὴ
1346 871 1631 934 Ῥεϐέκκα,
1668 868 1762 921 καὶ
1803 869 1835 937 ἡ
1872 866 1996 919 Ῥα-

2123 863 2367 917 tdulteros
2390 863 2648 932 judicabit
2685 862 2825 916 Deus
2856 861 2895 915 ⁸.
2943 862 3072 929 Quae
3100 877 3227 931 ergo
3272 862 3523 916 mulieres
3552 878 3673 915 sus-

342 956 457 1028 ﬁt}:
495 957 599 1011 καὶ
653 959 714 1012 εἴ
743 977 849 1024 τις
884 960 1047 1031 ἄλλη
1080 962 1178 1014 ἀπ’
1207 960 1393 1030 αὐτῆςο
1428 960 1483 1011 αἱ
1522 958 1579 1011 δὲ
1619 958 1761 1028 λόγῳ
1787 956 1995 1027 ἡδυπα-

2123 956 2364 1025 :ipiendaa
2395 955 2560 1024 prolis
2601 959 2772 1025 gratia
2799 955 3032 1024 legitime
3058 954 3484 1010 commiscentnr
3519 956 3672 1022 viris,

365 1050 507 1114 θείας
530 1050 665 1113 τοὺς
687 1050 877 1115 νέους
942 1054 1098 1123 πρὸς
1149 1051 1441 1106 ἀκολασίαν
1489 1049 1871 1119 διεγείρουσαι,
1923 1046 1999 1111 ὡς

2123 1047 2225 1100 sine
2273 1048 2501 1101 crimine
2551 1058 2720 1103 sunt:
2775 1048 3227 1118 quemadmodum
3266 1049 3432 1103 Sarra
3482 1059 3537 1103 et
3567 1047 3678 1103 Re-

388 1144 697 1216 φθείρουσαι
736 1143 849 1198 τὸν
883 1145 1032 1199 ναὸν
1060 1144 1160 1197 τοῦ
1199 1143 1355 1210 Θεοῦ,
1390 1142 1772 1214 παραδίδονται
1800 1139 1999 1210 φθορᾷ.

2123 1154 2271 1193 oecca
2299 1150 2353 1193 et
2375 1137 2596 1205 Rachel,
2636 1149 2691 1195 et.
2726 1142 2771 1194 si
2821 1155 2941 1209 qua:
2984 1140 3087 1194 alia
3118 1141 3391 1211 sequitur.
3425 1140 3554 1205 Qure
3579 1156 3678 1193 au—

404 1236 467 1289 Εῖ
488 1253 567 1301 τις
594 1236 736 1306 γαρ,
769 1237 950 1306 φησι,
986 1236 1219 1305 φθείρει
1235 1234 1342 1288 τὸν
1363 1231 1514 1287 ναὸν
1536 1230 1642 1285 τοῦ
1670 1229 1840 1296 Θεοῦ,
1862 1232 2004 1299 φθε-

2123 1240 2220 1285 Lem
2266 1230 2476 1285 ratione
2523 1231 2816 1300 voluptatis
2864 1232 3232 1287 adolescentes
3281 1235 3346 1286 ad
3401 1233 3678 1287 libidinem

407 1328 491 1396 psi
514 1328 731 1381 τοῦτον
780 1332 815 1382 ό
865 1329 1046 1393 Θεόςο
1093 1321 1168 1382 ὧν
1196 1326 1292 1379 καὶ
1320 1323 1457 1395 αὕτη
1500 1322 1597 1394 μία
1653 1317 1743 1392 ἦν,
1785 1323 1819 1393 ὴ
1872 1319 2009 1391 μετὰ

2123 1332 2438 1386 )rovocant;
2464 1321 2609 1376 velut
2636 1338 2756 1392 qua:
2782 1323 2982 1378 violent
3008 1324 3098 1379 Dei
3126 1323 3403 1393 templum,
3430 1325 3481 1378 in
3511 1326 3681 1378 inter-

420 1423 591 1490 χεῖρας
614 1419 985 1490 ἁμαρτωλός.
1017 1416 1131 1489 Τὴν
1152 1417 1261 1487 γὰρ
1283 1414 1443 1485 φύσιν
1471 1411 1881 1484 καπηλεύσασα,
1910 1410 2006 1464 καὶ

421 1511 534 1571 ταῖς
570 1508 772 1574 ἔξωθεν
802 1508 1015 1579 βαφαῖς
1059 1509 1161 1569 τὰς
1201 1504 1432 1577 παρειάς
1478 1504 1846 1573 φοινίσσουσα,
1912 1502 2006 1555 καὶ

426 1601 583 1670 τέχνῃ
612 1599 920 1669 βιαζομὲνη
953 1598 1190 1668 φανῆναι
1218 1597 1376 1664 καλὴ,
1405 1597 1528 1657 τοὺς
1546 1595 1697 1659 νέους
1720 1594 1853 1665 πρὸς
1879 1594 2009 1647 ἀκο-

427 1689 615 1743 λασίαν
636 1691 940 1762 ύπέσυρεν,
975 1687 1297 1759 ἁπροόπτως
1328 1687 1440 1757 (66)
1466 1687 1664 1750 αὐτοὺς
1716 1686 1796 1749 είς
1825 1684 1887 1737 τὸ
1908 1684 2008 1755 τῆς

426 1783 682 1851 πορνείας
712 1781 1082 1834 ἀποκλίνουσα
1105 1779 1214 1849 (67)
1243 1777 1531 1849 βάραθρον.

2112 1412 2245 1465 itum
2264 1413 2563 1466 traduntur.
2580 1412 2639 1468 Si
2658 1415 2774 1483 quis
2791 1416 2957 1480 enim,
2975 1415 3172 1484 inquit,
3187 1416 3431 1483 templum
3457 1416 3549 1469 De:
3570 1418 3681 1469 vio-

2111 1503 2317 1568 laverit,
2339 1506 2596 1574 disperdet
2622 1507 2768 1559 illum
2794 1506 2931 1560 Deus
2960 1508 2978 1537 "
3015 1527 3027 1561 :
3059 1506 3302 1575 equibus
3321 1517 3377 1562 et
3395 1508 3507 1562 lure
3542 1523 3679 1571 erat,

2112 1610 2273 1664 quam
2306 1611 2416 1665 prae
2495 1598 2744 1653 manibus
2785 1600 3146 1668 peccatricem
3196 1598 3469 1654 habemus.
3525 1600 3683 1655 Velut

2113 1687 2257 1740 enim
2311 1687 2527 1741 sordide
2554 1704 2746 1744 venum
2781 1703 3055 1758 exponens
3077 1706 3494 1763 cauponansque
3520 1707 3681 1748 natu-

2119 1792 2258 1845 ram,
2326 1794 2601 1849 genasque
2642 1781 2892 1836 ascititiis
2935 1782 3223 1852 pigmentis
3265 1799 3582 1853 purpurans,
3617 1802 3681 1841 ac

426 1889 548 1929 arte
575 1875 921 1930 contendens
955 1874 1123 1928 videri
1155 1873 1396 1942 pulchra,
1430 1871 1802 1926 adolescentes
1827 1870 2041 1926 incaute
2079 1870 2359 1927 declinans
2404 1874 2785 1945 depellensque
2827 1877 2878 1930 in
2917 1874 3287 1931 fornicationis
3342 1878 3679 1942 barathrum,

426 1972 487 2027 iu
524 1969 795 2022 luxuriam
851 1966 1220 2023 subtrahebat.

505 2059 583 2115 ΕΩ
603 2059 863 2114 Ταῦταδὲ
874 2059 1036 2127 λέγω,
1049 2060 1109 2112 οὐ
1121 2057 1396 2129 κωμῳδῶν
1422 2057 1589 2129 αὐτὴν
1618 2057 1703 2126 ἐφ’
1723 2051 1804 2120 οἷς
1816 2055 2010 2128 ἔδρασε

2183 2056 2247 2111 ν.
2281 2057 2409 2112 Dico
2433 2065 2610 2112 autem
2668 2058 2801 2125 haec,
2840 2074 2942 2112 non
2997 2066 3054 2112 ut
3085 2059 3356 2113 traducam
3411 2060 3479 2113 ob
3531 2062 3679 2129 prius

428 2154 597 2224 πρίν·
638 2152 762 2206 ἀλλ’
810 2151 1047 2205 ἐπαινῶν
1094 2151 1295 2221 αὐτὴν,
1330 2151 1422 2219 ἀφ’
1455 2151 1603 2214 οἵων,
1656 2150 1743 2203 οἵα
1788 2148 2010 2218 γέγονεν

430 2243 613 2312 ἄφνω.
648 2244 810 2312 Λέγω
836 2243 946 2314 γὰρ
973 2244 1055 2307 τίς
1082 2239 1150 2315 ἦν
1183 2242 1391 2316 πρώην,
1420 2244 1505 2296 ἴνα
1532 2241 1690 2307 δείξω
1710 2242 1793 2305 τίς
1821 2243 2012 2311 γέγονε

434 2332 533 2386 νῦν
555 2350 569 2361 ·
605 2333 757 2402 λέγω
790 2334 962 2402 αὐτῆς
990 2335 1087 2404 τῆς
1122 2334 1394 2405 ἁμαρτίας
1436 2334 1505 2387 τὰ
1538 2334 1855 2403 πταίσματα
1875 2372 1888 2398 ,
1926 2334 2014 2388 ἵνα

431 2423 597 2490 δείξω
640 2425 744 2493 τῆς
790 2423 1076 2494 μετανοίας
1102 2423 1171 2477 τὰ
1203 2423 1622 2496 κατορθώματα.
1664 2423 1803 2477 Ἀλλ’
1850 2423 2009 2494 αὕτη,

430 2517 471 2585 ἠ
512 2515 592 2585 τῷ
636 2514 848 2585 σώματι
892 2516 989 2568 οὐκ
1031 2516 1331 2586 ἀμέμπτως
1373 2516 1692 2587 χρησαμένη
1740 2516 1803 2569 τὸ
1854 2516 2011 2588 πρίνο

430 2607 567 2668 τοὺς
605 2605 707 2675 μὲν
755 2605 843 2658 διὰ
876 2605 1183 2677 βοστρύχων
1233 2606 1635 2676 σαγηνεύουσα,
1662 2607 1789 2672 τοὺς
1828 2607 1885 2662 δὲ
1928 2607 2016 2661 διὰ

434 2698 696 2770 δακρύων
724 2698 1137 2768 φαρμάττουσα,
1158 2699 1283 2760 τοὺς
1303 2698 1359 2750 δὲ
1377 2697 1464 2754 διὰ
1491 2697 1776 2770 λήμματος
1796 2699 2016 2771 γοητεύ-

434 2806 616 2851 own,
656 2792 867 2852 πάντας
899 2790 955 2842 δὲ
994 2789 1324 2862 πανταχόθεν
1358 2794 1435 2855 είς
1467 2791 1557 2845 τὸν
1604 2790 1874 2862 βάραθρον
1916 2792 2016 2863 τῆς

440 2881 750 2944 ἀκολασίας
790 2881 1238 2954 προσκαλουμένη
1264 2925 1277 2947 ,
1319 2884 1410 2936 τὸν
1444 2883 1669 2955 αἰσχρὸν
1711 2883 1881 2954 αὐτῆς
1923 2886 2017 2937 κα)⁸

438 2971 701 3043 ἡδυπαθῆ
734 2972 912 3043 ἔρωτα
937 2976 1015 3036 είς
1047 2974 1187 3027 θεῖον
1220 2976 1311 3028 καὶ
1343 2976 1666 3047 ἐπουράνιον
1692 2974 2019 3045 μεταϐάλλει,

440 3064 694 3132 φίλτρον.
743 3064 833 3126 Ὧς
860 3059 964 3117 εἶδε
992 3064 1101 3136 γὰρ
1142 3066 1234 3118 τὸν
1274 3065 1511 3137 Ἰησοῦν,
1550 3066 1680 3118 ποτὲ
1711 3065 1811 3136 μὲν
1849 3065 2018 3130 ἁδέως

438 3158 513 3226 τῇ
557 3156 917 3227 Σαμαρείτιδι
957 3157 1364 3227 διαλεγόμενον,
1406 3159 1535 3211 ποτὲ
1587 3158 1643 3211 δὲ
1685 3157 1784 3229 τὴν
1833 3158 2017 3212 Χανα-

441 3249 605 3301 ναίαν
630 3249 1007 3318 προσιέμενον,
1034 3250 1220 3303 ἄλλοτε
1250 3251 1347 3320 τῆς
1385 3248 1784 3320 αἱμορῤοούσης
1812 3249 2018 3318 ἀνακη-

2112 2160 2283 2222 gesta.
2329 2150 2421 2205 sed
2464 2150 2705 2213 laudans,
2749 2160 2807 2204 ut
2839 2152 2961 2205 talis
3011 2167 3075 2206 ex
3131 2151 3222 2206 tali
3249 2152 3321 2206 sit
3348 2151 3507 2206 facta.
3552 2153 3681 2207 Dico

2112 2242 2402 2311 siquidem,
2441 2256 2561 2310 quae
2591 2251 2735 2296 esset
2756 2243 2905 2304 olim,
2947 2252 3005 2297 ut
3066 2258 3184 2309 quze
3239 2243 3396 2298 modo
3428 2247 3681 2311 evaserit,

2112 2334 2417 2388 ostendam.
2449 2333 2578 2387 Dico
2615 2335 2819 2403 peccati
2878 2335 3046 2403 ipsius
3075 2343 3285 2399 errata,
3317 2345 3373 2389 ut
3400 2338 3679 2391 exhibeam

2114 2424 2443 2494 paenitentia:
2483 2424 2694 2478 merita.
2728 2423 2948 2487 Verum,
2986 2427 3071 2479 cui
3102 2442 3206 2479 non
3231 2428 3433 2497 absque
3456 2429 3683 2484 crimine

2116 2516 2434 2572 constiterat
2492 2531 2623 2572 usus
2675 2519 3091 2588 corporis;qua:
3125 2518 3258 2574 alios
3314 2522 3526 2589 quidem
3566 2524 3682 2576 cin-

2116 2608 2292 2664 cinnis
2321 2619 2551 2677 caperet,
2610 2609 2743 2664 alios
2792 2610 3069 2665 oculorum
3130 2611 3396 2668 lenocinio
3440 2613 3677 2680 falleret;

2118 2698 2344 2753 consilio
2385 2698 2519 2753 alios
2544 2702 2845 2764 seduceret,
2876 2716 3061 2754 omnes
3086 2704 3437 2775 undequaque
3456 2706 3650 2761 inluxu
3668 2738 3683 2749 -

2119 2792 2212 2845 ria;
2239 2791 2550 2845 barathrum
2575 2780 2909 2861 provocaret,
2938 2810 3091 2847 suum
3130 2794 3274 2850 illum
3301 2805 3506 2865 turpem
3554 2799 3691 2851 mole

2121 2879 2332 2950 lemque
2359 2897 2620 2946 amorem,
2676 2882 2727 2935 in
2761 2883 3000 2935 divinum
3048 2883 3373 2955 cmlesteque
3428 2888 3687 2953 philtrum

2124 2974 2417 3028 transtulit.
2459 2973 2526 3029 Ut
2553 2974 2694 3027 enim
2740 2973 2919 3028 Jesum
2969 2976 3239 3043 cognovit,
3285 2979 3441 3033 modo
3471 2981 3686 3049 quidem

2123 3066 2289 3120 libere
2319 3081 2439 3119 eum
2475 3065 2808 3120 Samaritana
2840 3067 3153 3121 miscentem
3188 3084 3529 3126 sermonem:
3574 3088 3691 3125 mo-

2121 3159 2189 3211 do
2222 3158 2580 3212 Cbananaaant
2612 3158 2988 3227 recipientem;
3056 3159 3160 3214 alio
3195 3160 3323 3215 item
3387 3161 3524 3218 loco.
3563 3180 3688 3216 san-

2122 3249 2282 3320 guine
2315 3249 2529 3303 liuentis
2559 3248 2757 3301 furtum
2791 3250 3205 3318 praedicantem;
3255 3261 3419 3322 atque
3446 3254 3533 3307 hic
3562 3256 3685 3323 qni-

447 3337 715 3411 ρύττοντα
755 3338 853 3408 τὴν
920 3339 1159 3409 κλοπὴν,
1205 3340 1301 3391 καὶ
1332 3339 1407 3409 πῆ
1460 3339 1557 3409 μὲν
1591 3338 1848 3401 τελώναις
1898 3354 2019 3391 συν-

2125 3342 2246 3395 dent
2271 3356 2391 3395 cum
2413 3339 2713 3409 publicanis
2745 3342 3153 3395 manducantem
3186 3358 3203 3407 ;
3254 3342 3343 3396 hic
3385 3342 3687 3397 Pharismo-

446 3430 725 3495 εσθίοντα,
747 3431 827 3499 πῆ
854 3431 909 3483 δὲ
936 3432 1036 3484 τῶν
1058 3431 1365 3503 Φαρισαίων
1392 3432 1518 3493 τοὺς
1541 3430 1721 3494 οἴκους
1743 3430 2019 3501 καταλαμ-

2127 3444 2244 3484 rum
2270 3430 2552 3483 adeuntem
2577 3428 2765 3482 domos
2791 3444 2806 3493 ;
2842 3430 2921 3484 sic
2946 3444 3125 3483 secum
3157 3431 3414 3501 cogitavit
3446 3448 3459 3485 :
3487 3433 3619 3487 Cum
3648 3436 3693 3489 is

448 3520 704 3581 ϐανονντα,
741 3520 1023 3588 ἐλογίσατο
1057 3522 1173 3575 ὃτι’
1207 3521 1271 3573 El
1302 3520 1507 3591 πόρνας
1545 3521 1639 3572 καὶ
1668 3519 2023 3591 ἁμαρτωλοὺς

450 3612 545 3665 καὶ
581 3611 825 3674 τελώνας
866 3612 1183 3683 προσίεται,
1232 3612 1390 3682 μέχρι
1433 3610 1559 3663 πότε
1599 3609 1915 3675 ἀκαθέκτως
1948 3613 2024 3663 oi-

453 3706 700 3776 στρὼσα,
732 3706 798 3757 τὸ
824 3706 923 3775 τῆς
951 3705 1224 3776 ἁμαρτίας
1258 3704 1492 3772 πέλαγος
1530 3702 1742 3768 div-.16);
1773 3703 1847 3755 Οὐ
1880 3702 2025 3773 μένω

449 3798 568 3860 νέα,
602 3798 667 3848 ού
714 3798 861 3867 μένω
894 3796 1068 3866 καλή·
1102 3797 1281 3849 πάντα
1310 3795 1417 3867 γὰρ
1446 3795 1813 3865 παρέρχεται,
1847 3796 2023 3848 πάντα

450 3887 802 3958 μαραίνεται,
835 3887 929 3939 καὶ
954 3887 1111 3957 ἄνθη,
1136 3889 1230 3939 καὶ
1255 3886 1432 3957 κρίνα,
1459 3888 1551 3940 καὶ
1578 3886 1683 3938 τῶν
1717 3885 2023 3958 προσώπων

443 3982 518 4034 τὰ
546 3980 745 4050 κάλλη.
771 3980 836 4031 Τί
870 3976 959 4034 οὖν
990 3979 1147 4032 πάθω
1171 3980 1253 4047 ἐφ’
1279 3974 1359 4041 οἷς
1383 3978 1620 4047 ἐδρασα;
1659 3978 1795 4049 Ἤδη
1825 3978 1934 4050 γὰρ
1961 3978 2024 4031 τὸ

444 4072 548 4139 τῆς
579 4073 809 4140 γεέννης
845 4070 953 4139 πῦρ
986 4070 1180 4131 ἐννοῶ,
1214 4070 1312 4139 ἤδη
1346 4087 1445 4139 μου
1490 4068 1586 4139 τὴν
1633 4068 1811 4141 ψυχὴν
1861 4070 2025 4139 μετά-

445 4180 655 4233 γνωσις
685 4163 982 4231 λαμϐάνει,
1017 4164 1100 4215 ὅτι
1149 4164 1235 4214 ἐπ’
1269 4162 1476 4232 ὀλέθρῳ
1518 4161 1628 4214 τῶν
1667 4161 1799 4214 νέων
1840 4161 2023 4231 βιαζο·

449 4257 591 4328 μὲνη
631 4257 866 4324 φανῆναι
896 4255 1054 4325 καλὴ,
1087 4257 1144 4307 ἐν
1181 4258 1298 4318 ταῖς
1330 4256 1546 4322 ἀγυιαῖς
1574 4253 1673 4323 τῆς
1704 4253 1931 4317 πόλεως,
1967 4257 2024 4307 ὲν

442 4352 573 4411 ταῖς
600 4349 850 4417 ἀγοραῖς,
880 4348 936 4398 ἐν
963 4347 1223 4416 ἀμφόδοις
1256 4345 1494 4416 ἔτρεχον,
1525 4345 1739 4399 δίκτυον
1775 4343 1875 4414 μὲν
1901 4347 2026 4409 τοὺς

448 4439 624 4500 πόδας
656 4437 875 4505 ἔχουσα,
907 4437 1000 4489 καί
1026 4436 1268 4505 σαγήνην
1298 4436 1396 4506 τὴν
1435 4434 1700 4503 γλῶτταν.
1736 4434 1799 4485 Ὢ
1828 4434 2024 4498 πόσους

446 4530 774 4590 νεανίσκους
811 4527 1124 4591 κατέθελξα,
1154 4526 1348 4598 μεστὸν
1375 4525 1646 4588 ἀναιδείας
1677 4524 1893 4595 βλέμμα
1927 4543 2025 4577 πε-

451 4621 797 4691 ριφέρουσαι
838 4621 959 4672 Ἐπὶ
980 4620 1123 4691 λύμῃ
1154 4620 1263 4689 γὰρ
1289 4620 1396 4671 τῶν
1422 4618 1628 4671 θεατῶν
1658 4616 2024 4689 ώραῖζομένη,

449 4710 528 4782 si;
561 4714 666 4782 μὲν
704 4711 1062 4775 πολυπλόκοις
1092 4713 1297 4781 σειραῖς
1325 4710 1422 4781 τὴν
1446 4708 1688 4780 κεφαλὴν
1727 4708 2023 4778 ἐπύργουν,

450 4806 529 4873 πῆ
550 4805 610 4857 δὲ
638 4803 881 4872 νομάδας
910 4803 1206 4872 πλοκάμων
1233 4804 1297 4854 ἐκ
1318 4801 1560 4872 κορυφῆς
1578 4801 1703 4852 είων
1729 4800 1869 4854 κατὰ
1902 4818 2029 4869 μετ-

452 4896 604 4948 6st
648 4894 933 4964 χαλᾶσθαι.
980 4893 1200 4946 Ἀλλοτε
1237 4893 1296 4946 δὲ
1322 4892 1421 4955 τὰς
1452 4892 1683 4964 παρειὰς
1706 4892 2031 4960 ὲφοίνισσον,

452 4988 546 5038 καὶ
565 4987 696 5047 τοὺς
718 4984 1028 5054 ὀφθαλμοὺς
1050 4983 1413 5053 κατέγραφον.
1442 4981 1553 5034 Καὶ
1573 4980 1761 5033 ἄλλοτε
1783 4980 2033 5051 δακρύων

456 5075 677 5138 λείαδας
705 5075 923 5144 ἡφίουν,
951 5077 1016 5144 τῇ
1041 5073 1297 5144 κολακείᾳ
1321 5070 1790 5142 ὲκτραχηλίζουσα
1809 5070 1907 5142 τὴν
1929 5070 2030 5140 ψυ-

460 5172 573 5239 χήν,
612 5171 710 5233 Τίς
742 5165 837 5221 οὖν
863 5170 955 5220 ἐπὶ
982 5167 1189 5230 τούτοις
1214 5167 1493 5235 γὲνωμαι;
1523 5164 1656 5218 Τίνα
1682 5164 1864 5236 ίατρὸν
1888 5164 2031 5236 εὕρω

529 5289 549 5316 ⁸
575 5289 735 5340 llcbr.
764 5303 861 5351 sit,
901 5285 957 5340 5.
1066 5285 1086 5316 ⁷
1112 5284 1132 5337 l
1159 5283 1283 5340 Cor.
1307 5298 1389 5346 ιιι,
1421 5281 1508 5335 17.

462 5405 675 5481 nubunt.
708 5402 1047 5470 Acceditque
1079 5400 1239 5481 ratio,
1271 5403 1394 5481 quia
1424 5415 1688 5481 nusquam
1721 5400 1860 5481 ratio
1889 5413 2025 5481 prae:

455 5475 614 5540 repti,
643 5488 734 5526 seu
772 5483 927 5526 actus
964 5472 1232 5533 concessi,
1278 5474 1419 5525 cadit
1446 5476 1543 5524 sub
1590 5479 1878 5537 praecepto,
1921 5472 2022 5521 nisi

452 5547 591 5598 lurle
618 5545 703 5598 cui
732 5543 822 5597 illa
848 5540 1225 5596 substantialis
1253 5550 1352 5594 est.
1381 5543 1697 5608 Quanquam
1727 5552 1854 5607 ergo
1872 5547 2027 5591 coeat

452 5616 675 5667 maritus
710 5628 814 5667 non
863 5612 973 5667 ﬁne
1008 5611 1397 5680 generationis,
1455 5611 1637 5680 sitque
1684 5608 1737 5680 in
1783 5617 2017 5680 eoAactu

448 5685 703 5737 nonnulla
716 5676 1081 5745 deordtuatio,
1098 5679 1230 5747 quia
1246 5690 1423 5734 tamen
1452 5676 1583 5733 nihil
1614 5676 1741 5731 facit
1769 5676 2011 5738 vetitum,

448 5755 653 5808 directe
703 5755 921 5816 saltem,
968 5761 1025 5805 et
1075 5751 1178 5804 sub
1232 5749 1469 5818 rigorosa
1520 5748 2019 5818 obligatione,_nec

450 5826 717 5888 pmnmit
753 5838 937 5879 aetum
966 5836 1077 5874 non
1102 5816 1437 5884 concessum,
1473 5833 1576 5871 non
1609 5816 1793 5883 peccat
1829 5816 2017 5888 saltem

450 5887 722 5963 graviter:
758 5907 816 5948 ut
876 5908 1058 5961 neque
1092 5891 1184 5958 qni
1233 5891 1462 5943 comedit
1488 5888 1630 5944 nulla
1678 5887 2015 5951 necessitate,

755 5995 1043 6056 Ριτιιοι.
1093 5987 1217 6047 Gtt.
1266 5984 1570 6048 XXXIX.

2123 3521 2438 3576 meretrices
2491 3530 2547 3574 ct
2603 3530 2917 3587 peccatores
2966 3521 3386 3593 publicanosque
3444 3527 3689 3594 recipiat,

2122 3613 2360 3679 quandiu
2418 3612 2700 3680 impotenti
2736 3621 2907 3667 uestro
2939 3613 3169 3681 percita,
3217 3615 3425 3683 peccati
3473 3616 3692 3685 pelagus

2123 3702 2354 3759 haurio?
2383 3701 2497 3756 Non
2531 3713 2708 3757 manet
2732 3702 2986 3773 juventus
3009 3723 3022 3769 ;
3042 3720 3143 3759 non
3169 3705 3511 3775 pulchritudo
3535 3727 3548 3762 :
3572 3727 3691 3763 nam

2125 3800 2451 3862 praetereunt
2484 3794 2696 3859 omnia;
2748 3804 2937 3849 cuncta
2984 3807 3361 3861 marcescunt,
3428 3797 3695 3868 ﬂoresque

2123 3893 2179 3937 et
2210 3882 2321 3937 lilia
2352 3891 2408 3939 et
2435 3883 2674 3938 vultuum
2728 3886 2952 3954 species.
3015 3888 3153 3953 Quid
3178 3888 3309 3943 mihi
3334 3904 3462 3958 ergo
3488 3892 3698 3945 accidet

2123 3989 2222 4043 pro
2257 3975 2340 4029 his
2380 3990 2500 4045 quae
2530 3975 2673 4031 feci?
2709 3975 2825 4031 Jam
2857 3979 2996 4031 enim
3035 3978 3294 4046 gehennae
3332 3981 3509 4047 ignem
3552 3986 3698 4051 Cogi-

2127 4076 2211 4132 to;
2236 4066 2348 4135 jam
2384 4068 2665 4138 pmnitudo
2700 4069 2937 4123 animum
2968 4071 3213 4139 corripit,
3245 4074 3386 4141 quod
3435 4075 3485 4127 in
3514 4076 3696 4144 perni-

2126 4159 2263 4212 ciem
2298 4159 2696 4214 adoleseentutn
2723 4164 2946 4215 studens
2977 4177 3169 4231 parere
3206 4165 3453 4232 pulchra,
3489 4181 3586 4234 per
3613 4167 3697 4218 vi-

2131 4263 2228 4303 cos
2258 4251 2494 4305 civitatis
2519 4265 2720 4321 perque
2754 4251 2958 4320 plateas
2987 4264 3040 4307 et
3069 4254 3212 4307 bivia
3257 4269 3503 4318 currens,
3533 4257 3698 4324 pedes

2126 4340 2366 4407 quidem,
2395 4350 2542 4408 rete;
2576 4342 2809 4413 linguam
2864 4355 3065 4411 autem,
3116 4360 3366 4416 sagenam
3394 4345 3693 4402 habuerim.

2127 4427 2169 4477 Ο
2203 4441 2364 4495 quam
2392 4429 2587 4484 multos
2609 4430 2832 4485 demulsi
2858 4436 3106 4501 juvenes,
3130 4433 3344 4502 plenum
3369 4435 3699 4504 impudentia

2127 4520 2549 4589 circumquaque
2585 4536 2810 4577 versans
2837 4524 3083 4578 oculum!
3125 4524 3413 4595 Splendide
3442 4528 3584 4582 enim
3608 4544 3698 4583 or-

2130 4620 2249 4664 nata
2280 4612 2334 4665 in
2360 4613 2651 4680 perniciem
2693 4624 3093 4683 spectatorum;
3143 4634 3248 4687 qua
3279 4619 3513 4675 sinuosis
3540 4622 3699 4675 resti-

2132 4702 2268 4756 culis
2291 4702 2554 4773 plexuque
2570 4707 2721 4760 vario
2742 4716 2903 4777 caput
2930 4706 3293 4778 fastigiabam,
3319 4724 3425 4780 qua
3446 4726 3611 4780 vagos
3633 4711 3703 4766 ab

2137 4795 2337 4847 vertice
2362 4795 2541 4850 crines
2569 4811 2599 4850 a
2637 4796 2818 4851 fronte
2854 4798 3121 4853 laxabant.
3169 4799 3501 4872 Quandoque
3520 4815 3700 4859 autem

2135 4886 2479 4940 rubricabam
2513 4903 2714 4959 genas,
2767 4890 3059 4961 oculosque
3129 4893 3291 4948 stibio
3340 4895 3701 4952 sublinebatn.

2133 4975 2466 5048 Quandoque
2494 4982 2657 5035 etiam
2685 4981 3045 5051 lacrym‘arnm
3088 4984 3279 5040 latices
3318 4988 3555 5054 mittens,
3588 4991 3707 5044 aui-

2137 5084 2281 5121 mum
2314 5070 2578 5124 adulatrix
2614 5074 2938 5142 praecipitent
2961 5075 3174 5130 dabam.
3205 5074 3334 5142 Quae
3358 5078 3520 5147 igitur
3547 5081 3599 5133 in
3622 5081 3706 5133 his

2141 5162 2331 5215 luero?
2361 5160 2530 5227 Quem
2557 5164 3030 5221 innumerabilium
3065 5167 3251 5224 isthwc
3284 5170 3591 5225 morborum
3627 5174 3705 5224 in-

2133 5404 2188 5450 et
2228 5394 2340 5449 sola
2400 5408 2562 5465 causa
2601 5392 2909 5463 voluptatis,
2958 5393 3103 5465 nullo
3144 5393 3267 5465 inde
3300 5392 3452 5465 gravi
3508 5393 3707 5446 damno

2132 5465 2381 5533 alicujus.
2415 5493 2486 5503 ——
2517 5464 2570 5516 Id
2600 5479 2732 5517 vero
2766 5475 2923 5533 cattle
2962 5463 3107 5533 legas
3143 5463 3326 5520 velint.

2204 5529 2317 5603 (66)
2381 5534 2767 5600 Ἄπροόπτως.
2817 5531 2980 5586 Deest
3017 5529 3137 5588 llaec
3167 5547 3272 5587 vox
3308 5531 3451 5603 apud
3489 5529 3706 5595 Montf.,

2132 5617 2266 5674 quae,
2288 5616 2462 5658 tamen
2486 5607 2727 5674 apposita
2772 5605 2905 5657 satis
2934 5618 3054 5674 esse
3077 5604 3312 5657 videtur.

2199 5673 2314 5745 (67)
2342 5665 2736 5749 _‘A:tpo(3:ztwg
2783 5672 3005 5749 {ﬁtquc
3062 5674 3500 5749 ᾁποκᾷίγουσα.
3537 5665 3715 5749 .Velut

2129 5742 2469 5813 ittiprOVisos,
2502 5746 2771 5811 quomodo
2810 5742 3066 5796 Davidem
3094 5746 3142 5795 in
3176 5743 3499 5795 adulterium
3537 5742 3713 5804 impu-

2129 5812 2217 5880 lit,
2241 5815 2371 5867 nihil
2405 5813 2669 5882 ejusmodi
2694 5813 3019 5882 cogitantem
3058 5813 3541 5882 intproyisumque,
3575 5820 3713 5859 cut:-

2127 5893 2307 5954 specta
2336 5880 2538 5939 temere
2564 5880 2828 5938 Bethsabe
2851 5880 2932 5951 (ll
2964 5880 3088 5951 Reg.
3126 5898 3202 5945 xi,
3223 5880 3259 5931 2
3294 5886 3457 5947 δαίμ).

3270 5973 3308 6029 3
