4092 6400
540 386 612 445 345
1490 397 1550 455 S.
1591 397 2035 456 AMPHILOCHII
2072 396 2459 471 lCONlENSlS
2494 397 2802 455 EPISCOI’I
3290 408 3293 415 ‘
3701 399 3759 455 76

531 516 745 572 veniam
781 519 1090 573 medicum?
1122 535 1176 572 et
1203 533 1290 574 res
1351 533 1499 574 meas
1545 520 1852 576 hominibus
1888 521 2093 589 dixero,
2125 528 2147 583 Α

2147 521 2306 582 ιτῶν
2355 521 2598 591 ἀπείρων
2647 520 2854 573 τούτων
2903 517 3131 585 παθῶνς
3190 518 3314 573 Ἐὰν
3352 516 3660 589 ἀνθρώποις
3699 522 3763 579 τά

529 609 739 664 inutilis
762 610 893 664 mihi
924 608 1086 664 fuerit
1117 610 1482 680 hujuscemodi
1512 611 1822 679 publicatio.
1842 613 1948 665 Sed
1968 627 2095 665 num

2204 611 2325 664 κατ’
2356 610 2599 681 ἐμαυτὴν
2624 612 2765 663 εἴπω
2785 650 2800 676 ,
2841 610 3125 681 ἀνωφελής
3154 627 3244 680 μοι
3278 609 3489 676 γίνεται
3543 610 3641 678 τῆς
3688 610 3762 679 ἐξ.

526 701 669 755 mala
701 701 1089 756 occultavero?
1128 699 1200 756 At
1256 715 1464 769 nequeo
1523 701 1713 756 latere.
1744 702 1914 768 Quem
1949 705 2094 757 enim

2200 703 2540 772 αγορεύσεως
2569 704 2598 753 ὁ
2627 703 2846 772 τρόπος.
2890 701 3050 756 una
3079 701 3304 771 καλύψω
3329 703 3396 754 τὰ
3421 701 3599 767 κακά;
3639 702 3764 755 Ἀλλ’

528 790 757 857 latnero,
796 792 961 845 Deum
989 790 1156 845 latere
1184 805 1289 846 non
1316 789 1538 843 valens?
1567 788 1685 855 Quo
1714 805 1843 860 ergo
1869 789 2093 858 fugiam,

2199 792 2260 844 οὐ
2287 790 2520 862 δύναμαι
2552 791 2757 844 λαθεῖν.
2788 791 2924 846 Τίνα
2954 791 3065 863 γὰρ
3107 791 3274 855 λάθω,
3311 791 3445 844 Θεὸν
3480 791 3658 844 λαϐεῖν
3697 794 3765 864 μὴ

528 883 614 937 cui
632 882 780 937 omni
807 882 926 937 loco
953 882 1120 953 jndex
1148 882 1429 936 occurrat?
1464 881 1555 937 Ille
1598 882 1812 951 quidem
1849 896 1950 935 non
1978 897 2095 936 ma-

2199 881 2502 953 δυναμένη;
2553 880 2663 935 Ποῦ
2698 877 2792 935 οὖν
2850 882 3038 952 φύγω,
3084 882 3362 953 πανταχοῦ
3391 883 3484 936 τὸν
3520 883 3766 957 δικαστὴν

531 973 793 1037 nifestus;
819 974 914 1028 sed
951 975 1042 1044 qui
1076 974 1216 1028 mala
1263 989 1380 1029 mea
1411 975 1612 1044 ubique
1641 974 1942 1044 redarguat.
1983 973 2095 1029 Una

2199 974 2562 1044 εὑρίσκουσα;
2596 974 2698 1029 Τὸν
2735 975 2811 1045 μὴ
2857 975 3182 1044 φαινόμενον
3230 975 3354 1046 μὲν,
3407 977 3680 1046 πανταχοῦ
3716 977 3768 1031 δὲ

532 1066 664 1120 mihi
692 1081 814 1135 spes
846 1064 1039 1120 salutis
1077 1067 1279 1136 reliqua
1313 1077 1420 1132 est;
1478 1081 1613 1121 unus
1642 1067 1763 1120 vita:
1790 1070 2097 1135 propositus

2199 1061 2545 1132 διελέγχοντα
2579 1080 2680 1133 μου
2702 1063 2771 1117 τὰ
2794 1063 2962 1117 κακά.
2993 1064 3111 1117 Μία
3140 1080 3232 1134 μοι
3258 1066 3533 1135 σωτηρίας
3559 1067 3768 1120 ἀπολεί-

526 1165 887 1220 commeatus,
911 1165 970 1208 ut
992 1155 1247 1209 nimirum
1275 1152 1456 1209 Jesum
1482 1156 1748 1217 noverim,
1776 1163 1832 1207 et
1862 1155 1929 1207 ad
1949 1153 2095 1206 illunt

2201 1170 2361 1207 πεται
2413 1153 2597 1218 ἐλπὶς,
2645 1154 2703 1207 ἐν
2741 1171 2830 1225 μοι
2873 1155 3084 1224 ἐφόδιον
3136 1155 3424 1225 πρόκειται
3465 1156 3642 1227 ζωῆς·
3691 1158 3765 1223 τὸ,

529 1260 836 1301 accurram.
864 1244 967 1310 Qui
994 1244 1138 1299 enim
1161 1243 1473 1313 publicanos
1518 1242 1769 1312 suscipit,
1796 1256 1903 1295 non
1934 1254 2095 1309 repu-

2198 1244 2290 1297 τὸν
2333 1244 2540 1315 Ἰησοῦν
2578 1244 2897 1313 ἐπιγνῶναι,
2940 1245 3036 1298 καὶ
3067 1244 3215 1314 αὐτῷ
3266 1245 3653 1316 προσδραμεῖν.
3714 1248 3768 1300 Ὀ

528 1337 701 1392 diabit
725 1335 1111 1402 meretricem;
1164 1336 1255 1404 qui
1312 1333 1585 1389 communi
1637 1347 1760 1388 cum
1812 1330 2098 1386 Pharisaeis

2198 1334 2308 1405 γάρ
2334 1334 2575 1399 τελώνας
2613 1335 3064 1407 προσδεχόμενος,
3106 1336 3207 1387 οὐκ
3244 1336 3602 1390 ἀπαναίνεται
3645 1337 3769 1409 πόρ-

529 1428 691 1497 epnlo
721 1428 974 1491 comedit,
1027 1428 1347 1496 peccatricis
1393 1426 1664 1495 lacrymas
1713 1439 1821 1479 non
1854 1424 2094 1493 repellet.

2199 1443 2318 1497 νην,
2378 1427 2438 1479 '0
2471 1427 2787 1498 Φαρισαίοις
2817 1428 3146 1493 συνεσθίων,
3181 1430 3243 1483 οὐ
3295 1433 3640 1500 παραιτεῖται
3676 1432 3770 1500 τὴς

530 1519 606 1575 Ut
647 1535 779 1590 ergo
823 1520 1047 1591 cognovi
1091 1520 1374 1574 divertisse
1428 1519 1566 1587 apud
1608 1518 1883 1572 Simonem
1907 1515 2097 1571 Phari-

2201 1518 2528 1588 ἁμαρτωλοῦ
2556 1520 2626 1572 τὰ
2671 1519 2900 1591 δάκρυα.
2960 1520 3115 1572 Ἐπεὶ
3149 1516 3243 1573 οὖν
3276 1520 3484 1590 ἔγνων,
3512 1522 3587 1586 ὡς
3628 1523 3771 1593 παρὰ

527 1626 719 1675 etcum,
753 1611 820 1665 ad
851 1611 997 1665 illum
1027 1610 1303 1665 accedam.
1336 1609 1473 1676 Quid
1502 1624 1634 1664 vero
1699 1609 1966 1664 accedens
2000 1623 2096 1678 pe-

2199 1608 2405 1680 Σιμῶνι
2433 1610 2712 1681 Φαρισαίῳ
2733 1612 3054 1679 κατάγεται,
3077 1612 3252 1682 τούτῳ
3279 1614 3582 1685 προσέλθω.
3621 1614 3774 1668 Ἀλλὰ

527 1701 675 1755 tam?
702 1699 838 1754 Num
868 1699 1149 1755 oculorum
1176 1699 1503 1753 sanitatem?
1531 1700 1600 1751 At
1630 1706 1715 1753 est
1745 1708 2095 1768 temporanea

2196 1700 2250 1754 τί
2280 1702 2486 1772 αἰτήσω
2516 1701 2920 1773 προσελθοῦσα;
2964 1704 3291 1775 Ὀφθαλμῶν
3325 1705 3573 1773 ὑγίειαν;
3620 1706 3774 1760 Ἀλλὰ

525 1792 725 1861 gratia.
750 1791 888 1847 Num
936 1807 967 1847 a
1018 1792 1209 1847 morbo
1246 1791 1501 1846 liberari?
1541 1792 1757 1857 Verum,
1788 1804 1977 1860 parum
2013 1798 2097 1845 est
2128 1862 2141 1867 _

2156 1862 2167 1867 _
2200 1793 2534 1865 πρόσκαιρος
2567 1795 2601 1865 ἡ
2637 1793 2820 1864 χάρις.
2866 1794 3043 1847 Νόσου
3082 1794 3438 1867 άπαλλαγήν;
3490 1796 3653 1849 Ἀλλὰ
3686 1814 3772 1867 μι-

526 1885 667 1952 quod
691 1898 757 1939 eo
780 1888 1070 1938 coniicitur
1119 1901 1132 1936 :
1183 1899 1330 1937 mors
1395 1884 1541 1937 enim
1577 1893 1799 1949 aeterna,
1846 1862 2142 1952 praesentil

2156 1862 2332 1958 Ιχρὸν
2376 1862 2456 1937 τὸί
2482 1862 2813 1955 κατόρθωμα
2837 1901 2852 1916 ’
2893 1887 2922 1939 ό
2964 1886 3072 1957 γάρ
3117 1862 3336 1951 αἰώνιος
3361 1862 3373 1867 τ
3405 1888 3636 1952 θάνατος
3683 1862 3772 1942 τοῦ

526 1979 743 2049 gravior
789 1987 891 2032 est.
942 1975 1149 2031 Cuncta
1203 1975 1449 2029 omittam
1498 1990 1619 2044 qua:
1657 1984 1785 2029 sunt
1820 1973 2094 2045 corporis;

2195 1977 2462 2047 παρόντος
2514 1977 2633 2029 ἐστὶ
2690 1975 3010 2050 βαρύτερος.
3056 1979 3244 2032 Πάντα
3296 1981 3533 2051 παρήσω
3579 1980 3650 2033 τὰ
3682 1980 3775 2034 τοῦ

436 2064 444 2071 ’
525 2073 694 2127 solam
720 2071 914 2125 anima:
939 2070 1228 2124 Sanitatem
1260 2070 1553 2139 requiram.
1608 2066 1780 2122 Unam
1827 2066 1971 2121 enim
1997 2067 2048 2120 in

2197 2067 2471 2140 σώματος.
2508 2069 2583 2124 Τὸ
2624 2069 2683 2123 δὲ
2723 2070 2827 2140 τῆς
2857 2069 3040 2140 ψυχῆς
3072 2071 3392 2143 ἐπιζητήσω
3429 2075 3586 2143 ἱαμα.
3633 2074 3774 2127 Μίαν

526 2162 873 2232 pendentium
901 2158 1167 2214 malorum
1189 2157 1613 2213 consolationem
1644 2156 1911 2210 inveniam
1933 2171 1950 2222 ;
1969 2155 2095 2208 dum

2194 2158 2306 2231 γὰρ
2338 2160 2555 2231 εὑρήσω
2579 2159 2734 2214 λύσιν
2760 2160 2869 2213 τῶν
2896 2161 3295 2232 ἐπηρτημένων
3323 2163 3529 2227 κακῶν,
3555 2163 3655 2215 ἐὰν
3688 2163 3777 2217 τὸν

525 2254 715 2307 videro
736 2252 974 2321 judicent
1001 2265 1017 2304 :
1057 2250 1182 2305 dum
1211 2263 1660 2319 prmoccupavero
1706 2255 1916 2317 tempus
1941 2247 2099 2316 puni-

2194 2250 2456 2323 δικαστὴν
2487 2251 2581 2305 ἴδω
2604 2292 2619 2317 ,
2646 2252 2742 2306 ἐὰν
2785 2252 3043 2324 προλάϐω
3072 2253 3169 2323 τῆς
3214 2253 3489 2317 κολάσεως
3531 2254 3625 2307 τὸν
3663 2271 3779 2307 και-

527 2347 715 2403 tionis.
742 2344 1065 2402 Emulabor
1095 2343 1282 2398 Rabab
1326 2341 1667 2397 meretricem
1703 2341 1725 2373 ⁸
1759 2358 1775 2394 :
1804 2354 2099 2410 persequar

2198 2344 2311 2415 ρόν.
2337 2345 2666 2415 Μιμήσομαι
2701 2344 2871 2398 Ῥαὰϐ
2890 2344 2988 2415 τὴν
3015 2345 3243 2416 πόρνην,
3272 2346 3372 2416 τῆς
3398 2346 3659 2415 γυναικὸς
3689 2346 3776 2400 τὸν

528 2440 773 2496 mulieris
798 2437 942 2493 illius
988 2449 1168 2490 mores
1199 2434 1489 2489 studiosos.
1527 2430 1671 2487 Nihil
1714 2433 1910 2502 quippe
1958 2430 2098 2485 Deus

2197 2434 2453 2506 ἐνάρετον
2485 2432 2798 2505 μεταδιώξω
2839 2436 3042 2506 τρόπον
3065 2453 3079 2467 ·
3112 2436 3267 2489 οὐδὲν
3300 2436 3408 2508 γὰρ
3457 2437 3586 2508 παρ’
3622 2436 3777 2507 ἡμῶν

526 2547 557 2586 a
596 2531 753 2588 nobis
781 2530 927 2586 aliud
955 2528 1206 2600 requirit,
1227 2525 1774 2599 quamlmutationem
1817 2524 2095 2594 propositi.

1974 2524 2095 2578 isiti.
2195 2525 2325 2580 ἄλλο
2356 2526 2602 2597 βούλεται
2628 2527 2779 2592 Θεὸς,
2807 2526 2840 2598 ἢ
2871 2527 3096 2599 γνώμης
3125 2528 3425 2599 ἐναλλαγήν
3455 2528 3590 2599 (68).

601 2621 685 2677 Vl.
722 2620 858 2678 Cum
887 2625 1001 2677 hac
1031 2620 1119 2691 pie
1148 2618 1515 2688 dispexisset,
1566 2617 1913 2686 animumque
1938 2618 2004 2671 ad
2036 2617 2099 2672 ti-

2269 2616 2337 2687 ς’
2345 2618 2549 2674 ,Ταῦτα
2581 2619 2820 2684 εὐσεϐῶς
2835 2620 3240 2693 διασκεψαμένη
3273 2624 3407 2692 (69),
3428 2623 3521 2676 καὶ
3546 2623 3650 2693 τὴν
3666 2622 3781 2676 διά-

525 2714 650 2769 dem
678 2712 1023 2768 inunxisset:
1085 2710 1494 2781 superingressa
1524 2718 1610 2764 est
1638 2709 1728 2764 ubi
1772 2710 2099 2781 accubuerat

2195 2727 2344 2765 νοιαν
2374 2711 2510 2781 πρὸς
2538 2711 2720 2765 πίστιν
2754 2711 3114 2782 ἐπαλείψασα,
3147 2714 3529 2783 ἐπεισέρχεται
3557 2716 3639 2786 τῷ
3675 2716 3779 2785 Ἰη-

525 2804 707 2870 Jesus,
738 2812 1013 2873 assumpta
1044 2804 1098 2857 in
1125 2801 1470 2856 occasionem
1495 2800 1765 2857 libertatis
1801 2801 1966 2872 priori
1992 2801 2096 2854 im-

2198 2800 2293 2855 σοῦ
2332 2802 2464 2856 ὅπου
2490 2800 2757 2867 ἀνέκειτο,
2784 2801 2882 2874 τὴν
2911 2803 3184 2874 προτέραν
3224 2804 3496 2860 ἀναίδειαν
3526 2806 3606 2868 εἰς
3643 2806 3779 2859 ὑπο-

524 2897 805 2966 pudentia.
846 2895 912 2950 Et
940 2893 1017 2949 illi
1069 2891 1286 2963 quidem
1318 2890 1450 2945 nihil
1499 2890 1775 2961 loquitur,
1827 2907 1950 2947 nam
1990 2907 2096 2947 non

2197 2891 2346 2945 θεσιν
2383 2892 2696 2963 παρρησίας
2733 2890 2996 2947 λαϐοῦσα.
3032 2893 3145 2947 Καὶ
3186 2893 3335 2963 λέγει
3381 2894 3481 2964 μὲν
3506 2894 3663 2965 αὑτῷ
3689 2893 3782 2947 οὑ-

526 2988 794 3044 audebat:
822 2993 1044 3041 noverat
1096 2982 1265 3044 enim,
1324 2998 1429 3035 non
1475 2995 1613 3052 opus
1641 2996 1760 3037 esse
1789 2996 2095 3036 sermonum

2195 2982 2285 3038 δέν
2306 2999 2321 3014 ·
2353 2984 2415 3037 οὐ
2446 2983 2556 3056 γὰρ
2590 2983 2792 3055 ἐτόλμα
2812 3002 2825 3014 ο
2863 2983 2979 3055 ᾔδει
3006 2985 3116 3057 γὰρ
3161 2986 3237 3049 ὡς
3280 2988 3311 3039 ὁ
3358 2985 3467 3039 τῶν
3499 2986 3782 3057 λογισμῶν

528 3077 853 3147 inspectauti
881 3075 1260 3145 cogitationes.
1318 3073 1456 3140 Quid
1503 3073 1646 3126 enim
1701 3075 1881 3127 omnia
1906 3073 2094 3129 scienti

2197 3073 2391 3145 ἔφορος
2438 3073 2498 3126 οὐ
2552 3072 2724 3127 δεῖται
2777 3073 2968 3142 λόγων.
3029 3075 3094 3128 Τί
3144 3075 3251 3146 γὰρ
3302 3077 3479 3129 εἰπεῖν
3526 3072 3646 3146 εἶχε
3702 3075 3781 3147 τῷ

527 3176 742 3240 poterat
772 3167 993 3223 dicere?
1018 3166 1168 3233 Quod
1198 3165 1554 3236 peccaverat?
1587 3164 1743 3233 Quod
1772 3164 1936 3219 multa
1969 3179 2094 3234 per-
2121 3213 2143 3270 (

2197 3164 2377 3218 πάντα
2398 3164 2594 3229 alboet;
2619 3165 2742 3218 Ὅτι
2768 3166 3048 3237 ἤμαρτεν;
3083 3166 3204 3219 ὐτι
3236 3167 3444 3220 πολλῶν
3472 3168 3662 3221 κακῶν
3693 3169 3784 3237 ἐρ-

528 3269 767 3330 petrarat
827 3260 1009 3314 mala?
1066 3258 1217 3325 Quod
1248 3257 1528 3327 deperiens
1562 3297 1578 3323 ,
1638 3265 1694 3312 et
1761 3257 2095 3327 deperitione
2125 3255 2144 3270 ‘

2138 3255 2165 3270 ’⁵
2196 3256 2369 3326 γάτης
2402 3255 2655 3325 γέγονεν,
2681 3258 2806 3311 Ὀτι
2834 3257 3018 3328 ἐρῶσα
3050 3260 3145 3311 καὶ
3170 3258 3422 3329 ἐρωμένη
3449 3258 3545 3330 τὴν
3572 3259 3754 3330 πάνδη

528 3361 730 3419 aurata,
760 3344 1132 3421 populi'tmius
1159 3347 1485 3416 voluptatem
1516 3346 1764 3403 foverat?
1800 3349 1963 3402 Erant
1982 3348 2096 3404 haec

2199 3367 2299 3421 μον
2343 3349 2536 3421 ἡδονὴν
2570 3349 2943 3420 ἐθεράπευσε;
2994 3348 3181 3403 Ταῦτα
3220 3350 3341 3421 Θεῴ
3381 3350 3516 3420 δῆλα
3559 3346 3664 3422 ἦν,
3717 3350 3781 3405 οὒ

528 3445 639 3498 Deo
678 3454 825 3508 nata,
862 3457 966 3496 non
998 3430 1200 3495 tantum
1239 3455 1360 3494 cum
1405 3440 1616 3504 tierent,
1672 3439 1764 3493 sed
1796 3449 1850 3493 et
1888 3455 2008 3494 cum
2040 3440 2096 3493 in

2197 3439 2547 3511 πραττόμενα
2583 3440 2764 3510 μόνον,
2794 3439 2930 3493 ἀλλὰ
2956 3441 3050 3494 καὶ
3073 3442 3130 3494 ἐν
3148 3440 3226 3513 τῷ
3255 3443 3447 3513 άφάνῳ
3472 3443 3571 3513 τῆς
3595 3444 3782 3514 ψυχῆς

522 3535 738 3590 occulto
776 3533 938 3587 animi
988 3531 1231 3587 cOnclavi
1286 3531 1639 3586 nudarentur.
1700 3530 1890 3585 Sciens
1916 3532 2098 3600 itaque

2198 3528 2566 3601 βουλευτηρίῳ
2592 3530 2965 3602 γυμνούμενα.
2993 3532 3179 3585 Εἰδυῖα
3200 3528 3293 3586 οὖν
3322 3533 3398 3596 ὡς
3432 3534 3610 3587 πάντα
3643 3531 3783 3599 οἶδε,

526 3626 671 3695 quod
707 3631 901 3678 cuncta
941 3616 1145 3681 nosset,
1174 3635 1277 3674 nec
1306 3634 1429 3674 eum
1479 3621 1772 3689 quidquam
1805 3628 1989 3689 posset
2015 3619 2096 3672 la-

2197 3622 2292 3674 xat
2334 3620 2517 3674 λαθεῖν
2570 3621 2731 3676 αὑτὸν
2787 3622 3012 3676 δύναται
3063 3623 3213 3676 οὐδὲν
3237 3664 3255 3688 ,
3305 3624 3460 3697 Θυροῖ
3516 3626 3616 3695 μὲν
3680 3626 3785 3696 τὴν

526 3728 643 3772 tere
668 3730 685 3769 :
715 3715 950 3782 linguam
980 3713 1197 3786 quidem
1226 3712 1374 3766 velut
1396 3710 1607 3766 foribus
1637 3710 1834 3777 munit,
1860 3711 2099 3779 loquitur

2195 3710 2448 3778 γλῶσσαν
2467 3750 2482 3774 ,
2511 3711 2660 3765 λαλεῖ
2689 3711 2747 3765 δὲ
2786 3715 2899 3776 τοῖς
2929 3712 3181 3783 δάκρυσι.
3211 3713 3415 3770 Στᾶσα
3441 3715 3571 3786 γὰρ,
3603 3717 3750 3788 φησὶ
3767 3755 3784 3780 ,

526 3821 658 3861 vero
688 3796 961 3883 lacrymis.
984 3802 1167 3867 Stans,
1194 3802 1362 3863 enim,
1396 3801 1588 3868 inquit,
1615 3815 1763 3855 secus
1786 3800 1937 3868 pede:
1957 3799 2095 3870 ejus,

2196 3803 2355 3871 παρὰ
2383 3803 2526 3869 τοὺς
2556 3804 2746 3871 πόδας
2785 3804 2893 3859 τοῦ
2934 3806 3137 3873 Ἰησοῦ
3156 3845 3171 3869 ,
3217 3810 3515 3861 κλαίουσα
3550 3807 3786 3875 ἤρξατο

490 3901 680 3969 tﬂem,
741 3897 890 3965 capit
938 3896 1111 3966 rigare
1153 3893 1398 3962 lacrymis
1433 3892 1586 3959 pedes
1618 3892 1757 3962 ejus.
1807 3891 2093 3959 Caeterum,

2189 3893 2438 3964 ,βρέχειν
2466 3895 2610 3963 τοὺς
2638 3895 2829 3962 πόδας
2868 3896 3055 3951 αὑτοῦ
3093 3896 3219 3961 τοῖς
3256 3896 3569 3965 δάκρυσιν.
3638 3898 3785 3952 Ἀλλ’

522 3972 844 4061 quanquam
889 3984 997 4043 nun
1059 3984 1381 4055 loquebatur
1418 3982 1635 4053 lingua;
1682 3991 1737 4038 at
1762 3983 2096 4040 inenarrabi-

2196 3988 2249 4040 εἰ
2285 3987 2379 4041 καὶ
2408 3988 2483 4058 μὴ
2506 3989 2572 4059 τῇ
2609 3986 2831 4059 γλώσσῃ
2860 3987 3061 4051 ἐλάλει,
3112 3987 3248 4041 ἀλλὰ
3286 3992 3611 4059 στεναγμοῖς
3646 3991 3790 4043 ἁλα-

526 4080 652 4136 liter
682 4079 704 4110 '
754 4088 1011 4151 mutoque
1059 4076 1220 4130 modo
1265 4074 1587 4143 loquebatur
1641 4071 1965 4141 gemitibus;
2000 4088 2098 4129 cor

2196 4077 2379 4148 λήτοις
2418 4079 2531 4149 (70)
2561 4078 2890 4149 ἐφθέγγετο,
2932 4078 3026 4132 τὸν
3057 4079 3393 4151 συντριμμὸν
3424 4081 3523 4149 τῆς
3546 4080 3789 4148 καρδίας

525 4174 823 4230 contritum
882 4162 1180 4247 inﬂectens,
1211 4175 1555 4235 peccatorum
1611 4165 1948 4234 trimnphans
1992 4182 2095 4219 nu-

2196 4168 2594 4247 ἐκκάμπτουσα
2614 4209 2629 4233 ,
2665 4169 2726 4222 τὸ
2759 4169 2964 4239 πλῆθος
2996 4170 3103 4224 τῶν
3147 4169 3433 4242 ἁμαρτιῶν
3471 4170 3790 4242 θριαμϐεύ-

526 4256 793 4324 merosam
829 4242 1262 4324 multitudinem;
1300 4259 1531 4313 absonas
1578 4267 1872 4329 turpesque
1892 4260 2099 4329 cogita-

2195 4242 2364 4315 ουσα)
2418 4261 2544 4325 τοὺς
2591 4261 2825 4324 ἀτόπους
2863 4262 3188 4332 λογισμοὺς,
3227 4263 3325 4326 τὰς
3367 4263 3582 4329 ἐναγεῖς
3618 4264 3792 4317 ἐνθυ-

528 4361 722 4427 tiones,
750 4346 1113 4412 etsecrandas
1141 4353 1487 4423 cupiditates,
1546 4352 1790 4407 actiones
1812 4352 2095 4422 profanas,

2200 4354 2429 4425 μήσεις,
2496 4354 2595 4416 τὰς
2647 4352 2908 4424 βεϐήλους
2963 4354 3212 4425 πράξεις,
3267 4355 3365 4418 τὰς
3426 4356 3791 4426 παρανόμους

525 4452 792 4520 colloquia
834 4449 1016 4517 iniqua
1044 4446 1348 4501 traducens.
1377 4443 1590 4498 Nullum
1618 4442 1882 4512 siquidem
1916 4454 2097 4511 patra-

2195 4445 2410 4514 ὁμιλίας
2436 4445 2860 4516 ὲκπομπεὺουσα
2880 4462 2892 4475 ⁸
2918 4445 3069 4497 οὐδὲν
3092 4446 3200 4517 γὰρ
3218 4441 3285 4517 ἦν
3311 4446 3416 4499 τῶν
3449 4446 3794 4517 πεπραγμέ-

528 4549 612 4594 rat
644 4539 866 4602 malum,
896 4535 1039 4607 quod
1067 4551 1170 4589 non
1222 4535 1479 4605 lacrymis
1519 4536 1635 4588 dire
1688 4534 2090 4590 lamentaretur.
2123 4541 2144 4596 ]

2196 4556 2303 4593 νων
2340 4539 2476 4608 αὐτῇ
2516 4538 2723 4601 κακῶν,
2763 4537 2791 4590 ὃ
2829 4538 2903 4609 μὴ
2925 4538 3184 4609 δάκρυσιν
3210 4538 3580 4610 ἐξετραγῲδει.
3617 4539 3795 4610 ’ῌδει

531 4628 747 4684 Sciebat
768 4631 908 4683 enim
945 4643 1064 4696 quae
1088 4618 1462 4685 conﬁteretur.
1513 4624 1768 4680 oblivioni
1799 4627 2093 4683 tradenda:

2197 4630 2307 4702 γὰρ
2341 4631 2424 4683 ὅτι
2460 4623 2533 4682 ῶν
2576 4629 2872 4700 ὡμολόγει,
2920 4630 3019 4701 τὴν
3074 4630 3381 4700 ἀμνηστίαν
3429 4628 3788 4700 ἐλάμϐανεν⁶

477 4724 507 4737 ⁵·
529 4720 658 4775 Dixi
673 4722 837 4785 enim,
864 4722 1055 4790 inquit,
1082 4703 1359 4789 Proferam
1383 4717 1655 4771 adversum
1676 4733 1758 4770 me
1782 4717 2093 4786 injustitiam

2189 4718 2348 4776 Εἷπα
2371 4721 2501 4793 γὰρ,
2525 4722 2710 4792 φησὶν,
2746 4721 3156 4791 Ἐξαγορεύσω
3181 4721 3306 4775 κατ’
3331 4722 3476 4789 ἐμοῦ
3502 4722 3615 4788 τὴν
3642 4724 3796 4777 ἀνο-

529 4828 698 4866 meam
728 4813 985 4865 Domino:
1020 4820 1069 4864 et
1116 4820 1176 4863 tu
1228 4809 1476 4863 remisisti
1537 4809 1855 4875 impietatem
1894 4811 2091 4878 peccati

2189 4814 2340 4883 μίαν
2363 4832 2482 4884 μου
2503 4812 2584 4879 τῷ
2604 4814 2819 4882 Κυρίῳ,
2846 4815 2944 4867 καὶ
2973 4814 3055 4868 σὺ
3085 4813 3326 4883 ἀφῆκας
3356 4815 3472 4883 τὴν
3490 4815 3795 4869 ἀσέϐειαν

529 4904 715 4961 mei“.
774 4900 887 4958 Nec
914 4903 993 4957 sic
1054 4909 1259 4955 tantum
1311 4897 1744 4954 inenarrabiliter
1771 4898 2092 4967 loquebatur

2197 4900 2304 4968 τῆς
2354 4902 2600 4972 καρδίας
2636 4920 2777 4971 μου.
2808 4902 2918 4957 Καὶ
2957 4904 3018 4955 οὐ
3054 4904 3212 4972 μόνον
3250 4902 3530 4974 ἁλαλήτως
3576 4903 3798 4975 ἐφθέγ-

646 5040 908 5103 Jos.-tt,i.
983 5037 1189 5092 9Rom.
1217 5052 1331 5100 vm,
1359 5036 1443 5087 26.
1525 5036 1568 5067 '°
1599 5033 1741 5089 Psal.
1781 5052 1931 5101 xm,
1968 5037 2020 5091 5.

598 5171 710 5242 (68)
742 5174 820 5225 ’Ἡ
834 5186 1067 5240 τινωμης
1088 5166 1451 5242 ἐναλλαγήν,
1476 5166 1550 5220 lla
1581 5183 1647 5222 ex
1670 5168 1973 5242 vinomittis
2003 5184 2092 5223 εο-
2196 5185 2214 5223 ι

1744 5168 1973 5242 nominis
2003 5184 2092 5223 εο-
2196 5169 2467 5242 rissimum
2500 5170 2622 5221 vita:
2650 5184 2817 5242 genus
2841 5170 3090 5242 arripuit,
3111 5170 3351 5242 vixitque

527 5238 621 5298 nat
643 5238 703 5295 τδ
742 5238 1015 5311 μετάνοιαι
1044 5250 1099 5293 et
1126 5240 1267 5311 quod
1299 5238 1822 5311 multisnostratibus
1841 5238 2088 5311 crebrum

1731 5239 1822 5290 bus
1841 5238 2088 5311 crebrum
2265 5240 2375 5311 (Q9)
2400 5240 2686 5311 Διασκεψ.
2718 5239 2857 5311 Edit.
2880 5240 3069 5311 Montl‘.
3095 5238 3347 5311 ἐπισκεψ.

526 5323 630 5377 est,
654 5305 1027 5380 lteiipiscientia
1051 5324 1069 5361 :
1093 5305 1249 5380 cujus,
1272 5317 1449 5380 tamen
1483 5307 1599 5361 loco
1628 5306 1825 5380 ubique
1846 5305 1972 5380 fere
1987 5307 2088 5361 Pa-
2264 5305 2378 5380 (ἶο)
2405 5305 2776 5374 Ἀλαλήτοις.
2801 5309 3197 5378 Velutpassive,
3217 5305 3369 5378 juita
3384 5309 3524 5380 quod
3539 5313 3798 5377 exponi—

532 5374 706 5436 tribus
727 5374 831 5447 est,
863 5374 1197 5432 Pwnitentia.
1227 5376 1399 5447 Alline
1424 5378 1667 5447 estquod
1692 5374 1888 5429 Paulus
1909 5374 2081 5446 (Rom.
2191 5374 2281 5432 tur
2301 5374 2456 5434 Rom.
2492 5394 2606 5440 vm,
2632 5380 2720 5442 26,
2746 5394 2852 5447 quo
2874 5391 2928 5434 et
2944 5374 3153 5435 videtur
3174 5374 3417 5434 alludere
3430 5374 3796 5447 :qttattquam

526 5460 583 5509 et
608 5450 752 5520 Gal.)
775 5446 1031 5520 praedicat
1050 5449 1117 5502 de
1143 5447 1272 5520 lide,
1292 5446 1561 5520 velutuna
1592 5446 1718 5520 sine
1746 5447 1995 5520 operibus
2017 5449 2083 5499 ad
2190 5459 2371 5516 posset
2411 5450 2587 5501 active
2603 5446 2775 5520 sumi,
2800 5459 2856 5501 ut
2886 5460 3031 5503 esset
3076 5449 3218 5503 velut
3238 5459 3377 5504 mute
3394 5467 3456 5502 ac
3480 5446 3588 5504 sine
3614 5446 3760 5506 uoce
3782 5469 3799 5483 ο

527 5515 791 5579 ιαιυιθιὴ’
818 5517 1044 5573 sulﬁciat
1080 5535 1092 5569 :
1122 5518 1286 5588 quasi
1321 5515 1783 5588 nimirum_radix_,
1814 5515 1878 5567 ad
1929 5531 2090 5583 quam
2186 5515 2294 5585 quo
2332 5521 2493 5571 etiam
2533 5520 2689 5572 modo
2736 5518 2873 5571 torte
2904 5521 3080 5587 aptius
3095 5530 3277 5573 essent
3298 5522 3349 5572 in
3383 5520 3625 5588 sequenti
3673 5542 3688 5575 :
3722 5521 3801 5577 οὐ

529 5593 576 5647 si
593 5601 673 5646 est
697 5590 957 5661 perlecta,
983 5584 1210 5640 debeant
1236 5585 1322 5640 illa
1351 5585 1603 5661 consequi
1635 5599 1731 5652 pro
1755 5584 1871 5636 loco
1884 5592 1937 5637 et
1958 5594 2092 5638 tem-

2188 5588 2348 5658 μόνον
2379 5584 3026 5661 ὰλαλήτωςᾼέφοέγγετο,
3057 5590 3144 5643 ubi
3163 5659 3169 5661 Α
3190 5598 3364 5643 tamen
3402 5584 3478 5643 ob
3499 5603 3799 5646 consecu-

528 5676 680 5731 pore.
697 5656 807 5715 ’Sic
844 5667 991 5731 certe
1026 5667 1211 5710 nostra
1254 5656 1547 5731 peccatrix,
1572 5669 1681 5731 uolt
1723 5663 1939 5731 titulum
1972 5669 2089 5706 mu-
2184 5656 2384 5731 tionem
2436 5656 2720 5731 locutionis
2756 5659 3102 5731 reddidimus,
3154 5659 3599 5731 inenarrabiliter,
3654 5664 3801 5731 iud-

530 5722 664 5784 iavit
694 5730 1062 5799 propositum;
1097 5722 1278 5799 verum
1326 5724 1486 5799 etiam
1512 5724 1762 5799 adhibuit
1795 5722 2086 5799 lacrymas,
2176 5725 2362 5794 juncta
2418 5728 2713 5795 particula,
2766 5726 2855 5781 Sic
2898 5741 2917 5781 :
2982 5729 3050 5784 ad
3092 5728 3382 5797 quamdam
3430 5722 3801 5786 determina-

529 5810 585 5854 et
610 5794 770 5867 pedes
796 5794 1093 5853 dominicos
1125 5796 1386 5863 obsequio
1422 5794 1550 5848 fovit
1583 5811 1594 5845 :
1631 5795 1950 5862 tandemque
1984 5794 2085 5846 du-
2187 5798 2413 5851 tionem.

2673 5952 2741 5968 -.Ι
