4092 6462
328 379 383 440 Π
1359 398 1612 457 ORATIO
1635 397 1716 455 .IN
1756 397 2113 455 MULIEREM
2146 397 2648 459 PECCATRICEM.
3575 406 3642 463 7s

333 538 467 593 ἵετο.
504 530 637 591 τοῖς
690 537 1083 605 στεναγμοῖς
1130 535 1227 607 τῆς
1265 537 1481 608 καρδίας
1521 536 1844 591 δυσωποῦσα
1878 536 1970 590 τὸν

2087 515 2256 569 cordis
2285 516 2684 586 gemitibusque
2722 533 2956 575 exorans
2989 519 3309 575 Dominum:
3334 522 3426 577 sed
3464 532 3518 577 et
3550 524 3646 579 Ita-

344 567 467 593 .--⁷,
520 567 634 591 'V“
691 567 1081 605 υὺςΐυιξμυις
1130 567 1224 607 ὐΙιδ
1266 567 1479 608 ιωρυιιις,
1521 567 1844 591 υυυωίιυυυυ.
1878 567 1970 590 ἰυν

338 617 567 690 Κύριονο
618 622 780 677 ἀλλὰ
810 628 922 680 καὶ
962 630 1224 700 σχήματι
1254 630 1313 684 τὸ
1339 631 1435 700 τῆς
1470 630 1758 701 μετανοίας
1814 647 1971 701 περι-

2087 606 2192 659 bitu
2219 567 2550 673 pa§uitentiae
2581 567 3038 678 pulchritudinem
3062 613 3438 668 adumbrabat.
3470 613 3645 682 Luge-

346 704 545 778 ἑγραιξε
575 709 826 775 κάλλος.
877 693 1198 789 Ἐδάκρύσε
1214 719 1333 789 μὲν,
1458 693 1627 772 πολλά
1656 693 1930 788 γελάσασα
1951 736 1969 753 ο

2087 694 2169 749 bat
2195 696 2433 764 quidem,
2471 698 2618 752 velut
2661 714 2782 768 quae
2820 701 3046 754 multum
3096 702 3324 769 risisset,
3382 704 3539 759 bonis
3569 704 3647 758 la-

354 800 459 861 τοῖς
504 799 709 863 καλοῖς
762 803 1026 876 δάκρυσι
1058 785 1152 860 τὸν
1179 785 1337 863 κακὸν
1367 785 1707 863 ὲκπλύνουσα
1738 809 1968 877 γέλωτα·

2087 785 2281 854 crymis
2313 787 2499 842 eluens
2527 789 2727 843 malum
2772 791 2973 859 risum;
3004 792 3284 847 oculorum
3338 808 3466 849 vero
3490 797 3646 850 stillis

366 891 480 952 ταῖς
508 890 565 942 δὲ
599 894 802 962 ῥανίσι
841 896 962 950 τῶν
1028 898 1316 970 ὀφθαλμῶν
1350 901 1442 954 τὸν
1471 900 1580 955 τῶν
1608 900 1852 972 παρειῶν
1882 900 1971 952 ὲκ-

2087 875 2331 931 abluebat
2356 893 2613 946 genarum
2634 885 2862 936 sordes:
2904 892 2962 937 ut
2990 884 3043 937 iu
3080 887 3276 954 quibus
3302 899 3643 956 peccaverat,

383 981 644 1036 πλύνωσα
682 985 907 1055 ῥύπονο
939 988 1033 1043 ἶνα
1066 991 1125 1043 ἐν
1152 985 1230 1053 οἷς
1254 991 1498 1061 ἥμαρτεν
1515 1032 1530 1056 ,
1559 994 1617 1045 ὲν
1641 991 1849 1056 τούτοις
1878 991 1973 1045 καὶ

394 1073 801 1145 ἀπολογήσηται
823 1096 839 1109 '
879 1082 942 1133 ὲν
972 1077 1056 1144 οἷς
1090 1082 1383 1153 ὴνόμησεν,
1418 1084 1476 1136 ἐν
1510 1084 1718 1147 τούτοις
1756 1084 1847 1136 τὸν
1886 1101 1974 1137 νο-

405 1161 616 1234 μοθέτην
668 1167 1067 1239 ὲξιλεῶσηται.
1124 1172 1330 1243 Ὥσπερ
1368 1173 1476 1244 γὰρ
1518 1171 1617 1244 τὴν
1667 1173 1853 1242 κοίτην
1903 1173 1971 1243 ἢν

403 1255 675 1326 ὲκῧέσμως
704 1260 944 1329 ὲμόλυνε
979 1264 1284 1335 συμπλοκῇ,
1321 1265 1581 1338 δάκρυσιν
1611 1266 1917 1319 ἀπέπλυνεν
1942 1268 1971 1319 ὁ

402 1347 588 1401 Δαϐίδ·
641 1352 867 1405 Λούσω
922 1354 1052 1425 γὰρ,
1101 1358 1254 1427 φησὶ,
1294 1358 1420 1413 καθ’
1469 1357 1734 1427 ἑκάστην
1784 1360 1972 1413 νύκτα

399 1439 515 1507 τὴν
540 1443 755 1511 κοίτην
771 1463 893 1513 μου
912 1464 926 1477 ·
953 1447 1025 1501 ἐν
1052 1447 1310 1516 δάκρυσί
1332 1446 1453 1520 μού
1499 1451 1616 1519 τὴν
1653 1451 1972 1520 στρωμνήν

392 1549 517 1599 μου
550 1533 754 1602 ,ϐρέξω
780 1551 793 1563 ·
822 1535 966 1591 οὕτω
994 1539 1087 1592 καὶ
1113 1538 1250 1611 αὕτη
1270 1557 1286 1572 ο
1319 1540 1387 1594 δι’
1425 1535 1500 1595 ὧν
1526 1541 1817 1613 ὀφθαλμῶν
1845 1544 1971 1597 πολ-

397 1623 529 1687 λοὺς
580 1626 692 1679 τῶν
751 1628 887 1683 νέων
937 1632 1017 1694 είς
1054 1631 1345 1686 ἀκολασίαν
1401 1634 1664 1705 ύπέσυρε,
1720 1634 1972 1707 δακρύων

394 1716 602 1782 ἀφεῖσα
626 1720 830 1787 πηγὰς,
853 1720 942 1773 τὸν
966 1721 1263 1779 δύσπλυτον
1284 1726 1382 1795 τῆς
1410 1727 1679 1798 ἁμαρτίας
1699 1727 1970 1781 ἀπέπλυνε

395 1807 607 1876 ῥύπον,
638 1808 779 1881 αῦτη
802 1812 965 1882 ἑαυτῇ
996 1813 1217 1886 λοῦτρον
1243 1818 1527 1887 μετανοίας
1555 1818 1968 1891 προϐαλλομένη
2010 1867 2050 1922 Β

392 1899 471 1950 τὰ
509 1899 743 1971 δάκρυα.
784 1901 865 1955 Τά
896 1903 993 1972 μὲν
1020 1904 1127 1976 γὰρ
1155 1905 1365 1979 δάκρυα
1396 1908 1472 1973 ὡς
1506 1908 1650 1981 ὕδωρ
1678 1909 1816 1964 αὐτὰ
1840 1927 1980 1982 παρ-

389 1991 551 2059 εῖχεθ
599 1991 701 2061 τὴν
743 1992 802 2045 δὲ
845 1993 1034 2062 ἄφεσιν
1077 1996 1325 2067 ἀοράτως
1372 1998 1525 2070 παρά
1582 1998 1675 2053 τοῦ
1727 2000 1969 2072 Χριστοῦ

393 2080 717 2152 ὑπεδέχετο.
771 2083 930 2138 Ἀλλά
977 2086 1081 2157 μὴν
1110 2089 1205 2142 καί⁵
1235 2089 1326 2144 τὸν
1377 2089 1626 2161 ’Δϐραὰμ
1645 2131 1660 2153 ,
1689 2092 1751 2144 οὐ
1782 2110 1980 2163 μιμουσ⁵

397 2171 547 2241 μὲνη
577 2172 762 2241 μόνον,
792 2174 925 2230 ἀλλά
960 2178 1053 2231 καὶ
1096 2179 1319 2244 νικῶσα,
1354 2182 1482 2246 τοὺς
1510 2181 1678 2248 πόδας
1702 2183 1979 2237 ἀπέπλυνε

392 2261 497 2315 τοῦ
531 2264 793 2336 Χριστοῦ.
838 2267 898 2323 '0
935 2269 1032 2339 μὲν
1065 2272 1174 2343 γὰρ
1195 2273 1430 2344 νιπτῆρα
1470 2273 1606 2339 Θεὶς,
1678 2273 1829 2329 ὕδατι
1876 2277 1981 2329 ἁπ-

398 2355 609 2410 έτλυνε
633 2398 649 2419 ,
681 2359 776 2412 καὶ
806 2359 998 2433 λεντίῳ
1038 2363 1408 2434 κατέμασσεν·
1442 2363 1593 2436 αὕτη
1627 2366 1800 2437 δὲούχ
1838 2366 1980 2437 ὕδωρ

396 2447 744 2518 ἁντλήσασα,
775 2450 910 2505 ἀλλά
935 2454 1142 2526 κρήνας
1172 2456 1420 2529 δακρύων
1448 2461 1650 2530 ἀφεῖσα
1668 2500 1684 2526 ,
1721 2461 1848 2526 τοὺς
1881 2462 1980 2516 πό-

394 2536 503 2602 δας
532 2539 811 2594 ἀπέπλυνε
837 2541 931 2596 τοῦ
976 2546 1151 2614 Ἰησοῦ
1177 2565 1189 2579 ’
1222 2551 1525 2623 φεισαμένη
1557 2552 1636 2617 δὲ,
1670 2552 1745 2626 μὴ
1775 2554 1981 2627 δάκρυ-

399 2647 495 2683 σιν
527 2633 867 2705 ἁμαρτωλοῖς
897 2639 1094 2707 ἁγνοὺς
1126 2640 1382 2716 ὲνυϐρίσῃ
1411 2643 1600 2711 πόδας,
1629 2645 1692 2699 τὸ
1725 2646 1832 2702 τῶν
1860 2666 1980 2720 τρι·

400 2724 523 2793 χῶν
552 2726 738 2791 κάλλος
778 2728 852 2792 ὡς
879 2730 1083 2784 λεντίον
1125 2733 1497 2802 ὑποϐαλοῦσα,
1541 2736 1795 2808 ἀπέμασε
1843 2740 1973 2804 τοὺς

400 2815 610 2881 πὸδας·
651 2820 745 2873 ml.
786 2814 853 2891 ἦν
884 2821 1010 2876 ἰδεῖν
1054 2824 1175 2879 ὅλον
1212 2824 1280 2878 δι’
1321 2826 1445 2880 ὅλου
1484 2827 1546 2881 τὸ
1588 2827 1813 2897 γύναιον
1845 2831 1981 2902 πρὸς

398 2905 708 2987 ρεράπειαν
762 2910 857 2965 τοῦ
928 2914 1100 2984 Ἰησοῦ
1148 2917 1550 2989 καμπτόμενον.
1604 2921 1669 2973 Ol
1720 2921 1820 2992 μὲν
1871 2922 1979 2995 γὰρ

395 3000 681 3071 ὀφθαλμοὶ
712 3004 933 3070 ἄνωθεν,
960 3006 1036 3071 ὡς
1059 3009 1279 3079 κρῆναι,
1308 3008 1559 3081 δακρύων
1585 3011 1833 3084 ἔπεμπον
1862 3014 1983 3085 ὀχε-

396 3092 566 3154 τούς·
598 3095 633 3163 ἡ
670 3092 726 3147 δὲ
753 3094 898 3166 ψυχὴ
932 3095 1119 3168 ῶσπερ
1148 3096 1345 3170 νιπτὴρ
1371 3098 1706 3172 ὑποκειμένη
1728 3139 1743 3164 ,
1773 3100 1876 3165 τὰς
1916 3103 1981 3155 ὲκ

2078 969 2132 1023 iu
2161 968 2226 1024 iis
2250 984 2463 1041 quoque
2488 972 2854 1030 defensionem
2886 976 3110 1032 haberet
3136 998 3150 1034 :
3189 980 3241 1033 iu
3275 981 3473 1049 quibus
3503 982 3657 1050 θεῖε-.

2077 1072 2161 1116 set
2190 1062 2397 1132 inique,
2434 1064 2487 1117 in
2521 1065 2587 1119 iis
2626 1065 2985 1135 legislaturem
3021 1068 3278 1137 placaret.
3310 1071 3462 1128 Sicut
3500 1076 3644 1129 enim

2081 1152 2248 1209 David
2283 1154 2542 1224 pollutum
2567 1158 2748 1228 iniqua
2779 1161 2971 1230 copula
3000 1160 3196 1218 lectum
3223 1164 3474 1237 Iacrymis
3499 1168 3649 1224 elue-

2080 1244 2175 1299 bat
2206 1261 2219 1298 :
2255 1242 2466 1299 Lavabo
2507 1249 2673 1314 enim,
2703 1248 2897 1319 inquit,
2958 1269 3049 1322 per
3092 1256 3326 1325 singulas
3366 1269 3540 1314 noctes
3572 1262 3649 1315 le-

2080 1347 2219 1390 ctum
2245 1353 2417 1392 meum
2441 1356 2460 1394 :
2485 1337 2732 1411 lacrymis
2764 1345 2889 1398 meis
2922 1355 3145 1400 stratum
3168 1365 3338 1403 meum
3369 1351 3551 1423 rigabo
3579 1352 3646 1421 “,

2084 1428 2157 1483 ita
2186 1440 2242 1484 et
2268 1429 2647 1500 haeczquibus
2697 1434 2866 1490 oculis
2924 1437 3124 1494 multos
3171 1441 3543 1501 adolescentes
3591 1447 3646 1501 in

2082 1517 2349 1573 luxuriam
2403 1520 2765 1588 subtraxerat,
2797 1525 2862 1580 iis
2899 1525 3260 1598 lacrymarum
3292 1531 3469 1591 fontes
3489 1537 3649 1592 emit-

2083 1618 2223 1673 tens,
2254 1610 2458 1677 peccati
2490 1612 2679 1667 sordes
2724 1629 2832 1669 non
2864 1614 3053 1673 faciles
3084 1618 3215 1687 elui,
3247 1622 3510 1691 diluebat,
3563 1626 3646 1681 si-

2081 1699 2133 1752 bi
2166 1699 2280 1767 ipsa
2331 1702 2661 1771 pmnitentiae
2713 1704 2984 1762 lavacrum
3030 1724 3336 1781 proponens
3356 1715 3646 1788 lacrymas.

2083 1790 2200 1859 Ipsa
2252 1792 2469 1862 quidem
2504 1834 2520 1861 ,
2584 1808 2683 1850 ceu
2733 1812 2927 1866 aquam
2959 1839 2975 1864 ,
3012 1801 3280 1875 lacrymas
3330 1813 3644 1877 praebebat:

2079 1882 2337 1939 invisibili
2406 1896 2585 1941 autem
2636 1891 2847 1947 ratione
2924 1895 3294 1954 remissionem
3350 1916 3380 1956 a
3433 1905 3649 1962 Christo

2078 1977 2423 2047 suscipiebat.
2492 1979 2780 2039 Enimvero
2825 1999 2933 2040 non
2985 1988 3149 2043 etiam
3180 1992 3386 2048 imitata
3439 1992 3648 2054 tantum

2076 2066 2375 2158 hbraham,
2410 2071 2503 2125 sed
2537 2080 2592 2127 et
2642 2089 2928 2144 superans,
2979 2079 3184 2136 Christi
3230 2084 3402 2141 abluit
3461 2090 3647 2158 pedes.

2079 2154 2172 2213 Ille
2211 2161 2431 2230 quidem
2463 2162 2603 2231 pelvi
2666 2168 2865 2235 posita,
2919 2169 3174 2227 abluebat
3221 2189 3363 2247 aqua
3399 2154 3651 2238 etvlinteo

2079 2252 2425 2322 extergebat;
2464 2256 2581 2312 haec
2611 2272 2760 2321 vero,
2785 2275 2923 2330 aqua
2977 2278 3083 2320 non
3133 2267 3347 2335 hausta,
3397 2273 3492 2327 sed
3519 2274 3650 2328 mit-

2082 2352 2204 2400 tens
2236 2344 2599 2417 lacrymarum
2658 2351 2862 2419 fontes,
2914 2354 3163 2413 abluebat
3195 2357 3322 2415 Jesu
3351 2364 3513 2431 pedes
3542 2382 3555 2419 :
3588 2380 3654 2421 ac

2081 2451 2302 2505 cavens,
2322 2456 2390 2497 ne
2419 2441 2671 2515 lacrymis
2696 2448 3090 2516 peccatricibus
3114 2454 3340 2522 pedibus
3376 2460 3542 2515 castis
3566 2459 3653 2514 in-

2076 2530 2278 2600 iuriam
2310 2536 2537 2603 faceret,
2560 2553 2872 2612 compactos
2898 2545 3081 2602 crines
3108 2548 3251 2604 velut
3275 2549 3501 2606 linteum
3523 2556 3655 2609 sub-

2080 2627 2328 2693 mittens,
2359 2629 2523 2698 pedes
2555 2635 2869 2704 extergebat
2903 2653 2919 2689 :
2957 2649 3182 2709 eratque
3223 2642 3408 2699 videre
3429 2644 3653 2701 mulier-

2081 2719 2281 2788 culam,
2314 2730 2480 2778 totam
2512 2739 2739 2795 prorsus
2768 2727 2835 2782 ad
2867 2727 2995 2785 Jesu
3013 2733 3338 2804 obsequium
3375 2734 3651 2794 inflexam.

2081 2809 2234 2867 Oculi
2264 2814 2484 2884 quidem
2513 2816 2767 2888 desuper.
2798 2835 2896 2875 ceu
2926 2821 3125 2890 fontes,
3148 2824 3505 2897 lacrymarum
3530 2831 3659 2885 mit-

2082 2906 2269 2962 tebant
2307 2908 2479 2977 rivos;
2514 2911 2728 2966 animus
2771 2922 2949 2967 autem
2999 2931 3096 2970 ceu
3146 2918 3320 2987 pelvis
3358 2922 3653 2992 supposita,

2083 2999 2404 3056 distillautes
2456 3016 2488 3057 e
2541 3004 2769 3071 pedibus
2824 3016 3006 3076 guttas
3053 3010 3658 3080 excipiebat;cincinni

2083 3092 2451 3162 detergebant,
2484 3094 2633 3151 lintei
2665 3096 2948 3167 implentes
2992 3100 3221 3157 formam
3247 3121 3263 3170 ;
3294 3120 3504 3173 manus,
3534 3108 3661 3165 fuso

397 3182 518 3236 τῶν
546 3183 724 3238 ποδῶν
749 3186 1159 3253 ἀποσταζούσας
1183 3188 1396 3260 ἐδέχετο
1424 3190 1662 3262 ῥανίδας.
1695 3192 1759 3245 Ol
1784 3192 1843 3246 δὲ
1864 3192 1985 3246 πλό-

2089 3186 2345 3243 alabastri
2364 3199 2659 3258 unguento,
2682 3192 2891 3246 divinos
2914 3195 3185 3265 augebant
3208 3197 3389 3264 pedes;
3412 3214 3665 3270 unguen-

400 3290 574 3345 καμοι
594 3277 939 3348 ὴπέμασσον,
967 3278 1029 3332 τὸ
1055 3278 1261 3334 λεντίου
1294 3280 1630 3353 πληροῦντες
1664 3282 1871 3355 σχῆμα.
1913 3286 1981 3339 Αἱ

400 3365 462 3419 δὲ
516 3369 700 3439 χεῖρες
736 3368 799 3421 τὸ
846 3369 1185 3443 ἀλάϐαστρον
1225 3370 1320 3426 τοῦ
1372 3372 1545 3445 μύρου
1591 3375 1976 3446 καταχέουσαι,

402 3460 534 3522 σοὺς
563 3458 741 3523 Θείους
766 3460 984 3531 ἤλειφον
1012 3461 1197 3530 πόδας,
1229 3462 1386 3535 μύρῳ
1412 3464 1477 3518 τὺ
1503 3463 1672 3536 μύρον
1713 3465 1981 3537 τιμῶσαι·

402 3549 614 3617 Μύρον
631 3550 763 3623 γὰρ,
794 3553 945 3622 φησὶ,
973 3551 1230 3607 κενωθὲν
1245 3552 1358 3625 (71)
1389 3552 1577 3623 ὄνομά
1599 3568 1720 3608 σοι.

482 3642 561 3697 Ζ’.
583 3638 738 3708 Εἶδες
767 3643 881 3708 πῶς
908 3643 1128 3715 ἐνίκησε
1158 3643 1257 3716 τὴν
1276 3644 1571 3717 ἀχάριστον
1591 3645 1699 3700 τῶν
1722 3645 1989 3702 Ἰουδαίων

409 3734 638 3806 γνώμην
670 3734 807 3807 γυνὴ
841 3735 1192 3807 ἁμαρτωλὸς,
1222 3737 1257 3807 ἡ
1299 3736 1459 3791 θείων
1500 3735 1730 3808 ἄμοιρος
1779 3738 1988 3809 νόμων;

407 3829 474 3881 οἱ
518 3829 616 3897 μὲν
648 3827 758 3900 γὰρ
781 3827 947 3893 λίθοις
979 3828 1143 3882 αὐτὸν
1170 3824 1412 3894 ἔϐαλλον,
1445 3829 1479 3898 ἡ
1507 3828 1566 3882 δὲ
1608 3831 1720 3892 τοῖς
1744 3830 1844 3900 τῆς
1900 3831 1993 3883 εὐ-

401 3919 575 3982 ωδίας
601 3918 869 3991 ηὔφραινε
913 3920 1134 3991 μύροιςο
1161 3919 1299 3974 ἀλλά
1334 3920 1579 3973 Ἰουδαῖοι
1608 3920 1707 3991 μὲν
1750 3921 1825 3984 ὡς
1857 3921 1994 3991 ἀχά-

411 4032 613 4088 ριστοι,
640 4013 716 4078 ὡς
734 4014 981 4068 ἀσύνετοι
1004 4015 1101 4068 καὶ
1124 4013 1458 4085 ἀγνώμονες,
1492 4016 1684 4078 κακοῖς
1703 4013 1994 4084 ἠμείϐοντο

407 4109 507 4161 τὸν
541 4106 855 4178 εὐεργέτην,
887 4105 1052 4170 λίθοις
1095 4105 1187 4160 τὸν
1221 4107 1615 4177 ἀκρογωνιαίον
1641 4102 1994 4174 φιλοφρονού-

411 4203 569 4272 μένοι
614 4199 795 4253 λίθονο
836 4202 872 4271 ἡ
912 4200 970 4253 δὲ
1006 4200 1174 4269 μύρῳ
1203 4199 1416 4269 ἤλειφε
1468 4198 1612 4265 τοὺς
1652 4197 1847 4262 πόδας
1895 4196 1992 4250 τοῦ

412 4296 704 4368 μέλλοντος
767 4294 833 4347 δι’
890 4294 1057 4366 αὐτὴν
1111 4293 1448 4365 πανημέριον
1510 4292 1604 4345 ἐπὶ
1664 4290 1759 4345 τοῦ
1820 4291 1992 4362 ίκρίου

412 4384 673 4440 ίστᾶσθαι
748 4385 844 4438 τοῦ
918 4383 1173 4456 σταυροῦ.
1243 4386 1355 4438 Καὶ
1418 4384 1491 4465 τί,
1523 4383 1703 4453 λέγω,
1756 4383 1840 4437 ὅτι
1901 4382 1994 4435 τὸν

406 4479 709 4551 ἀχάριστον
750 4477 855 4530 τῶν
902 4476 1168 4530 Ἰουδαίων
1231 4477 1450 4547 ἐνίκησε
1503 4477 1709 4547 δῆμον,
1752 4476 1885 4529 ὅπου
1930 4492 1994 4545 γε

407 4574 553 4627 ὅλων
579 4571 691 4624 τῶν
717 4570 884 4636 ἁγίων
903 4569 1292 4641 ύπερηκόντισε
1321 4569 1411 4622 τὸν
1440 4569 1622 4640 χορόν;
1657 4567 1859 4622 Ἔλαϐε
1884 4566 1996 4639 γὰρ

407 4664 598 4734 χάριν,
631 4663 700 4731 ἢν
727 4660 828 4713 οὐκ
865 4658 1055 4713 ἔλαϐον
1096 4658 1355 4730 βασιλεῖς,
1383 4655 1450 4731 ἧς
1478 4659 1579 4713 οὐκ
1612 4658 1803 4729 ἔτυχον
1834 4657 1995 4711 δυνά-

410 4771 551 4807 σται.
586 4750 870 4817 Βασιλεῖς
889 4751 997 4823 γὰρ
1023 4751 1273 4818 Θαρσείς
1294 4750 1393 4804 καὶ
1416 4749 1594 4819 νῆσοι
1626 4748 1786 4819 δῶρα
1811 4764 1997 4815 προσ-

411 4848 692 4906 οίσουσι,
724 4844 821 4897 καί
858 4841 1401 4911 προσκυνήσουσιν
1438 4841 1598 4907 αὐτῷ
1655 4840 1880 4907 πάντες
1942 4843 1995 4893 οὶ

2092 3288 2204 3334 tum
2252 3288 2527 3349 unguento
2583 3280 2956 3339 honorantes:
3010 3282 3348 3357 Unguentum
3380 3290 3525 3346 enim
3577 3293 3662 3348 in~

2086 3371 2227 3445 quit,
2256 3381 2584 3439 evacuatum,
2621 3389 2805 3430 nomen
2829 3375 2922 3430 tibi
2955 3376 3021 3434 “.

2161 3645 2274 3704 νη.
2317 3642 2588 3710 Vidistin’,
2643 3653 2704 3702 ut
2751 3645 2947 3703 mulier
2980 3650 3278 3717 peccatrix,
3330 3666 3529 3724 expers
3566 3654 3657 3711 illa

2089 3738 2395 3793 divinarum
2424 3736 2625 3808 legum,
2655 3737 2923 3808 ingratam
2949 3740 3141 3795 vicerit
3167 3738 3475 3799 Judaeorum
3508 3761 3661 3802 men-

2092 3830 2245 3884 tem?
2277 3828 2355 3883 llli
2385 3828 2603 3898 quidem
2660 3832 2935 3900 appetiere
2989 3832 3256 3903 lapidibus
3300 3853 3315 3888 :
3366 3836 3481 3892 haec
3520 3853 3652 3895 vero

2091 3917 2380 3989 unguentis
2404 3917 2848 3976 suaveolentibus
2883 3923 3170 3978 recreavit.
3220 3925 3293 3979 At
3316 3926 3535 3995 quidem
3561 3927 3665 3983 Ju-

2089 4008 2212 4073 daei,
2238 4023 2335 4063 ceu
2396 4008 2630 4079 ingrati,
2679 4025 2781 4066 ceu
2836 4012 3156 4081 insipientes
3218 4021 3383 4085 atque
3408 4017 3662 4087 improbi,

2090 4100 2339 4157 benefit-0
2367 4101 2522 4157 malis
2547 4102 2948 4171 rependebant,
2979 4103 3210 4174 lapidem
3252 4107 3568 4177 angularem
3595 4109 3663 4176 ⁸³,

2094 4192 2269 4246 οιιιίοιι
2327 4193 2663 4262 excipientes
2716 4192 3043 4263 lapidatione
3072 4214 3086 4248 :
3118 4197 3231 4252 haec
3289 4208 3473 4254 autem
3519 4202 3665 4258 illius

2091 4283 2245 4353 pedes
2278 4294 2543 4353 unguento
2569 4285 2794 4354 tingebat
2826 4286 2893 4351 ⁸⁸,
2918 4288 3008 4358 qui
3038 4287 3180 4343 diem
3213 4298 3379 4345 totam
3405 4291 3459 4345 in
3486 4296 3667 4350 crucis

2095 4374 2358 4443 patibulo,
2384 4375 2554 4444 ipsius
2601 4391 2786 4444 causa,
2814 4387 3057 4436 staturus
3083 4391 3220 4438 erat.
3249 4383 3392 4450 Quid
3415 4400 3567 4452 vero,
3590 4388 3668 4442 in-

2094 4481 2309 4542 gratum
2338 4470 2622 4530 Judaicum
2666 4476 2945 4547 populum,
3006 4480 3127 4536 dico
3178 4481 3378 4538 vicisse
3402 4523 3419 4551 ,
3448 4489 3668 4557 quando

2094 4563 2337 4618 omnium
2364 4575 2678 4621 sanctorum
2715 4571 2993 4637 superavit
3023 4572 3287 4629 chorum?
3313 4574 3484 4644 Quam
3520 4581 3667 4635 enim

2095 4655 2326 4726 gratiam
2381 4671 2537 4726 reges
2583 4673 2689 4711 non
2739 4671 3087 4730 acceperunt,
3122 4678 3286 4733 quam
3337 4681 3586 4737 potentes
3614 4686 3673 4728 et

2096 4744 2371 4814 principes
2396 4761 2502 4802 non
2532 4748 2907 4818 obtinuerunt,
2932 4755 3143 4824 accepit
3168 4757 3281 4827 ipsa
3308 4778 3322 4813 :
3344 4758 3506 4831 Reges
3523 4765 3667 4819 enim

2100 4834 2336 4900 Tharsis,
2352 4847 2402 4891 et
2424 4839 2612 4893 insula:
2637 4856 2854 4896 munera
2874 4844 3090 4911 o/ferent
3109 4861 3129 4901 :
3149 4858 3200 4901 et
3228 4850 3528 4906 adorabunt
3550 4870 3671 4908 (uin

408 4934 697 5001 βασιλεῖς
729 4934 839 5002 τῆς
865 4933 997 5003 τῆς.
1028 4934 1137 4987 Καὶ
1163 4934 1227 5005 δὴ
1259 4934 1401 4987 κατά
1432 4933 1524 4986 τὸν
1552 4931 1856 5003 προφήτην,
1892 4931 1985 4984 καὶ

2091 4943 2269 4981 omnes
2304 4944 2447 4997 reges
2476 4940 2631 4985 terra:
2665 4932 2729 4985 ιδ.
2784 4933 2929 4989 Sane
2956 4950 3087 4992 vero
3140 4937 3299 5007 juxta
3351 4943 3669 5013 prephetam

419 5028 625 5080 εδωκαν
654 5028 722 5081 τὰ
746 5027 916 5099 δῶρα,
952 5025 1049 5080 καὶ
1077 5025 1490 5096 προσεκύνησαν
1523 5022 1805 5096 πόρρωθεν
1823 5040 1838 5054 ·
1876 5016 1994 5074 ἀλλ’

421 5120 587 5185 o-Iaﬁs‘t;
613 5120 794 5174 αὐτῶν
840 5119 935 5174 τοῦ
984 5118 1158 5190 Ἰησοῦ
1205 5120 1330 5181 τοὺς
1360 5117 1526 5180 πόδας
1569 5115 1816 5186 ἐφίλησε.
1866 5112 1993 5176 Πῶς

422 5210 560 5281 γάρ;
604 5206 803 5265 Ἦλθον
842 5209 1015 5281 μάγοι
1077 5206 1332 5270 λαϐόντες
1376 5205 1583 5276 ἀστέρα
1624 5206 1726 5275 τῆς
1785 5204 1993 5266 ἱκεσίας

430 5301 691 5375 σύμμαχον
709 5322 724 5335 ο
755 5301 898 5358 ἀ).λά
925 5298 1214 5372 πόρρωθεν
1243 5299 1633 5371 ὲδωροφόρουν,
1664 5296 1764 5366 τῆς
1787 5293 1993 5356 οἰκείας

420 5393 601 5465 τάξεως
642 5400 703 5455 τὸ
757 5398 979 5471 μέτρον
1024 5390 1418 5460 γινώσκοντες·
1479 5393 1542 5444 '0
1579 5388 1837 5457 οὐρανὸς
1884 5384 1994 5456 γάρ

446 5617 490 5652 ¹²
515 5616 658 5676 Psal.
705 5632 786 5687 rt,
820 5614 880 5667 7.

415 5781 532 5857 (η)
560 5771 925 5857 ﬁrmes.
938 5759 1155 5857 91.0925.
1168 5762 1987 5857 Bisaltiaeaaeeéﬁéi-

337 5834 666 5927 1ιυῖ
707 5863 847 5902 σου.
882 5836 1014 5896 Sed
1051 5834 1340 5889 lectionem
1378 5834 1827 5893 Combellsianaut
1856 5850 1994 5907 pm-

2096 5028 2151 5073 et
2180 5019 2444 5075 dederunt
2470 5024 2633 5091 dona,
2661 5033 2710 5080 et
2738 5027 2952 5082 eminus
2984 5028 3379 5087 adoraverunt:
3410 5042 3466 5086 at
3491 5033 3672 5090 nullus

2105 5125 2289 5164 coram
2316 5112 2592 5168 osculatus
2616 5124 2698 5169 est
2730 5116 2896 5186 pedes
2932 5115 3084 5173 Jesu.
3126 5118 3229 5186 Qui
3287 5122 3471 5177 enim?
3497 5123 3673 5179 Vene-

2101 5213 2229 5256 runt
2258 5204 2425 5273 magi,
2454 5217 2676 5274 accepta
2703 5207 2853 5262 stella
2884 5210 3295 5277 supplicationis
3321 5213 3468 5269 socia
3497 5231 3513 5270 :
3540 5218 3674 5270 emi-

2098 5311 2205 5350 nus
2237 5304 2413 5352 tameu
2447 5294 2748 5354 offerebant
2781 5301 2941 5362 dona,
2988 5304 3204 5358 modum
3236 5306 3318 5359 sui
3357 5316 3528 5362 status
3567 5323 3671 5360 non

2102 5386 2458 5456 ignorantes:
2487 5386 2687 5444 Caelum
2712 5392 2848 5447 enim
2888 5394 3016 5446 mihi
3046 5393 3192 5449 sedes
3221 5407 3298 5451 est
3317 5413 3338 5463 ;
3390 5408 3527 5453 terra
3571 5414 3676 5449 au.-

977 5607 1023 5639 ¹¹
1066 5603 1202 5659 Can.
1230 5622 1269 5673 ι,
1303 5606 1357 5661 2.
1438 5607 1480 5638 ’³
1514 5604 1654 5664 Psal.
1687 5622 1854 5674 cxvn,
1880 5606 1971 5660 22.

2087 5605 2275 5662 ⁵]υαη.
2311 5624 2366 5677 x,
2404 5610 2492 5663 5|.
2571 5611 2614 5643 ¹⁵
2638 5611 2783 5667 Psal.
2836 5629 2987 5680 uxr,
3050 5614 3119 5670 10

2100 5763 2202 5817 fert
2225 5780 2435 5835 quoque
2455 5766 2625 5822 codex
2663 5768 2819 5823 Alex.
2849 5770 2988 5825 Infra
3031 5780 3209 5826 tamen
3244 5771 3273 5897 ἓ
3299 5786 3376 5840 xt,
3405 5769 3496 5829 ubi
3520 5771 3673 5830 locus

2100 5834 2189 5890 hic
2212 5836 2406 5893 iterum
2434 5836 2724 5897 excitatur.
2752 5838 2980 5897 legimus
2999 5842 3239 5896 ἐκκενωο
3274 5859 3321 5897 ν.

2100 5834 2189 5890 hic
2212 5834 2406 5893 iterum
2434 5836 2724 5904 excitatur,
2752 5838 2980 5910 legimus
2999 5834 3321 5898 sxxsvutlilv.
