4092 6398
497 400 568 454 79
1452 389 1508 445 S.
1550 383 2001 443 AMPUILOCHII
2041 379 2426 440 ICONIENSIS
2464 378 2772 436 EPISCOPI
3681 379 3750 438 80

497 528 624 575 tem,
658 511 942 567 scabellum
967 507 1158 581 pedum
1191 525 1426 563 meorum
1456 509 1522 562 “.
1557 506 1834 562 Laudetur
1888 504 2072 572 itaque

2190 518 2278 567 μοι
2304 501 2539 568 θρόνος,
2573 498 2613 568 ἢ
2647 497 2716 551 δὲ
2743 495 2845 566 γῆ,
2870 494 3207 552 ὑποπόδιον
3243 493 3363 550 τῶν
3389 494 3594 550 ποδῶν
3617 515 3744 568 μου.

500 604 722 666 tnulier,
757 603 905 657 velut
930 617 1049 672 qua:
1081 599 1247 656 totius
1299 610 1458 654 terrae
1489 597 1716 669 gloriam
1745 593 2071 663 susceperit;

501 679 650 752 velut
689 709 811 766 quae
838 694 910 750 sit
928 692 1236 763 amplexata
1291 689 1674 745 immaculatos
1708 687 1890 756 pedes,
1923 685 2078 755 cujus

501 786 782 857 pulverem
802 783 1008 851 lingent
1029 788 1221 852 gentes
1244 777 1728 849 eognationesque,
1755 773 1907 842 juxta
1935 771 2078 840 quod

502 879 708 932 dictum
743 885 863 930 est:
901 873 970 928 Et
1025 872 1227 927 inimici
1257 870 1374 940 ejus
1401 878 1596 922 terram
1627 867 1821 934 lingent
1845 864 1912 917 ".
1943 865 2076 917 Am-

508 969 664 1038 plexa
702 975 788 1022 est
847 967 1195 1021 iutemeratos
1237 963 1440 1033 pedes:
1493 958 1692 1014 Christi
1727 969 1922 1023 corpus
1955 969 2076 1008 cum

503 1059 710 1115 Joanne
765 1059 965 1129 partita
1030 1067 1134 1112 est.
1188 1054 1280 1110 ille
1333 1052 1582 1122 equidem
1639 1048 1885 1104 recubuit
1913 1061 2077 1116 supra

503 1163 692 1223 pectus
725 1150 792 1216 ¹⁸,
819 1159 880 1204 ιιι
908 1147 1030 1204 inde
1081 1158 1442 1216 expressurus
1476 1141 1709 1196 divinam
1735 1137 2074 1194 doctrinam:

505 1253 564 1299 at
591 1245 694 1300 ista
722 1244 886 1313 pedes
915 1241 1075 1295 unxit
1125 1239 1433 1310 gradientes
1476 1235 1644 1290 nostri
1673 1246 1858 1288 causa.
1909 1229 2077 1284 Porro

499 1337 761 1393 Christus
796 1334 890 1406 qui
919 1348 1026 1387 non
1071 1330 1280 1400 judicat
1327 1333 1629 1399 peccatum,
1684 1324 1778 1378 sed
1805 1319 2078 1391 paeniten-

507 1429 640 1484 tiam
664 1429 878 1486 laudat:
907 1425 999 1496 qui
1037 1423 1312 1495 praeterita
1367 1435 1474 1475 non
1532 1417 1718 1489 punit,
1759 1414 1853 1470 sed
1887 1411 2082 1482 probat

505 1520 715 1587 futura,
755 1517 966 1574 traditis
997 1515 1252 1571 oblivioni
1308 1512 1465 1567 malis
1492 1510 1608 1579 ejus
1647 1507 1935 1578 prioribus,
1965 1520 2081 1559 tnu-

506 1613 628 1671 lieri
661 1615 918 1669 honorem
949 1609 1134 1673 habet,
1167 1617 1224 1661 et
1248 1605 1432 1660 laudat
1476 1600 1876 1673 paenitentiam.
1913 1595 2081 1653 Justi-

509 1705 638 1761 ﬁcat
659 1706 949 1774 lacrymas,
973 1711 1027 1756 et
1075 1699 1408 1770 propositum
1442 1704 1689 1751 coronat.

2195 590 2535 644 Ἐπαινέσθω
2571 589 2752 643 τοίνυν
2783 589 2816 659 ή
2850 587 3008 660 γυνὴ,
3051 589 3128 652 ὡς
3161 586 3288 656 ὅλης
3315 586 3414 656 τῆς
3436 586 3540 658 γῆς
3561 587 3654 658 τὴν
3680 607 3752 644 τι·

2187 683 2293 756 μὴν
2330 682 2708 753 ὑποδεξαμένη
2725 698 2741 714 ο
2769 683 2844 746 ὡς
2877 680 3130 752 ἁψαμένη
3157 680 3332 734 ποδῶν
3359 680 3660 752 ἀχράντων,
3685 673 3753 737 ὧν

2182 775 2272 827 τὸν
2302 773 2431 844 χοῦν
2465 771 2591 844 ἔθνη
2626 773 2720 826 καὶ
2745 772 2973 844 πατριαὶ
3011 771 3235 836 λίξουσι,
3273 770 3413 825 κατά
3447 771 3506 825 τὸ
3543 773 3754 842 εἰρημέ-

2182 881 2302 919 νονο
2335 864 2448 918 Καὶ
2491 867 2545 918 ol
2575 864 2776 934 ἐχθροὶ
2819 863 3006 918 αὑτοῦ
3031 863 3182 932 χοῦν
3218 862 3522 927 λίξουσιν.
3555 863 3757 932 Ἥψατο

2183 956 2360 1010 ποδῶν
2413 956 2732 1027 ἀχράντων·
2804 956 3101 1027 ἐμερίσατο
3157 955 3298 1027 πρὸς
3371 955 3624 1025 Ἰωάννην
3668 953 3755 1008 τοῦ

2182 1044 2420 1119 Χριστοῦ
2458 1045 2520 1098 τὸ
2551 1045 2732 1116 σῶμα.
2769 1045 2830 1099 '0
2855 1045 2952 1116 μὲν
2985 1048 3095 1116 γάρ
3123 1045 3218 1097 ἐπὶ
3251 1043 3483 1114 στήθους
3514 1045 3757 1096 ἀνέπεσε⁶

2183 1137 2335 1191 Θείαν
2350 1138 2459 1210 γάρ
2487 1137 2714 1192 αὐτόθεν
2731 1136 2924 1208 ἔμελλε
2953 1135 3302 1190 διδασκαλίαν
3329 1135 3757 1206 ἀπομάσσεσθαι⁸

2183 1231 2219 1302 ή
2252 1229 2309 1282 δὲ
2348 1231 2478 1292 τοὺς
2517 1228 2658 1300 ὑπὲρ
2689 1228 2848 1301 ήμῶν
2891 1228 3204 1300 βαδίζοντας
3248 1229 3414 1290 πόδας
3446 1228 3760 1297 ὑπήλειφεν.

2196 1321 2338 1375 Ἀλλ’
2379 1324 2408 1375 6
2459 1321 2695 1393 Χριστὸς
2745 1321 2864 1392 μὲν,
2901 1321 3027 1391 ὁμὴ
3076 1320 3175 1392 τὴν
3221 1320 3497 1392 ἁμαρτίαν
3545 1319 3760 1391 κρίνων,

2185 1413 2323 1468 ἀλλὰ
2364 1413 2465 1486 τὴν
2500 1414 2790 1486 μετάνοιαν
2824 1413 3066 1468 ἐπαινῶν
3087 1429 3099 1441 ·
3132 1415 3161 1466 6
3198 1413 3273 1484 μὴ
3320 1413 3390 1465 τὰ
3432 1412 3766 1483 παρελθόντα

2185 1498 2450 1575 κολάζων,
2505 1509 2643 1562 ἀλλά
2679 1509 2750 1562 τὰ
2783 1508 3050 1580 μέλλοντα
3093 1507 3404 1578 δοκιμάζων
3425 1548 3438 1569 ,
3492 1507 3766 1578 ἀμνηστίᾳ

2186 1600 2472 1674 παρελθὼν
2501 1600 2570 1654 τά
2601 1600 2944 1672 προλαϐόντα
2978 1600 3148 1670 αὐτῆς
3176 1598 3344 1662 κακὰ,
3379 1600 3514 1669 τιμᾷ
3539 1599 3640 1669 τὴν
3669 1615 3765 1666 γυ-

2185 1694 2369 1759 ναῖκα,
2410 1692 2505 1746 xal
2543 1693 2758 1744 ἐπαινεῖ
2805 1689 2904 1761 τὴν
2952 1690 3240 1760 μετάνοιαν
3264 1707 3277 1719 ·
3330 1689 3528 1742 δικαιοῖ
3566 1688 3637 1742 τὰ
3678 1688 3767 1741 δά-

2187 1801 2352 1856 κρυα,
2385 1787 2480 1838 καὶ
2510 1785 2766 1852 στεφανοῖ
2792 1783 2888 1852 τὴν
2926 1781 3204 1852 πρόθεσιν.

579 1879 716 1934 Vill.
758 1877 958 1932 Videtis
989 1885 1170 1932 autem
1201 1873 1510 1928 Pharisazus
1541 1868 1883 1933 miraculum,
1905 1865 2086 1922 animo

2257 1876 2340 1930 H’.
2355 1877 2423 1930 Ὅ
2456 1893 2520 1946 γε
2542 1877 2834 1947 Φαρισαῖος
2861 1873 3003 1946 ὁρῶν
3020 1873 3080 1926 τὸ
3114 1872 3300 1944 θαῦμα
3319 1911 3334 1937 ,
3356 1871 3655 1943 πλήττεται
3676 1869 3770 1940 τὴν

507 1969 878 2042 obstupescit:
913 1969 1158 2036 ictusque
1190 1965 1414 2031 invidia,
1436 1963 1678 2018 tuulieris
1702 1959 2082 2030 pmuitentiam

509 2081 617 2123 non
645 2065 902 2119 admittit.
926 2059 1065 2127 Quin
1091 2071 1387 2126 vero,,quae
1409 2055 1489 2110 sic
1523 2053 1811 2108 Dominum
1849 2053 2084 2108 honora-

507 2169 684 2224 verat,
716 2153 1042 2212 contumelia
1068 2167 1166 2208 ceu
1208 2151 1262 2205 in
1297 2150 1488 2206 faciem
1517 2149 1714 2202 caedit:
1748 2145 1974 2217 ejusque
1996 2145 2086 2200 cui

510 2249 722 2306 delatus
740 2255 886 2303 esset
912 2245 1105 2305 honos,
1169 2242 1476 2311 ignorantia
1509 2239 1714 2296 calculo
1744 2238 1966 2305 tributa,
2000 2239 2085 2293 di-

511 2342 771 2412 gnitatern
797 2337 1008 2392 minuit.
1055 2335 1248 2389 Videas
1305 2333 1468 2394 enim,
1517 2332 1732 2400 inquit,
1778 2327 2086 2385 Pharisteus

509 2435 605 2506 qui
637 2442 899 2488 vocaverat
929 2445 1081 2492 eum,
1117 2429 1190 2481 ait
1245 2431 1386 2480 intra
1431 2439 1527 2480 se:
1567 2422 1692 2489 Hic,
1726 2423 1772 2477 si
1797 2431 1928 2477 esset
1970 2437 2090 2490 pro-

510 2526 690 2595 pheta,
731 2523 888 2578 sciret
941 2521 1119 2588 utique
1151 2534 1268 2588 quw
1309 2529 1356 2571 et
1408 2515 1580 2586 qualis
1627 2523 1704 2568 est
1749 2515 1939 2568 mulier
1969 2527 2088 2583 qua!

512 2617 681 2685 tangit
711 2629 830 2669 eum
855 2627 876 2666 :
901 2613 1028 2681 quia
1055 2611 1323 2677 peccatrix
1349 2617 1444 2661 est.
1473 2605 1518 2662 Ο
1539 2604 1700 2660 stulte
1723 2615 1777 2660 et
1806 2604 2086 2674 insipiens,

513 2719 847 2778 prorsusque
875 2701 1186 2758 Pharisaei
1215 2699 1347 2753 Dum
1377 2698 1478 2753 ista
1503 2697 1663 2761 dicis,
1710 2711 1818 2750 non
1849 2695 2090 2750 mulieris

515 2797 704 2865 arguis
734 2810 956 2860 mores;
986 2797 1080 2850 sed
1110 2803 1256 2847 tuum
1296 2795 1411 2862 ipse
1438 2789 1676 2844 animum
1710 2787 2088 2858 reprehendis,

515 2891 609 2959 qui
637 2889 813 2952 dicas,
843 2887 1056 2943 nescire
1090 2885 1242 2940 illum
1285 2897 1530 2954 quaenam
1565 2889 1710 2936 esset
1741 2879 1954 2934 mulier.
1971 2878 2087 2934 Non

511 2995 645 3052 ergo
671 2989 729 3034 ut
764 2980 930 3035 Deum
971 2979 1062 3050 qui
1080 2987 1264 3032 nosset
1294 2972 1757 3040 omnia,vocando
1787 2969 2086 3027 honorasti.

516 3071 638 3128 Non
677 3071 844 3141 igitur
871 3069 1056 3139 pudet,
1079 3082 1112 3123 o
1136 3067 1421 3138 magniﬁce
1445 3064 1810 3120 calumniator
1847 3073 1902 3118 et
1933 3077 2091 3134 syco-

511 3165 738 3238 phanta,
769 3162 915 3234 quod
941 3161 1156 3232 quidem
1212 3170 1270 3214 ut
1293 3159 1458 3214 Deum
1503 3172 1682 3223 voces,
1714 3165 1769 3212 et
1803 3156 1894 3226 qui
1927 3157 2089 3211 bene-

513 3228 696 3313 dicere
727 3253 934 3322 possit:
959 3252 1264 3324 proclames
1295 3265 1424 3306 vero
1449 3260 1507 3305 ut
1537 3250 1810 3304 hominem
1839 3263 1903 3303 ac
1942 3247 2090 3303 velut
2115 3228 2158 3283 (ἶ

517 3359 670 3411 eum,
697 3345 786 3414 qui
826 3343 959 3399 nihil
987 3343 1125 3398 sciat
1142 3356 1252 3412 prae
1285 3341 1459 3397 nobis.
1505 3339 1628 3406 llic,
1663 3340 1861 3412 inquit,
1890 3340 1935 3392 si
1957 3347 2089 3394 esset

512 3439 790 3508 propheta.
828 3434 874 3492 Ο
901 3451 1062 3506 quam
1092 3444 1146 3491 te
1184 3435 1395 3501 melior,
1459 3433 1752 3499 Pharisme,
1783 3433 1972 3488 mulier
2001 3433 2092 3488 illa

513 3529 572 3584 in
621 3525 902 3592 Sichimis,
956 3539 1077 3593 quae
1121 3525 1440 3595 prophetam
1497 3524 1766 3586 nesciens,
1821 3537 1886 3578 ex
1917 3523 2092 3592 primo

515 3617 699 3671 statim
732 3615 852 3670 visu
884 3614 1130 3670 confessa
1161 3622 1244 3669 est
1266 3612 1624 3670 Salvatoreml
1669 3614 1889 3668 Domine
1921 3615 2090 3682 enim,

513 3707 713 3777 inquit,
743 3706 891 3760 uideo
914 3706 1037 3775 quia
1059 3706 1308 3775 propheta
1361 3723 1415 3762 es
1463 3716 1521 3760 tu
1549 3705 1613 3759 ".
1649 3705 1821 3772 Quam
1870 3718 2002 3759 vero
2038 3713 2092 3758 et

515 3801 636 3858 haec
685 3802 985 3870 peccatrix,
1043 3814 1156 3870 prae
1209 3810 1261 3854 te
1307 3799 1467 3869 digna
1499 3799 1901 3864 admiratione,
1937 3799 2092 3868 cujus

517 3891 736 3963 quidem
767 3891 918 3946 vides
955 3899 1258 3959 peccatum.
1291 3888 1388 3944 sed
1421 3890 1797 3959 patuitentiam
1839 3907 1942 3947 non
1973 3906 2094 3948 cer-

517 3981 625 4038 nis!
657 3981 798 4049 Quin
822 3991 878 4036 et
898 3981 1255 4044 condemnas,
1282 3996 1445 4051 quam
1468 3981 1632 4050 judes
1673 3981 1939 4051 justilicat
1971 4002 1983 4038 :
2009 3999 2094 4040 re-

515 4075 916 4146 prehendisque
940 4084 994 4129 et
1022 4075 1336 4145 vituperas,
1394 4090 1558 4146 quam
1601 4075 1744 4132 Deus
1791 4077 2094 4146 suscipiens

515 4170 776 4224 coronat:
809 4167 950 4236 quod
985 4167 1157 4222 visum
1193 4167 1334 4238 apud
1363 4175 1414 4222 te
1441 4167 1612 4222 Deum
1641 4167 1695 4222 in
1723 4168 1896 4222 forma
1918 4169 2096 4223 homi-

515 4258 604 4314 nis
629 4261 1060 4324 recumbentem,
1097 4259 1341 4328 agnovit,
1365 4259 1523 4328 eique
1569 4259 1830 4314 honorem
1862 4257 2049 4314 habuit
2077 4279 2090 4314 :

515 4354 679 4416 atque
719 4347 913 4416 animat
937 4347 1162 4402 retectis
1183 4347 1515 4412 vulneribus,
1562 4347 2014 4414 misericordiam,
2039 4362 2096 4406 et

519 4439 808 4494 anterioris
837 4439 961 4495 vitae
988 4441 1402 4496 commissorum
1448 4441 1885 4499 ohliterationem
1916 4445 2091 4515 petiit.

517 4529 598 4583 'l’u
625 4539 802 4584 autem
835 4531 926 4600 qui
985 4533 1266 4588 honorasti
1331 4533 1596 4597 vocando,
1649 4534 1974 4589 contumelia
2011 4535 2094 4590 in-

515 4621 774 4687 honoras,
828 4621 1051 4677 dicens:
1091 4621 1150 4678 Si
1200 4636 1330 4678 esset
1388 4625 1662 4693 propheta,
1719 4625 1870 4678 sciret
1914 4629 2092 4696 utique

513 4727 634 4783 qua'
660 4721 710 4766 et
738 4713 912 4783 qualis
967 4725 1041 4768 est
1101 4716 1289 4770 mulier
1335 4732 1454 4786 qua:
1496 4719 1666 4786 tangit
1711 4733 1850 4770 eum.
1897 4716 2086 4772 Miser!

511 4815 805 4876 propterea
867 4807 992 4875 quia
1043 4823 1148 4862 non
1202 4808 1382 4878 arguit
1431 4819 1519 4864 tua
1579 4809 2092 4880 mala,ignorautiae

513 4897 786 4953 damnas?
817 4897 1110 4967 Propterea
1143 4900 1268 4968 quia
1294 4909 1494 4956 tectum
1524 4910 1672 4955 tuum
1697 4899 1943 4970 pluribus
1962 4915 2086 4970 gra-

514 5000 700 5045 vatum
733 4990 890 5045 malis
917 4989 1101 5056 subiit,
1131 4994 1410 5047 scientiam
1442 4992 1672 5048 adimis?
1723 4991 1800 5045 lta
1829 5007 1916 5056 ne,
1947 4994 2090 5061 quod

512 5081 794 5152 rogaveris
825 5092 887 5138 ut
907 5083 1134 5138 intraret
1155 5085 1254 5139 sub
1285 5093 1481 5139 tectum
1508 5091 1686 5148 tuum,
1710 5092 1770 5137 ut
1791 5093 1968 5138 tecum
1994 5097 2088 5138 ac-

513 5173 812 5242 cumberet,
827 5186 886 5230 ut
897 5174 1090 5230 eduliis
1111 5177 1216 5232 tuis
1233 5176 1490 5246 adjiceret
1503 5190 1742 5240 manum,
1757 5189 1857 5230 nec
1873 5184 2091 5244 rogatus

513 5265 786 5334 abnuerit,
821 5283 989 5324 unum
1022 5267 1252 5338 aliquem
1277 5269 1346 5323 de
1381 5265 1564 5323 multis
1604 5263 2088 5323 arbitraris?Num

512 5371 645 5413 vero
669 5357 864 5430 dignus
893 5371 1043 5426 eras,
1075 5369 1132 5413 ut
1157 5358 1392 5428 hospitio
1449 5356 1612 5413 Deum
1659 5357 1962 5428 exciperes,
1997 5362 2089 5410 aut

513 5451 562 5504 ei
595 5465 816 5518 parares
842 5463 1111 5518 mensam,
1159 5450 1254 5521 qui
1303 5464 1543 5506 mensam
1594 5450 1806 5520 paravit
1831 5449 1882 5503 in
1903 5449 2089 5504 deser-

515 5549 572 5598 to
600 5541 686 5594 “1'
734 5539 936 5597 Verum
981 5557 1104 5598 cum
1159 5541 1496 5616 propensiori
1553 5543 1607 5598 in
1663 5541 1913 5598 homines
1943 5549 2091 5596 esset

512 5631 730 5700 affectu,
769 5650 877 5690 non
909 5635 1230 5692 detrectavit
1265 5645 1323 5691 ut
1356 5650 1388 5690 a
1418 5635 1533 5692 suis
1586 5635 1702 5706 ipse
1752 5633 1967 5690 famulis
1993 5647 2090 5704 po-

585 5811 634 5846 “
662 5809 768 5869 lsa.
786 5827 935 5884 mi,
987 5815 1040 5870 1.

2185 1968 2448 2032 διάνοιαν,
2485 1967 2583 2022 καὶ
2605 1966 2785 2038 φθόνῳ
2817 1965 3162 2036 βαλλόμενος,
3197 1964 3258 2017 οὐ
3285 1963 3653 2034 παραδέχεται
3678 1961 3770 2031 τῆς

2190 2060 2449 2129 γυναικὸς
2477 2060 2578 2132 τὴν
2615 2058 2924 2130 μετάνοιαν.
2974 2057 3134 2110 Ἀλλά
3176 2055 3270 2108 καὶ
3308 2055 3408 2124 τὴν
3437 2053 3581 2107 οὕτω
3616 2055 3775 2122 τιμή-

2189 2170 2359 2208 σασαν
2394 2151 2486 2205 τὸν
2517 2150 2746 2223 Κύριον,
2785 2149 3138 2222 ἐπιρραπίζει
3171 2152 3236 2220 τῇ
3265 2145 3532 2218 λοιδορίᾳ’
3559 2146 3655 2198 καὶ
3683 2142 3772 2196 τοῦ

2185 2244 2510 2317 τιμηθέντος
2555 2243 2769 2296 ἐλαττοῖ
2801 2242 2861 2295 τὸ
2893 2241 3110 2313 ἀξίωμα
3129 2279 3145 2304 ,
3173 2241 3396 2309 ἄγνοιαν
3431 2237 3580 2308 αὑτῷ
3608 2253 3775 2310 κατα-

2193 2333 2583 2405 ψηφιζόμενος.
2627 2333 2786 2387 Ἰδὼν
2817 2331 2949 2402 γὰρ,
2977 2332 3164 2403 φησιν,
3195 2333 3228 2384 ὀ
3252 2329 3573 2399 Φαρισαῖος
3599 2331 3636 2381 ό
3673 2342 3776 2380 κα-

2186 2425 2376 2491 λέσας
2398 2424 2604 2488 αὐτὸν,
2619 2420 2790 2477 εἶπεν
2811 2423 2881 2476 ἐν
2903 2422 3115 2486 ἑαυτῷο
3146 2418 3357 2487 Οὗτος,
3371 2424 3420 2475 ei
3442 2417 3520 2491 ἦν
3547 2415 3779 2488 προςή-

2187 2537 2319 2588 της,
2358 2519 2623 2589 ἔγνωκεν
2648 2517 2726 2571 ἂν
2753 2518 2846 2583 τίς
2881 2516 2980 2570 καὶ
3027 2515 3268 2583 ποταπὴ
3315 2515 3355 2583 ή
3396 2513 3572 2584 γυνὴ.
3607 2512 3648 2580 ἦ
3689 2527 3778 2574 τις

2187 2611 2436 2667 ἅπτεται
2486 2608 2697 2675 αὑτοῦ,
2739 2609 2831 2664 ὅτι
2883 2609 3236 2679 ἁμαρτωλός
3267 2608 3459 2661 ἐστιν.
3497 2603 3568 2660 Ὦ
3599 2607 3779 2677 ἄφρον

2189 2705 2284 2760 καὶ
2312 2704 2562 2770 ἀσύνετε,
2595 2705 2690 2758 καὶ
2715 2704 2783 2758 τὰ
2811 2704 2910 2758 ὅλα
2935 2705 3197 2774 Φαρισαῖε
3219 2703 3232 2756 1
3257 2702 3444 2755 Ταῦτα
3485 2700 3686 2768 λέγων.
3717 2697 3778 2751 οὐ

2191 2796 2290 2867 τῆς
2321 2795 2578 2864 γυναικὸς
2605 2794 2903 2865 διελέγχεις
2928 2793 3021 2848 τὸν
3058 2795 3259 2864 τρόπον
3278 2809 3293 2824 ’
3332 2790 3470 2845 ἀλλά
3501 2791 3597 2862 τῆς
3641 2789 3778 2854 ιδίας

2189 2891 2515 2958 κατηγορεῖς
2563 2886 2974 2958 προαιρέσεως,
3009 2887 3224 2954 ἀγνοεῖν
3259 2883 3422 2938 αὑτὸν
3455 2882 3632 2952 λέγων
3654 2924 3668 2942 .
3698 2882 3784 2944 τίς

2187 2995 2321 3034 ποτε
2359 2979 2606 3051 ὑπῆρχεν
2647 2980 2681 3049 ή
2723 2978 2884 3048 γυνή.
2917 2974 3128 3030 Οὐκοῦν
3176 2975 3273 3044 οὐχ
3323 2974 3399 3036 ὡς
3432 2973 3565 3026 Θεὸν
3598 2973 3785 3026 πάντα

2188 3067 2524 3138 γινώσκοντα
2543 3069 2609 3140 τῇ
2635 3067 2826 3138 κλήσει
2853 3065 3121 3136 ἐτίμησας
3141 3081 3156 3096 ο
3184 3064 3283 3118 οὐκ
3304 3063 3428 3134 αἰδῇ
3453 3059 3568 3128 οὖν,
3583 3055 3632 3116 ὣ
3647 3063 3786 3132 λαμ-

2191 3159 2298 3231 πρὲ
2323 3160 2596 3231 κατήγορε
2630 3159 2724 3212 καὶ
2756 3158 3090 3227 συκοφάντα,
3130 3157 3215 3210 δτι
3252 3156 3438 3219 καλεῖς
3481 3156 3580 3226 μὲν
3609 3155 3784 3209 αὑτὸν

2190 3250 2267 3314 ὼς
2291 3250 2424 3304 Θεὸν
2451 3251 2548 3304 καὶ
2569 3251 2862 3322 εὐλογῆσαι
2881 3250 3202 3320 δυνάμενον,
3230 3246 3504 3318 καταϐοᾷς
3527 3247 3584 3300 δὲ
3609 3245 3785 3301 αὐτοῦ

2191 3341 2267 3406 ὡς
2294 3341 2603 3413 ἀνθρώπου,
2635 3341 2732 3394 καὶ
2758 3341 2924 3412 μηδὲν
2961 3341 3103 3412 ὑπὲρ
3124 3341 3271 3412 ἡμᾶς
3309 3339 3532 3404 εἰδότος.
3561 3335 3783 3404 Οὗτος.

2190 3433 2389 3505 φησιν,
2415 3435 2468 3487 ει
2507 3429 2588 3504 ἦν
2618 3433 2952 3503 προφήτης.
2984 3433 3096 3488 Καὶ
3127 3434 3293 3490 πόσον
3325 3449 3418 3486 σου
3448 3431 3708 3503 βελτίων,
3739 3429 3789 3483 ὢ

2187 3527 2466 3598 Φαρισαῖε,
2510 3527 2544 3598 ή
2583 3528 2640 3580 ὲν
2677 3526 2942 3598 Σικήμοις
2982 3525 3142 3595 γυνὴ,
3187 3527 3220 3596 ή
3267 3523 3343 3596 μὴ
3385 3524 3676 3596 προφήτην
3708 3523 3787 3576 εἰ·

2188 3616 2332 3682 δυῖα,
2367 3617 2461 3672 καὶ
2492 3619 2558 3672 ὲκ
2597 3615 2822 3688 πρώτης
2864 3616 3040 3686 ὅψεως
3082 3615 3175 3669 τὸν
3221 3615 3454 3686 Σωτῆρα
3495 3613 3788 3685 ὁμολογή-

2191 3713 2350 3765 cuca!
2388 3711 2588 3780 Κύριε.
2634 3709 2764 3782 γὰρ,
2795 3711 2962 3780 φησὶ,
3006 3705 3199 3776 θεωρῶ
3236 3707 3326 3762 ὅτι
3371 3707 3690 3776 προφήτης
3732 3699 3794 3758 εἷ

2190 3805 2295 3858 σύ.
2341 3805 2514 3858 Πόσον
2544 3804 2604 3859 δέ
2644 3822 2738 3858 σου
2769 3801 3191 3873 θαυμαστοτέρα
3219 3800 3315 3854 καὶ
3352 3799 3492 3870 αὕτη
3533 3800 3566 3868 ή
3598 3799 3791 3868 ἀμαρ-

2189 3892 2381 3959 τωλδς,
2415 3888 2484 3966 ἧς
2526 3893 2625 3966 τὴν
2657 3894 2755 3964 μὲν
2784 3893 3060 3965 ἁμαρτίαν
3089 3891 3242 3964 ὁρᾷς,
3272 3889 3370 3962 τὴν
3397 3890 3456 3944 δὲ
3486 3889 3788 3959 μετάνοιαν

2189 3986 2250 4039 οὑ
2283 3985 2534 4064 βλέπειςὶ
2576 3986 2735 4040 Ἀλλά
2773 3986 2868 4040 καὶ
2909 3984 3278 4056 κατακρίνεις,
3313 3983 3380 4053 ἦν
3413 3984 3442 4036 6
3467 3982 3667 4053 κριτὴς
3698 3981 3788 4034 δι·-

2191 4082 2367 4133 καιοῖ’
2399 4081 2494 4134 καὶ
2530 4079 2723 4152 μέμφῃ
2751 4079 2846 4133 καὶ
2881 4079 3092 4149 ψέγεις,
3129 4078 3197 4149 ἣν
3242 4076 3422 4140 ὁΘεὸς
3438 4073 3791 4144 ἀποδεξάμε-

2191 4187 2282 4234 νος
2327 4173 2608 4240 στεφανοῖ·
2647 4171 2728 4224 ὅτι
2765 4169 2948 4223 ἰδοῦσα
2984 4169 3136 4240 παρά
3171 4169 3255 4221 σοὶ
3297 4167 3430 4220 Θεὸν
3463 4169 3521 4220 ὲν
3563 4163 3791 4237 ἀνθρὼο

2192 4277 2296 4314 που
2327 4263 2506 4332 μορφῇ
2551 4261 2976 4330 κατακείμενον,
3005 4259 3222 4327 ἐπέγνω
3261 4258 3355 4311 καὶ
3388 4256 3614 4328 ἐτίμησε
3636 4273 3652 4287 ·
3686 4255 3792 4310 καὶ

2191 4355 2261 4410 τὰ
2295 4355 2397 4422 τῆς
2441 4353 2621 4424 ψυχῆς
2658 4352 3018 4422 ὲκκαλύψασα
3055 4349 3383 4424 τραύματα,
3419 4348 3566 4402 ἔλεον
3604 4348 3792 4419 ᾔτησε

2192 4445 2289 4498 καὶ
2317 4443 2424 4498 τῶν
2460 4443 2808 4515 βεϐιωμένων
2839 4445 2939 4516 τὴν
2977 4440 3306 4514 ἀμνηστίαν.
3341 4440 3413 4492 Σὺ
3444 4439 3503 4492 δὲ
3537 4441 3793 4510 τιμήσας

2194 4537 2258 4607 τῇ
2313 4535 2528 4606 κλήσει,
2575 4535 2862 4606 ἀτιμάζεις
2910 4537 2977 4607 τῇ
3027 4531 3285 4603 λοιδορίᾳ,
3340 4529 3540 4598 λέγων’
3580 4531 3654 4584 El
3703 4525 3797 4598 ἦν

2200 4627 2531 4696 προφήτης.
2560 4627 2892 4696 ἐγίνωσκεν
2919 4626 2996 4681 ἂν
3013 4627 3106 4693 τίς
3135 4625 3236 4680 καὶ
3261 4623 3500 4693 ποταπὴ
3527 4624 3566 4692 ἠ
3593 4621 3794 4692 γυνὴ,

2201 4718 2241 4786 ἢ
2273 4736 2361 4785 τις
2407 4717 2654 4774 ἅπτεται
2701 4719 2910 4774 αὑτοῦ.
2965 4718 3181 4772 ’Λθλιεὲ
3230 4717 3419 4788 ἐπειδὴ
3465 4715 3536 4770 τά
3580 4715 3650 4768 σά
3683 4717 3801 4769 οὐκ

2201 4809 2395 4882 ήλεγξε
2441 4809 2608 4876 κακὰ,
2649 4812 2872 4878 ἄγνοιαν
2905 4810 3070 4864 αὑτοῦ
3117 4810 3502 4884 καταψηφίζῃ;
3560 4809 3803 4882 Ἐπειδὴ

2199 4905 2299 4974 τὴν
2321 4904 2532 4968 πολλοῖς
2559 4908 2748 4970 κακοῖς
2769 4904 2974 4976 βεϐαρη
2981 4903 3149 4976 μένην
3171 4922 3267 4959 σου
3295 4905 3493 4974 στέγην
3517 4903 3800 4975 ὑπῆλθεν,

2201 5001 2448 5070 ἀναιρεῖς
2499 4997 2664 5050 αὑτοῦ
2707 4997 2805 5069 τήν
2844 4997 3072 5066 γνῶσιν;
3124 4997 3264 5051 Ἀλλ’
3304 4998 3491 5065 ἐπειδὴ
3538 4996 3805 5066 ἠξίωσας

2199 5087 2360 5140 αὐτὸν
2389 5086 2489 5158 τὴν
2521 5087 2619 5158 σὴν
2665 5085 2917 5141 ὑπελθεῖν
2958 5087 3156 5160 στέγην
3178 5127 3194 5154 ,
3243 5087 3594 5159 ἀνακλιθῆναι
3639 5087 3805 5158 μετὰ

2199 5176 2316 5242 σοῦ,
2361 5179 2457 5230 καὶ
2489 5179 2646 5248 χεῖρα
2679 5176 2992 5232 ἐπιϐάλλειν
3033 5181 3144 5242 τοῖς
3192 5178 3457 5250 ἐδέσμασι
3493 5194 3618 5240 σου,
3685 5180 3805 5230 ἐπ-
3863 5195 3867 5198 λ

2197 5267 2384 5321 ένευσε
2415 5269 2508 5322 καὶ
2522 5269 2623 5322 οὐκ
2641 5266 2974 5339 ἀπηξίωσεν,
2999 5267 3096 5322 ἕνα
3132 5269 3296 5323 αὐτὸν
3319 5269 3425 5323 τῶν
3455 5266 3668 5322 πολλῶν
3697 5285 3805 5322 νο-

2199 5359 2411 5432 μίζειςς
2454 5360 2636 5425 ’Δξιος
2667 5360 2724 5413 δὲ
2755 5356 2899 5430 ἦσθα
2925 5359 3279 5432 ξενοδοχῆσαι
3309 5361 3463 5428 Θεὸν,
3504 5359 3538 5431 ἦ
3568 5359 3804 5431 τράπε-

2199 5451 2298 5516 ζαν
2326 5452 2636 5525 παραϐῆναι
2667 5451 2744 5524 τῷ
2776 5451 3118 5523 ἑτοιμάζοντι
3150 5452 3427 5524 τράπεζαν
3465 5455 3524 5507 ἐν
3551 5453 3801 5524 ὲρήμῳ;

2211 5543 2371 5597 Ἀλλά
2396 5541 2778 5612 φιλάνθρωπος
2807 5541 2903 5608 ὢν,
2927 5545 2989 5597 οὐ
3019 5545 3376 5616 παρητήσατο
3401 5543 3494 5597 καὶ
3522 5544 3657 5612 παρ’
3687 5545 3804 5596 αὐ-

2199 5635 2308 5689 τῶν
2335 5634 2443 5688 τῶν
2473 5633 2700 5689 οἰκετῶν
2742 5634 2892 5706 πόμα
2937 5633 3031 5689 καὶ
3073 5634 3248 5688 σιτίον
3288 5633 3670 5700 ὑποδέξασθαι.
3726 5635 3806 5692 Ti

1119 5815 1160 5850 "’
1187 5813 1332 5875 Psal.
1363 5828 1514 5882 LXXI,
1547 5811 1600 5870 9.
1680 5815 1722 5848 ³⁸
1749 5812 1904 5870 Joau.
1946 5829 2065 5878 xm,

2268 5817 2491 5873 "Joan.
2545 5832 2642 5882 IV,
2699 5816 2784 5870 19.
2865 5817 2910 5850 ³ο
2969 5815 3140 5870 Exod.
3177 5815 3405 5883 “1,15.
