4092 6432
316 449 363 510 8⁵
1410 464 1670 523 ORATIO
1703 465 1771 521 1N
1813 463 2175 523 MULIEREM
2214 459 2714 517 PECCATRICEM.
3594 458 3681 513 κε’

320 566 400 627 οὖν
443 573 729 629 mittatur.
784 578 1230 655 φιλάνθρωπον
1278 582 1572 654 Δεσπότην,
1615 576 1660 637 ὦ
1695 584 1990 655 Φαρισαῖε,

2102 591 2208 635 tum
2236 593 2499 647 escasque
2531 577 2855 643 susciperet.
2901 572 3040 641 Quid
3085 588 3215 644 ergo
3249 572 3537 642 benignum
3565 573 3669 628 Do-

329 663 521 735 ὐμοίως
554 666 646 730 είς
675 668 931 734 πάντας
956 673 1065 726 τὸν
1092 673 1198 742 τῆς
1226 674 1588 745 χρηστότητος
1614 675 1778 743 ζυγὸν
1798 674 1994 728 ταλαν-

337 758 599 821 τεύονταζ
624 761 703 812 Τί
747 761 817 816 δὲ
866 766 975 819 τὸν
1019 764 1259 819 κύνωπα
1288 767 1385 837 τῆς
1428 767 1683 835 γυναικὸς
1722 767 1991 833 διῦλίζων,

348 853 438 923 τὴν
468 852 737 923 κάμηλον
772 856 906 909 τῶν
961 857 1193 911 οἰκείων
1239 858 1421 912 κακῶν
1470 860 1831 926 καταπίνεις;
1883 862 1995 914 Καὶ

364 945 451 996 ἐπὶ
475 945 554 996 σοὶ
595 944 705 1015 μὲν
756 948 1153 1019 μακροθυμον
1186 950 1277 1003 τὸν
1322 950 1455 1003 Θεὸν
1488 948 1628 1005 εἶναι
1680 951 1866 1024 βούλῃ,
1900 952 1994 1005 ἐπὶ

376 1034 536 1107 ταύτῃ
574 1035 637 1089 δὲ
672 1037 1019 1109 ἁπότομονς
1065 1039 1132 1091 Τί
1180 1040 1266 1092 ἐπ’
1325 1041 1629 1113 ἀλλοτρίοις
1678 1042 1991 1112 ἐγκλήμασι

392 1125 695 1196 παροξύνεις
719 1126 828 1181 τδν
850 1128 1150 1201 δικαστὴν,
1168 1131 1259 1184 ἐπὶ
1286 1134 1396 1195 τοῖς
1422 1133 1641 1198 οἰκείοις
1664 1133 1993 1205 συγγνώμην

400 1217 575 1282 eitum;
616 1219 689 1272 Τί
735 1223 1179 1292 συνεφωνήσατε
1220 1222 1329 1294 (7‘2)
1378 1225 1442 1278 σὺ
1482 1225 1577 1277 καὶ
1630 1225 1830 1288 Ἰούδας
1869 1242 1993 1277 πει-

409 1312 554 1380 ρᾶσαι
576 1310 670 1363 τὶν
697 1310 957 1380 Κύριον;
1001 1314 1075 1366 Σὺ
1111 1313 1209 1384 μὲν
1240 1314 1347 1385 γὰρ
1373 1314 1448 1375 ὡς
1480 1315 1721 1387 καθαρὸς
1758 1315 1867 1369 ἀπὸ
1900 1314 1995 1387 ῥύ-

406 1421 533 1468 που,
562 1405 656 1456 ἐπὶ
678 1408 797 1468 τοῖς
832 1406 1200 1478 ἁμαρτήμασι
1229 1406 1499 1479 διασύρων
1539 1409 1630 1461 τὸν
1669 1408 1955 1480 ἄνθρωπον
1974 1449 1990 1474 ,

404 1496 616 1561 ἄγνοιαν
640 1497 1005 1569 καταψηφίζῃ
1031 1498 1166 1552 Θεοῦ
1188 1517 1202 1530 ·
1228 1501 1255 1552 ὁ
1274 1499 1352 1562 δὲ,
1376 1500 1450 1563 ὡς
1474 1500 1811 1571 φιλόπτωχος
1830 1501 1995 1568 ’ἀγαν-

413 1591 600 1651 ακτεί,
653 1588 868 1658 λέγων·
929 1591 1026 1655 Τίς
1073 1591 1111 1659 ἡ
1160 1589 1424 1645 ἀπώλεια
1462 1590 1571 1644 τοῦ
1618 1593 1815 1661 μύρου
1861 1591 1995 1645 τού-

400 1695 540 1739 του;
578 1677 837 1731 ἐδύνατο
866 1680 979 1747 τὰρ
1007 1678 1303 1747 πραθῆναι
1327 1680 1584 1738 πολλοῦ.
1619 1682 1713 1733 καὶ
1744 1679 1994 1749 δοθῆναι

400 1771 685 1839 πτωχοῖς.
736 1772 801 1822 Ὢ
834 1771 934 1841 τῆς
967 1771 1280 1841 ἀγνώμονος
1320 1770 1577 1841 γνώμηςῐ
1612 1772 1676 1824 Ὢ
1706 1771 1815 1824 τῶν
1861 1773 1996 1843 ἀχα-

409 1862 615 1934 ρίστων
637 1862 892 1932 τρόπωνῑ
937 1860 1236 1915 Ἀπώλειαν
1268 1862 1440 1931 τίθης,
1475 1862 1665 1928 Ἰούδα,
1699 1863 1798 1934 τὴν
1832 1862 1995 1935 θερά-

2100 675 2305 729 minum
2337 671 2600 742 postulas,
2627 685 2661 725 ο
2685 669 2982 733 Ριιετίειεε,
3035 666 3125 734 qui
3168 666 3221 720 in
3252 679 3444 719 omnes
3466 665 3671 734 pariter

2099 765 2358 821 bonitatis
2410 771 2668 818 stateram
2710 759 2986 815 libret“?
3035 757 3173 825 Quid
3231 771 3361 811 vero
3420 754 3689 810 excolaus»

2096 857 2342 913 mulieris
2375 856 2625 918 culicem,
2676 862 2890 908 tuorum
2924 851 3037 922 ipse
3083 849 3348 905 malorum
3401 847 3669 902 cameluni

2093 949 2324 1019 deglutis
2346 948 2431 1001 “?
2453 949 2520 1001 Et
2548 945 2791 1016 quidem,
2824 944 2908 998 vis
2930 943 2983 998 in
3022 951 3075 997 te
3099 941 3263 996 Deum
3285 940 3673 1010 longanimem;

2096 1041 2148 1096 in
2183 1042 2322 1096 hanc
2343 1052 2521 1094 autem
2546 1047 2857 1109 promptum
2889 1036 2957 1090 ad
2986 1034 3167 1089 iram?
3208 1031 3349 1100 Quid
3385 1032 3673 1085 Dominum

2098 1149 2388 1205 exasperas
2418 1134 2470 1187 in
2498 1132 2690 1186 alienis
2720 1129 3067 1194 criminibus,
3108 1128 3202 1198 qui
3239 1127 3290 1181 in
3321 1125 3557 1196 pr0priis
3583 1138 3675 1177 ve.

2094 1228 2240 1282 niani
2277 1226 2471 1296 petas?
2498 1225 2635 1293 Quid
2665 1232 2719 1277 tu
2745 1222 3021 1291 Judasque
3058 1219 3405 1284 convenistis,
3460 1226 3521 1272 ut
3567 1225 3679 1271 ten-

2094 1320 2284 1375 taretis
2308 1319 2595 1373 Dominum
2614 1318 2638 1371 ?
2656 1315 2734 1370 Tu
2761 1316 3003 1385 quidem,
3028 1312 3172 1368 velut
3193 1312 3422 1365 mundus
3444 1326 3474 1364 a
3491 1310 3673 1372 sorde,

2095 1405 2389 1461 detrahens
2448 1405 2654 1459 homini
2690 1418 2790 1472 pro
2835 1401 3091 1472 peccatis,
3145 1401 3312 1453 Deum
3360 1398 3677 1469 ignorantia:

2094 1499 2321 1551 damnas
2348 1513 2363 1549 :
2406 1495 2499 1549 ille
2523 1506 2727 1556 autem,
2754 1509 2849 1547 ceu
2886 1506 3178 1561 pauperum
3210 1504 3399 1542 amans
3431 1488 3679 1558 indigna-

2096 1598 2205 1652 tur,
2230 1584 2459 1640 dicens:
2497 1582 2563 1638 Ut
2599 1584 2727 1649 quid
2751 1583 2974 1652 perditio
3009 1583 3112 1635 iala
3148 1580 3399 1651 unguenti
3422 1579 3676 1633 IPoterat

2093 1677 2230 1730 enim
2261 1677 2553 1730 venundari
2582 1676 2780 1739 multo,
2812 1685 2858 1728 et
2892 1674 3009 1726 dari
3043 1672 3358 1741 pauperibus
3387 1669 3452 1723 ³³.
3483 1668 3527 1725 0
3576 1669 3680 1723 iiii-

2097 1771 2324 1838 probum
2353 1769 2629 1823 animum!
2688 1765 2732 1823 Ο
2782 1769 3024 1837 ingratos
3078 1764 3295 1819 mores!
3329 1761 3614 1827 Estimas,
3646 1778 3680 1815 ο

2095 1859 2255 1924 Juda,
2310 1860 2695 1929 perditionem,
2738 1855 3059 1926 obsequium
3103 1853 3352 1910 Christi?
3408 1868 3681 1923 vocasque

402 1970 568 2007 πειαν
598 1952 694 2007 τοῦ
728 1953 997 2024 Χριστοῦς
1025 1954 1118 2006 καὶ
1148 1954 1371 2023 μάταιον
1400 1954 1665 2025 ἀνάλωμα
1696 1953 1901 2020 καλεῖς,
1933 1954 1994 2008 τὸ

2102 1951 2312 2007 inanem
2342 1959 2638 2020 sumptum,
2670 1950 2813 2020 quod
2848 1949 2904 2004 in
2945 1949 3207 2003 honorem
3248 1947 3344 2002 Dei
3391 1945 3693 2017 procedit?

400 2048 489 2107 εἰς
515 2046 684 2115 τιμὴν
716 2047 1071 2116 προχωρῆσαι
1100 2045 1271 2110 Θεοῦ;

476 2135 555 2189 9'.
581 2136 755 2189 Πόσον
778 2134 1049 2206 ἐδώκαμεν
1085 2130 1161 2189 ὧν
1193 2136 1992 2209 ἐλάϐομενςΛογισώμεθα,ἀφ’

403 2223 581 2296 οὗπερ
608 2228 640 2279 ὀ
686 2226 892 2296 κόσμος
930 2226 1209 2298 ἀνεδείχθη
1232 2266 1247 2289 ,
1296 2229 1453 2281 πόσοι
1497 2228 1651 2300 παρὰ
1692 2229 1792 2298 τῆς
1827 2227 1992 2282 αὐτοῦ

407 2315 629 2384 φύσεως
664 2316 848 2379 ἐλέους
890 2316 1069 2386 ῥέουσι
1124 2319 1377 2387 ποταμοὶ,
1412 2320 1506 2372 καὶ
1549 2321 1611 2373 οὐ
1651 2318 1923 2388 λογίζεται
1965 2321 1995 2373 ὀ

405 2404 544 2469 8345;
585 2405 791 2475 ζημίαν
821 2406 918 2474 τὴν
941 2406 1216 2475 ἀφθονίαν.
1247 2408 1425 2471 Πόσας
1448 2410 1481 2479 ἡ
1513 2410 1583 2479 γῆ
1609 2409 1839 2472 εὐωδίας
1866 2407 1995 2478 βλα-

406 2495 627 2558 (nivei;
665 2495 836 2566 ρῶον,
870 2495 962 2546 καὶ
994 2495 1198 2565 κρίνον,
1233 2495 1325 2547 καὶ
1358 2495 1639 2566 στύρακα,
1670 2495 1866 2566 νάρδον
1899 2495 1991 2549 καὶ

407 2587 676 2656 στακτὴν,
710 2586 804 2639 καὶ
835 2584 903 2639 τὰ
930 2586 1085 2649 ἄλλα,
1127 2586 1219 2656 ἀφ’
1247 2580 1323 2640 ὧν
1350 2586 1413 2639 τὸ
1446 2587 1610 2640 καλὸν
1649 2586 1991 2641 κατασκευά-

410 2678 566 2745 ζεται
606 2678 809 2749 μύρον·
849 2680 942 2731 καὶ
978 2678 1039 2731 ού
1084 2678 1357 2747 λογίζεται
1410 2679 1523 2751 (75)
1568 2680 1700 2743 Θεὸς
1770 2681 1850 2742 είς
1890 2680 1996 2733 ἀπ-

411 2768 613 2820 ώλειαν
632 2767 823 2820 ταῦτα·
848 2769 941 2821 καὶ
972 2768 1058 2821 ἵνα
1089 2768 1280 2839 μικρὸν
1309 2768 1647 2838 ἀλάϐαστρον
1685 2768 1855 2840 μύρου
1882 2771 1995 2832 τοῖς

2162 2124 2253 2180 ΙΧ.
2317 2124 2586 2192 Quantum
2624 2124 2871 2179 dedimus
2913 2139 2982 2178 ex
3045 2122 3110 2178 iis
3168 2138 3286 2192 quae
3327 2137 3637 2192 accepimus
3662 2162 3683 2176 .

2097 2217 2408 2287 Cogitemus
2453 2232 2521 2271 ex
2565 2232 2674 2286 quo
2725 2216 2957 2270 mundus
3002 2216 3253 2270 conditus
3297 2225 3417 2283 est,
3477 2225 3681 2282 quanta

2092 2312 2262 2367 ﬂuunt
2305 2314 2372 2368 ab
2420 2314 2538 2381 ejus
2593 2322 2789 2367 natura
2851 2313 3238 2367 misericordiae
3292 2312 3533 2379 ﬂumina,
3583 2327 3681 2368 nec

2095 2405 2235 2459 Deus
2268 2404 2569 2474 largitatem
2601 2405 2929 2459 detrimento
2963 2405 3132 2460 ducit.
3175 2404 3317 2471 Quot
3364 2416 3507 2460 terra
3549 2422 3680 2461 sua-

2092 2511 2187 2550 ves
2229 2500 2425 2551 odores
2478 2497 2764 2567 producit?
2816 2512 3022 2560 rosam,
3074 2497 3246 2552 lilium
3292 2507 3349 2553 et
3388 2509 3682 2570 styracem,

2095 2591 2323 2644 nardum
2358 2599 2412 2643 et
2439 2598 2688 2653 stactem,
2742 2588 2957 2658 aliaque
3002 2602 3069 2642 ex
3122 2589 3320 2658 quibus
3351 2599 3682 2659 unguentum

2092 2683 2326 2751 probum
2365 2683 2690 2749 coniicitur;
2741 2698 2843 2737 nec
2871 2682 3012 2738 Deus
3040 2685 3140 2737 ista
3178 2693 3390 2752 reputat
3424 2684 3685 2754 perditio-

2095 2790 2252 2840 nem;
2286 2783 2340 2829 et
2383 2784 2435 2829 tu
2464 2776 2845 2829 obmurmuras
2879 2775 3021 2843 quod
3046 2774 3314 2829 modicum
3350 2774 3682 2829 alabastrum

412 2863 544 2914 ποσὶ
565 2860 661 2914 τοῦ
681 2860 915 2932 Χριστοῦ
942 2861 1190 2932 ἐπιχεθῇ,
1208 2859 1529 2929 γογγύζειςς
1557 2861 1649 2932 Μὴ
1672 2856 1766 2913 οὖν
1791 2862 1997 2932 προῖκα

2102 2868 2355 2936 unguenti
2401 2866 2603 2921 Christi
2640 2866 2868 2935 pedibus
2911 2865 3141 2921 all'usum
3192 2866 3312 2921 sit?
3362 2864 3499 2919 Num
3550 2880 3683 2921 vero

412 2952 552 3007 αὐτὸ
596 2952 810 3016 ἔλαϐεν,
868 2953 954 3005 ἵνα
1008 2952 1329 3020 γογγύζεις;
1389 2951 1590 3004 Ἔλαὸε
1650 2950 1840 3023 μύρον,
1900 2952 1996 3005 καὶ

2102 2960 2226 3016 illud
2249 2963 2418 3030 gratis
2448 2962 2677 3028 accepit,
2714 2970 2774 3014 ut
2812 2961 3284 3016 murmuraveris?
3332 2961 3556 3027 Accepit
3583 2977 3685 3015 un-

411 3042 588 3109 ἔδειξε
624 3042 912 3113 μετανοίας
934 3043 1153 3113 τρόπον.
1186 3042 1384 3096 Ἐλαόε
1419 3043 1651 3115 δάκρυα,
1680 3044 1773 3095 καὶ
1799 3041 1996 3114 ἔστησε

2102 3065 2376 3122 guentuin,
2428 3063 2482 3106 et
2510 3052 2753 3106 exhibuit
2801 3053 3135 3122 pmnitentiae
3170 3052 3410 3106 modum.
3456 3051 3684 3122 Accepit

413 3138 605 3207 πηγὴν
644 3134 1079 3206 ἁμαρτημάτων.
1114 3134 1247 3187 Ποία
1297 3129 1389 3187 οὖν
1439 3136 1585 3187 ἐστιν
1626 3131 1908 3197 ἀπώλεια,
1948 3133 1998 3184 εἰ

2102 3144 2389 3215 lacrymas,
2448 3153 2503 3197 et
2560 3145 2803 3199 cohibuit
2851 3145 3240 3213 scaturiginem
3314 3153 3681 3211 peccatorum.

413 3227 596 3299 ἐσώθη
624 3228 764 3297 γυνὴ
790 3268 803 3288 .
837 3226 904 3279 δι’
950 3226 1016 3296 ἣν
1045 3226 1075 3277 ὁ
1114 3226 1441 3297 παράδεισος
1472 3224 1807 3297 ἀπεκλείσθη
1844 3222 1989 3296 (74);

2102 3238 2230 3305 Quae
2263 3252 2391 3307 ergo
2416 3237 2667 3305 perditio,
2704 3237 2850 3291 salva
2886 3235 3076 3290 ell'eCIa
3123 3235 3368 3299 muliere,
3410 3239 3479 3290 ob
3520 3251 3684 3305 quam

431 3296 595 3373 ’Δλλά
627 3296 788 3372 λιιπεί
832 3334 892 3370 σε
935 3316 1115 3380 τοῦτο,
1159 3296 1366 3375 Ἰούδαξ
1416 3317 1656 3380 Εἰκότως
1681 3334 1693 3348 ·
1739 3316 1835 3371 καὶ
1886 3318 1995 3389 γὰρ

2102 3329 2385 3400 paradisus
2421 3328 2641 3383 clausus
2687 3327 2827 3383 fuit?
2869 3329 3067 3384 Verum
3108 3337 3161 3383 te
3196 3328 3318 3393 hoc,
3360 3326 3520 3393 Juda,
3555 3342 3686 3382 con-

416 3412 511 3466 τὸν
537 3409 785 3464 διάϐολον
813 3408 1084 3477 ἐλύπησεν
1125 3409 1294 3479 αὐτῆς
1332 3411 1366 3481 ὴ
1420 3409 1683 3480 σωτηρία.
1725 3405 1847 3462 Οἵδε
1884 3409 1995 3482 γὰρ

2105 3418 2324 3474 tristat?
2360 3418 2554 3473 Merito
2594 3436 2608 3472 ε
2647 3434 2772 3473 nam
2800 3428 2855 3473 et
2879 3419 2998 3489 ejus
3019 3417 3165 3473 salus
3193 3418 3463 3473 diabolum
3492 3419 3688 3472 contri-

417 3503 487 3557 δι’
522 3502 695 3573 αὐτῆς
721 3501 905 3555 λοιπὸν
937 3502 999 3554 τὸ
1027 3500 1183 3569 γένος
1228 3502 1363 3572 πρὸς
1396 3502 1683 3571 μετάνοιαν
1731 3501 1998 3573 μεταϐαλ-

2102 3510 2284 3566 stavit.
2340 3511 2578 3565 Noverat
2614 3512 2757 3566 enim
2807 3511 3059 3579 deinccps
3109 3526 3204 3580 per
3250 3511 3392 3565 illam
3459 3524 3688 3565 conver-

417 3594 673 3666 λόμενον·
711 3594 806 3647 καὶ
834 3593 1086 3647 δάκνεται
1118 3594 1212 3646 καὶ
1260 3594 1516 3647 ἀνιᾶται·
1571 3594 1670 3646 οὐκ
1717 3592 1855 3663 ἔχων
1886 3593 1997 3646 λοι-

2104 3604 2318 3659 tendum
2355 3618 2543 3658 sexum
2601 3605 2666 3658 ad
2716 3604 3135 3673 pmnitentiam;
3183 3618 3247 3657 ac
3288 3603 3582 3668 mordetur,
3632 3612 3687 3658 et

422 3688 525 3741 πὺν
562 3686 778 3739 δίκτυον
807 3685 873 3739 δι’
901 3685 959 3738 ὃν
999 3685 1211 3758 θηράσῃ
1242 3685 1332 3739 τὸν
1362 3684 1668 3755 ἄνθρωπον.
1705 3683 1866 3737 Ὅθεν
1903 3684 1999 3737 καὶ

2102 3705 2184 3750 est
2212 3695 2429 3761 anxius,
2481 3696 2624 3765 quod
2666 3695 2778 3765 jam
2828 3694 2966 3749 desit
3004 3705 3120 3749 rete
3167 3696 3234 3749 ad
3276 3694 3551 3748 hominem
3587 3707 3684 3745 ve-

426 3781 487 3834 σὲ
518 3782 598 3843 είς
629 3780 691 3832 τὸ
736 3778 1003 3847 γογγύσαι
1050 3777 1441 3851 παρώρμησεν.
1477 3781 1582 3843 Εἰς
1613 3779 1691 3840 τί,
1739 3779 1923 3849 φησιν,
1958 3778 1997 3845 ἠ

2105 3788 2363 3852 nandum,
2402 3802 2572 3857 eaque
2609 3795 2663 3841 te
2711 3802 2871 3842 causa
2913 3786 2967 3840 in
3018 3802 3267 3840 murmur
3307 3785 3574 3855 propellit.
3618 3781 3687 3838 Ut

421 3871 693 3926 ἀπώλεια
725 3870 918 3938 αῦτη;
964 3869 1246 3924 Ἑδύνατο
1279 3874 1388 3940 γὰρ
1411 3868 1709 3938 πραθῆναι
1742 3869 1998 3924 πολλοῦ.

428 3964 569 4036 Ἤδη
628 3964 923 4035 πράσσεις,
986 3962 1193 4016 Ἰούδα·
1244 3963 1346 4035 ἤδη
1398 3962 1689 4034 προδοσίας
1739 3961 2000 4032 μελετᾷς·

426 4058 616 4111 κακῶν
644 4060 979 4130 αἰνιγμάτων
1008 4059 1122 4128 (ῗ5)
1157 4059 1323 4129 ἀρχή.
1391 4056 1531 4109 Ἀλλ’
1574 4058 1602 4109 ὁ
1653 4054 1859 4125 Ἰησοῦς
1904 4056 2004 4109 οὐκ

426 4150 645 4221 ἐλέγχει
676 4151 840 4203 αὐτοῦ
874 4152 972 4221 τὴν
1003 4152 1188 4204 νόσον·
1222 4151 1283 4202 ού
1314 4151 1513 4219 γυμνοῖ
1549 4148 1609 4202 τὸ
1643 4147 2000 4219 φιλάργυρον,

428 4243 520 4295 ἵνα
551 4241 627 4313 μὴ
652 4242 747 4313 τὴν
780 4242 1073 4311 μέλλουσαν
1095 4241 1385 4313 προδοσίαν
1420 4240 1824 4311 ἀνακρούσηται
1844 4257 1858 4272 ·
1890 4239 2004 4293 ἀλλ’

428 4336 527 4387 ἐπὶ
548 4334 753 4398 πάντας
776 4334 946 4403 λέγει·
980 4335 1040 4387 Tl
1065 4334 1290 4398 κόπους
1321 4331 1609 4400 παρέχετε
1634 4329 1710 4398 τῇ
1736 4332 2007 4400 γυναικί;

428 4426 500 4479 Τί
546 4426 688 4496 πρὸς
722 4429 833 4488 τοῖς
875 4423 1206 4497 προλαϐοῦσι
1244 4427 1432 4486 κακοῖς
1477 4422 1731 4487 κακίζετε
1776 4421 1875 4491 τὴν
1914 4422 2011 4475 ἄν-

505 4540 549 4570 ¹¹
574 4537 705 4606 Sap.
728 4553 803 4602 νι,
834 4538 886 4591 8.

430 4625 548 4673 nr,
572 4608 629 4661 6.

2105 3882 2254 3951 quid,
2304 3880 2504 3950 inquit,
2558 3881 2781 3949 perditio
2834 3880 2988 3934 hac?
3042 3875 3262 3933 Poterat
3303 3877 3443 3931 enim
3489 3891 3687 3930 venun-

2104 3970 2223 4024 dari
2262 3972 2448 4025 multo.
2500 3968 2619 4026 Jam
2676 3971 2953 4025 venundas
2991 4010 3007 4035 ,
3058 3969 3231 4035 Juda;
3274 3967 3384 4037 jam
3420 3967 3687 4038 proditio-

2109 4077 2204 4116 nes
2234 4062 2514 4117 meditaris
2549 4080 2563 4115 :
2594 4062 2858 4116 malorum
2888 4062 3234 4131 mnigmatum
3265 4060 3563 4114 inchoatio.
3600 4055 3689 4112 Je-

2111 4166 2203 4204 sus
2239 4163 2416 4205 tamen
2465 4169 2571 4207 non
2614 4153 2794 4222 arguit
2842 4153 2958 4223 ejus
3008 4153 3254 4207 morbum
3288 4165 3304 4204 :
3336 4167 3440 4206 non
3487 4152 3692 4220 dett-git

2115 4245 2425 4308 avaritiam,
2456 4253 2515 4299 ut
2539 4261 2607 4299 ne
2638 4244 2874 4298 futuram
2906 4245 3262 4314 proditionem
3300 4244 3551 4312 depellat.
3583 4243 3690 4298 Sed

2118 4337 2192 4389 ait
2231 4337 2282 4390 in
2324 4353 2512 4391 omnes
2545 4356 2558 4391 :
2593 4336 2735 4402 Quid
2780 4338 2982 4391 molesti
3029 4338 3154 4390 estis
3189 4337 3309 4389 huic
3354 4336 3563 4388 mulieri
3607 4335 3692 4388 “1'

2120 4425 2259 4492 Quid
2297 4444 2393 4496 pro
2425 4427 2583 4483 malis
2622 4428 2906 4498 praeteritis
2936 4425 3191 4481 feminam
3222 4424 3552 4494 objurgatis?
3586 4423 3692 4479 Sa-

962 4537 1210 4590 "illatth.
1230 4551 1382 4599 χλιιι,
1410 4534 1500 4589 24.
1531 4532 1936 4600 ²³Μειιιιι.ιικτι,
1963 4534 1995 4590 9

2102 4536 2221 4594 ἐτε.
2247 4555 2357 4605 xiv,
2394 4540 2461 4605 4;
2488 4538 2643 4595 Joan.
2675 4556 2771 4605 xu,
2803 4539 2858 4594 5.
2932 4538 2978 4571 “
3003 4537 3190 4592 Matth.
3224 4552 3373 4601 mn,
3409 4536 3689 4604 l0;l:larc.

506 4730 625 4809 (7:2)
660 4730 722 4783 Tl
768 4727 1263 4809 οινυιςειερωνιήσίιςεε·ἶ
1305 4724 1531 4781 Videtur
1568 4727 1794 4809 innuere
1829 4741 1999 4809 unam

2112 4725 2346 4809 1Ioannes
2393 4735 2597 4809 narrat,
2642 4724 3005 4809 Iacciimhente
3054 4721 3263 4809 Lazaro
3291 4721 3599 4809 suscitato...
3637 4724 3690 4775 in

431 4796 771 4860 unctionem,
796 4796 950 4866 cujus
975 4814 1135 4853 causa
1163 4797 1325 4853 Judas
1366 4796 1742 4866 murmuravit,
1790 4805 1846 4850 et
1884 4812 2004 4865 qua:

434 4875 491 4928 in
528 4873 692 4926 domo
711 4865 947 4925 Simonis
975 4867 1122 4939 (Luc.
1161 4866 1556 4939 νιιηὸθγίιιειε
1601 4865 1820 4939 legitur,
1856 4882 2003 4919 niur-

438 4946 695 4996 murante
745 4950 797 4993 et
846 4936 1195 5007 ipso‘contra
1256 4937 1539 5007 Dominum
1578 4936 2002 5007 suscipientem:

440 5013 544 5065 nisi
580 5010 842 5072 oratorie,
867 5005 1008 5062 duas
1040 5009 1341 5070 unctiones,
1390 5006 1535 5059 velut
1575 5005 1627 5058 in
1670 5022 1852 5065 uuam,
1898 5020 2005 5059 una

440 5080 706 5136 orationis
740 5081 882 5133 serie
906 5080 1069 5145 cogit.
1112 5079 1361 5132 Ezimdem
1407 5078 1552 5130 illaut
1597 5077 1897 5136 mulierem,
1951 5083 2007 5129 et

444 5166 602 5219 quam
630 5159 741 5205 tres
780 5148 1119 5219 evangelista
1150 5149 1370 5219 habent,
1396 5145 1700 5219 existimat“
1720 5146 2003 5219 Clirysost.

447 5213 667 5276 bom.8!
686 5222 737 5272 in
759 5235 881 5272 xxv:
902 5213 1117 5282 Matth,
1144 5218 1408 5272 sedaliam
1431 5233 1458 5268 a
1475 5216 1702 5268 mirabili
1732 5215 1817 5267 illa
1840 5213 2005 5268 Maria

448 5304 633 5345 sorore
655 5288 846 5342 Lazari
885 5304 900 5340 :
928 5302 1032 5356 qua
1067 5290 1132 5341 de
1156 5301 1215 5340 re
1254 5287 1384 5340 nihil
1413 5286 1822 5354 Amphilochius
1857 5303 1870 5337 :
1902 5287 2003 5339 ob-

454 5363 690 5429 tinelque
708 5355 1013 5428 Augustini,
1038 5356 1285 5429 Gregorii
1306 5357 1502 5429 Magni,
1539 5366 1692 5429 etc.,_
1708 5355 2003 5429 sententia,

450 5440 511 5483 ut
535 5425 722 5498 et'ipsa
746 5425 854 5498 una
910 5425 1219 5498 eademque
1247 5427 1346 5489 sit;
1375 5426 1608 5498 colitque
1655 5425 1891 5498 Ecclesia
1949 5433 2008 5479 ut

450 5496 647 5563 unam;
672 5497 848 5553 olIicio
877 5513 943 5551 ex
991 5499 1162 5551 variis
1209 5496 1338 5550 locis
1370 5496 1685 5565 Scriptura,
1728 5496 1923 5559 quibus
1953 5502 2008 5565 ct

446 5571 653 5624 sororis
695 5568 884 5622 Lazari
922 5579 978 5623 et
1038 5567 1279 5620 mulieris
1307 5581 1464 5634 quam
1499 5564 1878 5634 evangelista;
1916 5564 2008 5618 alii

450 5640 669 5703 habent,
724 5639 925 5694 mentio
973 5646 1079 5704 est,
1117 5631 1457 5690 devotisSime
1501 5631 1785 5689 instructo.
1836 5631 2012 5704 Unam

516 5709 786 5765 ohlariam
818 5703 1071 5771 dixerim,
1100 5717 1209 5760 tres
1228 5707 1504 5759 unctiones
1532 5720 1545 5756 :
1574 5705 1657 5758 vel
1679 5715 1828 5757 certe
1852 5703 2009 5757 duas.

450 5726 671 5831 ῗάειιπ
690 5780 838 5831 enim
874 5781 964 5831 illa
1010 5776 1143 5831 Luc.
1197 5776 1404 5831 vu.38.
1443 5774 1598 5831 longe
1623 5773 1895 5831 antiquior
1944 5787 2009 5827 ea

504 5773 671 5835 idetur
690 5780 838 5835 enim
874 5781 964 5833 illa
1010 5776 1143 5831 Luc.
1197 5776 1404 5840 vu,38,
1443 5774 1598 5844 longe
1623 5773 1895 5844 antiquior
1944 5787 2012 5827 ea

490 5868 604 5904 nam
633 5849 916 5905 Matthaeus
939 5857 994 5902 et
1021 5846 1233 5900 Marcus
1260 5844 1451 5899 factam
1470 5843 1686 5907 habent,
1711 5843 1813 5896 Sub
1837 5843 2010 5910 ipsum

504 5937 616 5979 rme
653 5931 866 5988 tempus
900 5917 1171 5990 passionis
1224 5915 1515 5972 Dominica:
1556 5932 1570 5969 :
1614 5929 1679 5971 ac
1706 5926 1807 5967 nec
1848 5926 2009 5982 quam

2114 4800 2252 4866 ipsa,
2288 4810 2347 4850 ut
2371 4798 2608 4860 videtur,
2642 4795 2833 4849 Lazari
2869 4806 2922 4866 et
2937 4792 3401 4866 _sororum_do_tno,
3430 4792 3691 4866 ipsa_fue-

2111 4863 2206 4931 rit,
2235 4883 2355 4936 quae
2383 4869 2522 4935 apud
2587 4867 2777 4919 Matth.
2811 4876 2866 4919 et
2903 4864 3141 4917 Marcum
3200 4863 3393 4936 legitur
3428 4864 3481 4917 iu
3531 4864 3693 4936 domo

2112 4932 2351 4991 Simonis
2409 4932 2605 5004 l‘eprosi
2660 4955 2673 4989 :
2748 4932 3288 5004 quanquamhmulta
3320 4933 3692 5004 consonantia

2109 5010 2354 5062 eamdem
2380 5000 2724 5078 probabilius
2734 5000 3036 5078 suadeant.
3072 5002 3244 5078 Habet
3301 5000 3689 5078 Amphilochio

2108 5079 2355 5147 proxima
2382 5072 2968 5147 prmfatu§_ClirySUst.
3020 5076 3164 5147 hom.
3206 5073 3261 5123 in
3300 5074 3502 5147 prodit.
3533 5072 3692 5147 Διαίῳ

2112 5141 2262 5271 ὶοιὲἒς
2292 5146 2335 5201 V
2373 5141 2576 5201 Ducati.
2625 5141 2815 5201 Videri
2865 5154 3043 5216 potest
3095 5141 3383 5196 Jansenius
3426 5141 3688 5197 Concord.

2112 5232 2159 5271 c.
2267 5255 2283 5268 .

2110 5232 2159 5271 ε.
2192 5232 2283 5271 46.

2183 5285 2298 5357 (75)
2344 5284 2538 5356 Λογίζ.
2594 5284 2794 5357 νΜοιιιί.
2854 5285 2950 5339 καὶ
3011 5286 3072 5337 οὐ
3136 5281 3412 5351 λογίζεται
3469 5298 3498 5334 ο
3558 5284 3692 5342 Geo;

2112 5356 2407 5412 ἀπώλειαν·
2448 5358 2541 5409 καὶ
2590 5356 2697 5410 ἵνα.

2183 5427 2292 5499 (74)
2322 5428 2760 5499 μἈξτειιλείσθη.
2812 5423 2995 5499 Addit.
3040 5420 3232 5499 Μοιιιίἶ
3267 5421 3335 5499 δι’
3369 5421 3435 5492 ἢν
3503 5418 3681 5499 ξΑδὰμ

2113 5489 2496 5568 συνεξεόλήθη,
2532 5513 2624 5568 per
2650 5489 2828 5568 quam
2856 5494 3024 5546 Adam
3075 5493 3232 5568 simul
3265 5489 3459 5568 ejecta:
3495 5489 3688 5568 fuerat.

2113 5572 2180 5625 Et
2237 5557 2417 5621 statim
2463 5557 2492 5620 ’Ξ
2532 5557 2682 5621 ’ἀλλά
2742 5564 2979 5633 ἐλύπησε
3038 5562 3202 5633 τοῦτο,
3265 5557 3483 5633 Ἰούδαν·
3538 5557 3687 5633 stlid-

2114 5655 2241 5702 τως·
2272 5638 2377 5692 Sed
2418 5637 2550 5691 illud
2592 5637 2749 5689 Judre
2788 5627 2960 5688 dolori
2998 5635 3098 5703 fuit
3134 5648 3151 5685 .'
3176 5631 3300 5701 jure
3326 5630 3555 5698 quidem.
3583 5627 3686 5681 Re-

2117 5712 2276 5772 ctius,
2301 5719 2358 5762 ut
2376 5707 2608 5762 videtur.
2636 5706 2744 5760 Sed
2776 5706 2959 5775 ὲπέχω
2982 5709 3052 5761 ob
3071 5720 3135 5759 ea
3158 5716 3279 5773 quae
3306 5713 3430 5755 mox
3453 5711 3691 5766 sequun-

2120 5790 2224 5836 tur.
2246 5777 2367 5831 ὅθεν
2384 5778 2479 5830 καὶ
2504 5778 2586 5838 σὲ,
2621 5794 2676 5830 κ.
2699 5792 2750 5830 τ.
2782 5774 2833 5830 λ.

2187 5848 2300 5922 (75)
2320 5846 2708 5919 Αίνιγμάτων.
2742 5847 2903 5901 Deest
2934 5843 3073 5913 apud
3107 5840 3295 5898 Moutt'.
