4092 6378
504 405 575 463 83
1503 407 1563 464 S.
1605 408 2052 464 AMPHILOCIIII
2093 406 2475 464 [CONIENSIS
2513 405 2819 464 EPISCOPI
3703 403 3773 461 Μ

502 529 574 581 tis
599 523 735 580 male
763 524 953 580 habuit
976 525 1238 582 femineus
1267 542 1430 584 sexus
1457 545 1470 581 :
1502 543 1570 582 ne
1603 529 1726 596 quis
1749 529 2035 598 prohibeat
2062 570 2076 593 ,
2110 582 2111 585 η

2214 543 2446 598 »ρωπονς
2480 526 2780 598 Αὐτάρκως
2815 525 2988 595 ἔκαμε
3039 522 3100 577 τὸ
3149 540 3259 576 των
3294 521 3569 592 γυναικῶν
3591 522 3773 592 γένος·

503 635 612 687 quo
655 621 834 674 minus
873 618 1034 673 salvae
1079 620 1210 674 [iant
1245 640 1257 675 :
1293 637 1359 675 ne
1409 621 1531 691 quis
1581 620 1654 674 illi
1700 619 1957 676 molestus
1996 621 2086 686 sit,

501 725 623 778 qua:
667 709 840 765 fessos
871 720 1091 782 propter
1123 712 1293 780 ipsam
1337 712 1404 766 ab
1449 710 1649 766 itinere
1688 726 1853 782 super
1889 721 2086 766 terram

503 803 666 871 pedes
723 800 871 855 lavit.
933 799 1074 855 Nam
1121 817 1321 868 semper
1365 817 1614 870 pauperes
1669 802 1869 856 habetis
1915 801 2087 855 vobis-

506 910 623 947 cum
652 895 718 949 “.
749 894 922 950 Etiam
961 911 1079 950 cum
1120 896 1446 965 pauperibus
1472 911 1558 949 me
1589 895 1838 965 accipite.
1863 895 2088 966 PrOpter

508 1001 605 1042 vos
635 989 800 1050 enim,
843 1003 965 1043 cum
991 987 1144 1042 dives
1174 1003 1371 1051 essem,
1411 986 1587 1041 factus
1618 1003 1736 1042 sum
1773 1003 1994 1058 pauper,
2033 999 2092 1042 ut

510 1093 605 1133 vos
633 1093 750 1133 mea
784 1087 1109 1149 paupertate
1134 1079 1440 1134 ditaremini
1469 1077 1536 1133 ’⁸.
1575 1078 1658 1132 Me
1687 1080 1966 1145 occiditis,
1998 1096 2092 1137 ne-

509 1183 618 1237 que
650 1183 849 1224 accuso
887 1186 903 1226 :
945 1183 1031 1225 me
1065 1167 1152 1222 illa
1185 1168 1475 1238 sepultum
1513 1167 1710 1234 tradit,
1757 1177 1812 1223 et
1845 1185 2092 1222 murmu-

510 1261 682 1315 ratis?
729 1260 940 1316 Mittens
970 1263 1106 1316 enim
1135 1262 1246 1316 [nec
1274 1273 1595 1332 unguentum
1617 1261 1670 1314 in
1692 1277 1876 1328 corpus
1900 1277 2091 1326 meum,

2200 619 2387 690 μηδεὶς
2439 617 2622 672 αὐτῶν
2669 617 2769 688 τὴν
2819 616 3094 688 σωτηρίαν
3145 615 3484 686 ὲμποδιζέτω
3509 631 3521 644 ·
3589 616 3778 687 μηδεὶς

2195 708 2447 764 κοπούτω
2483 708 2582 780 τὴν
2606 708 2876 762 λούσασαν
2927 708 3084 780 μύρῳ
3124 710 3251 770 τοὺς
3281 707 3449 770 πύδας
3473 708 3599 771 τοὺς
3641 708 3779 779 ὑπὲρ

2196 802 2366 870 αὐτῆς
2397 801 2720 870 βαδίσαντας
2767 801 2860 854 ἐπὶ
2888 801 2986 872 τῆς
3010 802 3133 871 γῆς.
3180 800 3320 864 Τοὺς
3345 799 3638 869 ’πτωχοὺς
3668 799 3782 869 γὰρ

2196 893 2452 948 πάντοτε
2477 894 2647 960 ἔχετε
2671 895 2800 962 μεθ’
2824 891 3074 947 ἑαυτῶν.
3109 892 3318 946 Λάϐετε
3353 893 3498 962 κάμὲ
3526 893 3618 945 καὶ
3645 892 3785 962 μετά

2196 984 2450 1054 πτωχῶν.
2483 983 2560 1036 Δι’
2595 983 2740 1053 ὑμᾶς
2771 982 2881 1054 γὰρ
2920 982 3242 1053 ὲπτώχευσα
3277 981 3532 1045 πλούσιος
3562 980 3660 1044 ὢν,
3696 981 3787 1034 ἵνα

2198 1075 2356 1144 ὑμεῖς
2390 1077 2599 1146 ’τῇ-ἐμῇ
2645 1074 2886 1146 πτωχείᾳ
2932 1075 3294 1146 πλουτήσητε.
3338 1075 3641 1145 Ἀναιρεῖτέ
3689 1091 3786 1146 με,

2197 1166 2294 1219 καὶ
2333 1145 2450 1219 οὐκί
2476 1145 2728 1234 ἐγκαλῶ’
2768 1145 3097 1236 γένταφιάζει
3127 1145 3207 1236 με
3231 1165 3391 1238 αὕτη,
3441 1167 3536 1218 καὶ
3579 1145 3792 1234 γογγύξ

2200 1257 2322 1322 ζετε
2346 1278 2361 1326 ;
2391 1259 2682 1314 Βαλοῦσα
2704 1259 2814 1330 γὰρ
2836 1259 2991 1328 αὕτη
3017 1259 3084 1312 τὸ
3105 1261 3301 1329 μύρον
3321 1259 3420 1312 ὲπί
3449 1258 3556 1312 τοῦ
3587 1258 3792 1327 σώμα-

509 1353 580 1406 ad
617 1351 968 1422 sepeliendum
1003 1369 1082 1406 me
1117 1353 1242 1422 fecit
1269 1353 1336 1409 ’⁷.
1373 1352 1487 1408 Νοη
1521 1354 1747 1423 pudore,
1779 1351 1914 1407 Juda
1936 1393 1952 1417 ,
1983 1352 2095 1407 suf-

2214 1353 2303 1417 rdc
2323 1369 2464 1420 μου,
2509 1351 2660 1420 πρὸς
2687 1351 2755 1405 τὸ
2787 1351 3144 1420 ἐνταφιάσαι
3171 1369 3249 1421 με
3285 1351 3639 1418 πεποίηκεν.
3669 1350 3792 1404 Uine

511 1444 775 1512 funderis,
819 1446 960 1515 quod
1015 1446 1161 1510 haec,
1217 1460 1340 1500 cum
1380 1446 1449 1500 sit
1500 1445 1800 1515 peccatrix,
1857 1459 1942 1499 me
1992 1461 2094 1498 un-

2214 1443 2323 1514 ιίδῇ
2369 1439 2485 1508 οὖν,
2533 1442 2728 1507 Ἰούδα,
2770 1443 2850 1496 ὅτι
2889 1442 3025 1514 αὕτη
3064 1443 3183 1512 μὲν,
3233 1441 3556 1513 ἁμαρτωλὸς
3609 1436 3790 1507 οὖσα,

512 1540 728 1606 guentis
762 1537 1022 1602 honoret;
1060 1545 1114 1590 tu
1163 1551 1316 1603 vero,
1371 1535 1462 1605 qui
1504 1537 1580 1590 sis
1622 1534 1917 1606 apostolus,
1971 1550 2098 1589 ven-

2214 1535 2395 1607 μύροις
2447 1552 2514 1605 με
2554 1537 2690 1606 τιμᾷ
2716 1553 2730 1566 ·
2781 1535 2845 1588 σὺ
2888 1534 2980 1599 δὲ,
3021 1534 3318 1597 ἀπόστολος
3342 1532 3440 1598 ῶν,
3474 1534 3674 1607 πράσει
3718 1551 3794 1605 με

515 1628 717 1683 ditione
747 1627 974 1697 iniurius
1020 1628 1122 1683 iis?
1170 1629 1238 1683 Et
1280 1628 1475 1682 mulier
1515 1629 1753 1697 quidem,
1795 1636 1951 1698 parat
1978 1640 2099 1696 qua:

2214 1627 2590 1700 καθυϐρίζειςς
2639 1627 2749 1682 Καὶ
2783 1630 2817 1699 ή
2856 1627 2956 1698 μὲν
3000 1626 3137 1699 γυνὴ
3164 1628 3233 1680 τὰ
3265 1629 3402 1699 πρὸς
3445 1628 3616 1696 τάφον
3645 1629 3796 1682 ἐτοι-

513 1726 762 1788 spectant
824 1718 892 1772 ad
945 1717 1316 1786 sepulturam;
1369 1717 1667 1788 discipulus
1713 1724 1892 1772 autem
1938 1716 2096 1770 morti

2214 1719 2391 1791 μάζει,
2414 1722 2443 1774 ὁ
2463 1721 2519 1774 δὲ
2549 1719 2798 1791 μαθητὴς
2818 1720 2896 1790 τῷ
2919 1719 3136 1790 θανάτῳ
3156 1720 3546 1791 παραδίδωσιν.
3585 1720 3798 1791 Ἀμαρ-

517 1809 704 1864 tradit.
749 1807 1033 1864 Peccatrix
1069 1820 1153 1864 est
1176 1810 1403 1877 mulier,
1442 1810 1567 1864 novi
1601 1829 1614 1864 :
1646 1817 1925 1874 caeterum,
1967 1809 2101 1863 nihil

2214 1809 2376 1873 πωλός
2409 1811 2555 1862 ἐστιν
2588 1809 2621 1880 ἠ
2652 1809 2810 1880 γυνὴ,
2839 1805 2984 1863 οἷδαο
3043 1809 3159 1862 ἀλλ’
3204 1809 3358 1862 οὐδὲν
3394 1806 3508 1880 εἶχέ
3561 1827 3649 1880 μοι
3682 1827 3797 1880 χαο

516 1900 619 1954 fuit
665 1908 862 1970 praeter
915 1898 1281 1970 lacrymarum
1341 1900 1572 1965 fontem,
1633 1901 1776 1969 quod
1829 1899 2098 1955 donaret:

2214 1902 2480 1974 ρίσασθαι,
2515 1902 2548 1972 ἢ
2576 1901 2757 1972 πηγὴν
2784 1900 3036 1972 δακρύων
3057 1919 3071 1932 ·
3107 1904 3259 1973 πηγῇ
3289 1901 3386 1972 τὴν
3415 1900 3596 1972 πηγὴν
3624 1901 3800 1970 εὐμε-

516 1989 720 2046 fontem
745 1989 894 2046 fonte
923 1991 1247 2047 benevolum
1268 1990 1498 2046 faciens.
1531 1991 1637 2046 Sed
1659 2001 1718 2045 et
1745 2001 2098 2061 unguentum,

516 2083 730 2149 infelix,
785 2084 1016 2154 probas;
1085 2086 1176 2154 qui
1220 2084 1373 2140 dicas
1427 2092 1794 2139 trecentorum
1851 2083 2102 2139 denario-

516 2191 638 2231 rum
661 2177 747 2232 ”:
783 2179 979 2249 probas
1009 2187 1211 2242 autem,
1241 2192 1346 2231 non
1393 2187 1451 2229 ut
1489 2176 1672 2231 laudes
1722 2175 1864 2231 illius
1894 2176 2103 2248 magni-

520 2268 821 2333 ﬁcentiam,
875 2284 996 2339 quae
1055 2278 1226 2324 totum
1277 2270 1420 2338 quod
1471 2268 1746 2336 peccando
1792 2268 2104 2322 divitiarum

522 2359 841 2428 collegerat,
861 2359 916 2414 in
948 2360 1207 2430 unguenti
1236 2360 1469 2430 pretium
1496 2359 1850 2428 insumpserit
1875 2376 1890 2414 :
1917 2361 2012 2415 sed
2049 2369 2109 2414 ut

524 2451 918 2506 murmurando
944 2455 1219 2517 ostendas,
1250 2453 1301 2505 in
1335 2466 1495 2520 quam
1531 2451 1708 2506 dirum
1738 2451 1961 2515 malum,
1992 2461 2108 2506 tan-

525 2549 641 2595 tum
675 2541 856 2597 damni
886 2557 1105 2612 passus,
1161 2542 1442 2598 incideris.
1494 2543 1696 2598 Verum
1747 2543 1882 2597 nihil
1929 2543 2107 2613 magni

525 2633 713 2702 fuerit,
748 2635 892 2702 quod
938 2634 1163 2689 moleste
1196 2634 1341 2689 feras
1372 2635 1602 2690 amissos
1634 2645 1911 2690 trecentos
1941 2636 2108 2690 dena-

524 2729 655 2792 rios,
689 2743 810 2782 cum
846 2728 1083 2798 acceptis
1129 2729 1347 2798 triginta
1381 2743 1468 2784 me
1496 2730 1780 2784 Dominum
1816 2739 1965 2785 tuum
1999 2739 2107 2783 tra-

525 2819 748 2876 dideris.
783 2819 926 2886 Quid
958 2820 1124 2886 enim,
1155 2821 1351 2888 inquit,
1382 2821 1544 2874 vultis
1579 2822 1707 2874 mihi
1736 2821 1885 2886 dare,
1934 2831 1983 2875 et
2018 2838 2110 2892 ego

525 2927 644 2966 sum
669 2911 811 2966 vobis
840 2911 1049 2966 tradam
1084 2911 1169 2965 "?
1196 2911 1392 2966 Miser!
1429 2911 1632 2967 Servus
1659 2912 1946 2967 Dominum
1975 2928 2110 2966 ven—

526 3001 644 3055 dit?
674 3001 925 3056 lnversus
955 3011 1039 3056 est
1073 3002 1230 3056 ordo.
1285 3001 1355 3056 Et
1387 3002 1604 3070 quidem
1647 3017 1748 3072 ego
1791 3004 2010 3073 proprio
2061 3010 2115 3057 te

526 3091 789 3161 sanguine
815 3107 845 3146 a
869 3103 1094 3162 peccato
1137 3094 1345 3148 redimo
1381 3112 1394 3148 :
1435 3102 1489 3147 tu
1520 3102 1700 3148 autem
1741 3095 1807 3148 ad
1843 3096 1958 3150 haec
1983 3111 2112 3149 ven-

526 3185 636 3248 dis,
680 3185 898 3256 triginta
951 3186 1165 3242 obolis?
1224 3185 1492 3242 Praeterea
1539 3201 1689 3251 vero,
1732 3187 1897 3242 homo
1943 3187 2111 3241 Deum

527 3277 753 3333 vendit?
817 3281 1012 3334 Demus
1066 3293 1196 3334 vero
1251 3279 1395 3348 quod
1425 3279 1668 3334 vendat:
1704 3279 1828 3348 quis
1868 3277 2116 3348 emptor?

528 3370 726 3436 Quanti
761 3385 890 3423 vero
921 3370 1042 3440 quis
1065 3371 1229 3425 Deum
1263 3371 1488 3426 emerit?
1538 3370 1684 3438 Quid
1726 3382 1908 3425 autem
1950 3370 2115 3425 etiam

530 3477 646 3517 rem
674 3461 808 3516 facis
831 3461 953 3516 vilis
977 3463 1177 3533 pretii?
1206 3463 1296 3518 Sic
1327 3477 1415 3528 ne,
1444 3463 1664 3530 triginta
1692 3463 1817 3532 quis
1845 3461 2120 3530 argenteis

530 3554 701 3608 Deum
735 3554 788 3606 in
820 3553 994 3608 forma
1034 3554 1294 3618 humana,
1336 3564 1392 3606 ut
1421 3569 1671 3618 servum,
1708 3563 1765 3606 ut
1806 3553 2114 3618 barbarum,

532 3645 757 3700 vendit?
803 3646 1008 3699 Saltem
1048 3646 1351 3711 discernas,
1385 3647 1573 3716 quanti
1605 3645 1773 3700 Deum
1805 3644 2118 3698 inhabitan-

532 3748 682 3802 tem;
713 3737 898 3807 quanti
931 3736 1201 3792 hominem
1241 3738 1332 3807 qui
1364 3746 1542 3804 paret,
1584 3737 1740 3791 facis.
1790 3735 1929 3801 Quid
1967 3735 2118 3799 mihi,

535 3830 736 3900 inquit,
762 3827 919 3883 vultis
953 3830 1124 3885 dare?
1185 3829 1256 3883 I‘u
1291 3829 1418 3897 quid
1445 3831 1526 3883 vis
1557 3827 1843 3897 accipere?
1883 3827 2015 3880 Nam
2047 3825 2121 3879 illi

534 3921 669 3976 nihil
710 3921 911 3976 habent
963 3922 1114 3986 dare,
1180 3921 1322 3990 quod
1381 3921 1540 3990 digne
1594 3921 1704 3974 Deo
1760 3918 2118 3987 responderit.

542 4014 608 4068 Et
643 4013 1028 4067 constituerunt
1080 4013 1182 4080 illi,
1232 4013 1428 4084 inquit,
1466 4013 1685 4082 triginta
1735 4020 2008 4081 argenteos
2051 4010 2117 4063 ³ο.

535 4108 621 4160 Au
650 4107 774 4176 quis
821 4108 1088 4162 medicum
1139 4107 1309 4176 gratis
1358 4116 1642 4160 curantem
1683 4105 1905 4174 triginta
1947 4103 2121 4159 obolis

536 4199 762 4254 vendit?
807 4198 1093 4264 Medicum,
1149 4200 1391 4269 inquam,
1440 4199 1529 4267 qui
1566 4200 1728 4254 caecis
1775 4199 1868 4253 dat
1899 4200 2120 4253 visum:

538 4289 633 4359 qui
683 4289 751 4343 ad
795 4305 1015 4345 cursum
1052 4289 1276 4344 claudos
1331 4289 1535 4360 erigit?
1591 4287 1714 4342 llaec
1759 4289 1902 4353 dico,
1957 4297 2015 4341 ut
2071 4294 2125 4341 te

2201 1993 2441 2058 νίζουσα.
2503 1994 2662 2048 Ἀλλά
2723 1995 2817 2049 καὶ
2864 1993 3211 2064 δοκιμάζεις,
3265 1994 3539 2058 ᾶθλιε,τδ
3589 1994 3795 2066 μύρον,

2201 2088 2528 2162 τριακοσίων
2587 2087 2860 2159 δηναρίων
2916 2087 3124 2156 λέγων’
3185 2085 3499 2157 δοκιμάζεις
3555 2087 3632 2154 δὲ,
3691 2088 3802 2159 οὐχ

2204 2183 2293 2237 ἵνα
2336 2181 2510 2250 αὐτῆς
2564 2181 2665 2251 τὴν
2719 2179 3124 2251 μεγαλοψυχίαν
3171 2180 3504 2253 ἐπαινέσῃς·
3539 2180 3619 2233 ὅτι
3669 2179 3800 2232 ὅλον

2204 2276 2296 2328 τὸν
2330 2275 2395 2327 ὲκ
2433 2271 2621 2327 κακῶν
2663 2272 2998 2343 συναχθέντα
3042 2271 3272 2326 πλοῦτον
3305 2273 3384 2336 εἰς
3417 2271 3584 2342 τιμὴν
3615 2269 3801 2342 μύρου

2206 2364 2612 2420 κατανάλωσεν·
2639 2361 2752 2416 ἀλλ’
2781 2363 2870 2416 ἵνα
2897 2360 3183 2431 γογγύζων
3206 2361 3409 2434 δείξῃς,
3435 2361 3509 2426 ὡς
3534 2361 3803 2432 ἀπεύκτῳ

2209 2455 2544 2526 περιέπεσας
2603 2454 2783 2526 κακῷ,
2839 2454 3094 2508 τοσοῦτον
3154 2453 3475 2524 ζημιωθείς.
3539 2453 3677 2506 Ἀλλ’
3731 2452 3802 2506 οὗ

2213 2549 2355 2620 μέγα
2381 2549 2429 2601 εἰ
2454 2548 2780 2619 τριακοσίων
2807 2547 3080 2618 δηναρίων
3120 2547 3375 2619 στέρησιν
3399 2547 3802 2617 δυσχεραίνεις,

2209 2641 2346 2694 ὅπου
2392 2656 2456 2708 γε
2503 2638 2798 2712 τριάκοντα
2842 2638 3043 2702 λαϐὼν,
3078 2637 3276 2691 ἀπέδου
3329 2655 3398 2708 με
3428 2637 3517 2693 τὸν
3568 2638 3802 2707 Κύριον.

2216 2734 2278 2786 Τί
2312 2733 2441 2806 γὰρ,
2474 2734 2626 2803 φησὶ,
2669 2730 2870 2786 θέλετέ
2908 2750 3009 2801 μοι
3035 2730 3274 2796 δοῦναι,
3312 2729 3472 2795 κὰγ-ὼ
3500 2729 3644 2798 ὑμῖν
3680 2744 3806 2782 πα-

2208 2821 2465 2890 ραδώσω
2502 2824 2709 2876 αὐτόν.
2765 2820 2982 2875 Ἀθλιεί
3035 2819 3230 2883 Δοῦλος
3275 2818 3553 2888 Δεσπότην
3592 2814 3805 2881 πωλεῖς

2229 2914 2681 2984 Ἀντέτραπταιή
2714 2911 2888 2976 τάξις·
2926 2911 3018 2965 καὶ
3046 2911 3156 2979 ὲγὼ
3185 2911 3282 2982 μὲν
3314 2912 3372 2964 σὲ
3398 2911 3497 2980 τῆς
3524 2909 3808 2980 ἁμαρτίας

2215 3004 2292 3074 τῷ
2344 3005 2528 3074 οἰκείῳ
2565 3003 2812 3073 ὠνοῦμαι
2865 3003 3091 3074 αἵματι,
3147 3003 3215 3056 σὺ
3265 3002 3324 3056 δὲ
3388 3001 3455 3072 μὲ
3502 3001 3810 3073 τριάκοντα

2216 3097 2565 3167 ἐπεμπωλεῖς
2615 3095 2858 3162 ὀϐολῶν;
2910 3092 3044 3148 Εἶτα
3087 3094 3144 3148 δὲ
3171 3093 3283 3164 (76)
3329 3092 3616 3164 ἄνθρωπος
3665 3091 3810 3144 Θεὸν

2220 3189 2416 3254 mulsi;
2448 3187 2693 3242 Δεδόσθω
2735 3187 2791 3240 δὲ
2815 3229 2832 3252 ,
2879 3188 2960 3240 ὅτι
3009 3187 3208 3240 πωλείο
3257 3184 3340 3249 τίς
3383 3185 3412 3237 ὁ
3449 3182 3806 3254 ὠνούμενος;

2220 3281 2386 3334 πόσου
2412 3281 2468 3334 δέ
2495 3298 2578 3344 τις
2606 3281 2868 3352 ἀγοράσει
2895 3279 3027 3333 Θεόν
3059 3298 3071 3342 ;
3111 3278 3163 3333 τί
3189 3277 3245 3331 δὲ
3276 3279 3369 3331 καί.
3402 3275 3600 3330 εὔωνον
3625 3277 3811 3339 ποιεῖς

2217 3374 2278 3427 τὸ
2307 3375 2570 3444 πρᾶγμα;
2612 3372 2907 3444 τριάκοντά
2947 3389 3032 3434 τις
3073 3369 3352 3441 ἀργυρίων
3389 3368 3522 3422 Θεὸν
3549 3366 3718 3420 πωλεί
3747 3369 3812 3420 ὲν

2218 3464 2508 3537 ἀνθρώπου
2557 3467 2761 3536 μορφῇ,
2809 3463 2883 3528 ὡς
2930 3463 3169 3532 οἰκέτην,
3212 3462 3287 3526 ὼς
3330 3460 3636 3532 βάρϐαρον;
3698 3457 3812 3512 κᾶν

2219 3558 2514 3630 διάκρινον,
2546 3558 2712 3610 πόσου
2751 3557 2852 3628 μὲν
2883 3557 2972 3609 τὸν
3003 3555 3314 3609 ἐνοικοῦντα
3338 3553 3491 3618 Θεὸν,
3528 3553 3697 3605 πόσου
3746 3551 3812 3605 δὲ

2219 3651 2313 3705 τὸν
2342 3651 2665 3721 φαινόμενον
2683 3649 2968 3722 ἄνθρωπον
2985 3666 2998 3680 ’
3031 3649 3091 3702 Τί
3109 3666 3234 3717 μοι,
3262 3647 3417 3718 φησὶ,
3441 3645 3644 3702 θέλετε
3673 3644 3816 3698 δσῦο

2220 3761 2337 3798 ναι.
2370 3744 2442 3796 Σὺ
2479 3743 2532 3795 τί
2565 3742 2739 3806 θέλεις
2767 3741 2952 3794 λαϐεῖν
2982 3756 2996 3770 ⁸
3034 3742 3233 3794 ἐκεῖνοι
3277 3740 3385 3812 γάρ
3431 3739 3582 3792 οὐδὲν
3620 3737 3815 3808 έχουσι

2221 3835 2403 3889 δοῦναι
2433 3834 2684 3901 ἀντάξιον
2730 3832 2888 3887 Θεοῦ.
2936 3833 3048 3887 Καὶ
3090 3832 3368 3899 ἔστησαν
3403 3828 3596 3895 αὐτῷ,
3646 3828 3814 3898 φησὶ,

2222 3927 2542 3996 τριάκοντα
2571 3927 2839 3996 ἀργύρια.
2883 3924 3190 3996 Τριάκοντα
3219 3922 3422 3977 ὀϐολῶν
3461 3920 3690 3993 ἀμισοόν
3721 3939 3817 3985 τις

2227 4019 2409 4090 ἰατρὸν
2457 4019 2659 4083 πωλεῖ;
2696 4015 2879 4086 ἰατρὸν
2907 4015 3143 4085 τυφλοὺς
3171 4011 3556 4084 ὀμματοῦντα,
3594 4009 3818 4082 χωλοὺς

2225 4109 2361 4182 πρὸς
2385 4109 2584 4181 δρόμον
2625 4108 2925 4180 ἐγείροντα.
2958 4103 3145 4160 Ταῦτα
3182 4107 3346 4174 λέγω,
3405 4105 3493 4158 ἵνα
3536 4121 3630 4158 σου
3673 4121 3817 4157 κατ-

2222 4204 2414 4274 ηχήσω
2433 4201 2530 4273 τὴν
2559 4201 2817 4267 διάνοιαν,
2844 4202 2925 4254 ὅτι
2955 4202 3156 4263 κόπους
3187 4199 3444 4271 παρέχεις
3462 4199 3526 4267 τῇ
3557 4197 3814 4265 γυναικί·

2225 4297 2304 4348 ὅτι
2338 4295 2426 4348 τὸν
2473 4297 2531 4347 ἐν
2577 4296 2792 4366 νεκροῖς
2821 4293 3126 4362 ἐλεύθερον,
3162 4291 3255 4343 καὶ
3296 4289 3404 4359 πρὸ
3446 4287 3541 4340 τοῦ
3573 4287 3818 4340 θανάτου

539 4382 808 4448 erudiam,
845 4384 934 4452 qui
963 4383 1223 4438 molestus
1277 4397 1336 4437 es
1385 4382 1615 4445 mulieri,
1671 4381 1814 4451 quod
1868 4395 1991 4434 eum
2032 4381 2111 4447 qui

2225 4387 2301 4449 ὼς
2332 4385 2523 4457 νεκρὸν
2551 4387 2811 4456 ἐτίμησεν
2835 4401 2847 4413 ·
2882 4386 2966 4438 ὅτι
2989 4385 3077 4437 διά
3109 4381 3203 4435 τοῦ
3250 4382 3446 4452 μύρου,
3479 4380 3577 4450 τῆς
3608 4379 3818 4449 ταφῆς,

539 4489 627 4532 est
657 4479 799 4532 inter
830 4489 1072 4532 mortuos
1106 4477 1241 4531 liber
1259 4476 1327 4539 “,
1349 4478 1514 4530 etiam
1544 4486 1670 4531 ante
1699 4483 1950 4538 mortem,
1978 4473 2111 4527 velut

2228 4482 2319 4533 καὶ
2349 4480 2448 4550 τῆς
2484 4481 2831 4542 ἀναστάσεως
2873 4477 2972 4549 τὴν
3002 4478 3161 4548 χάριν
3195 4476 3608 4548 προεσήμανεν.
3650 4471 3822 4525 Ἀλλά

542 4555 839 4634 mortuum,
870 4571 1074 4625 honore
1107 4569 1383 4631 aﬂ‘ecerit;
1426 4569 1568 4638 quod
1602 4568 1911 4638 sepulturae,
1948 4583 2111 4621 resur-

2230 4573 2292 4626 σὺ
2343 4573 2440 4642 μὲν
2496 4573 2706 4643 καρπὸν
2751 4571 2851 4640 τῆς
2899 4570 3189 4642 προδοσίας
3234 4568 3327 4620 τὸν
3385 4569 3594 4637 σχοῖνον
3638 4565 3820 4630 ἕξειςο

542 4662 909 4730 rectionisque
939 4661 1166 4730 gratiam
1197 4673 1467 4730 unguento
1497 4659 1960 4727 prmuuntiaverit.
2009 4656 2123 4711 Cte-

550 4766 749 4815 tcrum,
777 4753 870 4807 tibi
901 4753 1117 4821 quidem
1173 4753 1498 4822 proditionis
1529 4755 1760 4813 fructus,
1793 4750 1956 4805 restis
1977 4763 2127 4801 man-

549 4844 686 4899 serit
720 4843 765 4875 ³³
799 4862 813 4897 :
848 4844 1002 4898 istius
1047 4853 1227 4897 autem
1281 4843 1565 4904 memoria,
1619 4843 1916 4910 ubicunque
1963 4839 2127 4902 fuerit

547 4938 898 5004 prmdicalum
935 4935 1280 5004 Evangetium
1315 4935 1384 4999 ³³,
1419 4934 1737 4988 indeiicicns
1766 4935 1892 4987 erit.
1933 4931 2076 4984 Dixit
2111 4951 2124 4982 :

552 5040 740 5106 sicque
779 5037 980 5091 factum
1021 5034 1202 5088 fuerit.
1235 5031 1368 5086 Nam
1419 5032 1654 5087 cessavit
1682 5030 1862 5082 Aaron
1895 5037 1947 5080 et
1975 5025 2129 5080 Elea-

554 5129 667 5183 zari
713 5137 1041 5196 unguentum
1070 5166 1086 5191 ,
1120 5138 1398 5192 cornuque
1428 5123 1590 5177 desiit
1619 5141 1632 5176 :
1665 5132 1720 5174 at
1754 5121 1912 5189 hujus
1952 5119 2134 5170 alaba-

555 5234 748 5285 strtun,
790 5220 889 5274 toti
925 5234 1040 5273 aevo
1077 5226 1446 5281 coextentum,
1490 5215 1824 5269 inexhaustae
1856 5209 2134 5265 memoria:

560 5314 906 5381 lragrantium
942 5311 1125 5366 habet.

633 5404 698 5459 Χ.
750 5403 816 5458 Et
857 5405 929 5457 ita
959 5403 1175 5472 quidem
1204 5398 1434 5463 ludam;
1479 5403 1904 5451 murmurantem
1953 5399 2131 5444 autem

559 5496 891 5555 Pharisasum
932 5496 1035 5550 hoc
1067 5503 1224 5563 pacto
1254 5493 1504 5548 Christus
1530 5490 1724 5545 affatus
1767 5495 1851 5544 est
1880 5506 1893 5541 :
1927 5484 2131 5552 Simon,

2229 4663 2430 4734 ταύτης
2446 4663 2499 4715 δὲ
2519 4665 2550 4735 ἡ
2571 4665 2780 4734 μνήμη,
2795 4664 2945 4716 ὅπου
2965 4662 3040 4715 ἂν
3059 4659 3333 4729 κηρυχθῇ
3344 4659 3407 4713 τὸ
3422 4655 3824 4728 Εὐαγγέλιον,

2232 4755 2613 4819 ὰνεξάλειπτὸς
2641 4756 2808 4808 ἐστιν.
2847 4750 2982 4806 Εἷπε
3002 4793 3016 4817 ,
3045 4753 3140 4806 καὶ
3171 4752 3386 4821 ἐγένετο
3425 4750 3585 4820 ἔργον
3621 4747 3824 4810 οὕτως.

2234 4849 2357 4900 Ὀτι
2389 4847 2450 4899 τὸ
2477 4845 2572 4898 τοῦ
2617 4846 2850 4918 Ἀαρὼν,
2882 4846 2943 4898 τὸ
2971 4845 3064 4899 τοῦ
3109 4843 3372 4915 Ἐλεάζαρ
3403 4843 3678 4895 πέπαυται
3713 4839 3830 4910 μύ-

2238 4956 2346 5008 ρον,
2377 4938 2470 4990 καί
2504 4938 2564 4990 τὸ
2601 4939 2765 5009 κέρας
2796 4939 3031 5008 ῆργησε.
3089 4935 3161 4988 Τὸ
3193 4935 3249 4988 δὲ
3297 4933 3637 5004 ἀλάϐαστρον
3680 4930 3828 4983 ταύ-

2233 5049 2334 5102 της
2393 5031 2556 5084 παντί
2584 5031 2661 5102 τῷ
2687 5031 2843 5083 αἰῶνι
2867 5031 3364 5093 συνεπεκτείνεται,
3392 5027 3663 5081 ἁκένωτον
3693 5024 3830 5094 ἔχον

2234 5123 2334 5192 τῆς
2365 5123 2585 5193 μνήμης
2611 5122 2710 5192 τὴν
2736 5121 2982 5174 εὐωδίαν.

2314 5383 2368 5440 l'.
2411 5384 2568 5439 Ἀλλὰ
2605 5386 2741 5457 πρὸς
2786 5387 2882 5457 μὲν
2900 5385 2991 5439 τὸν
3024 5384 3221 5438 Ἰούδαν
3242 5383 3413 5447 οὓτω,
3465 5381 3600 5452 πρὸς
3646 5379 3704 5432 δὲ
3729 5380 3833 5434 τὸν

2243 5478 2535 5550 Φαρισαῖον
2556 5478 2896 5548 γογγύζοντα
2924 5477 3158 5548 Χριστὸς
3190 5475 3360 5538 οὕτως
3391 5473 3565 5542 ἔλεγε.
3601 5471 3833 5541 Σίμων,

633 5677 678 5708 ³⁸
708 5675 896 5729 Matth.
919 5674 1162 5736 xxv:,ll.
1242 5672 1286 5703 ’°
1318 5671 1356 5724 ll
1385 5670 1510 5724 Cor.
1543 5685 1662 5731 vm,
1690 5667 1744 5721 9.
1819 5668 1862 5702 ⁸⁷
1902 5667 2092 5721 Matth.
2128 5683 2280 5721 xxvi.
2317 5660 2420 5736 12ζ
2480 5661 2525 5693 ’⁸
2549 5661 2710 5716 Marc.
2738 5659 2919 5721 xxv,5.
2996 5660 3040 5693 ²⁰
3067 5655 3256 5713 Matth.
3283 5653 3538 5719 xxv1,l5.
3616 5650 3661 5684 '°
3691 5650 3835 5706 ibid.

565 5741 609 5777 "
659 5746 798 5801 Psal.
851 5733 1088 5810 Lxxxvn,
1139 5743 1193 5797 6.
1268 5743 1311 5773 ³¹
1338 5742 1530 5796 Matth.
1559 5754 1728 5801 xxvtt,
1761 5738 1811 5792 5.
1892 5739 1935 5769 ³³
1966 5737 2153 5792 Matth.
2181 5733 2440 5796 xxvt,15.

639 5863 748 5937 (76)
777 5860 919 5920 Εἶτα
955 5864 1039 5918 δέ.
1072 5863 1256 5918 Monii.
1291 5862 1338 5913 ei
1365 5859 1440 5913 δέ.
