4092 6434
321 421 367 481 85

1436 448 1696 507 ORATIO
1734 449 1804 506 IN
1842 448 2205 507 MULIEBEM
2242 447 2727 508 PECCATRICEM

3617 443 3704 504 86

327 539 423 647 ἔχω
448 545 566 647 api
690 553 957 617 εἰπεῖν.
990 567 1078 622 Ὠ
1107 568 1337 640 χάριτος
1354 567 1586 637 ἀφάτουί
1624 568 1688 620 Ὦ
1717 568 2017 639 φιλανθρω-

2125 567 2281 622 liabeo
2310 568 2405 621 tibi
2432 567 2634 637 aliquid
2680 566 2871 620 dicere.
2909 563 2953 620 0
2989 562 3312 618 ineffabilem
3344 561 3605 630 gratiam!
3643 560 3699 618 0

336 638 448 729 πίας
490 638 822 712 apparo»!
888 653 1059 720 Θεὸς
1095 638 1208 713 πω
1246 658 1526 729 ἄνθρωπος
1563 638 2019 727 κοινολογοῦνται,

346 743 434 781 και
478 733 819 808 προτίθησι
881 747 1223 821 πρόδλημα
1248 787 1263 812 ,
1306 747 1510 802 κανόνα
1562 747 1973 820 φιλανθρωπίας
1997 787 2015 814 ,

359 822 563 879 esse»
610 828 804 884 αὑτοῦ
861 836 986 907 τὴν
1032 839 1331 912 πονηρίαν.
1368 839 1582 909 Σίμων,
1632 838 1777 910 γὰρ,
1831 838 2017 909 φησὶν.

409 1018 736 1090 aestatim,
768 1022 841 1074 οὐ
871 1028 1178 1098 προφήτῃ,
1202 1028 1264 1081 οὐ
1285 1025 1567 1099 νομοθέτῃ.
1601 1025 1736 1079 Τότε
1765 1026 1864 1096 μὲν
1886 1025 2017 1096 γὰρ,

423 1109 711 1179 δεθωμὸν
723 1113 880 1167 ἀντὶ
903 1117 1250 1187 ὀφθαλμοῦ,
1265 1117 1364 1172 καὶ
1384 1117 1602 1172 ὀδόντα
1621 1118 1756 1172 ἀντι
1775 1117 2022 1183 ὀδόντος

436 1205 660 1276 ἐζήτουν,
685 1206 754 1259 τὸ
780 1206 1013 1263 δίκαιον
1035 1210 1318 1263 ἀπαιτῶνο
1348 1209 1463 1263 ἀλλ’
1493 1208 1678 1280 ἐπειδὴ
1702 1209 1760 1265 ού
1791 1207 2020 1261 δύνασθε

440 1297 604 1367 ςέρειν
645 1298 712 1352 τδ
759 1298 1008 1367 δίκαιον,
1050 1301 1215 1373 χάριν
1253 1300 1557 1369 ἀντεισὰγω
1602 1299 1681 1372 τῷ
1710 1300 1891 1371 νόμῳ,
1926 1300 2022 1354 καὶ

441 1388 694 1460 ἀλάλητόν
738 1408 825 1444 σοι
874 1394 1181 1465 μυστήριον
1225 1392 1356 1464 ἐρῶ.
1424 1391 1488 1447 '0
1525 1392 1593 1446 δέ
1611 1407 1800 1461 gener
1851 1389 2021 1445 Διδά-

440 1486 650 1545 σκαλε,
674 1484 833 1539 size.
867 1486 988 1539 Δύο
1030 1486 1448 1555 χρεωφειλέται
1475 1474 1650 1555 ἦσαν
1693 1483 1785 1537 ἐνὶ
1826 1482 2019 1551 ἀνδρί.

446 1571 590 1643 Ὀρα
617 1574 756 1628 Θεοῦ
802 1574 1024 1645 σοφίαν.
1070 1577 1384 1647 Ἀποσιωπᾷ
1409 1574 1508 1648 τὴν
1535 1577 1803 1644 γυναῖκα.
1835 1574 1916 1627 ἵνα
1949 1572 2025 1645 μὴ

443 1670 801 1740 mwme
849 1668 983 1738 περὶ
1030 1667 1129 1737 τὴν
1180 1667 1492 1738 ἀπόκρισιν.
1565 1667 1628 1720 Ὃ
1690 1661 1798 1732 εἷς,
1835 1665 2023 1734 φησὶν,

441 1757 660 1825 ὤφειλε
684 1757 938 1827 δηνάρια
972 1759 1366 1813 πεντακόσιαο
1396 1761 1429 1812 ὁ
1452 1758 1523 1811 δὲ
1551 1757 1771 1827 ἕτερος,
1810 1755 2028 1824 πεντή-

441 1864 645 1900 κοντα.
678 1848 913 1920 Φοϐερὺς
951 1848 1046 1901 τοῦ
1074 1847 1404 1919 διηγήματος
1433 1849 1463 1902 ό
1497 1848 1717 1919 τρόπος.
1754 1848 1793 1899 Γ
1800 1862 2025 1916 ραμμα-

2118 657 2549 728 inexplicabilem
2623 655 3047 712 humanitatem!
3111 653 3461 709 Communem
3543 654 3687 709 Deus

2119 764 2241 804 cum
2293 749 2512 803 homine
2560 762 2865 803 sermonem
2918 746 3112 799 miscet
3149 763 3163 798 :
3198 743 3581 813 problemaque
3636 753 3695 798 et

2130 835 2510 904 qmestionem,
2541 835 2783 903 regulam
2806 834 3158 888 humanitatis
3189 848 3517 917 preponens,
3548 833 3693 887 illius

385 920 492 990 ἔχω
516 923 620 976 σοί
654 941 717 977 τι
752 929 999 984 εἰπεῖν·
1037 933 1073 987 ὃ
1105 934 1299 1005 μηδενὶ
1324 935 1433 988 τῶν
1468 932 1713 989 παλαιῶν
1742 928 1921 995 εἷπον,
1956 933 2018 986 ού

2125 925 2386 980 malitiam
2419 926 2685 981 dissolvit.
2732 924 2919 981 Simon
2972 924 3134 986 enim,
3162 923 3358 993 inquit,
3391 924 3556 979 habeo
3594 922 3694 978 tibi

2118 1018 2321 1087 aliquid
2359 1019 2565 1083 dicere;
2616 1019 2756 1088 quod
2797 1017 2926 1073 nulli
2962 1027 3205 1073 veterum
3250 1018 3362 1073 dixi
3397 1036 3412 1074 :
3449 1034 3554 1073 non
3600 1033 3700 1088 pa-

2120 1106 2372 1161 triarchae
2403 1146 2419 1171 ,
2473 1122 2580 1162 non
2643 1107 2954 1176 prophetae,
3019 1121 3125 1161 non
3177 1106 3493 1178 legislatori.
3545 1106 3699 1164 Tunc

2120 1198 2361 1268 quidem,
2397 1199 2702 1268 quaerebam
2749 1198 2958 1252 oculum
3000 1215 3095 1267 pro
3136 1198 3308 1267 oculo,
3343 1201 3547 1255 dentem
3595 1218 3692 1270 pro

2119 1288 2271 1343 dente
2319 1289 2579 1357 a":quod
2629 1288 2836 1353 justum
2883 1300 3002 1353 est,
3060 1291 3303 1360 exigens.
3363 1290 3500 1356 Quia
3551 1306 3685 1346 vero

2121 1394 2227 1433 non
2259 1381 2487 1449 potestis
2517 1380 2660 1435 ferre
2687 1380 2829 1450 quod
2858 1390 2943 1435 est
2971 1379 3213 1447 justum;
3256 1382 3375 1436 loco
3407 1381 3540 1451 legis
3575 1399 3698 1452 gra-

2124 1472 2254 1525 tiam
2308 1471 2541 1538 induco,
2615 1472 2822 1542 tibique
2884 1472 3246 1527 inenarrabile
3299 1484 3697 1529 sacramentum

2122 1561 2263 1618 dico.
2295 1567 2361 1617 At
2393 1562 2481 1617 ille
2513 1563 2587 1617 ait
2613 1578 2635 1618 :
2664 1562 2938 1633 Magister,
2966 1565 3072 1619 die.
3110 1563 3227 1617 Duo
3265 1572 3418 1618 erant
3443 1563 3699 1618 debitores

2124 1654 2363 1709 obstricti
2396 1657 2491 1710 uni
2509 1658 2639 1711 viro.
2680 1654 2818 1710 Vide
2850 1657 2942 1711 Dei
2967 1655 3315 1724 sapientiam.
3341 1655 3552 1709 Reticet
3582 1669 3702 1708 mu-

2124 1742 2336 1810 lierem,
2373 1753 2433 1800 ut
2464 1761 2531 1800 ne
2579 1747 2648 1802 ad
2679 1746 3090 1815 responsionem
3137 1746 3359 1802 subdole
3389 1744 3694 1801 cavilletur.

2127 1833 2298 1900 Unus,
2335 1837 2530 1906 inquit,
2555 1837 2769 1891 debebat
2810 1838 3055 1892 denarios
3098 1838 3428 1907 quingentos,
3472 1846 3524 1890 et
3559 1836 3701 1890 alius

441 1939 586 1992 τείόν
628 1941 781 1993 ἐστιν
821 1943 852 1994 ὁ
895 1939 1158 2011 ἡμέτερος
1199 1939 1335 2010 βίος,
1375 1940 1622 2011 ἀοράτως
1660 1939 1887 2011 γράφων
1931 1938 2026 1992 καὶ

2125 1928 2533 1999 quinquaginta.
2595 1927 2878 1983 Terribilis
2937 1928 3268 1983 narrationis
3316 1928 3543 1996 species.
3606 1926 3703 1984 Eat

442 2029 775 2100 λογισμοὺς,
807 2032 902 2085 καὶ
926 2031 1177 2102 πράξεις,
1204 2031 1298 2085 καὶ
1319 2028 1615 2100 ὀφθαλμῶν
1645 2028 2022 2100 ρεμϐασμοὺς,

443 2127 544 2180 καὶ
578 2127 761 2198 ψυχῆς
790 2129 1091 2199 κινήματα’
1126 2126 1263 2182 ἀλλὰ
1297 2127 1411 2181 λύει
1441 2126 1532 2180 τὸν
1569 2124 1735 2194 φόϐον
1762 2126 1791 2178 ὀ
1839 2123 2027 2193 φιλάν-

446 2217 668 2288 θρωπος
690 2219 991 2290 δανειστὴς,
1028 2220 1056 2272 ὁ
1082 2219 1151 2272 τὰ
1176 2219 1514 2290 χειρόγραφα
1546 2217 1892 2288 διαρῤήσσων
1924 2214 2027 2285 τῆς

447 2310 725 2381 ἁμαρτίας
743 2328 759 2342 ’
791 2312 882 2365 καὶ
912 2312 972 2365 οὐ
1016 2312 1175 2383 μόνον
1202 2312 1568 2384 διαρῤήσσων,
1594 2308 1732 2362 ἀλλὰ
1757 2308 1851 2361 καὶ
1875 2307 2025 2362 λεαί-

445 2421 557 2456 νων
585 2403 699 2473 (77)
746 2406 858 2467 τοῖς
892 2402 1045 2457 ὕδασι
1085 2404 1179 2459 τοῦ
1211 2403 1617 2474 βαπτίσματος,
1655 2401 1742 2453 ἵνα
1774 2399 1849 2471 μὴ
1881 2399 2026 2470 ἴχνος

449 2490 721 2561 στοιχείου
763 2490 796 2562 ἦ
824 2491 1091 2563 συλλαϐῆς
1127 2493 1444 2563 ὑπομεῖναν,
1471 2490 1772 2561 ὑπόμνημα
1800 2486 2027 2558 γένηται

451 2581 567 2636 τῶν
600 2583 1003 2656 παρῳχηκότων
1029 2583 1236 2639 κακῶν.
1269 2582 1367 2651 Μὴ
1395 2582 1659 2652 ἐχόντων
1688 2575 1804 2641 οὖν,
1834 2577 2024 2648 φησὶν,

450 2671 658 2727 αὐτῶν
706 2672 1061 2738 ἀποδοῦναι,
1114 2672 1464 2743 ἀμφοτέροις
1487 2671 1825 2741 ἐχαρίσατο.
1873 2666 2027 2734 Εἶδες

452 2762 835 2835 φιλάνθρωπον
871 2762 1184 2835 δανειστιήν;
1210 2764 1336 2827 Πῶς
1360 2762 1592 2827 δανείζει
1622 2762 1741 2833 μὲν,
1768 2762 1868 2814 οὐκ
1891 2762 2027 2815 ἀπο-

450 2852 721 2922 λαμϐάνει
767 2853 861 2919 δέ;
913 2854 1037 2917 Πῶς
1071 2854 1130 2908 δὲ
1175 2852 1658 2925 ἀγνωμονούμενος
1698 2853 1761 2905 οὐ
1804 2852 1981 2922 ναρκᾷ
2009 2867 2025 2883 ’

450 2944 572 2997 ἀλλ’
594 2945 842 3016 ἧπλωται
874 2944 1035 2999 αὑτοῦ
1059 2948 1172 3010 τοῖς
1204 2945 1443 3000 αἰτοῦσιν
1473 2947 1507 3016 ἡ
1538 2945 1659 3017 χείρ
1684 2961 1700 3009 ;
1729 2943 1824 3011 Μὴ
1853 2944 2027 3013 ἐχόν-

449 3051 608 3097 των,
662 3036 846 3103 φησὶν,
898 3035 1259 3098 ἀποδοῦναι,
1305 3036 1657 3105 ἀμφοτέροις
1684 3035 2026 3104 ἐχαρίσατο.

463 3124 675 3196 ’Δφῆκε
703 3126 778 3196 μὴ
804 3126 1031 3197 ἐχόντων
1058 3126 1168 3198 (78)
1189 3143 1204 3158 ο
1228 3128 1349 3199 οὐχὶ⁹
1384 3129 1459 3201 μὴ
1493 3129 1773 3184 θελόντων.
1799 3130 2030 3201 Ἕτερον

450 3216 566 3287 γὰρ
605 3215 683 3286 μὴ
729 3215 896 3286 ἔχειν,
927 3217 1020 3270 καὶ
1053 3217 1239 3288 ἕτερον
1281 3219 1355 3290 μὴ
1387 3218 1582 3274 θέλειν.
1612 3215 1736 3273 Οἶόν
1769 3238 1825 3273 τι
1854 3220 2025 3289 λέγω·
2054 3256 2098 3316 c

452 3308 586 3370 Θεὸς
633 3306 788 3361 οὐδὲν
831 3310 958 3380 παρ’
1006 3308 1162 3379 ἡμῶν
1210 3310 1382 3381 ζητεῖ,
1427 3311 1460 3382 ἢ
1507 3311 1814 3382 μετάνοιαν.
1862 3311 2027 3366 Ὅθεν

456 3395 706 3467 βούλεται
762 3398 912 3467 ἡμᾶς
978 3398 1065 3451 ἀεὶ
1112 3399 1344 3469 χαίρειν,
1388 3402 1483 3454 καὶ
1546 3403 1904 3474 προστρέχειν
1954 3406 2023 3476 τῇ

457 3487 739 3559 μετανοίᾳ.
807 3488 930 3541 Ἐὰν
992 3489 1091 3560 μὲν
1142 3490 1401 3546 Θελόντων
1449 3492 1606 3564 ἡμῶν
1661 3495 2024 3565 μετανοῆσαι,

454 3578 518 3630 τὸ
567 3577 774 3647 πλῆθος
829 3578 937 3633 τῶν
1001 3581 1287 3653 ἁμαρτιῶν
1343 3584 1531 3639 ἄτονον
1581 3586 1680 3657 τὴν
1740 3586 2028 3656 μετάνοιαν

458 3669 616 3737 ἡμῶν
670 3669 855 3742 δείξῃ·
910 3671 970 3724 οὐ
1017 3674 1171 3744 παρὰ
1212 3674 1275 3726 τὸ
1314 3675 1388 3746 μὴ
1426 3675 1621 3740 θέλειν,
1685 3677 1818 3731 ἀλλὰ
1874 3678 2024 3750 παρὰ

455 3760 520 3812 τὸ
552 3760 627 3831 μὴ
667 3758 831 3830 ἔχειν,
864 3762 963 3815 οὐκ
1000 3763 1283 3834 ὲκτίνομεν
1314 3766 1374 3819 τὸ
1403 3752 1581 3838 χρέος.
1625 3767 1725 3821 Διὰ
1754 3768 1912 3823 τοῦτο
1936 3764 2029 3825 οὖν

454 3849 737 3918 λέγει,Μὴ
765 3850 1027 3920 ἐχόντων
1048 3852 1246 3907 αὐτῶν
1262 3871 1275 3884 ·
1301 3855 1389 3909 ἵνα
1410 3856 1558 3927 δείξῃ
1575 3856 1656 3909 ὅτι
1687 3856 1808 3911 ἰδὼν
1834 3858 2030 3923 αὐτοὺς

458 3939 817 4011 βουλομένους
853 3943 950 4013 μὲν
976 3943 1064 3997 διὰ
1099 3944 1384 4014 μετανοίας
1422 3947 1714 4001 ἀποδοῦναι
1750 3949 1809 4001 τὸ
1839 3949 2027 4020 χρέος,

461 4029 541 4102 μὴ
566 4031 895 4102 δυναμένους
931 4033 988 4086 δὲ
1014 4033 1100 4087 διὰ
1138 4034 1199 4091 τὸ
1238 4035 1438 4099 πλῆθος
1475 4035 1582 4089 τῶν
1621 4039 1924 4109 ἁμαρτιῶν,
1954 4041 2031 4106 ὡς

458 4123 861 4193 φιλάνθρωπος,
890 4126 1071 4188 αὐτοῖς
1098 4125 1461 4197 συνεχώρησε,
1487 4128 1587 4181 οὐκ
1610 4128 1717 4181 ἀπὸ
1746 4130 2022 4200 πράξεως,

456 4215 576 4269 ἀλλ’
603 4215 712 4268 ἀπὸ
752 4217 1117 4287 προαιρέσεως
1154 4218 1514 4290 ἐλευθερῶσαι
1563 4221 1665 4289 τῆς
1706 4221 1929 4292 ὀφειλῆς
1969 4223 2030 4277 τὸ

458 4304 749 4376 ὑπόχρεον.
780 4305 876 4374 Μὴ
902 4306 1164 4374 ἐχόντων
1200 4302 1291 4361 οὖν
1329 4308 1527 4364 αὐτῶν
1558 4309 1920 4365 ἀποδοῦναι’
1953 4312 2028 4384 μὴ

460 4397 753 4468 μαστίξας,
783 4397 856 4470 μὴ
890 4398 1147 4470 ὑϐρίσας,
1186 4399 1263 4472 μὴ
1285 4399 1650 4473 στρεϐλώσας,
1674 4402 2030 4474 ἀμφοτέροις

455 4487 785 4556 ἐχαρίσατο

530 4746 641 4801 IA’.
654 4747 749 4813 Τις
758 4742 1290 4817 οὗναύτόνόφείλει
1303 4748 1492 4802 πλέον
1501 4748 1806 4818 ἀγαπῆσαι
1826 4766 1843 4812 ;
1860 4751 1916 4803 Ἀ
1925 4764 2029 4802 πο-

458 4840 686 4908 κριθεὶς
727 4838 795 4891 δὲ
824 4842 858 4892 ό
900 4840 1092 4908 Σίμων
1123 4836 1320 4893 εἶπεν·
1362 4839 1804 4910 Ὑπολαμϐάνω,
1854 4839 1942 4892 ὅτι
1980 4833 2029 4905 ᾦ

460 4930 529 4984 τό
560 4930 773 4985 πλεῖον
794 4930 1135 4999 ἐχαρίσατο.
1168 4930 1343 4983 Βλέπε
1367 4929 1461 4983 τοῦ
1500 4931 1794 5002 Φαρισαίου
1835 4932 1894 4984 τὸ
1922 4931 2030 4985 δει-

461 5024 570 5078 νόν.
630 5022 719 5085 Ὠς
758 5016 896 5074 οἶδεν
946 5022 1137 5075 ἑαυτὸν
1176 5020 1254 5092 τῷ
1294 5020 1436 5092 λόγῳ
1474 5022 1577 5094 ἥδη
1626 5022 1726 5093 τῆς
1772 5021 2029 5091 ἀληθείας

462 5114 899 5185 ἀποκλειόμενον,
923 5113 985 5166 τὸ
1006 5112 1671 5182 ’Υπολαμϐάνωτέθεικε,
1695 5113 2027 5183 φοϐούμενος

532 5268 580 5300 ³⁵
605 5265 777 5322 Exod.
808 5283 921 5332 xu,
950 5267 1044 5321 24.

533 5445 644 5516 (77)
685 5446 980 5516 Aealrwr.
1031 5443 1224 5500 Menti.
1285 5444 1575 5499 λαϐαίνων.
1602 5444 1774 5516 υηάε
1808 5443 2021 5516 Boisius

467 5515 520 5571 in
544 5513 679 5570 notis
728 5517 918 5572 Savilii
968 5514 1270 5584 legendum,
1309 5516 1530 5582 putabat
1591 5514 1868 5583 ἀφανίζων
1937 5513 2022 5568 vel

463 5586 791 5655 ἁπαλειφων.
838 5584 961 5653 Ipse
1000 5583 1181 5639 autem
1228 5583 1678 5655 Montlauconius,
1724 5586 1880 5655 quid,
1937 5584 2026 5655 in-

465 5652 935 5723 quit.si'dicamus
976 5655 1116 5707 hanc
1143 5668 1327 5709 vocem
1374 5656 1534 5708 medii
1576 5654 1672 5708 aevi
1722 5652 1753 5707 a
1780 5652 2026 5708 Graeculo

468 5737 784 5795 usurpatam,
843 5741 911 5779 ex
943 5723 1139 5795 Latino
1170 5724 1350 5795 verho‘
1372 5725 1486 5777 lavo
1530 5724 1748 5787 laetam,
1780 5724 1905 5795 inde
1934 5723 2028 5795 λατ

468 5791 668 5863 ϐαίνων,
693 5797 880 5851 [ams
912 5791 1293 5847 eﬁ‘ormatum?
1320 5792 1425 5847 Sed
1452 5804 1728 5863 utriusque
1759 5793 1856 5846 viri
1885 5794 2029 5847 docti

460 5867 819 5938 conjecturam
872 5865 1035 5921 elidit
1085 5864 1407 5932 exemplaris
1440 5863 1818 5920 Cornbelisiani
1862 5864 2030 5934 proba

2123 2017 2334 2074 libellus
2394 2019 2626 2074 humana
2687 2020 2818 2083 vita,
2848 2018 3220 2088 inaspectabili
3257 2018 3468 2072 ratione
3525 2025 3581 2073 et
3609 2030 3703 2070 co—

2122 2111 2323 2179 gitatus
2380 2121 2438 2167 et
2495 2112 2740 2168 actiones
2773 2123 2830 2166 et
2885 2111 3168 2167 oculorum
3214 2124 3384 2180 vagos
3411 2108 3550 2163 ictus
3582 2121 3703 2162 mo-

2126 2211 2320 2272 tusque
2338 2204 2501 2258 animi
2529 2204 2895 2272 perscribens.
2922 2202 3091 2258 Solvit
3126 2200 3477 2256 nihilominus
3498 2208 3704 2253 metum

2123 2295 2390 2364 benignus
2414 2295 2675 2361 creditor,
2707 2295 2774 2359 is,
2805 2294 3051 2364 inquam,
3082 2293 3172 2362 qui
3211 2290 3494 2361 disrumpit
3523 2287 3706 2343 chiro-

2126 2387 2334 2457 grapha
2364 2386 2572 2456 peccati
2609 2404 2624 2442 :
2653 2401 2754 2441 nec
2784 2385 3073 2456 disrumpit
3096 2383 3292 2450 solum,
3320 2396 3508 2437 verum
3542 2380 3705 2435 etiam

2125 2478 2269 2534 delet
2309 2479 2466 2547 aquis
2512 2476 2792 2548 baptismi,
2835 2485 2893 2532 ut
2942 2491 3013 2532 ne
3044 2473 3295 2530 elementi
3346 2480 3440 2527 aut
3486 2470 3709 2540 syllabas

2128 2579 2409 2640 superstes
2440 2569 2758 2639 vestigium,
2791 2568 3056 2622 malorum
3090 2566 3487 2637 praeteritorum
3515 2574 3708 2617 monu-

2128 2667 2368 2715 mentum
2415 2659 2524 2715 ﬁat.
2592 2658 2718 2713 Non
2767 2657 3079 2712 habentibus
3139 2670 3291 2725 ergo,
3343 2654 3539 2725 inquit,
3597 2652 3707 2709 illis

2127 2751 2265 2804 unde
2294 2751 2587 2815 redderent,
2634 2748 2847 2804 donavit
2876 2747 3133 2817 utrisque.
3180 2744 3432 2801 Vidistin’
3470 2742 3707 2799 credito-

2126 2856 2243 2895 rem
2281 2840 2615 2895 humanum?
2641 2839 2712 2895 Ut
2730 2839 2950 2909 quidem
2978 2838 3272 2900 feneretur,
3303 2835 3397 2890 sed
3425 2848 3534 2889 non
3565 2834 3702 2889 reci-

2130 2932 2287 3004 piat?
2314 2931 2385 2986 Ut
2406 2932 2571 2987 etiam
2601 2946 2729 3001 erga
2760 2930 3002 3002 ingratos
3038 2943 3143 2983 non
3180 2934 3409 2995 torpeat,
3452 2925 3545 2979 sed
3599 2926 3695 2978 ha-

2128 3024 2258 3080 beat
2286 3022 2607 3094 rogantibus
2637 3029 2881 3091 apertam
2915 3018 3176 3074 manum?
3216 3016 3339 3071 Non
3370 3016 3706 3077 habentibus,

2128 3114 2324 3185 inquit,
2357 3114 2494 3169 unde
2525 3113 2818 3176 redderent,
2846 3113 3086 3181 utrisque
3118 3108 3353 3162 donavit.
3400 3106 3610 3162 Dimisit
3639 3107 3709 3160 iis

2132 3204 2222 3273 qui
2254 3218 2362 3259 non
2399 3203 2705 3258 haberent:
2740 3216 2850 3256 non
2910 3201 3004 3266 ita,
3058 3199 3150 3268 qui
3198 3198 3418 3253 nollent.
3460 3196 3594 3250 Nam
3623 3207 3709 3250 est

2130 3294 2276 3350 aliud
2311 3309 2416 3348 non
2452 3293 2673 3357 habere,
2730 3300 2787 3346 et
2836 3290 2982 3344 aliud
3015 3290 3178 3344 nolle.
3240 3288 3308 3343 Ut
3357 3300 3487 3357 puta
3519 3305 3533 3340 :
3565 3284 3709 3338 Nihil

2132 3384 2272 3438 Deus
2325 3397 2355 3436 a
2402 3382 2582 3446 nobis,
2632 3389 2830 3446 praeter
2882 3377 3252 3447 paenitentiam
3296 3377 3485 3445 exigit.
3528 3374 3710 3440 Quare

2127 3475 2242 3530 vult
2265 3483 2324 3528 ut
2347 3487 2562 3542 semper
2590 3474 2937 3542 gaudeamus,
2981 3478 3038 3523 et
3088 3456 3373 3525 ctirramus
3421 3467 3487 3519 ad
3538 3465 3710 3534 poeni-

2130 3565 2375 3620 tentiam.
2410 3561 2470 3616 Si
2506 3576 2660 3632 ergo,
2689 3562 2816 3615 dum
2844 3561 3091 3614 volumus
3117 3557 3488 3628 paenitentiam
3520 3571 3703 3625 agere,

2128 3664 2479 3725 peccatorum
2545 3652 2733 3718 ingens
2788 3664 3047 3705 numerus
3087 3647 3289 3701 viribus
3338 3645 3609 3700 iniit-mam
3650 3655 3708 3698 et

2128 3746 2458 3801 ineliicacem
2523 3743 2899 3821 paenitentiam
2956 3741 3184 3806 iecerit;
3263 3753 3368 3794 non
3442 3736 3700 3793 solvimus

2129 3836 2395 3901 debitum,
2422 3849 2528 3890 non
2567 3834 2695 3904 quia
2723 3832 2974 3900 nolimus,
3008 3832 3101 3887 sed
3126 3832 3249 3901 quia
3284 3846 3388 3884 non
3416 3829 3695 3882 habemus.

2130 3927 2422 3997 Propterea
2474 3927 2636 3998 igitur
2698 3925 2847 3989 dicit,
2904 3924 3057 3979 Non.
3089 3921 3393 3976 habentibus
3452 3918 3606 3973 illis:
3640 3929 3703 3971 ut

2129 4020 2404 4083 ostendat,
2433 4018 2576 4087 quod
2612 4017 2819 4080 videns,
2854 4016 2992 4071 velle
3024 4016 3258 4092 debitum
3306 4028 3402 4084 per
3438 4012 3705 4081 paeniten-

2131 4112 2260 4166 tiam
2314 4112 2561 4177 reddere,
2615 4124 2714 4164 nec
2770 4118 3112 4180 peccatorum
3173 4105 3515 4159 multitudine
3558 4105 3706 4158 velut

2131 4204 2375 4267 obrutos,
2405 4217 2597 4273 posse;
2646 4200 2981 4257 concesserit
3017 4199 3145 4275 ipse
3189 4206 3249 4250 ut
3278 4197 3611 4260 misericors,
3647 4207 3708 4249 ut

2132 4294 2200 4349 ab
2231 4295 2389 4365 hujus
2416 4309 2475 4348 se
2499 4294 2663 4350 debiti
2695 4302 2873 4357 reatu,
2903 4305 3008 4345 non
3033 4289 3101 4345 ab
3134 4289 3367 4349 actione,
3404 4289 3497 4341 sed
3522 4301 3551 4339 a
3581 4300 3707 4355 pro-

2131 4386 2307 4453 posito
2341 4385 2510 4439 animi
2545 4385 2867 4439 eximerent.
2919 4382 3043 4434 Non
3081 4379 3385 4433 habentibus
3428 4391 3559 4445 ergo
3597 4377 3705 4430 illis

2131 4475 2269 4529 unde
2306 4476 2579 4530 redderent
2615 4490 2634 4527 :
2666 4490 2774 4529 non
2807 4472 3039 4542 ﬂagellis
3062 4470 3338 4534 adhibitis,
3382 4484 3486 4521 non
3516 4479 3710 4523 contu-

2062 4597 2105 4651 Β
2136 4567 2349 4621 meliam
2383 4567 2653 4636 irrogans,
2679 4581 2786 4621 non
2823 4563 3116 4628 subiiciens
3150 4560 3453 4623 tormentis,
3494 4560 3708 4613 donarit

2133 4658 2383 4728 utrisque.

2204 4750 2272 4804 XI
2342 4748 2473 4814 Quis
2518 4766 2637 4818 ergo
2668 4750 2785 4819 plus
2834 4763 2952 4800 eum
2984 4748 3130 4799 debet
3162 4745 3423 4813 adigere?
3474 4741 3701 4811 Respon-

2133 4845 2258 4895 dens
2290 4839 2473 4895 Simon
2495 4842 2629 4894 dixit
2656 4853 2675 4891 :
2708 4838 2938 4892 £stimo
2967 4839 3092 4908 quia
3118 4838 3162 4890 is
3201 4836 3286 4888 cui
3325 4834 3441 4904 plus
3471 4834 3704 4887 donavit.

2134 4932 2269 4986 Vide
2298 4932 2558 4986 Pharisaei
2608 4931 2823 5001 genium
2852 4939 3017 4998 atque
3051 4928 3351 4984 solertiam.
3394 4926 3463 4981 Ut
3505 4928 3615 4994 jam
3648 4941 3708 4978 se

2131 5022 2264 5077 vidit
2311 5036 2563 5076 sermone
2602 5019 2845 5075 veritatis
2910 5018 3212 5081 exclusum,
3267 5017 3394 5070 illud
3445 5013 3701 5071 zEstimo.

2135 5115 2348 5183 posuit;
2377 5112 2581 5167 veritus
2601 5112 2729 5165 dare
2746 5108 3046 5166 absolutam
3084 5106 3507 5175 responsionem.
3538 5103 3706 5159 Porro

2116 5442 2299 5497 lectio.
2340 5439 2440 5496 llic
2467 5455 2597 5493 vero
2622 5439 2925 5508 respexisse
2961 5441 3172 5496 videtur
3193 5453 3416 5500 sanctus
3439 5445 3601 5499 Pater
3635 5449 3706 5498 ait

2118 5512 2294 5567 locum
2314 5512 2522 5562 Coloss.
2561 5525 2623 5571 ιι,
2654 5510 2741 5565 Μ.

2194 5582 2306 5651 (78)
2345 5579 2565 5653 ‘Ayﬁxe
2582 5579 2668 5648 μὴ
2700 5581 2792 5653 ἐχ.
2828 5583 3037 5637 Dimisit
3066 5583 3136 5637 iis
3169 5583 3259 5651 qui
3294 5601 3396 5637 non
3419 5583 3701 5648 haberent;

2125 5668 2227 5706 non
2252 5654 2349 5715 ita,
2367 5651 2457 5720 qui
2483 5651 2697 5703 nollent.
2715 5651 3017 5707 Accedente
3044 5654 3213 5706 lihero
3234 5668 3498 5706 consensu
3527 5667 3678 5719 prom

2126 5732 2328 5791 ptaque
2373 5720 2651 5773 voluntate
2694 5721 3092 5786 satisfaciendi,
3154 5738 3272 5790 qua:
3320 5722 3428 5775 Deo
3478 5732 3703 5790 accepta

2127 5802 2213 5847 est
2241 5792 2536 5845 secundum
2560 5793 2702 5859 quod
2727 5793 2905 5853 habet,
2927 5807 3198 5859 nunquam
3236 5791 3310 5843 illi
3339 5804 3561 5861 pauper,
3586 5808 3704 5845 uto-

2138 5862 2206 5917 do
2237 5875 2295 5917 se
2331 5861 2552 5916 divitem
2575 5876 2786 5932 semper
2826 5861 2975 5925 velit,
3018 5873 3076 5916 ut
3100 5861 3196 5931 ipsi
3235 5862 3419 5916 donet.
