4092 6396
451 365 520 420 87
1449 339 1514 423 $.-
1553 364 2004 423 AMPHILOCHII
2039 325 2431 424 lCONlENSlS
2469 367 2784 428 EPISCOPI
3651 375 3726 435 88

451 484 713 540 Dominus
751 497 856 536 non
909 492 990 538 est
1028 492 1303 539 scrutatus
1353 494 1586 540 mentem
1621 501 1635 538 :
1667 486 1761 540 sed
1807 501 2030 556 respon-

2145 487 2347 540 τελείαν
2383 487 2486 558 τὴν
2523 487 2819 562 ἀπόκρισιν
2854 487 3061 544 δοῦναι.
3099 489 3159 544 '0
3187 489 3242 543 δὲ
3274 490 3500 564 Κύριος.
3528 493 3592 550 οὐ
3622 496 3727 567 τὴν

451 599 569 638 sum
600 581 838 649 rapiens,
878 579 956 633 ait
989 579 1063 633 illi
1098 595 1112 631 :
1145 578 1305 634 Recte
1334 579 1614 648 judicasti.
1652 578 1718 632 Et
1755 594 2028 632 com-enus

451 674 522 726 ad
555 673 841 737 mulierem,
885 672 1018 726 dixit
1061 669 1311 726 Simoni:
1355 669 1504 724 Vides
1549 671 1685 724 hanc
1721 670 2031 724 muiierem?

452 769 810 840 peccatricem
859 767 1039 834 illam,
1104 769 1196 822 tibi
1249 767 1464 838 quidem
1525 768 1885 834 desperatam,
1936 765 2029 820 sed

456 860 586 914 mihi
616 859 811 913 factam
840 859 1088 914 salvam?
1133 858 1337 914 Intraui
1380 859 1434 911 in
1464 859 1676 912 domum
1713 867 1879 912 tuam.
1915 856 2031 910 Tua

454 951 600 1005 cnim
657 953 846 1006 domus
878 960 982 1016 est,
1015 965 1119 1004 non
1167 967 1319 1013 mea;
1366 965 1488 1019 qua:
1519 959 1601 1004 est
1640 949 1792 1018 plena
1837 957 2032 1004 contu-

457 1043 637 1100 melia.
680 1044 885 1114 Aquam
930 1044 1144 1114 pedibus
1193 1044 1322 1096 meis
1363 1061 1469 1097 non
1523 1042 2032 1114 dedisti:pedibus,

458 1135 704 1204 inquam,
765 1134 839 1189 tui
889 1150 1052 1190 causa
1105 1135 1326 1205 pulvere
1393 1135 1735 1204 οοιιειιενεῑες
1807 1135 2034 1203 pedibus

459 1225 642 1280 labore
674 1224 933 1296 fatigatis,
964 1234 1023 1283 ut
1053 1241 1148 1282 eos
1170 1227 1260 1296 qui
1289 1225 1538 1281 laborant
1569 1233 1622 1279 et
1649 1234 1773 1279 sunt
1795 1225 2031 1288 onerati,

461 1315 738 1373 laboribus
793 1329 848 1372 et
906 1317 1153 1374 molestia
1212 1318 1500 1372 liberarem
1556 1317 1625 1371 ".
1681 1314 2030 1370 Dimidiatum

464 1410 728 1465 honorem
765 1408 1006 1463 obtulisti
1035 1409 1164 1476 :qui
1199 1409 1480 1478 superiora
1515 1406 1730 1477 quidem
1755 1407 1831 1462 sis
1863 1407 2036 1461 admi-

466 1512 642 1564 ratus,
672 1500 926 1556 inferiora
964 1511 1145 1556 autem
1177 1516 1282 1557 non
1309 1501 1529 1556 foveris.
1583 1501 1652 1555 At
1704 1510 1760 1552 tu
1791 1500 2032 1570 quidem,

463 1607 657 1661 aquam
682 1592 900 1661 pedibus
931 1592 1058 1647 meis
1090 1607 1194 1644 non
1223 1591 1448 1656 dedisti;
1488 1591 1602 1646 haec
1638 1598 1818 1644 autem
1855 1589 2035 1660 lacry-

460 1697 671 1736 marum
700 1683 874 1736 fontes
902 1681 970 1744 ab
1004 1679 1174 1735 oculis
1222 1679 1462 1746 mittens,
1502 1680 1706 1748 peccati
1740 1678 1822 1733 sui
1855 1693 2039 1733 macu-

460 1771 567 1826 lam
607 1771 886 1828 abstersit.
938 1771 1070 1825 Mihi
1111 1781 1168 1824 tu
1195 1769 1432 1824 osculum
1472 1787 1573 1824 nou
1605 1770 1836 1834 dedisti;
1875 1779 2037 1838 atque

2136 579 2360 652 γνώμην
2385 579 2548 634 αὑτοῦ
2573 580 2854 652 ἐξήτασεν,
2880 581 3426 655 ωλὰτὴνὰπὸκρισιν
3444 585 3726 656 ἁρπάσας,

2136 674 2282 732 λέγει
2309 673 2480 744 αὐτῷ’
2525 673 2733 744 Ὀρθῶς
2751 675 3096 743 ἀπεκρίθης.
3121 675 3232 728 Kal
3267 676 3554 745 στραφεὶς
3572 679 3728 746 πρὸς

2139 765 2254 834 τήν
2315 768 2592 836 γυναῖκα,
2641 765 2722 832 τῷ
2757 768 2976 837 Σίμωνι
3031 768 3177 837 ἔφη·
3211 767 3466 835 Βλέπεις
3497 771 3728 838 ταύτην

2137 860 2254 926 τὴν
2280 859 2536 928 γυναῖκα
2579 858 2678 930 τὴν
2709 859 3065 931 ἁμαρτωλόν;
3116 859 3216 930 τὴν
3255 860 3340 912 σοὶ
3376 861 3475 930 μὲν
3513 862 3729 934 ἀπηγο-

2140 951 2431 1020 ρευμένην,
2472 949 2596 1020 ἐμοὶ
2641 950 2697 1002 δὲ
2743 949 3091 1020 σωζομένην;
3129 948 3438 1016 Εἱσῆλθον
3483 952 3574 1018 εις
3616 953 3730 1005 τὸν

2139 1037 2309 1096 οἶκόν
2348 1058 2488 1095 σου.
2530 1043 2630 1105 se;
2659 1041 2768 1114 γὰρ
2800 1043 2828 1095 ὁ
2868 1037 3019 1105 οἶκος
3041 1083 3054 1104 ,
3083 1043 3179 1096 καὶ
3213 1042 3312 1094 οὑκ
3355 1043 3520 1112 ἐμός·
3559 1045 3590 1105 δ
3612 1043 3729 1096 λοι-

2138 1135 2323 1206 δορίας
2348 1133 2565 1205 μεστός.
2597 1133 2782 1202 ’Ύὸωρ
2801 1134 2899 1187 ἐπὶ
2929 1134 3072 1200 τοὺς
3096 1132 3283 1192 πόδας
3299 1152 3420 1204 μου
3450 1132 3562 1189 οὐκ
3590 1134 3732 1190 ἐδω-

2140 1244 2253 1293 κας
2277 1245 2291 1258 ·
2334 1227 2521 1291 πόδας,
2554 1227 2682 1290 τοὺς
2714 1225 2804 1281 διὰ
2847 1226 2906 1279 σὲ
2938 1226 3316 1289 κονισθένταςο
3351 1227 3477 1290 τοὺς
3504 1227 3594 1280 τὸν
3632 1227 3732 1282 κό-

2141 1337 2243 1373 πον
2274 1320 2693 1388 ὑπομείναντας,
2742 1321 2830 1372 ἵνα
2875 1318 3061 1373 κόπων
3109 1321 3235 1384 τοὺς
3277 1319 3586 1386 κοπιῶντας
3630 1322 3735 1376 καὶ

2141 1411 2608 1483 πεφορτισμένους
2632 1409 3000 1482 ἐλευθερώσω.
3040 1409 3130 1475 Ἐξ
3154 1411 3413 1481 ἡμισείας
3437 1411 3536 1482 τὴν
3556 1410 3734 1482 τιμὴν

2143 1506 2544 1578 προσήνεγκας,
2577 1504 2646 1558 τὰ
2685 1503 2784 1574 μὲν
2819 1502 3026 1558 ἄνωθεν
3067 1502 3376 1574 θαυμάσας,
3419 1501 3489 1556 τὰ
3526 1501 3584 1556 δὲ
3623 1501 3735 1558 κάο

2140 1595 2314 1649 τωθεν
2355 1595 2431 1666 μὴ
2471 1592 2814 1667 θεραπεύσας
2841 1593 2972 1664 (79).
3023 1592 3184 1646 Ἀλλὰ
3212 1596 3276 1646 σὺ
3319 1592 3418 1664 μὲν
3445 1591 3604 1660 ὕδωρ
3633 1593 3737 1659 εις

2141 1687 2284 1753 τοὺς
2327 1685 2518 1752 πόδας
2540 1704 2660 1756 μου
2691 1687 2802 1740 οὐκ
2837 1685 3094 1752 ἔδωκαςο
3143 1683 3284 1755 αὕτη
3321 1684 3379 1738 δὲ
3415 1684 3596 1756 πηγὰς
3625 1685 3735 1738 δας

2144 1778 2328 1850 κρύων
2349 1779 2414 1830 ὲκ
2436 1776 2544 1832 τῶν
2567 1776 2852 1848 βλεφάρων
2874 1776 3096 1844 ἀφεῖσα,
3121 1775 3222 1846 τῆς
3248 1775 3527 1848 ἁμαρτίας
3555 1775 3739 1846 αὐτῆς

461 1865 668 1919 utinam
697 1880 800 1920 nec
831 1863 1022 1928 Judas,
1045 1865 1135 1934 qui
1165 1862 1350 1918 osculo
1377 1863 1733 1936 proditionem
1763 1863 1994 1930 patravit
2021 1879 2033 1914 :

2145 1871 2232 1926 τὸν
2262 1869 2432 1942 ῥύπον
2461 1869 2765 1941 ἁπὲσμηξε.
2811 1870 2894 1924 Σύ
2918 1887 3022 1940 μοι
3051 1869 3291 1939 φίλημα
3319 1872 3432 1924 οὐκ
3459 1869 3692 1936 ἔδωκας
3715 1885 3734 1901 ο

460 1956 593 2012 Haec
623 1967 796 2011 autem
847 1973 912 2011 ea:
955 1972 1057 2026 quo
1101 1955 1341 2024 intrauit,
1395 1971 1498 2010 non
1537 1955 1754 2009 cessavit
1797 1952 2038 2032 ‘oscuiari

460 2051 614 2120 pedes
636 2048 1026 2104 meos.—Oleo
1049 2059 1208 2117 caput
1251 2065 1422 2102 meum
1452 2065 1556 2103 non
1585 2047 1821 2110 tinxisti;
1852 2046 2040 2102 Oleum

461 2141 606 2196 enim
632 2142 924 2210 peccatoris
954 2157 1058 2196 non
1086 2143 1373 2210 impinguet
1404 2149 1559 2208 caput
1587 2155 1758 2193 meum
1799 2139 1867 2193 ³⁸.
1897 2138 2044 2203 Quo-

461 2232 624 2289 modo
679 2232 824 2286 euiut
882 2241 1096 2302 pOterat
1158 2231 1322 2300 capiti
1364 2230 1566 2286 habere
1611 2229 1897 2296 honorem,
1947 2231 2038 2300 qui

465 2329 630 2394 pedes
676 2325 1024 2394 neglexerat?
1068 2323 1200 2379 Hiec
1250 2334 1425 2378 autent
1477 2321 1634 2378 etiam
1683 2323 1838 2393 pedes
1890 2325 2041 2378 unxit

464 2415 1048 2488 unguenta—Oleum
1079 2419 1246 2482 enim,
1284 2417 1478 2488 inquit,
1508 2427 1820 2472 evacuatum
1857 2433 2042 2471 nomen

466 2511 564 2566 tibi
615 2511 684 2566 ⁸τ.
743 2511 1070 2566 Evacuatum
1128 2521 1183 2566 et
1231 2511 1590 2575 exhaustum;
1635 2526 1742 2564 non
1793 2507 2036 2567 cil‘usum.

465 2600 600 2658 Nam
631 2601 752 2671 quia
785 2617 880 2656 vas
907 2602 1117 2657 Judaici
1143 2601 1311 2656 animi
1355 2611 1610 2671 supputre
1649 2611 1788 2666 erat,
1843 2603 2044 2657 idcirco

465 2709 530 2748 ex
559 2694 873 2750 alabastrite
893 2705 1076 2750 vestra
1108 2695 1162 2750 in
1199 2696 1364 2764 pedes
1398 2710 1546 2750 meos
1581 2693 1682 2749 fuit
1721 2706 2042 2750 evacuatum

467 2797 824 2853 unguentum,
877 2797 938 2842 ut
981 2803 1078 2857 per
1125 2803 1214 2844 me
1255 2786 1550 2857 fragrantia
1599 2787 1789 2856 gratiae
1825 2787 2044 2841 deriva-

466 2880 690 2934 returin
719 2889 930 2948 gentes.
965 2878 1191 2949 Propter
1220 2880 1360 2949 quod
1389 2879 1507 2932 dico
1531 2879 1624 2932 tibi
1651 2891 1670 2931 :
1694 2877 2048 2934 Remittuntur

465 2973 515 3024 ei
551 2981 763 3036 peccata
816 2972 985 3026 multa
1013 2988 1033 3028 :
1063 2973 1205 3042 quod
1261 2981 1315 3026 tu
1365 2973 1611 3040 qttidem,
1659 2973 1849 3026 eodem
1905 2981 2048 3026 tecto

462 3077 800 3132 susceptum,
852 3079 1026 3135 neque
1067 3065 1254 3119 osculo
1295 3063 1670 3126 honoraveris,
1721 3078 1896 3133 neque
1945 3080 2047 3119 un-

469 3165 670 3225 guento
698 3156 902 3212 foveris
935 3178 950 3212 :
980 3157 1096 3212 haec
1124 3167 1330 3224 autem,
1365 3157 1550 3212 multis
1579 3157 1698 3226 ejus
1727 3157 1886 3212 tualis
1909 3157 2046 3212 obli-

463 3248 610 3302 vioni
663 3249 908 3314 traditis,
963 3249 1314 3306 honoraverit
1345 3263 1360 3303 :
1393 3250 1541 3304 velut
1591 3249 1789 3320 duplici
1832 3258 2045 3304 cratere
2070 3226 2116 3288 (ἶ

464 3349 786 3410 temperato,
822 3356 890 3396 ex
919 3341 1172 3414 lacrymis
1205 3351 1262 3398 et
1286 3341 1597 3408 unguentis.

533 3628 652 3682 XII.
693 3627 914 3682 Beatam
965 3629 1129 3697 igitur
1174 3629 1428 3684 feminam
1485 3632 1871 3699 praedicemus,
1931 3648 2052 3703 quae

464 3719 608 3776 mala
651 3719 778 3774 Εντε
800 3720 1006 3788 obtegit
1035 3735 1050 3773 :
1086 3723 1442 3786 peccatricem
1480 3723 1653 3788 illam,
1687 3723 1829 3776 illam
1867 3739 2043 3778 mere-

469 3813 680 3876 tricem,
730 3812 879 3866 illam
934 3813 1199 3867 honorum
1254 3813 1696 3880 conciliatricem,
1756 3815 1844 3869 cui
1881 3813 2046 3883 judex

465 3903 586 3970 ipse
639 3903 936 3958 advocatus
1005 3903 1308 3973 fuitzquae
1361 3903 1617 3976 lacrymis
1671 3903 1801 3959 vicit
1857 3904 2045 3973 judicii

465 3993 690 4050 luctum.
719 3993 991 4064 Quotquot
1012 3995 1240 4059 adestis,
1267 4009 1388 4064 qua:
1425 3997 1654 4050 audistis
1685 3996 2044 4060 aemulamini;

466 4094 633 4153 atque
697 4085 998 4140 meretricis
1038 4101 1144 4140 non
1197 4086 1530 4156 voluptatem
1584 4088 1896 4154 imitamini,
1955 4091 2048 4144 sed

463 4177 788 4232 iamentum.
872 4175 1136 4248 Voluptas
1199 4180 1414 4249 quidem
1478 4195 1674 4250 parens
1728 4181 1946 4236 Iamenti
1995 4192 2051 4238 et

463 4267 645 4324 luctus
682 4269 822 4335 fuit;
855 4267 1030 4324 luctus
1061 4279 1238 4325 autem
1269 4270 1428 4325 malis
1473 4271 1679 4326 exitum
1717 4273 2048 4332 conciliavit.

465 4362 676 4433 Corpus
704 4363 890 4433 itaque
912 4373 1153 4419 vestrum
1185 4378 1289 4418 non
1317 4378 1457 4433 aqua
1486 4363 1710 4431 abluite,
1745 4365 1839 4420 sed
1872 4365 2052 4438 lacry-

464 4457 571 4513 mis
591 4474 605 4487 ·
643 4459 884 4514 membra
915 4458 1128 4528 ungite,
1160 4473 1266 4513 non
1297 4458 1609 4529 unguentis,
1645 4461 1739 4515 sed
1777 4459 2050 4518 castitate.

539 4664 585 4696 ³⁵
620 4663 809 4718 Matth.
864 4679 940 4728 ιιι,
978 4663 1068 4717 28.
1147 4663 1192 4696 ³⁸
1225 4663 1365 4720 Psal.
1403 4677 1504 4718 cst.
1561 4663 1616 4718 5.
1693 4663 1735 4694 ³⁷
1761 4661 1920 4718 Cant.
1955 4673 1990 4724 ι,
2028 4662 2084 4716 2.

2141 1966 2218 2029 ὼς
2263 1964 2374 2018 εἴθε
2416 1965 2490 2036 μή
2533 1981 2593 2018 τε
2647 1963 2879 2028 Ἰούδας,
2917 1966 2947 2017 δ
2992 1963 3262 2034 φιλήματι
3301 1963 3400 2034 τὴν
3435 1963 3738 2034 προδοσίαν

2141 2056 2535 2130 ἐργασάμενος.
2573 2054 2740 2122 Αὕτη
2781 2053 2850 2108 δὲ
2881 2055 2982 2124 ἀφ’
3034 2050 3106 2124 ἧς
3147 2052 3440 2121 εἰσῆλθεν
3465 2054 3606 2124 (80),
3655 2056 3740 2109 οὐ

2141 2148 2405 2204 διέλειπε
2450 2145 2866 2216 καταφιλῆσαι
2903 2163 3024 2217 μου
3068 2145 3211 2212 τοὺς
3244 2145 3456 2212 πόδας.
3515 2146 3738 2213 Ἐλαῖῳ

2144 2237 2262 2308 τὴν
2305 2238 2580 2308 κεφαλήν
2636 2255 2756 2308 μου
2809 2239 2922 2292 οὐκ
2969 2234 3268 2305 ἤλειψας·
3323 2237 3572 2290 Ἔλαιον
3617 2235 3738 2308 γὰρ

2141 2331 2493 2403 ἁμαρτωλοῦ
2529 2331 2618 2402 μὴ
2649 2329 2958 2386 ,λιπανάτω
2983 2327 3102 2398 τὴν
3129 2328 3406 2399 κεφαλήν
3428 2347 3567 2398 μου.
3603 2329 3742 2394 Πῶς

2142 2427 2252 2498 γὰρ
2281 2425 2390 2495 (81)
2427 2421 2540 2495 εἶχε
2583 2425 2683 2496 τὴν
2729 2423 2973 2494 κεφαλὴν
3015 2424 3266 2500 τιμῆσαι,
3303 2424 3332 2475 ὁ
3375 2421 3550 2475 ποδῶν
3591 2423 3743 2491 ἀμε-

2143 2517 2344 2590 λήσας;
2385 2517 2548 2583 Αὕτη
2589 2516 2658 2568 δὲ
2709 2514 2810 2570 καὶ
2850 2513 2996 2580 τοὺς
3037 2514 3230 2581 πόδας
3283 2513 3502 2582 ἢλειψε
3537 2514 3739 2582 μύρῳ.

2143 2609 2352 2676 Μύρον
2379 2606 2508 2678 γὰρ,
2545 2607 2730 2677 φησὶν,
2764 2603 3097 2660 ἐκκενωθὲν
3135 2603 3323 2674 ὄνομὰ
3366 2618 3488 2658 σοι.
3535 2603 3740 2656 Ἐκκε-

2146 2701 2334 2765 νωθὲν,
2386 2701 2486 2754 οὐκ
2538 2699 2785 2770 ἐκχυθέν.
2852 2697 3072 2770 Ἐπειδὴ
3123 2695 3234 2768 γὰρ
3286 2695 3348 2749 τὸ
3399 2694 3592 2758 σκεῦος
3629 2694 3742 2764 τῆς

2159 2790 2460 2863 Ἰουδαϊκῆς
2485 2789 2714 2862 γνώμης
2746 2789 3055 2858 ὑπόσαθρον
3087 2783 3179 2858 ἦν,
3205 2785 3296 2840 διὰ
3334 2785 3492 2840 τοῦτο
3537 2787 3602 2838 ὲκ
3629 2784 3741 2854 τῆς

2146 2882 2639 2955 ἀλαὸαστροθήκης
2671 2880 2826 2952 ὑμῶν
2845 2920 2858 2944 ,
2891 2882 2949 2933 ὲν
2981 2882 3094 2943 τοῖς
3125 2877 3251 2932 ποσί
3288 2894 3390 2949 μου
3426 2873 3740 2946 ὲξεκενὼθη

2146 2975 2210 3029 τὸ
2237 2973 2406 3046 μύρον
2432 2992 2444 3006 ·
2483 2973 2571 3028 ἵνα
2598 2973 2665 3026 δι’
2695 2971 2828 3042 ἐμοῦ
2865 2973 2944 3035 εἰς
2975 2969 3044 3023 τὰ
3077 2969 3203 3042 ἔθνη
3239 2967 3600 3041 μετοχετεύθη
3629 2967 3743 3037 τῆς

2148 3065 2378 3128 εὐωδίας
2417 3066 2451 3136 ἠ
2485 3065 2664 3136 χάρις.
2703 3058 2786 3119 Οὗ
2824 3062 3002 3133 χάριν
3025 3061 3184 3132 λέγω
3227 3076 3327 3116 σοι
3351 3077 3366 3092 ⁸
3409 3061 3742 3129 Ἀφέωνται

2149 3155 2342 3226 αὐτῆς
2369 3159 2428 3210 αἱ
2459 3155 2735 3225 ἁμαρτίαι
2769 3157 2828 3210 al
2863 3154 3091 3208 πολλαί
3109 3168 3122 3182 ·
3157 3154 3240 3207 ὅτι
3271 3153 3335 3206 σὺ
3367 3152 3466 3224 μὲν
3493 3151 3736 3224 ὁμορῤό-

2149 3249 2270 3319 φιόν
2325 3265 2393 3320 με
2425 3247 2717 3318 δεξάμενος
2741 3287 2756 3309 ,
2795 3247 2916 3301 οὐδὲ
2954 3247 3221 3318 φιλήματι
3261 3245 3562 3316 ἐτίμησας,
3609 3243 3744 3300 οὐδὲ

2149 3339 2449 3412 ἀλείμματί
2483 3357 2550 3410 με
2595 3339 3004 3410 ἐθεράπευσας,
3037 3337 3181 3408 αὕτη
3209 3337 3268 3390 δὲ
3310 3335 3520 3390 πολλῶν
3547 3333 3742 3388 κακῶν

2148 3431 2456 3505 ἀμνηστίαν
2501 3431 2774 3494 λαϐοῦσα,
2823 3429 3052 3502 ἐτίμησὲ
3099 3446 3203 3500 με,
3238 3429 3304 3482 ὲκ
3346 3425 3600 3500 δακρύων
3636 3426 3743 3481 καὶ

2153 3525 2362 3598 μύρων,
2401 3524 2566 3578 οἱονεὶ
2607 3523 2784 3595 δυφυῆ
2822 3521 3196 3595 κερασαμένη.

2220 3635 2326 3696 iB'.
2363 3637 2777 3710 Μακαρίσωμεν
2817 3633 2912 3691 οὖν
2933 3637 3032 3708 τὴν
3053 3635 3362 3710 ἄνθρωπον,
3381 3635 3481 3707 τὴν
3494 3633 3565 3689 τὰ
3592 3633 3746 3699 Εὔας

2143 3727 2462 3798 καλύψασαν
2489 3728 2666 3791 κακὰ,
2696 3729 2798 3800 τὴν
2831 3727 3176 3800 ἁμαρτωλὸν,
3221 3727 3322 3798 τὴν
3364 3728 3594 3797 πόρνην,
3633 3725 3742 3796 τὴν

2146 3819 2403 3892 πρόξενον
2441 3817 2549 3872 τῶν
2596 3818 2839 3889 ἀγαθῶν,
2866 3817 2964 3890 τὴν
3007 3819 3169 3873 αὐτὸν
3222 3818 3315 3871 τὸν
3366 3817 3561 3888 κριτὴν
3610 3832 3742 3868 συν-

2145 3914 2344 3984 ήγορον
2406 3913 2730 3982 ἐσχηκυῖαν,
2802 3911 2902 3980 τὴν
2983 3911 3215 3984 δάκρυσι
3287 3911 3590 3982 νικήσασαν
3643 3908 3742 3962 τὸν

2143 4003 2245 4072 τῆς
2299 4001 2536 4074 κρίσεως
2583 4002 2840 4073 ὀδυρμόν.
2921 4003 3050 4055 Οσοι
3117 4001 3380 4073 πάρεστε,
3447 3998 3738 4070 ζηλώσατε

2145 4093 2291 4165 ἅπερ
2344 4093 2618 4164 ἠκούσατε
2643 4111 2658 4126 ·
2703 4096 2800 4149 καὶ
2835 4094 2938 4165 τῆς
2985 4095 3192 4167 πόρνης
3243 4095 3315 4166 μὴ
3369 4093 3469 4165 τὴν
3511 4092 3730 4164 ἡδονὴν,

2146 4186 2284 4240 ἀλλὰ
2339 4187 2432 4241 τὸν
2482 4186 2679 4259 θρῆνον
2733 4187 3065 4260 μιμήσασθε.
3135 4189 3200 4242 Ἦ
3247 4186 3408 4258 ἡδονὴ
3467 4186 3569 4258 μὲν
3620 4185 3735 4256 γὰρ

2147 4278 2239 4332 τὸν
2300 4276 2499 4350 θρῆνον
2544 4277 2871 4350 ἐγέννησενο
2915 4279 2945 4332 ὁ
2992 4278 3190 4350 θρῆνος
3235 4278 3324 4340 δὲ,
3377 4277 3486 4330 τῶν
3538 4276 3734 4332 κακῶν

2147 4367 2247 4439 τὴν
2268 4367 2422 4422 λύσιν
2454 4368 2808 4442 προεξενησε.
2837 4371 3082 4424 Λούσατε
3109 4365 3203 4423 οὖν
3232 4368 3387 4440 ὑμῶν
3421 4369 3495 4440 μὴ
3523 4368 3736 4432 ὕδασιν,

2151 4460 2284 4516 ἀλλὰ
2315 4461 2544 4534 δάκρυσι
2591 4461 2654 4519 τὸ
2685 4463 2881 4537 σῶμαο
2921 4463 3182 4534 ἀλείψατε
3229 4463 3306 4535 μὴ
3353 4462 3580 4536 μύροις,
3620 4461 3739 4518 ἀλλ’

544 4843 656 4916 (79)
689 4843 765 4898 Τὰ
785 4843 904 4913 μὲν
947 4843 1178 4916 ἄνωθεν
1223 4843 1560 4913 θαυμάσας·
1585 4844 1660 4898 τὰ
1681 4843 1758 4916 ,δὲ
1785 4842 2044 4916 κάτωθεν

2159 4857 2266 4912 que
2291 4840 2436 4916 velut
2461 4840 2750 4912 propheta,
2774 4839 2938 4916 prius
2963 4852 3125 4916 quam
3159 4851 3217 4916 s_e
3239 4837 3362 4892 cibo
3386 4835 3730 4916 corruptibili

464 4913 562 4987 μὴ]
584 4916 981 4983 θεραπεύσας.
1002 4913 1106 4979 Qui
1123 4917 1406 4987 superiora
1418 4917 1627 4987 quidem
1644 4915 1716 4968 sis
1733 4915 2050 4987 admiratus,

470 4984 730 5055 inferiora
756 4993 934 5038 autem
979 5000 1080 5036 non
1109 4984 1318 5055 foveris.
1354 4984 1458 5050 Qui
1486 4994 1546 5038 ut
1575 4987 1894 5054 prophetam
1925 4985 2050 5053 qui-

470 5054 594 5108 dem
621 5065 672 5108 et
702 5055 1000 5123 sapientem
1040 5054 1335 5108 houorilice
1359 5057 1640 5124 exceperis
1677 5055 1951 5124 convivio,
1991 5061 2047 5110 et

471 5127 702 5180 honeste
733 5125 1020 5180 habueris:
1046 5127 1208 5190 pedes
1233 5135 1410 5177 autem
1441 5123 1589 5179 meus
1615 5135 1670 5178 et
1701 5123 1886 5178 inﬁma
1917 5137 2043 5177 cor-

473 5195 640 5262 poris,
686 5211 791 5250 non
852 5193 1113 5262 obsequio
1143 5191 1374 5260 foveris;
1437 5193 1571 5248 nihil
1616 5194 1759 5248 enim
1795 5194 1942 5249 aliud
1983 5193 2052 5248 τὰ

470 5263 700 5328 ἄνωθεν,
733 5264 829 5317 καὶ
859 5263 1105 5318 κάτωθεν
1139 5263 1238 5316 hoc
1271 5263 1388 5320 loco
1407 5263 1693 5319 voluerint.

547 5335 658 5401 (80)
724 5333 852 5403 Ἀφ’
905 5329 982 5403 ἧς
1035 5331 1345 5403 εἰσῆλθεν.
1387 5333 1598 5388 Habent
1652 5333 1810 5390 modo
1859 5332 2048 5390 Graeca

471 5405 756 5476 εἰσῆλθον·
791 5401 1063 5476 quot-ludo
1104 5401 1391 5476 Jansenius
1434 5414 1586 5472 putat
1639 5405 1947 5476 legendum,
2001 5413 2055 5458 et

473 5473 563 5530 ait
583 5473 782 5530 habere
807 5473 1004 5544 multos
1039 5473 1290 5542 antiquos
1313 5476 1548 5541 codices,
1581 5473 1754 5541 prima
1783 5490 2052 5544 persona:

471 5545 560 5601 Ex
574 5561 676 5615 quo
707 5545 923 5598 intravi.
950 5543 1153 5598 Sensus
1185 5554 1360 5600 tamen
1393 5545 1766 5600 incommodus
1788 5543 1915 5600 est:
1949 5561 2052 5600 non

472 5615 618 5668 enim
648 5625 758 5668 tam
791 5617 985 5668 festiue
1009 5615 1224 5667 videtur
1281 5616 1476 5669 mulier
1510 5615 1600 5670 illa
1647 5624 1830 5669 Secuta
1869 5615 2048 5668 Domi-

475 5699 628 5756 num,
657 5694 717 5756 ut
742 5685 936 5756 statim
971 5694 1135 5756 atque
1181 5687 1457 5754 ingressus
1490 5696 1598 5747 est,
1650 5687 1886 5756 potuerit
1937 5684 2052 5752 ejus

475 5753 642 5882 Bedes
670 5755 890 5810 abluere
910 5797 925 5818 ,
969 5753 1350 5824 maximequia
1380 5772 1487 5812 non
1513 5753 1682 5810 abluit
1703 5756 1802 5809 nisi
1835 5771 2052 5810 recum-

517 5831 657 5878 outts
684 5838 698 5851 ·
717 5833 800 5880 est
821 5834 1000 5882 autem
1024 5825 1336 5882 verisimile.
1367 5835 1427 5882 ut
1460 5827 1735 5882 ingressus
1765 5835 2049 5882 exceptus-

517 5823 657 5878 outis
684 5838 698 5851 ·
717 5833 800 5880 est
821 5834 1000 5882 autem
1024 5823 1336 5893 verisimile,
1367 5835 1427 5882 ut
1460 5827 1735 5896 ingressus
1765 5835 2049 5894 exceptus-

2156 4905 2486 4983 pascendum
2509 4905 2928 4983 composuisset,
2961 4905 3146 4963 multis
3179 4908 3502 4983 ipse‘verbis
3524 4977 3537 4983 _
3560 4905 3742 4963 sacris

2154 4977 2476 5050 caelestique
2488 4977 2647 5048 epqu
2663 4981 2927 5050 hospitem
2949 4995 3104 5034 suum
3131 4978 3358 5046 paverit.
3376 4977 3566 5033 Fuerit
3591 4991 3726 5046 ergo

2147 5053 2484 5117 credibilius,
2498 5052 2846 5120 interpretem
2865 5059 3110 5120 nostrum
3125 5050 3507 5120 correctiorem
3523 5056 3740 5120 nactum

2146 5124 2482 5185 codicetn,et
2501 5117 2676 5191 qualis
2701 5119 3085 5191 Amphilochia
3115 5119 3238 5181 fuit,
3271 5119 3506 5191 inquem
3530 5117 3592 5171 τὸ
3624 5119 3744 5191 εισ-

2147 5193 2316 5264 ἧλθον
2347 5193 2467 5248 loco
2494 5189 2590 5244 τοῦ
2611 5189 2861 5262 εἰσῆλθεν
2879 5189 3021 5244 facili
3049 5189 3450 5264 permutatione
3483 5203 3549 5264 ac
3599 5189 3740 5264 mala

2150 5255 2387 5318 lectione
2417 5255 2748 5327 irrepserit':
2787 5277 2950 5328 «tuam
2991 5255 3294 5314 ut'Lalinus
3334 5259 3534 5326 aliquis
3561 5255 3740 5313 offen-

2157 5349 2256 5396 sus,
2285 5335 2410 5388 dicti
2435 5331 2768 5394 diﬂicultate,
2799 5329 2884 5395 τὺ,
2919 5328 3148 5392 Intraui,
3187 5339 3455 5383 mutatum
3507 5329 3746 5383 voluerit

2159 5405 2214 5459 in
2240 5405 2476 5464 intravit,
2514 5417 2682 5471 quare
2709 5401 2837 5454 illud
2872 5401 3066 5471 merito
3099 5398 3326 5471 Syxtina
3371 5403 3736 5471 retinuerunt.

2233 5473 2346 5545 (Si)
2369 5471 2504 5540 Πῶς
2524 5469 2658 5542 γάρ.
2683 5487 2738 5524 κ.
2773 5487 2825 5528 τ.
2849 5471 2910 5545 λ,
2932 5469 3205 5534 Quomodo
3232 5478 3432 5545 poterat
3461 5469 3742 5545 capitibu-

2158 5539 2338 5599 noreni
2365 5539 2575 5605 habere,
2597 5539 2725 5612 'qui,
2753 5551 2864 5594 etc.
2889 5543 3058 5594 Acute
3089 5540 3428 5612 perstringit,
3457 5549 3512 5592 et
3537 5539 3743 5594 indicat

2154 5615 2209 5670 iu
2241 5615 2468 5684 pedibus
2509 5610 2637 5668 Jesu
2679 5620 2902 5684 spretos
2940 5619 3301 5684 pauperesuet
3323 5610 3554 5684 fratres,
3601 5623 3743 5684 quos

2154 5680 2258 5754 qui
2291 5684 2520 5753 Spernit,
2573 5682 2736 5751 capiti
2775 5680 2902 5736 Jesu
2937 5680 3163 5754 ejusque
3181 5680 3488 5754 divinitati,
3520 5680 3624 5754 etsi
3661 5680 3740 5754 ita

2156 5747 2472 5818 arbitretur,
2507 5747 2772 5810 honorem
2797 5767 2906 5808 non
2933 5747 3144 5806 tribuit.
3175 5747 3268 5806 Sic
3287 5747 3530 5806 Joannes
3555 5749 3624 5805 de
3646 5749 3737 5807 cli-

2152 5825 2422 5896 lectioueia
2431 5824 2592 5895 rguit.
