4092 6430
94 878 195 951 Α

1428 432 1695 491 ORATIO
1732 434 1798 490 IN
1841 433 2004 491 DIEM
2045 435 2339 492 SABBA'I‘I
2383 435 2655 495 SANC'II.
3589 438 3664 498 90

375 1096 492 1158 suis;
514 1093 715 1159 αἰῶνας
744 1096 874 1150 τῶν
912 1097 1135 1152 αίὼνων
1153 1114 1168 1128 ⁸
1208 1098 1399 1169 Ἀμήν.

1024 1191 1242 1246 ΛΟΓΟΣ
1289 1191 1368 1243 Ε’.

493 1287 589 1351 Εἰς
615 1284 738 1353 τὴν
774 1284 1029 1355 ἡμέραν
1058 1284 1165 1339 τοῦ
1193 1284 1367 1353 ἁγίου
1395 1280 1701 1337 Σαϐϐἁτου
1729 1280 1866 1353 (82).

454 1373 528 1429 A’.
558 1375 891 1445 Ἑπιτάφιον
917 1374 1117 1448 ἑορτὴν
1145 1372 1240 1427 τοῦ
1270 1373 1523 1446 Σωτῆρος
1542 1372 1699 1445 ἡμῶν
1720 1372 1980 1446 ἑορτάζο-

408 1485 502 1540 μεν
522 1469 781 1541 σήμερον.
818 1470 939 1523 Καὶ
958 1470 987 1522 6
1013 1468 1132 1540 μὲν,
1154 1466 1304 1540 παρά
1333 1469 1443 1531 τοῖς
1474 1469 1687 1536 νεκροῖς
1714 1466 1863 1520 κάτω
1882 1468 1977 1523 τοῦ

408 1559 628 1614 θανάτου
661 1561 729 1615 τὰ
754 1562 938 1633 δεσμά
964 1560 1215 1625 διαλύων,
1245 1559 1339 1614 καὶ
1361 1559 1537 1630 φωτὸς
1560 1558 1650 1613 τὸν
1680 1558 1811 1630 ᾅδην
1845 1558 1983 1630 πλη-

407 1651 537 1723 ρῶν,
579 1654 676 1705 καὶ
701 1651 1027 1723 άφυπνίζων
1058 1653 1184 1715 τοὺς
1223 1650 1658 1721 κεκοιμημένους
1682 1666 1695 1679 ⁸
1727 1653 1891 1721 ἡμεῖς
1923 1649 1981 1703 δὲ

407 1743 701 1814 χορεύομεν
731 1746 875 1816 ὑπὲρ
902 1745 1031 1814 γῆν,
1069 1743 1165 1815 τὴν
1207 1743 1502 1796 ἀνάστασιν
1549 1741 1979 1813 φανταζόμενοι,

406 1837 501 1889 καὶ
532 1837 594 1889 οὔ
642 1835 960 1907 δεδοίκαμεν
1003 1836 1102 1906 τὴν
1148 1835 1374 1908 φθορὰν,
1431 1835 1506 1907 μὴ
1548 1833 1852 1906 κατισχύσῃ
1883 1834 1982 1904 τῆς

306 532 457 607 ἁγνεία
487 537 576 593 τὰ
606 542 815 615 μέλη.
861 545 1242 601 Ἐνδύσασθε
1266 545 1323 599 οὑ
1345 544 1412 599 τά
1440 546 1630 618 Σηρῶν
1660 547 1977 617 ὑφάσματα,

2090 548 2391 612 lnduimini,
2441 563 2547 603 non
2610 556 2792 602 vestes
2837 547 3063 613 sericas,
3114 546 3208 603 sed
3255 547 3664 617 incorruptibile

311 626 416 683 ἀλλά
440 630 510 683 th
536 632 887 706 ἄφθαρτον
931 641 1057 711 τῆς
1106 638 1447 710 σωφροσύνης
1487 640 1725 710 ἱμάτιον,
1759 639 1847 694 ἵνα
1878 641 1979 711 τῆς

318 721 464 791 αὐτῆς
486 724 731 797 τύητε
766 729 972 802 δόξης
997 749 1014 763 ·
1045 731 1204 797 δόξαν
1239 730 1653 802 ἀναπέμποντες
1679 731 1757 802 τῷ
1798 729 1980 802 ’Λμνῷ

326 815 401 869 ωὖ
425 815 570 869 Θεσῦ
598 856 619 880 ,
654 819 747 891 τῷ
789 822 1047 887 αἰροντι
1080 823 1177 895 τὴν
1220 824 1494 894 ἁμαρτίαν
1528 822 1620 876 τοῦ
1654 822 1859 893 κόσμου
1881 840 1894 852 ⁸
1933 816 1979 891 ᾧ

339 907 559 978 Ῠίιῖιδξσιι
594 910 706 963 καὶ
764 915 807 984 ἠ
848 914 1045 986 τιμὴ,
1103 916 1197 968 καὶ
1233 917 1267 984 ή
1309 913 1713 986 προσκύνησις,
1768 915 1864 967 σὺν
1900 913 1979 985 τῷ

357 1001 524 1073 lla-.91
549 1004 649 1055 καῖι
679 1003 774 1076 τῷ
812 1007 982 1077 ἁγίῳ
1010 1008 1310 1078 Πνεύματι,
1345 1007 1442 1061 νῦν
1489 1008 1583 1061 καὶ
1611 1007 1732 1073 ἀεὶ,
1767 1008 1863 1061 καὶ
1894 1009 1979 1072 είς

2086 639 2453 707 temperantiae
2487 639 2882 702 indumentum,
2919 648 2977 691 ut
3008 654 3192 708 parem
3223 638 3445 709 gloriam
3472 653 3667 694 conse-

2083 730 2347 798 quamini,
2392 730 2616 799 gloriam
2670 730 3053 784 submittentes
3097 730 3251 801 Agno
3306 730 3382 783 illi
3419 729 3535 796 Dei,
3569 745 3665 799 qut

2088 820 2221 874 tollit
2246 831 2523 890 peccatum
2557 823 2739 874 mundi
2763 821 2810 854 ³⁸
2831 839 2844 874 :
2867 821 2953 875 cui
2969 821 3136 889 gloria
3153 822 3432 892 honorque
3451 831 3507 876 et
3534 820 3668 875 ado-

2085 910 2251 972 ratio,
2282 925 2405 963 cum
2425 908 2587 964 Patre
2614 920 2669 965 et
2695 910 2902 979 Spiritu
2931 918 3142 978 sancto,
3169 926 3316 966 nunc
3346 920 3403 967 et
3429 927 3663 984 semper,

2084 1009 2141 1055 et
2173 1003 2227 1057 in
2257 1001 2451 1056 saecula
2487 1002 2833 1057 saeculorum.
2860 1006 3056 1059 Amen.

2690 1179 2948 1238 ORATIO
2993 1180 3061 1238 Ἴ.

2509 1272 2579 1328 In
2624 1274 2763 1328 diem
2796 1274 3014 1329 Sabbati
3051 1275 3241 1329 sancti.

2155 1366 2203 1420 Ι.
2275 1364 2589 1437 Sepulcrale
2644 1366 2841 1423 festum
2897 1366 3208 1425 Servatoris
3267 1365 3440 1422 nostri
3502 1362 3668 1419 hodie

2087 1456 2520 1527 frequentamus.
2559 1457 2626 1512 Et
2652 1458 2767 1527 ipse
2797 1459 3013 1529 quidem
3048 1461 3189 1527 apud
3230 1458 3432 1513 inferos
3473 1457 3665 1512 mortis

2086 1548 2300 1602 vincula
2337 1548 2604 1613 dissolvit,
2632 1549 2750 1605 luce
2784 1565 2879 1605 sua
2907 1550 3178 1605 infernum
3208 1550 3412 1619 implet,
3447 1559 3500 1604 et
3531 1550 3661 1605 dor-

2088 1640 2318 1694 mientes
2357 1654 2387 1693 ο
2419 1655 2612 1695 somno
2638 1641 2876 1706 excitat;
2912 1655 3014 1697 nos
3041 1657 3167 1696 vero
3194 1642 3298 1696 laeti
3328 1641 3668 1697 exsultamus

2087 1747 2249 1800 super
2291 1741 2524 1799 terram,
2567 1733 3027 1788 resurrectionem
3065 1734 3243 1802 ipsius
3265 1733 3420 1789 nobis
3453 1732 3668 1803 cogita-

2091 1825 2238 1878 tione
2289 1825 2358 1878 oh
2409 1824 2597 1879 oculos
2649 1833 2972 1893 statuentes,
3034 1840 3211 1895 neque
3264 1825 3666 1894 corruptionem

410 1927 737 1998 ἀφθαρσίας.
779 1930 860 1982 οὐ
893 1926 1107 1994 δώσεις
1147 1926 1276 2000 γὰρ,
1324 1928 1480 1999 φησὶ.
1523 1926 1633 1981 τὸν
1657 1926 1831 1981 ὅσιόν
1860 1940 1979 1980 σου

2090 1915 2186 1981 iam
2224 1915 2547 1981 metuimus;
2587 1930 2655 1970 ne
2683 1932 2770 1980 ea,
2809 1931 2975 1986 quam
3010 1916 3513 1986 incorruptibilitas.
3546 1916 3668 1985 plus

413 2022 563 2076 ιδεῒν
611 2020 962 2090 διαφθοράν.
1012 2022 1123 2075 Καὶ
1171 2022 1300 2082 ῖσως
1344 2019 1501 2092 ήμῶν
1528 2020 1629 2091 τὴν
1661 2018 1980 2088 φιλοσοφίαν

411 2114 643 2182 γελῶσιν
687 2114 927 2167 Ἰουδαῖοι
954 2116 1050 2168 καὶ
1090 2114 1348 2184 ’Έλληνες
1372 2129 1386 2145 ⁸
1417 2115 1465 2167 oi
1499 2113 1598 2184 μὲν
1626 2112 1814 2185 ἓτερον
1843 2113 1983 2184 Χρι-

416 2206 541 2259 στὸν
584 2206 1031 2278 προσδεχόμενοι,
1068 2208 1117 2260 oi.
1160 2206 1219 2259 δὲ
1261 2206 1453 2274 τάφοις
1497 2203 1985 2267 ἐναποκλείσαντες

415 2299 594 2353 αὐτῶν
634 2299 736 2363 τὰς
781 2298 1016 2365 ἐλπίδας,
1069 2298 1197 2370 περ)⁵
1240 2292 1314 2353 ὧν
1356 2297 1580 2360 εἰκότως
1623 2298 1653 2350 6
1699 2297 1985 2369 προφήτης

417 2390 611 2458 φησίν·
663 2392 728 2443 Ol
782 2389 951 2458 τάφοι
993 2386 1191 2444 αὐτῶν
1250 2388 1429 2443 οἰκίαι
1478 2386 1679 2442 αὐτῶν
1726 2389 1817 2454 είς
1876 2386 1986 2441 τὸν

412 2482 613 2535 clima.
652 2481 790 2534 Ἀλλ’
812 2483 859 2534 οί
882 2482 979 2552 μὲν
1002 2481 1269 2549 γελῶντες
1290 2481 1605 2548 στενάξουσι
1634 2478 1984 2549 (στενάξουσι

413 2571 530 2642 γὰρ
556 2571 805 2643 ὕστερον,
827 2569 1074 2640 ὁρῶντες
1107 2574 1192 2637 είς
1217 2570 1289 2625 ὃν
1307 2570 1712 2640 ἐξηκόντισαν
1740 2571 1836 2623 καὶ
1895 2571 1985 2623 ὲν-

414 2664 649 2734 ύδρισαν
678 2664 735 2734 )⁸
786 2664 944 2734 ἡμεῖς
1000 2663 1058 2716 δὲ
1110 2663 1467 2736 δακρύοντες,
1514 2662 1672 2734 ἡδονῇ
1699 2662 1759 2715 τὸ
1814 2662 1987 2727 πάθος

415 2755 763 2827 κεράσωμεν.
832 2754 1115 2824 Ἥρπασεν
1183 2757 1212 2808 6
1267 2754 1494 2818 Θάνατος
1559 2753 1649 2807 τὸν
1704 2753 1985 2825 Δεσπότην

414 2846 687 2917 Χριστόνς
730 2845 842 2900 ἀλλ’
880 2847 940 2899 ού
983 2844 1203 2911 καθέξει
1252 2848 1383 2918 παρ’
1439 2843 1618 2916 ἑαυτῷ
1675 2843 1772 2917 τὴν
1816 2841 1983 2915 ζωήν.

414 2938 701 3002 Κατέπιε;
755 2937 1010 2992 κατέπιεν
1062 2940 1331 3010 ἀγνοήσας
1355 2980 1370 3005 ,
1430 2938 1544 2992 ἀλλ’
1596 2937 1824 3007 ὲξέμεσε
1872 2934 1984 3008 (85)

413 3028 648 3092 πολλοὺς
680 3030 776 3081 σὺν
803 3028 965 3099 αὐτῷ.
1016 3028 1190 3082 Ἐκὼν
1219 3028 1510 3098 κατέχεται
1537 3027 1654 3092 νῦν,
1683 3027 1821 3098 μετά
1849 3026 1983 3080 ταύ-

409 3136 514 3191 την
549 3120 647 3191 τὴν
675 3120 885 3190 ἡμέραν
909 3118 1207 3183 σκυλεύσας
1231 3120 1321 3173 τὸν
1351 3118 1483 3190 ᾅδην
1512 3118 1814 3172 ἀνίσταται.
1845 3115 1987 3180 Χθὲς

2081 2006 2271 2076 possit.
2320 2004 2443 2060 Non
2475 2007 2627 2061 dabis
2662 2007 2832 2070 enim,
2866 2007 3041 2075 inquit
3079 2005 3382 2076 Scriptura,
3427 2016 3668 2060 sanctum

2083 2106 2230 2149 tuum
2267 2098 2440 2151 videre
2485 2100 2873 2166 corruptionem
2921 2098 2987 2154 ³³.
3034 2096 3103 2151 Ει
3138 2098 3386 2153 fortassis
3424 2098 3666 2166 philoso—

2084 2188 2265 2258 phiam
2305 2190 2447 2244 hanc
2491 2200 2735 2245 nostram
2777 2190 2946 2246 Judaei
2988 2200 3043 2245 et
3079 2190 3251 2246 Grazci
3285 2191 3541 2255 irrident;
3592 2190 3666 2243 illi

2083 2280 2300 2350 quidem
2364 2281 2528 2336 alium
2590 2283 2868 2337 Christum
2930 2291 3307 2352 exsltectantes
3358 2299 3374 2336 :
3430 2282 3484 2336 hi
3541 2296 3670 2337 vero

2084 2373 2347 2443 sepulcris
2374 2390 2498 2444 spes
2528 2391 2655 2431 suas
2694 2375 3058 2443 includentes,
3100 2377 3163 2429 de
3194 2375 3393 2445 quibus
3428 2374 3671 2443 apposite

2085 2465 2343 2535 propheta
2392 2465 2469 2518 ait
2515 2482 2531 2519 :
2568 2465 2825 2535 Sepulcra
2862 2484 3063 2533 eorum,
3112 2469 3298 2521 domus
3340 2468 3573 2535 ipsorum
3613 2467 3670 2520 in

2084 2557 2337 2612 swculum
2382 2557 2452 2614 ‘°.
2494 2557 2763 2613 Caeterum
2820 2560 2908 2614 isti
2964 2576 3107 2616 nunc
3159 2562 3516 2625 corridentes,
3572 2574 3670 2630 ge-

2085 2661 2235 2704 ment
2285 2649 2575 2719 aliquando
2613 2650 2902 2722 (gentem,
2942 2653 3201 2720 inquam,
3259 2652 3582 2721 aspicientes
3615 2651 3669 2704 in

2085 2755 2243 2811 quem
2292 2742 2631 2795 confixerunt
2687 2742 2752 2809 ⁸⁸,
2809 2754 2864 2798 et
2917 2744 3125 2811 injuriis
3160 2742 3521 2813 affecerunt);
3573 2759 3674 2797 nos

2085 2846 2217 2887 vero
2241 2833 2632 2904 lacrymantes,
2671 2835 2973 2905 passionem
3012 2835 3155 2889 hanc
3183 2836 3363 2890 laetitia
3397 2844 3672 2904 tempera-

2087 2924 2287 2981 himus.
2312 2923 2511 2993 Rapuit
2547 2940 2696 2980 mors
2740 2927 3027 2981 Dominum
3069 2940 3314 2981 nostrum
3355 2926 3672 2990 Christum;

2086 3017 2180 3070 sed
2208 3032 2312 3071 non
2358 3017 2611 3071 retinebit
2654 3019 2796 3088 apud
2828 3033 2887 3073 se
2912 3020 3098 3073 vitam.
3156 3020 3443 3073 Devoruvit
3498 3018 3673 3086 ipsutn

2087 3107 2285 3171 inscia,
2318 3110 2412 3162 sed
2433 3119 2677 3163 evomunt
2712 3109 2911 3164 multos
2938 3126 3059 3165 cum
3093 3111 3229 3180 ipso.
3287 3110 3488 3165 Volens
3532 3125 3677 3163 nunc

413 3206 708 3278 ὲμαύρωσε
738 3206 826 3259 τὸν
851 3206 999 3276 ἣλιον
1029 3206 1378 3278 σταυρωθεὶς,
1404 3207 1502 3262 καὶ
1531 3205 1803 3279 μεσούσης
1836 3205 1979 3277 ἡμέ-

2090 3200 2359 3255 detinelur
2389 3218 2402 3253 :
2440 3201 2533 3256 sed
2567 3203 2808 3256 crastino
2830 3204 2937 3269 die,
2975 3202 3203 3271 spoliato
3231 3201 3468 3270 inferno,
3488 3216 3672 3255 resur-

416 3276 518 3372 ρας
546 3276 833 3367 ἐπεισῆλθε
866 3297 961 3365 νύξ
981 3315 996 3329 ⁸
1030 3276 1270 3371 σήμερον
1301 3301 1329 3353 6
1355 3276 1584 3362 θάνατος
1615 3276 1983 3370 παραλύεται,

2093 3300 2201 3361 get.
2240 3290 2368 3345 Heri
2394 3294 2693 3348 crucilixus
2720 3293 2888 3348 solem
2922 3294 3254 3360 obscuravit,
3308 3304 3362 3348 et
3388 3295 3474 3348 die
3498 3294 3676 3349 adhuc

416 3389 566 3455 ξένον
592 3388 788 3460 νεκρὸν
828 3388 1200 3460 είσδεξάμενος
1226 3404 1240 3420 ⁸
1268 3388 1393 3460 χθὲς
1421 3388 1717 3460 ἐπένθησεν
1748 3389 1781 3459 ἡ
1810 3388 1986 3453 κτίσις

414 3482 513 3551 τὴν
542 3480 651 3533 τῶν
701 3480 965 3534 Ἰουδαίων
1008 3481 1203 3551 μανίαν
1227 3480 1432 3552 δρῶσα,
1461 3480 1557 3534 καὶ
1586 3479 1777 3550 στολὴν
1804 3477 1989 3533 πενθι-

414 3572 517 3641 κὴν
548 3573 606 3625 τὸ
645 3571 838 3634 σκότος
862 3572 1175 3626 ἐνεδύσατο·
1206 3574 1443 3643 σήμερον
1474 3571 1601 3635 λαὸς
1629 3573 1658 3625 6
1682 3571 1989 3643 καθήμενος

418 3661 475 3713 ὲν
530 3662 713 3714 σκότει
775 3661 890 3729 φῶς
930 3656 1038 3714 εἶδε
1081 3663 1241 3732 μέγα.
1282 3661 1423 3724 Χθὲς
1451 3661 1675 3731 ὲδονήθη
1705 3664 1737 3732 ἡ
1771 3663 1863 3732 γῆ,
1892 3662 1989 3715 καὶ

418 3755 545 3823 περὶ
581 3752 764 3821 φυγῆς
791 3750 1135 3817 ἐϐουλεύετο,
1167 3752 1261 3806 καὶ
1298 3752 1580 3823 διαστῆναι
1610 3757 1723 3815 τοῖς
1748 3752 1989 3806 ὲνοικοῦο

414 3834 501 3899 σίν
529 3844 770 3915 ἠπείλει,
803 3845 896 3897 καὶ
924 3844 993 3896 τά
1034 3844 1130 3914 μὲν
1155 3842 1255 3915 ὅρη
1283 3843 1595 3907 ἐκόπτοντο,
1627 3843 1904 3913 ἐσχίζοντο
1931 3844 1989 3897 δὲ

412 3939 471 3990 αἱ
497 3937 730 4008 πέτραι,
762 3934 966 4005 γυμνὸς
999 3935 1057 3988 δὲ
1081 3930 1150 4006 ἦν
1178 3935 1207 3986 6
1246 3935 1390 3998 ναὸς,
1434 3935 1683 4005 καθάπερ
1716 3934 1986 4006 ἔμπνους,

409 4029 476 4081 τὸ
509 4029 726 4097 ἱμάτιον
753 4025 1069 4097 διαρρήξας.
1099 4025 1168 4079 δι’
1208 4019 1284 4079 ὧν
1313 4024 1481 4078 ἔπαθε
1511 4025 1725 4088 δεικνὺς
1762 4024 1839 4088 ὡς
1870 4024 1993 4078 ἐδε-

413 4116 636 4189 ϐηλώθη
662 4117 732 4169 τά
758 4116 911 4185 ἆγια.
940 4116 1021 4169 Τά
1056 4115 1236 4185 ἀψυχα
1274 4114 1366 4169 τοῦ
1397 4114 1742 4186 τολμήματος
1769 4114 1986 4185 ᾔσθετο,

411 4210 465 4264 οἱ
508 4209 566 4262 δὲ
610 4208 786 4262 ταῦτα
842 4208 1145 4279 τολμῶντες
1195 4207 1553 4278 ἀναισθήτους
1601 4204 1745 4278 εἶχον
1788 4208 1986 4278 ψυχάς.

425 4301 759 4370 Ἦγανάκτει
787 4301 853 4355 τὲ
882 4303 1116 4371 στοιχεῖα
1135 4340 1150 4363 .
1186 4300 1278 4353 καὶ
1303 4300 1501 4371 μικροῦ
1534 4300 1635 4371 τὴν
1674 4299 1827 4365 τάξιν
1885 4302 1992 4355 ἀπη

415 4393 597 4457 ἐλιπε,
615 4394 712 4445 καὶ
728 4392 988 4463 σύγχυσιν
1013 4392 1307 4463 εἰργάσατο
1331 4392 1423 4445 τοῦ
1450 4392 1670 4457 παντὸς,
1705 4393 1754 4446 εί
1787 4391 1863 4463 μὴ
1892 4389 1989 4445 τοῦ

410 4487 622 4555 Δημιου
632 4484 763 4555 ργοῦ
806 4486 903 4555 τῆς
945 4484 1250 4556 βουλήσεως
1294 4482 1488 4555 ᾔσθετο
1506 4522 1524 4548 ,
1577 4484 1662 4537 ὅτι
1717 4482 1793 4555 μὴ
1842 4482 1992 4537 ἄκων

412 4578 698 4649 ὖὸρίζετο.

2093 3383 2269 3438 media
2309 3398 2413 3437 nox
2444 3384 2725 3453 incubuit;
2761 3385 2925 3441 hodie
2948 3401 3095 3441 mors
3121 3386 3228 3439 vim
3264 3401 3416 3439 suam
3449 3386 3674 3450 amittit,

2097 3490 2294 3529 novum
2336 3476 2625 3545 quemdam
2667 3487 2942 3531 mortuum
2988 3478 3040 3531 in
3074 3493 3146 3532 se.
3185 3478 3509 3547 suscipiens.
3547 3477 3676 3533 Heri

2095 3579 2275 3621 rerum
2319 3564 2521 3620 fabrica
2559 3567 2717 3634 luxit,
2756 3566 3066 3623 Judaeorum
3100 3566 3337 3624 furorem
3372 3568 3582 3634 videns,
3622 3578 3678 3624 et

2075 3658 2370 3729 .mmstitia:
2407 3660 2794 3714 vestimentum
2824 3660 2927 3716 sibi
2979 3662 3231 3716 tenebras
3264 3662 3437 3715 induit
3467 3679 3482 3717 :
3518 3662 3681 3715 hodie

2095 3751 2323 3821 populus
2351 3750 2407 3805 in
2439 3752 2679 3808 tenebris
2701 3753 2899 3809 sedens
2946 3756 3081 3807 vidit
3116 3754 3291 3808 lucem
3321 3771 3568 3822 magnam
3606 3753 3674 3807 “.

2096 3841 2223 3896 Heri
2252 3855 2393 3896 terra
2418 3854 2714 3906 commota.
2748 3845 2895 3899 velut
2928 3846 2995 3900 de
3027 3844 3151 3916 fuga
3196 3846 3479 3901 consilimn
3521 3846 3679 3911 iniit;

2097 3936 2383 3991 dehiscere
2418 3937 2851 3993 inhabitantibus
2894 3942 3222 3994 comminata
3255 3955 3271 3994 :
3330 3949 3540 3993 montes
3581 3937 3681 3992 ah-

2098 4028 2279 4095 scissi,
2316 4038 2482 4097 petra:
2508 4031 2714 4095 scissae,
2758 4032 2957 4084 nudum
3005 4029 3262 4100 templum
3297 4040 3677 4099 conspectum,

2096 4122 2238 4191 quod
2298 4123 2521 4190 perinde
2566 4137 2629 4177 ac
2664 4122 2707 4178 si
2753 4124 2934 4176 vivum
2976 4133 3143 4188 esset,
3178 4135 3383 4178 vestem
3424 4124 3627 4193 dirupit
3662 4142 3678 4181 :

2096 4227 2194 4283 per
2239 4228 2302 4267 ea
2337 4228 2457 4283 quae
2490 4214 2594 4268 sibi
2630 4216 2991 4279 accidebant,
3044 4231 3199 4269 sacra
3258 4226 3515 4269 temerata
3556 4233 3679 4270 esse

2096 4307 2450 4359 contendens.
2500 4305 2567 4359 Et
2622 4306 2815 4360 anima:
2873 4307 3092 4376 quidem
3150 4308 3376 4377 vitaeque
3438 4310 3681 4377 expertia

2100 4404 2306 4449 tantum
2354 4394 2566 4451 facinus
2594 4407 2891 4452 senserunt
2923 4417 2936 4451 :
2973 4407 3030 4451 at
3070 4400 3158 4464 qui
3196 4398 3248 4451 id
3278 4399 3426 4458 ausi,
3471 4399 3683 4452 animas

2097 4485 2243 4539 omni
2272 4499 2435 4540 sensu
2468 4497 2719 4542 carentes
2748 4487 3072 4543 habuerunt.
3098 4486 3358 4541 Dolebant
3391 4488 3681 4552 elementa,

2098 4586 2154 4631 et
2174 4592 2367 4647 parum
2398 4578 2607 4643 aberat,
2635 4579 2786 4648 quin,
2823 4579 3068 4633 ordinem
3098 4582 3495 4650 stationemque
3528 4581 3683 4634 dese-

414 4672 621 4738 rentia,
656 4668 1028 4725 confusionem
1055 4668 1372 4725 inducerent
1394 4667 1657 4753 universi,
1711 4667 1817 4723 nisi
1871 4667 2203 4724 voluntatem
2272 4667 2567 4724 conditoris
2626 4670 3021 4741 percepissent,
3067 4670 3316 4727 videlicet
3366 4671 3541 4740 ipsum
3572 4687 3679 4729 non

413 4761 647 4817 invitum
678 4763 809 4831 pati.

484 4858 639 4913 8’30
652 4857 853 4913 καινῶν
877 4858 970 4913 καὶ
980 4856 1300 4930 παραδόξων
1324 4855 1666 4928 πραγμάτων
1686 4854 1869 4927 ΞΞύλῳ
1887 4857 1985 4910 τεί-

2174 4854 2241 4908 ll.
2289 4851 2334 4909 Ο
2374 4869 2461 4909 res
2492 4867 2661 4907 novas
2696 4862 2859 4923 atque
2906 4853 3242 4923 inopinatas!
3280 4853 3452 4924 Ligno
3497 4863 3686 4909 exten-

412 4966 564 5004 νεται
600 4952 633 5003 6
674 4949 818 5020 λόγῳ
850 4950 1033 5013 τείνας
1054 4949 1147 5003 τὸν
1173 4949 1431 5019 οὐρανόνο
1461 4951 1556 5003 καὶ
1579 4947 1798 5018 δεσμοῖς
1832 4966 1992 5020 περι-

416 5045 694 5109 minus,
718 5046 749 5098 6
777 5043 944 5115 δήσας
972 5042 1183 5114 ψάμμῳ
1230 5042 1329 5115 τὴν
1358 5043 1632 5097 θάλασσαν
1651 5057 1665 5071 ⁸
1713 5041 1992 5105 ποτίζεται

416 5139 597 5209 χολὴν,
639 5140 671 5191 6
694 5136 795 5200 τὰς
827 5136 1008 5207 πηγάς
1043 5136 1257 5208 μέλιτος
1302 5136 1706 5209 χαρισάμενος·
1745 5136 1841 5190 καὶ
1868 5151 1993 5188 στε-

422 5229 684 5297 φανοῦται
735 5224 1001 5289 ἀκάνθαις
1023 5266 1041 5292 ,
1089 5228 1121 5280 6
1165 5227 1268 5298 τὴν
1320 5230 1426 5298 γῆν
1479 5225 1831 5294 στεφανώσας
1877 5226 1993 5288 τοῖς

421 5320 602 5376 ἄνθεσι
624 5337 642 5352 ⁸
686 5319 786 5374 καὶ
828 5316 1088 5374 τύπτεται
1136 5316 1238 5391 μὲν
1285 5317 1517 5388 καλάμῳ
1560 5316 1661 5389 τὴν
1718 5317 1990 5389 κεφαλὴν,

2100 4948 2268 5013 ditur,
2302 4947 2394 5017 qui
2426 4946 2592 5002 verbo
2612 4946 2808 5001 cadum
2834 4949 3168 5012 tetenderat;
3193 4948 3422 5001 vinculis
3451 4947 3687 5001 circum-

2098 5039 2283 5103 datur,
2332 5039 2425 5108 qui
2470 5054 2621 5095 mare
2673 5043 2855 5097 arenis
2905 5041 3258 5108 alligaverat;
3290 5040 3413 5094 felle
3447 5046 3683 5109 potatur,

2098 5132 2190 5201 qui
2222 5132 2398 5187 mellis
2429 5130 2611 5188 fontes
2646 5133 2825 5188 fuerat
2863 5132 3116 5203 largitus;
3167 5134 3340 5203 spinis
3370 5143 3682 5198 coronatur,

2098 5229 2191 5299 qui
2247 5237 2448 5283 terram
2512 5228 2737 5284 ﬂoribus
2803 5235 3194 5295 coronaverat;
3251 5227 3462 5283 calamo
3522 5234 3686 5296 caput

2098 5320 2441 5384 verberatur,
2475 5320 2567 5389 qui
2609 5319 2899 5391 Egyptum
2947 5320 3073 5375 olim
3129 5319 3314 5375 decem
3353 5317 3523 5388 plagis
3555 5330 3680 5386 per!

486 5476 709 5536 “Joan.
739 5495 788 5536 ι.
813 5477 908 5536 29.
983 5476 1029 5512 ³⁸
1058 5473 1204 5532 Psal.
1230 5491 1302 5532 xv
1351 5474 1444 5531 10.
1514 5474 1560 5507 ⁸⁸
1594 5473 1737 5531 Psal.
1775 5488 1965 5528 mm.

2163 5471 2391 5530 M"Lach.
2423 5490 2524 5542 xu,
2558 5474 2643 5531 10.
2722 5475 2768 5508 δ’
2793 5476 2895 5532 lsa.
2916 5492 2991 5539 tx,
3019 5475 3079 5532 2.

478 5603 591 5676 (3})
620 5603 1024 5676 Exscripsimns
1047 5600 1247 5657 editam
1272 5598 1660 5676 a_Pantino_etr
1693 5594 1984 5676 bihliothe-

408 5668 754 5741 ca'Tbuana,
804 5668 866 5729 ut
916 5681 1009 5728 est
1060 5680 1176 5727 tota
1221 5671 1408 5726 usibus
1459 5668 1688 5741 publicis
1745 5668 1981 5723 devota:

409 5747 656 5818 nactique
674 5740 907 5817 Regium
927 5742 1198 5818 codicem,
1238 5741 1370 5795 nihil
1401 5754 1552 5818 paene
1580 5740 1851 5818 diversum
1890 5749 1985 5818 aut

412 5808 690 5885 mutatum,
734 5808 936 5875 e'xacta
982 5811 1280 5885 collatione
1341 5808 1599 5885 occurrit.
1666 5808 1759 5862 Est
1809 5808 1984 5861 oratio

412 5901 512 5960 quo
533 5880 764 5958 brevior,
801 5901 872 5945 eo
900 5881 1124 5950 cultior,
1142 5896 1268 5941 vere
1301 5880 1695 5939 nobilissimum
1726 5890 1984 5935 consum-

2090 5597 2375 5652 matissimt
2408 5596 2608 5667 Ingenii
2642 5604 3074 5652 monumentum.
3117 5593 3331 5648 Pantini
3358 5590 3681 5667 versionem

2092 5677 2152 5721 ut
2178 5668 2292 5750 suis
2312 5661 2556 5723 numeris
2594 5667 2920 5733 absolutam,
2952 5667 3042 5720 vix
3070 5680 3181 5723 uno
3212 5662 3428 5720 autalio
3446 5661 3680 5730 navulo,

2089 5746 2435 5792 rettnuimus.

2163 5807 2275 5881 (85)
2317 5806 2618 5879 Ἐξέμεσε.
2645 5805 2746 5865 Ms.
2769 5804 3040 5878 ὲξεμὲσει.
