4092 6440
529 424 592 480 9t
1489 401 1576 482 's.
1609 420 2055 480 suputmcuu
2091 419 2476 477 ICONIENSIS
2512 418 2823 478 EPISCOPI
3699 426 3770 485 θα

530 547 821 605 cusserat,
880 547 1152 611 caputque
1196 537 1497 595 Pharaonis
1556 541 1719 596 undis
1780 548 2101 609 operuerat;

2224 540 2233 588 ί
2276 534 2522 600 πατάξας
2559 536 2659 608 τὴν
2696 537 2970 605 Δίγυπτον
3020 537 3143 600 ταῖς
3186 537 3319 593 δέκα
3361 539 3627 610 πληγαῖς,
3679 547 3772 601 καὶ

529 633 852 702 conspuitur
881 632 999 700 ejus
1021 632 1226 700 voltus,
1255 646 1416 702 quem
1443 632 1723 688 cherubim
1754 632 1952 686 intueri
1993 646 2099 685 non

532 725 824 781 sustinent.
876 722 1057 793 Atque
1087 725 1203 778 haec
1242 723 1367 778 talia
1410 738 1532 779 cum
1572 732 1870 794 pateretur,
1917 738 2013 792 pro
2047 736 2106 777 se

534 815 983 885 crucifigentibus
1056 814 1520 883 comprecabatur,
1605 815 1790 869 dicens
1844 832 1858 868 :
1920 812 2105 879 Pater,

533 909 739 963 dimitts
766 907 910 972 illis;
939 923 1042 961 non
1068 907 1205 960 enim
1235 907 1405 960 sciunt
1434 905 1561 976 quid
1585 906 1789 973 faciunt
1819 903 1886 960 ⁸³.
1938 902 2105 959 Bonl-

535 1008 649 1054 tate
685 999 944 1053 malitiam
973 998 1159 1052 vincit.
1197 996 1569 1052 Defensionem
1600 996 1834 1051 instituit
1859 994 2109 1051 Christus

535 1104 635 1159 pro
689 1088 893 1143 Christi
945 1088 1274 1155 homicidis,
1325 1088 1554 1142 salutem
1621 1101 1807 1141 eorum
1867 1086 2108 1140 Studiose

537 1191 782 1252 captans.
818 1181 980 1236 Diluit
1010 1183 1236 1249 crimen,
1266 1181 1623 1251 ignorantiam
1674 1190 1944 1234 causatus.
1992 1177 2106 1232 Non

540 1274 739 1331 acerbe
788 1274 914 1339 fert,
986 1274 1219 1329 vesaniae
1279 1274 1515 1342 ipsorum
1578 1271 1864 1325 ludibrium
1914 1267 2105 1323 factus.

542 1364 761 1419 Tolerat
814 1363 1207 1430 temulentiam,
1260 1376 1467 1432 suaque
1514 1362 1566 1415 in
1619 1375 1788 1430 genus
1815 1359 2107 1413 humanum

538 1453 921 1523 propensione,
944 1454 1163 1508 eosdem
1189 1452 1256 1506 ad
1284 1448 1705 1519 resipiscendum
1752 1455 1929 1500 vocat.
1970 1444 2110 1511 Quid

539 1545 815 1616 pluribus?
832 1545 987 1599 Nullo
1006 1560 1037 1600 e
1064 1544 1304 1599 bonitate
1331 1544 1498 1612 ipsius
1525 1540 1704 1594 fructu
1729 1547 2004 1609 percepto,
2023 1551 2109 1590 se-

540 1639 726 1708 pulcro
744 1637 1040 1701 includunt,
1059 1650 1216 1706 quem
1236 1633 1379 1688 nulla
1403 1647 1580 1687 rerum
1602 1631 1974 1684 universarum
1992 1642 2113 1697 qua:

539 1730 830 1792 exsistunt,
855 1727 911 1781 in
936 1741 993 1782 se
1010 1726 1288 1781 continere
1308 1732 1489 1793 queat.
1508 1721 1791 1793 Signacula
1812 1726 2109 1789 apponunt,

544 1830 788 1877 nostram
827 1818 1200 1874 liberationem
1238 1815 1709 1870 custodienteszet
1741 1810 2107 1867 resurrectio-

2205 627 2306 699 τὴν
2367 627 2606 698 κεφαλὴν
2663 627 2757 681 τοῦ
2819 626 3019 699 Φαραὼ
3077 627 3324 698 καλύψας
3392 634 3504 695 τοῖς
3569 630 3769 690 ὕδασιν.

2219 720 2551 791 Ἐμπτύεται
2572 720 2634 773 τὺ
2669 719 2960 791 πρόσωπον
2984 719 3014 773 ὃ
3046 719 3172 773 ίδεϊν
3202 720 3265 773 οῦ
3288 720 3445 793 φέρει
3472 720 3544 776 τὰ
3572 724 3774 795 Χερου-

2207 811 2325 883 ϐίμ.
2352 811 2537 865 Ταῦτα
2563 811 2619 864 δὲ
2646 811 2890 881 πάσχων,
2918 811 3054 882 ὑπὲρ
3091 811 3201 865 τῶν
3225 812 3599 883 σταυροῦντων
3612 832 3773 887 προσ-

2206 902 2426 972 ηύχετο,
2474 901 2648 970 λέγων
2668 918 2683 933 ·
2734 902 2955 969 Πάτερ,
3001 900 3151 971 ἄφες
3178 901 3402 969 αὐτοῖς,
3433 905 3504 956 οὐ
3544 904 3657 974 τὰρ
3691 905 3774 958 οι-

2207 991 2350 1044 δασι
2403 991 2461 1043 τί
2501 989 2805 1044 ποιοῦσιν.
2870 990 3189 1061 Ἀγαθὸτητι
3231 991 3332 1062 τὴν
3377 993 3580 1046 κακίαν
3629 996 3770 1066 νικᾷ..

2220 1084 2592 1150 Ἀπολογεῖται
2620 1082 2759 1153 ὑπὲρ
2799 1080 2907 1135 τῶν
2934 1080 3350 1152 χριστοκτόνων,
3385 1083 3466 1145 είς
3505 1082 3776 1154 σωτηρίαν

2209 1177 2406 1239 αὐτοὺς
2455 1175 2772 1244 σαγινεύων.
2809 1173 2940 1228 Λύει
2984 1175 3045 1227 τὸ
3085 1175 3376 1246 ἔγκλημα,
3419 1175 3516 1247 τὴν
3558 1176 3775 1245 ἄγνοιαν

2210 1266 2552 1336 αἰτιώμενος.
2605 1266 2680 1318 Οὐ
2728 1264 3040 1335 χαλεπαίνει
3082 1266 3180 1336 τῆς
3224 1266 3447 1320 ἐκείνων
3491 1267 3777 1339 παροινίας

2211 1356 2492 1427 γινόμενος
2534 1356 2805 1425 παίγνιον.
2842 1357 3069 1427 Δέχεται
3105 1358 3205 1429 τὴν
3250 1357 3442 1430 μέθην,
3468 1360 3564 1413 καλ⁵
3589 1359 3776 1429 φιλαν-

2214 1449 2431 1521 θρωπίᾳ
2492 1450 2646 1503 καλεῖ
2693 1450 2829 1521 πρὸς
2878 1450 3185 1521 μετάνοιαν.
3242 1452 3308 1504 Τί
3351 1451 3433 1505 δεῖ
3488 1452 3670 1521 λέγειν
3712 1452 3778 1507 τὰ

2217 1542 2387 1613 πλείῳ
2409 1560 2423 1608 ;
2445 1543 2609 1597 Οὐδὲν
2629 1543 2726 1614 τῆς
2738 1542 3074 1615 ἀγαθότητος
3086 1544 3457 1616 ἀπωνάμενοι,
3477 1544 3777 1614 ὲγκλείουσι

2210 1634 2369 1705 τάφῳ
2414 1633 2473 1687 δν
2518 1635 2672 1689 οὐδὲν
2715 1634 2823 1689 τῶν
2867 1635 3036 1688 ὄντων
3079 1637 3283 1707 χωρεῖ·
3342 1638 3439 1690 καὶ
3491 1636 3778 1711 σήμανθρα

2213 1725 2576 1789 ἐπιτιθέασιν,
2613 1725 2769 1796 ήμῶν
2814 1727 2913 1798 τὴν
2958 1726 3233 1798 σωτηρίαν
3261 1726 3652 1796 φυλάττοντες·
3689 1729 3781 1784 καὶ

2218 1816 2451 1881 δεδιότες
2495 1818 2595 1888 τὴν
2635 1818 2950 1879 ἀνάστασιν.
3003 1820 3341 1893 στρατιώτας
3390 1820 3639 1890 φύλακας
3693 1824 3782 1891 ἔφυ

541 1929 664 1970 nem
707 1921 1003 1968 metuentes
1038 1911 1106 1966 ad
1139 1909 1444 1980 sepulcrum
1478 1906 1674 1961 milites
1725 1905 1977 1960 custodes
2000 1910 2113 1955 sta-

2224 1905 2409 1959 ιστῶσι
2444 1905 2521 1977 τῷ
2552 1884 2825 1977 μνήματι.
2881 1907 2977 1972 Τίς
3033 1884 3141 1961 εἶδε
3190 1884 3415 1980 νεκρὸν-
3450 1884 3782 1981 φυλαττόμε-

543 2014 725 2059 tuunt.
778 2004 914 2072 Quis
963 2016 1200 2072 unquam
1245 2001 1381 2054 vidit
1430 2008 1699 2052 mortuum
1748 1991 2116 2049 custoditum?

545 2100 654 2154 Aut
689 2097 894 2165 potius,
942 2095 1065 2165 quis
1108 2093 1242 2147 vidit
1285 2100 1556 2147 mortuum
1604 2087 1742 2142 bello
1780 2083 2117 2156 impetitum?

545 2188 670 2258 quis
702 2186 910 2242 audivit
946 2187 1073 2240 vitae
1115 2185 1319 2239 exitum
1359 2181 1591 2248 cuipiam
1629 2178 1928 2241 inductum,
1953 2186 2009 2230 et
2047 2174 2117 2229 ti-

544 2295 701 2336 more
751 2286 1005 2333 auctores
1054 2273 1413 2329 allicientem?
1459 2273 1581 2341 quis
1632 2286 1737 2325 non
1786 2269 1855 2323 de
1901 2267 2118 2322 inimico

545 2368 809 2424 sollicitus
839 2380 959 2421 esse
994 2366 1174 2424 desiit,
1200 2372 1482 2432 postquam
1516 2360 1752 2414 animam
1792 2356 1959 2427 ipsius
1984 2357 2114 2412 abs-

552 2462 726 2518 tmtt?
770 2462 894 2530 quis
931 2476 1038 2514 non
1106 2458 1444 2512 inimicitiam
1490 2454 1756 2519 dissolvit,
1803 2463 1979 2509 morte
2028 2452 2122 2506 ad-

554 2554 782 2609 versarii
836 2551 1110 2609 satiatus?
1154 2549 1292 2615 Quid
1336 2561 1494 2615 quem
1528 2549 1595 2601 de
1627 2544 1802 2600 medio
1835 2542 2119 2609 sustulisti,

550 2646 727 2699 adhuc
770 2645 980 2706 horres,
1014 2640 1232 2695 Iudaee?
1263 2639 1392 2709 quid
1423 2637 1617 2692 metuis
1646 2651 1806 2706 quem
1838 2634 2123 2691 occidisti?

550 2736 679 2805 quid
733 2734 992 2788 formidas
1021 2750 1051 2787 e
1079 2733 1213 2786 vivis
1268 2729 1574 2798 egressum?
1618 2729 1746 2799 quid
1792 2729 1946 2782 times
1991 2741 2122 2782 ene-

551 2826 736 2883 ctum?
782 2827 911 2894 quid
945 2835 996 2878 te
1032 2824 1329 2877 discruciat
1356 2837 1514 2891 quem
1541 2820 1900 2875 cruciﬁxisti?
1939 2818 2124 2875 Caedes

552 2920 668 2990 ipsa
695 2919 787 2974 tibi
820 2919 1166 2975 securitatem
1197 2914 1483 2982 promittit.
1528 2912 1676 2967 Bono
1704 2913 1884 2967 animo
1902 2920 2041 2966 esto.
2067 2909 2124 2965 Si

554 3012 729 3064 nudus
760 3010 941 3073 homo,
977 3009 1067 3077 qui
1099 3017 1341 3059 mortuus
1368 3015 1473 3068 est,
1510 3019 1616 3059 non
1645 3005 1833 3073 utique
1864 3004 2123 3073 resurgit;

554 3099 599 3154 si
651 3099 825 3153 nudus
872 3108 1052 3158 nomo,
1096 3105 1241 3149 recte
1268 3094 1320 3148 in
1355 3107 1572 3148 crucem
1615 3092 1805 3162 egisti;
1857 3091 1901 3147 si
1950 3091 2125 3145 nudus

554 3188 737 3252 homo,
784 3203 887 3242 non
932 3203 1116 3240 verum
1159 3194 1327 3239 restat
1363 3182 1506 3251 quod
1552 3183 1689 3236 dixit
1718 3203 1730 3238 :
1758 3181 1955 3237 Solvite
2001 3191 2128 3235 tem-

2215 2014 2339 2063 vov;
2377 1998 2578 2069 μᾶλλον
2620 1998 2678 2051 δὲ
2719 1998 2802 2063 τίς
2844 1994 2951 2053 εἶδε
2981 2000 3173 2071 νεκρὸν
3220 2001 3661 2071 πολεμούμενον;
3703 2001 3782 2066 τίς

2214 2090 2416 2160 ἢκουσε
2478 2089 2734 2161 τελευτὴν
2796 2090 3279 2163 ἀμφιϐαλλομένην
3325 2093 3460 2163 (84),
3515 2093 3616 2147 καὶ
3674 2092 3786 2159 δέος

2215 2182 2552 2252 ἐμποιοῦσαν
2595 2186 2708 2245 τοῖς
2752 2183 3183 2255 ἐργασαμένοις;
3230 2185 3314 2248 τίς
3362 2185 3462 2238 οὐκ
3509 2186 3785 2238 ἐπαύσατο

2218 2273 2356 2344 πρὸς
2402 2272 2596 2345 ἐχθρὸν
2644 2274 2745 2345 τὴν
2773 2275 2950 2346 ψυχὴν
2982 2276 3376 2349 ἀφειλάμενοςς
3431 2280 3514 2342 τίς
3569 2281 3633 2332 οὐ
3665 2296 3788 2333 κατ-

2220 2362 2409 2416 έλυσεν
2436 2364 2638 2436 ἔχθραν
2653 2365 2940 2436 ἀρκεσθεὶς
2977 2366 3191 2437 θανάτῳ
3218 2369 3313 2422 τοῦ
3348 2369 3681 2439 δυσμενοῦς;
3725 2371 3787 2425 Τί

2216 2454 2277 2508 δν
2302 2455 2581 2526 ἀνήλωσας
2616 2456 2878 2527 δειλειᾷς,
2907 2450 2952 2510 ὧ
2998 2458 3251 2524 ’ἰουδαίε;
3292 2459 3345 2512 τί
3377 2461 3513 2532 φοϐῇ
3560 2462 3622 2516 ὃν
3684 2464 3786 2516 ἀπ-

2220 2546 2498 2611 έκτεινας;
2537 2547 2760 2617 τρέμεις
2779 2546 2870 2600 τὸν
2916 2549 3287 2618 μεταστάντα;
3330 2550 3382 2604 τί
3419 2550 3666 2615 δέδοικας
3700 2550 3787 2605 τόν

2220 2639 2603 2710 ἀναιρεθέντας
2632 2640 2685 2692 τί
2707 2639 2766 2692 δν
2793 2641 3142 2711 ὲσταύρωσας
3164 2642 3436 2713 ἀγωνιᾷς;
3469 2644 3660 2714 Ἔχεις
3685 2642 3788 2696 ἀπὺ

2221 2729 2321 2799 τῆς
2351 2730 2565 2799 σφαγῆς
2596 2731 2912 2801 ἀσφάλειαν.
2954 2732 3178 2804 Θάρρει.
3223 2734 3286 2787 Ei
3318 2734 3471 2804 ψιλὸς
3506 2735 3788 2805 ἄνθρωπος

2224 2820 2253 2871 ὁ
2299 2820 2588 2890 τεθνηκὸς,
2643 2822 2743 2875 οὐκ
2785 2822 3098 2877 ἀνίσταται·
3159 2826 3208 2877 εί
3262 2824 3416 2893 ψιλὸς
3464 2825 3786 2896 ἄνθρωπος,

2225 2911 2407 2974 καλῶς
2443 2912 2651 2983 ἔπηξας
2676 2913 2767 2966 τὸν
2796 2915 3028 2986 σταυρόν
3048 2931 3063 2947 ⁶
3109 2918 3158 2968 εἰ
3184 2915 3336 2985 ψιλὸς
3360 2916 3668 2988 ἄνθρωπος,
3694 2918 3791 2969 οὐκ

2224 3002 2497 3074 ἀληθεύει,
2526 3006 2764 3059 Λύσατε
2789 3005 2897 3058 τὸν
2927 3006 3078 3059 ναὸν
3107 3009 3342 3072 τοῦτον,
3377 3009 3573 3073 εἰπὼν,
3607 3010 3705 3063 καί
3728 3010 3794 3062 ἒν

2225 3095 2383 3162 τρισὶ
2431 3094 2678 3164 ἡμέραις
2721 3097 2902 3167 ἐγερῶ
2934 3100 3140 3152 αὐτόν.
3176 3101 3240 3152 El
3282 3100 3436 3170 ψιλὸς
3476 3102 3789 3172 ἄνθρωπος,

2152 3228 2199 3287 c
2228 3183 2306 3254 τῷ
2347 3183 2561 3254 θανάτῳ
2613 3188 2934 3256 κατέχεταιο
2984 3189 3034 3239 εί
3063 3188 3217 3256 ψιλὸς
3261 3188 3578 3262 ἄνθρωπος,
3614 3190 3666 3243 τί
3707 3189 3792 3242 τὸν

552 3279 698 3349 plum
740 3279 860 3342 hoc,
893 3286 942 3331 et
974 3277 1027 3331 in
1069 3277 1236 3330 trtbus
1281 3275 1463 3328 diebus
1505 3273 1743 3328 excitabo
1788 3272 1922 3327 illud
1947 3271 2016 3330 “.
2066 3270 2125 3327 Si

2227 3277 2397 3345 τάφον
2428 3275 2782 3349 σφραγίζεις,
2834 3279 3062 3351 ἀνόητε;
3104 3280 3425 3352 Περίμεινον
3467 3281 3566 3353 τὴν
3611 3283 3794 3353 τρίτην

557 3373 732 3426 nudus
756 3371 938 3436 homo,
970 3378 1145 3423 morte
1166 3368 1479 3432 detinetur;
1506 3366 1550 3420 si
1582 3366 1760 3419 nudus
1791 3363 1973 3429 homo,
1999 3363 2125 3433 quid

2229 3368 2465 3439 ἡμέραν,
2497 3370 2591 3422 καὶ
2619 3369 2738 3440 ὄψει
2786 3370 2886 3439 τῆς
2927 3368 3152 3424 σεαύτοῦ
3196 3373 3395 3442 μανίας
3430 3374 3523 3426 τὸν
3554 3373 3788 3443 ἔλεγχον.

556 3462 866 3531 sepulcrum
913 3459 1245 3531 consignas?
1286 3459 1552 3528 Exspecta
1596 3456 1738 3510 diem
1786 3456 2029 3517 tertium,
2076 3462 2125 3509 et

2230 3459 2448 3514 Παῦσαι
2474 3460 2991 3533 περιεργαζόμενος,
3019 3463 3113 3516 καὶ
3138 3462 3305 3536 θεάσῃ
3330 3463 3437 3518 τῶν
3465 3465 3797 3537 πραγμάτων

489 3562 493 3577 ·
562 3551 773 3606 videbis
808 3551 1031 3605 insania:
1060 3560 1163 3603 tua:
1201 3547 1645 3604 confutationem.
1696 3546 1888 3600 Desine
1929 3543 2125 3600 frustra

2230 3550 2329 3622 τὴν
2346 3550 2590 3605 ἔκϐασιν.
2618 3552 2831 3607 Παῦσαι
2849 3552 3053 3607 λύττων
3076 3553 3219 3606 κατὰ
3241 3554 3339 3624 τῆς
3362 3554 3639 3626 ἀληθείας.
3664 3554 3800 3608 Παῦ-

559 3641 826 3705 laborare,
860 3649 913 3693 et
940 3638 1148 3693 videbis
1178 3652 1357 3692 rerum
1397 3645 1669 3690 eventum.
1708 3633 1905 3689 Desine
1943 3642 2129 3703 contra

561 3733 846 3787 veritatem
886 3729 1082 3784 furere.
1122 3727 1318 3782 Desine
1367 3726 1476 3781 Deo
1520 3725 1717 3780 bellum
1749 3723 1965 3789 inferre,
1997 3724 2135 3779 infe-

563 3836 798 3890 rensque
838 3830 892 3874 te
928 3820 1103 3890 ipsum
1141 3817 1451 3873 vulnerare.
1486 3817 1685 3873 Desine
1721 3815 1892 3871 solem
1915 3815 2138 3883 justitize

564 3913 781 3982 injuriis
813 3909 1051 3975 afﬁcere,
1082 3910 1405 3965 existimans
1448 3915 1501 3972 t_e
1549 3907 1666 3975 ejus
1710 3906 1889 3961 radios
1933 3908 2139 3961 exstin-

565 4018 753 4074 guere.
785 4002 1003 4065 Desine,
1034 4001 1290 4068 inquam;
1330 4012 1431 4052 nec
1471 3997 1673 4053 fontem
1702 3997 1827 4051 vitm
1860 3996 2140 4051 obstruere

567 4094 887 4149 contendas.
921 4091 1117 4146 Desine
1143 4088 1426 4160 praafectos
1456 4089 1705 4158 fatigare.
1744 4087 1938 4143 Desine
1968 4087 2034 4142 de
2052 4103 2141 4142 cu-

567 4185 739 4242 stodia
776 4183 937 4238 verba
981 4181 1179 4236 facere.
1234 4180 1428 4237 Desine
1478 4179 1816 4234 mendacium
1871 4179 2141 4234 tibieom-

568 4276 835 4339 mercari,
876 4283 932 4329 et
968 4281 1206 4327 armatos
1248 4286 1612 4328 commovere.
1652 4270 1729 4326 Ne
1759 4270 1961 4326 frustra
2002 4270 2143 4325 nita-

569 4370 645 4424 ris
686 4382 753 4421 ne
802 4364 869 4420 ad
913 4365 1247 4434 impietatem
1294 4364 1594 4433 impensam
1644 4362 1831 4428 facias,
1858 4378 1925 4416 ne
1954 4372 2142 4418 contra

570 4462 738 4516 Deum
772 4459 865 4513 tibi
905 4457 1189 4512 victoriam
1248 4455 1440 4527 fingas.
1495 4453 1576 4511 Ne
1628 4455 1915 4523 militibus,
1948 4465 2007 4510 ut
2038 4454 2142 4509 alia

2234 3657 2327 3694 σαι
2356 3640 2475 3712 Θεῷ
2507 3641 2782 3713 πολεμῶν,
2812 3644 2907 3697 καὶ
2948 3644 3027 3714 τῷ
3056 3644 3310 3715 πολεμεῖν
3348 3646 3801 3716 κατατιτρώσκων

2235 3730 2452 3785 σαυτόν.
2490 3731 2703 3785 Παῦσαι
2727 3732 2818 3785 τὸν
2842 3732 2993 3803 ἦλιον
3047 3735 3147 3805 τῆς
3174 3734 3521 3807 δικαιοσύνης
3546 3735 3799 3807 ὑϐρίζων,

2235 3824 2330 3877 καὶ
2357 3823 2591 3894 νομίζων
2623 3822 2721 3887 τὰς
2758 3824 2982 3887 ἀκτῖνας
3013 3825 3222 3877 ἐκείνου
3252 3825 3548 3880 σϐεννύειν.
3594 3826 3801 3881 Παῦσαι

2234 3914 2335 3982 τὴν
2362 3915 2545 3986 πηγὴν
2570 3915 2669 3985 τῆς
2698 3915 2844 3985 ζωῆς
2872 3916 3191 3986 προσχῶσαι
3215 3917 3557 3987 φιλονεικῶν.
3591 3917 3802 3972 Παῦσαι

2237 4005 2494 4077 ἄρχωσιν
2537 4006 2791 4077 ὲνοχλῶν,
2825 4009 2920 4060 καὶ
2968 4009 3096 4080 περὶ
3139 4011 3380 4081 φρουρᾶς
3407 4009 3801 4081 διαλεγόμενος.

2239 4095 2450 4148 Παῦσαι
2479 4095 2541 4147 τὸ
2569 4095 2760 4164 ψεῦδος
2791 4096 3126 4167 ὠνούμενος,
3162 4099 3259 4151 καὶ
3303 4100 3429 4163 τοὺς
3464 4101 3689 4163 ὁπλίτας
3724 4117 3805 4153 κι-

2239 4184 2371 4238 κῶν.
2402 4185 2495 4255 Μὴ
2543 4185 2741 4257 κάμῃς
2774 4185 3007 4255 ἀνόνητα
3030 4202 3044 4215 ·
3083 4186 3157 4256 μὴ
3188 4189 3269 4250 είς
3304 4186 3558 4241 ἀσέϐειαν
3603 4185 3806 4241 ἀναλώ-

2242 4294 2342 4349 σῃς
2370 4277 2439 4330 τὰ
2471 4277 2559 4341 σὰ,
2600 4280 2694 4331 καὶ
2728 4278 2869 4333 κατὰ
2897 4278 3034 4331 Θεοῦ
3064 4279 3332 4348 φαντάζου
3369 4281 3469 4351 τὴν
3506 4281 3683 4351 νίκην.
3715 4279 3802 4350 Mi)

2240 4366 2346 4438 δῷς
2388 4367 2580 4439 μισθὸν
2621 4367 2977 4437 στρατιώταις
3019 4369 3182 4441 ἔτερα
3229 4370 3343 4424 ἀνθ’
3387 4372 3589 4442 ἐτέρων
3617 4372 3804 4423 εἰπεῖν.

2243 4459 2335 4531 Μὴ
2362 4460 2768 4534 παρακοιμίσῃς
2802 4461 2893 4514 τὸν
2934 4460 3087 4533 δχλον
3131 4462 3210 4533 τῷ
3258 4464 3521 4534 μνήματι,
3556 4464 3647 4534 Μὴ
3679 4462 3807 4532 θαρο

570 4567 667 4621 pro
708 4550 831 4604 aliis
880 4547 1138 4614 referant,
1183 4547 1491 4602 mercedem
1520 4580 1525 4587 -
1550 4546 1774 4601 tribuas.
1819 4543 1899 4601 Ne
1929 4546 2125 4602 turbat:

2248 4552 2419 4622 ρήσῃς
2452 4552 2563 4614 τοῖς
2600 4550 2806 4615 ὅπλοις.
2833 4551 3061 4615 Ὅπλοις
3089 4553 3384 4615 ἀνάστασις
3416 4554 3477 4606 οὐ
3510 4553 3806 4606 κωλύεται’

570 4648 637 4702 ad
670 4646 975 4716 sepulcrum
1011 4643 1279 4699 excubare
1317 4641 1508 4697 facias.
1562 4641 1643 4697 Ne
1673 4644 1726 4698 in
1753 4643 1921 4698 armis
1949 4642 2056 4698 tuis
2076 4643 2143 4698 fi-

572 4737 785 4793 duciam
822 4735 1046 4790 habeas.
1089 4735 1271 4789 Armis
1308 4720 1637 4790 resurrectio
1667 4749 1772 4789 non
1803 4735 2143 4802 prohibetur,

572 4844 680 4884 non
729 4827 1026 4897 impeditur
1069 4825 1383 4896 signaculis,
1414 4840 1521 4881 non
1550 4834 1835 4881 coercetur
1858 4825 2143 4889 militibus,

575 4934 681 4975 non
734 4917 1026 4987 surripitur
1076 4916 1344 4985 pecuniis,
1395 4917 1489 4972 sed
1546 4916 1650 4971 fide
1693 4916 1992 4971 obtinetur.
2026 4916 2143 4972 Non

575 5009 756 5064 vidisti
809 5008 1075 5062 Lazarum
1124 5020 1297 5075 nuper
1343 5016 1570 5060 mortem
1628 5006 1802 5060 instar
1836 5007 2011 5062 somni
2050 5021 2146 5060 ex-

575 5099 915 5158 cutientem?
949 5097 1062 5152 Non
1092 5096 1273 5151 vidisti
1308 5096 1579 5164 quomodo
1621 5111 1743 5149 cum
1788 5094 1968 5151 fasciis
2017 5096 2147 5166 ipsis

579 5192 948 5265 gradiebatur,
970 5202 1183 5253 vocem,
1220 5184 1349 5240 Veni
1376 5185 1520 5253 [oras
1548 5184 1617 5252 ",
1640 5184 1799 5239 simul
1825 5185 2148 5241 audivisset?

580 5283 697 5338 Non
729 5282 910 5336 vidisti
943 5280 1214 5349 quomodo
1242 5286 1488 5331 mortuus
1519 5276 1759 5331 vocantis
1789 5275 2001 5344 jussum
2030 5275 2148 5333 fue—

581 5375 653 5431 rit
674 5386 908 5438 secutus,
946 5372 1283 5426 vinculorum
1316 5383 1453 5422 nexu
1495 5367 1715 5422 minime
1764 5368 1937 5437 ipsum
1992 5369 2143 5423 colti~

2239 4643 2341 4698 οὐκ
2367 4639 2719 4711 ὲμποδίζεται
2746 4644 2866 4705 ταῖς
2894 4643 3206 4712 σφραγίσιν,
3240 4644 3338 4696 οὐκ
3365 4643 3607 4715 εἴργεται
3648 4658 3808 4713 στρα-

2238 4733 2492 4797 τιώταις,
2537 4734 2596 4785 οὐ
2627 4733 2919 4787 κλέπτεται
2959 4736 3254 4806 χρήμασιν,
3295 4736 3431 4791 ἀλλά
3470 4738 3667 4790 πίστει.
3718 4734 3807 4805 Μὴ

2239 4824 2340 4877 οὐκ
2385 4819 2524 4887 εἶδες
2569 4822 2662 4876 τὸν
2707 4824 2956 4897 Λάζαρον
3006 4825 3168 4879 πάλιν
3216 4826 3470 4898 καθάπερ
3514 4828 3677 4881 ῦπνον
3722 4825 3809 4880 τὸν

2243 4915 2472 4969 θάνατον
2503 4916 2969 4986 ἀποσεισάμενον;
3005 4913 3159 4981 Εἶδες
3199 4918 3315 4980 πῶς
3355 4920 3454 4973 σὺν
3499 4920 3688 4984 αὐταῖς
3719 4937 3804 4989 κη-

2255 5006 2397 5077 ρίαις
2421 5005 2661 5072 ἐϐάδιζε,
2711 5008 2771 5060 τὸ
2804 5009 2984 5076 Δεῦρο
3038 5009 3314 5074 ἀκούσας;
3352 5008 3500 5074 Εἶδες
3536 5012 3650 5075 πῶς
3692 5012 3808 5081 ἡκο-

2250 5101 2479 5171 λούθησε
2508 5099 2585 5171 τῷ
2614 5103 2993 5173 προστάγματι
3020 5103 3048 5154 ὀ
3071 5104 3283 5174 νεκρὸς,
3313 5105 3408 5158 καὶ
3433 5107 3461 5158 ὁ
3488 5106 3685 5175 δεσμὸς
3719 5104 3813 5157 οὖν

2245 5191 2547 5255 ὲκώλυσενς
2589 5188 2743 5256 Εἶδες
2771 5193 2885 5256 πῶς
2917 5194 3158 5265 ἥρμοσεν
3194 5196 3226 5266 ἡ
3263 5195 3414 5265 φωνὴ
3456 5194 3532 5266 τῷ
3573 5196 3664 5251 τὸν
3705 5195 3809 5248 δια·

2243 5282 2476 5336 λυθέντα
2524 5282 2773 5353 θανάτῳ;
2838 5285 2896 5338 Ὁ
2949 5286 3133 5339 ἐκεῖνα
3177 5285 3461 5355 δυνηθεὶς,
3515 5287 3608 5339 καὶ
3650 5284 3818 5339 ταῦτα

2244 5372 2570 5443 δυνήσεται·
2624 5376 2652 5427 ὀ
2682 5374 2772 5428 τὸν
2820 5374 3004 5429 δοῦλον
3049 5377 3358 5448 ἀναστήσας
3382 5417 3396 5440 ,
3432 5368 3597 5440 αὐτὸς
3642 5371 3817 5443 πολλῷ

581 5467 786 5524 bente?
837 5465 954 5520 Non
1004 5462 1186 5518 vidisti
1230 5460 1503 5531 quomodo
1549 5468 1725 5515 morte
1769 5459 1881 5530 jam
1916 5459 2125 5515 soluunt

2250 5462 2449 5532 μᾶλλον
2487 5462 2777 5536 ἐγείρεται.
2822 5465 2880 5519 Ὁ
2908 5466 3247 5537 ζωογονήσας
3270 5466 3360 5521 τὸν
3392 5466 3692 5538 σεσηπότα,
3718 5466 3815 5519 οῦκ

556 5702 561 5711 ,
653 5648 698 5680 ³⁵³
723 5646 849 5703 Luc.
876 5662 1033 5711 um,
1062 5648 1151 5704 34.
1249 5642 1293 5678 ⁸⁸⁵
1322 5642 1477 5699 Joan.
1512 5659 1569 5708 tl,
1634 5670 1685 5697 υ.

1759 5651 1805 5673 ’⁸
1866 5658 1992 5700 oan.
2024 5658 2100 5709 x1,
2131 5641 2219 5698 45.

660 5821 769 5889 (84)
796 5822 954 5877 Forte
984 5820 1246 5893 ἀναμφιϐ.
