4092 6430
310 416 359 476 π
1684 442 2025 502 EPISTOLA
2064 444 2436 504 svsomca.
3603 442 3678 504 94

324 540 442 601 ἥσει
475 552 727 625 νεκρὸν
774 557 1058 618 ἑαυτόν.
1142 562 1289 618 ⁹Αλλὰ
1330 564 1439 637 γὰρ
1493 564 1529 636 ἡ
1568 565 1839 637 τυφλότης
1886 564 1997 619 τῶν

2106 583 2202 621 vox
2257 565 2623 622 restauravit?
2673 564 2773 633 Qui
2820 566 2908 621 illa
2964 565 3157 637 potuit,
3196 572 3253 621 et
3298 565 3414 621 lucc
3451 564 3674 635 poterit.

334 637 596 699 Ἰουδαίων
631 649 853 722 πολλὴ
888 692 910 716 ,
946 656 1067 712 καὶ
1099 655 1273 727 ὁρῶσα
1300 656 1368 710 τὰ
1405 655 1660 727 θαύματα
1684 697 1700 722 ,
1728 659 1825 729 οὐχ
1867 660 1989 729 ὁρᾶ.

2106 660 2200 727 Qui
2234 675 2452 714 servum
2498 659 2802 719 suscitavit,
2853 659 2967 730 ipse
3019 658 3187 713 multo
3229 657 3402 726 magis
3444 657 3678 713 suscita-

330 730 730 807 ὀφθαλμοὺς
809 744 1077 813 ἔχουσι
1102 787 1118 810 ,
1164 746 1262 801 καί
1301 748 1374 802 οὐ
1428 748 1813 812 βλέπουσιν
1875 745 1997 803 ὦτα

2106 760 2204 806 tur.
2240 750 2342 819 Qui
2378 752 2429 805 in
2456 751 2623 805 vitam
2656 750 2893 804 restituit
2916 749 3026 819 jam
3055 746 3438 820 putrefactum,
3473 762 3679 819 nequa-

343 825 567 925 ῐζιξυσιν
624 833 746 925 καλ
811 838 957 892 οὐκ
1009 837 1366 895 ἁκούουσιν.
1438 840 1502 894 Ὃ
1545 840 1690 906 Θεὸς
1732 841 1843 913 γὰρ
1887 843 1997 898 τοῦ

2106 860 2256 914 quam
2286 859 2345 900 se
2376 844 2548 914 ipsum
2603 853 2876 898 mortuum
2928 842 3091 897 sinet.
3141 841 3410 896 Caeterum
3455 838 3675 894 Judieo-

358 918 554 986 utimr;
611 923 875 980 τούτου
937 927 1266 997 ἐτύφλωσε
1313 928 1423 995 τὰς
1474 929 1724 997 καρδίας
1773 929 1994 999 αὐτῶν,

2106 953 2216 992 rum
2259 937 2474 993 caacitas
2521 937 2807 1000 immensa,
2850 952 2971 1007 quae
3014 935 3205 990 videns
3254 934 3536 996 miracula,
3575 935 3678 988 mi-

373 1011 511 1081 πρὸς
526 1014 591 1067 τὸ
612 1014 707 1084 μὴ
721 1018 1146 1089 καταυγάσαι
1173 1018 1377 1084 αὐτοῖς
1396 1018 1462 1073 τὸ
1488 1020 1858 1091 Εὑαγγέλιον
1887 1020 1999 1091 τῆς

2106 1031 2242 1085 nime
2286 1032 2470 1086 videt:
2513 1028 2708 1085 Oculos
2759 1031 2901 1084 enim
2956 1028 3171 1095 habent,
3217 1040 3264 1083 et
3299 1045 3403 1082 non
3459 1028 3671 1093 vident,

392 1106 805 1178 δικαιοσύνης.
864 1111 1028 1164 ’ω’
1064 1112 1303 1176 ἐκείνους
1344 1112 1442 1183 μὲν
1473 1112 1613 1177 τέως
1645 1113 1896 1185 ὲάσωμεν
1929 1117 1998 1187 τῇ

407 1200 643 1273 ἀκατίῳ
677 1203 864 1275 ἡμεῖς
896 1203 963 1258 δὲ
1000 1205 1248 1275 λέγωμεν
1277 1204 1419 1277 μετὰ
1453 1205 1561 1259 τῶν
1602 1206 1732 1279 περ).
1766 1206 2002 1279 Μαριὰμ,

411 1291 499 1364 τὴν
543 1298 759 1366 πιστὴν,
816 1294 975 1350 κατὰ
1019 1297 1256 1352 διάνοιαν
1299 1297 1735 1361 ἀναπλάττοντες
1784 1299 2001 1363 ἑαυτοῖς

415 1385 502 1439 τοῦ
544 1386 802 1459 Σωτῆρος
844 1388 948 1444 τὸν
984 1389 1188 1460 τάφον⁶
1234 1385 1418 1462 Ἦραν
1444 1389 1537 1443 τὸν
1567 1389 1772 1461 Κύριον
1814 1389 1996 1460 ἡμῶν,

417 1476 631 1530 καὶούκ
669 1478 904 1552 οῐδαμεν
952 1480 1009 1533 τι
1053 1480 1312 1552 ἐποίησαν
1358 1479 1540 1534 αὐτόν.
1589 1479 1745 1551 Αὐτῷ
1782 1482 1814 1552 ἡ
1849 1480 1994 1546 δόξα,

418 1568 518 1623 σὺν
545 1568 619 1641 τῷ
648 1570 913 1644 ἀχράντῳ
944 1573 1140 1646 Πατρὶ,
1172 1572 1267 1627 καὶ
1296 1572 1376 1644 τῷ
1403 1573 1546 1643 ἁγίῳ
1571 1571 1873 1643 Πνεύματι,
1900 1571 1997 1628 νῦν

414 1666 511 1720 καὶ
539 1667 645 1734 ἀεὶ,
677 1669 775 1723 καὶ
806 1671 888 1735 είς
912 1670 1040 1735 τοὺς
1063 1670 1265 1734 αίῶνας
1289 1669 1399 1724 τῶν
1426 1668 1661 1725 αἰώνων.
1698 1668 1897 1741 Ἀμήν.

2095 1138 2252 1176 aures
2302 1122 2512 1184 habent,
2559 1131 2610 1176 et
2656 1138 2761 1176 non
2782 1122 3005 1176 audiunt
3038 1122 3108 1178 ⁵⁸.
3164 1121 3300 1175 Deus
3342 1120 3487 1175 enim
3518 1119 3677 1191 huius

2099 1213 2279 1267 swculi
2317 1214 2477 1267 corda
2502 1230 2684 1267 eorum
2710 1214 3010 1281 excwcavil,
3046 1223 3100 1267 ut
3129 1230 3231 1267 non
3264 1213 3537 1268 illucescat
3567 1212 3676 1268 illis

2098 1304 2441 1375 Evangelium
2459 1307 2687 1377 justitire
2714 1307 2782 1360 ι’.
2828 1307 2933 1363 Sed
2989 1308 3217 1363 miseros
3255 1308 3375 1364 illos
3421 1309 3679 1378 deinceps

2098 1413 2209 1453 suae
2276 1399 2645 1455 incredulitati
2716 1400 3133 1471 relinquamus;
3203 1417 3302 1456 nos
3363 1417 3493 1455 vero
3553 1417 3676 1455 cum

2097 1489 2238 1545 ﬁdeli
2274 1489 2466 1556 Maria,
2511 1491 2564 1546 in
2600 1493 2785 1548 animo
2831 1494 2990 1549 nobis
3036 1494 3343 1549 Servatoris
3390 1494 3558 1549 nostri
3593 1509 3679 1549 se-

2098 1582 2347 1652 pulcrum
2410 1581 2757 1653 eﬂingentes,
2806 1584 3098 1640 dicamus:
3165 1583 3433 1639 Tulerunt
3498 1585 3681 1639 Domi-

2094 1684 2223 1724 num
2275 1679 2545 1738 nostrum,
2598 1681 2655 1728 et
2708 1676 2981 1729 nescimus
3029 1675 3158 1745 quid
3207 1691 3271 1730 eo
3328 1674 3669 1731 fecerunt“.

419 1764 525 1834 Ipsi
573 1763 772 1835 gloria,
824 1782 949 1823 cum
996 1768 1319 1824 intemerato
1369 1766 1554 1835 Patre,
1619 1776 1676 1824 et
1740 1775 1930 1824 sancto
2001 1765 2230 1838 Spiritu,
2287 1785 2432 1827 nunc
2486 1778 2543 1825 et
2606 1786 2855 1843 semper,
2906 1784 2963 1828 et
2991 1773 3043 1828 in
3095 1773 3289 1828 saecula
3336 1772 3677 1829 saeculorum.

414 1855 614 1913 Amen.

489 2014 540 2048 “
561 2013 710 2070 Psal.
731 2030 886 2084 cxiii,
904 2002 960 2086 5,
1034 2015 1078 2050 δ’
1104 2017 1149 2072 ll
1170 2017 1296 2074 Cor.
1324 2033 1402 2081 ιν,
1424 2017 1479 2074 4.
1522 2070 1525 2073 ,
1555 2016 1603 2050 ⁸⁸
1624 2016 1783 2074 Joan.
1807 2032 1901 2085 xx,
1929 2016 2019 2075 l3.

952 2304 1673 2394 ΑΜΦΙΛΟΧΙΟΥ
1743 2296 1859 2370 (⁸⁵)
1930 2308 2604 2398 ΕΠΙΣΚΟΠΟΥ
2676 2309 3151 2397 ΙΚΟΝΙΟΥ

1682 2520 2031 2575 ΕΠΙΣΤΟΛΗ
2058 2520 2432 2577 ΣΥΝΟΔΙΚΗ.

1072 2838 1569 2905 AMPHILOCHII
1592 2842 1935 2906 EPISCOPI
1961 2845 2000 2906 Il

2106 2845 2196 2907 N'II
2224 2845 2590 2907 EPISTOLA
2625 2846 3013 2908 SYNODICA.

484 3248 602 3303 Καὶ
648 3245 783 3320 πρὶν
814 3248 1141 3322 κομίζεσθαι
1166 3251 1237 3308 τὰ
1284 3252 1437 3327 παρὰ
1474 3254 1576 3327 τῆς
1602 3256 1824 3329 ἀγάπης
1852 3256 2000 3330 ὑμῶν

2185 3259 2489 3331 Antequam
2528 3259 2722 3314 litterae
2750 3272 2778 3312 a
2810 3257 3077 3313 charitate
3104 3264 3284 3311 vestra
3313 3257 3492 3313 missa:
3521 3255 3685 3316 alier-

414 3341 748 3413 γράμματα.
800 3344 1182 3415 περιήγγειλεν
1208 3347 1288 3410 εις
1331 3348 1480 3419 ἡμᾶς
1509 3349 1541 3419 ἡ
1573 3349 1771 3421 φήμην
1802 3351 1898 3403 καὶ
1936 3350 1999 3404 τδ

412 3432 521 3502 τῆς
560 3432 799 3497 πίστεως
825 3434 978 3505 ὑμῶν
1011 3436 1331 3508 ἀκραιφνὲς,
1359 3439 1454 3492 καὶ
1494 3440 1631 3511 πρὸς
1664 3442 1790 3505 τοὺς
1822 3441 2000 3495 κινδύ-

415 3542 545 3589 νους
566 3526 1033 3599 παρατεταμένον,
1059 3528 1154 3581 καὶ
1181 3529 1316 3600 πρὸς
1341 3529 1409 3584 τὰ
1432 3530 1735 3603 παθήματα
1765 3532 1836 3587 τὰ
1859 3533 2001 3605 ὑπὲρ

415 3618 659 3687 Χριστοῦ
690 3620 1034 3691 καρτερικὸν,
1068 3622 1164 3676 καὶ
1194 3623 1290 3694 τῆς
1322 3625 1403 3687 εἰς
1434 3623 1568 3681 Θεὸν
1604 3624 1830 3696 ἀγάπης
1862 3624 1996 3696 (86),

419 3712 517 3765 καὶ
560 3711 625 3765 τὸ
678 3712 776 3783 τῆς
832 3712 1133 3785 μελλούσης
1187 3715 1399 3780 ἐλπίδος
1450 3714 1510 3768 ἐν
1567 3715 1699 3786 ὑμῖν
1756 3714 1997 3787 βέϐαιον.

430 3804 587 3857 Ἐπεὶ
629 3804 690 3858 δὲ
737 3804 833 3859 καὶ
881 3808 993 3871 τοῖς
1035 3806 1322 3879 γράμμασι
1360 3807 1462 3878 τῆς
1518 3806 1804 3872 εὐλαϐείας
1845 3806 2001 3879 ὑμῶν

416 3896 880 3968 ὲντετυχήκαμεν,
923 3898 1137 3969 εἴδομεν
1180 3898 1347 3962 ὅντως
1396 3898 1726 3972 Ἐκκλησίας
1763 3900 2003 3953 ἀποστοο

414 3987 580 4060 λικῆς
613 3991 960 4063 χαρακτῆρα,
994 3991 1089 4045 καὶ
1122 3991 1396 4063 ποιμένων
1436 3992 1659 4062 ἀγαθῶν
1684 3990 1868 4064 ζῆλον,
1908 3994 2005 4048 καὶ

417 4080 665 4152 σπουδὴν
712 4081 905 4135 ἄοκνον
950 4082 1225 4154 ἀληθινοῖς
1266 4083 1615 4157 Χριστιανοίς
1660 4084 2002 4156 πρέπουσαν.

417 4174 498 4229 Τὸ
524 4174 633 4245 γὰρ
670 4175 807 4245 μήτε
848 4175 947 4245 τῆς
974 4174 1096 4229 ὁδοῦ
1149 4176 1325 4247 μῆκος
1359 4175 1791 4245 ὐπολογίσασθαι
1815 4217 1831 4242 ,
1866 4179 2005 4248 μήτε

417 4265 833 4336 διεσπασμένως
864 4266 962 4330 τὰς
1002 4266 1226 4332 πεύσεις
1255 4270 1650 4340 προσαγαγεῖν,
1682 4266 1820 4322 ἀλλὰ
1850 4270 2003 4339 κοινῇ

416 4357 513 4411 διὰ
547 4357 662 4411 τῶν
691 4358 1033 4430 γραμμάτων
1063 4361 1392 4432 ποιήσασθαι
1423 4361 1524 4432 τὴν
1556 4359 1850 4433 ἐρώτησιν,
1885 4360 2007 4414 λίαν

416 4451 575 4523 ἡμᾶς
604 4449 889 4514 εὐέλπιδας
927 4451 1245 4523 πεποίηκεν,
1299 4453 1382 4506 ὅτι
1421 4451 1729 4524 συμφώνως
1766 4451 2009 4506 ἐπιστεί-

417 4540 620 4605 λαντες
648 4583 664 4607 ,
700 4542 1003 4613 συμφώνως
1040 4544 1136 4598 καὶ
1170 4545 1272 4608 τὰς
1322 4544 1644 4615 ἀποκρίσεις
1692 4545 1822 4618 παρ’
1849 4544 2008 4615 ἡμῶν

2111 3362 2324 3421 rentur,
2366 3353 2624 3422 frequens
2673 3351 2815 3406 fama
2855 3353 2923 3406 ad
2956 3366 3055 3406 nos
3080 3353 3412 3421 perduxerat
3442 3363 3685 3408 vestram

2112 3444 2170 3500 in
2212 3443 2317 3499 ﬁde
2369 3444 2764 3508 sinceritatem,
2812 3451 2866 3497 et
2911 3443 2978 3498 ad
3024 3442 3262 3511 pericula
3300 3443 3686 3508 constantiam,

2120 3552 2219 3591 nec
2248 3537 2453 3591 nonad
2492 3535 2804 3605 patiendum
2855 3551 2954 3606 pro
3006 3534 3230 3590 Christo
3283 3534 3683 3599 fortitudinem,

2103 3627 2387 3683 charitatis
2432 3627 2484 3681 in
2532 3627 2701 3683 Deum
2740 3628 3009 3690 ardorem,
3059 3627 3290 3694 denique
3325 3641 3452 3698 erga
3499 3628 3684 3681 futura

2105 3719 2218 3788 spei
2263 3719 2602 3774 lirmitalem.
2657 3718 2951 3789 Postquam
3000 3728 3178 3773 autem
3228 3717 3435 3773 litteras
3474 3730 3689 3786 quoque

2108 3810 2329 3880 pietatis
2377 3820 2571 3865 vestrae
2620 3811 2958 3881 accepimus,
2992 3810 3313 3881 agnovimus
3344 3824 3402 3865 re
3437 3824 3561 3864 vera
3587 3809 3690 3863 Ec-

2105 3902 2286 3959 clesiae
2312 3901 2628 3974 apostolicae
2660 3902 3059 3967 characterem,
3100 3901 3368 3955 bonorum
3404 3911 3687 3971 pastorum

2105 3994 2301 4058 zelum,
2344 4002 2398 4049 et
2433 3994 2721 4064 impigrum
2762 3993 2998 4047 studium
3038 3993 3178 4061 quod
3222 4007 3383 4047 veros
3427 3990 3691 4046 Christia—

2107 4101 2208 4141 nos
2236 4086 2449 4140 deceat.
2483 4084 2618 4140 Nam
2655 4087 2798 4155 quod
2829 4101 2930 4140 nec
2964 4085 3068 4140 vim
3107 4084 3496 4155 longitudinem
3530 4100 3691 4155 repu-

2107 4175 2377 4243 taveritis,
2415 4191 2517 4231 nec
2554 4175 2850 4246 separatim
2882 4175 3188 4230 detuleritis
3217 4175 3562 4244 quaestiones,
3592 4176 3687 4229 sed

2107 4268 2472 4324 communiter
2524 4284 2620 4340 per
2666 4268 2876 4324 litteras
2928 4267 3424 4337 interrogaveritis,
3481 4267 3533 4320 id
3589 4281 3691 4321 nos

2108 4358 2251 4415 bona
2291 4374 2389 4429 spe
2411 4359 2660 4431 replevit,
2690 4357 2934 4414 futurum
2967 4368 3025 4410 ut
3054 4357 3146 4427 qui
3174 4372 3277 4411 una
3310 4370 3440 4412 voce
3476 4357 3688 4425 scripsi-

2108 4450 2231 4515 stis,
2293 4451 2536 4505 unanimi
2587 4452 2752 4506 etiam
2801 4464 3076 4505 consensu
3130 4452 3535 4517 reSponsioncm
3590 4465 3693 4504 no-

2109 4554 2277 4597 stram
2320 4544 2442 4597 sitis
2471 4542 2743 4613 recepturi
2771 4557 2787 4607 ;
2823 4556 2890 4595 ac
2916 4540 3065 4595 velut
3090 4540 3369 4593 exordium
3397 4536 3690 4608 perfectio-

416 4634 653 4701 δέξασθε
684 4634 827 4706 (87)·
854 4636 950 4689 καὶ
974 4630 1085 4690 οἷόν
1120 4654 1176 4690 τι
1214 4636 1501 4707 προοίμιον
1528 4636 1632 4706 τῆς
1663 4635 2000 4708 τελειοτέρας

2114 4635 2193 4688 ris
2250 4634 2579 4696 concordiae,
2633 4644 2872 4688 vestram
2915 4632 2970 4686 in
3018 4631 3221 4685 litteris
3274 4632 3690 4685 consensionem

416 4725 681 4796 ὁμονοίας
709 4726 806 4797 τὴν
839 4728 896 4780 ὲν
923 4730 1036 4792 τοῖς
1072 4729 1394 4801 γράμμασιν
1419 4728 1574 4800 ὑμῶν
1613 4729 1863 4801 ὁμόνοιαν
1892 4729 2004 4783 ὲδε-

420 4817 661 4889 ξάμεθα.
696 4819 808 4872 Καὶ
838 4819 905 4872 δι’
933 4820 1096 4891 εὐχῆς
1128 4821 1227 4891 μὲν
1256 4816 1324 4892 ἦν
1358 4823 1512 4892 ἡμῖν,
1547 4821 1641 4877 καὶ
1672 4821 1763 4876 τὸν
1786 4821 2003 4893 θαυμα-

422 4909 696 4964 σιώτατον
722 4910 818 4964 καὶ
848 4912 985 4983 μετὰ
1028 4913 1211 4984 πάσης
1235 4912 1418 4976 αἰδοῦς
1444 4912 1844 4985 ὀνομαζόμενον
1882 4912 2004 4967 ἐπί-

422 5017 633 5056 σκοπον
664 5001 960 5068 Βασίλειον,
991 5002 1085 5057 καὶ
1109 5002 1352 5075 παρόντα
1386 5002 1641 5069 δέξασθαι
1667 5006 1736 5076 τῇ
1776 5003 2002 5073 συνόδῳ,

426 5095 522 5147 καὶ
569 5093 852 5159 κοινωνὸν,
894 5093 1090 5165 μᾶλλον
1133 5095 1192 5148 δὲ
1242 5094 1472 5167 ἔξαρχον
1516 5094 1624 5149 τῶν
1673 5094 1812 5167 πρὸς
1858 5096 2005 5165 ὑμᾶς

428 5185 778 5257 γραμμάτων
809 5185 921 5258 (88)
968 5185 1130 5258 ἔχειν.
1186 5187 1342 5243 Ἐπεὶ
1369 5187 1427 5240 δὲ
1471 5188 1677 5241 ἐκεῖνον
1722 5188 2004 5260 άρρωστία

433 5278 683 5350 σώματος
710 5278 1144 5352 ὑπερϐάλλουσα,
1168 5278 1306 5350 πρὸς
1329 5280 1428 5352 τὴν
1447 5279 1629 5350 ἄφιξιν
1654 5279 2001 5346 διεκώλυσεν,

429 5369 643 5435 τελείας
671 5370 775 5443 μέν
802 5372 955 5426 ἐστιν
983 5370 1206 5444 ἀγάπης
1248 5370 1424 5443 ὑμῶν,
1459 5372 1599 5443 μήτε
1638 5370 1707 5426 τὰ
1734 5372 1833 5444 τῆς
1869 5373 2005 5444 ἡμεο

502 5561 624 5634 (85)
669 5559 1086 5634 Ἀμφιλοχίαν.
1151 5559 1239 5617 Al.
1318 5559 1652 5634 ’Δμφιλοχίῳ
1691 5558 1999 5634 ξΒασίλειος.

429 5630 657 5699 Insignis
684 5630 787 5686 ista
812 5632 1048 5701 epistola
1077 5645 1182 5686 non
1216 5630 1397 5702 potest
1426 5630 1548 5687 esse
1580 5630 1789 5702 Basilii,
1833 5640 1889 5683 ut
1919 5630 1998 5682 le-

431 5704 575 5773 genti
628 5703 867 5788 patebit;
1036 5710 1132 5788 est
1150 5701 1410 5788 synodica
1441 5701 1828 5788 Ampliilociliii,
1867 5715 1995 5768 qua,

432 5772 547 5829 meo
564 5772 781 5847 quidem
802 5772 1038 5853 judicio,
1062 5774 1368 5855 .respondet
1406 5773 1675 5843 synodica:
1710 5772 1994 5852 episeopo-

436 5862 544 5901 rum
572 5844 801 5902 alterius
826 5856 1145 5912 provmci'ze,
1184 5858 1275 5911 qm
1301 5859 1445 5898 circa
1489 5842 1784 5897 Macedonii
1814 5841 1960 5912 lia-re

428 5917 524 5974 siin
549 5921 615 5975 de
647 5910 862 5988 Spiritu
885 5910 1083 5969 sancto
1110 5910 1437 5971 ﬂuctuabant
1476 5923 1532 5975 et
1578 5910 1968 5969 dissentiebant

2109 4724 2475 4794 suscepimus.
2526 4724 2594 4777 Et
2637 4724 2955 4791 Optabamus
2978 4722 3221 4791 quidem,
3257 4721 3491 4775 maxime
3521 4721 3693 4775 admi-

2110 4819 2338 4873 randum
2392 4815 2654 4884 omnique
2674 4828 2796 4869 cum
2831 4813 3130 4869 reverentia
3161 4812 3548 4867 nominandum
3578 4812 3695 4882 epi-

2111 4921 2334 4978 scopum
2379 4888 2664 4970 Basil'ium,
2725 4915 3046 4975 praesentem
3093 4903 3348 4974 excipere
3403 4904 3455 4958 iu
3504 4916 3693 4959 nostra

2113 5002 2340 5074 synodo,
2375 5010 2430 5055 et
2460 4999 2706 5065 socium;
2737 5013 2833 5055 seu
2866 4999 3044 5062 potius
3076 4998 3378 5070 principem
3408 4998 3693 5054 haberem

2116 5096 2311 5150 dandis
2337 5095 2404 5149 ad
2436 5109 2532 5149 vos
2562 5091 2780 5150 litteris.
2810 5093 3009 5149 Verum
3042 5093 3170 5163 quia
3203 5094 3385 5165 gravis
3409 5108 3531 5147 eum
3556 5107 3697 5147 mor-

2109 5188 2210 5243 bus
2257 5186 2506 5254 detinuit,
2574 5200 2642 5240 ne
2689 5183 2989 5252 adveniret,
3045 5194 3241 5240 vestra:
3296 5195 3381 5239 est
3428 5182 3686 5253 perfectae

2109 5278 2438 5344 dilectionis,
2496 5286 2697 5332 nostra:
2744 5277 3137 5333 mediocritatis
3171 5276 3454 5346 epistolam
3483 5290 3693 5346 nequa-

2111 5388 2272 5443 quam
2300 5371 2604 5442 despicere.
2632 5370 2819 5442 Nequc
2838 5386 2970 5427 vero
2993 5379 3240 5426 sanctam
3254 5379 3487 5426 vestram
3509 5367 3696 5423 Eccle-

2103 5557 2361 5614 Doctrina
2393 5569 2573 5615 autem
2606 5566 2716 5615 tota
2772 5566 2859 5613 est
2891 5554 3361 5627 Ampliilochiana,
3391 5551 3692 5621 Basiliam,

2100 5629 2455 5695 Gregoriana.

2168 5702 2285 5771 (86)
2313 5702 2534 5756 Videtur
2563 5702 2752 5755 deesse
2774 5698 3006 5771 aliquid.

2166 5768 2280 5839 (87)
2324 5772 2608 5837 Δέξασθε.
2642 5772 2726 5825 Al.
2764 5768 3004 5834 δέξεσθε.

2168 5836 2282 5914 (88)
2316 5836 2703 5914 Γραμμάτων.
2742 5843 2824 5896 Al.
2856 5836 3217 5910 πραγμάτων.
