4092 6444
506 466 580 527 9a
1475 457 1534 514 S.
1573 451 2024 511 AMPHILOCH“
2061 444 2453 508 ICONIENSIS
2488 441 2803 501 EPISCOPI
3696 436 3771 494 98

509 587 647 640 siam
672 581 812 651 passi
840 594 1029 636 sumus
1054 578 1216 634 etiam
1252 576 1397 632 illius
1428 589 1560 630 voce
1592 588 1816 637 carere;
1862 572 1960 625 sed
1990 571 2086 624 ba-

2204 567 2354 639 εέρας
2399 563 2740 636 βραχύτητος
2784 558 3031 631 παριδεῖν
3068 558 3392 630 γράμματα.
3444 556 3518 611 Οὐ
3556 556 3660 627 μέν

511 646 705 730 bentes
753 673 950 725 librum
998 669 1202 736 ipsius,
1253 681 1414 736 quem
1461 666 1528 719 de
1578 665 1681 719 hoc
1736 661 2084 733 peculiariter

2204 658 2289 730 τὴν
2328 657 2490 727 ἁγίαν
2530 654 2684 726 ὑμῶν
2735 651 3061 723 Ἐκκλησίαν
3095 651 3321 721 ἄμοιρον
3370 647 3595 718 καὶτῆς
3628 646 3777 701 ἐκείι⁸

513 775 836 835 argntnento
870 762 1194 821 elaboravit,
1237 759 1414 829 ipsum
1463 756 1667 827 pariter
1708 754 1991 810 nobiscum
2035 751 2089 806 in

511 855 717 923 scripto
743 852 1052 923 loquentem
1084 849 1417 905 obtinemus.

589 1118 870 1185 Quodnam
913 1116 1075 1185 igitur
1114 1125 1197 1170 est
1231 1115 1297 1169 ad
1325 1111 1806 1180 interrogationem
1857 1122 2086 1177 respon-

513 1209 673 1265 sum?
708 1207 966 1261 Sanctum
1012 1205 1300 1260 concilium
1336 1202 1679 1258 Nicaenorum
1716 1200 1960 1264 Patrum,
1996 1211 2094 1268 pro

514 1314 645 1357 vere
690 1300 959 1355 catholico
998 1309 1053 1351 et
1101 1296 1397 1368 apostolico
1444 1295 1677 1351 concilio
1727 1292 2091 1362 agnoscimus,

514 1390 789 1459 ﬁdemque
830 1402 969 1450 eam,
1027 1401 1148 1457 qua:
1197 1396 1326 1439 tunc
1370 1383 1628 1446 temporis
1663 1381 1910 1451 exposita
1935 1379 2037 1434 fuit
2064 1394 2093 1433 a

517 1479 771 1535 Patribus
824 1492 1108 1534 servamus
1162 1477 1463 1539 immotam,
1518 1484 1683 1542 alque
1719 1482 1777 1526 ut
1820 1473 1872 1526 in
1905 1485 2096 1540 perpe-

517 1583 667 1628 tuum
731 1580 947 1625 maneat
1006 1569 1320 1624 inconvulsa
1372 1577 1711 1636 exoptamus.
1767 1565 1937 1620 Porro
1991 1563 2097 1618 fuit

516 1673 645 1719 tunc
678 1662 933 1717 Patribus
964 1662 1352 1723 necessarium,
1380 1674 1640 1715 enarrare
1669 1657 1839 1712 fusius
1870 1658 1936 1711 de
1966 1655 2099 1713 Uni-

515 1755 681 1825 geniti
735 1755 1020 1824 dogmate;
1068 1753 1506 1827 quandoquidem
1567 1751 1682 1805 Arii
1730 1750 1982 1805 haeresim
2033 1763 2098 1804 ea

519 1857 850 1917 tempestate
891 1863 1083 1903 recens
1118 1858 1364 1902 exortam
1400 1845 1723 1900 exscindere
1763 1844 2094 1905 nitebantur,

2192 768 2286 804 νου
2346 748 2533 819 φωνῆς
2576 746 2952 818 περιείδομεν·
2997 742 3113 796 ἀλλ’
3159 741 3374 812 ἔχοντες
3429 739 3596 794 αὑτοῦ
3646 738 3778 809 σύγ-

2193 858 2430 915 γραμμα
2480 838 2610 909 περὶ
2640 837 2847 908 ταύτης
2879 833 2989 906 (89)
3045 832 3225 896 ίδικῶς
3270 830 3419 901 αὐτῷ
3451 830 3549 899 τῆς
3579 829 3777 882 ὑποθέ-

2195 949 2335 995 σεως
2388 928 2785 998 πεπονημένον,
2841 926 3094 980 κάκεῖνον
3144 922 3234 977 διὰ
3295 921 3391 975 τοῦ
3446 921 3778 992 γράμματος

2193 1023 2391 1095 ἔχομεν
2423 1023 2554 1092 ἡμῖν
2590 1018 3096 1090 συμφθεγγόμενον.

2264 1114 2361 1178 Τίς
2390 1109 2481 1166 οῦν
2506 1115 2539 1183 ὴ
2574 1111 2710 1183 πρὸς
2737 1111 2836 1182 τὴν
2864 1108 3058 1162 πεῦσιν
3097 1108 3422 1178 ἁπόκρισιςς
3468 1104 3582 1175 Τὴν
3617 1104 3778 1172 ἁγίαν

2196 1206 2413 1260 σύνοδον
2444 1203 2554 1256 τῶν
2575 1202 2836 1274 Πατέρων
2867 1200 2975 1255 τῶν
3005 1201 3066 1253 ἐν
3098 1198 3325 1270 Νικαίᾳ,
3356 1196 3578 1251 σύνοδον
3605 1196 3778 1259 ὅντως

2194 1296 2492 1367 καθολικὴν
2520 1295 2615 1348 καὶ
2651 1290 3015 1361 ἀποστολικὴν
3061 1287 3421 1361 γνωρίζομεν,
3453 1288 3547 1341 καὶ
3592 1288 3779 1341 πίστιν

2193 1388 2292 1460 τὴν
2324 1385 2636 1441 ἐκτεθεῖσαν
2666 1384 2771 1437 ὑπὸ
2793 1382 2902 1436 τῶν
2931 1383 3195 1454 Πατέρων
3222 1378 3541 1452 τηνικαῦτα,
3575 1377 3780 1447 φυλάτ-
3861 1435 3867 1443 ,

2194 1496 2357 1551 τομεν
2388 1478 2641 1549 ἀκίνητον
2664 1476 2810 1547 (90),
2864 1475 2962 1528 καὶ
3009 1474 3146 1547 πρὸς
3178 1473 3239 1526 τὸ
3289 1472 3535 1543 διηνεκὲς
3595 1469 3778 1523 ἀσπά-

2198 1585 2396 1641 ρακτον
2426 1568 2603 1639 μένειν
2634 1565 2862 1635 εύχομαι
2890 1564 3023 1635 (9|).
3057 1564 3253 1632 Γέγονε
3284 1563 3342 1616 δὲ
3368 1564 3490 1615 τότε
3512 1564 3629 1624 τοῖς
3671 1562 3781 1614 Πα-

2194 1661 2387 1733 τράσιν
2418 1659 2859 1728 ἀναγκαιότερον,
2885 1653 3218 1727 πλατύτερον
3245 1651 3621 1725 ἐξηγήσασθαι
3654 1652 3783 1722 περὶ

2196 1753 2296 1824 τῆς
2329 1752 2488 1823 δόξης
2510 1753 2606 1804 τοῦ
2637 1748 2974 1818 Μονογενοῦς
2994 1763 3007 1778 ⁸
3046 1746 3235 1819 ἐπειδὴ
3266 1746 3388 1801 τότε
3417 1745 3616 1800 νεωστὶ
3650 1760 3782 1814 φυο-

2203 1846 2373 1917 μένην
2408 1845 2508 1916 τὴν
2539 1844 2752 1915 αἵρεσιν
2785 1841 2881 1894 τοῦ
2938 1841 3150 1913 Ἀρείου
3210 1840 3299 1893 διὰ
3340 1838 3578 1908 σπουδῆς
3626 1838 3783 1909 ἔσχον

516 1937 691 2006 prima
712 1938 855 1991 illius
889 1938 1093 1991 semina
1138 1937 1320 1992 Statim
1371 1935 1654 2000 abolendo,
1701 1943 1990 2004 antequam
2027 1933 2093 1988 ad

2204 1935 2454 2006 ἐκκόψαι,
2480 1935 2550 1988 τὰ
2576 1934 2770 2006 πρῶτα
2791 1933 2960 2004 αὐτῆς
2984 1931 3440 2004 προαναιροῦντες
3464 1930 3780 2002 σπέρματα,

520 2041 786 2080 summam
820 2029 1170 2096 asperitatem
1200 2027 1513 2095 perveniret
1545 2026 1699 2094 spina
1733 2042 1745 2078 :
1776 2038 2007 2092 cumque
2029 2038 2096 2079 eo

2204 2030 2328 2099 πρὶν
2374 2028 2573 2091 τελέως
2606 2025 3038 2097 ἐκτραχυνθῆναι
3088 2023 3185 2095 τὴν
3239 2022 3500 2077 ἄκανθαν.
3550 2024 3780 2093 Σεσιγη-

518 2126 763 2184 tempore
795 2119 860 2173 de
886 2119 1186 2188 quaestione
1216 2117 1361 2172 circa
1392 2115 1655 2186 Spiritum
1682 2123 1926 2169 sanctum
1952 2124 2098 2169 tace-

2204 2119 2364 2190 μένου
2386 2118 2443 2171 δὲ
2476 2116 2781 2189 τηνικαῦτα
2806 2115 2900 2169 τοῦ
2930 2114 3074 2169 κατὰ
3101 2115 3161 2168 τὸ
3190 2113 3417 2185 Πνεῦμα
3447 2111 3782 2185 ζητήματος,

516 2218 698 2271 retur,
760 2208 882 2263 ideo
932 2208 1067 2262 nihil
1115 2207 1345 2277 amplius
1394 2207 1740 2262 addiderunt.
1786 2204 1983 2261 Verum
2031 2205 2099 2262 iis

515 2298 608 2367 qui
653 2300 948 2365 prudenter
976 2299 1223 2368 legerint,
1255 2298 1529 2355 sufﬁciens
1557 2297 1828 2351 videbitur
1851 2297 2095 2352 doctrina

518 2388 585 2441 de
608 2386 833 2457 Spiritu,
870 2403 991 2456 quas
1012 2404 1073 2442 ea
1104 2390 1156 2442 in
1219 2387 1325 2443 fide
1382 2388 1712 2444 continetur.
1779 2388 2096 2444 Docuerunt

518 2481 686 2544 enim,
737 2481 877 2534 sicut
921 2481 1068 2536 credi
1119 2482 1279 2537 debet
1331 2481 1385 2536 in
1441 2481 1656 2535 Patrem
1683 2489 1739 2536 et
1761 2481 1983 2546 Filium,
2022 2481 2097 2537 ita

520 2571 685 2626 etiam
741 2571 1070 2626 credendum
1129 2586 1250 2626 esse
1311 2572 1362 2626 in
1423 2569 1684 2642 Spiritum
1731 2586 1746 2625 :
1793 2587 1892 2627 nec
1936 2572 2097 2627 aliam

522 2663 835 2733 quampiam
885 2663 1204 2718 inducentes
1231 2665 1283 2718 itt
1316 2664 1497 2719 divina
1534 2666 1803 2733 beataque
1828 2662 2099 2718 Trinitate

524 2763 812 2821 naturam;
849 2769 1024 2824 neque
1054 2756 1345 2825 quidquam
1375 2757 1441 2810 de
1470 2756 1738 2810 Trinitate
1769 2767 2096 2819 resecantes,

525 2846 582 2901 in
616 2846 700 2899 illa
754 2846 875 2900 lidei
921 2847 1278 2915 expositione,
1323 2847 1416 2903 sed
1449 2848 1575 2918 quia
1620 2862 1793 2917 nuper
1822 2848 2096 2904 Ecclesias

529 2946 820 2991 concutere
864 2951 1150 3007 aggressus
1205 2935 1454 3001 Satanas,
1511 2936 1732 2990 immisit
1777 2936 2098 3005 quibusdam

532 3028 924 3083 dubitationem
971 3032 1037 3084 de
1094 3028 1322 3099 Spiritu,
1380 3044 1601 3084 necesse
1656 3039 1738 3084 est
1778 3040 1837 3083 ut
1871 3030 1935 3083 ad
1976 3029 2098 3084 fidei

523 3116 728 3172 fontem
755 3134 1141 3185 recurramus;
1191 3137 1223 3175 e
1255 3135 1363 3190 quo
1406 3136 1527 3175 cum
1566 3119 1757 3175 Nicaea:
1789 3121 2098 3191 congregati

522 3206 720 3263 Patres
751 3210 911 3264 etiam
944 3212 1277 3273 hausissent.
1315 3211 1438 3267 fidei
1471 3213 1884 3282 expositionem,
1912 3212 2098 3268 confe-

2197 2215 2284 2269 διὰ
2332 2212 2489 2266 τοῦτο
2532 2211 2867 2282 πλατύτερον
2913 2210 3010 2281 μὲν
3051 2208 3204 2262 οὐδὲν
3252 2207 3630 2280 προσέθεσαν·
3673 2209 3785 2270 τοῖς

2201 2305 2384 2377 μέντοι
2423 2320 2487 2373 γε
2540 2300 2779 2364 συνετῶς
2826 2297 3310 2369 ἀναγινώσκουσιν,
3356 2298 3645 2369 αὐτάρκης
3693 2295 3785 2348 καὶ

2196 2399 2231 2467 ἡ
2264 2397 2392 2467 περὶ
2423 2394 2517 2448 τοῦ
2560 2393 2881 2465 Πνεύματος
2908 2395 2965 2445 ἐν
2995 2390 3182 2463 ἐκείνῃ
3206 2393 3272 2461 τῇ
3320 2390 3500 2442 πίστει
3527 2389 3786 2442 διδασκα-

2198 2487 2311 2541 λία.
2365 2486 2579 2556 Ὥσπερ
2615 2485 2727 2555 (92)
2783 2485 2862 2547 είς
2910 2482 3131 2553 Πατέρα
3176 2483 3266 2535 καὶ
3308 2481 3437 2535 Υἱὸν
3486 2480 3782 2543 πιστεύειν,

2198 2580 2340 2634 οὕτω
2388 2579 2482 2633 καὶ
2530 2579 2609 2642 είς
2653 2577 2715 2630 τὸ
2776 2575 2998 2646 Πνεῦμα
3055 2573 3331 2627 πιστεύειν
3381 2573 3781 2644 ἐδογμάτισανο

2203 2672 2339 2743 μήτε
2370 2669 2563 2741 ἑτέραν
2610 2667 2735 2722 τινὰ
2771 2666 2933 2736 φύσιν
2980 2666 3367 2734 ἐπεισάγοντες
3408 2667 3475 2735 τῇ
3522 2663 3647 2735 θείᾳ
3693 2661 3786 2716 καὶ

2203 2760 2450 2832 μακαρίᾳ.
2480 2759 2670 2830 Τριάδι
2698 2776 2713 2789 ο
2747 2759 2885 2829 μήτε
2913 2774 2963 2809 τι
2994 2756 3104 2809 τῶν
3152 2757 3216 2808 ἐκ
3244 2758 3343 2826 τῆς
3378 2755 3611 2826 Τριάδος
3650 2756 3783 2807 ἀπθ-

2198 2853 2505 2921 τὲμνοντες,
2548 2852 2630 2914 είς
2675 2851 2774 2921 τὴν
2824 2850 2923 2919 τῆς
2977 2847 3213 2911 πίστεως
3259 2847 3493 2899 ἔκθεσιν.
3546 2846 3703 2899 Ἐπεὶ
3731 2844 3786 2898 δὲ

2201 2945 2514 3014 πρόσφατον
2563 2945 2592 2996 ό
2640 2943 2885 3004 Σατανᾶς
2921 2940 3261 2993 διασαλεύειν
3312 2940 3411 3003 τὰς
3456 2938 3785 3009 Ἐκκλησίας

2202 3034 2519 3106 ἐπιχειρῶν,
2550 3032 2773 3087 ἐνέϐαλέ
2805 3049 2918 3084 τισι
2962 3032 3091 3101 περ).
3124 3031 3220 3084 τοῦ
3247 3030 3567 3100 Πνεύματος
3601 3030 3786 3083 διστα-

2200 3126 2375 3197 γμὸν,
2432 3128 2730 3194 ἀναγκαῖον
2781 3124 2875 3176 ἐπὶ
2931 3122 3031 3193 τὴν
3083 3122 3266 3194 πηγὴν
3311 3123 3637 3193 ἀνατρέχειν
3689 3121 3786 3190 τῆς

2203 3217 2463 3281 πίστεως,
2494 3216 2553 3283 ἐξ
2588 3211 2655 3287 ἦς
2693 3215 2790 3269 καὶ
2837 3217 2885 3268 οί
2916 3213 3057 3267 κατὰ
3090 3214 3327 3266 Νίκαιαν
3373 3214 3619 3283 Πατέρες
3659 3213 3787 3265 ἀνα-

524 3312 740 3356 cerunt.
773 3301 1031 3368 Quaenam
1085 3318 1214 3372 ergo
1260 3313 1346 3359 est
1386 3315 1588 3359 nostra:
1637 3304 1758 3361 ﬁdei
1803 3305 2100 3375 perfectio?

2204 3273 2656 3383 ρυσάμενοι,’την
2686 3306 2901 3361 ἔκθεσιν
2941 3306 3039 3376 τῆς
3089 3305 3327 3368 πίστεως
3360 3273 3647 3374 ἐποίησαν.
3695 3301 3787 3364 Τίς

524 3387 740 3447 Domini
802 3394 1040 3458 traditio,
1086 3409 1272 3464 quam,
1300 3403 1587 3464 postquam
1638 3396 2029 3451 resurrexisset
2067 3411 2097 3450 a

516 3489 777 3553 mortuis,
823 3488 1100 3542 mandavit
1145 3489 1348 3544 sanctis
1413 3490 1525 3544 suis
1565 3490 1863 3561 discipulis,
1912 3490 2102 3561 praeci-

527 3577 716 3646 piens:
745 3575 971 3641 Euntes,
997 3580 1174 3632 docete
1200 3596 1375 3634 omnes
1414 3592 1613 3649 gentes,
1663 3583 1985 3652 baptizantes
2015 3598 2101 3636 eos

527 3669 582 3721 in
612 3671 821 3723 nomine
846 3668 1051 3733 Patris,
1086 3679 1136 3724 et
1169 3668 1321 3736 Filii,
1357 3682 1404 3725 et
1430 3670 1661 3742 Spiritus
1687 3676 1856 3728 sancti
1883 3674 2104 3729 ".Con-

531 3768 642 3815 stat
672 3761 951 3827 accepisse
981 3776 1078 3815 nos
1110 3763 1445 3828 mandatum,
1479 3779 1586 3818 non
1614 3765 1788 3821 solum
1814 3768 1916 3821 hoc
1943 3767 2103 3820 modo

538 3847 881 3918 baptizandi,
919 3866 1107 3905 verum
1140 3852 1299 3906 etiam
1331 3855 1447 3922 pari
1488 3856 1646 3909 modo
1678 3856 1940 3938 docendiq
1958 3857 2105 3912 Adeo

531 3950 594 3994 ut
629 3956 724 4008 per
752 3941 851 3994 hoc
882 3953 1231 4011 praeceptum,
1287 3952 1397 3996 tum
1437 3943 1659 3999 Sabellii
1714 3945 2106 4000 intercludatur

533 4031 775 4094 morbus,
813 4047 909 4099 per
942 4041 1051 4086 tres
1091 4033 1409 4101 hypostases
1455 4051 1588 4104 pure
1635 4036 1792 4090 nobis
1839 4037 2101 4104 traditas;

533 4127 647 4173 tum
697 4120 1080 4175 Anomteurunt
1113 4123 1549 4192 Arianorumque
1586 4135 1643 4179 et
1696 4124 2108 4181 Pneumatoma-

533 4212 758 4265 chorum
784 4212 1104 4265 obturentur
1143 4228 1276 4280 ora;
1312 4214 1480 4269 tribus
1506 4215 1723 4285 quidem
1765 4218 2012 4286 personis
2044 4233 2109 4273 ac

532 4304 921 4373 hypostasibus
956 4303 1266 4373 declaratis,
1304 4321 1411 4360 una
1440 4322 1568 4362 vero
1598 4318 1796 4362 natura
1822 4316 1877 4362 et
1903 4308 2107 4362 divini-

537 4405 647 4449 tate
686 4396 955 4451 confessa.
1007 4396 1369 4464 Quamobrem
1420 4407 1635 4467 oportet
1679 4414 1746 4455 eo
1798 4416 1896 4455 nos
1950 4402 2108 4456 modo

532 4487 835 4558 baptizare,
869 4503 977 4557 quo
1010 4488 1188 4543 edocti
1215 4503 1422 4554 sumus,
1450 4501 1616 4559 atque
1640 4505 1705 4546 eo
1732 4493 1976 4558 credere,
2001 4508 2107 4562 quo

2199 3400 2292 3456 οὖν
2316 3400 2475 3473 ὴμῶν
2507 3403 2539 3471 ἡ
2571 3400 2672 3470 τῆς
2703 3399 2941 3461 πίστεως
2983 3397 3291 3468 τελειότης;
3354 3396 3420 3449 Ἦ
3450 3397 3544 3450 τοῦ
3578 3396 3787 3468 Κυρίου

2206 3492 2530 3565 παράδοσις,
2572 3492 2638 3562 ἢν
2681 3490 2821 3562 μετὰ
2860 3490 2958 3560 τὴν
3002 3492 3067 3542 ἐκ
3108 3488 3318 3561 νεκρῶν
3347 3489 3646 3542 ἀνάστασιν
3682 3489 3789 3549 τοῖς

2204 3585 2384 3653 ἁγίοις
2407 3582 2575 3636 αὑτοῦ
2614 3583 2884 3654 μαθηταῖς
2911 3580 3235 3642 ἐνετείλατο,
3285 3580 3598 3653 προστάξας
3621 3597 3636 3610 ο
3673 3583 3785 3634 Πο-

2195 3678 2514 3746 ρευθέντες
2549 3676 2964 3747 μαθητεύσατε
2997 3674 3108 3746 (95)
3140 3673 3336 3727 πάντα
3362 3675 3435 3727 τὰ
3471 3673 3641 3742 ἔθνη.
3678 3673 3789 3737 βα-

2203 3769 2508 3835 πτίζοντες
2522 3768 2740 3834 αὐτοὺς
2758 3771 2847 3833 εὶς
2862 3768 2925 3822 τὸ
2943 3769 3130 3837 ὄνομα
3157 3767 3265 3821 τοῦ
3280 3768 3534 3836 Πατρός,
3566 3774 3667 3819 καὶ
3687 3762 3790 3818 τοῦ

2213 3863 2371 3927 Υὶοῦ,
2400 3863 2499 3916 καὶ
2531 3862 2638 3916 τοῦ
2677 3862 2852 3932 ἁγίου
2875 3863 3222 3930 Πνεύματος
3264 3860 3432 3929 Δῆλον
3464 3861 3547 3913 ὅτι
3575 3858 3674 3931 τὴν
3706 3860 3791 3910 ἐν·

2203 3955 2367 4027 τολὴν
2398 3953 2703 4024 ἐδεξάμεθα
2722 3995 2736 4019 ,
2781 3955 2843 4006 ού
2883 3954 3042 4025 μόνον
3074 3954 3153 4016 εἰς
3180 3952 3244 4005 τὸ
3273 3951 3556 4022 βαπτίζειν
3583 3950 3788 4016 οὓτως,

2206 4048 2344 4102 ἀλλὰ
2381 4048 2476 4101 καὶ
2522 4048 2602 4110 είς
2630 4046 2692 4099 τὸ
2738 4046 3067 4118 μαθητεύειν
3103 4044 3294 4108 οὕτως.
3339 4045 3426 4108 Ὠς
3467 4043 3555 4097 διὰ
3589 4043 3791 4112 ταύτης

2205 4140 2304 4210 τῆς
2353 4137 2605 4210 ἐντολῆς,
2641 4139 2735 4191 κα).
2778 4137 2875 4208 τὴν
2920 4137 3207 4191 Σαδελλίου
3246 4136 3399 4189 νόσον
3430 4134 3790 4203 ἁποκλεισθῆ·

2207 4251 2316 4298 ναι,
2347 4231 2458 4285 τῶν
2487 4230 2661 4303 τριῶν
2687 4231 3035 4284 ύποστάσεων
3064 4228 3318 4300 καθαρῶς
3336 4230 3466 4299 ἡμῖν
3485 4226 3793 4299 παραδοθει-

2208 4326 2318 4380 σῶν
2336 4343 2351 4357 '
2378 4326 2471 4380 καὶ
2498 4324 2605 4378 τῶν
2644 4323 2936 4394 Ἀνομοίων
2965 4321 3075 4393 (94)
3107 4322 3203 4375 καὶ
3227 4320 3334 4374 τῶν
3373 4320 3667 4391 ’Δρειανῶν
3700 4317 3793 4372 καὶ

2204 4416 2314 4471 τῶν
2331 4416 2814 4488 Πνευματομάχων
2830 4414 3180 4486 ἐμφραγῆναι
3194 4413 3306 4484 (95)
3322 4413 3390 4465 τὰ
3412 4412 3672 4483 στόματα·
3688 4409 3792 4464 τῶν

2207 4506 2515 4580 προσώπων
2554 4506 2785 4560 καὶτῶν
2820 4506 3173 4559 ὑποστάσεων
3215 4505 3384 4572 τριῶν
3423 4505 3788 4577 δηλουμένων,

535 4578 736 4634 fuimus
760 4580 1047 4650 baptizati,
1073 4594 1142 4635 eo
1172 4589 1351 4637 autem
1386 4581 1712 4649 glorificare,
1743 4597 1850 4653 quo
1874 4583 2101 4639 credidi-

2211 4578 2312 4671 τῆς
2342 4597 2399 4651 δὲ
2432 4597 2647 4666 φύσεως
2670 4599 2765 4651 καὶ
2787 4597 2884 4668 τῆς
2911 4597 3163 4668 θεότητος
3194 4598 3324 4668 μιᾶς
3345 4597 3788 4668 ὀμολογηθείσης.

537 4687 676 4726 mus.
726 4672 904 4726 Multis
938 4673 1204 4741 siquidem
1259 4683 1441 4729 mente
1485 4673 1762 4740 volutatis,
1800 4684 1856 4730 et
1901 4674 1954 4730 in
1992 4690 2111 4730 om-

536 4779 635 4820 nes
670 4777 849 4833 partes
876 4767 1299 4835 cogitationibus
1332 4770 1604 4833 conversi,
1643 4768 1779 4824 nihil
1819 4785 2110 4840 possumus

538 4855 772 4909 medium
822 4857 1108 4911 advertere
1168 4857 1488 4913 Creatorem
1525 4859 1667 4914 inter
1697 4869 1753 4914 et
1777 4869 2108 4915 creaturam.

539 4944 804 5012 Quocirca
833 4948 928 5001 sia
956 4948 1240 5002 divinitate
1269 4948 1530 5017 Spiritum
1562 4949 1982 5017 sejunxerimus,
2011 4968 2113 5006 ne-

536 5039 780 5094 cessario
808 5040 957 5093 illum
983 5055 1104 5093 cum
1138 5042 1408 5096 creaturis
1443 5042 1703 5097 debemus
1732 5059 2112 5098 annumerare.

539 5132 692 5199 Quod
731 5132 777 5187 si
817 5132 936 5187 ausi
974 5131 1238 5189 fuerimus
1281 5144 1591 5189 creaturam
1639 5136 1844 5201 dicere,
1875 5136 1966 5206 qui
2003 5136 2120 5192 ﬁeri

631 5290 655 5323 '
676 5291 864 5346 Matth.
889 5308 1082 5358 xxvm,
1112 5293 1198 5349 19.

620 5447 731 5519 (89)
760 5448 814 5502 Id
841 5459 945 5513 est,
978 5451 1039 5502 de
1057 5448 1258 5518 Spiritu
1283 5463 1483 5506 sancto.

611 5522 725 5592 (90)
747 5519 832 5592 Al.
871 5523 991 5571 add.
1013 5522 1195 5592 tesca).
1216 5522 1528 5577 ἀσάλευτον.

615 5589 729 5665 (93)
752 5590 1041 5665 Εὔκρμαι-
1058 5589 1235 5665 Ἐοινιε
1258 5594 1550 5665 εὐχόμεθα.

636 5660 726 5733 92)
754 5661 838 5714 Al.
880 5662 977 5713 ins.
1001 5660 1132 5733 γάρ.

636 5731 726 5803 95)
752 5731 1150 5803 Πορευθέντες
1173 5734 1609 5803 μαθητεύσατε.
1643 5736 1715 5790 lla
1745 5737 1895 5791 multi
1923 5737 2115 5795 Matth.

544 5800 995 5874 ξεινᾼιιιηψηΑΙὶί
1038 5805 1315 5874 inserunt,
1344 5800 1459 5870 οὖν,
1496 5806 1608 5868 alii,
1635 5804 1750 5874 νῦν,
1785 5818 1842 5861 ιιι
1882 5808 2118 5863 Hilarius

546 5871 700 5931 initio
758 5871 880 5950 libri
934 5888 973 5927 ll
1023 5872 1097 5927 De
1147 5868 1527 5942 Trinitate,ret
1566 5877 1631 5932 ad
1679 5868 1827 5933 Pial.
1872 5894 1996 5944 ων,
2060 5878 2112 5933 7.

2224 4691 2462 4762 Ἀνάγκη
2490 4691 2674 4743 τοίνυν
2699 4689 2873 4752 οὕτως
2903 4691 3049 4760 ἡμᾶς
3075 4688 3379 4761 βαπτίζειν,
3419 4690 3493 4753 ὼς
3521 4691 3795 4762 ἐδιδάχθη·
3856 4682 3859 4683 ν

2214 4799 2335 4855 μέν’
2384 4783 2477 4836 καὶ
2528 4781 2671 4836 οὕτω
2735 4782 3036 4846 πιστεύειν,
3085 4783 3162 4847 ὡς
3210 4784 3651 4855 ἐϐαπτίσθημεν,
3705 4783 3794 4837 καὶ

2214 4872 2645 4955 οῦτωιδοξάζειν,
2677 4874 2753 4936 ὡς
2778 4876 3203 4945 ἐπιστεύσαμεν.
3231 4875 3411 4928 Πολλὰ
3433 4876 3546 4947 γὰρ
3578 4880 3641 4948 τῇ
3670 4876 3786 4929 δια-

2216 4966 2337 5037 νοίᾳ
2368 4965 2831 5036 περισκοποῦντες
2850 5006 2864 5029 ,
2894 4966 2991 5019 καὶ
3016 4966 3294 5036 πανταχοῦ
3332 4968 3662 5038 στραφέντες
3686 4970 3794 5030 τοῖς

2222 5055 2524 5127 λογισμοῖς,
2575 5057 2727 5109 οὐδὲν
2774 5057 3064 5126 ἐπινοῆσαι
3118 5056 3393 5126 δυνάμεθα
3451 5057 3654 5128 μεταξὺ
3701 5054 3791 5110 τοῦ

2224 5149 2458 5205 Κτίστου
2490 5150 2581 5203 καὶ
2614 5150 2712 5220 τῆς
2748 5151 3007 5213 κτίσεωςο
3055 5148 3196 5203 ὥστε
3224 5152 3273 5202 εἰ
3318 5151 3417 5220 τῆς
3450 5150 3701 5221 θεότητος
3735 5148 3795 5202 τὸ

2232 5462 2432 5518 Euntcs
2450 5480 2584 5519 nunc
2608 5467 2805 5519 docete.

2224 5592 2227 5593 ν
2293 5535 2407 5604 (94)
2452 5536 2795 5604 Ἀνομοίων.
2837 5534 3156 5589 Eunomiani
3198 5535 3270 5589 ita
3310 5536 3469 5605 vulgo
3508 5535 3635 5592 dicti
3672 5544 3795 5592 sunt

2220 5605 2531 5677 propterjro
2550 5606 2823 5675 ἀνόμοιον,
2848 5615 2904 5660 et
2935 5605 3440 5677 Ἀνομοιουσιασταί
3474 5606 3685 5675 Basilio,
3728 5607 3793 5662 ob

2219 5673 2612 5745 ᾁνομοιούσιον,
2627 5673 2726 5739 vel,
2741 5688 2797 5729 ut
2813 5677 3051 5744 loquitur
3064 5673 3325 5738 Severus,
3351 5673 3790 5733 Anomtzousiam.

2220 5744 2275 5799 id
2305 5744 2409 5808 est,
2433 5745 2740 5797 dissimilem
2761 5746 3128 5801 substantiam.

2290 5813 2406 5886 (95)
2444 5814 2870 5884 Ἔμφρατῆναι.
2904 5817 2991 5872 Al.
3024 5815 3428 5887 ἀποφραγῆναι.
