4092 6396
561 402 631 460 99
1509 397 1569 453 S.
1607 395 2055 453 AMPHILOCBII
2092 393 2478 452 ICONIENSIS
2516 394 2823 452 EPISCOPI

3683 398 3776 455 100

560 527 677 564 eum
714 508 835 577 fecit
879 500 1019 564 Deus
1042 509 1091 541 ⁵³
1126 523 1142 563 :
1182 505 1503 573 subiunxit,
1531 505 1687 560 Hunc
1714 506 1900 561 Iesum
1925 546 1943 572 ,
1975 523 2128 577 quem
2157 529 2170 568 ι

2242 506 2419 561 αὐτὸν
2448 506 2743 575 ἐποίησεν
2786 509 2820 562 ὁ
2861 505 3041 573 Θεὸς,
3088 506 3372 577 ἐπήγαγε·
3429 507 3642 562 Τοῦτον
3681 510 3780 565 τὸν

561 617 650 655 vos
678 599 1038 668 cruci/ixistis,
1073 598 1209 652 hunc
1234 596 1376 651 Deus
1405 597 1679 650 suscitavit
1708 612 1775 651 ex
1810 599 2031 651 mortuis
2054 596 2129 656 “.

563 690 773 744 Mortua
800 698 976 743 autem
1016 697 1139 755 est,
1193 703 1299 744 non
1340 687 1632 753 divinitas,
1667 688 1761 743 sed
1796 687 1978 742 homo.
2028 686 2131 753 Qui

563 797 698 835 vero
729 781 902 850 ipsum
940 781 1257 845 suscitavit.
1302 778 1538 835 Verbum
1579 788 1695 843 est.
1723 779 1818 833 Dei
1846 779 2054 845 virtus;
2089 781 2135 836 is

563 874 655 943 qui
684 875 819 929 dixit
848 875 902 929 in
939 873 1266 945 Evangelia:
1316 872 1511 928 Solvite
1548 875 1795 944 templum
1827 876 1925 929 hoc
1946 916 1961 939 ,
2004 874 2130 928 etin

563 963 734 1017 tribus
756 964 949 1020 “diebus
974 963 1211 1019 excitabo
1237 964 1372 1017 illud
1399 965 1467 1017 ".
1505 963 1689 1030 Quare
1726 980 1847 1019 cum
1889 964 2127 1019 dicitur:

2240 597 2485 666 Ἰησοῦν
2504 636 2519 663 .
2550 598 2623 652 ὃν
2659 598 2828 668 ὑμεῖς
2852 596 3269 666 ἐσταυρώσατε
3287 638 3302 664 ,
3343 599 3555 653 τοῦτον
3584 604 3615 654 ὁ
3647 602 3780 669 Θεὸς

2228 687 2470 757 ἤγειρεν
2515 689 2585 741 ἐκ
2611 687 2863 757 νεκρῶν.
2897 688 3215 760 Ἓνεκρώθη
3243 690 3337 754 δὲ,
3375 690 3474 760 οὐχ
3508 692 3540 762 ή
3574 690 3778 763 θεότης,

2228 779 2345 833 ἀλλ’
2381 782 2409 833 6
2438 779 2747 850 ἄνθρωπος.
2790 780 2900 832 Καὶ
2926 781 2954 833 6
2983 781 3205 852 ὲγείρας
3241 782 3403 836 αὐτὸν
3423 822 3438 846 ,
3470 783 3613 835 ἐστὶν
3640 785 3668 836 6
3690 783 3784 836 A6-

2232 888 2359 940 γος,
2408 873 2441 942 ἡ
2473 871 2704 943 δύναμις
2731 872 2823 926 τοῦ
2868 871 3003 925 Θεοῦ
3024 911 3041 937 ,
3080 875 3108 926 6
3140 872 3308 925 εἰπὼν
3336 875 3395 926 ὲν
3430 873 3506 943 τῷ
3548 874 3784 942 Εὑαγγε-

2232 964 2361 1035 λίῳ·
2398 967 2637 1019 Λύσατε
2664 965 2773 1018 τὸν
2802 965 2954 1019 ναὸν
2980 964 3213 1030 τοῦτον,
3245 965 3344 1019 καί
3374 965 3443 1018 ἐν
3472 966 3623 1033 τρισὶ
3651 966 3784 1033 ὴμέ-

563 1052 634 1106 Ει
663 1052 946 1109 Dominum
970 1072 1087 1109 eum
1114 1065 1161 1109 et
1179 1053 1448 1109 Christum
1470 1055 1596 1120 fecit
1624 1055 1762 1111 Deus
1782 1096 1798 1122 ,
1833 1058 1924 1125 qui
1961 1069 2133 1113 morte

2242 1072 2362 1120 ραις
2386 1054 2567 1125 ἐγερῶ
2590 1057 2797 1110 αὐτόν.
2831 1057 2994 1110 Ὥστε
3023 1057 3118 1111 ἐὰν
3146 1057 3404 1128 λέγηται,
3443 1058 3552 1111 Kal
3581 1058 3787 1124 Κύριον

563 1142 790 1200 affectus
818 1157 922 1211 est,
950 1156 1002 1201 et
1027 1162 1057 1200 a
1097 1146 1325 1201 mortuis
1352 1148 1653 1203 resurrexit
1676 1165 1692 1215 ;
1726 1163 1946 1204 carnem
1974 1149 2128 1215 dicit,

563 1245 619 1291 et
656 1251 760 1293 non
791 1240 1130 1294 divinitatem
1164 1237 1310 1293 Filii.

2138 1441 2215 1500 Π.

2232 1146 2422 1199 αὐτὸν
2448 1147 2546 1200 καὶ
2590 1147 2849 1214 Χριστὸν
2876 1148 3165 1215 ἐποίησεν
3190 1150 3223 1202 ὁ
3266 1148 3440 1211 Θεὸο,
3472 1147 3562 1200 τὸν
3592 1162 3787 1217 νεκρωι-

2237 1234 2419 1303 θέντα,
2453 1237 2549 1290 καὶ
2577 1239 2643 1290 ὲκ
2673 1237 2885 1308 νεκρῶν
2911 1237 3247 1303 ἀναστάντα,
3282 1237 3381 1308 τήν
3414 1236 3592 1307 σάρκα
3616 1234 3786 1303 λέγει,

2239 1329 2333 1381 καὶ
2359 1328 2421 1382 οὐ
2448 1328 2548 1401 τήν
2581 1328 2811 1399 θεότητα
2839 1329 2932 1383 τοῦ
2963 1328 3113 1385 Υἱοῦ.

1689 1539 1841 1607 Apud
1875 1539 2110 1594 eumdem
2146 1541 2538 1610 Theonoritum,
2571 1544 2704 1598 ibid.

763 1627 1017 1699 Ejusdem
1045 1644 1109 1683 ea:
1133 1629 1369 1685 oratione
1394 1630 1657 1686 adversus
1682 1632 1937 1687 Arianos.

636 1719 714 1774 Ac
735 1735 802 1775 ne
826 1720 980 1788 longa
1007 1729 1131 1774 utar
1159 1721 1409 1776 oratione
1431 1759 1449 1785 ,
1478 1721 1666 1789 paucis
1689 1730 1742 1776 te
1768 1736 1918 1791 rogo,
1948 1721 2128 1777 haere-

569 1812 692 1866 tice.
713 1810 815 1877 Qui
837 1825 903 1864 ex
928 1810 1036 1865 Deo
1056 1819 1140 1865 est
1166 1821 1294 1866 ante
1320 1811 1513 1866 saecula
1542 1812 1779 1882 genitus,
1802 1827 1994 1882 passus
2025 1823 2133 1879 est,

564 1918 633 1957 an
666 1905 758 1973 qui
788 1918 855 1959 ex
884 1904 1049 1959 David
1072 1904 1124 1958 in
1156 1903 1467 1959 novissimis
1496 1905 1831 1975 temporibus
1866 1914 2023 1960 natus
2050 1914 2133 1961 est

564 1990 761 2047 Jesus?
810 1992 869 2047 Si
923 2005 1051 2064 ergo
1099 1993 1357 2049 divinitas
1397 2007 1556 2064 passa
1594 2005 1701 2063 est,
1738 1994 2130 2065 blasphemiam

566 2083 747 2138 dixisti
780 2099 797 2139 :
825 2085 907 2139 sin
941 2084 1103 2139 homo
1130 2123 1147 2151 ,
1195 2093 1255 2139 ut
1293 2084 1495 2140 veritas
1541 2087 1705 2142 habet
1793 2076 1892 2143 cur
1930 2088 2135 2144 homini

566 2176 873 2232 liussionem
904 2192 1011 2232 non
1046 2176 1321 2232 ascrihis‘l

2364 1636 2475 1691 Τοῦ
2512 1637 2720 1701 αὑτοῦ,
2750 1636 2818 1690 ἐκ
2848 1637 2955 1691 τοῦ
2984 1634 3127 1691 κατὰ
3163 1633 3453 1706 Ἀρειανῶν
3478 1635 3685 1705 λόγου.

2309 1728 2421 1780 Καὶ
2452 1727 2538 1780 ινα
2569 1726 2645 1798 μή
2675 1726 2886 1798 μακρὸν
2913 1726 3051 1796 (98‘)
3080 1725 3348 1779 amusium
3373 1723 3650 1793 τὸνλόγον,
3676 1742 3793 1779 συνο

2236 1817 2418 1889 τόμως
2448 1817 2638 1889 ἐρωτῶ
2668 1835 2757 1885 σε,
2794 1817 3060 1889 αίρετικέ.
3103 1816 3163 1870 Ὀ
3187 1818 3253 1870 ὲκ
3277 1815 3372 1870 τοῦ
3402 1813 3539 1869 Θεοῦ
3567 1816 3672 1888 πρὸ
3692 1815 3794 1869 τῶν

2238 1905 2451 1962 αἰώνων
2489 1906 2773 1979 γεννηθεὶς
2799 1908 3022 1971 ἔπαθεν,
3053 1905 3136 1979 ἢὸ
3164 1908 3228 1960 ἐκ
3252 1905 3346 1960 τοῦ
3371 1906 3538 1961 Δαϐὶδ
3562 1908 3620 1961 ὲν
3649 1904 3796 1959 ὑστέη

2239 2016 2355 2072 ροις
2400 2003 2609 2072 καιροῖς
2656 2000 2867 2071 τεχθεὶς
2921 1999 3161 2072 Ἰησοῦς;
3211 2000 3277 2054 El
3328 1999 3428 2071 μὲν
3472 1995 3567 2053 οὖν
3614 1998 3794 2067 θεότης

2238 2091 2468 2156 ἔπαθεν,
2502 2087 2662 2155 εἶπας
2690 2093 2753 2146 τὸ
2783 2092 3122 2164 βλάσφημονο
3164 2094 3215 2146 εἰ
3241 2091 3301 2145 δὲ
3327 2091 3357 2144 6
3384 2090 3701 2164 ἄνθρωπος,
3725 2089 3796 2152 ὡς

2240 2178 2353 2249 ἔχει
2383 2181 2418 2250 ή
2447 2179 2704 2251 ἀλήθεια,
2744 2180 2890 2245 τίνος
2916 2177 3011 2235 οὖν
3045 2180 3231 2235 ἕνεκεν
3263 2180 3340 2252 μὴ
3369 2179 3703 2252 προσάπτεις
3725 2176 3798 2249 τῷ

2238 2269 2511 2341 ἀνθρώπῳ
2535 2270 2597 2325 τὸ
2623 2271 2795 2336 πάθος
2818 2287 2834 2338 ;

2128 2383 2233 2445 ΠΙ.

568 2480 722 2550 Αριιά
751 2477 1012 2552 Cyrillum
1046 2480 1197 2537 Alex.
1246 2480 1337 2537 lib.
1372 2480 1451 2537 De
1479 2491 1624 2539 recta
1656 2482 1785 2547 ιιιιε.
1819 2481 1961 2557 0p_p_._
1982 2493 2109 2557 to_m.
2134 2484 2198 2557 Υ,
2232 2496 2370 2553 part.
2402 2485 2469 2550 1ι.
2517 2486 2612 2557 sub
2645 2487 2740 2553 fin.
2772 2502 2894 2557 pag.
2926 2484 2997 2541 50
3056 2495 3103 2540 et
3152 2484 3342 2539 consil.
3390 2480 3589 2553 Ephes.
3621 2475 3805 2549 parti

1724 2564 1853 2607 tom.
1894 2554 1985 2619 ΙΙΙ,
2012 2553 2304 2611 Concilior.
2332 2573 2385 2623 p.
2423 2572 2495 2609 m.
2528 2555 2653 2611 685.

569 2639 918 2710 Amphilochii
948 2642 1177 2713 episcopi
1216 2640 1390 2698 Icoaii
1415 2659 1482 2697 ea:
1512 2642 1646 2697 libro
1675 2644 1751 2698 De
1783 2647 2134 2713 generatione

955 2711 1164 2789 Domini
1194 2714 1493 2768 secundum
1515 2729 1759 2767 carnem.

639 2800 856 2857 Veritas
888 2802 1107 2873 cognita
1151 2812 1271 2871 est,
1300 2805 1474 2873 gratia
1503 2805 1670 2867 venit,
1719 2805 1831 2859 vita
1862 2814 2136 2875 apparuit,

570 2894 662 2949 Dei
712 2890 971 2959 Verbum,
1032 2892 1233 2964 Deique
1278 2892 1447 2948 Filius
1480 2907 1703 2964 propter
1744 2910 1844 2951 nos
1880 2896 2138 2951 incarna-

572 2992 657 3037 tus
689 2993 811 3050 est,
840 2998 949 3053 quo
987 2983 1240 3038 nimirum
1287 2985 1545 3039 mortales
1577 2986 1644 3041 ad
1679 2987 1846 3041 vitam
1879 2997 2138 3042 aeternam

2252 2648 2640 2718 ’Δμωιλοχίου
2659 2648 2996 2702 ἐπισκόπου
3033 2646 3306 2708 Ἰκονίου,
3334 2645 3402 2699 ἐκ
3426 2643 3533 2699 τοῦ
3557 2644 3698 2714 Περι
3714 2642 3805 2713 τῆς

2677 2717 2819 2771 κατὰ
2853 2718 3028 2789 σάρκα
3061 2717 3387 2788 γεννήσεως.

2343 2810 2392 2863 Η
2447 2808 2677 2880 ἀλήθεια
2714 2807 2960 2878 ἐγνώσθη
2979 2848 2999 2873 ι
3025 2810 3057 2879 ή
3087 2807 3247 2878 χάρις
3295 2803 3426 2879 ἦλθε
3447 2845 3462 2869 ,
3493 2805 3596 2858 καὶ
3626 2805 3661 2875 ἡ
3701 2800 3807 2872 ζωὴ

2245 2901 2452 2971 ἐφάνη·
2487 2904 2516 2955 6
2542 2900 2638 2955 τοῦ
2674 2900 2810 2954 Θεοῦ
2840 2901 2968 2964 Υἱὸς
3004 2898 3103 2964 ὢν,
3132 2901 3161 2953 6
3189 2900 3254 2952 ὲκ
3286 2898 3419 2952 Θεοῦ
3451 2898 3649 2967 Λόγος,
3680 2897 3808 2968 σὰρξ

2247 2994 2467 3062 ἐγένετο
2492 2992 2560 3046 δι’
2595 2993 2764 3063 ἡμᾶς,
2799 2991 2888 3045 ἵνα
2914 2990 3140 3061 θνητοὺς
3167 2991 3247 3053 είς
3271 2989 3414 3060 ζωὴν
3444 2988 3665 3043 αἰώνιον
3689 2989 3810 3042 ἀνα-

572 3082 850 3125 revocaret
869 3078 925 3126 et
957 3085 988 3125 a
1017 3072 1248 3127 mortuis
1271 3073 1557 3128 excitaret.
1600 3072 1989 3129 Universorum
2021 3075 2142 3143 opi-
2169 3095 2170 3112 ι

2246 3085 2443 3155 στήσῃ,
2472 3083 2567 3136 καὶ
2597 3085 2663 3137 ὲκ
2687 3081 2796 3135 τῶν
2827 3080 3036 3150 νεκρῶν
3068 3080 3359 3154 άνεγείρῃο
3385 3082 3414 3134 6
3445 3081 3680 3150 ποιητὴς
3706 3077 3810 3131 τῶν

569 3161 684 3227 fex,
712 3161 805 3231 qui
829 3171 955 3217 ante
975 3177 1190 3218 omnem
1215 3173 1524 3219 creaturam
1552 3175 1658 3220 tam
1688 3165 1953 3221 visibilem
1980 3180 2140 3236 quam

572 3253 922 3317 invisibilem,
957 3254 1060 3308 soli
1085 3253 1232 3309 Patri
1262 3265 1317 3310 et
1349 3254 1580 3327 Spiritui
1621 3268 1813 3312 sancto
1842 3258 2142 3313 coexsiste—

571 3346 665 3400 hat
718 3346 1078 3414 immortalis;
1137 3363 1268 3403 ecce
1319 3349 1365 3404 is
1410 3357 1563 3403 extra
1623 3350 1789 3405 ullum
1834 3360 2140 3419 peccatum,

572 3432 844 3504 ullamque
868 3434 1166 3506 cuiuspiam
1191 3437 1425 3494 hominis
1456 3450 1550 3494 aut
1576 3439 1676 3494 viri
1712 3454 1957 3510 operam,
1985 3439 2142 3495 hodie

571 3522 729 3579 nobis
758 3537 823 3576 ex
853 3522 1076 3595 Virgine
1104 3526 1371 3581 nascitur.

2245 3173 2405 3237 ὅλων,
2430 3175 2459 3225 6
2488 3171 2595 3242 πρὸ
2620 3170 2803 3240 πάσης
2834 3168 3065 3232 κτίσεως
3092 3168 3303 3240 ὁρατῶν
3331 3185 3393 3221 τε
3419 3169 3514 3222 καὶ
3543 3168 3808 3239 ἀοράτων,

2251 3262 2399 3333 μόνῳ
2447 3261 2626 3332 Πατρὶ
2665 3261 2759 3313 καὶ
2791 3259 3068 3330 Πνεύματι
3113 3260 3471 3330 συνυπάρχων
3523 3258 3808 3322 ἀθάνατος,

2247 3354 2487 3424 σήμερον
2522 3352 2631 3404 ἰδοὺ
2663 3354 2728 3405 ὲκ
2754 3350 3029 3422 Παρθένου
3060 3348 3414 3420 γεννώμενος,
3446 3350 3617 3421 χωρὶς
3636 3350 3811 3414 πάσιπς

2246 3442 2542 3513 ἁμαρτίας,
2580 3440 2709 3496 ἄνευ
2744 3439 3055 3511 ἀνθρώπου,
3089 3440 3209 3510 ήτοι
3237 3438 3450 3510 ἀνδρός.

1170 3640 1256 3695 Ex
1292 3645 1513 3698 concilio
1550 3643 1811 3714 Ephesin
1836 3657 1979 3714 part.
2011 3646 2080 3711 ll,
2106 3661 2168 3699 ac

2242 3642 2295 3707 1,
2321 3652 2446 3695 tom.
2479 3637 2549 3692 llt
2574 3638 2869 3695 t.oncilior.
2904 3655 3026 3709 pag.
3059 3636 3208 3696 1065.

1155 3752 1287 3808 Item
1311 3771 1376 3809 ex
1423 3758 1648 3812 concilio
1685 3758 1931 3814 Chalced.
1961 3769 2102 3831 part.
2132 3757 2200 3825 ιι,
2232 3766 2337 3811 act.
2365 3753 2409 3820 1,
2444 3763 2576 3808 tom.
2604 3751 2672 3808 IV
2701 3751 2913 3807 Concil.
2943 3769 3064 3822 pag.
3088 3751 3249 3806 1145.

932 3861 1282 3932 Amphilochii
1320 3869 1546 3938 episc0pi
1582 3868 1775 3926 Iconii.

642 3949 910 4019 Quoniam
935 3954 1078 4008 enim
1116 3956 1255 4009 idem
1283 3958 1392 4011 lies
1432 3968 1489 4012 et
1516 3957 1656 4014 Deus
1682 3970 1788 4024 est,
1825 3969 1882 4015 et
1907 3971 2140 4017 mortem

572 4043 642 4098 ob
675 4042 942 4112 passionis
975 4043 1431 4113 dispensationem
1472 4050 1733 4119 gustavit.
1767 4067 1991 4106 munera
2028 4068 2146 4124 my-

574 4135 865 4189 steriorum
918 4145 1045 4192 sunt
1091 4138 1313 4194 indicia.
1355 4139 1598 4195 Oii‘erunt
1644 4144 1784 4213 magi
1826 4160 2015 4198 aurum
2052 4160 2146 4201 co.

572 4237 898 4298 gnoscentes
943 4228 1119 4299 ipsum
1164 4245 1286 4286 esse
1316 4248 1539 4303 regem;
1572 4232 1810 4288 oﬂerunt
1853 4234 2010 4299 thus,
2050 4250 2169 4301 no—p

573 4328 701 4374 runt
717 4319 861 4375 enim
885 4335 945 4376 se
967 4321 1077 4377 Deo
1102 4320 1332 4391 offerre;
1361 4323 1906 4397 oderuntmyrrham,
1929 4336 2149 4397 propter

572 4419 801 4466 mortem
832 4410 887 4466 in
920 4413 1180 4484 mysterio
1204 4414 1493 4482 passionis.

2505 3866 2888 3937 Ἀμφιλοχίου
2916 3865 3253 3919 ἐπισκόπου
3298 3863 3571 3919 Ἰκονίου.

2329 3957 2547 4028 Ἐπειδὴ
2567 3957 2679 4028 γάρ
2699 3956 2727 4008 6
2748 3956 2908 4018 αὐτὸς
2932 3955 3187 4026 βασιλεὺς
3213 3956 3308 4009 καὶ
3326 3952 3481 4020 Θεὸς,
3502 3956 3599 4009 καὶ
3618 3953 3820 4028 νεκρώ-

2249 4068 2388 4113 σεως
2416 4049 2505 4103 διὰ
2534 4051 2634 4119 τὴν
2661 4048 2754 4102 τοῦ
2784 4047 2989 4111 πάθους
3017 4049 3328 4118 οἰκονομίαν
3357 4048 3720 4119 γευσάμενος,
3751 4047 3822 4102 τά

2246 4141 2395 4214 δῶρα
2416 4140 2524 4193 τῶν
2553 4140 2869 4212 μυστηρίων
2889 4140 3036 4193 ἐστὶν
3066 4140 3383 4210 αἰνίγματα.
3407 4140 3818 4211 Προσφέρουσιν

2248 4233 2300 4285 οἱ
2348 4232 2513 4303 μάγοι
2539 4231 2783 4302 χρυσίον,
2813 4228 3171 4301 γνωρίζοντες
3198 4231 3360 4284 αὑτὸν
3395 4227 3536 4284 εἶναι
3573 4231 3820 4302 βασιλέα.

2251 4323 2631 4395 Προσφέρουσι
2661 4321 2876 4375 λίϐανον
2895 4338 2909 4352 ο
2942 4321 3062 4393 Θεῷ
3087 4323 3195 4393 γὰρ
3225 4321 3373 4375 ῐσασι
3396 4323 3819 4394 προσφέροντες.

2251 4415 2628 4487 Προσφέρουσι
2658 4414 2925 4485 σμύρναν,
2958 4414 3048 4469 διὰ
3073 4415 3171 4486 τὴν
3202 4416 3261 4469 ὲν
3289 4413 3369 4486 τῷ
3404 4416 3692 4487 μυστηρίῳ
3727 4413 3822 4469 τοῦ

2250 4507 2456 4571 πάθους
2483 4506 2770 4578 νέκρωσιν.

1372 4576 1377 4583 1
1407 4607 1490 4662 Ea:
1514 4609 1705 4664 concil.
1742 4610 1991 4666 Chalced.
2016 4618 2156 4682 part’.
2191 4611 2257 4679 ll,
2284 4624 2387 4669 act.
2429 4616 2455 4668 1
2504 4576 2629 4669 tam.
2656 4612 2748 4680 IV,
2778 4631 2831 4684 p.
2867 4584 3027 4670 1145.

1131 4697 1287 4759 Item.
1302 4714 1368 4754 ea:
1387 4701 1587 4757 eodem.
2036 4766 2043 4774 _

642 4783 758 4842 Nisi
799 4786 945 4841 enim
990 4787 1081 4842 ille
1127 4797 1290 4842 natus
1338 4789 1529 4844 luisset
1566 4793 1862 4845 secundum
1908 4807 2152 4859 carnem,

2177 4716 2225 4773 D

2739 4705 2981 4774 Ὁμοίως
3006 4705 3113 4760 τοῦ
3136 4704 3345 4762 αὐτοῦ.

2324 4792 2389 4845 Εἰ
2419 4792 2494 4864 μὴ
2521 4791 2628 4865 γὰρ
2660 4794 2868 4857 ἐκεῖνος
2893 4793 3155 4865 ἐγεννήθη
3190 4792 3488 4866 σαρκικῶς,
3518 4794 3620 4848 οὒκ
3649 4795 3719 4850 ἂν
3758 4796 3825 4850 σὺ

589 4893 699 4932 non
737 4876 1101 4933 renascereris
1132 4889 1186 4933 tu
1218 4881 1590 4949 spiritualiter.
1635 4883 1747 4936 Nisi
1790 4883 1878 4939 ille
1906 4884 2154 4951 dignatus

2252 4885 2617 4958 ἀνεγεννήθης
2638 4887 3044 4959 πνευματικῶς.
3071 4889 3134 4941 El
3153 4889 3211 4942 δὲ
3233 4888 3309 4960 μὴ
3335 4892 3542 4954 ἐκεῖνος
3564 4892 3827 4961 ἠνέσχετο

575 4966 768 5024 luisset
790 4968 1019 5023 formam
1052 4970 1197 5024 servi
1226 4972 1507 5040 suscipere
1527 5014 1544 5038 ,
1582 4987 1920 5042 nequaquam
1954 4985 2008 5029 tu
2036 4976 2151 5047 glo-

579 5060 711 5114 riam
732 5059 1037 5129 adoptionis
1070 5060 1310 5117 lucratus
1337 5077 1506 5118 esses.
1542 5062 1833 5133 Propterea
1862 5067 2006 5121 enim
2036 5081 2151 5122 cte-

575 5149 726 5207 lestis
769 5151 824 5205 in
873 5161 1071 5207 terram
1116 5153 1415 5208 descendit.
1466 5164 1526 5208 ιιι
1566 5163 1619 5209 ιιι
1646 5156 1737 5211 οιιί
1776 5156 1828 5210 in
1877 5167 2018 5212 terra
2048 5173 2146 5226 es,

645 5296 693 5329 ⁸³
719 5288 838 5352 Α’ρῑ.
870 5312 949 5362 ιι,
982 5295 1073 5351 Ξϐ.
1148 5296 1197 5328 ³⁴
1235 5294 1362 5352 ibid.
1395 5296 1486 5352 32.
1565 5298 1612 5331 ⁵⁵
1638 5295 1791 5353 Joan.
1821 5314 1858 5353 ιι
1932 5298 2019 5353 19.

647 5429 784 5503 (98‘)
810 5429 923 5503 {Kal
959 5431 1061 5503 ira
1092 5429 1178 5499 μὴ
1207 5446 1386 5503 paup.
1432 5429 1637 5503 Recitat
1659 5430 1802 5486 hunc
1843 5431 2015 5503 l_oc_utn
2045 5431 2146 5485 Fa-

576 5499 781 5555 cundus
809 5499 1206 5555 Hermianensis
1230 5502 1322 5555 lib.
1348 5516 1437 5569 ut,
1460 5515 1574 5567 cap.
1607 5502 1659 5562 5,
1694 5515 1813 5569 pag.
1846 5501 1966 5563 761,
1996 5517 2148 5554 eum-

578 5585 682 5637 que
711 5572 780 5623 ita
813 5569 1072 5623 redditum
1103 5570 1266 5624 refert
1291 5590 1304 5625 :
1338 5568 1402 5622 Et
1432 5581 1486 5622 ut
1514 5586 1617 5623 non
1638 5568 1846 5636 longum
1868 5574 2147 5623 extendam

579 5655 885 5703 sermonem,
918 5640 1133 5692 breviter
1165 5649 1212 5693 te
1244 5640 1470 5708 requiro.
1503 5639 1605 5703 Qui
1653 5649 1810 5708 natus
1845 5650 1919 5692 est
1953 5655 2016 5692 ea:
2042 5640 2147 5693 Deo

583 5718 700 5759 ante
729 5710 941 5773 sa’cula,
975 5724 1158 5776 passus
1190 5722 1286 5773 est,
1310 5707 1386 5762 an
1412 5709 1500 5777 qui
1529 5724 1593 5777 ea;
1638 5707 1812 5760 David
1853 5708 1909 5762 in
1950 5709 2149 5763 ultimis

582 5781 895 5845 temporibus
921 5787 1196 5848 generatus
1224 5793 1298 5835 est
1339 5778 1533 5833 Iesus?
1559 5776 1618 5833 Si
1658 5776 1866 5833 cuidem
1902 5777 2149 5835 divinitas

2250 4978 2352 5048 τῆς
2386 4979 2482 5032 τοῦ
2512 4979 2698 5033 δούλου
2748 4979 3000 5051 μορφῆς,
3042 4980 3142 5034 οὐκ
3174 4979 3240 5034 ἂν
3273 4981 3339 5033 σὺ
3388 4981 3487 5052 τὴν
3520 4983 3680 5049 δόξαν
3726 4983 3829 5055 τῆς

2250 5070 2523 5134 υἱοθεσίας
2557 5071 2874 5143 ὲκέρδανας.
2905 5071 3004 5124 Διά
3046 5070 3203 5125 τοῦτο
3240 5071 3350 5143 γάρ
3396 5073 3491 5127 ἐπὶ
3528 5073 3630 5144 τῆς
3664 5074 3774 5144 γῆς
3798 5077 3829 5129 6

2251 5161 2605 5234 ἐπουράνιος,
2636 5163 2723 5216 ἵνα
2752 5164 2815 5217 σὺ
2846 5164 2876 5215 6
2908 5163 3001 5217 ἐπὶ
3032 5163 3136 5235 γῆς
3173 5165 3254 5228 εἰς
3290 5163 3517 5235 οὐρανὸν
3556 5165 3825 5237 άναχθῇς.

2243 5448 2400 5502 passa
2424 5443 2521 5495 est,
2546 5433 2730 5488 dixisti
2760 5434 3136 5502 blasphemiam
3166 5450 3185 5488 :
3221 5436 3267 5489 si
3292 5446 3463 5491 autem
3491 5438 3666 5501 homo,
3688 5443 3829 5495 sicut

2244 5503 2436 5574 veritas
2460 5503 2632 5567 habet,
2655 5521 2818 5573 quare
2850 5522 2952 5558 non
2986 5509 3219 5574 applicas
3261 5508 3458 5560 homini
3500 5507 3827 5574 passionem,

2245 5582 2335 5625 aut
2358 5572 2581 5626 humilia
2613 5572 2715 5626 nan
2745 5577 2953 5628 consuis
2987 5572 3183 5630 verba?
3218 5578 3343 5631 Haec
3377 5572 3685 5630 Facundus.
3725 5579 3829 5635 P0-

2247 5652 2445 5717 §_trema
2496 5645 2676 5697 omisit
2711 5643 3088 5703 Theodoritus.
3142 5646 3348 5703 Videsis
3400 5660 3522 5717 qua:
3570 5644 3714 5705 infra
3761 5652 3827 5710 ad

2247 5710 2461 5783 Fragm.
2491 5731 2544 5770 ιι
2576 5719 2920 5775 adnotantur.
