4092 6422
225 396 310 457 ιιι
1476 420 1889 477 5ΕΝΤΕΝΤΙΔΞ

2011 424 2017 438 '
2056 420 2448 477 EXCERPTA.

3482 421 3588 477 illi

251 520 338 577 Διὰ
353 522 523 579 τοῖιτο
538 527 817 601 Χριστὸς
837 535 1074 591 ἑαυτὸν
1100 536 1387 598 ἐκένωσεν,
1413 537 1499 589 ἵνα
1522 538 1685 607 ἡμεῖς
1707 536 1905 600 πάντες

2012 538 2065 591 in
2101 535 2298 591 ctelum
2324 532 2625 589 extollaris.
2667 531 2795 588 Ideo
2821 530 3071 587 Christus
3112 540 3458 601 semetipsum
3488 548 3556 587 ex

265 620 327 673 ὶιι
344 618 437 673 τοῦ
467 617 882 693 πληρώματος
915 628 1111 682 αὐτοῦ
1138 628 1406 699 λάϐοιμεν.
1447 628 1688 680 Ἐκεῖνον
1722 623 1931 682 θανόν-’

200 764 213 779 .
285 727 370 774 τας
410 708 609 779 τέγονέ
659 728 753 764 σοι
798 714 1137 770 ἀθανασία.
1194 717 1265 769 Τὸ
1292 716 1383 769 τοῦ
1422 715 1692 769 Δεσπότου
1737 716 1908 780 πάθος

302 805 480 874 γέγονε
528 802 623 857 τοῦ
673 804 882 858 δούλου
944 808 1188 879 ὕψωμα.
1230 808 1298 860 Σὺ
1341 807 1399 861 δὲ
1448 806 1547 878 τὴν
1585 802 1907 879 εὐεργεσίαν

312 898 592 969 inuitam;
630 895 1013 969 βλασφημίας
1044 900 1279 969 ἐφόδιον.

2014 628 2271 689 inauivit,
2311 636 2370 681 ut
2402 641 2500 680 nos
2518 640 2707 679 omnes
2727 625 2795 679 de
2824 623 3156 694 plenitudine
3181 621 3297 691 eius
3320 625 3592 695 accipere-

2012 734 2154 772 mus.
2190 717 2334 771 Illius
2366 733 2512 772 mors
2546 716 2688 770 facta
2723 724 2807 771 est
2840 716 2935 771 tibi
2975 715 3375 780 immortalitas,
3411 717 3591 785 passio

2011 807 2223 863 Domini
2254 808 2395 862 facta
2430 816 2515 862 est
2549 822 2708 862 servo
2742 806 3019 861 exaltatio.
3059 805 3142 861 Tu
3172 816 3354 864 autem
3383 808 3590 866 benefi-

2012 902 2155 955 cium
2183 900 2352 956 vertis
2370 899 2425 955 in
2450 900 2793 956 occasionem
2832 898 3209 970 blasphemiae.

1908 1010 2011 1071 IV.

1414 1108 1494 1162 Ea:
1518 1108 1810 1164 Elementis
1831 1110 2149 1165 Damascem’
2169 1109 2532 1180 ,Rupefucald.

343 1204 453 1260 Τοῦ
467 1203 758 1278 μακαρίῳ*
788 1205 1185 1278 Ἀμφιλοχίοη
1204 1220 1217 1233 ·
1234 1204 1307 1278 ea
1324 1204 1451 1278 τοῦ,
1470 1207 1567 1278 Δεἰς
1589 1204 1676 1270 τὸ,
1700 1203 1903 1278 Κύριος

687 1273 876 1327 ἔκτισε
910 1291 978 1344 με
999 1290 1010 1303 ·
1045 1275 1225 1343 ἀρχὴ,
1262 1276 1319 1326 '0
1349 1274 1390 1327 δ’
1424 1274 1597 1343 λόγος.

404 1366 475 1417 Τὸ
503 1367 732 1436 ἄχρονον
774 1366 1058 1419 ἄκτιστον·
1086 1364 1148 1418 τὸ
1179 1365 1236 1418 δὲ
1266 1365 1519 1418 ἄκτιστον
1546 1368 1808 1436 ἄναρχον·
1843 1364 1906 1417 τὸ

321 1458 380 1511 δὲ
413 1460 646 1529 Ξναρχον
688 1459 860 1511 ἀΐδιον
881 1476 895 1489 ο
929 1457 1093 1521 ἀΐδιος
1120 1458 1175 1511 δὲ
1220 1457 1375 1529 μόνος
1401 1460 1429 1510 ὁ
1457 1456 1608 1521 Θεός.
1644 1457 1751 1511 Καὶ
1775 1455 1906 1526 μεθ’

315 1551 530 1619 ἔτερα·
568 1547 640 1603 Ἦ
668 1549 844 1621 me;
875 1551 983 1622 (99)
1016 1550 1149 1618 ἁγία
1182 1551 1241 1602 ὲν
1280 1548 1362 1602 ἑνὶ
1395 1549 1620 1619 ὀνόματι
1653 1547 1912 1620 ἀριθμου-

315 1642 489 1711 μένη·
530 1642 594 1693 οὐ
636 1641 749 1711 γὰρ
785 1640 1002 1709 λέγεται
1046 1639 1212 1711 μονὰς
1253 1640 1346 1692 καὶ
1382 1639 1540 1705 δυὰς,
1572 1639 1694 1693 οὐδὲ
1739 1638 1905 1710 μονὰς

311 1733 418 1784 καὶ
470 1731 679 1801 μονάς’
717 1731 856 1785 ἀλλὰ
902 1732 1071 1803 Τριὰς
1116 1732 1173 1784 ἐν
1214 1730 1451 1795 Μονάδι,
1490 1730 1585 1785 καὶ
1624 1731 1808 1796 Μονὰς
1847 1733 1906 1786 ὲν

2004 1202 2155 1259 Beati
2198 1204 2585 1271 Amphilochii,
2631 1221 2697 1260 ea:
2730 1216 2964 1262 tractatu
3013 1210 3069 1263 in
3114 1209 3282 1272 illud,
3333 1210 3592 1267 Dominus

2227 1275 2435 1328 creavit
2464 1291 2549 1330 me
2578 1276 2647 1329 ⁸⁸.
2668 1275 2862 1343 Incipit
2892 1292 2912 1331 .'
2944 1278 3148 1346 Quarta
3166 1282 3324 1334 ratio.

2077 1362 2231 1431 Quod
2260 1365 2379 1420 sine
2420 1374 2660 1435 tempore
2704 1379 2760 1423 et
2785 1370 2853 1424 ab
2879 1380 3083 1424 αξιοι-ιιι)
3114 1379 3200 1425 est
3222 1409 3238 1435 ,
3280 1369 3586 1425 iucreatum

2008 1466 2127 1522 est;
2158 1457 2300 1525 quod
2326 1466 2506 1513 autem
2532 1466 2617 1512 est
2644 1459 2966 1529 increatum,
2995 1462 3159 1516 etiam
3184 1471 3269 1516 est
3293 1470 3585 1526 a-teruum;

2008 1545 2154 1603 Deus
2185 1558 2365 1603 autem
2389 1549 2537 1604 solus
2565 1559 2803 1607 aeternus
2831 1562 2938 1609 est.
2973 1553 3045 1606 Et
3078 1561 3193 1620 post
3217 1553 3327 1606 alia
3356 1567 3375 1606 :
3404 1552 3448 1608 Ο
3476 1551 3593 1606 Tri-

2010 1639 2154 1694 nitas
2187 1639 2241 1692 in
2277 1653 2384 1693 uno
2428 1642 2701 1696 accensita
2744 1645 2981 1697 nomine.
3030 1642 3167 1698 Nam
3216 1659 3321 1699 non
3371 1644 3589 1711 dicitur,

2011 1733 2195 1787 unitas
2220 1742 2277 1789 et
2298 1730 2572 1799 binarius;
2607 1750 2781 1804 neque
2807 1735 2986 1791 unitas
3014 1744 3069 1791 et
3093 1736 3302 1804 unitas;
3339 1739 3432 1792 sed
3465 1735 3589 1791 Tri-

310 1821 519 1894 Tpsc'mﬁt
542 1839 560 1852 ο
590 1821 886 1892 μονοειδῶς
913 1821 986 1891 (Ι)
1023 1820 1373 1892 μονωνύμως.
1407 1815 1503 1885 Εἷς
1529 1820 1682 1884 Θεὸς,
1715 1821 1906 1894 Πατὴρ

2011 1824 2154 1878 nitas
2179 1824 2235 1878 in
2277 1821 2533 1891 Uuitate;
2568 1834 2623 1881 et
2660 1824 2852 1882 Unitas
2887 1828 2939 1882 in
2974 1826 3277 1893 Trinitate;
3305 1830 3592 1882 uniformi-

310 1914 375 1965 ἑν
415 1912 559 1984 Υἱῷ,
592 1914 724 1977 Υἱὸς
756 1914 816 1967 ἐν
840 1914 1015 1986 Πατρῖ.
1036 1914 1131 1967 σὺν
1153 1914 1291 1985 ἁγίῳ
1310 1913 1700 1986 Πνεύματιβ).
1717 1914 1905 1986 Ἡμεῖς

309 2004 550 2074 οἴδαμεν
578 2005 830 2076 Πατέρα,
852 2006 1092 2077 Πατέρα·
1118 2005 1267 2072 Υίὺν,
1294 2005 1442 2059 Υίόν·
1475 2006 1629 2074 ἅγιον
1648 2005 1900 2083 ῌνεῦμα,

311 2095 479 2164 ἅγιον
518 2096 785 2167 Πνεῦμα·
826 2096 1027 2166 Τριὰὃα
1070 2096 1279 2168 ὲνότητι
1299 2113 1312 2127 ·
1343 2097 1443 2169 μία
1469 2096 1580 2169 γάρ
1610 2100 1756 2151 ἐστιν
1789 2098 1905 2151 ὲνό-

312 2204 421 2258 της
462 2186 705 2257 Πατρὸς,
757 2187 853 2239 καὶ
887 2186 1046 2253 Υίοῦ,
1092 2187 1187 2241 καὶ
1211 2188 1369 2255 ἁγίου
1414 2188 1765 2259 Πνεύματοςο
1805 2189 1905 2260 μία

314 2280 503 2345 οὐσία,
537 2281 644 2351 μία
683 2280 964 2351 κυριότης,
1009 2279 1066 2334 ἓν
1093 2280 1335 2353 θέλημα·
1373 2280 1473 2352 μία
1496 2281 1811 2353 Ἐκκλησία,
1846 2281 1905 2337 ἓν

319 2369 642 2441 βίπτισμα,
677 2370 780 2441 μία
811 2370 1015 2434 πίστις.

2010 1924 2112 1982 ter,
2147 1930 2258 1971 uno
2288 1917 2529 1971 nomine.
2570 1915 2721 1972 Unus
2744 1918 2885 1974 Deus
2906 1960 2921 1985 ,
2958 1918 3125 1974 Pater
3155 1920 3212 1974 in
3239 1919 3398 1984 Filio,
3423 1921 3592 1975 Filius

2008 2006 2065 2061 in
2103 2005 2265 2063 Patre
2297 2021 2420 2061 cum
2459 2017 2647 2064 sancto
2678 2007 2904 2080 Spiritu.
2932 2007 3146 2065 Scimus
3170 2010 3270 2081 ipsi
3294 2050 3309 2076 ,
3341 2011 3588 2074 Patrem,

2008 2097 2264 2162 Patrem;
2303 2096 2525 2166 Filium,
2556 2098 2786 2166 Filium;
2813 2100 3074 2170 Spiritum
3108 2112 3378 2165 sanctum,
3415 2101 3592 2173 Spiri-

2011 2196 2123 2243 tum
2168 2201 2412 2244 sanctum
2449 2207 2463 2245 :
2500 2190 2817 2246 Trinitatem
2860 2193 3085 2248 unitate.
3136 2192 3257 2250 Una
3302 2195 3447 2248 enim
3501 2205 3586 2249 est

2010 2281 2190 2334 unitas
2213 2279 2392 2334 Patris
2420 2289 2476 2335 et
2520 2280 2641 2335 Filii
2676 2291 2731 2337 et
2773 2281 3010 2351 Spiritus
3051 2283 3267 2351 sancti,
3308 2298 3413 2338 una
3457 2284 3587 2339 sub-

2011 2372 2240 2437 stantia,
2268 2388 2372 2426 una
2398 2372 2716 2441 dominatio,
2745 2389 2852 2428 una
2886 2374 3155 2435 voluntas.
3183 2391 3288 2432 una
3322 2376 3588 2432 Ecclesia.

2007 2476 2173 2514 unum
2212 2461 2501 2531 baptisma,
2529 2476 2635 2515 una
2674 2462 2828 2520 fides.

1204 2575 1291 2630 Ea:
1317 2578 1489 2633 sacris
1521 2576 1799 2635 Parallelis
1828 2574 2159 2641 Damasceni,
2191 2583 2317 2628 tam.
2347 2572 2410 2640 ll,
2439 2591 2563 2646 pag.
2584 2573 2710 2629 299.

951 2695 1062 2750 Τοῦ
1093 2696 1298 2751 αὑτοῦ.

396 2788 520 2840 Μία
543 2786 675 2852 δόξα
703 2786 916 2857 Πατρὸς
942 2789 1035 2840 καὶ
1064 2787 1192 2840 Υίοῦ
1233 2788 1327 2840 καὶ
1368 2787 1524 2856 ἁγίου
1559 2788 1902 2859 Πνεύματος.

328 2872 464 2939 Τὴν
493 2873 689 2937 δόξαν
720 2875 828 2944 γάρ
855 2892 1005 2943 μου,
1055 2877 1246 2947 φησὶν,
1280 2875 1458 2945 ἑτέρῳ
1490 2878 1563 2931 οὐ
1595 2876 1785 2932 δώσω.
1831 2878 1908 2931 Οὐ

319 2963 445 3036 γάρ
480 2967 603 3017 ἐστι
630 2965 882 3038 δεύτερος
910 2966 1040 3031 Θεὸς
1066 2969 1094 3021 ὁ
1122 2969 1267 3031 Υἱὸς,
1293 2968 1428 3021 ἀλλὰ
1460 2970 1631 3037 Λόγος
1668 2970 1763 3024 τοῦ
1790 2971 1909 3035 ἐνὸς

321 3060 423 3110 καὶ
463 3059 635 3128 μόνον
676 3059 810 3112 Θεοῦ
829 3099 845 3123 ,
882 3060 1296 3131 θεολογούμενος
1331 3063 1391 3115 ὲν
1440 3064 1616 3136 Harp}.
1636 3108 1650 3129 ,
1693 3063 1768 3127 ὡς
1813 3062 1909 3117 καὶ

324 3150 525 3221 Πατὴρ
545 3152 607 3202 ὲν
638 3149 752 3220 Υἱῷ
772 3151 1115 3219 Θεολογείται.
1143 3152 1338 3217 Καθὼς
1362 3154 1455 3206 καὶ
1489 3154 1714 3217 Ἡσαΐας
1737 3153 1905 3223 λέγει,

326 3237 604 3306 θεώογῶν
622 3240 747 3291 Υἱὸν
767 3242 861 3293 σὺν
884 3240 1053 3311 Πατρί
1072 3258 1084 3269 ·
1110 3242 1620 3310 Προσκυνήσσυσί
1662 3259 1785 3307 σοι,
1807 3244 1907 3298 καὶ

332 3332 404 3384 ἐν
459 3334 559 3386 σει
611 3332 1070 3401 προσεύξσνταιο
1122 3334 1209 3387 ὅτι
1264 3335 1335 3388 ἐν
1385 3335 1484 3388 σοὶ
1532 3339 1565 3389 ό
1613 3338 1757 3402 Θεὸς
1802 3336 1908 3391 τοῦ

347 3423 595 3491 Ἰσραὴλ
615 3466 630 3487 ,
664 3423 885 3492 Σωτήρ.
923 3425 1444 3495 Αἰσχυνθήσονται
1484 3427 1583 3480 καὶ
1612 3427 1906 3498 ἐντραπή-

334 3531 548 3569 σονται
576 3516 802 3582 πάντες
827 3518 875 3569 οἱ
908 3517 1270 3587 ἀντικείμενοι
1310 3517 1481 3588 αὐτῷ.
1508 3521 1556 3572 οί
1599 3520 1673 3592 μὴ
1715 3520 1906 3590 ὁμολο-

335 3606 559 3671 γοῦντες
593 3607 773 3677 αὐτῷ,
808 3607 900 3659 καὶ
927 3606 986 3660 τὸ
1029 3606 1248 3678 Πνεῦμα
1279 3609 1443 3661 αὑτοῦ
1464 3649 1479 3669 ,
1505 3609 1606 3679 τῆς
1635 3610 1807 3681 αὐτῆς
1829 3608 1907 3681 τῷ

338 3696 455 3768 Υἱῷ
480 3699 691 3765 οὐσίας,
720 3700 813 3752 καὶ
843 3698 980 3771 πλὴν
1008 3699 1171 3752 αὐτοῦ
1353 3697 1490 3755 εἶναι
1515 3702 1667 3755 Θεόν.

406 3791 519 3843 Οὐκ
550 3790 701 3844 ἔστιν
732 3791 903 3845 οὕτω·
935 3792 1011 3863 μὴ
1050 3792 1290 3859 γένοιτοῑ
1320 3793 1584 3846 οὐκέστι
1613 3793 1843 3865 γεννητὴ
1870 3794 1903 3864 ἡ

333 3883 537 3954 Τριὰς,
593 3883 711 3935 ἀλλ’
744 3882 941 3947 ἀϊδιος’
975 3883 1068 3937 xa‘t
1115 3884 1211 3955 μία
1248 3884 1436 3956 θεότης
1461 3887 1519 3938 ὲν
1558 3886 1777 3957 Τριάδι,
1811 3886 1906 3940 καὶ

334 3976 435 4045 μία
463 3974 591 4037 ὤεα
617 3974 720 4044 τῆς
750 3974 913 4043 ἁγίας
956 3974 1203 4046 Τριὰδος.
1239 3976 1348 4027 Καὶ
1390 3974 1595 4046 σχίζειν
1626 3975 1795 4046 αὐτὴν
1824 3977 1905 4040 ε-ίς

329 4065 624 4136 διαφόρους
654 4063 849 4135 φύσεις
881 4064 962 4118 to‘
980 4066 1149 4137 pars;
1180 4066 1342 4136 Μόνῳ
1369 4065 1486 4136 Θεῷ
1525 4066 1782 4138 ἁρμόττει
1819 4065 1906 4120 λέ-

328 4172 453 4224 γειν
492 4156 554 4209 τὸ
589 4156 757 4227 ἐμόν.
798 4155 980 4210 Αὐτοῦ
1026 4155 1136 4227 γὰρ
1177 4156 1336 4227 μόνου
1379 4155 1544 4221 ὅντως
1587 4157 1770 4228 κτῆμα
1836 4157 1906 4210 τὰ

332 4244 531 4301 πάντα.

1920 4365 1995 4426 V.

2673 2689 2940 2761 Ejusdem.

2093 2783 2204 2839 Una
2237 2792 2324 2839 est
2363 2783 2531 2853 gloria
2557 2781 2737 2839 Patris
2771 2794 2827 2838 et
2864 2784 2987 2838 Filii
3023 2793 3077 2838 et
3119 2782 3357 2855 Spiritus
3395 2785 3591 2839 sancti.

2016 2872 2252 2929 Gloriam
2281 2875 2423 2929 enim
2456 2891 2646 2943 meum,
2675 2875 2881 2946 inquit,
2907 2876 3059 2930 alteri
3092 2893 3195 2930 non
3224 2879 3359 2929 dabo
3373 2876 3441 2930 ".
3478 2875 3592 2931 Non

2014 2966 2158 3020 enim
2190 2966 2457 3021 secundus
2491 2967 2630 3021 Deus
2665 2977 2749 3035 est
2784 2966 2957 3023 Filius
2978 3008 2994 3033 ,
3027 2967 3123 3022 sed
3167 2966 3398 3022 Verbum
3432 2971 3594 3025 unius

2015 3064 2070 3110 et
2098 3057 2267 3111 solius
2311 3057 2439 3124 Dei,
2488 3056 2581 3127 qui
2623 3058 2677 3110 in
2716 3057 2877 3112 Patre
2912 3058 3054 3113 Deus
3095 3073 3216 3113 esse
3245 3059 3591 3129 pra-dicatur,

2010 3150 2466 3220 quemadmodum
2500 3160 2557 3205 et
2594 3148 2755 3204 Pater
2778 3151 2829 3203 in
2857 3149 3014 3205 Filio.
3043 3151 3203 3206 Velut
3233 3153 3397 3205 etiam
3424 3151 3594 3209 Isaias

2010 3243 2086 3296 ait
2117 3281 2132 3305 ,
2164 3242 2291 3296 dum
2323 3241 2515 3295 Filium
2546 3257 2650 3294 una
2690 3257 2811 3296 cum
2846 3242 3007 3295 Patre
3034 3242 3354 3310 proﬁtetur:
3386 3243 3594 3301 Δάοι-α-

2009 3333 2133 3387 bunt
2159 3342 2227 3396 te,
2264 3342 2311 3386 et
2339 3334 2391 3385 in
2418 3344 2466 3385 te
2492 3336 2715 3387 orabunt
2742 3349 2761 3386 :
2795 3335 3041 3402 quoniam
3066 3334 3122 3386 in
3157 3343 3205 3387 te
3234 3333 3372 3389 Deus
3397 3333 3591 3395 Israel,

2009 3422 2274 3479 Salvator.
2313 3422 2720 3492 Confundentur
2756 3434 2803 3478 et
2844 3424 3140 3478 erubescent
3180 3441 3358 3480 omnes
3391 3426 3459 3489 ⁸⁸,
3499 3427 3591 3492 qui

2007 3517 2109 3584 ipsi
2150 3518 2534 3582 adversantur,
2570 3532 2671 3572 nec
2703 3517 2877 3585 ipsum
2911 3517 3258 3585 conﬁtentur,
3291 3533 3388 3573 nec
3417 3518 3592 3589 Spiri~

2016 3619 2127 3662 tum
2160 3609 2326 3678 ipsius
2346 3598 2584 3676 ejusdem
2614 3624 2677 3663 ac
2701 3608 2870 3664 Filius
2899 3611 3151 3665 essentia
3174 3625 3297 3667 esse
3314 3651 3332 3680 ,
3367 3627 3430 3667 ac
3455 3627 3594 3682 pra:-

2017 3708 2097 3752 Ier
2119 3715 2264 3762 eum,
2300 3699 2464 3753 alium
2492 3699 2660 3754 Deum
2686 3715 2825 3755 esse.

2083 3789 2432 3861 Nequaquam
2460 3791 2529 3844 ita
2557 3800 2641 3847 est
2671 3805 2687 3845 :
2717 3791 2888 3846 absit!
2918 3791 3032 3848 Non
3060 3801 3145 3847 est
3173 3800 3453 3861 procreata
3481 3791 3599 3847 Tri-

2012 3884 2178 3948 nitas,
2209 3885 2301 3938 sed
2326 3883 2655 3952 sempiterna
2678 3900 2691 3949 ;
2717 3893 2773 3939 et
2796 3900 2901 3938 una
2927 3895 3009 3940 est
3035 3885 3088 3938 in
3117 3882 3383 3939 Trinitale
3408 3886 3586 3940 deitas

2011 3983 2066 4030 et
2092 3992 2194 4031 una
2241 3986 2446 4032 sanctae
2470 3974 2757 4032 Trinitatis
2795 3977 2984 4048 gloria.
3026 3977 3091 4031 Et
3126 3992 3223 4032 vos
3250 3992 3316 4032 eo
3351 3977 3594 4031 audaciae

2011 4068 2364 4135 prorumpitis
2384 4107 2399 4131 ,
2437 4078 2496 4122 ut
2526 4084 2643 4123 eam
2673 4069 2726 4121 in
2758 4069 3003 4124 diversas
3030 4078 3256 4122 naturas
3286 4066 3596 4124 scindatis?

2013 4158 2117 4215 Uni
2140 4160 2250 4214 Deo
2277 4177 2446 4215 meum
2476 4160 2656 4217 dicere
2685 4160 2971 4227 convenit;
3000 4174 3125 4216 nam
3157 4158 3275 4228 ipse
3300 4157 3448 4216 solus
3476 4174 3597 4215 om-

2013 4251 2101 4305 nia
2131 4265 2255 4306 vere
2278 4251 2538 4320 possidet.

1442 4462 1530 4519 Ea:
1555 4464 1853 4522 Elementis
1877 4465 2198 4521 Damasceni
2237 4463 2501 4537 Rupefuc.

694 4580 806 4636 Τοῦ
835 4581 1018 4637 αὐτοῦ
1055 4584 1135 4647 είς
1164 4583 1261 4643 τεὸν
1302 4584 1549 4639 Ἡσαΐαν.

410 4674 474 4728 '0
525 4672 631 4727 ἐπὶ
657 4671 898 4727 πάντων
918 4673 1058 4740 Θεὸς
1093 4675 1194 4728 οὐκ
1231 4676 1452 4742 ἀπαξιοῖ
1485 4675 1802 4729 διακύπτειν
1839 4676 1905 4728 ὲκ

334 4766 425 4819 τοῦ
462 4764 736 4837 οὐρανοῦ·
787 4765 911 4819 οὐδὲ
948 4767 1003 4819 αἱ
1041 4766 1411 4838 λειτουργικαὶ
1448 4767 1748 4839 δυνάμεις,
1802 4767 1904 4840 τὴν

335 4858 619 4912 διακονίαν
669 4857 810 4930 ὑπὲρ
841 4858 1157 4929 εὐεργεσίας
1189 4859 1300 4914 τῶν
1330 4857 1632 4932 ἀνθρώπων
1675 4858 1907 4932 ἀρνοῦν-

340 4963 447 5001 ται.

1935 4597 1982 4652 D

2499 4580 2758 4652 Ejusdem
2788 4581 2842 4635 in
2879 4581 3089 4635 Isaiam.

2083 4673 2185 4741 Qui
2220 4681 2298 4728 est
2328 4689 2485 4743 super
2532 4674 2708 4727 omnia
2740 4672 2889 4727 Deus
2921 4672 2990 4737 ⁵⁸,
3020 4686 3124 4727 ιιοιι
3167 4670 3488 4741 dedignatur
3525 4674 3593 4727 de

2012 4769 2153 4828 coelo
2184 4768 2237 4821 in
2284 4776 2481 4821 terram
2516 4766 2792 4835 aspicere;
2846 4778 3021 4834 neque
3073 4766 3302 4820 virtutes
3342 4764 3445 4820 illae
3488 4766 3588 4821 ad-

2013 4859 2423 4915 ministratorite
2468 4858 2791 4928 obsequium
2823 4867 3027 4929 negant
3059 4856 3128 4926 ‘°,
3154 4858 3224 4914 ad
3263 4857 3593 4914 beneficium

2012 4948 2315 5005 hominum.

408 5121 625 5178 “Prov.
663 5106 782 5190 im,
801 5122 894 5179 ει.
967 5124 1013 5156 ιτ
1043 5121 1149 5180 lsa.
1187 5124 1394 5194 x1.u,8.
1467 5124 1517 5159 ιι
1539 5126 1647 5183 lsa.
1675 5140 1801 5189 ην,
1820 5122 1906 5178 u—

2082 5120 2127 5152 "
2158 5119 2316 5177 Rom.
2345 5136 2432 5187 ιι,
2463 5141 2518 5175 ο.
2593 5119 2640 5151 ⁸⁸
2665 5118 2828 5176 llebr.
2862 5134 2921 5186 ι,
2959 5121 3046 5177 ﬂ.

414 5298 514 5369 (99)
545 5294 616 5370 ,Ὦ
654 5299 850 5370 Τριὰς,
878 5318 935 5354 κ.
974 5316 1025 5354 τ.
1053 5298 1103 5354 λ.
1135 5298 1257 5355 Haec
1275 5299 1403 5355 item
1430 5303 1716 5358 exstantia
1747 5302 1907 5357 editis

345 5373 495 5424 ueris
524 5369 808 5426 Paulle/is
855 5370 1277 5442 Damascenicis,
1313 5379 1460 5442 tom.
1505 5370 1567 5436 ll,
1613 5388 1734 5442 pag.
1775 5370 1901 5439 299,

346 5443 427 5492 ubi
466 5443 635 5497 minus
669 5454 820 5499 recte
863 5441 1211 5496 doctissimus
1261 5440 1436 5494 editor
1478 5440 1665 5496 scribit
1687 5440 1900 5498 'eadem

341 5510 436 5577 legi
458 5514 598 5583 apud
630 5511 995 5583 Epiphaniam
1043 5508 1371 5583 Amorgi;
1396 5526 1469 5583 _x.
1494 5510 1778 5583 iCteterum
1816 5512 1902 5565 hic

338 5575 464 5652 apud
489 5575 833 5638 Damascfita
864 5583 1100 5651 legimus
1133 5596 1146 5632 :
1178 5575 1246 5652 Ὦ
1271 5575 1904 5652 ⁸Τριᾶῑςνιίιγίαᾼόιριθμου-

341 5649 480 5722 μένῃ.
509 5654 671 5726 Τριᾶς
694 5656 753 5709 ἐν
779 5653 862 5708 ἑνὶ
897 5648 1148 5726 (Rapaci
1171 5648 1565 5726 ᾁριθμζουμένη.
1595 5650 1638 5705 0
1672 5648 1903 5726 Trinitas

337 5719 493 5776 sancta
524 5719 656 5796 q'uw’
689 5719 1057 5784 numeraris;
1107 5719 1332 5774 Trinitas
1390 5719 1492 5775 uno
1531 5719 1760 5775 nomine
1806 5738 1905 5775 nu-

335 5805 517 5849 Μίνωα.

379 5869 445 5942 μ)
478 5873 627 5927 Mor.
661 5868 721 5926 In
755 5866 917 5923 edito
952 5861 1206 5916 Damasc.
1251 5858 1401 5915 locus
1444 5860 1523 5917 sic
1575 5860 1906 5932 interpungi-

2009 5308 2098 5355 tur
2122 5315 2136 5353 :
2156 5294 2460 5370 povostao'i;
2485 5294 2820 5370 μονωνύμως
2843 5290 2924 5359 εἷς
2950 5296 3103 5360 Θεός.
3130 5298 3269 5353 Πατ.
3294 5297 3446 5366 Quod
3479 5316 3595 5353 ma-

2044 5371 2090 5425 is
2118 5367 2310 5436 placet.
2348 5367 2521 5422 Aliter
2574 5377 2753 5422 tamen
2808 5367 3098 5437 interpres,
3158 5370 3252 5438 qui
3300 5379 3357 5425 et
3416 5386 3591 5427 JOl'elll

2032 5439 2147 5493 )eus
2173 5437 2375 5492 omisit.

2078 5506 2319 5581 (2)__).‘i2r
2345 5505 2862 5581 dr(9i__ﬂrei}yart._
2878 5508 2977 5581 Hic
3005 5507 3205 5581 desinit
3231 5507 3591 5581 fragmentum

2007 5576 2145 5649 apud
2163 5576 2431 5649 Damasc.,
2464 5576 2714 5649 aliullque
2726 5578 3012 5649 subjicitur
3036 5579 3179 5649 quod
3197 5576 3592 5649 ejusdemgAm-

2009 5645 2266 5719 philocbii
2293 5660 2444 5719 esse,
2454 5661 2520 5699 ex
2560 5645 2913 5719 Bnpel‘ucald.
2947 5645 3270 5719 exetuplaris
3295 5647 3595 5719 inscriptio-

2011 5714 2101 5782 ne,
2134 5727 2287 5786 putat
2318 5717 2387 5770 cl.
2423 5714 2683 5783 Lequien.
2715 5718 2805 5770 Sic
2830 5728 3008 5769 autem
3045 5716 3232 5786 incipit
3261 5734 3276 5770 :
3314 5715 3427 5769 Μία
3442 5715 3590 5783 δόξα,

2010 5806 2066 5842 κ.
2090 5785 2143 5842 τέ
2169 5786 2244 5849 λ.,
2278 5796 2337 5839 ιιι
2366 5794 2649 5853 propterea
2683 5787 2809 5841 illud
2856 5786 3013 5840 alteri
3056 5785 3453 5843 Combelisiauo
3491 5788 3591 5842 ad-

2012 5858 2243 5916 dendum
2264 5855 2715 5913 existimavimus.
