4092 6388
569 408 680 470 193

1525 405 1586 462 S.
1623 391 2073 460 AMPHILOCHII
2108 391 2493 452 ICONIENSIS
2526 385 2836 445 EPISCOPI

3716 371 3817 430 1οὓ

2159 533 2260 594 VI.

1216 667 1303 725 Ea;
1328 669 1631 724 collectione
1657 667 1968 722 Βατίαήαωὶ
1993 682 2102 736 reg.
2132 663 2253 719 cod.
2289 677 2390 715 ms.
2425 658 2628 715 emend.
2660 673 2726 712 ea:
2748 654 2867 710 cod.
2903 649 3197 708 Sirmondi.

579 787 942 855 Amphilochii
995 787 1218 856 episcopi
1267 787 1470 850 lconii,
1523 803 1588 842 ex
1629 803 1866 841 sermone
1892 788 2060 856 primo
2096 785 2152 838 in

2270 772 3013 856 ’Apgotloxlov‘ésfwxdxpu
3050 765 3414 856 ἰκογίςιμῗέξι
3427 761 3551 856 ξς)ῖῖ

646 859 815 921 illud,
860 862 930 910 De
966 859 1050 911 die
1093 855 1276 939 illaLet
1303 857 1436 912 hora
1468 858 1512 890 ⁶¹
1550 876 1564 913 :
1595 857 1728 911 duos
1763 857 1901 911 enim
1934 856 1992 909 in
2017 855 2150 909 illud

653 940 908 980 tractatus
940 937 1250 995 composuit.

650 1015 786 1071 Cum
823 1027 1000 1070 autem
1048 1017 1216 1082 dicit,
1248 1017 1428 1084 Neque
1473 1014 1652 1070 Filius
1675 1058 1691 1083 ,
1721 1017 1823 1070 nisi
1870 1014 2032 1070 Pater
2061 1016 2108 1048 “
2137 1033 2152 1070 :

584 1122 692 1162 non
740 1106 861 1161 Filii
901 1109 1260 1177 ignorantiam
1290 1109 1608 1168 ementitur,
1637 1109 1732 1162 sed
1777 1109 1998 1176 exponit
2032 1123 2159 1161 can-

581 1214 700 1253 sam
747 1198 1034 1254 scientiae:
1087 1199 1226 1252 Nam
1271 1200 1395 1268 quia
1441 1200 1617 1252 omnia
1657 1215 1975 1267 quaecunque
2007 1198 2157 1252 habet

582 1287 768 1355 Pater,
798 1290 973 1360 palam
1017 1289 1144 1344 Filii
1174 1301 1291 1344 sunt
1319 1291 1402 1358 ";
1441 1305 1615 1360 neque
1646 1290 1834 1356 Filius,
1867 1292 1969 1344 nisi
2001 1292 2160 1346 Patre

584 1380 851 1447 habente,
882 1397 1071 1436 eorum
1125 1382 1366 1435 notitiam
1423 1382 1668 1439 haberet.
1715 1383 1785 1436 At
1829 1383 1954 1451 quia
1998 1380 2160 1437 Pater

585 1474 792 1528 habet:
843 1474 1147 1528 confessmn
1181 1490 1310 1543 ergo
1355 1485 1437 1529 εει
1487 1474 1692 1529 habere
1726 1475 1892 1529 etiam
1941 1474 2156 1530 Filium.

585 1563 912 1618 Particulam
946 1565 1115 1627 enim,
1152 1564 1276 1627 nisi,
1303 1565 1586 1618 consuevit
1615 1563 1901 1632 Scriptura
1937 1579 2158 1633 ponere,

584 1653 909 1722 quandoque
940 1653 1155 1720 quidem
1207 1653 1494 1722 negative;
1540 1653 1844 1722 cuiusmodi
1873 1664 1954 1708 est
1986 1653 2156 1708 illud:

588 1743 762 1798 Nemo
797 1745 893 1797 scit
919 1759 1037 1813 quae
1085 1751 1206 1797 sunt
1242 1743 1468 1796 hominis
1492 1782 1509 1807 ,
1540 1745 1644 1798 nisi
1677 1744 1894 1811 spiritus
1937 1743 2162 1798 hominis

584 1835 675 1908 qui
701 1847 774 1892 est
804 1841 858 1890 in
888 1838 1000 1906 ipso
1029 1850 1050 1888 :
1075 1837 1155 1890 ita
1192 1845 1240 1890 et
1277 1851 1394 1907 quae
1425 1835 1521 1889 Dei
1549 1845 1670 1890 sunt
1703 1851 1852 1890 nemo
1887 1835 2122 1905 cognovit
2144 1874 2160 1900 ,

585 1929 688 1984 nisi
723 1926 951 1995 Spiritus
986 1929 1076 1999 qui
1107 1936 1186 1982 est
1211 1943 1274 1982 eo;
1302 1927 1411 1982 Deo
1440 1926 1520 1995 “;
1555 1929 1882 1998 quandoque
1909 1943 2035 1983 vero
2069 1944 2164 1997 pou

585 2019 688 2082 nit,
729 2017 794 2072 ad
836 2032 1022 2072 eorum
1051 2033 1169 2086 qua:
1213 2016 1392 2072 futura
1426 2018 1641 2086 quidem
1685 2015 2162 2086 exspectabantur,

2588 849 2683 902 καὶ
2715 847 2884 926 ᾦρας,
2919 844 3104 911 λόγου
3132 846 3200 926 α’.
3234 838 3350 926 Δύο
3377 836 3487 906 γὰρ
3517 833 3674 898 αὐτῷ
3697 833 3820 902 περὶ

2329 919 2546 976 τούτου
2573 919 2929 983 πεποίηνται
2957 919 3366 979 συντάγματα.

2329 1012 2499 1064 Ὅταν
2530 1008 2588 1062 δὲ
2614 1008 2764 1078 εἴπῃ,
2795 1002 2948 1056 Οὐδὲ
2974 1004 3006 1055 ὁ
3033 999 3182 1064 Υἱὸς,
3215 999 3267 1050 εὶ
3296 993 3386 1064 μὴ
3415 997 3447 1047 d
3481 988 3704 1057 Πατὴρ,
3733 988 3824 1042 οὐκ

2260 1103 2486 1172 ἄγνοιαν
2510 1099 2605 1154 τοῦ
2635 1096 2764 1151 Υἱοῦ
2795 1092 3190 1162 καταψεύδεται
3210 1105 3225 1119 ·
3257 1087 3392 1142 ἀλλὰ
3410 1085 3508 1155 τὴν
3533 1083 3710 1138 αἰτίαν

2265 1171 2519 1260 γνώσεως
2564 1186 2883 1260 ὲρμηνεύει.
2929 1180 3146 1252 Ἐπειδὴ
3179 1179 3288 1248 γὰρ
3322 1176 3498 1230 πάντα
3526 1172 3766 1260 ὂσανὲχει
3800 1171 3826 1223 6

2261 1253 2476 1351 ίΙατὴρ,
2505 1253 2612 1331 τοῦ.
2630 1253 2761 1330 Ῠίοὖ
2789 1272 3070 1344 προδήλως
3100 1269 3257 1334 εἰσὶν,
3277 1266 3384 1319 οὐδ’
3409 1262 3474 1318 ἂν
3504 1264 3533 1315 ὁ
3570 1253 3826 1328 Υἱὸςεῖχε

2260 1373 2362 1444 τὴν
2400 1350 2606 1425 τούτων
2638 1369 2860 1438 γνῶσιν,
2888 1366 2936 1417 εἰ
2968 1363 3041 1434 μὴ
3068 1365 3097 1415 ὁ
3125 1359 3313 1430 Πατὴρ
3347 1352 3459 1426 εἶχε
3482 1355 3581 1424 τὴν
3609 1350 3825 1444 γνῶαιν.

2273 1443 2436 1516 Ἀλλὰ
2473 1461 2577 1532 μὴν
2611 1461 2640 1512 6
2666 1458 2858 1532 Πατὴρ
2893 1455 3025 1525 ἔχει,
3059 1455 3154 1507 καὶ
3182 1455 3210 1506 6
3262 1451 3388 1512 Υἱὸς
3435 1447 3614 1500 τοίνυν
3650 1443 3832 1514 ὁμολο-

2261 1531 2543 1626 γουμένως
2569 1531 2702 1624 ἔχει..
2735 1551 2810 1605 Τὸ
2831 1551 2940 1620 γὰρ
2965 1551 3016 1602 εὶ
3041 1546 3150 1616 μὴ,
3185 1545 3314 1598 ποτὲ
3349 1543 3450 1613 μὲν
3479 1541 3572 1593 ἐπὶ
3597 1537 3691 1592 τοῦ
3719 1552 3832 1588 στε-

2268 1647 2493 1721 ρητικοῦ
2530 1647 2746 1700 τάττειν
2799 1641 2990 1696 εἴωθεν
3037 1637 3330 1710 ήΓραφήο
3372 1635 3448 1696 ὡς
3495 1632 3592 1694 τδν
3631 1627 3832 1721 Οὐδείς

2261 1719 2384 1795 εἶδε
2428 1741 2502 1794 τὰ
2549 1737 2656 1792 τοῦ
2704 1734 3018 1804 ἀνθρώπου
3039 1773 3054 1797 ,
3105 1734 3156 1785 εί
3203 1730 3289 1800 μὴ
3342 1727 3409 1782 τὸ
3448 1723 3684 1793 πνεῦμα
3735 1719 3834 1774 τοῦ

2268 1830 2618 1900 ἀνθρώπου,
2647 1828 2712 1882 τὸ
2749 1828 2820 1880 ἐν
2862 1823 3023 1890 αὐτῷ
3046 1841 3059 1854 °
3095 1823 3248 1877 οὕτω
3289 1820 3389 1874 καί
3444 1818 3517 1871 τὰ
3553 1815 3662 1870 τοῦ
3697 1811 3834 1866 Θεοῦ

2267 1925 2470 1990 οὐδεὶς
2513 1919 2675 1976 οἶδεν
2695 1960 2709 1984 ,
2739 1921 2791 1974 εί
2827 1918 2913 1989 μὴ
2940 1915 3007 1971 τὸ
3042 1915 3288 1984 Πνεῦμα
3319 1912 3383 1966 τὸ
3431 1911 3502 1964 ἐκ
3531 1907 3640 1962 τοῦ
3671 1905 3832 1959 Θεοῦο

2267 2016 2400 2070 ποτὲ
2445 2016 2504 2069 δὲ
2535 2014 2616 2079 τὸ,
2642 2017 2695 2067 εὶ
2715 2012 2825 2082 μὴ,
2854 2011 3056 2081 τίθησι,
3081 2009 3181 2077 τῆς
3215 2007 3324 2061 τῶν
3362 2001 3836 2075 προσδοκηθέντων

587 2124 930 2180 nequaquam
957 2115 1137 2164 tamen
1172 2119 1492 2175 evenerunt,
1526 2110 1787 2164 rationem
1816 2109 2162 2174 reddendam,

2271 2106 2389 2178 μὲν,
2427 2104 2624 2177 μηκέτι
2660 2103 2716 2156 δὲ
2749 2102 3056 2173 γενομένων
3080 2099 3260 2162 αἰτίας
3285 2098 3383 2168 τὴν
3410 2095 3670 2150 ἀπόδοσιν
3704 2110 3836 2190 παιρ-

589 2212 651 2256 ιιι
673 2217 795 2256 cutn
818 2201 892 2255 ait
921 2218 936 2256 :
980 2200 1102 2254 Nisi
1141 2201 1393 2254 Dominus
1425 2201 1662 2256 Sabaoth
1695 2201 1986 2271 reliquisset
2020 2201 2166 2256 nobis

2275 2195 2482 2250 ιστῶσα
2505 2213 2517 2225 ο
2559 2189 2706 2258 οἷον,
2739 2195 2867 2248 ὅταν
2919 2193 3087 2266 λέγῃ·
3133 2193 3200 2244 El
3227 2189 3314 2259 μὴ
3357 2189 3570 2257 Κύριος
3603 2182 3838 2240 Σαϐαὼθ

589 2308 786 2357 semen,
822 2295 957 2348 sicut
997 2291 1231 2347 Sodoma
1259 2291 1386 2359 [acti
1419 2307 1668 2358 essemus,
1690 2301 1736 2344 et
1776 2292 1912 2344 sicut
1946 2290 2168 2346 Gomor-

592 2385 690 2438 rita
719 2383 911 2438 similes
961 2383 1240 2451 fuissemus
1272 2381 1339 2434 "’.
1370 2382 1504 2448 Quia
1530 2382 1691 2452 igitur
1737 2381 1954 2450 reliquit
2010 2383 2166 2438 nobis

591 2489 810 2538 semen;
861 2473 1276 2542 haudquaquam
1320 2471 1447 2526 facti
1488 2487 1676 2526 sumus
1715 2473 1857 2526 sicut
1896 2471 2164 2539 Sodoma,

590 2578 697 2620 nec
739 2579 868 2618 vero
908 2563 1224 2618 Gomorrha:
1269 2563 1474 2618 similes
1498 2563 1792 2617 evasimus.
1829 2563 1894 2617 Et
1927 2563 2162 2617 iterum:

597 2653 723 2712 Nisi
749 2655 874 2726 quia
902 2654 1158 2709 Dominus
1205 2653 1412 2722 adjuvit
1453 2667 1571 2717 me;
1613 2655 1771 2720 paulo
1809 2655 1980 2707 minus
2015 2653 2166 2706 habi-

595 2757 754 2802 tasset
785 2749 842 2802 in
865 2746 1071 2815 inferno
1103 2746 1280 2799 anima
1315 2761 1430 2799 mea
1459 2745 1526 2796 “.
1559 2744 2000 2812 Quandoquidem
2039 2759 2169 2816 ergo

597 2851 686 2889 nne
709 2835 913 2904 adjuvit
931 2833 1212 2896 Dominus,
1238 2847 1575 2904 nequaquam
1598 2835 1860 2889 habitavit
1882 2835 1936 2888 in
1960 2835 2170 2890 inferno

597 2927 778 2982 anima
809 2941 955 2980 mea.
986 2923 1096 2980 Nec
1125 2925 1253 2979 illud
1278 2925 1432 2994 longe
1460 2925 1648 2979 abest:
1690 2923 1811 2978 Nisi
1837 2927 1964 2995 quia
1989 2925 2173 2980 Domi-

596 3034 696 3073 ttus
721 3024 835 3071 erat
862 3017 919 3069 in
948 3015 1096 3068 nobis
1121 3053 1136 3079 ,
1171 3021 1288 3070 cum
1324 3027 1655 3085 exsurgerent
1687 3016 1921 3070 homines
1957 3017 2012 3069 in
2041 3033 2133 3070 nos
2151 3057 2168 3083 ,

596 3108 736 3179 forte
762 3109 900 3162 uiuos
951 3105 1288 3176 deglutissent
1324 3123 1416 3160 nos
1437 3106 1504 3160 ".
1548 3107 1682 3173 Quia
1717 3107 1878 3175 igitur
1915 3107 2172 3163 Dominus

592 3199 648 3254 in
687 3200 842 3255 nobis
867 3205 982 3264 esl,‘
1005 3198 1179 3266 palam
1213 3199 1304 3260 lit,
1345 3197 1486 3268 quod
1529 3215 1634 3252 non
1665 3197 2014 3267 deglutierint
2047 3214 2166 3254 nos.

597 3290 690 3346 Sic
729 3291 911 3358 itaque
943 3290 1242 3345 etiam-hoc
1269 3289 1418 3353 loco,
1447 3289 1630 3360 Neque
1666 3287 1842 3344 Filius
1866 3294 2032 3355 nouit,
2065 3292 2168 3345 nisi

599 3382 780 3438 Pater.
808 3383 944 3450 Quia
977 3399 1107 3454 ergo
1148 3383 1298 3437 novit
1332 3381 1514 3448 Pater,
1548 3379 1855 3436 confessum
1882 3390 1996 3448 est,
2027 3380 2169 3448 quod
2220 3369 2236 3385 “

2266 2284 2659 2356 ἐγκατέλιπεν
2685 2285 2832 2354 ἡμῖν
2858 2284 3117 2352 σπέρμα,
3151 2282 3232 2348 ὡς
3262 2281 3494 2350 Σόδομα
3519 2279 3597 2332 ἂν
3636 2276 3835 2348 ἐγενή-

2269 2381 2486 2446 θημεν,
2539 2377 2635 2430 καὶ
2671 2377 2752 2442 ὠς
2789 2377 3063 2444 Γόμορῤα
3096 2373 3174 2428 ἂν
3205 2368 3602 2443 ὡμοιώθημεν.
3639 2367 3840 2424 Οὐκοῦν

2269 2471 2568 2542 ἐπειδήπερ
2601 2455 2960 2539 ἐγκατέλιπεν
3007 2471 3137 2540 ἡμῖν
3171 2467 3422 2538 σπέρμα,
3457 2463 3646 2518 οὐκέτι
3687 2461 3839 2530 γεγό-

2270 2578 2441 2632 ναμεν
2467 2560 2543 2625 ὡς
2579 2561 2810 2631 Σόδομα,
2843 2558 2968 2612 οὕτε
3018 2557 3124 2630 μὴν
3153 2557 3230 2621 ὼς
3264 2557 3516 2628 Γόμορρα
3554 2550 3840 2624 ὡμοιώθη-

2275 2669 2394 2723 μεν.
2437 2652 2546 2704 Καὶ
2582 2650 2771 2704 πάλιν·
2812 2651 2880 2703 El
2906 2649 2992 2720 μὴ
3029 2649 3120 2702 ὅτι
3149 2650 3366 2716 Κύριος
3397 2643 3698 2712 ἐϐοήθησέ
3721 2661 3838 2713 μοι,

2271 2743 2624 2814 παραϐραχὺ
2645 2741 2968 2812 παρῴκησε
2990 2741 3069 2807 τῷ
3088 2740 3202 2810 ᾅδῃ
3229 2743 3266 2809 ii
3289 2739 3458 2810 ψυχή
3471 2756 3613 2808 μου.
3638 2736 3842 2792 Οὐκοῦν

2270 2836 2572 2907 ἐπειδήπερ
2599 2834 2866 2907 ἐϐοήθησέ
2896 2851 2986 2904 μοι
3017 2836 3046 2887 6
3077 2832 3303 2903 Κύριος,
3325 2832 3513 2885 οὐκέτι
3543 2829 3841 2902 παρῴκησε

2270 2925 2350 2998 τῷ
2376 2926 2476 2998 ᾄδῃ
2500 2930 2534 2997 ή
2565 2925 2710 2996 ψυχή
2747 2942 2867 2996 μου.
2890 2923 3278 2996 Παραπλησίον
3301 2923 3356 2976 δὲ
3381 2924 3606 2994 κᾴκεῖνο
3630 2941 3645 2954 ·
3674 2924 3740 2976 El
3760 2921 3842 2991 μὴ

2271 3019 2360 3073 ὅτι
2405 3020 2621 3086 Κύριος
2661 3017 2732 3070 ἐν
2763 3017 2930 3085 ἡμῖν,
2961 3016 3032 3068 ἐν
3068 3014 3148 3080 τῷ
3177 3013 3591 3083 ἐπαναστῆναι
3621 3013 3844 3080 ἀνθρώο

2271 3126 2426 3176 stove
2458 3110 2550 3178 ἐφ’
2591 3107 2751 3178 ἡμᾶς
2773 3147 2788 3172 ,
2820 3106 2936 3175 ἄρα
2986 3104 3204 3172 ζῶντας
3241 3105 3319 3160 ἂν
3349 3105 3636 3160 κατέπιον
3669 3103 3844 3174 ἡμᾶς.

2273 3199 2485 3254 Οὐκοῦν
2515 3198 2814 3269 ἐπειδήπερ
2841 3196 3045 3269 Κύριός
3075 3197 3224 3251 ἐστιν
3249 3199 3310 3250 ὲν
3343 3199 3495 3268 ήμῖν,
3524 3194 3749 3268 εὔδηλον
3774 3197 3846 3260 ὡς

2277 3291 2376 3360 οὐχ
2420 3289 2496 3354 ὼς
2547 3288 2756 3354 ζῶντας
2803 3288 3063 3342 κατέπιον
3105 3289 3274 3360 ἡμᾶς.
3329 3287 3625 3342 Κάνταῦθα
3673 3288 3847 3342 τοίνυν

2273 3381 2466 3444 οὕτως,
2501 3379 2654 3434 Οὐδὲ
2696 3382 2728 3434 ὁ
2764 3379 2896 3446 Υἱὸς
2922 3377 3105 3445 οἶδεν,
3134 3382 3186 3434 εί
3205 3379 3291 3449 μὴ
3325 3383 3356 3435 ὁ
3385 3380 3610 3448 Πατήρ.
3641 3378 3849 3446 Ορκοὗν

592 3487 649 3530 et
703 3475 889 3530 Filius.
937 3476 1082 3532 Dixit
1125 3490 1255 3547 ergo
1289 3490 1507 3531 causam
1552 3475 1834 3542 scientiae,
1883 3490 1989 3530 non
2031 3474 2169 3530 falso

2273 3473 2461 3544 ἐπειδὴ
2495 3469 2637 3526 οἶδεν
2675 3475 2704 3526 6
2732 3472 2958 3546 Πατὴρ,
3001 3472 3446 3545 ὁμολογουμένως
3492 3474 3590 3526 καὶ
3632 3473 3663 3524 ὁ
3702 3472 3846 3535 Υἱός.

594 3566 802 3622 aﬂinxit
834 3569 1218 3639 ignorantiam.

2273 3566 2385 3634 Τὴν
2420 3559 2514 3618 οὖν
2556 3565 2739 3621 αἰτίαν
2767 3560 2890 3618 εἷπε
2919 3565 3021 3637 τῆς
3045 3565 3320 3635 γνώσεως,
3347 3565 3468 3636 οὐχὶ
3491 3566 3594 3636 τὴν
3629 3566 3850 3636 ἄγνοιαν

2271 3657 2668 3728 κατεψεύσατο.

2175 3811 2307 3874 VH.

1511 3937 1664 4008 Apud
1697 3936 2068 3993 Theodoritum
2095 3936 2234 3992 Dial.
2267 3952 2326 3993 ιιι
2350 3946 2476 3992 tom.
2511 3935 2598 4004 IV,
2623 3954 2744 4009 pag.
2785 3937 2907 3992 166.

600 4050 863 4126 Ejusdem
885 4069 949 4108 ea:
977 4054 1217 4108 oratione
1247 4053 1297 4106 in
1319 4052 1452 4107 illud
1473 4051 1694 4126 :Pater,
1717 4053 1765 4126 si
1791 4052 2047 4122 possibile
2073 4061 2178 4119 est,

994 4135 1233 4179 transeat
1256 4144 1285 4177 a
1321 4139 1407 4178 me
1427 4125 1567 4178 calix
1599 4125 1698 4178 iste
1723 4123 1790 4176 ⁸⁸.

673 4215 755 4270 Ne
795 4231 926 4288 ergo
965 4215 1242 4286 passiones
1291 4215 1474 4270 carnis
1517 4215 1568 4269 in
1605 4215 1844 4270 Verbum
1883 4216 2181 4286 impatibile

600 4309 924 4379 conjeceris.
970 4309 1114 4364 Deus
1179 4308 1321 4363 enim
1373 4323 1492 4363 sum
1543 4317 1596 4363 et
1640 4307 1845 4372 homo,
1890 4307 2176 4364 hmretice:

593 4401 774 4468 Deus,
815 4415 875 4457 ut
925 4411 1194 4456 testantur
1221 4401 1512 4465 miracula;
1558 4399 1761 4469 homo,
1801 4411 1861 4454 ut
1903 4399 2180 4457 declarant

593 4494 895 4562 passiones.
942 4495 1077 4550 Cum
1113 4509 1244 4564 ergo
1278 4495 1380 4548 sim
1420 4493 1563 4549 Deus
1597 4503 1652 4548 et
1696 4493 1860 4548 homo
1885 4531 1900 4558 ,
1939 4493 2027 4547 die
2055 4494 2175 4563 quis

592 4598 785 4654 passus
806 4585 920 4640 est?
953 4585 1011 4640 Si
1049 4585 1214 4640 Deum
1251 4601 1470 4654 passum
1505 4585 1731 4649 dixeris,
1759 4581 1929 4637 fueris
1964 4582 2178 4638 locutus

596 4674 1025 4744 blasphemiam;
1055 4677 1140 4730 sin
1177 4688 1356 4730 autem
1384 4691 1628 4739 carnem,
1661 4690 1760 4729 cur
1782 4675 1830 4729 ei
1864 4674 2172 4742 passionem

596 4780 704 4820 non
731 4766 958 4830 tribuis,
1015 4768 1102 4821 cui
1161 4776 1360 4820 metum
1415 4765 1684 4821 ascrihis?
1720 4765 1842 4819 Alio
1885 4765 2030 4821 enim
2077 4780 2175 4834 pa-

599 4855 786 4920 tiente,
812 4857 949 4912 alius
981 4873 1086 4912 non
1133 4858 1494 4926 pertimescit;
1525 4867 1576 4912 et
1615 4859 1740 4914 dum
1770 4858 1930 4914 homo
1961 4857 2176 4912 eruciu-

599 4945 767 5016 gitur,
803 4945 948 5002 Deus
983 4962 1090 5002 non
1125 4947 1495 5016 perturbatur.

2279 4051 2390 4108 Τοῦ
2419 4053 2664 4125 αὐτοῦ,
2684 4054 2754 4125 ἐκ
2779 4053 2888 4108 τοῦ
2927 4055 3115 4125 λόγου
3145 4055 3252 4110 τοῦ
3290 4057 3378 4122 εὶς
3403 4055 3470 4108 τὸ
3489 4096 3504 4122 ,
3534 4055 3598 4108 El
3625 4056 3851 4112 δυνατὸν

2465 4123 2788 4196 παρελθέτω
2820 4125 2916 4178 ἀπ’
2949 4123 3086 4197 ἐμοῦ
3115 4127 3176 4178 τὸ
3204 4129 3464 4199 ποτήριον
3494 4126 3672 4182 τοῦτο.

2344 4215 2438 4288 Μὴ
2465 4217 2534 4271 τὰ
2560 4217 2706 4288 πάθη
2731 4213 2824 4271 οὖν
2845 4218 2946 4290 τῆς
2977 4219 3180 4288 σαρκὸς
3205 4217 3282 4290 τῷ
3312 4218 3518 4272 ἀπαθεῖ
3541 4221 3852 4292 προσρίψῃ-ἶ

2273 4310 2462 4382 Λόγῳ·
2489 4310 2624 4375 Θεὸς
2648 4311 2758 4384 γάρ
2785 4313 2902 4384 εἰμι
2925 4315 3020 4366 καὶ
3047 4312 3352 4386 ἄνθρωπος,
3382 4315 3628 4386 αἱρετικέ
3645 4332 3659 4345 ο
3694 4315 3848 4380 Θεὸς,

2272 4401 2350 4467 ὡς
2371 4405 2636 4472 ἐγγυᾶται
2674 4404 2744 4458 τὰ
2777 4404 3034 4478 θαύματα
3055 4423 3068 4437 ’
3104 4407 3424 4480 ἄνθρωπος,
3463 4409 3540 4473 ὡς
3582 4410 3854 4481 μαρτυρεῖ

2273 4495 2345 4550 τὰ
2383 4496 2705 4566 παθήματα.
2755 4499 2909 4551 Ἐπεὶ
2944 4494 3038 4554 οὖν
3074 4499 3205 4564 Θεός
3245 4498 3320 4570 (5)
3364 4501 3480 4571 εἰμι
3519 4503 3614 4555 καὶ
3649 4501 3853 4573 ἄνθρω-

2275 4603 2397 4650 πος,
2425 4589 2570 4654 εἰπὲ,
2601 4587 2686 4653 τίς
2709 4593 2738 4644 ὁ
2768 4589 2994 4656 παθών;
3024 4582 3092 4645 Ἐἰ
3127 4592 3154 4643 ὁ
3183 4591 3316 4656 Θεὸς
3347 4591 3570 4654 ἔπαθεν,
3603 4587 3766 4656 εἶπας
3790 4593 3852 4644 τδ

2276 4676 2596 4750 βλάσφημον
2617 4697 2633 4712 °
2661 4685 2710 4734 εἰ
2733 4681 2790 4735 δὲ
2813 4686 2844 4753 ἡ
2879 4683 3016 4756 σὰρξ
3041 4683 3387 4756 ἕπαθε,τίμὴ
3410 4685 3472 4738 τὸ
3495 4685 3664 4746 πάθος
3690 4701 3854 4756 προσο

2273 4770 2486 4834 ἀπτεις,
2527 4765 2571 4839 ᾧ
2615 4773 2714 4844 τὴν
2743 4773 2944 4828 δειλίαν
2971 4775 3227 4844 ὲπάγεις;
3253 4775 3448 4830 "Anon
3479 4777 3587 4850 γὰρ
3617 4777 3854 4846 πάσχον-

2274 4877 2366 4923 τος
2386 4902 2400 4926 ,
2433 4860 2592 4924 ἄλλος
2619 4863 2680 4915 οὐ
2715 4863 2886 4935 δειλιᾷ
2908 4881 2920 4892 ·
2955 4866 3049 4918 καὶ
3081 4865 3370 4938 ἀνθρώπου
3409 4867 3814 4937 σταυρουμὲνου
3834 4903 3850 4928 ,

2206 4941 2255 4999 D
2279 4949 2412 5013 Θεὸς
2441 4951 2503 5004 οὐ
2533 4953 2880 5025 ταράττεται.

667 5170 712 5202 σι
749 5167 940 5240 Matth.
973 5184 1121 5230 xxw.
1156 5166 1269 5240 36.Δ
1323 5167 1800 5240 “'llarc.1itt,52.
1858 5168 1924 5240 ξε
1944 5167 2101 5226 Joan.
2131 5184 2165 5224 ι

2283 5170 2372 5226 15.
2449 5170 2498 5204 ⁸⁸
2523 5173 2538 5226 Ι
2563 5172 2690 5229 Cor.
2712 5190 2772 5240 ιι,
2799 5175 2886 5230 si.
2917 5173 2962 5208 "
2991 5173 3150 5230 Rom.
3183 5188 3260 5237 Ix,
3285 5173 3376 5230 29.
3452 5181 3499 5214 σε
3523 5173 3664 5228 Psal.
3694 5188 3850 5238 sent,

595 5237 686 5296 15.
758 5239 803 5270 ⁸⁷
842 5240 980 5294 Psal.
1009 5253 1213 5305 cum,
1243 5237 1299 5293 2.
1375 5239 1420 5270 ⁸⁸
1454 5237 1641 5293 Matth.
1673 5255 1831 5304 xm,
1855 5239 1948 5294 36.

667 5391 747 5463 (5)
798 5393 959 5446 Ἐπεὶ
991 5387 1124 5456 οὖν,
1157 5409 1212 5454 κ.
1235 5409 1288 5449 τ.
1315 5391 1376 5463 λ.
1407 5389 1698 5463 Hmcdtem
1727 5393 1918 5447 recitat
1955 5391 2171 5448 Facun-

595 5461 700 5519 dus
726 5461 828 5534 lib.
859 5478 940 5534 ιι,
962 5479 1082 5532 cap.
1103 5464 1172 5534 75,
1205 5477 1327 5534 pag.
1367 5461 1494 5516 762.
1525 5461 1740 5534 Quibus
1769 5472 1947 5518 tamen
1980 5477 2047 5534 ex
2074 5478 2171 5534 ea-

597 5537 718 5602 dem
773 5531 1136 5601 Amphilochii
1188 5531 1435 5588 oratione
1498 5532 1777 5602 sequentia
1830 5531 2166 5602 praemittit:

599 5600 854 5673 situt-sus
899 5602 1352 5673 (Antiphilochius)
1404 5604 1470 5656 de
1521 5600 1586 5657 eo
1621 5601 1774 5673 quod
1806 5600 2008 5673 dictum
2061 5608 2167 5673 est,

599 5670 780 5736 Pater,
808 5673 852 5725 si
879 5670 996 5738 ﬁeri
1029 5670 1225 5740 potest,
1283 5670 1510 5726 transeat
1546 5671 1690 5725 calix
1732 5671 1847 5738 iste,
1881 5670 2038 5740 cujus
2069 5671 2171 5724 ini-

2281 5412 2301 5446 ι
2329 5391 2388 5448 Si
2417 5394 2533 5461 ﬁeri
2555 5404 2743 5462 potest,
2775 5405 3006 5449 transeat
3038 5396 3182 5451 calix
3201 5397 3336 5452 iste?
3359 5415 3379 5450 ι
3407 5395 3634 5452 Omnino
3671 5407 3851 5452 autem

2265 5466 2322 5548 si
2352 5465 2462 5534 pati
2493 5466 2724 5545 nolelias.
2748 5465 3132 5548 lquid‘dicebas,
3160 5485 3192 5548 Δι
3221 5465 3471 5548 Transeo:
3497 5469 3639 5522 calix
3662 5469 3800 5548 iste?
3823 5487 3844 5518 ι

2269 5533 2394 5588 Non
2423 5551 2514 5603 ego
2546 5536 2634 5604 qui
2666 5533 2847 5589 etclam
2877 5535 2996 5601 feci,
3026 5537 3116 5606 qui
3151 5537 3366 5606 fundavi
3395 5549 3612 5602 terram,
3647 5538 3735 5592 sed
3765 5553 3851 5591 se-

2268 5605 2496 5658 cundum
2529 5614 2578 5658 te
2599 5605 2754 5658 homo
2782 5607 2933 5670 dicit,
2982 5606 3252 5662 declinans
3305 5617 3543 5661 mortem.
3595 5608 3722 5662 Haec
3752 5622 3853 5661 au-

2273 5684 2400 5746 tem,
2429 5685 2484 5746 e_t
2514 5684 2849 5746 quascunque
2899 5678 3114 5729 demum
3157 5691 3224 5730 ex
3259 5677 3722 5746 Amphilochianis
3759 5691 3853 5732 re-

599 5740 733 5815 tium
767 5752 872 5807 est,
909 5741 1242 5815 Tunchsicut
1297 5743 1443 5815 miles
1471 5741 1752 5815 legitimus,
1789 5743 1862 5794 ita
1897 5739 2080 5815 dicit;
2111 5741 2173 5815 δί
2270 5745 2404 5800 citat
2435 5739 2721 5802 Facundus
2747 5739 2784 5800 Ι.
2821 5759 2870 5802 c.
2898 5739 3703 5815 pralerieruntCdmbelisium.

598 5808 736 5862 enim
767 5822 963 5880 oportet
991 5811 1190 5868 Filium
1220 5813 1446 5868 hominis
1490 5808 1667 5877 tiadi;
1715 5811 1978 5882 quomodo
2017 5810 2171 5878 dicis,
