4092 6390
511 409 612 467 l0?

1470 411 1529 465 S.
1566 408 2010 466 AMPHILOCHII
2046 407 2436 469 ICONIENSIS
2474 410 2787 468 EPISCOPI

3660 418 3753 472 WB

511 542 730 597 prorsus
760 525 1020 582 alienum.
1057 525 1114 581 Si
1151 525 1294 579 enim
1342 525 1488 579 aliud
1531 527 1825 594 assumpsit
1867 539 2074 595 corpus1

2190 544 2318 580 νειν.
2372 528 2436 580 El
2480 526 2590 600 γὰρ
2653 528 2841 596 ἕτερον
2885 527 3113 582 ἀνέλαόε
3175 529 3356 601 σῶμα.
3417 530 3473 583 τί
3520 531 3652 602 πρὸς
3697 533 3753 586 τὸ

509 622 638 693 quid
672 623 774 676 hoc
805 622 872 676 ad
907 636 1083 674 meum
1124 621 1342 686 attinet,
1373 619 1515 688 quod
1555 617 1727 671 salute
1761 616 1997 687 indiget?
2027 615 2082 670 Si

499 727 728 768 carnem
771 726 802 765 e
848 710 1004 766 ctelis
1045 709 1294 772 devexit,
1344 708 1473 777 quid
1518 707 1586 762 ad
1628 721 1802 761 meam
1841 719 2082 771 carnem,

508 819 630 874 qua!
659 803 726 858 de
766 812 909 857 terra
940 811 1154 872 sumpta
1185 800 1325 853 fuit?

853 981 1107 1053 Ejusdem
1129 1024 1144 1047 ,
1177 997 1243 1036 ea:
1275 983 1454 1036 eadem
1482 982 1741 1035 oratione.

579 1075 871 1144 Propterea
916 1076 1081 1145 igitur
1131 1091 1236 1128 non
1278 1082 1405 1129 ante
1434 1074 1779 1144 passionem,
1829 1073 1924 1128 sed
1959 1082 2079 1142 post

509 1171 817 1241 passionem
844 1207 860 1233 ,
899 1167 1080 1237 januis
1123 1168 1324 1224 clausis
1353 1170 1500 1223 stetit
1538 1167 1795 1222 Dominus
1824 1169 1876 1222 in
1908 1169 2088 1223 medio

511 1259 934 1328 discipulorum,
968 1272 1076 1327 quo
1119 1256 1236 1312 fore
1275 1257 1521 1321 noveris,
1558 1265 1616 1311 ut
1645 1255 1809 1312 etiam
1851 1256 2086 1311 animale

509 1366 705 1421 corpus
765 1361 911 1404 tuum
977 1348 1297 1404 semiustum
1378 1357 1625 1418 resurgat
1681 1346 1959 1416 spirituale
2013 1347 2081 1401 ".

511 1442 594 1497 Ne
634 1449 816 1495 autem
853 1454 1042 1494 rursus
1071 1438 1216 1493 aliud
1255 1453 1379 1494 esse
1412 1439 1685 1506 putaveris
1723 1439 1867 1508 quod
1899 1453 2084 1494 resur-

515 1536 632 1607 git,
669 1533 878 1588 Thoma
925 1533 1377 1588 resurrectionem
1419 1547 1522 1585 non
1570 1531 1864 1594 credente,
1903 1540 2085 1586 osten-

507 1629 586 1680 dit
636 1626 684 1680 ei
718 1625 921 1678 [intras
952 1622 1250 1684 clavorum,
1294 1619 1531 1675 ostendit
1570 1619 1622 1674 ei
1671 1617 1954 1674 vulnerum
1989 1632 2084 1671 ve-

507 1713 751 1783 stigia".
815 1713 897 1766 An
953 1725 1082 1765 vero
1140 1711 1372 1779 seipsum
1416 1723 1612 1763 sanare
1674 1723 1780 1764 non
1849 1717 2082 1777 poterat,

2191 617 2321 685 ἐμὸν
2368 616 2430 669 τὸ
2476 618 2575 687 τῆς
2629 617 2904 688 σωτηρίας
2961 617 3241 687 δεόμενον;
3296 619 3359 671 El
3414 618 3473 682 ἐξ
3526 619 3754 689 οὐρανῶν

2190 707 2470 776 κατήγαγε
2521 706 2722 777 σάρκα,
2749 707 2801 759 τί
2837 706 2973 778 πρὸς
3019 705 3117 777 τὴν
3157 707 3296 777 ἐμὴν
3342 708 3522 776 σάρκα
3559 706 3653 778 τὴν
3695 709 3758 761 ὲκ

2125 787 2128 796 ’
2187 796 2284 867 τῆς
2313 795 2418 868 γῆς
2445 797 2817 870 εἰλημμένηνς

1890 888 2058 953 Ibid.,
2085 905 2205 959 pag.
2240 888 2359 942 101.

2498 982 2606 1036 Τοῦ
2623 981 2830 1048 αὐτοῦ,
2849 982 2920 1036 ἐκ
2939 981 3046 1036 τοῦ
3065 981 3251 1035 αὐτοῦ
3266 984 3473 1051 λόγου.

2256 1072 2354 1126 Διά
2382 1072 2559 1126 ταῦτα
2605 1074 2702 1143 μὲν
2726 1068 2841 1135 οὖν,
2870 1072 2932 1125 οὺ
2963 1073 3069 1144 πρὸ
3094 1070 3187 1125 τοῦ
3220 1071 3447 1134 πάθους,
3477 1071 3612 1126 ἀλλά
3631 1071 3760 1142 μετά

2183 1164 2246 1216 τὸ
2270 1164 2461 1226 πάθος,
2493 1163 2604 1216 τῶν
2638 1163 2816 1234 θυρῶν
2842 1162 3245 1233 κεκλεισμένων
3279 1162 3409 1234 ἔστη
3454 1162 3560 1216 τῶν
3593 1163 3762 1233 μαθη-

2182 1255 2292 1308 τῶν
2328 1255 2491 1326 μέσος
2519 1257 2546 1308 6
2585 1255 2808 1325 Κύριος,
2859 1254 2948 1308 ἵνα
2977 1254 3140 1325 γνῷς,
3175 1255 3259 1308 ὅτι
3305 1255 3404 1307 καὶ
3454 1254 3548 1308 σοῦ
3579 1255 3641 1307 τὸ
3664 1255 3760 1324 ψυ-

2185 1347 2336 1418 χικὸν
2385 1347 2546 1417 σῶμα
2598 1347 2824 1419 σπαρέν,
2862 1347 3136 1418 ἐγείρεται
3183 1347 3344 1417 σῶμα
3375 1347 3759 1416 πνευματικόνν

2186 1439 2274 1491 ἵνα
2315 1437 2372 1490 δὲ
2401 1437 2474 1509 μὴ
2515 1439 2681 1491 πάλιν
2710 1437 2839 1492 ἄλλο
2864 1440 3096 1512 νομίσῃς
3121 1433 3263 1491 εἶναι
3287 1438 3347 1491 τὸ
3386 1429 3762 1508 ἀνιστάμενον,

2184 1529 2280 1583 τοῦ
2310 1529 2483 1600 Θωμᾶ
2514 1530 2650 1601 πρὸς
2688 1529 2788 1602 τὴν
2837 1531 3134 1584 ἀνάστασιν
3189 1531 3612 1601 ἀπιστήσαντος,
3659 1531 3764 1584 δεί-

2186 1638 2374 1675 κνυσιν
2426 1621 2574 1692 αὐτῷ
2598 1624 2724 1687 τοὺς
2755 1623 2962 1685 τύπους
2987 1621 3098 1695 τῶν
3127 1620 3295 1691 ἥλων,
3321 1621 3589 1675 δείκνυσιν
3619 1621 3764 1690 αὐτῷ

2186 1710 2296 1764 τῶν
2341 1712 2675 1782 τραυμάτων
2719 1712 2789 1766 τὰ
2836 1714 2980 1784 ἴχνη.
3019 1708 3145 1782 *Δρ*
3205 1713 3306 1766 οὐκ
3353 1715 3538 1782 ἴσχυεν
3575 1713 3762 1766 ἑαυτὸν

508 1806 740 1860 maxime
771 1814 892 1874 post
937 1802 1413 1867 resurrectionem,
1438 1801 1528 1868 qui
1555 1814 1742 1856 omnes
1767 1799 1929 1854 etiam
1962 1807 2074 1854 ante

2191 1803 2464 1869 ἰάσασθαι,
2503 1805 2602 1858 καὶ
2641 1805 2816 1860 ταῦτα
2861 1807 3000 1876 μετὰ
3045 1807 3646 1871 ἀνάστασιν,ὁπάντας
3673 1805 3767 1858 καὶ

504 1896 951 1952 resurrectionem
1009 1891 1351 1947 sanaverat?
1423 1891 1530 1945 Sed
1563 1905 1658 1959 per
1701 1890 1806 1944 hoc
1840 1890 2080 1959 quidem,

503 1991 643 2062 quod
680 1989 955 2044 clavorum
985 1985 1187 2039 ﬁxuras
1216 1983 1474 2046 ostendit,
1503 1983 1792 2050 ipsummet
1812 1995 1932 2036 esse
1956 1995 2082 2050 pro-

505 2087 630 2140 bat:
659 2097 754 2152 per
778 2081 882 2135 hoc
909 2089 1109 2140 autem,
1137 2075 1280 2146 quod
1320 2074 1505 2144 ianuis
1529 2072 1729 2126 clausis
1763 2070 2082 2140 ingreditur,

503 2175 738 2230 ostendit
769 2187 871 2226 non
905 2184 1028 2224 esse
1061 2165 1348 2236 ejusmodi.
1385 2163 1562 2234 Ipsum
1591 2163 1808 2232 quidem
1829 2203 1845 2229 ,
1879 2170 1936 2216 ut
1974 2162 2084 2216 dis-

406 2302 413 2314 .
505 2263 838 2336 pensationis
881 2260 1129 2329 impleret
1177 2259 1428 2321 modum,
1461 2269 1658 2324 corpus
1686 2263 1956 2308 mortuum
1992 2267 2082 2308 τοι

504 2355 821 2412 suscitando
851 2371 864 2405 :
898 2367 1002 2405 non
1037 2359 1215 2403 autem
1255 2345 1515 2415 ejusmodi
1544 2386 1559 2407 ,
1588 2353 1645 2398 ut
1673 2358 1741 2396 ne
1777 2359 1965 2398 rursus
1987 2345 2084 2398 ob-

504 2448 722 2503 noxium
751 2452 895 2500 esset
933 2439 1262 2511 corruptioni
1287 2480 1302 2504 ,
1343 2453 1480 2493 neve
1519 2440 1713 2492 iterum
1755 2437 1917 2491 morti
1957 2453 2080 2493 suc-

501 2535 799 2615 cumberet.

502 2721 756 2793 Ejusdem
785 2735 850 2774 ea:
875 2718 1113 2793 oratione
1144 2717 1198 2770 in
1230 2715 1400 2793 illud,
1443 2715 1776 2793 Non__p0test
1816 2714 1986 2770 Filius
2011 2732 2078 2770 ex

942 2803 1001 2842 se
1039 2787 1218 2842 facere
1254 2786 1545 2856 quidquam
1566 2785 1635 2838 ⁷⁸.

568 2882 685 2939 Non
721 2881 864 2938 enim
897 2879 1014 2935 ﬂeri
1040 2887 1251 2949 poterat
1289 2887 1348 2931 ut
1388 2874 1507 2930 Vita
1537 2892 1567 2928 a
1601 2864 1949 2946 corruptione
1983 2877 2077 2931 de-

2183 1897 2291 1968 πρὸ
2341 1897 2440 1968 τῆς
2468 1897 2819 1961 ἀναστάσεως
2872 1899 3201 1967 ίασάμενος;
3257 1898 3418 1951 Ἀλλά
3466 1899 3533 1951 δι’
3565 1891 3643 1951 ὧν
3670 1899 3766 1968 μὲν

2181 1986 2310 2048 τοὺς
2354 1987 2562 2050 τύπους
2588 1987 2696 2040 τῶν
2744 1987 2893 2058 ἥλων
2945 1989 3206 2054 δείκνυσι,
3265 1989 3633 2060 παραδίδωσιν
3685 1989 3764 2042 ὅτι

2184 2076 2358 2130 τοῦτο·
2392 2077 2459 2130 δι’
2507 2071 2582 2130 ὧν
2632 2078 2690 2131 δὲ
2722 2078 3123 2148 κεκλεισμένων
3171 2079 3282 2132 τῶν
3323 2079 3502 2150 θυρῶν
3547 2079 3760 2140 εἴσεισι,

2180 2167 2452 2222 δείκνυσιν
2479 2169 2560 2222 ὅτι
2615 2170 2676 2222 οὐ
2741 2171 2970 2224 τοιοῦτο·
3020 2170 3322 2241 τοῦτομὲν,
3355 2171 3442 2224 ἵνα
3501 2169 3768 2244 πληρώσῃ

2177 2260 2270 2314 τὸν
2302 2263 2503 2333 τρόπον
2528 2265 2629 2333 τῆς
2649 2263 2982 2334 οἰκονομίας,
3013 2263 3234 2335 ἐγείρας
3248 2264 3309 2316 τὸ
3337 2263 3762 2335 νενεκρωμένον⁹

2177 2353 2235 2404 οὑ
2289 2352 2498 2406 τοιοῦτο
2557 2353 2644 2416 δὲ,
2674 2354 2761 2408 ἵνα
2807 2354 2883 2426 μὴ
2919 2354 3083 2408 πάλιν
3117 2355 3370 2428 ὑποπέσῃ
3404 2355 3601 2426 φθορᾷ,
3633 2353 3768 2426 μηδὲ

2177 2439 2337 2494 πάλιν
2365 2442 2572 2514 ὑποστῇ
2602 2441 2870 2497 θάνατον..

1455 2621 1608 2688 Apud
1643 2619 2036 2684 Theodoritum,
2055 2619 2187 2675 Dial.
2215 2637 2295 2686 Ill,
2332 2623 2486 2687 ibid.,
2511 2596 2782 2693 pagJCG.‘

2183 2717 2294 2771 Τοῦ
2323 2719 2509 2772 αὐτοῦ
2541 2720 2610 2772 ἐκ
2645 2719 2751 2773 τοῦ
2776 2719 2964 2789 λόγου
3003 2718 3110 2773 τοῦ
3137 2723 3225 2784 εἷς
3256 2720 3344 2782 τὸ,
3379 2719 3453 2772 Οὐ
3480 2719 3708 2775 δύναται
3737 2721 3770 2775 6

2524 2789 2653 2854 Υἱὸς
2704 2793 2875 2843 ποιεῖν
2907 2791 3000 2860 ἀφ’
3028 2791 3218 2844 ἑαυτοῦ
3249 2791 3419 2844 οὐδέν.

2245 2880 2378 2934 Οὐδὲ
2399 2880 2508 2953 γὰρ
2541 2875 2656 2952 εἶχε
2685 2881 2848 2952 φύσιν
2893 2883 2999 2937 ὑπὸ
3044 2883 3252 2956 φθορᾶς
3275 2884 3603 2955 κατέχεσθαι
3666 2884 3768 2955 τὴν

499 2975 780 3029 tineretur.
834 2971 1011 3038 Quare
1057 2969 1312 3024 divinitas
1351 2967 1770 3036 haudquaquam
1811 2967 1875 3020 ad
1926 2983 2072 3020 mor-

2175 2970 2342 3041 ζωήν·
2385 2972 2575 3043 διόπερ
2624 2973 2722 3042 οὐχ
2759 2976 2790 3044 ή
2839 2973 3029 3046 θεότης
3056 2977 3135 3040 είς
3168 2976 3338 3039 πάθος
3381 2977 3764 3048 κατεσπάσθη.

497 3077 606 3122 tem
655 3073 927 3136 pertracta
976 3071 1078 3119 est.
1126 3062 1369 3129 Quonam
1416 3061 1559 3116 enim
1614 3061 1664 3115 id
1714 3059 1916 3115 modo?
1963 3059 2071 3115 Sed

2177 3063 2300 3126 Πῶς
2348 3063 2496 3134 γάρ;
2554 3065 2690 3117 Ἀλλ’
2717 3069 2752 3137 ἡ
2803 3066 3160 3138 ἀνθρωπότης
3201 3069 3280 3132 είς
3323 3068 3634 3140 ἀφθαρσίαν
3673 3070 3768 3123 ἀν-

495 3159 807 3217 humanitas
844 3157 912 3212 ad
947 3155 1406 3224 incorruptionem
1442 3163 1697 3207 renovata
1743 3161 1847 3206 est.
1896 3150 2068 3218 Opor-

491 3263 565 3309 tet
615 3254 775 3317 enim,
814 3252 1022 3320 inquit,
1061 3248 1283 3303 mortale
1309 3248 1406 3300 hoc
1444 3247 1661 3300 induere
1697 3246 2074 3300 immortalita-

491 3352 596 3398 tem
629 3358 648 3395 :
681 3351 730 3396 et
769 3338 1108 3405 corruptibile
1136 3339 1232 3390 hoc
1268 3335 1487 3389 induere
1536 3336 1983 3406 incorruptionem
2001 3335 2069 3389 '".

495 3432 677 3498 Vides,
709 3449 869 3504 quam
903 3439 1157 3487 accurate
1181 3427 1470 3498 loquatur?
1501 3426 1728 3486 Mortale
1757 3427 1876 3493 hoc,
1915 3426 2072 3498 quasi

492 3525 660 3597 digito
690 3523 1047 3589 monstravit,
1083 3533 1138 3574 ut
1171 3532 1239 3574 ne
1273 3529 1493 3590 putares
1538 3518 1676 3573 alius
1716 3519 1900 3574 carnis
1949 3532 2074 3574 esse

491 3617 967 3674 resurrectionem.

2176 3156 2479 3228 εκαινίσθη.
2500 3157 2601 3212 Δεῖ
2620 3159 2750 3228 γὰρ,
2769 3177 2846 3244 ξρη
2859 3161 2928 3223 :r‘t,
2961 3160 3028 3214 τὸ
3058 3161 3284 3229 θνητὸν
3311 3161 3486 3216 τοῦτο
3509 3164 3770 3244 ἐνδύσατ

2175 3250 2315 3302 σθαι
2340 3249 2705 3319 ἀφθαρσίαν.
2749 3253 2912 3323 Ὁρᾷς
2948 3253 3048 3316 τὴν
3082 3254 3398 3326 ἀκρίϐειαν;
3434 3255 3505 3309 Τὸ
3539 3257 3769 3322 θνητὸν·

2173 3338 2371 3403 τοῦτο,
2403 3338 2567 3405 ἔδειξε
2597 3341 2902 3408 δεικτικῶς,
2933 3344 3021 3397 ἵνα
3039 3344 3116 3416 μὴ
3131 3344 3294 3415 ἄλλης
3307 3345 3532 3419 νομίσῃς
3557 3346 3766 3420 σαρκὸς

2175 3432 2496 3487 ἀνάστασιν.

1668 3717 1753 3772 Ex
1782 3719 1896 3775 cod.
1933 3735 2032 3772 ms.
2068 3717 2130 3775 Β.
2165 3720 2230 3776 Ρ.
2264 3721 2554 3778 Sirmoudi.

487 3817 834 3890 Amphilocltii
851 3858 866 3882 ,
892 3833 957 3872 es;
978 3824 1212 3890 tractatu
1250 3817 1306 3869 in
1344 3815 1477 3890 illud
1502 3827 1520 3866 :
1545 3812 1661 3890 Non
1695 3822 1872 3882 potest
1897 3812 2063 3869 Filius

908 3903 939 3940 a
978 3903 1036 3942 se
1073 3886 1252 3941 iacere
1288 3887 1582 3954 quidquam
1601 3882 1670 3938 ⁷⁸.

552 3980 690 4037 Nam
723 3980 766 4035 si
800 3980 846 4035 is
871 3979 964 4050 qui
997 3976 1164 4032 semel
1209 3985 1304 4031 aut
1335 3978 1530 4031 iterum
1575 3975 1626 4030 in
1672 3974 1924 4044 presenti
1956 3989 2060 4031 εει.
2100 3991 2106 3997 ·

483 4073 608 4130 culo
654 4082 965 4142 peccasset,
1019 4073 1088 4123 ad
1130 4082 1301 4124 annos
1345 4067 1565 4138 triginta
1613 4074 1669 4120 et
1708 4078 1833 4120 octo
1875 4065 2065 4120 morbo

487 4165 720 4221 traditus
757 4172 841 4219 est
861 4164 940 4218 πε
973 4162 1096 4231 quis
1136 4170 1399 4216 :eternum
1442 4159 1743 4229 puniendos
1785 4160 2066 4215 dubitave-

491 4259 563 4313 rit
581 4272 708 4323 eos,
741 4257 830 4327 qui
857 4255 1023 4310 vitam
1056 4263 1223 4309 totam
1264 4253 1422 4324 genio
1461 4251 1799 4324 indulgentes
1826 4268 1890 4308 ac
1917 4253 2065 4310 volu-

485 4347 721 4416 ptatibus
743 4346 1079 4414 insumpsere
1095 4343 1120 4396 ‘I

2185 3819 2592 3888 Ἀμφιλοχίου,
2619 3820 2687 3899 ἐκ
2714 3820 2936 3899 τοῦαεὶς
2958 3819 3046 3899 τά.
3167 3821 3406 3899 ’δύναται
3433 3825 3462 3878 6
3495 3824 3622 3890 Υίὸς
3663 3829 3765 3898 ἀφ’

2656 3891 2851 3942 ἑαυτοῦ
2893 3894 3065 3944 ποιεῖν
3100 3893 3272 3949 οὐδέν.

2241 3978 2302 4030 Εἰ
2340 3976 2450 4050 γὰρ
2506 3979 2534 4031 6
2563 3980 2621 4032 ὲν
2659 3979 2739 4050 τῷ
2791 3981 2950 4035 αἰῶνι
2977 3982 3152 4053 τούτῳ
3186 3985 3515 4056 ἁμαρτάνων
3542 3988 3692 4056 ἅπαξ
3723 3989 3759 4061 ἤ

2165 4069 2438 4141 δεύτερον,
2484 4071 2578 4123 ὲπὶ
2614 4072 2758 4126 ὀκτὼ
2793 4074 2892 4126 καὶ
2942 4075 3238 4146 τριάκοντα
3287 4076 3381 4148 ἔτη
3431 4081 3766 4151 παρεδέδοτο

2166 4165 2236 4234 τῇ
2263 4162 2423 4234 νόσῳ·
2448 4164 2536 4228 τίς
2577 4165 2858 4236 ἀμφιϐάλῃ
2906 4166 3273 4221 ὃτιάθάνατα
3315 4169 3376 4222 οὐ
3411 4170 3763 4238 κολάζονται,

2167 4256 2216 4307 οἱ
2267 4255 2560 4327 ὁλόκληρον
2602 4257 2782 4311 αὐτῶν
2847 4258 2963 4328 βίον
3009 4261 3070 4314 ὲν
3118 4263 3239 4325 ταῖς
3273 4261 3487 4334 ἡδοναῖς
3541 4263 3766 4318 ἀναλώ-

2171 4360 2364 4410 σαντες
2382 4363 2399 4414 ;

2091 4461 2194 4522 XI.

1437 4557 1585 4628 Apud
1621 4556 2017 4624 Theodoritum,
2046 4557 2183 4615 Dial.
2209 4578 2290 4628 Ill,
2330 4564 2484 4630 ibid.,
2523 4579 2643 4634 pag.
2669 4565 2792 4621 {65.

481 4648 1057 4729 Saneti_Antphilochii
1099 4649 1326 4729 episcOpi
1371 4647 1576 4729 I_c_onii,
1615 4666 1685 4729 ea;
1725 4651 1965 4729 oratione
2002 4651 2058 4703 in

2175 4656 2277 4709 Τοῦ
2314 4657 2504 4729 Αὰγίου
2571 4657 2952 4727 Ἀμφιλοχὶου
3005 4659 3342 4716 ἐπισκόπου
3384 4662 3649 4729 Ἰκονίου,
3679 4667 3760 4722 ἐκ

549 4720 684 4773 illud
715 4733 736 4773 :
764 4721 932 4773 Amen
971 4734 1127 4772 amen
1168 4720 1288 4788 dico
1313 4721 1499 4778 vobis.
1534 4720 1628 4788 qui
1675 4719 1824 4772 audit
1851 4734 2059 4773 sermo-

553 4803 675 4842 neut
710 4804 883 4842 meum
905 4829 921 4854 ,
952 4798 1006 4841 et
1035 4788 1207 4844 credit
1235 4787 1286 4841 ei
1321 4789 1410 4857 qui
1451 4787 1597 4843 misit
1630 4803 1748 4854 me,
1778 4789 1940 4844 habet
1972 4790 2056 4844 vi-

554 4867 664 4911 tam
694 4869 952 4913 aeternam
975 4857 1042 4910 3°.

554 4948 721 5017 Cuius
755 4964 886 5018 ergo
919 4961 1045 5005 sunt
1071 4950 1394 5019 passiones?
1423 4950 1638 5005 Carnis.
1665 4951 1807 5022 Ergo
1843 4952 1885 5006 si
1918 4952 2055 5007 assi-

482 5057 618 5113 gnas
655 5043 803 5096 carni
840 5043 1144 5112 passiones,
1173 5042 1389 5112 assigna
1416 5043 1591 5096 eidem
1620 5044 1782 5098 etiam
1822 5043 2054 5099 humiles

481 5149 793 5189 sermones:
825 5137 912 5188 cui
965 5147 1090 5189 vero
1153 5133 1380 5188 ascribis
1440 5133 1742 5200 miracula,
1795 5136 2054 5191 sublimes

484 5225 660 5279 tribue
702 5237 1000 5278 sermones.
1046 5221 1178 5276 Nam
1227 5222 1368 5276 Deus
1411 5220 1670 5276 miracula
1701 5225 1897 5290 edens,
1927 5224 2051 5294 jure

481 5319 674 5373 merito
711 5316 956 5370 sublimia
997 5315 1255 5384 loquitur,
1288 5323 1342 5368 et
1364 5315 1620 5383 operi-bus
1647 5303 1906 5386 congrua.
1945 5317 2045 5384 Qui

480 5423 614 5464 vero
634 5409 836 5478 patitur
859 5408 1042 5473 homo,
1075 5416 1225 5462 recte
1253 5406 1479 5461 humilia
1502 5416 1683 5476 sonat,
1705 5419 1760 5463 et
1787 5409 2050 5479 passioni-

483 5501 580 5558 bns
608 5501 1002 5558 convenientia.

2232 4726 2352 4806 acii
2395 4730 2582 4806 λογον
2614 4729 2722 4782 τοῦ
2757 4731 2844 4806 sic
2875 4729 2965 4806 τὸ,
3015 4731 3186 4806 Ἀμὴν
3214 4733 3367 4806 ἀμὴν
3392 4733 3558 4806 λέγωίῄ
3593 4726 3756 4806 ὑμῖν,

2230 4798 2260 4877 6
2301 4797 2393 4877 τὸν
2448 4796 2605 4877 λόγον
2639 4816 2741 4877 μου
2762 4799 3007 4877 duodeni,
3038 4796 3152 4854 καῖ’
3177 4796 3570 4875 πιστεύων’τῷ
3603 4796 3760 4877 πέμ-ζ

2229 4867 2392 4935 ψαντί
2425 4885 2514 4938 με,
2539 4867 2649 4938 ἔχει
2677 4867 2820 4939 ζωὴν
2837 4868 3072 4923 αἰώνιον.

2229 4958 2388 5022 Τίνος
2448 4954 2542 5012 οὖν
2580 4960 2649 5013 τὰ
2689 4961 2870 5030 πάθη;
2903 4962 3016 5031 Τῆς
3059 4964 3283 5034 σαρκός.
3337 4965 3547 5019 Οὐκοῦν
3576 4969 3622 5020 εἰ
3662 4968 3756 5020 δὶ-

2157 5048 2265 5113 δως
2311 5050 2388 5119 (5)
2441 5051 2601 5122 σαρκὶ
2633 5051 2702 5104 τά
2732 5052 2902 5125 πάθη,
2940 5053 3028 5118 δὸς
3080 5055 3215 5126 αὐτῇ
3258 5055 3355 5110 καὶ
3387 5059 3511 5122 τοὺς
3549 5077 3754 5113 ταπει-

2157 5143 2282 5206 νοὺς
2324 5141 2536 5210 λόγους.
2579 5143 2686 5197 Καὶ
2716 5137 2760 5212 ᾦ
2796 5145 2867 5198 τὰ
2920 5145 3174 5216 θαύματα
3215 5150 3561 5222 ἐπιγράψεις,
3613 5154 3753 5218 τοὺς

2155 5232 2502 5304 ἀνηγμένους
2555 5235 2754 5299 ἀνάθες
2805 5237 3019 5306 λόγους·
3067 5243 3097 5293 6
3137 5240 3267 5311 γὰρ,
3305 5241 3756 5315 θαυμτουργῶν

2153 5325 2286 5388 Θεὸς
2342 5327 2567 5390 είκότως
2599 5328 2778 5398 ὑψηλά
2811 5329 2980 5392 λαλεῖ,
3009 5333 3104 5384 καὶ
3153 5333 3260 5386 τῶν
3312 5333 3488 5404 ἔργων
3517 5337 3749 5402 ἐπάξια·

2156 5418 2185 5469 ὁ
2214 5416 2270 5469 δὲ
2300 5417 2526 5488 πάσχων
2548 5420 2834 5491 ἄνθρωπος
2849 5423 3031 5487 καλῶς
3053 5424 3285 5479 ταπεινὰ
3310 5426 3625 5496 φθέγγεται,
3643 5431 3753 5485 καὶ

2151 5506 2262 5560 τῶν
2290 5509 2478 5564 παθῶν
2512 5513 2848 5584 κατάλληλα.

549 5689 910 5766 Ϊξξ-Οοεκχν,
938 5689 1027 5746 44.
1101 5691 1146 5722 ’⁷⁸
1179 5688 1333 5744 Joan.
1366 5705 1436 5745 xx
1457 5728 1473 5755 ,
1502 5690 1594 5744 27.
1677 5691 1724 5724 ⁷⁸
1752 5689 1909 5748 Joan.
1944 5707 2006 5756 v,
2037 5693 2074 5746 l‘

2205 5692 2460 5749 "lCor.
2492 5695 2706 5762 “,53.
2799 5696 2846 5728 ⁷⁸
2888 5697 3043 5754 Joan.
3097 5689 3166 5766 ν’,
3227 5699 3314 5755 l9.
3400 5702 3447 5735 "
3500 5701 3628 5760 ibid.
3681 5703 3761 5763 δέ

479 5757 525 5792 ⁸⁸
564 5761 691 5814 ibid.
747 5760 837 5813 24.

549 5849 628 5922 (5)
666 5853 735 5906 El
757 5850 952 5917 δίδως.
995 5849 1170 5910 Habes
1202 5851 1344 5908 hunc
1370 5851 1544 5908 locum
1578 5853 1716 5922 apud
1735 5852 2051 5911 Facundum
2088 5854 2555 5925 llermianensem,
2583 5859 2676 5916 lib.
2712 5874 2788 5924 ιι,
2817 5872 2937 5928 cap.
2971 5859 3027 5924 3,
3054 5874 3176 5930 pag.
3203 5859 3331 5916 761.
