4092 6394
429 446 531 505 111

1393 441 1452 497 s.
1494 424 1936 496 AMPlliLOCllll
1979 435 2361 495 lCONIENSlS
2399 433 2710 491 EPISCOPI

2007 560 2161 619 XIV.

1158 661 1308 731 Apud
1357 659 1672 714 Facundum
1706 657 2157 722 Hermianensem,
2189 657 2282 713 lib.
2321 672 2398 720 ιι,
2442 673 2557 724 cap.
2585 657 2638 719 5,
2664 670 2787 724 pag.
2815 653 2941 709 76!.

504 759 560 816 In
588 755 820 830 quodam
861 754 1143 818 Sermone,
1179 754 1255 807 ait
1284 752 1593 818 Facundus,
1619 753 1773 820 cujus
1810 751 2010 820 princi-
2042 769 2078 818 Α
2116 748 2253 802 Deus
2281 758 2358 802 est
2391 751 2678 802 secundum
2719 763 2954 800 carnem.
2997 745 3118 816 Ipse
3152 746 3291 799 enim
3335 761 3450 800 eam
3481 747 3682 815 forma-

428 855 576 926 pium
617 858 730 917 est,
769 847 937 918 Afer,
991 846 1147 900 hodie
1193 845 1308 915 (10)
1357 846 1633 899 certatiuos
1679 845 2002 912 attingamus

429 956 730 1006 sermones;
774 938 999 1007 loquens
1022 935 1088 990 de
1109 949 1174 988 eo
1209 933 1353 1003 quod
1392 933 1592 988 dictum
1617 941 1736 998 est,
1766 931 2002 985 Ascendo

431 1035 500 1088 ad
555 1031 772 1086 Patrem
825 1045 996 1084 meum
1051 1037 1100 1082 et
1155 1027 1370 1080 Patrem
1431 1035 1690 1087 vestrum,
1743 1036 1790 1076 et
1834 1022 2003 1076 Deum

430 1141 603 1179 meum
641 1134 687 1178 et
728 1122 896 1176 Deum
942 1131 1170 1175 vestrum
1192 1118 1261 1184 ⁸⁷,
1302 1117 1607 1172 Communis
1653 1123 1760 1182 est,
1807 1115 1999 1184 inquit,

433 1214 624 1278 Pater;
659 1212 822 1266 Pater
847 1211 1012 1279 ipsius
1036 1208 1246 1278 quidem
1279 1214 1492 1274 propter
1523 1212 1804 1267 naturam,
1829 1210 2005 1255 noster

430 1320 605 1381 autem
643 1285 854 1378 prapter
882 1307 1130 1377 gratiam.
1166 1300 1527 1356 Communiter
1558 1306 1735 1351 autem
1781 1307 1828 1350 et
1857 1295 1999 1349 Deus

430 1403 629 1456 dicitur
662 1399 776 1472 (ll)
806 1417 820 1452 :
853 1398 942 1453 sed
975 1404 1149 1450 noster
1186 1392 1396 1464 quidem
1435 1390 1578 1444 Deus
1613 1397 1690 1444 est
1713 1428 1728 1453 ,
1774 1389 1899 1458 quia
1937 1402 2002 1441 ex

431 1509 534 1548 non
573 1491 902 1549 exstantibus
954 1504 1046 1543 nos
1102 1496 1159 1540 ut
1207 1500 1435 1539 essemus
1479 1481 1650 1551 fecit:
1678 1479 1792 1550 ejus
1822 1488 2000 1534 autem

2109 841 2178 893 uit
2207 840 2264 892 in
2307 837 2534 910 Virgine,
2567 840 2677 907 ipse
2707 855 2821 893 eam
2854 839 3003 892 unxit
3025 839 3077 892 in
3104 836 3346 892 Iordane
3366 881 3381 902 ,
3425 841 3534 907 ipse
3565 857 3679 893 eam

2109 931 2414 998 pra'dicavit
2439 970 2454 996 ,
2503 932 2611 999 ipse
2659 947 2774 984 eam
2827 931 3143 1000 gloriﬁcavit
3174 931 3227 984 in
3264 929 3540 996 Passione,
3575 933 3682 1000 ipse

2109 1039 2221 1076 eam
2276 1023 2547 1076 suscitauit
2603 1041 2635 1076 a
2692 1024 2954 1087 mortuis,
3006 1024 3062 1075 in
3116 1025 3251 1076 nube
3295 1039 3456 1076 vacua
3495 1023 3678 1084 evexit,

2109 1115 2324 1168 dextera
2379 1115 2500 1168 sede
2560 1115 2772 1184 dignam
2829 1115 3051 1182 faciens.
3111 1111 3242 1167 Haec
3303 1115 3441 1168 enim
3502 1115 3679 1166 omnia

2108 1205 2198 1273 qui
2259 1205 2492 1258 ascendit
2553 1205 2622 1258 ad
2687 1204 2900 1258 Patrem
2951 1220 3159 1258 sumens
3202 1203 3392 1270 habet,
3442 1220 3545 1258 non
3593 1204 3686 1273 qui

2108 1307 2181 1349 est
2225 1296 2282 1348 in
2326 1295 2509 1348 Patre.
2564 1295 2628 1349 Et
2671 1297 2723 1349 in
2759 1297 2856 1349 hoc
2897 1295 3012 1348 loco
3059 1305 3360 1359 accusetur,
3392 1296 3531 1365 quod
3583 1311 3687 1347 non

2107 1402 2226 1440 eum
2275 1387 2366 1456 qui
2417 1397 2493 1440 est
2552 1388 2608 1440 in
2664 1385 2872 1453 Patre,

2108 1484 2179 1536 ad
2212 1481 2450 1539 Patrem.

2949 1385 3078 1439 dicit
3137 1402 3249 1440 esse
3309 1387 3399 1456 qui
3451 1386 3688 1439 ascendit

2023 1595 2153 1656 XV.

1443 1691 1529 1748 Ea:
1557 1692 1860 1748 collectione
1896 1689 2211 1748 Barlahami
2260 1712 2371 1766 reg.
2405 1698 2522 1752 cod.
2561 1714 2663 1752 ms.

619 1793 701 1846 Ad
737 1780 1010 1846 Seleucum
1051 1785 1269 1856 Trajani
1299 1785 1540 1854 prazton's
1574 1795 1828 1853 nepotem.

499 1951 675 2008 Credo
703 1951 758 2004 in
799 1965 962 2004 unum
993 1947 1198 2012 Deum,
1244 1945 1296 1999 in
1326 1943 1498 1998 tribus
1529 1941 1779 2011 personis
1817 1941 2002 2012 cogni-

431 2056 545 2102 tum
586 2062 600 2100 :
639 2043 1016 2097 universorum
1081 2053 1300 2093 causam
1355 2045 1408 2090 et
1449 2035 1695 2103 opiﬁcem
1747 2051 1760 2087 :
1800 2033 2006 2101 ingeni-

431 2145 543 2190 tum
576 2151 591 2189 :
621 2127 1224 2200 incomprehensibilem
1271 2144 1284 2180 :
1321 2123 1642 2180 invisibilem
1687 2139 1701 2178 :
1745 2137 2006 2192 superan-

431 2238 537 2283 tem
560 2224 854 2294 cogitatum
895 2240 908 2276 :
950 2217 1478 2286 incircumscriptum
1517 2233 1530 2270 :
1570 2214 2000 2270 immutabilem:

429 2317 798 2374 inrariabilem
823 2334 839 2370 :
863 2312 1244 2376 immortalem,
1272 2309 1509 2380 passioni
1535 2324 1641 2364 non
1670 2308 1962 2362 obnoxium
1985 2325 2000 2360 :

430 2409 749 2479 principium
787 2419 954 2459 unum
986 2403 1192 2471 absque
1235 2399 1532 2472 principio;
1574 2414 1638 2453 ac
1663 2412 1762 2453 nec
1803 2397 1856 2452 in
1901 2397 2005 2450 alio

429 2513 700 2570 quoquam
725 2494 993 2567 passionis
1030 2492 1401 2563 susceptivum
1440 2491 1562 2545 dico
1592 2509 1604 2544 :
1635 2498 1719 2545 est
1740 2489 1882 2543 enim
1911 2505 2005 2542 na-

429 2603 554 2650 tura
585 2593 766 2649 divina
793 2604 1016 2662 prorsus
1045 2603 1075 2643 a
1107 2588 1360 2658 passione
1405 2585 1683 2641 immunis.
1727 2583 1900 2640 Unum
1929 2583 2004 2638 si-

429 2685 646 2757 quidem
679 2683 848 2738 Deum
885 2682 1005 2737 dico
1027 2720 1044 2748 ,
1084 2680 1176 2749 qui
1211 2689 1293 2734 est
1328 2693 1453 2734 vere
1484 2678 1626 2734 Deus
1647 2718 1663 2744 ,
1714 2677 2003 2748 gentilismi

430 2781 560 2836 deos
591 2775 787 2832 multos
833 2775 1060 2846 fugiens.
1099 2772 1254 2839 Quod
1301 2787 1426 2827 vero
1474 2786 1611 2827 unus
1650 2780 2006 2840 cognoscatur

430 2874 484 2926 in
515 2871 687 2924 tribus
712 2867 984 2938 personis,
1013 2864 1277 2921 Judaismi
1311 2876 1395 2920 est
1416 2865 1651 2919 eversio.
1682 2862 1817 2918 Nam
1847 2865 2006 2919 Pater

431 2969 485 3022 in
527 2965 665 3021 Filio
694 2973 810 3031 est;
857 2971 912 3016 et
947 2960 1116 3015 Filius
1157 2959 1211 3012 in
1251 2956 1410 3012 Patre
1440 2975 1453 3011 :
1487 2954 1750 3025 Spiritum
1790 2956 1919 3010 item
1950 2956 2003 3010 in

431 3060 566 3114 Filio
625 3066 680 3113 et
732 3055 897 3111 Patre
952 3053 1237 3108 conﬁteor.
1284 3049 1453 3104 Porro
1503 3047 1688 3103 Jesum
1731 3049 2002 3103 Christum

2223 1786 2380 1857 Πρὸς
2408 1788 2710 1843 Σέλευκον
2744 1789 2850 1842 τὸν
2873 1787 3130 1858 ἔκγονον
3166 1784 3448 1856 Τραϊανοῦ
3475 1783 3583 1838 τοῦ

2677 1859 3112 1928 στρατηλάτου.

2178 1947 2426 2000 Πιστεύω
2454 1948 2534 2012 είς
2556 1948 2652 2001 ἕνα
2676 1948 2809 2001 Θεὸν
2841 1950 2897 2001 ἐν
2921 1948 3067 2019 τρισὶ
3093 1945 3492 2018 γνωριζόμενον
3522 1961 3694 2016 προσ-

2106 2035 2306 2100 ώποις·
2339 2039 2511 2090 αἴτιον
2552 2039 2648 2090 καὶ
2677 2038 3006 2110 δημιουργὸν
3043 2038 3151 2090 τῶν
3182 2038 3458 2096 ἁπάντων,
3491 2036 3697 2106 ἀγένη-

2105 2148 2217 2195 τον,
2257 2131 2662 2204 ἀκατάληπτον,
2689 2132 2937 2202 ἀόρατον,
2973 2130 3348 2201 ἁνεπινόητον,
3382 2128 3696 2198 ἀπερίγρα-

2105 2241 2226 2293 φον,
2249 2224 2538 2294 ἄτρεπτον,
2565 2222 2940 2288 ἀναλλοίωτον,
2966 2221 3252 2286 ἀθάνατον,
3279 2219 3464 2289 ἀπαθῆ
3493 2234 3508 2247 ’
3560 2220 3696 2289 μίαν

2105 2317 2281 2386 ἀρχὴν
2301 2317 2565 2387 ἄναρχον·
2596 2315 2720 2370 οὐτε
2751 2318 2809 2369 ἐν
2835 2316 3005 2388 ἑτέρῳ
3032 2316 3140 2369 τινὶ
3174 2314 3384 2376 πάθους
3427 2309 3569 2366 εἶναι
3603 2313 3696 2366 δε-

2107 2410 2297 2478 κτικὴν
2322 2407 2498 2478 φημί·
2529 2406 2703 2479 πάντη
2736 2408 2843 2479 γὰρ
2863 2406 3077 2476 ἀπαθὴς
3106 2407 3359 2477 τυγχάνει
3384 2407 3417 2476 ἠ
3441 2404 3558 2459 θεία
3586 2404 3696 2474 φύ-

2107 2515 2210 2561 σις.
2242 2499 2508 2571 Ἔναιγὰρ
2524 2499 2654 2552 Θεὸν
2681 2499 2843 2568 λέγω,
2875 2500 2966 2553 τὸν
2987 2501 3154 2562 ὅντως
3182 2499 3312 2552 ὅντα
3337 2497 3468 2552 Θεὸν
3489 2539 3504 2564 ,
3537 2496 3698 2550 πολυ-

2107 2591 2257 2645 Θεῖαν
2297 2591 2625 2664 ὲλληνισμοῦ
2665 2593 2903 2663 φεύγων.
2946 2593 3032 2646 Ἐν
3071 2593 3219 2663 τρισὶ
3270 2590 3328 2644 δὲ
3377 2588 3700 2663 προσώποις

2105 2685 2469 2757 γνωρίζεσθαι
2509 2686 2599 2739 τὸν
2641 2686 2758 2751 ἕνα,
2804 2683 3138 2755 Ἰουδαῖσμοῦ
3182 2685 3330 2736 ἐστιν
3383 2681 3695 2751 ἀνατροπὴ.

2106 2778 2297 2850 Πατὴρ
2329 2778 2439 2849 γὰρ
2462 2781 2518 2831 ὲν
2550 2777 2683 2848 Υἱῷ,
2724 2777 2820 2831 καὶ
2851 2777 2976 2839 Υίὺς
3009 2779 3067 2830 ὲν
3099 2776 3296 2847 Πατρὶ,
3333 2775 3426 2827 καὶ
3464 2772 3701 2843 Πνεῦμα.

2106 2871 2164 2923 ἐν
2221 2869 2336 2942 Υἱῷ
2375 2871 2470 2925 καὶ
2520 2871 2694 2940 Πατρὶ
2737 2869 3005 2940 ὁμολογῶ.
3045 2867 3344 2938 Προσκυνῶ
3385 2867 3443 2920 δὲ
3482 2866 3701 2936 Ἰησοῦν

2105 2963 2360 3035 Χριστὸν,
2399 2962 2664 3016 συναῖδιον
2689 2962 2770 3033 τῷ
2798 2962 2975 3031 Πατρὶ
3008 2960 3152 3014 κατὰ
3174 2959 3271 3031 τὴν
3301 2958 3530 3029 Θεότητα
3548 2975 3561 2989 ο
3595 2959 3702 3012 οὐκ

2105 3055 2314 3119 οὐσίας,
2352 3055 2450 3126 οὐχ
2498 3055 2784 3127 ὑπάρξεως
2824 3054 3044 3125 τρόπον,
3077 3052 3322 3123 νεότερον
3349 3051 3442 3104 τοῦ
3477 3051 3700 3122 [ἰατρὸς

431 3153 617 3218 adoro,
642 3148 791 3204 Patri
821 3145 1116 3201 secundum
1151 3141 1484 3198 divinitatem
1508 3150 1872 3206 coaeternum;
1907 3155 2005 3196 nec

2108 3147 2251 3200 κατὰ
2274 3146 2372 3218 τὴν
2397 3147 2646 3218 θεότητα.
2694 3146 2963 3210 Ὡσαύτως
3015 3146 3072 3199 δὲ
3115 3146 3210 3198 καλ⁵
3261 3144 3320 3196 τὸ
3369 3143 3594 3212 Πνεῦμα
3637 3142 3702 3195 τὸ

431 3243 778 3305 διιὺειοηιίω,
821 3254 919 3294 nec
951 3237 1282 3292 exsistentiie
1327 3235 1485 3288 modo
1517 3233 1788 3302 iuniorem
1825 3235 2007 3298 Patre,

428 3336 572 3407 quod
610 3333 806 3388 attinet
855 3331 923 3386 ad
971 3329 1248 3384 deitatem.
1283 3325 1546 3382 Similiter
1586 3340 1713 3380 vero
1749 3333 1805 3379 et
1838 3324 2011 3395 Spiri-

433 3435 544 3483 tum
579 3435 848 3480 sanctum.
897 3420 1159 3491 Equidem
1192 3416 1392 3471 Filium
1429 3416 1670 3486 genitum
1724 3415 1846 3469 dico
1893 3416 2010 3470 sine

431 3527 674 3587 tempore
710 3526 763 3570 et
795 3513 1097 3585 principio,
1155 3525 1367 3579 semper
1407 3509 1552 3562 Patri
1588 3523 1692 3578 qua
1735 3509 1876 3562 Deus
1904 3517 2006 3574 est,

430 3609 868 3665 coexsistentcm.
936 3604 1007 3658 At
1031 3603 1294 3672 Spiritum
1327 3611 1574 3655 sanctum
1605 3615 1670 3653 ex
1699 3599 1810 3653 Deo
1837 3611 1893 3653 et
1917 3597 2012 3652 Pa-

435 3712 515 3757 tre
560 3709 821 3755 atternum
851 3697 1228 3766 procedentem
1257 3694 1441 3750 credo.
1493 3693 1605 3746 Nec
1627 3692 1862 3762 Spiritus
1893 3706 2014 3760 pro-

431 3793 756 3853 cessionem,
796 3789 1206 3859 generationem
1237 3788 1358 3842 dico
1385 3805 1399 3842 :
1435 3800 1534 3841 nec
1562 3785 1682 3840 Filii
1713 3784 2013 3854 generatio-

432 3900 554 3940 nem
580 3924 595 3952 ,
627 3881 1028 3952 processionem
1065 3879 1208 3934 dico.
1244 3878 1377 3933 Cum
1416 3892 1578 3946 porro
1604 3877 1773 3932 series
1809 3874 2012 3930 oratio-

435 3977 518 4031 nis
572 3972 954 4046 postulaverit,
1001 3971 1122 4026 dico
1169 3985 1336 4024 unum
1391 3969 1594 4034 Deum,
1646 3983 1754 4022 non
1808 3982 2010 4037 negans

434 4069 782 4138 liypostases,
832 4064 926 4120 sed
970 4063 1063 4118 Dei
1113 4063 1333 4118 nomine
1360 4060 1671 4131 signiﬁcans
1695 4061 2013 4115 substantiae

431 4155 900 4213 communitatem.
943 4153 1079 4210 Cum
1130 4164 1312 4210 autem
1364 4155 1484 4208 dico
1528 4153 2010 4216 consubstantiale,

434 4267 538 4306 non
572 4251 728 4304 unius
750 4263 1015 4318 personae,
1058 4249 1153 4303 sed
1186 4247 1348 4300 trium
1382 4246 1506 4301 dico
1532 4246 2010 4302 consubstantiali~

434 4353 628 4409 tatem;
658 4341 836 4397 Patris
863 4340 1143 4406 nimirum,
1165 4339 1288 4393 Filii
1322 4347 1376 4394 et
1403 4339 1577 4393 sancti
1597 4336 1832 4408 Spiritus
1859 4357 1873 4392 :
1905 4354 2007 4392 una

430 4435 574 4488 enim
603 4448 828 4503 persona
859 4447 964 4487 non
1004 4432 1201 4487 dicitur
1238 4431 1341 4486 sibi
1369 4428 1878 4494 consubstantialis;
1911 4429 2007 4485 sed

2111 3239 2284 3308 ἆγιον.
2315 3239 2418 3292 Τὸν
2448 3239 2547 3309 μὲν
2575 3238 2686 3311 γὰρ
2707 3239 2833 3292 Υίὸν
2861 3239 3004 3309 φημὶ
3023 3236 3419 3308 γεγεννημένον
3448 3235 3701 3306 ἁχρὸνως

2111 3334 2206 3386 καὶ
2229 3331 2510 3403 άνάρχως,
2549 3333 2961 3404 συνυπάρχοντα
2984 3331 3073 3385 ἀεὶ
3096 3329 3174 3402 τῷ
3211 3332 3385 3402 Πατρὶ
3430 3332 3570 3384 κατά
3597 3330 3704 3398 τὴν

2111 3424 2360 3497 θεότητα.
2395 3425 2468 3478 Τὸ
2513 3425 2570 3478 δὲ
2611 3424 2834 3495 Πνεῦμα
2871 3424 2933 3476 τὸ
2969 3424 3123 3492 ἅγιον
3158 3423 3589 3494 ἐκπορευόμενον
3635 3424 3705 3474 ὲκ

2109 3517 2205 3570 τοῦ
2230 3515 2366 3569 Θεοῦ
2396 3517 2489 3570 καὶ⁹
2511 3516 2724 3588 Πατρὸς
2746 3515 2929 3578 ἀϊδίως
2959 3514 3220 3568 πιστεύω.
3251 3515 3361 3567 Καὶ
3401 3514 3500 3579 τὴν
3529 3515 3702 3567 ἐκπό-

2115 3626 2298 3680 ρευσιν
2354 3607 2447 3662 τοῦ
2489 3607 2828 3679 Πνεῦματος,
2860 3607 2920 3660 οὐ
2967 3607 3110 3678 φημὶ
3141 3605 3416 3676 γέννησιν.
3449 3606 3559 3659 Καὶ
3597 3605 3704 3677 τὴν

2111 3702 2364 3771 γέννησιν
2392 3699 2484 3753 τοῦ
2517 3699 2666 3764 Υίοῦ,
2690 3700 2749 3754 οὐ
2778 3699 2920 3768 λέγω
2947 3698 3292 3770 ὲκπόρευσιν.
3319 3697 3488 3750 Ὅταν
3512 3696 3568 3748 δὲ
3589 3696 3704 3749 τῶν

2110 3792 2417 3864 λεγομένων
2439 3795 2472 3862 ἡ
2503 3791 2792 3844 ἀκολουθία
2822 3792 3122 3862 ἀπαιτήσῃ,
3151 3789 3250 3842 ἕνα
3278 3788 3410 3841 Θεὸν
3437 3788 3602 3856 λέγω,
3637 3791 3700 3842 οὐ

2110 3883 2209 3947 τὰς
2238 3883 2565 3946 ὑποστάσεις
2588 3881 2950 3954 ἀρνούμενοςο
2992 3881 3128 3934 ἀλλὰ
3165 3879 3244 3950 τῷ
3275 3879 3369 3932 τοῦ
3401 3879 3538 3932 Θεοῦ
3577 3881 3701 3932 ὀνό-

2115 3991 2266 4044 ματι,
2321 3971 2382 4026 τὸ
2428 3972 2606 4026 κοινὸν
2650 3973 2747 4040 τῆς
2780 3972 2968 4034 οὐσίας
3001 3969 3303 4041 σημαίνων.
3343 3970 3510 4022 Ὅταν
3545 3969 3602 4021 δὲ
3640 3968 3705 4022 τὸ

2111 4066 2392 4138 ὀμοούσιον
2441 4066 2605 4136 λέγω,
2634 4067 2733 4136 οὐχ
2771 4065 2890 4128 ἑνὸς
2941 4063 3233 4135 προσώπου
3282 4063 3702 4133 ὁμοουσιότητα,

2111 4159 2248 4212 ἀλλὰ
2279 4157 2468 4229 τριῶν,
2493 4157 2635 4228 φημί
2657 4174 2670 4187 ο
2703 4155 2936 4227 Πατρὸς,
2970 4154 3100 4208 Υἰηῦ
3128 4155 3224 4208 καὶ
3251 4155 3406 4223 ἁγίου
3440 4153 3699 4224 Πνεύμα-

2111 4269 2220 4315 τος⁸
2246 4251 2305 4306 ἒν
2336 4251 2444 4323 γὰρ
2469 4251 2760 4322 πρόσωπον
2790 4249 3072 4320 ὁμοούσιον
3116 4247 3294 4318 ἑαυτῷ
3337 4250 3399 4300 οὐ
3446 4245 3699 4315 λέγεται·

2111 4339 2249 4393 ἀλλὰ
2311 4339 2518 4412 Πατὴρ,
2557 4340 2684 4403 Υἱὸς
2737 4342 2832 4394 καὶ
2874 4339 3118 4409 Πνεῦμα.
3167 4339 3230 4390 Ἦ
3280 4337 3337 4390 δὲ
3376 4337 3612 4408 διαφορὰ
3641 4338 3704 4392 ὲν

2113 4431 2442 4504 προσώποις,
2481 4433 2582 4486 οὐκ
2639 4433 2699 4484 ὲν
2743 4435 2810 4503 τῇ
2842 4431 3028 4503 οὐσία’
3063 4430 3123 4483 τὸ
3151 4429 3282 4502 γὰρ,
3319 4430 3530 4502 Πατὴρ,
3574 4429 3702 4493 Υἱὸς

431 4493 617 4590 Pater,
644 4524 814 4581 Filius
845 4533 902 4580 et
932 4523 1192 4594 Spiritus.
1221 4523 1488 4578 Caeterum
1517 4522 1796 4578 distinctio
1839 4537 2004 4592 penes

2108 4493 2202 4577 καὶ
2247 4493 2469 4596 Πνεῦμα
2507 4522 2569 4578 τὸ
2599 4493 3015 4596 ἆγιον,”τρόπου
3059 4493 3345 4593 ὐπάρέεως
3375 4493 3538 4594 ήτούν
3577 4523 3702 4593 σχέ-

429 4630 691 4686 personas
724 4617 1038 4681 attenditur,
1086 4632 1193 4670 non
1239 4630 1404 4685 penes
1445 4614 1826 4670 submantiam.
1878 4613 2003 4670 H330

2109 4635 2248 4682 σεως
2284 4618 2542 4688 ὀνόματα,
2569 4617 2681 4672 ἀλλ’
2713 4618 2815 4670 οὐκ
2835 4616 3022 4678 οὐσίας
3051 4615 3262 4678 ἁπλῶς.
3298 4613 3561 4684 Δηλώσει,
3587 4616 3616 4667 ὁ
3639 4614 3703 4666 τὸ

428 4710 598 4772 enim,
631 4707 812 4772 Pater,
845 4706 1015 4763 Filius
1038 4717 1093 4762 et
1127 4707 1360 4778 Spiritus
1381 4717 1620 4772 sanctus,
1648 4707 1862 4762 nomina
1881 4717 2005 4762 sunt

2108 4705 2196 4763 οὖν
2236 4704 2374 4762 εἶναι
2424 4710 2518 4762 τοῦ
2553 4709 2786 4781 Πατρὸς,
2835 4709 2917 4773 τὸ,
2961 4711 3125 4774 Θεὸς.
3161 4707 3236 4760 Τὸ
3263 4707 3321 4760 δὲ
3351 4705 3495 4770 τινὸς
3535 4701 3696 4768 εἶναι,

427 4787 944 4853 ιιιοάἰόχεὶειθηιίω
997 4813 1092 4852 seu
1130 4797 1494 4866 habitudinis,
1526 4813 1633 4852 non
1687 4797 2005 4854 substantiae

2108 4801 2193 4863 τὸ,
2247 4801 2300 4853 '0
2333 4799 2570 4870 Πατήρ·
2605 4803 2700 4855 καὶ
2735 4801 2798 4854 τὸ
2829 4800 2886 4853 δὲ
2924 4801 3074 4865 τινὸς
3115 4797 3253 4853 εἶναι
3286 4798 3380 4852 τοῦ
3425 4796 3583 4863 Θεοῦ,
3613 4797 3698 4861 τὸ,

429 4888 696 4943 absolute.
732 4888 884 4954 Quod
931 4887 1093 4958 igitur
1122 4897 1208 4942 est
1242 4887 1417 4942 Patris
1463 4887 1763 4943 declarabit
1807 4904 2002 4942 nomen

2108 4892 2266 4957 Θεός.
2306 4892 2411 4946 Τοῦ
2442 4893 2498 4946 δὲ
2523 4893 2665 4958 τινὸς
2693 4889 2831 4948 εἶναι
2864 4894 2979 4958 τοῦ,
3017 4895 3169 4959 Υἱός.
3206 4891 3480 4956 Ὡσαύτως
3515 4891 3610 4944 καὶ
3637 4891 3700 4942 τὸ

430 4979 606 5045 Deus;
643 4980 784 5044 quod
829 4994 959 5035 vero
997 4989 1078 5034 est
1110 4980 1582 5048 alieujus,_nomen
1634 4981 1815 5035 Pater.
1872 4981 2005 5036 Esse

2108 4983 2329 5054 Πνεῦμα
2371 4985 2431 5038 τὸ
2465 4985 2636 5054 ἅγιον.
2667 4980 2766 5040 Ὧν
2808 4986 2864 5039 δὲ
2897 4987 2957 5040 τὸ
2985 4982 3121 5039 εἶναι
3159 4985 3378 5050 ταυτὸν,
3412 4983 3615 5037 τούτων
3662 4984 3699 5052 ἡ

427 5085 592 5137 porro
616 5071 842 5140 alicujus
885 5072 1017 5131 Dei.
1049 5070 1191 5125 Deus
1218 5082 1296 5125 est
1330 5089 1342 5123 :
1382 5072 1523 5139 quod
1551 5085 1677 5126 vero
1709 5072 1796 5126 hic
1831 5072 1998 5126 alicu-

2108 5075 2263 5129 οὐσία
2305 5076 2424 5146 μία.
2464 5077 2650 5130 Ταῦτα
2689 5079 2785 5148 μὲν
2823 5078 2953 5151 περὶ¹
2997 5079 3096 5149 τῆς
3133 5077 3420 5149 ὁμοουσίου
3467 5075 3698 5147 Τριάδος

425 5178 513 5233 jus
557 5167 659 5230 sit,
700 5163 916 5221 Filius:
947 5164 1196 5219 similiter
1244 5163 1410 5218 etiarn
1467 5163 1701 5234 Spiritus
1749 5175 1992 5220 sanctus.

2108 5167 2245 5220 κατὰ
2269 5169 2368 5239 τὴν
2394 5171 2533 5241 ἐμὴν
2553 5169 2781 5242 δύναμιν
2803 5171 3076 5243 εἰρείσθω.

429 5259 670 5325 Quorum
693 5271 874 5316 autem
903 5267 986 5314 est
1007 5259 1147 5312 idem
1167 5271 1310 5323 esse,
1335 5257 1525 5312 horum
1558 5272 1664 5312 una
1691 5257 1993 5312 substantia
2033 5268 2136 5313 est.
2174 5260 2240 5314 Et
2281 5261 2395 5317 hinc
2476 5263 2738 5320 hactenus
2777 5265 2845 5322 de
2887 5263 3340 5321 consubstantiali
3402 5263 3694 5320 Trinitate.

429 5354 570 5422 quod
597 5369 838 5408 mearum
875 5363 959 5407 est
991 5350 1211 5404 virium.

499 5531 544 5562 "
571 5529 732 5586 Joan.
764 5545 860 5597 xx,
884 5529 970 5582 l7.

501 5689 614 5758 (10)
652 5691 800 5758 Alfer
842 5689 1016 5743 hodie.
1055 5688 1214 5759 Φέρε,
1255 5690 1514 5759 σήμερον,
1544 5697 1650 5759 etc.
1682 5688 2005 5759 vertendum

2117 5688 2252 5759 alios
2273 5698 2488 5759 exstare
2522 5703 2637 5759 non
2667 5686 2914 5759 memini.
2951 5685 3215 5759 Sinuouu.

429 5752 626 5823 fuerat,
660 5752 788 5828 Λρε,
825 5775 935 5814 non
983 5752 1149 5826 Affer'.
1179 5752 1639 5828 Sed"ctijusmodi
1699 5758 2010 5828 Graecorum
2118 5826 2144 5828 _
2189 5758 2302 5826 (ll)
2344 5755 2484 5810 Deus
2535 5757 2748 5828 dicitur.
2805 5755 2986 5828 Codex
3045 5756 3242 5828 Veron.
3283 5770 3350 5808 ex
3406 5752 3698 5811 collatione

430 5825 767 5882 versionibiis
802 5831 874 5882 uti
904 5825 1075 5883 soleat
1104 5825 1550 5896 Facundos,'jam
1589 5828 1793 5882 monui.
1842 5827 2014 5896 llujus
2117 5825 2507 5882 Blanchiniana
2549 5825 2736 5882 Venet.
2773 5829 2905 5882 edit.
2943 5827 3082 5880 Deus
3115 5825 3429 5894 Deus;sed.

432 5912 595 5958 porro
656 5899 1117 5962 Ampliilocbiana:
1175 5899 1442 5954 orationis
1487 5900 1816 5954 mentionem
1871 5899 2009 5968 apud
