4092 6388
378 375 484 430 “5
1589 371 1997 428 SENTENTIA?
2039 371 2125 424 ΕΤ
2169 366 2555 423 EXCERPTA.
3588 360 3686 414 ll!

815 489 910 544 Ex
940 492 1125 545 eadem
1149 489 1455 544 Barlahami
1482 489 1684 543 collect.
1716 507 1822 558 reg.
1855 488 1974 542 cod.
2005 485 2173 539 habet
2199 485 2361 539 etiam
2388 481 2700 536 Anastasius
2728 479 2939 534 Sinaita
2979 479 3032 531 in
3064 477 3298 545 lledego.

407 600 806 670 Ἀμφιλοχίου
829 603 1184 656 ἐπισκόπου
1212 603 1475 664 Ἰκονίου,
1501 603 1571 656 ἐκ
1599 602 1709 672 τῆς
1735 601 1884 671 πρὸς
1912 599 2015 654 Σέ-

2073 596 2469 668 ιΑηιρΙιίιοεΙιὶἱ
2528 594 2755 663 episcopi
2791 591 3027 672 _Iconii,
3075 605 3141 644 ea:
3195 586 3410 657 epistola
3469 587 3537 638 ad
3592 587 3689 642 Se-

912 677 1145 727 .levxor
1170 661 1519 742 ἐπιστολῆς.
1656 661 1700 672 ‘7
1774 661 1791 671 ’
1863 661 1876 668 7
2219 661 2228 668 7

1389 661 1519 742 λῆς.
1656 661 1700 672 ”
1774 661 1791 671 ’
1863 661 1876 668 7
2219 661 2228 668 7
2558 661 2565 663 7
2703 661 2710 662 7
2784 661 3005 716 leucum.

485 763 550 814 Ἡ
574 760 862 831 ληφθεῖσα
902 764 1018 834 (12)
1064 764 1259 834 πάσχει
1303 765 1496 833 φύσιςο
1556 766 1590 835 ἡ
1647 765 1705 816 δὲ
1747 763 2006 829 λαϐοῦσα,

2187 757 2398 812 Patitur
2428 765 2704 826 assumpta
2736 767 2929 810 natura
2965 772 2979 809 :
3013 768 3136 822 qua;
3164 763 3343 805 autem
3373 750 3683 818 assumpsit,

417 852 627 924 ἀπαθὴς
688 853 868 924 μένει.
931 856 1237 908 Οἰκειοῦται
1287 857 1345 908 δὲ
1397 858 1425 908 ὁ
1466 855 1596 918 Θεὸς
1650 856 1821 923 Λόγος
1867 857 2009 909 ἀπα·

2111 857 2294 904 manet
2327 848 2664 918 impatibilis.
2693 847 2962 902 Caeterum
2991 845 3129 898 Deus
3156 842 3390 897 Verbum
3425 841 3686 894 humanas

429 946 529 1008 θὼς
562 945 671 1014 (15)
704 945 777 998 τὰ
824 947 922 999 τοῦ
960 947 1088 1000 ἰδίου
1121 946 1244 1000 ναοῦ
1275 947 1589 1018 ἀνθρώπινα
1623 947 1766 1017 πάθη
1787 962 1802 977 ο
1843 963 2007 998 σταυ-

2113 941 2214 994 sibi
2273 940 2585 1010 passiones,
2649 939 2850 1010 templo
2896 937 3178 1009 proprias,
3232 933 3380 988 nulla
3435 931 3686 1002 passione

437 1042 521 1110 ρον
551 1057 688 1110 φημι
719 1041 820 1093 καὶ
853 1040 1103 1098 θάνατον,
1147 1040 1240 1093 καὶ
1269 1039 1337 1091 τὰ
1367 1039 1520 1106 ἄλλα,
1551 1039 1650 1093 ὅσα
1689 1039 1816 1109 περὶ
1844 1036 2007 1090 αὑτὸν

2113 1035 2332 1089 asciscit
2358 1053 2372 1088 :
2402 1033 2530 1098 sibi,
2597 1033 2838 1102 inquam,
2867 1045 3081 1085 crucem
3107 1037 3162 1084 et
3185 1036 3435 1088 mortem,
3458 1034 3512 1078 et
3539 1038 3688 1093 quae-

435 1132 780 1201 οξκονομικῶς
835 1131 1150 1203 θεωρεῖται,
1206 1130 1495 1184 οἰκειοῦται
1550 1130 1712 1194 αὐτὸς
1759 1131 1788 1183 ὁ
1839 1129 2002 1193 Θεὸς,

2112 1140 2325 1194 cunque
2367 1124 2470 1178 alia
2504 1125 2650 1179 circa
2678 1125 2853 1194 ipsum
2888 1120 3291 1191 dispensatione
3323 1126 3470 1188 gesta
3505 1115 3686 1170 consi-

434 1218 586 1281 αὐτὸς
616 1219 843 1290 πάσχων
865 1219 1019 1272 οὐδέν
1051 1219 1182 1288 (14).

2113 1218 2398 1282 derantur,
2427 1217 2568 1271 Deus
2592 1217 2736 1286 ipse,
2773 1215 2906 1269 nihil
2945 1215 3061 1283 ipse
3087 1211 3298 1283 patiens
3321 1251 3337 1277 ,
3376 1207 3685 1278 appropriat

2106 1321 2162 1363 et
2194 1324 2291 1364 sua
2325 1308 2476 1364 facit.

443 1434 852 1504 'Apgtloxlov,
891 1433 959 1488 ἐκ
994 1433 1103 1502 τῆς
1139 1434 1288 1504 πρὸς
1326 1437 1628 1490 Σέλευκον
1651 1437 1999 1507 ἐπιστολῆς.

1863 1437 1999 1507 λῆς·
2317 1443 2666 1515 Amphilochii
2686 1485 2699 1509 ,
2724 1459 2789 1496 ea:
2825 1439 3046 1512 epistola
3077 1440 3146 1492 ad
3177 1436 3476 1492 Seleucum.

515 1548 654 1601 Ἀλλ’
681 1549 868 1620 ἐπειδὴ
897 1550 976 1614 εἰς
1012 1549 1070 1602 ἓν
1110 1550 1398 1621 πρόσωπον
1433 1551 1770 1605 συντελοῦσιν
1818 1555 1873 1607 αἱ
1903 1553 2002 1622 φύ-

2180 1559 2314 1626 Qnia
2342 1573 2475 1613 vero
2499 1567 2707 1611 naturae
2728 1557 2780 1610 in
2805 1570 2966 1610 unam
2987 1566 3273 1622 personam
3302 1557 3528 1604 coeunt:
3553 1562 3682 1600 ven-

430 1658 548 1704 σεις
586 1641 720 1712 (15)·
746 1644 781 1712 ἡ
817 1642 1029 1714 ἀπαθὴς
1056 1644 1124 1698 τὰ
1148 1643 1246 1714 τῆς
1283 1643 1527 1714 παθητοῦ
1551 1645 1864 1699 οἰκειοῦται.

2107 1651 2250 1704 dicat
2281 1667 2309 1705 a
2332 1650 2588 1721 passione
2611 1649 2898 1713 immunis,
2931 1660 3050 1715 quae
3070 1651 3320 1714 spectant
3339 1641 3406 1697 ad
3435 1649 3681 1694 naturam

2108 1744 2346 1799 Dassioni
2377 1743 2690 1798 obnoxiam.

601 1840 756 1906 Apud
781 1840 839 1896 S.
864 1841 1120 1896 Joannem
1148 1843 1551 1912 Damascenum,
1588 1845 1679 1900 lib.
1715 1854 1900 1900 contra
1934 1845 2230 1913 Jacohilas,
2255 1858 2383 1903 tom.
2409 1849 2451 1913 l,
2477 1845 2783 1917 pagg.'4‘25,
2807 1842 2934 1910 424,
2963 1845 3090 1897 edit.
3120 1839 3299 1896 Paris.
3333 1841 3492 1896 1712.

473 1954 583 2009 τοῦ
607 1955 782 2032 ἁγίου
830 1959 1202 2032 Ἄμραοχίου
1223 1961 1560 2015 ἐπισκόπου
1596 1963 1862 2028 Ἰκονίου,
1904 1964 1971 2019 ἐκ
2038 1969 2084 2029 Β

2064 1962 2298 2027 ιδαησιὶ
2332 1962 2686 2032 Amphilochii
2734 1960 2961 2032 egiscoyii
2993 1958 3197 2024 Iconii,
3243 1971 3308 2011 ea:
3354 1953 3571 2024 epistola
3612 1957 3680 2008 ad

710 2027 818 2094 τῆς
848 2027 998 2096 πρὸς
1035 2029 1335 2084 Σέλευκον
1367 2032 1717 2101 ἐπιστολῆς.
1848 2027 1855 2028 7
2040 2027 2063 2029 7

1436 2032 1717 2101 ῖιστολῆς.
1848 2027 1855 2028 7
2040 2027 2063 2029 7
2434 2027 2443 2032 7
2759 2029 3052 2084 Seleucum.

499 2118 658 2171 Οὕτω
689 2119 818 2170 Θεὸν
853 2119 960 2189 (16)
994 2121 1087 2173 καὶ
1113 2120 1394 2192 ἄνθρωπον
1420 2123 1512 2176 τὸν
1551 2123 1784 2194 Χριστὸν
1810 2124 2004 2193 ὁμολο-

2182 2124 2274 2180 Sic
2318 2122 2596 2179 Christum
2646 2120 2813 2174 Deum
2857 2127 2912 2173 et
2967 2115 3235 2171 hominem
3276 2111 3554 2178 conﬁteor,
3588 2110 3682 2165 Dei

429 2208 534 2276 τῶ,
557 2208 648 2261 τὸν
679 2209 803 2262 Υἰὸν
836 2211 928 2263 τοῦ
959 2211 1113 2277 Θεοῦ,
1145 2212 1240 2264 ἕνα
1267 2213 1415 2281 Υἱὸν,
1443 2213 1535 2266 δύο
1565 2215 1802 2281 φύσεων,
1829 2216 2004 2285 παθη-

2111 2217 2328 2279 Filium,
2355 2214 2550 2269 Filium
2580 2226 2773 2277 unum,
2801 2211 3027 2264 duarum
3055 2216 3391 2268 naturarum,
3411 2202 3685 2274 passibilis

429 2301 530 2370 τῆς
561 2317 618 2379 τε
640 2302 734 2353 καὶ
763 2301 1024 2367 ἀπαθοῦς,
1055 2303 1254 2375 θνητῆς
1285 2322 1343 2358 τε
1375 2308 1470 2359 καὶ
1500 2305 1788 2360 ἀθανάτου.

2110 2311 2314 2366 scilicet
2344 2317 2401 2363 et
2435 2304 2787 2376 impassibilis
2809 2343 2826 2369 ,
2859 2300 3100 2356 mortalis
3137 2309 3192 2354 et
3232 2297 3576 2352 immortalis.

502 2415 610 2467 Kal
657 2416 784 2483 μετ’
825 2416 1017 2485 ὀλίγα.
1070 2416 1203 2470 Ἕνα
1245 2417 1390 2478 Υἱὸν,
1434 2418 1528 2471 δύο
1572 2418 1786 2487 φύσεὼν
1835 2438 2002 2492 φημι,

2180 2423 2248 2476 Et
2277 2423 2457 2493 paucis
2496 2417 2807 2488 interjectis.
2852 2414 3030 2471 Unum
3067 2411 3295 2477 Filium,
3330 2413 3557 2467 duarum
3594 2411 3679 2466 in-

432 2506 770 2576 ἐσυγχύτως,
805 2507 1106 2578 ἀτρέπτως,
1141 2509 1478 2580 ἁδιαιρέτως.
1519 2510 1724 2580 Πάσχει
1756 2512 1934 2566 τοίνυν
1977 2515 2006 2566 ὁ

2111 2531 2272 2586 quam
2322 2525 2685 2577 naturarum,
2735 2513 2854 2566 sine
2901 2509 3256 2574 confusione,
3312 2505 3683 2567 conversione.

434 2599 687 2668 Χριστὸς,
719 2601 748 2652 ὁ
775 2601 900 2663 Υἱὸς
931 2601 1023 2654 τοῦ
1052 2601 1207 2664 Θεοῦ,
1241 2603 1300 2655 οὐ
1333 2602 1568 2674 θεότητι,
1623 2604 1738 2656 ἀλλ’
1794 2604 2007 2676 ἀνθρω-

2110 2607 2472 2679 separatione.
2527 2604 2740 2660 Patitur
2792 2605 2976 2672 itaque
3028 2601 3304 2664 Christus,
3357 2599 3449 2652 Dei
3497 2597 3689 2662 Filius,

435 2691 632 2761 πότητι
650 2691 782 2762 (Π).
814 2693 1123 2758 Τουτέστιν,
1145 2695 1172 2745 ὁ
1192 2694 1322 2758 Θεὸς
1346 2694 1514 2748 ἔπαθε
1544 2694 1740 2766 σαρκί·
1770 2695 1884 2748 ἀλλ’
1908 2697 2007 2767 οὐχ

2115 2717 2218 2754 non
2266 2701 2500 2764 deitate,
2543 2698 2637 2752 sed
2692 2695 3050 2751 humanitate.
3095 2692 3208 2747 Hoc
3244 2701 3362 2757 est,
3397 2690 3534 2744 Deus
3565 2705 3687 2760 pas-

433 2786 467 2856 t‘,
490 2786 680 2857 θεότης
707 2787 865 2858 σαρκὶ
891 2787 1112 2844 ἔπαθεν.
1131 2791 1342 2860 Ἄπαγε
1368 2790 1430 2844 τὸ
1453 2791 1713 2862 δυσμενὲς
1738 2792 1830 2845 καὶ
1843 2792 2008 2864 βλὰσιι

2113 2808 2206 2848 sas
2238 2803 2322 2846 est.
2345 2805 2510 2846 carne
2536 2807 2549 2844 :
2580 2789 2999 2858 haudquaquam
3032 2799 3161 2839 vero
3195 2799 3350 2855 passa
3401 2793 3485 2838 est
3523 2794 3691 2837 carm

432 2896 507 2948 φη
516 2896 634 2950 μον,
670 2878 888 2934 δείλαιε.

2115 2885 2309 2939 deitas.
2365 2881 2669 2946 Facessat,
2737 2880 2928 2946 miser,
2992 2877 3210 2933 inimica
3269 2876 3689 2945 blasphemaque

2116 2972 2302 3028 istlnec
2331 2971 2595 3041 opinatio.

1551 3077 1637 3132 Ex
1669 3080 1846 3132 eadem
1871 3079 2180 3136 Barlahami
2205 3083 2409 3137 collect.
2449 3099 2549 3136 ms.

485 3168 866 3238 Ἂμςριλοχίου
894 3169 1229 3224 ἐπισκόπου
1261 3172 1526 3243 Ἰκονίου,
1571 3171 1642 3226 ἐκ
1681 3170 1792 3241 τῆς
1826 3173 1976 3241 πρὸς
2034 3181 2077 3239 C

1085 3241 1402 3295 Σέλευκον.

2073 3175 2458 3244 LAmphilocltii
2518 3174 2750 3244 episcopi
2799 3171 3022 3295 than“,
3074 3185 3139 3225 ea:
3183 3167 3405 3239 epistola
3471 3166 3539 3220 ad
3593 3164 3689 3221 Se-

2820 3257 3027 3295 eucum.

1131 3257 1383 3295 ελευκον
1389 3283 1402 3296 .

2799 3257 3026 3298 teucum.

514 3331 641 3384 Ἐὰν
668 3332 861 3384 εἴπωσι
893 3331 970 3394 ὡς
999 3334 1126 3402 μιᾶς
1155 3333 1341 3395 οὐσίας
1369 3329 1528 3398 εἶναι,
1565 3335 1878 3405 ἐρωτήσατε
1907 3335 2008 3389 αὐ-

2181 3333 2316 3388 Cum
2352 3331 2445 3386 tibi
2475 3332 2713 3387 dixerint
2737 3347 2857 3386 esse
2883 3331 3043 3384 unius
3082 3327 3424 3392 substantiae,
3459 3339 3691 3395 percun-

428 3422 557 3485 τούς
584 3439 597 3450 ·
641 3423 765 3486 Πῶς
801 3419 893 3476 οὖν
920 3423 1059 3477 κατὰ
1088 3425 1184 3494 μὲν
1213 3425 1312 3496 τὴν
1340 3425 1568 3496 θεότητα
1598 3426 1784 3497 ἀπαθῆ
1817 3426 2007 3496 λέγετε

2110 3434 2261 3479 ctare
2289 3423 2408 3478 illos
2441 3443 2454 3478 :
2489 3422 2590 3489 Qui
2629 3437 2757 3493 ergo
2794 3421 3071 3477 Christum
3117 3419 3296 3475 dicitis
3338 3417 3687 3488 impatibilem

431 3515 695 3586 Χριστόν·
730 3515 870 3569 κατὰ
890 3516 944 3569 δὲ
967 3515 1064 3587 τὴν
1092 3517 1289 3585 σάρκα,
1325 3517 1594 3589 παθητόν;
1630 3518 1702 3571 Τὸ
1733 3518 1843 3588 γὰρ
1879 3521 2009 3589 μιᾶς

2114 3517 2412 3570 secundum
2460 3515 2844 3579 divinitatem;
2892 3511 3186 3568 secundum
3213 3524 3346 3565 vero
3386 3507 3690 3564 humanita-

432 3607 681 3676 ὑπάρχον
715 3606 922 3673 οὐσίας,
951 3607 1071 3662 ὅλον
1109 3609 1322 3679 ὅμοιον·
1353 3609 1387 3680 ἢ
1423 3609 1531 3682 γὰρ
1550 3608 1760 3674 ἀπαθὲς
1801 3609 1940 3676 ὅλον,
1972 3609 2006 3680 ἢ

2116 3617 2260 3673 tem,
2303 3606 2614 3677 patibilem?
2660 3607 2814 3673 Quod
2857 3605 3002 3660 enim
3041 3605 3202 3658 unius
3239 3591 3552 3657 substantias
3583 3609 3686 3664 est,

433 3698 694 3768 παθητόν-
2115 3709 2286 3752 totum
2344 3699 2520 3754 simile
2562 3708 2684 3754 est:
2715 3713 2841 3752 nam
2879 3696 2962 3752 vel
3010 3695 3310 3764 impatibile
3365 3703 3568 3759 totum,
3607 3690 3692 3745 vel

2109 3789 2353 3858 patibile.

1413 3893 1500 3949 Ex
1527 3895 1820 3949 Elementis
1848 3895 2161 3957 Damascem‘
2207 3903 2660 3974 Rupefucaldinis.

440 3990 552 4045 Τοῦ
571 3991 870 4061 μακαρίου
897 3989 1362 4113 Ἀμφὲλοχίουλὲηκ
1389 3989 1500 4059 τῆς
1525 3989 1677 4060 πρὸς
1701 3987 2006 4046 Σέλευκον

679 4094 688 4100 .
1077 4074 1256 4112 πιστο
1301 4078 1395 4128 ης.

1900 4008 2006 4046 κον
2285 3997 2351 4052 Β.
2383 3998 2738 4067 Ampltilocltii
2765 4014 2830 4052 ea:
2858 3997 3080 4068 epistola
3112 3997 3182 4050 ad
3213 3993 3516 4051 Seleucum.

505 4154 678 4220 Λόγος
705 4147 771 4222 ἦν
795 4152 921 4223 περὶ
951 4152 1052 4222 τῆς
1086 4149 1328 4214 ὲνώσεως
1355 4167 1368 4179 ·
1419 4150 1513 4205 καὶ
1563 4150 1645 4204 ὅτι
1680 4148 2014 4220 ἀναθεματι-

2187 4154 2318 4209 Erat
2347 4170 2529 4210 sermo
2572 4156 2638 4210 de
2677 4157 2876 4209 unione
2901 4174 2914 4210 :
2939 4154 3190 4225 quodque
3229 4154 3264 4206 ii
3321 4152 3428 4207 sint
3468 4149 3692 4203 anathe—

435 4247 628 4318 ςθῆναι
655 4246 758 4316 χρὴ
788 4247 910 4308 τοὺς
941 4244 1038 4314 τὴν
1072 4245 1136 4296 ὲκ
1181 4244 1390 4314 μήτρας
1434 4243 1627 4295 ἕνωσιν
1666 4240 1774 4296 τῶν
1798 4242 2012 4312 φύσεων

2120 4259 2268 4302 male
2299 4247 2656 4315 percellendi,
2685 4248 2774 4316 qui
2800 4248 3049 4300 unionem
3078 4255 3392 4299 naturarum
3432 4257 3497 4296 ex
3535 4251 3689 4295 utero

433 4336 661 4398 λύοντας
683 4353 695 4366 ο
728 4335 805 4386 ἔτι
841 4335 945 4404 μὴν
973 4334 1069 4387 καὶ
1101 4333 1239 4386 κατὰ
1264 4331 1576 4402 σύγχυσινῆ
1607 4331 1814 4403 τροπὴν
1837 4332 2017 4386 νοοῦνι

2121 4339 2368 4405 solvunt;
2397 4340 2464 4393 ad
2491 4339 2606 4392 haec
2631 4352 2779 4404 vero,
2813 4337 2848 4391 ii
2885 4338 3046 4391 etiam
3070 4337 3159 4404 qui
3190 4331 3513 4388 ineffabilem
3545 4331 3687 4384 illam

433 4444 533 4488 τας
563 4427 663 4497 τὴν
695 4425 930 4494 ἇρῥητον
966 4423 1180 4475 ἕνωσιν.
1219 4423 1427 4493 Ὥσπερ
1461 4421 1570 4491 γὰρ
1610 4421 1670 4474 τὸ
1695 4421 1791 4491 τὴν
1825 4421 2016 4474 ἕνωσιν
2047 4415 2049 4467 ί

2076 4416 2093 4467 )
2121 4441 2172 4484 et
2204 4445 2462 4484 arcanam
2492 4430 2745 4484 unionem
2769 4429 3088 4484 confusione
3111 4425 3415 4494 intelligunt
3441 4433 3495 4476 et
3523 4431 3692 4475 muta-

431 4517 712 4586 χωρίζειν,
744 4515 844 4584 τῆς
869 4512 1174 4585 ὀρθοδοξίας
1202 4513 1312 4584 (18)
1336 4512 1634 4584 ἀλλότριον,
1669 4512 1761 4564 καὶ
1796 4511 1898 4576 ἔξω
1913 4511 2015 4581 τῆς

2123 4522 2288 4577 tione.
2310 4521 2445 4576 Nam
2469 4522 2610 4575 sicut
2630 4521 2846 4573 unionis
2864 4519 3056 4574 divisio
3073 4517 3308 4571 alienum
3337 4515 3467 4568 facit
3490 4529 3520 4566 a
3544 4524 3689 4568 recta

429 4608 693 4677 ἀληθείας
726 4609 819 4660 καὶ
854 4608 952 4676 τῆς
984 4605 1130 4675 ζωῆς
1152 4623 1164 4634 ⁸
1200 4605 1342 4659 οὕτω
1384 4607 1476 4660 καὶ
1518 4605 1579 4657 τὸ
1631 4605 1879 4674 συγχέειν
1916 4603 2014 4666 τὰς

2121 4614 2261 4675 fide,
2305 4623 2566 4681 extraque
2599 4611 2880 4664 veritatem
2931 4617 2986 4665 et
3038 4609 3199 4662 fidem
3256 4604 3580 4661 constituit:
3619 4603 3687 4655 ita

431 4701 654 4769 φύσεις,
689 4702 787 4769 τῆς
827 4697 1081 4768 θεότητος
1112 4696 1206 4750 καὶ
1250 4693 1352 4767 τῆς
1391 4695 1832 4767 ἁνθρωπότητος,
1860 4693 2014 4747 ἀλλό-

2116 4713 2172 4758 et
2203 4713 2520 4756 naturarum
2547 4699 2818 4764 confusio,
2863 4701 3058 4755 divina:
3092 4702 3310 4768 inquam
3339 4710 3395 4752 et
3423 4697 3690 4754 humanae.

427 4809 583 4863 τριον
610 4788 1048 4862 χριστιανισμοῦ.

2119 4793 2355 4848 alienum
2399 4805 2430 4846 a
2471 4791 2879 4847 christianismo
2911 4790 3055 4846 facit.

2011 4907 2146 4967 XVI
2157 4953 2170 4966 .

1573 5008 1659 5062 Ea;
1688 5024 1813 5063 mss.
1845 5008 2022 5062 codice
2045 5008 2114 5064 R.
2147 5007 2214 5062 Ρ.
2244 5009 2534 5064 Sirmondi.

442 5102 834 5174 Ἀμριλοχίου
885 5102 1164 5168 Ἰκονίου,
1193 5103 1260 5158 ἐκ
1313 5102 1424 5172 τῆς
1471 5103 1624 5172 πρὸς
1675 5101 2011 5174 Παγχάριον

2124 5103 2471 5173 Amphilochii
2502 5102 2794 5158 Iconiensis
2825 5101 3079 5172 episcopi,
3121 5117 3186 5155 ea:
3209 5101 3428 5169 epistola
3467 5098 3687 5168 dogma-

501 5258 616 5342 (12)
746 5262 928 5329 ληφθ.
959 5257 1120 5342 [Iuno
1141 5267 1193 5312 et
1217 5259 1461 5342 proxime
1482 5267 1794 5342 sequentem
1826 5259 2000 5342 locum

2182 5269 2295 5342 (16)
2337 5271 2524 5335 οὕτω,
2564 5289 2619 5324 κ.
2663 5290 2714 5327 τ.
2748 5270 2797 5325 λ.
2833 5271 2960 5326 Haec
2992 5272 3188 5328 desunt
3228 5270 3369 5340 apud
3428 5267 3691 5322 Combeli—

434 5328 623 5385 recitat
675 5328 909 5384 Joannes
958 5329 1316 5383 Datuascenus
1353 5330 1444 5383 lib.
1484 5341 1667 5383 contra
1705 5328 2001 5397 Jacobitas,
2111 5328 2274 5397 sin‘m,

435 5399 637 5488 IOIln‘.ml,
663 5415 788 5488 pag.
994 5471 1037 5488 η
1274 5470 1287 5488 1
1387 5478 1402 5488 ⁸
1551 5469 1565 5488 1
1592 5470 1631 5488 ἢ

2116 5483 2147 5488 _
2183 5412 2294 5482 (17)
2333 5410 2656 5488 Πάσχα-τ
2683 5412 2818 5466 ἀλλ’
2852 5412 3282 5488 ἀνθρωπότητι.
3316 5407 3463 5488 ΛΙΙιιο
3520 5420 3691 5472 usque

649 5469 938 5552 ξᾼπαθῷς-
994 5471 1118 5526 Ηέεε
1143 5485 1241 5552 ξ’(ζξ
1257 5470 1407 5552 ἀθθὲῐι
1431 5469 1567 5552 aliud
1592 5470 2001 5552 Damascenum-
2115 5469 2508 5536 Da7tna7scenus7:
2555 5481 2714 5552 Hinc,
2743 5489 2922 5535 autem
2961 5469 3165 5552 rursus
3189 5469 3264 5533 7ad
3290 5478 3476 5552 liuent
3520 5469 3692 5552 usque

503 5542 608 5612 (ll)
639 5542 976 5596 Οίκειοῦτιιι
1003 5570 1075 5580 ——
1104 5540 1319 5612 occsa.
1347 5540 1435 5612 Sic
1472 5543 1832 5598 Damascenus
1869 5561 1883 5597 :
1924 5545 2005 5595 oi-
2113 5563 2119 5599 1

2113 5552 2468 5606 Combclisius
2554 5568 2621 5605 ex
2705 5551 2917 5605 laudata
2997 5548 3304 5605 Barlahatni
3379 5540 3691 5600 collectione

433 5608 666 5666 κειοῦται
720 5613 888 5675 αὐτὸς
947 5613 1172 5682 πάσχων
1205 5609 1374 5665 οὐδέν.
1418 5608 1740 5682 Intermedia
1787 5614 2008 5668 librario
2111 5637 2214 5676 ms.

432 5686 980 5760 excitlisseividcntur
1012 5680 1598 5760 obrepetitutuginég.
1683 5751 1694 5760 _
1866 5750 1902 5760 __
1947 5752 1978 5760 __

2184 5690 2296 5760 (18)
2341 5690 2456 5758 Τῆς
2484 5690 2848 5758 ὀρθοδοξίας.
2889 5689 2984 5745 llis
3013 5689 3256 5744 addenda
3286 5701 3384 5741 vox
3439 5689 3605 5744 ποιεῖ.
3634 5696 3690 5738 ιιι

492 5756 600 5826 (l5)
632 5759 705 5811 Al
733 5756 990 5826 φύσεις.
1037 5753 1280 5808 Damasc.
1319 5751 1376 5805 αἱ
1413 5749 1586 5806 διτταὶ
1628 5751 1837 5820 φύσεις.
1866 5750 2010 5807 Reli-

492 5844 519 5884 a
545 5829 740 5885 desunt
770 5826 907 5882 ibid.

1137 5765 1280 5806 nasc.
1319 5751 1376 5805 αἱ
1413 5749 1586 5806 διτταὶ
1628 5751 1837 5820 φύσεις.
1866 5750 2010 5807 Βθιί·
2113 5749 2346 5816 advertit
2377 5749 2753 5817 cumbelisius.

420 5843 519 5898 qna
545 5831 740 5885 desunt
770 5831 844 5882 ibi
