4092 6390
462 367 572 429 ξιιὸ

1428 366 1484 421 S.
1532 365 1982 423 AMPHILOCHII
2025 368 2413 426 lt‘.()NlENSIS
2452 369 2764 427 EPISCOPl

3613 373 3706 432 Ηὸ

530 484 735 558 ιεςο-αιί
767 483 1124 558 Panchprium
1156 483 1762 558 diaconumisidensem.
1798 486 1990 554 Incipit
2017 506 2034 540 :

2212 487 2496 541 διάκονον
2530 489 2713 554 Σίδης
2753 485 3118 558 δογματικῆς
3157 484 3523 555 ἐπιστολῆςν
3563 506 3635 557 ης
3669 487 3706 558 ἠ

527 555 761 608 Gavisus
786 570 902 609 sum
930 555 997 609 de
1039 567 1108 620 te,
1143 555 1224 608 vir
1251 556 1652 623 probatissime.

532 644 701 699 Plane
734 645 934 714 impius
967 656 1050 700 est
1093 657 1148 700 et
1184 647 1393 702 alienus
1423 663 1452 702 a
1487 651 1754 716 veritate,
1805 654 1896 722 qui
1931 670 2034 710 non

459 737 611 804 dicit,
639 737 916 792 Christum
946 739 1187 793 omnium
1233 738 1568 795 Salvatorem
1601 751 2036 814 creato-remque,

459 830 759 883 secundum
793 830 982 882 ambas
1011 839 1235 882 naturas
1261 830 1456 897 quibus
1477 833 1750 898 consistit,
1782 832 2038 890 facultate

459 920 674 976 arbitrii
724 922 1039 991 praeditum,
1083 920 1500 992 ellicacemque,
1552 934 1718 993 atque
1770 927 1838 980 ab
1889 928 2036 980 onmi

461 1013 792 1068 necessitate
826 1012 1078 1070 liberum.

2209 558 2385 626 ἀρχήο
2414 559 2626 628 Ἵισθην
2660 559 2753 610 ἐπί
2785 574 2887 620 σοι,
2915 556 3276 626 δοκιμώτατε.

2226 648 2453 720 Ἀσεϐἡς
2487 649 2656 712 ὅντως
2692 649 2828 713 ἐστὶ,
2859 649 2952 701 καὶ
2993 650 3091 719 τῆς
3133 648 3390 715 ἀληθείας
3421 649 3706 719 ἀλλότριος,

2139 741 2169 791 ὁ
2201 740 2274 810 μὴ
2303 739 2480 808 λέγων
2518 739 2608 792 τὸν
2646 739 2878 810 Χριστὸν
2913 739 3024 808 (20)
3063 739 3157 791 τὸν
3183 740 3410 810 Σωτῆρα
3447 739 3552 791 τῶν
3583 740 3710 794 ὅλων

2141 834 2235 886 καὶ
2263 833 2512 905 ποιητὴν,
2545 835 2664 886 κατ’
2693 833 2860 903 άμρω
2880 832 2988 885 τῶν
3016 830 3076 896 ἐξ
3106 826 3180 884 ὦν
3211 834 3326 884 ἐστι
3359 831 3499 884 κατά
3538 831 3710 900 φύσιν,

2142 926 2510 991 αὐτεξούσιον,
2543 926 2636 980 καὶ
2670 926 2891 996 ὲνεργῆ,
2935 927 3030 978 κα)⁸
3070 926 3251 995 πάσης
3281 925 3527 995 ἀνάγκης
3570 924 3713 978 ἐλεύ-

2142 1017 2319 1087 θερον.

2020 1133 2228 1198 .XVII.

1447 1233 1530 1288 Ea:
1564 1233 1858 1288 Elementis
1898 1233 2209 1286 Damasceui
2261 1231 2718 1302 Rupefucaldinis.

466 1324 744 1394 Ejusdem,
770 1339 835 1378 ea:
859 1323 1080 1394 epistola
1102 1341 1261 1394 quam
1289 1326 1495 1393 scripsit
1519 1326 1587 1380 ad
1609 1324 1957 1392 Suadremu,
1977 1329 2041 1381 de

997 1393 1182 1449 sancta
1219 1393 1502 1450 Trinitate.

544 1550 657 1606 Una
687 1550 1028 1619 potissimum
1057 1551 1108 1604 in
1141 1550 1325 1623 Moyse
1354 1553 1708 1606 annnntiatur
1740 1553 1997 1607 divinitas
2025 1573 2037 1606 :

469 1639 524 1692 in
554 1640 833 1708 prophetis
857 1651 1036 1694 autem
1065 1640 1306 1695 binarius
1341 1640 1632 1709 plurimum
1674 1641 2034 1710 praedicatur;

2154 1326 2263 1380 Τοῦ
2275 1326 2502 1406 ἀὺτοῦ,
2534 1325 2602 1378 ἐκ
2628 1324 2738 1406 τῇς
2770 1325 3098 1406 ’ἔραξε-[τηις
3134 1323 3235 1378 ὑπ’
3273 1323 3462 1406 αύτοιξ
3485 1323 3714 1406 ἐπιστο-

2219 1396 2537 1520 πρὸς
2580 1395 2720 1460 τοὺς
2770 1397 2838 1448 ἐν
2890 1395 3156 1463 Συέδραν
3204 1395 3338 1463 περὶ
3389 1395 3498 1462 τῆς
3549 1395 3716 1462 ἁγίας

2257 1486 2296 1533 ρ
2397 1485 2483 1533 ος.

2217 1486 2568 1626 ἑξόιῗτῖὲςμία
2605 1557 2662 1608 ὲν
2708 1555 2933 1609 Μωῦσεῖ
2979 1554 3212 1625 μάλιστα
3257 1553 3718 1622 καταγγέλλεται·

2142 1650 2274 1712 δυάς
2305 1649 2361 1702 δὲ
2390 1651 2448 1702 ὲν
2481 1649 2787 1719 προφήταις
2819 1647 3021 1718 σφόδρα
3061 1646 3395 1717 κηρύσσεται
3416 1664 3430 1677 ο
3471 1646 3638 1716 Τριάς
3661 1643 3718 1698 δὲ

467 1732 562 1785 sed
603 1732 654 1785 in
686 1731 992 1802 Evangeliis
1023 1733 1400 1787 manifestatur
1444 1734 1714 1789 Trinitas:
1750 1737 1919 1804 magis
1949 1752 2039 1790 se-

2147 1745 2202 1796 ὲν
2225 1739 2578 1810 Εὐαγγελίοις
2610 1737 2938 1811 φανεροῦται
2955 1755 2970 1770 ο
2994 1737 3177 1792 πλεῖον
3209 1737 3352 1790 κατά
3377 1738 3601 1807 καιροὺς
3628 1737 3720 1790 καὶ

468 1819 704 1872 cundum
742 1827 1040 1889 temporum
1065 1822 1585 1892 generationumque
1619 1825 2040 1892 successionem,

461 1909 609 1977 justo
638 1925 942 1980 congruens
991 1914 1057 1965 ad
1101 1915 1379 1968 scientiam
1411 1926 1465 1969 et
1509 1917 1688 1970 tidem.
1730 1916 1855 1985 Ejus
1879 1933 2042 1988 porro

467 2003 732 2071 scientia,
785 2004 1165 2061 immortalitas
1205 2017 1307 2063 est.
1349 2007 1535 2064 Oritur
1591 2019 1772 2064 autem
1822 2012 2042 2080 adoptio

459 2110 535 2151 ex
571 2097 690 2165 ejus
722 2097 844 2151 ﬁde.
885 2097 1125 2152 Primum
1173 2100 1524 2156 nihilominus
1568 2101 1814 2171 justitias
1863 2107 2042 2158 carnis

467 2185 669 2252 edicit,
701 2187 844 2241 velut
888 2189 1214 2243 exteriorem
1247 2190 1429 2259 templi
1467 2200 1718 2246 ornatum
1759 2192 1812 2245 in
1861 2191 2044 2262 Moyse

468 2278 803 2332 exsuscitet:
832 2290 953 2348 post
989 2280 1104 2334 haec
1148 2291 1329 2336 autem
1373 2283 1640 2338 secundas
1679 2295 1899 2339 enarrat
1926 2287 2042 2340 ani-

469 2381 574 2420 mae
618 2367 1068 2437 justiﬁcationes,
1099 2372 1247 2425 velut
1283 2373 1482 2427 Sancta
1542 2387 1769 2430 exornet
1823 2377 1874 2430 in
1922 2377 2042 2433 aliis

470 2457 770 2524 prophetiis
804 2477 818 2513 :
857 2459 1015 2514 tertio
1071 2460 1305 2532 denique
1345 2463 1567 2531 spiritus
1607 2464 2038 2533 justiticationes,

470 2548 618 2602 velut
650 2550 1084 2620 propitiatorium
1107 2591 1121 2614 ,
1167 2551 1476 2624 Sanctaque
1506 2565 1850 2624 sanctorum,
1875 2559 2045 2612 domi-

469 2641 654 2695 cilium
706 2657 904 2708 suum,
965 2645 1016 2698 in
1072 2645 1377 2714 Evangeliis
1407 2649 1507 2702 rite
1532 2659 1843 2716 componat.
1874 2650 2043 2706 Porro

470 2733 632 2788 habet
670 2733 1075 2788 tabernaculum
1132 2747 1375 2792 sanctum
1402 2778 1419 2802 ,
1473 2739 1730 2808 templum
1775 2751 2041 2806 sanctum,

471 2824 644 2896 legem
689 2826 893 2896 justam
929 2826 1035 2881 illis
1078 2830 1355 2883 comitem.
1399 2828 1614 2884 Habitat
1664 2847 1792 2886 vero
1842 2834 1892 2887 in
1955 2835 2044 2889 illo

471 2913 726 2967 divinitas
764 2930 869 2968 una
909 2915 1172 2970 immensa
1213 2933 1226 2970 :
1260 2933 1363 2971 una
1421 2917 1676 2974 divinitas
1735 2919 2041 2986 ineil‘abilis,

471 3005 939 3076 inconceptibilis,
992 3007 1584 3078 incomprehensibilis,
1640 3011 2039 3077 inenarrabilis,

2147 1835 2338 1904 γενεάς
2370 1833 2688 1905 ἁρμόζουσα
2714 1831 2793 1902 τῷ
2817 1830 3010 1900 δικαίῳ
3039 1831 3118 1892 είς
3139 1829 3342 1897 γνῶσιν
3373 1829 3468 1882 καὶ
3503 1828 3678 1881 πίστι»
3698 1841 3716 1861 ο

2146 1927 2346 1995 γνῶσις
2377 1925 2435 1978 δὲ
2474 1925 2643 1995 αὐτῆς
2684 1923 2973 1977 ἀθανασία.
3018 1922 3114 1975 Ἐκ
3162 1921 3400 1984 πίστεως
3453 1921 3511 1973 δὲ
3555 1918 3720 1988 αὐτῆς

2148 2018 2390 2072 υἱοθεσία
2415 2017 2646 2086 γίνεται.
2691 2015 2851 2070 Ἀλλά
2881 2014 3098 2086 πρῶτον
3144 2011 3492 2083 δικαιώματα
3525 2011 3720 2082 σαρκὸς

2147 2109 2431 2177 ὲκφράζει,
2473 2107 2548 2170 ὡς
2581 2107 2926 2178 περιϐόλαιον
2953 2104 3083 2159 ναοῦ
3119 2104 3209 2158 τὸν
3248 2105 3354 2170 ἔξω
3385 2103 3720 2172 διεγείρουσα

2147 2205 2206 2256 ὲν
2238 2203 2464 2255 Μωῡσεί
2485 2216 2499 2230 ⁸
2533 2199 2761 2270 δεύτερα
2789 2199 2846 2251 δὲ
2875 2196 3217 2267 δικαιώματα
3245 2196 3423 2266 ψυχῆς
3457 2197 3722 2266 ἐκδιηγεῖ-

2145 2310 2258 2355 ται,
2286 2291 2362 2353 ὡς
2395 2290 2466 2343 τὰ
2492 2289 2656 2358 Ἀγια
2689 2285 2988 2357 κοσμοῦσα,
3020 2288 3076 2339 ὲν
3107 2285 3319 2348 λοιπαῖς
3346 2283 3722 2362 προφητείαις·

2146 2383 2328 2453 τρίτον
2357 2381 2415 2433 δὲ
2452 2379 2799 2449 δικαιώματα
2830 2377 3157 2448 πνεύματος,
3191 2376 3266 2441 ὡς
3305 2376 3365 2429 τὺ
3394 2377 3722 2445 ἱλαστήριον.

2147 2473 2242 2526 καὶ
2273 2471 2341 2526 τὰ
2375 2472 2540 2540 ’Ἅγια
2563 2471 2671 2524 τῶν
2699 2471 2868 2539 ἀγίων
2895 2469 3247 2540 ρυθμίζουσα,
3286 2470 3342 2520 ἐν
3376 2466 3724 2534 Εὑαγγελίοις

2149 2565 2470 2634 κατοίκησιν
2500 2562 2699 2632 ἑαυτῆς
2719 2579 2732 2590 ο
2764 2561 2968 2632 σκηνὴν
2987 2560 3043 2613 δὲ
3067 2559 3248 2629 ἁγίαν,
3274 2559 3400 2613 ναὸν
3428 2559 3607 2626 ἆγιον,
3635 2557 3723 2638 τον

2147 2658 2354 2710 δίκαιον
2399 2655 2511 2726 ἔχει
2553 2656 2736 2725 νόμον,
2782 2654 2874 2707 τὸν
2929 2653 3154 2706 συνόντα
3203 2651 3440 2713 τούτοις·
3483 2648 3727 2702 κατοικιε

2148 2751 2230 2804 ἔτι
2258 2749 2315 2802 δὲ
2345 2749 2404 2801 ὲν
2427 2747 2576 2818 αὑτῷ
2603 2747 2699 2818 μία
2723 2746 2911 2818 θεότης
2931 2745 3156 2816 ἄπειρος
3177 2763 3190 2775 ο
3218 2744 3314 2814 μία
3345 2743 3540 2812 Θεότης
3561 2743 3724 2812 ἀφρα-

2152 2859 2309 2906 στος·
2371 2841 2762 2912 άπερινόητος⁶
2833 2839 3216 2909 άκατάληπτος
3241 2855 3254 2868 ·
3310 2837 3727 2906 άνεκδιήγητος⁹

2149 2935 2378 3005 ἀόρατος
2402 2948 2416 2961 °
2455 2933 2655 3004 ἑαυτὴν
2686 2931 3029 3000 γινώσκουσα
3073 2930 3208 3000 μόνη
3231 2944 3246 2960 ο
3284 2930 3378 2982 καὶ
3407 2928 3609 2998 ἑαυτὴν
3632 2928 3728 2998 ἑμ-

2152 3025 2450 3097 φανίζουσα
2479 3019 2561 3088 οἷς
2585 3023 2850 3094 βούλεται,
2873 3022 3156 3094 μάρτυρας
3180 3022 3343 3090 ἑαυτῇ
3365 3019 3724 3090 διεγείρουσα,

471 3097 796 3165 invisibilis;
823 3113 944 3168 quae
977 3099 1088 3153 sola
1120 3114 1179 3155 se
1205 3100 1318 3170 ipsa
1353 3110 1673 3170 cognoscat;
1715 3116 1886 3172 seque
1927 3107 2042 3174 qui-

2152 3118 2544 3190 προορίξουσα’
2602 3114 2936 3169 ἑνωποιοῦσα
2983 3114 3144 3168 πάλιν
3195 3113 3332 3185 πρὸς
3385 3112 3484 3183 τὴν
3535 3111 3726 3180 ὲαυτῆς

471 3188 575 3245 bus
606 3189 756 3256 velit,
783 3198 946 3246 testes
977 3192 1078 3248 sibi
1109 3194 1404 3257 suscitans,
1440 3193 1778 3248 manifestam
1819 3197 2044 3264 prodat;

469 3282 860 3350 praedestinaus
898 3291 954 3338 et
994 3283 1337 3352 prmﬁniens:
1379 3285 1444 3338 ad
1491 3301 1642 3338 suam
1689 3302 1901 3340 rursum
1930 3288 2046 3359 glo-

470 3373 609 3427 riam
642 3373 939 3444 fidetnque,
966 3391 1128 3429 unum
1167 3373 1388 3429 faciens.
1435 3376 1574 3432 Sunt
1615 3377 1715 3431 tria
1759 3379 1906 3442 haec,
1936 3394 2043 3432 cae-

471 3463 643 3529 lestia,
678 3469 945 3525 terrestria
975 3477 1020 3519 et
1053 3467 1261 3534 in[erna
1291 3465 1360 3521 ⁸⁸.

2149 3209 2304 3273 δόξαν
2334 3208 2426 3262 καὶ
2470 3206 2670 3262 πίστιν.
2707 3207 2789 3260 Τὰ
2829 3207 2955 3279 τρία
2998 3205 3196 3264 ταῦτα·
3230 3203 3588 3273 ἐπουράνια,
3605 3203 3726 3256 ἐπί-

2152 3318 2300 3370 rem,
2335 3295 2432 3353 καὶ
2460 3299 2844 3366 καταχθόνια.

1788 3583 1871 3638 Ea:
1891 3586 2077 3642 iisdem
2108 3589 2416 3646 Elementis.

969 3671 1054 3730 Ea;
1087 3676 1268 3727 eadem
1299 3675 1541 3744 epistola.

543 3762 644 3830 Qui
688 3778 792 3818 non
823 3764 1113 3818 confitetur
1153 3776 1264 3820 tres
1293 3768 1613 3835 hypostases
1662 3777 1717 3824 et
1761 3783 2070 3837 personas,-

475 3854 528 3908 in
565 3871 668 3908 una
698 3854 1024 3910 substantia.
1073 3855 1275 3921 Porro,
1313 3859 1457 3912 haud
1485 3859 1645 3914 aliam
1683 3859 2044 3932 substantiam

472 3944 598 3999 dico
625 3955 822 4014 praeter
853 3944 1146 4012 deitatem;
1185 3947 1325 4001 haud
1363 3949 1522 4002 aliam
1561 3950 1816 4006 deitatem
1848 3963 2046 4021 praeter

474 4035 869 4089 substantiam:
903 4037 997 4088 sed
1028 4037 1150 4103 quia
1189 4037 1270 4091 sic
1309 4049 1500 4092 exacte
1533 4055 1641 4093 rem
1685 4042 2042 4110 exquirimus,

473 4125 829 4180 substantiam
855 4142 1148 4193 vocamus;
1180 4138 1236 4182 ut
1269 4145 1336 4184 ne
1367 4131 1513 4186 aliud
1531 4141 1586 4187 et
1606 4132 1748 4189 aliud
1784 4135 2048 4204 ejusmodi

474 4217 624 4274 vafer
656 4219 933 4276 obtendat.

2701 3683 2803 3735 Ἐκ
2837 3680 2946 3750 τῆς
2972 3681 3183 3750 αὐτῆς.

2230 3775 2290 3827 ὐ
2321 3773 2395 3844 μὴ
2431 3772 2709 3844 ὁμολογῶν
2747 3777 2896 3846 τρεῖς
2941 3774 3272 3836 ὑποστάσεις
3314 3775 3373 3826 ἐν
3391 3753 3506 3842 Ῑιιᾷ
3537 3770 3728 3844 οὐσίᾳο

2147 3865 2245 3934 οὐχ
2274 3863 2466 3935 ἑτέραν
2509 3864 2567 3917 δὲ
2609 3864 2752 3933 λέγω
2792 3865 2981 3919 οὐσίαν
3024 3864 3177 3934 παρά
3213 3866 3312 3936 τὴν
3335 3863 3600 3934 θεότητα·
3632 3864 3730 3934 οὐχ

2149 3957 2339 4026 ἑτέραν
2381 3955 2438 4008 δὲ
2489 3955 2718 4028 θεότητα
2748 3955 2900 4028 παρά
2944 3957 3044 4028 τὴν
3089 3957 3297 4009 οὐσίαν.
3341 3955 3502 4009 Ἀλλά
3544 3955 3634 4009 διὰ
3669 3956 3729 4008 τὸ

2150 4045 2322 4111 οὕτως
2369 4046 2650 4118 ἀκριϐοῦν,
2684 4047 2869 4100 οὐσίαν
2900 4046 3202 4118 καλοῦμεν·
3239 4046 3324 4099 ἵνα
3363 4045 3438 4117 μὴ
3477 4044 3609 4100 ἄλλο
3637 4043 3730 4098 καὶ

2151 4139 2277 4194 ἄλλο
2306 4140 2334 4192 ὁ
2353 4138 2592 4201 τοιοῦτος
2619 4138 2946 4210 ῥᾳδιουργεῖ.

2025 4341 2214 4410 XVIII
2224 4389 2236 4400 .

817 4439 902 4498 Ea:
944 4444 1172 4500 concilio
1199 4443 1416 4499 Nicaeno
1441 4459 1501 4512 ιι,
1533 4445 1650 4500 Act.
1680 4462 1735 4510 ν,
1765 4461 1886 4515 pag.
1913 4445 2042 4500 10H

2147 4461 2226 4496 tm.
2254 4441 2367 4497 Vlll
2421 4441 2714 4497 Concilior.
2748 4442 2875 4496 edit.
2916 4441 3045 4498 Ven.
3099 4439 3263 4496 Labb.

473 4529 655 4587 Sancti
691 4533 1042 4603 Amphilochii
1074 4539 1301 4604 episcopi
1333 4536 1536 4602 Iconii,
1573 4538 1642 4592 de
1680 4537 1830 4592 falsis
1856 4552 2041 4606 supero

2151 4535 2260 4589 Τοῦ
2297 4534 2480 4606 ἁγίουΔ
2517 4535 2894 4606 Ἀμφιλοχίου
2930 4535 3264 4606 ἐπισκόπου
3306 4534 3558 4590 Ἰκονίου
3596 4535 3730 4606 Περὶ

843 4606 1234 4675 scriptiouibus
1268 4609 1669 4664 haereticorum.

544 4691 754 4747 Justum
797 4707 973 4752 autem
1004 4699 1252 4754 arbitrati
1287 4714 1473 4756 sumus
1495 4716 1713 4757 omnem
1739 4717 1927 4757 eorum
1951 4701 2047 4756 de-

477 4785 681 4837 nudare
705 4785 1070 4859 impietatem,_
1094 4801 1153 4846 et
1181 4790 1459 4860 publicare
1493 4803 1741 4861 patenter
1770 4808 2043 4860 errorem;

472 4873 733 4941 quoniam
757 4884 810 4928 et
836 4874 1002 4931 libros
1025 4882 1286 4945 quosdam
1304 4890 1612 4948 proponunt
1633 4881 2047 4950 superscriptio-

476 4975 572 5014 nes
617 4962 877 5019 habentes
925 4967 1290 5035 apostolorum
1316 5007 1332 5032 ,
1378 4984 1473 5038 per
1510 4985 1646 5037 quos
1683 4970 2045 5039 simpliciores

473 5066 719 5122 quosque
741 5056 1032 5125 decipiunt.
1057 5055 1148 5129 [Et
1171 5069 1462 5128 postpauca
1496 5061 1611 5132 (19)
1641 5081 1654 5116 :
1686 5062 2046 5118 Ostendemus

475 5144 620 5198 enim
661 5145 760 5199 hos
791 5145 990 5216 libros,
1041 5164 1178 5218 quos
1215 5150 1369 5206 nobis
1420 5151 1455 5205 ii
1508 5155 1794 5221 proferunt
1837 5155 1927 5224 qui
1975 5153 2044 5209 ab

477 5233 719 5290 Ecclesia
745 5236 1124 5303 desciverunt,
1176 5257 1284 5294 non
1331 5243 1694 5312 apostolorum
1722 5245 1855 5300 Acta
1898 5260 2044 5312 esse,

477 5327 573 5379 sed
612 5327 916 5382 dmuonum
951 5330 1204 5407 scripta.1
1230 5331 1297 5386 Et
1331 5344 1444 5403 post
1479 5335 1587 5389 alia
1620 5351 1639 5388 :
1670 5334 1793 5390 Hazc
1827 5336 2045 5404 quidem

549 5440 594 5471 ⁸⁸
619 5437 848 5509 Philipp.
879 5455 936 5507 tt,
968 5441 1054 5496 10.

553 5554 664 5624 (l9)
707 5553 775 5606 Et
805 5562 920 5622 post
945 5572 1134 5622 pauca.
1167 5558 1369 5614 Desunt
1402 5561 1582 5616 clausa
1618 5563 1670 5617 in
1691 5561 1882 5616 Latina
1914 5563 2046 5616 Com

482 5625 725 5678 ciiiorum
757 5625 1013 5680 editione.
1045 5625 1330 5683 COIBEFIS.

554 5694 663 5761 (20)
709 5693 819 5761 Τρν
848 5696 1124 5761 Χριστόν.
1163 5696 1284 5751 Haec
1311 5699 1505 5754 desunt
1552 5701 1604 5754 in
1639 5701 1787 5754 edito
1813 5701 2039 5757 Combe-

487 5759 697 5818 tisiano.
747 5759 819 5816 Ea
855 5759 983 5818 vero
1021 5767 1351 5824 restituimus
1389 5785 1452 5824 ex
1496 5771 1610 5839 ipso
1650 5770 1960 5838 Sirtuondo,
2009 5790 2038 5826 a

2325 4603 2435 4656 τῶν
2454 4603 2909 4674 ψευδεπιγράφων
2927 4603 3035 4656 τῶν
3056 4606 3206 4675 παρὰ
3232 4606 3286 4657 αἱ
3293 4610 3548 4676 ρετικοῑς.

2221 4696 2435 4750 Δίκαιον
2457 4696 2513 4749 δὲ
2536 4696 2861 4766 ἡγησάμεθα
2893 4699 3075 4751 πᾶσαν
3103 4697 3282 4752 αὐτῶν
3312 4699 3599 4769 γυμνῶσαι
3631 4699 3731 4770 τὴν

2148 4787 2425 4847 ἀσέϐειαν,
2459 4787 2552 4841 καὶ
2577 4785 2933 4857 δημοσιεῦσαι
2965 4787 3143 4840 αὐτῶν
3171 4788 3267 4860 τὴν
3288 4789 3515 4860 πλάνην.
3550 4791 3732 4843 Ἐπει-

2149 4880 2246 4933 δάν
2278 4879 2370 4933 καὶ
2403 4879 2582 4950 βιϐλία
2624 4878 2746 4934 τινά
2777 4880 3167 4950 προϐάλλονται
3199 4882 3510 4952 ἐπιγραφὰς
3539 4883 3731 4951 ἔχοντα

2149 4971 2260 5026 τῶν
2281 4971 2611 5040 ἀποστόλων,
2637 4974 2704 5027 δι’
2727 4967 2801 5027 ὧν
2829 4973 3228 5044 ἁπλουστέρους
3247 4973 3561 5037 ἐξαπατῶσι
3599 4975 3732 5046 [Καὶ

2144 5066 2272 5133 μετ’
2295 5065 2496 5132 ὀλίγαο
2531 5065 2786 5136 Δείξομεν
2819 5066 2928 5138 γάρ
2964 5067 3035 5122 τά
3077 5067 3259 5137 βιϐλία
3301 5067 3497 5134 ταῦτα,
3530 5069 3567 5122 ἃ
3597 5086 3732 5140 προ-

2149 5153 2372 5223 φέρουσι
2404 5157 2534 5225 ήμίν
2564 5157 2613 5208 οἱ
2646 5158 2947 5212 ἀποστάται
2979 5160 3076 5229 τῆς
3110 5161 3456 5232 Ἐκκλησίας,
3479 5163 3599 5232 οὐχὶ
3622 5163 3732 5217 τῶν

2151 5247 2462 5300 ἀποστόλων
2490 5248 2746 5318 Πράξεις,
2782 5250 2920 5304 ἀλλά
2971 5251 3240 5323 δαιμόνων
3271 5252 3730 5328 συγγράμματα]

2155 5338 2261 5391 Καὶ
2295 5339 2426 5406 μεθ’
2455 5339 2625 5407 ἔτερα
2650 5357 2662 5370 ·
2704 5340 2888 5394 Ταῦτα
2933 5344 3029 5412 μὲν
3072 5346 3101 5396 ό
3143 5343 3440 5409 ἀπόστολος
3477 5347 3730 5419 Ἰωάννης

2148 5579 2253 5630 quo
2285 5562 2586 5634 nujusmodi
2624 5576 2934 5632 excerptum
2967 5568 3176 5634 accepit
3203 5566 3583 5622 Combeftsius.
3639 5569 3730 5623 Et-

2146 5635 2289 5706 enim
2321 5638 2402 5687 vir
2423 5633 2509 5706 ille
2535 5635 2877 5706 doctissimus
2903 5633 3166 5706 integrum
3200 5650 3344 5689 nunc
3376 5637 3574 5701 locum,
3601 5655 3728 5706 pro-

2147 5717 2206 5755 ut
2237 5703 2384 5758 illum
2413 5704 2698 5765 edidimus.
2727 5707 2916 5762 recitat
2957 5703 3036 5762 ad
3075 5704 3394 5766 Facundum
3442 5703 3726 5768 Hermian.

2149 5771 2242 5827 lib.
2274 5788 2352 5839 χι,
2377 5789 2494 5842 cap.
2522 5773 2574 5838 5,
2616 5790 2735 5845 pag.
2767 5775 2891 5829 760.
