  <div class='ocr_page' id='page_1' title='image "/cluster/home/n/w/nwhite01/storage/ocr_20150623/39/coo.31924054869361/066.png"; bbox 0 0 4092 6390; ppageno 0'>
   <div class='ocr_carea' id='block_1_1' title="bbox 331 325 3646 397">
    <p class='ocr_par' dir='ltr' id='par_1_1' title="bbox 331 325 3646 397">
     <span class='ocr_line' id='line_1_1' title="bbox 331 325 3646 397; baseline -0 -4"><span class='ocrx_word' id='word_1_1' title='bbox 331 325 437 383; x_wconf 73' lang='grc' dir='ltr'><strong>ΞΠ</strong></span> <span class='ocrx_word' id='word_1_2' title='bbox 1549 341 1956 397; x_wconf 66' lang='lat' dir='ltr'><strong>sumsum:</strong></span> <span class='ocrx_word' id='word_1_3' title='bbox 1996 340 2090 395; x_wconf 78' lang='lat' dir='ltr'>ET</span> <span class='ocrx_word' id='word_1_4' title='bbox 2123 339 2506 397; x_wconf 69' lang='lat' dir='ltr'><strong>excusem.</strong></span> <span class='ocrx_word' id='word_1_5' title='bbox 3541 335 3646 392; x_wconf 80' lang='lat' dir='ltr'><strong>ns</strong></span> 
     </span>
    </p>
   </div>
   <div class='ocr_carea' id='block_1_2' title="bbox 334 443 1950 527">
    <p class='ocr_par' dir='ltr' id='par_1_2' title="bbox 334 443 1950 527">
     <span class='ocr_line' id='line_1_2' title="bbox 334 443 1950 527; baseline 0.002 -23"><span class='ocrx_word' id='word_1_6' title='bbox 334 448 443 504; x_wconf 75' lang='grc' dir='ltr'><strong>οὐκ</strong></span> <span class='ocrx_word' id='word_1_7' title='bbox 468 443 652 512; x_wconf 72' lang='grc' dir='ltr'>εἶπεν,</span> <span class='ocrx_word' id='word_1_8' title='bbox 684 451 714 501; x_wconf 87' lang='grc' dir='ltr'>ὁ</span> <span class='ocrx_word' id='word_1_9' title='bbox 745 451 988 521; x_wconf 71' lang='grc' dir='ltr'>γράψας</span> <span class='ocrx_word' id='word_1_10' title='bbox 1018 455 1080 509; x_wconf 85' lang='grc' dir='ltr'>ἐν</span> <span class='ocrx_word' id='word_1_11' title='bbox 1119 454 1196 526; x_wconf 81' lang='grc' dir='ltr'><strong>τῷ</strong></span> <span class='ocrx_word' id='word_1_12' title='bbox 1231 456 1564 526; x_wconf 81' lang='grc' dir='ltr'>Εὑαγγελίῳ,</span> <span class='ocrx_word' id='word_1_13' title='bbox 1599 457 1728 509; x_wconf 84' lang='grc' dir='ltr'><strong>ὅτιὸ</strong></span> <span class='ocrx_word' id='word_1_14' title='bbox 1763 456 1950 527; x_wconf 77' lang='grc' dir='ltr'>Κύριος</span> 
     </span>
    </p>
   </div>
   <div class='ocr_carea' id='block_1_3' title="bbox 2026 443 3642 527">
    <p class='ocr_par' dir='ltr' id='par_1_3' title="bbox 2026 447 3642 525">
     <span class='ocr_line' id='line_1_3' title="bbox 2026 447 3642 525; baseline -0.002 -17"><span class='ocrx_word' id='word_1_15' title='bbox 2026 455 2300 518; x_wconf 57' lang='grc' dir='ltr'>,δοειιιιεε</span> <span class='ocrx_word' id='word_1_16' title='bbox 2333 452 2607 525; x_wconf 73' lang='lat' dir='ltr'><strong>apostolus</strong></span> <span class='ocrx_word' id='word_1_17' title='bbox 2638 463 2978 520; x_wconf 81' lang='lat' dir='ltr'><strong>nequaquam</strong></span> <span class='ocrx_word' id='word_1_18' title='bbox 3026 447 3270 511; x_wconf 87' lang='lat' dir='ltr'><strong>diceret,</strong></span> <span class='ocrx_word' id='word_1_19' title='bbox 3317 447 3564 503; x_wconf 88' lang='lat' dir='ltr'><strong>scribens</strong></span> <span class='ocrx_word' id='word_1_20' title='bbox 3589 451 3642 506; x_wconf 86' lang='lat' dir='ltr'><strong>in</strong></span> 
     </span>
    </p>
   </div>
   <div class='ocr_carea' id='block_1_4' title="bbox 349 536 1965 616">
    <p class='ocr_par' dir='ltr' id='par_1_4' title="bbox 349 538 1965 614">
     <span class='ocr_line' id='line_1_4' title="bbox 349 538 1965 614; baseline 0.004 -19"><span class='ocrx_word' id='word_1_21' title='bbox 349 540 457 595; x_wconf 59' lang='grc' dir='ltr'><strong>ἀπὸ</strong></span> <span class='ocrx_word' id='word_1_22' title='bbox 483 538 581 591; x_wconf 76' lang='grc' dir='ltr'>τοῦ</span> <span class='ocrx_word' id='word_1_23' title='bbox 628 543 887 612; x_wconf 75' lang='grc' dir='ltr'>σταυροῦ</span> <span class='ocrx_word' id='word_1_24' title='bbox 945 544 1122 614; x_wconf 80' lang='grc' dir='ltr'><strong>λέγει,</strong></span> <span class='ocrx_word' id='word_1_25' title='bbox 1170 546 1319 601; x_wconf 82' lang='grc' dir='ltr'><strong>Ἰδοὺ</strong></span> <span class='ocrx_word' id='word_1_26' title='bbox 1351 551 1384 601; x_wconf 88' lang='lat' dir='ltr'><strong>d</strong></span> <span class='ocrx_word' id='word_1_27' title='bbox 1422 551 1550 613; x_wconf 75' lang='grc' dir='ltr'><strong>υἱός</strong></span> <span class='ocrx_word' id='word_1_28' title='bbox 1583 564 1734 602; x_wconf 86' lang='grc' dir='ltr'>σου·</span> <span class='ocrx_word' id='word_1_29' title='bbox 1772 548 1847 612; x_wconf 82' lang='grc' dir='ltr'><strong>ὡς</strong></span> <span class='ocrx_word' id='word_1_30' title='bbox 1874 549 1965 601; x_wconf 75' lang='grc' dir='ltr'><strong>καὶ</strong></span> 
     </span>
    </p>
   </div>
   <div class='ocr_carea' id='block_1_5' title="bbox 2026 536 3642 616">
    <p class='ocr_par' dir='ltr' id='par_1_5' title="bbox 2071 536 3642 616">
     <span class='ocr_line' id='line_1_5' title="bbox 2071 536 3642 616; baseline -0.004 -16"><span class='ocrx_word' id='word_1_31' title='bbox 2071 546 2380 616; x_wconf 78' lang='lat' dir='ltr'><strong>Evangelio,</strong></span> <span class='ocrx_word' id='word_1_32' title='bbox 2407 545 2536 616; x_wconf 88' lang='lat' dir='ltr'><strong>quia</strong></span> <span class='ocrx_word' id='word_1_33' title='bbox 2569 543 2828 597; x_wconf 87' lang='lat' dir='ltr'><strong>Dominus</strong></span> <span class='ocrx_word' id='word_1_34' title='bbox 2857 541 2911 594; x_wconf 89' lang='lat' dir='ltr'><strong>in</strong></span> <span class='ocrx_word' id='word_1_35' title='bbox 2940 553 3103 592; x_wconf 90' lang='lat' dir='ltr'><strong>cruce</strong></span> <span class='ocrx_word' id='word_1_36' title='bbox 3125 538 3253 592; x_wconf 85' lang='lat' dir='ltr'><strong>dicit</strong></span> <span class='ocrx_word' id='word_1_37' title='bbox 3288 556 3301 592; x_wconf 92' lang='lat'>:</span> <span class='ocrx_word' id='word_1_38' title='bbox 3334 536 3468 592; x_wconf 85' lang='lat' dir='ltr'><strong>Ecce</strong></span> <span class='ocrx_word' id='word_1_39' title='bbox 3496 541 3642 608; x_wconf 81' lang='lat' dir='ltr'><strong>ﬁlius</strong></span> 
     </span>
    </p>
   </div>
   <div class='ocr_carea' id='block_1_6' title="bbox 359 627 1975 708">
    <p class='ocr_par' dir='ltr' id='par_1_6' title="bbox 359 631 1966 708">
     <span class='ocr_line' id='line_1_6' title="bbox 359 631 1966 708; baseline 0.004 -25"><span class='ocrx_word' id='word_1_40' title='bbox 359 633 465 684; x_wconf 70' lang='grc' dir='ltr'><strong>ἀπὸ</strong></span> <span class='ocrx_word' id='word_1_41' title='bbox 486 631 584 701; x_wconf 74' lang='grc' dir='ltr'><strong>τῆς</strong></span> <span class='ocrx_word' id='word_1_42' title='bbox 627 631 856 701; x_wconf 78' lang='grc' dir='ltr'>ἡμέρας</span> <span class='ocrx_word' id='word_1_43' title='bbox 909 636 1134 707; x_wconf 77' lang='grc' dir='ltr'><strong>ἐκείνης</strong></span> <span class='ocrx_word' id='word_1_44' title='bbox 1167 636 1351 690; x_wconf 76' lang='grc' dir='ltr'>λαϐεῖν</span> <span class='ocrx_word' id='word_1_45' title='bbox 1388 637 1478 691; x_wconf 84' lang='grc' dir='ltr'>τὸν</span> <span class='ocrx_word' id='word_1_46' title='bbox 1513 637 1668 706; x_wconf 77' lang='grc' dir='ltr'>ἅγιον</span> <span class='ocrx_word' id='word_1_47' title='bbox 1709 637 1966 708; x_wconf 81' lang='grc' dir='ltr'><strong>Ἰωάννην</strong></span> 
     </span>
    </p>
   </div>
   <div class='ocr_carea' id='block_1_7' title="bbox 2024 627 3640 708">
    <p class='ocr_par' dir='ltr' id='par_1_7' title="bbox 2068 627 3640 701">
     <span class='ocr_line' id='line_1_7' title="bbox 2068 627 3640 701; baseline -0.005 -9"><span class='ocrx_word' id='word_1_48' title='bbox 2068 650 2189 692; x_wconf 88' lang='lat' dir='ltr'><strong>tuus</strong></span> <span class='ocrx_word' id='word_1_49' title='bbox 2219 639 2263 671; x_wconf 73' lang='grc'><strong>⁸⁸</strong></span> <span class='ocrx_word' id='word_1_50' title='bbox 2302 656 2316 693; x_wconf 88' lang='lat'><strong>:</strong></span> <span class='ocrx_word' id='word_1_51' title='bbox 2350 639 2422 691; x_wconf 88' lang='lat' dir='ltr'><strong>ita</strong></span> <span class='ocrx_word' id='word_1_52' title='bbox 2453 646 2568 692; x_wconf 90' lang='lat' dir='ltr'><strong>uta</strong></span> <span class='ocrx_word' id='word_1_53' title='bbox 2593 635 2681 689; x_wconf 91' lang='lat' dir='ltr'><strong>die</strong></span> <span class='ocrx_word' id='word_1_54' title='bbox 2712 632 2802 686; x_wconf 91' lang='lat' dir='ltr'><strong>illa</strong></span> <span class='ocrx_word' id='word_1_55' title='bbox 2849 632 3122 701; x_wconf 89' lang='lat' dir='ltr'><strong>acciperet</strong></span> <span class='ocrx_word' id='word_1_56' title='bbox 3148 627 3386 684; x_wconf 83' lang='lat' dir='ltr'><strong>Joannes</strong></span> <span class='ocrx_word' id='word_1_57' title='bbox 3413 629 3640 684; x_wconf 81' lang='lat' dir='ltr'><strong>Mariam</strong></span> 
     </span>
    </p>
   </div>
   <div class='ocr_carea' id='block_1_8' title="bbox 373 721 1989 798">
    <p class='ocr_par' dir='ltr' id='par_1_8' title="bbox 373 724 1966 798">
     <span class='ocr_line' id='line_1_8' title="bbox 373 724 1966 798; baseline 0.003 -23"><span class='ocrx_word' id='word_1_58' title='bbox 373 726 465 794; x_wconf 72' lang='grc' dir='ltr'>τὴν</span> <span class='ocrx_word' id='word_1_59' title='bbox 489 724 710 794; x_wconf 76' lang='grc' dir='ltr'>Μαρίαν</span> <span class='ocrx_word' id='word_1_60' title='bbox 731 728 816 787; x_wconf 79' lang='grc' dir='ltr'><strong>εἰς</strong></span> <span class='ocrx_word' id='word_1_61' title='bbox 846 727 922 780; x_wconf 75' lang='grc' dir='ltr'>τὰ</span> <span class='ocrx_word' id='word_1_62' title='bbox 963 727 1093 781; x_wconf 86' lang='grc' dir='ltr'>ῐδια.</span> <span class='ocrx_word' id='word_1_63' title='bbox 1130 729 1252 792; x_wconf 81' lang='grc' dir='ltr'><strong>Πῶς</strong></span> <span class='ocrx_word' id='word_1_64' title='bbox 1279 727 1509 782; x_wconf 82' lang='grc' dir='ltr'>ἐνταῦθα</span> <span class='ocrx_word' id='word_1_65' title='bbox 1543 727 1691 796; x_wconf 80' lang='grc' dir='ltr'><strong>λέγει</strong></span> <span class='ocrx_word' id='word_1_66' title='bbox 1725 727 1800 798; x_wconf 83' lang='grc' dir='ltr'><strong>μὴ</strong></span> <span class='ocrx_word' id='word_1_67' title='bbox 1829 745 1966 798; x_wconf 86' lang='grc' dir='ltr'>παρ-</span> 
     </span>
    </p>
   </div>
   <div class='ocr_carea' id='block_1_9' title="bbox 2029 721 3645 798">
    <p class='ocr_par' dir='ltr' id='par_1_9' title="bbox 2069 721 3645 795">
     <span class='ocr_line' id='line_1_9' title="bbox 2069 721 3645 795; baseline -0.007 -9"><span class='ocrx_word' id='word_1_68' title='bbox 2069 735 2124 786; x_wconf 86' lang='lat' dir='ltr'><strong>in</strong></span> <span class='ocrx_word' id='word_1_69' title='bbox 2183 745 2302 785; x_wconf 88' lang='lat' dir='ltr'><strong>sua.</strong></span> <span class='ocrx_word' id='word_1_70' title='bbox 2359 727 2640 795; x_wconf 84' lang='lat' dir='ltr'><strong>Quomodo</strong></span> <span class='ocrx_word' id='word_1_71' title='bbox 2697 739 2829 792; x_wconf 75' lang='lat' dir='ltr'><strong>ergo</strong></span> <span class='ocrx_word' id='word_1_72' title='bbox 2874 722 2965 776; x_wconf 91' lang='lat' dir='ltr'><strong>hic</strong></span> <span class='ocrx_word' id='word_1_73' title='bbox 3025 722 3158 776; x_wconf 93' lang='lat' dir='ltr'><strong>dicit</strong></span> <span class='ocrx_word' id='word_1_74' title='bbox 3211 736 3314 775; x_wconf 91' lang='lat' dir='ltr'><strong>non</strong></span> <span class='ocrx_word' id='word_1_75' title='bbox 3372 721 3645 777; x_wconf 72' lang='lat' dir='ltr'><strong>adfuisse?</strong></span> 
     </span>
    </p>
   </div>
   <div class='ocr_carea' id='block_1_10' title="bbox 381 812 1997 892">
    <p class='ocr_par' dir='ltr' id='par_1_10' title="bbox 381 815 1964 892">
     <span class='ocr_line' id='line_1_10' title="bbox 381 815 1964 892; baseline 0.001 -23"><span class='ocrx_word' id='word_1_76' title='bbox 381 819 544 879; x_wconf 69' lang='grc' dir='ltr'>εἶναι,</span> <span class='ocrx_word' id='word_1_77' title='bbox 575 815 718 868; x_wconf 72' lang='grc' dir='ltr'>Ἀλλ’</span> <span class='ocrx_word' id='word_1_78' title='bbox 766 818 932 870; x_wconf 70' lang='grc' dir='ltr'>οὐδὲν</span> <span class='ocrx_word' id='word_1_79' title='bbox 983 818 1150 883; x_wconf 82' lang='grc' dir='ltr'>ξένον.</span> <span class='ocrx_word' id='word_1_80' title='bbox 1177 821 1385 891; x_wconf 85' lang='grc' dir='ltr'>Ὥσπερ</span> <span class='ocrx_word' id='word_1_81' title='bbox 1413 819 1521 892; x_wconf 81' lang='grc' dir='ltr'><strong>γὰρ</strong></span> <span class='ocrx_word' id='word_1_82' title='bbox 1546 823 1574 873; x_wconf 86' lang='grc' dir='ltr'>ὁ</span> <span class='ocrx_word' id='word_1_83' title='bbox 1601 820 1804 890; x_wconf 82' lang='grc' dir='ltr'>Κύριος</span> <span class='ocrx_word' id='word_1_84' title='bbox 1831 819 1964 890; x_wconf 83' lang='grc' dir='ltr'><strong>ἀλή-</strong></span> 
     </span>
    </p>
   </div>
   <div class='ocr_carea' id='block_1_11' title="bbox 2027 812 3643 892">
    <p class='ocr_par' dir='ltr' id='par_1_11' title="bbox 2071 812 3643 892">
     <span class='ocr_line' id='line_1_11' title="bbox 2071 812 3643 892; baseline -0.004 -18"><span class='ocrx_word' id='word_1_85' title='bbox 2071 819 2177 876; x_wconf 90' lang='lat' dir='ltr'><strong>Sed</strong></span> <span class='ocrx_word' id='word_1_86' title='bbox 2225 819 2355 874; x_wconf 85' lang='lat' dir='ltr'><strong>nihil</strong></span> <span class='ocrx_word' id='word_1_87' title='bbox 2389 829 2729 873; x_wconf 72' lang='lat' dir='ltr'><strong>extraneum.</strong></span> <span class='ocrx_word' id='word_1_88' title='bbox 2765 813 2918 868; x_wconf 92' lang='lat' dir='ltr'><strong>Sicut</strong></span> <span class='ocrx_word' id='word_1_89' title='bbox 2967 813 3112 892; x_wconf 77' lang='lat' dir='ltr'><strong>enim</strong></span> <span class='ocrx_word' id='word_1_90' title='bbox 3146 812 3414 892; x_wconf 28' lang='lat' dir='ltr'><strong>[Dominus</strong></span> <span class='ocrx_word' id='word_1_91' title='bbox 3445 814 3643 868; x_wconf 88' lang='lat' dir='ltr'><strong>veritas</strong></span> 
     </span>
    </p>
   </div>
   <div class='ocr_carea' id='block_1_12' title="bbox 389 886 2005 983">
    <p class='ocr_par' dir='ltr' id='par_1_12' title="bbox 389 886 1961 983">
     <span class='ocr_line' id='line_1_12' title="bbox 389 886 1961 983; baseline 0.003 -22"><span class='ocrx_word' id='word_1_92' title='bbox 389 908 506 962; x_wconf 75' lang='grc' dir='ltr'>θειὲι</span> <span class='ocrx_word' id='word_1_93' title='bbox 548 909 727 974; x_wconf 73' lang='grc' dir='ltr'>ἐστιν,</span> <span class='ocrx_word' id='word_1_94' title='bbox 787 908 970 972; x_wconf 79' lang='grc' dir='ltr'>οὕτως</span> <span class='ocrx_word' id='word_1_95' title='bbox 1024 911 1054 963; x_wconf 88' lang='grc' dir='ltr'>ὁ</span> <span class='ocrx_word' id='word_1_96' title='bbox 1099 886 1626 983; x_wconf 42' lang='grc' dir='ltr'>διάϐολος-ψεύστης</span> <span class='ocrx_word' id='word_1_97' title='bbox 1679 886 1961 982; x_wconf 77' lang='grc' dir='ltr'>τυγχάνει.</span> 
     </span>
    </p>
   </div>
   <div class='ocr_carea' id='block_1_13' title="bbox 2027 886 3643 983">
    <p class='ocr_par' dir='ltr' id='par_1_13' title="bbox 2070 886 3643 977">
     <span class='ocr_line' id='line_1_13' title="bbox 2070 886 3643 977; baseline -0.007 -10"><span class='ocrx_word' id='word_1_98' title='bbox 2070 923 2154 968; x_wconf 90' lang='lat' dir='ltr'><strong>est</strong></span> <span class='ocrx_word' id='word_1_99' title='bbox 2173 954 2188 977; x_wconf 91' lang='lat'><strong>,</strong></span> <span class='ocrx_word' id='word_1_100' title='bbox 2222 913 2294 966; x_wconf 90' lang='lat' dir='ltr'><strong>ita</strong></span> <span class='ocrx_word' id='word_1_101' title='bbox 2326 910 2574 966; x_wconf 89' lang='lat' dir='ltr'><strong>diabolus</strong></span> <span class='ocrx_word' id='word_1_102' title='bbox 2601 906 2832 963; x_wconf 78' lang='lat' dir='ltr'><strong>mendax</strong></span> <span class='ocrx_word' id='word_1_103' title='bbox 2856 916 2960 962; x_wconf 86' lang='lat' dir='ltr'><strong>est.</strong></span> <span class='ocrx_word' id='word_1_104' title='bbox 2992 886 3088 958; x_wconf 72' lang='grc' dir='ltr'>ιιιὶ</span> <span class='ocrx_word' id='word_1_105' title='bbox 3112 886 3249 959; x_wconf 81' lang='lat' dir='ltr'><strong>enim</strong></span> <span class='ocrx_word' id='word_1_106' title='bbox 3291 904 3516 958; x_wconf 72' lang='lat' dir='ltr'><strong>mendax</strong></span> <span class='ocrx_word' id='word_1_107' title='bbox 3544 915 3643 969; x_wconf 80' lang='lat' dir='ltr'><strong>est,</strong></span> 
     </span>
    </p>
   </div>
   <div class='ocr_carea' id='block_1_14' title="bbox 409 997 2025 1072">
    <p class='ocr_par' dir='ltr' id='par_1_14' title="bbox 409 997 1961 1070">
     <span class='ocr_line' id='line_1_14' title="bbox 409 997 1961 1070; baseline 0.003 -18"><span class='ocrx_word' id='word_1_108' title='bbox 409 998 649 1063; x_wconf 71' lang='grc' dir='ltr'>Ἐκεῖνος</span> <span class='ocrx_word' id='word_1_109' title='bbox 695 997 808 1068; x_wconf 75' lang='grc' dir='ltr'>γὰρ</span> <span class='ocrx_word' id='word_1_110' title='bbox 863 1001 1140 1068; x_wconf 67' lang='grc' dir='ltr'>ψεύστης</span> <span class='ocrx_word' id='word_1_111' title='bbox 1181 1001 1335 1066; x_wconf 78' lang='grc' dir='ltr'>ἐστὶ,</span> <span class='ocrx_word' id='word_1_112' title='bbox 1386 1002 1485 1056; x_wconf 75' lang='grc' dir='ltr'>καί</span> <span class='ocrx_word' id='word_1_113' title='bbox 1513 1001 1710 1070; x_wconf 77' lang='grc' dir='ltr'>πατὴρ</span> <span class='ocrx_word' id='word_1_114' title='bbox 1733 1002 1921 1056; x_wconf 83' lang='grc' dir='ltr'>αὑτοῦ</span> <span class='ocrx_word' id='word_1_115' title='bbox 1946 1017 1961 1032; x_wconf 82' lang='grc'><em>’</em></span> 
     </span>
    </p>
   </div>
   <div class='ocr_carea' id='block_1_15' title="bbox 2031 997 3647 1072">
    <p class='ocr_par' dir='ltr' id='par_1_15' title="bbox 2068 997 3647 1072">
     <span class='ocr_line' id='line_1_15' title="bbox 2068 997 3647 1072; baseline -0.008 -12"><span class='ocrx_word' id='word_1_116' title='bbox 2068 1014 2120 1060; x_wconf 85' lang='lat' dir='ltr'><strong>et</strong></span> <span class='ocrx_word' id='word_1_117' title='bbox 2161 1015 2311 1072; x_wconf 85' lang='lat' dir='ltr'><strong>pater</strong></span> <span class='ocrx_word' id='word_1_118' title='bbox 2351 1007 2508 1072; x_wconf 82' lang='lat' dir='ltr'><strong>ejus:</strong></span> <span class='ocrx_word' id='word_1_119' title='bbox 2537 1011 2585 1056; x_wconf 88' lang='lat' dir='ltr'><strong>et</strong></span> <span class='ocrx_word' id='word_1_120' title='bbox 2619 1016 2752 1058; x_wconf 49' lang='lat' dir='ltr'><strong>cum,</strong></span> <span class='ocrx_word' id='word_1_121' title='bbox 2787 997 3022 1067; x_wconf 77' lang='lat' dir='ltr'><strong>loquitur</strong></span> <span class='ocrx_word' id='word_1_122' title='bbox 3050 997 3412 1062; x_wconf 82' lang='lat' dir='ltr'><strong>mendacium,</strong></span> <span class='ocrx_word' id='word_1_123' title='bbox 3452 1012 3518 1051; x_wconf 77' lang='lat' dir='ltr'><strong>ea:</strong></span> <span class='ocrx_word' id='word_1_124' title='bbox 3548 1012 3647 1050; x_wconf 82' lang='lat' dir='ltr'><strong>suo</strong></span> 
     </span>
    </p>
   </div>
   <div class='ocr_carea' id='block_1_16' title="bbox 401 1086 2017 1165">
    <p class='ocr_par' dir='ltr' id='par_1_16' title="bbox 401 1089 1963 1160">
     <span class='ocr_line' id='line_1_16' title="bbox 401 1089 1963 1160; baseline 0.003 -18"><span class='ocrx_word' id='word_1_125' title='bbox 401 1092 492 1142; x_wconf 71' lang='grc' dir='ltr'><strong>καὶ</strong></span> <span class='ocrx_word' id='word_1_126' title='bbox 520 1090 654 1142; x_wconf 72' lang='grc' dir='ltr'>ὅταν</span> <span class='ocrx_word' id='word_1_127' title='bbox 683 1089 852 1158; x_wconf 67' lang='grc' dir='ltr'>λαλῇ</span> <span class='ocrx_word' id='word_1_128' title='bbox 897 1091 963 1144; x_wconf 86' lang='grc' dir='ltr'>τὸ</span> <span class='ocrx_word' id='word_1_129' title='bbox 1002 1091 1227 1160; x_wconf 78' lang='grc' dir='ltr'>ψεῦδος</span> <span class='ocrx_word' id='word_1_130' title='bbox 1251 1132 1266 1157; x_wconf 96' lang='grc'><strong>,</strong></span> <span class='ocrx_word' id='word_1_131' title='bbox 1309 1093 1378 1146; x_wconf 77' lang='grc' dir='ltr'><strong>ἐκ</strong></span> <span class='ocrx_word' id='word_1_132' title='bbox 1417 1092 1535 1146; x_wconf 77' lang='grc' dir='ltr'>τῶν</span> <span class='ocrx_word' id='word_1_133' title='bbox 1565 1093 1728 1147; x_wconf 74' lang='grc' dir='ltr'>ἰδίων</span> <span class='ocrx_word' id='word_1_134' title='bbox 1767 1091 1963 1148; x_wconf 76' lang='grc' dir='ltr'>λαλεῖ.</span> 
     </span>
    </p>
   </div>
   <div class='ocr_carea' id='block_1_17' title="bbox 1743 1086 3359 1165">
    <p class='ocr_par' dir='ltr' id='par_1_17' title="bbox 1767 1086 3359 1165">
     <span class='ocr_line' id='line_1_17' title="bbox 1767 1086 3359 1165; baseline -0.004 -17"><span class='ocrx_word' id='word_1_135' title='bbox 1767 1091 1963 1148; x_wconf 77' lang='grc' dir='ltr'>λαλεῖ.</span> <span class='ocrx_word' id='word_1_136' title='bbox 2073 1096 2307 1165; x_wconf 81' lang='lat' dir='ltr'><strong>loquitur</strong></span> <span class='ocrx_word' id='word_1_137' title='bbox 2335 1095 2403 1148; x_wconf 78' lang='lat'><strong>’°.</strong></span> <span class='ocrx_word' id='word_1_138' title='bbox 2439 1093 2544 1148; x_wconf 87' lang='lat' dir='ltr'><strong>Sed</strong></span> <span class='ocrx_word' id='word_1_139' title='bbox 2577 1093 2691 1147; x_wconf 70' lang='lat' dir='ltr'><strong>haec</strong></span> <span class='ocrx_word' id='word_1_140' title='bbox 2717 1090 2936 1160; x_wconf 88' lang='lat' dir='ltr'><strong>quidem</strong></span> <span class='ocrx_word' id='word_1_141' title='bbox 2964 1087 3029 1144; x_wconf 92' lang='lat' dir='ltr'><strong>de</strong></span> <span class='ocrx_word' id='word_1_142' title='bbox 3056 1086 3359 1144; x_wconf 89' lang='lat' dir='ltr'><strong>mendacio.</strong></span> 
     </span>
    </p>
   </div>
   <div class='ocr_carea' id='block_1_18' title="bbox 401 1182 1368 1255">
    <p class='ocr_par' dir='ltr' id='par_1_18' title="bbox 401 1182 1368 1255">
     <span class='ocr_line' id='line_1_18' title="bbox 401 1182 1368 1255; baseline 0 -19"><span class='ocrx_word' id='word_1_143' title='bbox 401 1183 503 1236; x_wconf 67' lang='grc' dir='ltr'><strong>Καὶ</strong></span> <span class='ocrx_word' id='word_1_144' title='bbox 529 1182 695 1236; x_wconf 75' lang='grc' dir='ltr'>ταῦτα</span> <span class='ocrx_word' id='word_1_145' title='bbox 728 1183 829 1254; x_wconf 80' lang='grc' dir='ltr'><strong>μὲν</strong></span> <span class='ocrx_word' id='word_1_146' title='bbox 858 1184 986 1255; x_wconf 72' lang='grc' dir='ltr'>περὶ</span> <span class='ocrx_word' id='word_1_147' title='bbox 1006 1183 1099 1238; x_wconf 81' lang='grc' dir='ltr'>τοῦ</span> <span class='ocrx_word' id='word_1_148' title='bbox 1124 1183 1368 1255; x_wconf 81' lang='grc' dir='ltr'>ψεύδους.</span> 
     </span>
    </p>
   </div>
   <div class='ocr_carea' id='block_1_19' title="bbox 1940 1299 2097 1360">
    <p class='ocr_par' dir='ltr' id='par_1_19' title="bbox 1940 1299 2097 1360">
     <span class='ocr_line' id='line_1_19' title="bbox 1940 1299 2097 1360; baseline -0.013 0"><span class='ocrx_word' id='word_1_149' title='bbox 1940 1299 2097 1360; x_wconf 84' lang='grc' dir='ltr'>ΧΙΧ.</span> 
     </span>
    </p>
   </div>
   <div class='ocr_carea' id='block_1_20' title="bbox 1307 1396 2716 1469">
    <p class='ocr_par' dir='ltr' id='par_1_20' title="bbox 1307 1396 2716 1469">
     <span class='ocr_line' id='line_1_20' title="bbox 1307 1396 2716 1469; baseline -0.002 -18"><span class='ocrx_word' id='word_1_150' title='bbox 1307 1397 1530 1468; x_wconf 78' lang='lat' dir='ltr'><strong>Reliqua</strong></span> <span class='ocrx_word' id='word_1_151' title='bbox 1553 1396 1989 1466; x_wconf 81' lang='lat' dir='ltr'><strong>Amphilochiana</strong></span> <span class='ocrx_word' id='word_1_152' title='bbox 2022 1411 2265 1469; x_wconf 74' lang='lat' dir='ltr'><strong>excerpta</strong></span> <span class='ocrx_word' id='word_1_153' title='bbox 2297 1415 2414 1468; x_wconf 76' lang='lat' dir='ltr'><strong>qua:</strong></span> <span class='ocrx_word' id='word_1_154' title='bbox 2445 1406 2716 1466; x_wconf 82' lang='lat' dir='ltr'><strong>superant.</strong></span> 
     </span>
    </p>
   </div>
   <div class='ocr_carea' id='block_1_21' title="bbox 1657 1488 2339 1546">
    <p class='ocr_par' dir='ltr' id='par_1_21' title="bbox 1657 1488 2339 1546">
     <span class='ocr_line' id='line_1_21' title="bbox 1657 1488 2339 1546; baseline 0.004 -4"><span class='ocrx_word' id='word_1_155' title='bbox 1657 1488 1735 1542; x_wconf 79' lang='lat' dir='ltr'><strong>Ex</strong></span> <span class='ocrx_word' id='word_1_156' title='bbox 1756 1500 1945 1544; x_wconf 88' lang='lat' dir='ltr'><strong>catena</strong></span> <span class='ocrx_word' id='word_1_157' title='bbox 1974 1491 2030 1543; x_wconf 86' lang='lat' dir='ltr'><strong>in</strong></span> <span class='ocrx_word' id='word_1_158' title='bbox 2056 1490 2339 1546; x_wconf 82' lang='lat' dir='ltr'><strong>Joannem.</strong></span> 
     </span>
    </p>
   </div>
   <div class='ocr_carea' id='block_1_22' title="bbox 980 1586 3033 1661">
    <p class='ocr_par' dir='ltr' id='par_1_22' title="bbox 980 1586 3033 1661">
     <span class='ocr_line' id='line_1_22' title="bbox 980 1586 3033 1661; baseline 0.004 -24"><span class='ocrx_word' id='word_1_159' title='bbox 980 1586 1383 1654; x_wconf 69' lang='grc' dir='ltr'>Ἀμφιλοχίου.</span> <span class='ocrx_word' id='word_1_160' title='bbox 1994 1600 2038 1655; x_wconf 78' lang='grc' dir='ltr'><strong>Β</strong></span> <span class='ocrx_word' id='word_1_161' title='bbox 2664 1591 3033 1661; x_wconf 74' lang='lat' dir='ltr'><strong>Amphilochii.</strong></span> 
     </span>
    </p>
   </div>
   <div class='ocr_carea' id='block_1_23' title="bbox 457 1675 2073 1754">
    <p class='ocr_par' dir='ltr' id='par_1_23' title="bbox 457 1675 1957 1750">
     <span class='ocr_line' id='line_1_23' title="bbox 457 1675 1957 1750; baseline 0.005 -23"><span class='ocrx_word' id='word_1_162' title='bbox 457 1676 578 1728; x_wconf 82' lang='grc' dir='ltr'><strong>οὐκ</strong></span> <span class='ocrx_word' id='word_1_163' title='bbox 603 1675 788 1746; x_wconf 73' lang='grc' dir='ltr'>ἐπειδὴ</span> <span class='ocrx_word' id='word_1_164' title='bbox 811 1677 840 1730; x_wconf 80' lang='grc' dir='ltr'>ὁ</span> <span class='ocrx_word' id='word_1_165' title='bbox 871 1677 998 1741; x_wconf 70' lang='lat' dir='ltr'><strong>ru;</strong></span> <span class='ocrx_word' id='word_1_166' title='bbox 1020 1676 1114 1730; x_wconf 80' lang='grc' dir='ltr'>τοῦ</span> <span class='ocrx_word' id='word_1_167' title='bbox 1140 1677 1426 1749; x_wconf 82' lang='grc' dir='ltr'>ἀνθρώπου</span> <span class='ocrx_word' id='word_1_168' title='bbox 1467 1678 1733 1750; x_wconf 85' lang='grc' dir='ltr'>κατῆλθεν</span> <span class='ocrx_word' id='word_1_169' title='bbox 1758 1682 1822 1733; x_wconf 85' lang='grc' dir='ltr'><strong>ὲκ</strong></span> <span class='ocrx_word' id='word_1_170' title='bbox 1847 1681 1957 1736; x_wconf 85' lang='grc' dir='ltr'><strong>τῶν</strong></span> 
     </span>
    </p>
   </div>
   <div class='ocr_carea' id='block_1_24' title="bbox 2034 1675 3650 1754">
    <p class='ocr_par' dir='ltr' id='par_1_24' title="bbox 2133 1682 3650 1754">
     <span class='ocr_line' id='line_1_24' title="bbox 2133 1682 3650 1754; baseline 0.003 -17"><span class='ocrx_word' id='word_1_171' title='bbox 2133 1682 2250 1738; x_wconf 86' lang='lat' dir='ltr'><strong>Non</strong></span> <span class='ocrx_word' id='word_1_172' title='bbox 2281 1683 2408 1754; x_wconf 88' lang='lat' dir='ltr'><strong>quia</strong></span> <span class='ocrx_word' id='word_1_173' title='bbox 2437 1684 2607 1740; x_wconf 85' lang='lat' dir='ltr'><strong>Filius</strong></span> <span class='ocrx_word' id='word_1_174' title='bbox 2648 1687 2886 1742; x_wconf 83' lang='lat' dir='ltr'><strong>hominis</strong></span> <span class='ocrx_word' id='word_1_175' title='bbox 2930 1688 3209 1743; x_wconf 75' lang='lat' dir='ltr'><strong>descendit</strong></span> <span class='ocrx_word' id='word_1_176' title='bbox 3244 1689 3309 1744; x_wconf 92' lang='lat' dir='ltr'><strong>de</strong></span> <span class='ocrx_word' id='word_1_177' title='bbox 3341 1687 3515 1754; x_wconf 85' lang='lat' dir='ltr'><strong>coelo;</strong></span> <span class='ocrx_word' id='word_1_178' title='bbox 3552 1687 3650 1742; x_wconf 76' lang='lat' dir='ltr'><strong>sed</strong></span> 
     </span>
    </p>
   </div>
   <div class='ocr_carea' id='block_1_25' title="bbox 380 1767 1996 1848">
    <p class='ocr_par' dir='ltr' id='par_1_25' title="bbox 380 1767 1955 1840">
     <span class='ocr_line' id='line_1_25' title="bbox 380 1767 1955 1840; baseline 0.003 -19"><span class='ocrx_word' id='word_1_179' title='bbox 380 1767 655 1836; x_wconf 64' lang='grc' dir='ltr'>οὐρανῶν,</span> <span class='ocrx_word' id='word_1_180' title='bbox 689 1769 803 1821; x_wconf 82' lang='grc' dir='ltr'>ἀλλ’</span> <span class='ocrx_word' id='word_1_181' title='bbox 842 1769 1025 1840; x_wconf 72' lang='grc' dir='ltr'>ἐπειδὴ</span> <span class='ocrx_word' id='word_1_182' title='bbox 1068 1772 1096 1823; x_wconf 84' lang='grc' dir='ltr'>ὁ</span> <span class='ocrx_word' id='word_1_183' title='bbox 1131 1770 1404 1825; x_wconf 85' lang='grc' dir='ltr'>κατελθὼν</span> <span class='ocrx_word' id='word_1_184' title='bbox 1441 1771 1568 1834; x_wconf 82' lang='grc' dir='ltr'>Υἱὸς</span> <span class='ocrx_word' id='word_1_185' title='bbox 1600 1771 1756 1834; x_wconf 81' lang='grc' dir='ltr'>Θεοῦ,</span> <span class='ocrx_word' id='word_1_186' title='bbox 1792 1771 1955 1836; x_wconf 79' lang='grc' dir='ltr'>αὐτὸς</span> 
     </span>
    </p>
   </div>
   <div class='ocr_carea' id='block_1_26' title="bbox 2030 1767 3646 1848">
    <p class='ocr_par' dir='ltr' id='par_1_26' title="bbox 2061 1774 3646 1848">
     <span class='ocr_line' id='line_1_26' title="bbox 2061 1774 3646 1848; baseline 0 -19"><span class='ocrx_word' id='word_1_187' title='bbox 2061 1776 2185 1845; x_wconf 92' lang='lat' dir='ltr'><strong>quia</strong></span> <span class='ocrx_word' id='word_1_188' title='bbox 2219 1775 2309 1843; x_wconf 90' lang='lat' dir='ltr'><strong>qui</strong></span> <span class='ocrx_word' id='word_1_189' title='bbox 2337 1774 2618 1830; x_wconf 88' lang='lat' dir='ltr'><strong>descendit</strong></span> <span class='ocrx_word' id='word_1_190' title='bbox 2658 1777 2753 1831; x_wconf 91' lang='lat' dir='ltr'><strong>Dei</strong></span> <span class='ocrx_word' id='word_1_191' title='bbox 2795 1777 2998 1842; x_wconf 88' lang='lat' dir='ltr'><strong>Filius,</strong></span> <span class='ocrx_word' id='word_1_192' title='bbox 3033 1777 3079 1832; x_wconf 90' lang='lat' dir='ltr'><strong>is</strong></span> <span class='ocrx_word' id='word_1_193' title='bbox 3125 1778 3242 1848; x_wconf 90' lang='lat' dir='ltr'><strong>ipse</strong></span> <span class='ocrx_word' id='word_1_194' title='bbox 3271 1777 3516 1834; x_wconf 85' lang='lat' dir='ltr'><strong>ascendit</strong></span> <span class='ocrx_word' id='word_1_195' title='bbox 3565 1775 3646 1830; x_wconf 81' lang='lat' dir='ltr'><strong>fa-</strong></span> 
     </span>
    </p>
   </div>
   <div class='ocr_carea' id='block_1_27' title="bbox 381 1858 1997 1934">
    <p class='ocr_par' dir='ltr' id='par_1_27' title="bbox 381 1858 1958 1934">
     <span class='ocr_line' id='line_1_27' title="bbox 381 1858 1958 1934; baseline 0.005 -25"><span class='ocrx_word' id='word_1_196' title='bbox 381 1858 588 1930; x_wconf 74' lang='grc' dir='ltr'>ἀνῇλθε</span> <span class='ocrx_word' id='word_1_197' title='bbox 646 1861 930 1931; x_wconf 82' lang='grc' dir='ltr'>γενόμενος</span> <span class='ocrx_word' id='word_1_198' title='bbox 979 1862 1106 1926; x_wconf 80' lang='grc' dir='ltr'><strong>Υἱὸς</strong></span> <span class='ocrx_word' id='word_1_199' title='bbox 1158 1863 1443 1934; x_wconf 81' lang='grc' dir='ltr'>ἀνθρώπου</span> <span class='ocrx_word' id='word_1_200' title='bbox 1468 1905 1483 1928; x_wconf 92' lang='grc'><strong>,</strong></span> <span class='ocrx_word' id='word_1_201' title='bbox 1529 1863 1958 1934; x_wconf 76' lang='grc' dir='ltr'><strong>ἀσφαλιζόμενος</strong></span> 
     </span>
    </p>
   </div>
   <div class='ocr_carea' id='block_1_28' title="bbox 2027 1858 3643 1934">
    <p class='ocr_par' dir='ltr' id='par_1_28' title="bbox 2061 1861 3643 1931">
     <span class='ocr_line' id='line_1_28' title="bbox 2061 1861 3643 1931; baseline 0 -10"><span class='ocrx_word' id='word_1_202' title='bbox 2061 1877 2184 1921; x_wconf 89' lang='lat' dir='ltr'><strong>ctus</strong></span> <span class='ocrx_word' id='word_1_203' title='bbox 2209 1865 2379 1922; x_wconf 86' lang='lat' dir='ltr'><strong>Filius</strong></span> <span class='ocrx_word' id='word_1_204' title='bbox 2408 1867 3005 1931; x_wconf 89' lang='lat' dir='ltr'><strong>hominis,asseverans</strong></span> <span class='ocrx_word' id='word_1_205' title='bbox 3035 1861 3174 1922; x_wconf 79' lang='lat' dir='ltr'><strong>dixit</strong></span> <span class='ocrx_word' id='word_1_206' title='bbox 3206 1885 3222 1922; x_wconf 87' lang='lat'><strong>:</strong></span> <span class='ocrx_word' id='word_1_207' title='bbox 3259 1866 3429 1922; x_wconf 88' lang='lat' dir='ltr'><strong>Nemo</strong></span> <span class='ocrx_word' id='word_1_208' title='bbox 3459 1883 3643 1921; x_wconf 72' lang='lat' dir='ltr'><strong>ascen-</strong></span> 
     </span>
    </p>
   </div>
   <div class='ocr_carea' id='block_1_29' title="bbox 383 1951 1999 2028">
    <p class='ocr_par' dir='ltr' id='par_1_29' title="bbox 383 1951 1958 2026">
     <span class='ocr_line' id='line_1_29' title="bbox 383 1951 1958 2026; baseline 0.005 -25"><span class='ocrx_word' id='word_1_209' title='bbox 383 1951 610 2019; x_wconf 78' lang='grc' dir='ltr'>ελεγεν·</span> <span class='ocrx_word' id='word_1_210' title='bbox 646 1952 852 2020; x_wconf 70' lang='grc' dir='ltr'><strong>οὐδεὶς</strong></span> <span class='ocrx_word' id='word_1_211' title='bbox 895 1953 1073 2022; x_wconf 80' lang='grc' dir='ltr'>ἀνέϐη</span> <span class='ocrx_word' id='word_1_212' title='bbox 1120 1957 1211 2020; x_wconf 78' lang='grc' dir='ltr'><strong>εἰς</strong></span> <span class='ocrx_word' id='word_1_213' title='bbox 1255 1955 1360 2009; x_wconf 73' lang='grc' dir='ltr'>τὸν</span> <span class='ocrx_word' id='word_1_214' title='bbox 1402 1957 1682 2023; x_wconf 80' lang='grc' dir='ltr'>οὐρανὸν,</span> <span class='ocrx_word' id='word_1_215' title='bbox 1723 1959 1774 2009; x_wconf 73' lang='grc' dir='ltr'>εἰ</span> <span class='ocrx_word' id='word_1_216' title='bbox 1814 1957 1899 2026; x_wconf 80' lang='grc' dir='ltr'><strong>μὴ</strong></span> <span class='ocrx_word' id='word_1_217' title='bbox 1925 1959 1958 2010; x_wconf 86' lang='grc' dir='ltr'><em>ό</em></span> 
     </span>
    </p>
   </div>
   <div class='ocr_carea' id='block_1_30' title="bbox 2027 1951 3643 2028">
    <p class='ocr_par' dir='ltr' id='par_1_30' title="bbox 2059 1957 3643 2028">
     <span class='ocr_line' id='line_1_30' title="bbox 2059 1957 3643 2028; baseline -0.001 -16"><span class='ocrx_word' id='word_1_218' title='bbox 2059 1959 2134 2012; x_wconf 86' lang='lat' dir='ltr'><strong>dit</strong></span> <span class='ocrx_word' id='word_1_219' title='bbox 2168 1959 2224 2012; x_wconf 88' lang='lat' dir='ltr'><strong>in</strong></span> <span class='ocrx_word' id='word_1_220' title='bbox 2255 1958 2462 2022; x_wconf 72' lang='lat' dir='ltr'><strong>cwlum,</strong></span> <span class='ocrx_word' id='word_1_221' title='bbox 2500 1959 2606 2011; x_wconf 85' lang='lat' dir='ltr'><strong>nisi</strong></span> <span class='ocrx_word' id='word_1_222' title='bbox 2634 1958 2724 2028; x_wconf 85' lang='lat' dir='ltr'><strong>qui</strong></span> <span class='ocrx_word' id='word_1_223' title='bbox 2748 1959 3018 2012; x_wconf 77' lang='lat' dir='ltr'><strong>descendit</strong></span> <span class='ocrx_word' id='word_1_224' title='bbox 3047 1960 3112 2012; x_wconf 89' lang='lat' dir='ltr'><strong>de</strong></span> <span class='ocrx_word' id='word_1_225' title='bbox 3141 1959 3269 2014; x_wconf 70' lang='lat' dir='ltr'><strong>ccelo</strong></span> <span class='ocrx_word' id='word_1_226' title='bbox 3296 1998 3312 2023; x_wconf 91' lang='lat'><strong>,</strong></span> <span class='ocrx_word' id='word_1_227' title='bbox 3343 1957 3521 2011; x_wconf 84' lang='lat' dir='ltr'><strong>Filius</strong></span> <span class='ocrx_word' id='word_1_228' title='bbox 3548 1958 3643 2010; x_wconf 80' lang='lat' dir='ltr'><strong>Ito-</strong></span> 
     </span>
    </p>
   </div>
   <div class='ocr_carea' id='block_1_31' title="bbox 377 2040 1993 2119">
    <p class='ocr_par' dir='ltr' id='par_1_31' title="bbox 377 2040 1958 2114">
     <span class='ocr_line' id='line_1_31' title="bbox 377 2040 1958 2114; baseline 0.006 -22"><span class='ocrx_word' id='word_1_229' title='bbox 377 2041 454 2093; x_wconf 79' lang='grc' dir='ltr'><strong>ἐκ</strong></span> <span class='ocrx_word' id='word_1_230' title='bbox 489 2040 598 2094; x_wconf 85' lang='grc' dir='ltr'><strong>τοῦ</strong></span> <span class='ocrx_word' id='word_1_231' title='bbox 629 2043 885 2109; x_wconf 78' lang='grc' dir='ltr'>οὐρανοῦ</span> <span class='ocrx_word' id='word_1_232' title='bbox 924 2044 1180 2110; x_wconf 77' lang='grc' dir='ltr'>καταϐὰς</span> <span class='ocrx_word' id='word_1_233' title='bbox 1223 2049 1257 2099; x_wconf 90' lang='lat' dir='ltr'><strong>d</strong></span> <span class='ocrx_word' id='word_1_234' title='bbox 1310 2046 1443 2113; x_wconf 78' lang='grc' dir='ltr'><strong>Υἱὸς</strong></span> <span class='ocrx_word' id='word_1_235' title='bbox 1470 2047 1576 2100; x_wconf 87' lang='grc' dir='ltr'>τοῦ</span> <span class='ocrx_word' id='word_1_236' title='bbox 1622 2045 1958 2114; x_wconf 75' lang='grc' dir='ltr'>ἀνθρώπου,</span> 
     </span>
    </p>
   </div>
   <div class='ocr_carea' id='block_1_32' title="bbox 2020 2040 3636 2119">
    <p class='ocr_par' dir='ltr' id='par_1_32' title="bbox 2059 2043 3636 2119">
     <span class='ocr_line' id='line_1_32' title="bbox 2059 2043 3636 2119; baseline -0.003 -16"><span class='ocrx_word' id='word_1_237' title='bbox 2059 2051 2215 2104; x_wconf 88' lang='lat' dir='ltr'><strong>minis</strong></span> <span class='ocrx_word' id='word_1_238' title='bbox 2251 2049 2342 2119; x_wconf 87' lang='lat' dir='ltr'><strong>qui</strong></span> <span class='ocrx_word' id='word_1_239' title='bbox 2371 2059 2444 2102; x_wconf 84' lang='lat' dir='ltr'><strong>est</strong></span> <span class='ocrx_word' id='word_1_240' title='bbox 2476 2049 2530 2102; x_wconf 88' lang='lat' dir='ltr'><strong>in</strong></span> <span class='ocrx_word' id='word_1_241' title='bbox 2566 2048 2692 2102; x_wconf 68' lang='lat' dir='ltr'><strong>coelo</strong></span> <span class='ocrx_word' id='word_1_242' title='bbox 2716 2050 2782 2102; x_wconf 81' lang='grc'><strong>⁹¹.</strong></span> <span class='ocrx_word' id='word_1_243' title='bbox 2815 2047 3014 2103; x_wconf 86' lang='lat' dir='ltr'><strong>Christi</strong></span> <span class='ocrx_word' id='word_1_244' title='bbox 3052 2048 3194 2102; x_wconf 91' lang='lat' dir='ltr'><strong>enim</strong></span> <span class='ocrx_word' id='word_1_245' title='bbox 3227 2063 3355 2102; x_wconf 87' lang='lat' dir='ltr'><strong>caro</strong></span> <span class='ocrx_word' id='word_1_246' title='bbox 3387 2043 3636 2115; x_wconf 70' lang='lat' dir='ltr'><strong>postile-</strong></span> 
     </span>
    </p>
   </div>
   <div class='ocr_carea' id='block_1_33' title="bbox 383 2130 1999 2210">
    <p class='ocr_par' dir='ltr' id='par_1_33' title="bbox 383 2130 1962 2210">
     <span class='ocr_line' id='line_1_33' title="bbox 383 2130 1962 2210; baseline 0.005 -25"><span class='ocrx_word' id='word_1_247' title='bbox 383 2134 423 2185; x_wconf 79' lang='grc' dir='ltr'><em>ό</em></span> <span class='ocrx_word' id='word_1_248' title='bbox 450 2130 540 2183; x_wconf 78' lang='grc' dir='ltr'>ὢν</span> <span class='ocrx_word' id='word_1_249' title='bbox 584 2133 656 2185; x_wconf 85' lang='grc' dir='ltr'>ἐν</span> <span class='ocrx_word' id='word_1_250' title='bbox 701 2132 781 2198; x_wconf 83' lang='grc' dir='ltr'>τῷ</span> <span class='ocrx_word' id='word_1_251' title='bbox 815 2133 1064 2202; x_wconf 80' lang='grc' dir='ltr'>οὐρανῷ.</span> <span class='ocrx_word' id='word_1_252' title='bbox 1113 2137 1353 2209; x_wconf 80' lang='grc' dir='ltr'>Ἀπαθὴς</span> <span class='ocrx_word' id='word_1_253' title='bbox 1396 2138 1506 2210; x_wconf 86' lang='grc' dir='ltr'><strong>γὰρ</strong></span> <span class='ocrx_word' id='word_1_254' title='bbox 1552 2141 1646 2193; x_wconf 67' lang='grc' dir='ltr'><strong>κα)⁸</strong></span> <span class='ocrx_word' id='word_1_255' title='bbox 1695 2140 1962 2204; x_wconf 81' lang='grc' dir='ltr'>ἀθάνατος</span> 
     </span>
    </p>
   </div>
   <div class='ocr_carea' id='block_1_34' title="bbox 2024 2130 3640 2210">
    <p class='ocr_par' dir='ltr' id='par_1_34' title="bbox 2063 2137 3640 2209">
     <span class='ocr_line' id='line_1_34' title="bbox 2063 2137 3640 2209; baseline -0.003 -15"><span class='ocrx_word' id='word_1_256' title='bbox 2063 2142 2456 2195; x_wconf 89' lang='lat' dir='ltr'><strong>surrectionem</strong></span> <span class='ocrx_word' id='word_1_257' title='bbox 2485 2183 2501 2206; x_wconf 87' lang='lat'><strong>,</strong></span> <span class='ocrx_word' id='word_1_258' title='bbox 2537 2140 2792 2194; x_wconf 90' lang='lat' dir='ltr'><strong>immunis</strong></span> <span class='ocrx_word' id='word_1_259' title='bbox 2847 2157 2875 2193; x_wconf 88' lang='lat' dir='ltr'><strong>a</strong></span> <span class='ocrx_word' id='word_1_260' title='bbox 2937 2140 3186 2209; x_wconf 84' lang='lat' dir='ltr'><strong>passione</strong></span> <span class='ocrx_word' id='word_1_261' title='bbox 3217 2148 3272 2192; x_wconf 87' lang='lat' dir='ltr'><strong>et</strong></span> <span class='ocrx_word' id='word_1_262' title='bbox 3301 2137 3640 2201; x_wconf 87' lang='lat' dir='ltr'><strong>immortalis,</strong></span> 
     </span>
    </p>
   </div>
   <div class='ocr_carea' id='block_1_35' title="bbox 389 2221 2005 2304">
    <p class='ocr_par' dir='ltr' id='par_1_35' title="bbox 389 2221 1962 2304">
     <span class='ocr_line' id='line_1_35' title="bbox 389 2221 1962 2304; baseline 0.006 -29"><span class='ocrx_word' id='word_1_263' title='bbox 389 2221 533 2292; x_wconf 68' lang='grc' dir='ltr'>μετὰ</span> <span class='ocrx_word' id='word_1_264' title='bbox 558 2224 655 2293; x_wconf 84' lang='grc' dir='ltr'><strong>τῆς</strong></span> <span class='ocrx_word' id='word_1_265' title='bbox 688 2225 1031 2290; x_wconf 81' lang='grc' dir='ltr'><strong>ἀναστάσεως</strong></span> <span class='ocrx_word' id='word_1_266' title='bbox 1061 2229 1326 2300; x_wconf 82' lang='grc' dir='ltr'><strong>γενομένη</strong></span> <span class='ocrx_word' id='word_1_267' title='bbox 1361 2232 1393 2300; x_wconf 84' lang='grc' dir='ltr'>ἡ</span> <span class='ocrx_word' id='word_1_268' title='bbox 1423 2230 1558 2302; x_wconf 76' lang='grc' dir='ltr'>σὰρξ</span> <span class='ocrx_word' id='word_1_269' title='bbox 1584 2231 1673 2284; x_wconf 79' lang='grc' dir='ltr'><strong>διὰ</strong></span> <span class='ocrx_word' id='word_1_270' title='bbox 1700 2233 1798 2302; x_wconf 79' lang='grc' dir='ltr'>τὴν</span> <span class='ocrx_word' id='word_1_271' title='bbox 1829 2232 1962 2304; x_wconf 82' lang='grc' dir='ltr'><strong>πρὸς</strong></span> 
     </span>
    </p>
   </div>
   <div class='ocr_carea' id='block_1_36' title="bbox 2027 2221 3643 2304">
    <p class='ocr_par' dir='ltr' id='par_1_36' title="bbox 2064 2225 3643 2285">
     <span class='ocr_line' id='line_1_36' title="bbox 2064 2225 3643 2285; baseline -0.006 0"><span class='ocrx_word' id='word_1_272' title='bbox 2064 2231 2442 2285; x_wconf 90' lang='lat' dir='ltr'><strong>communione</strong></span> <span class='ocrx_word' id='word_1_273' title='bbox 2493 2231 2562 2283; x_wconf 92' lang='lat' dir='ltr'><strong>ad</strong></span> <span class='ocrx_word' id='word_1_274' title='bbox 2616 2229 2782 2283; x_wconf 91' lang='lat' dir='ltr'><strong>Deum</strong></span> <span class='ocrx_word' id='word_1_275' title='bbox 2827 2229 3022 2283; x_wconf 80' lang='lat' dir='ltr'><strong>evasit.</strong></span> <span class='ocrx_word' id='word_1_276' title='bbox 3073 2227 3273 2281; x_wconf 87' lang='lat' dir='ltr'><strong>Eadem</strong></span> <span class='ocrx_word' id='word_1_277' title='bbox 3323 2225 3468 2279; x_wconf 90' lang='lat' dir='ltr'><strong>enim</strong></span> <span class='ocrx_word' id='word_1_278' title='bbox 3520 2238 3643 2277; x_wconf 90' lang='lat' dir='ltr'><strong>cum</strong></span> 
     </span>
    </p>
   </div>
   <div class='ocr_carea' id='block_1_37' title="bbox 385 2312 2001 2394">
    <p class='ocr_par' dir='ltr' id='par_1_37' title="bbox 385 2312 1965 2394">
     <span class='ocr_line' id='line_1_37' title="bbox 385 2312 1965 2394; baseline 0.009 -30"><span class='ocrx_word' id='word_1_279' title='bbox 385 2312 523 2365; x_wconf 73' lang='grc' dir='ltr'>Θεὸν</span> <span class='ocrx_word' id='word_1_280' title='bbox 549 2315 828 2370; x_wconf 78' lang='grc' dir='ltr'>κοινωνίαν</span> <span class='ocrx_word' id='word_1_281' title='bbox 851 2332 867 2347; x_wconf 82' lang='lat'>&#39;</span> <span class='ocrx_word' id='word_1_282' title='bbox 906 2317 1225 2390; x_wconf 83' lang='grc' dir='ltr'>ἀδιαιρέτως</span> <span class='ocrx_word' id='word_1_283' title='bbox 1258 2322 1366 2392; x_wconf 83' lang='grc' dir='ltr'>γάρ</span> <span class='ocrx_word' id='word_1_284' title='bbox 1393 2323 1539 2376; x_wconf 80' lang='grc' dir='ltr'>ἐστιν</span> <span class='ocrx_word' id='word_1_285' title='bbox 1568 2323 1716 2393; x_wconf 78' lang='grc' dir='ltr'><strong>αὑτῷ</strong></span> <span class='ocrx_word' id='word_1_286' title='bbox 1743 2325 1840 2394; x_wconf 82' lang='grc' dir='ltr'>τῆς</span> <span class='ocrx_word' id='word_1_287' title='bbox 1866 2325 1965 2378; x_wconf 85' lang='grc' dir='ltr'><strong>αὺ-</strong></span> 
     </span>
    </p>
   </div>
   <div class='ocr_carea' id='block_1_38' title="bbox 2032 2312 3648 2394">
    <p class='ocr_par' dir='ltr' id='par_1_38' title="bbox 2066 2317 3648 2392">
     <span class='ocr_line' id='line_1_38' title="bbox 2066 2317 3648 2392; baseline -0.004 -17"><span class='ocrx_word' id='word_1_288' title='bbox 2066 2322 2185 2392; x_wconf 91' lang='lat' dir='ltr'><strong>ipso</strong></span> <span class='ocrx_word' id='word_1_289' title='bbox 2212 2361 2226 2386; x_wconf 89' lang='lat'><strong>,</strong></span> <span class='ocrx_word' id='word_1_290' title='bbox 2262 2320 2492 2375; x_wconf 83' lang='lat' dir='ltr'><strong>indivise</strong></span> <span class='ocrx_word' id='word_1_291' title='bbox 2515 2359 2531 2384; x_wconf 88' lang='lat'><strong>,</strong></span> <span class='ocrx_word' id='word_1_292' title='bbox 2583 2321 2832 2375; x_wconf 88' lang='lat' dir='ltr'><strong>sessione</strong></span> <span class='ocrx_word' id='word_1_293' title='bbox 2875 2320 3140 2374; x_wconf 90' lang='lat' dir='ltr'><strong>honorata</strong></span> <span class='ocrx_word' id='word_1_294' title='bbox 3172 2327 3277 2372; x_wconf 86' lang='lat' dir='ltr'><strong>est.</strong></span> <span class='ocrx_word' id='word_1_295' title='bbox 3309 2317 3648 2386; x_wconf 84' lang='lat' dir='ltr'><strong>Quapropter</strong></span> 
     </span>
    </p>
   </div>
   <div class='ocr_carea' id='block_1_39' title="bbox 387 2403 2003 2483">
    <p class='ocr_par' dir='ltr' id='par_1_39' title="bbox 387 2403 1961 2483">
     <span class='ocr_line' id='line_1_39' title="bbox 387 2403 1961 2483; baseline 0.008 -29"><span class='ocrx_word' id='word_1_296' title='bbox 387 2404 490 2473; x_wconf 75' lang='grc' dir='ltr'><strong>τῆς</strong></span> <span class='ocrx_word' id='word_1_297' title='bbox 513 2403 786 2476; x_wconf 69' lang='grc' dir='ltr'>ἡξιωμένη</span> <span class='ocrx_word' id='word_1_298' title='bbox 816 2407 1082 2480; x_wconf 81' lang='grc' dir='ltr'><strong>καθέδρας</strong></span> <span class='ocrx_word' id='word_1_299' title='bbox 1101 2426 1115 2440; x_wconf 78' lang='grc' dir='ltr'><strong>ο</strong></span> <span class='ocrx_word' id='word_1_300' title='bbox 1155 2410 1233 2463; x_wconf 83' lang='grc' dir='ltr'>διὸ</span> <span class='ocrx_word' id='word_1_301' title='bbox 1275 2412 1368 2464; x_wconf 84' lang='grc' dir='ltr'><strong>καὶ</strong></span> <span class='ocrx_word' id='word_1_302' title='bbox 1414 2412 1626 2477; x_wconf 79' lang='grc' dir='ltr'><strong>Παῦλος</strong></span> <span class='ocrx_word' id='word_1_303' title='bbox 1649 2413 1835 2483; x_wconf 75' lang='grc' dir='ltr'>ἔλεγεν</span> <span class='ocrx_word' id='word_1_304' title='bbox 1853 2431 1867 2444; x_wconf 71' lang='grc' dir='ltr'><strong><em>ο</em></strong></span> <span class='ocrx_word' id='word_1_305' title='bbox 1906 2415 1961 2466; x_wconf 89' lang='grc' dir='ltr'><strong><em>Ὁ</em></strong></span> 
     </span>
    </p>
   </div>
   <div class='ocr_carea' id='block_1_40' title="bbox 2029 2403 3645 2483">
    <p class='ocr_par' dir='ltr' id='par_1_40' title="bbox 2065 2407 3645 2479">
     <span class='ocr_line' id='line_1_40' title="bbox 2065 2407 3645 2479; baseline -0.005 -12"><span class='ocrx_word' id='word_1_306' title='bbox 2065 2413 2228 2468; x_wconf 88' lang='lat' dir='ltr'><strong>etiam</strong></span> <span class='ocrx_word' id='word_1_307' title='bbox 2287 2410 2487 2466; x_wconf 88' lang='lat' dir='ltr'><strong>Paulus</strong></span> <span class='ocrx_word' id='word_1_308' title='bbox 2535 2411 2787 2476; x_wconf 85' lang='lat' dir='ltr'><strong>ait:Qui</strong></span> <span class='ocrx_word' id='word_1_309' title='bbox 2826 2412 3120 2477; x_wconf 77' lang='lat' dir='ltr'><strong>descendit,</strong></span> <span class='ocrx_word' id='word_1_310' title='bbox 3172 2412 3282 2479; x_wconf 84' lang='lat' dir='ltr'><strong>ipse</strong></span> <span class='ocrx_word' id='word_1_311' title='bbox 3339 2419 3414 2463; x_wconf 83' lang='lat' dir='ltr'><strong>est</strong></span> <span class='ocrx_word' id='word_1_312' title='bbox 3465 2417 3512 2462; x_wconf 89' lang='lat' dir='ltr'><strong>et</strong></span> <span class='ocrx_word' id='word_1_313' title='bbox 3555 2407 3645 2475; x_wconf 83' lang='lat' dir='ltr'><strong>qui</strong></span> 
     </span>
    </p>
   </div>
   <div class='ocr_carea' id='block_1_41' title="bbox 389 2497 2005 2575">
    <p class='ocr_par' dir='ltr' id='par_1_41' title="bbox 389 2497 1965 2574">
     <span class='ocr_line' id='line_1_41' title="bbox 389 2497 1965 2574; baseline 0.009 -28"><span class='ocrx_word' id='word_1_314' title='bbox 389 2497 674 2560; x_wconf 71' lang='grc' dir='ltr'>καταϐὰς,</span> <span class='ocrx_word' id='word_1_315' title='bbox 704 2499 886 2563; x_wconf 85' lang='grc' dir='ltr'>αὑτός</span> <span class='ocrx_word' id='word_1_316' title='bbox 909 2500 1038 2552; x_wconf 83' lang='grc' dir='ltr'>ἐστι</span> <span class='ocrx_word' id='word_1_317' title='bbox 1082 2503 1179 2555; x_wconf 79' lang='grc' dir='ltr'><strong>καὶ</strong></span> <span class='ocrx_word' id='word_1_318' title='bbox 1219 2505 1251 2556; x_wconf 77' lang='grc' dir='ltr'><em>ὁ</em></span> <span class='ocrx_word' id='word_1_319' title='bbox 1279 2503 1505 2571; x_wconf 81' lang='grc' dir='ltr'>ἀναϐὰς</span> <span class='ocrx_word' id='word_1_320' title='bbox 1541 2504 1816 2574; x_wconf 81' lang='grc' dir='ltr'><strong>ὑπεράνω</strong></span> <span class='ocrx_word' id='word_1_321' title='bbox 1846 2503 1965 2560; x_wconf 82' lang='grc' dir='ltr'><strong>τῶν</strong></span> 
     </span>
    </p>
   </div>
   <div class='ocr_carea' id='block_1_42' title="bbox 1745 2497 3361 2575">
    <p class='ocr_par' dir='ltr' id='par_1_42' title="bbox 1745 2503 3361 2575">
     <span class='ocr_line' id='line_1_42' title="bbox 1745 2503 3361 2575; baseline 0.001 -19"><span class='ocrx_word' id='word_1_322' title='bbox 1745 2524 1816 2559; x_wconf 76' lang='grc' dir='ltr'><strong>νω</strong></span> <span class='ocrx_word' id='word_1_323' title='bbox 1846 2503 1965 2560; x_wconf 84' lang='grc' dir='ltr'><strong>τῶν</strong></span> <span class='ocrx_word' id='word_1_324' title='bbox 2069 2505 2303 2559; x_wconf 79' lang='lat' dir='ltr'><strong>ascendit</strong></span> <span class='ocrx_word' id='word_1_325' title='bbox 2329 2521 2485 2575; x_wconf 85' lang='lat' dir='ltr'><strong>super</strong></span> <span class='ocrx_word' id='word_1_326' title='bbox 2515 2504 2693 2570; x_wconf 70' lang='lat' dir='ltr'><strong>caalos,</strong></span> <span class='ocrx_word' id='word_1_327' title='bbox 2726 2515 2781 2559; x_wconf 90' lang='lat' dir='ltr'><strong>ut</strong></span> <span class='ocrx_word' id='word_1_328' title='bbox 2820 2504 3051 2573; x_wconf 83' lang='lat' dir='ltr'><strong>impleret</strong></span> <span class='ocrx_word' id='word_1_329' title='bbox 3083 2505 3260 2558; x_wconf 84' lang='lat' dir='ltr'><strong>omnia</strong></span> <span class='ocrx_word' id='word_1_330' title='bbox 3294 2505 3361 2557; x_wconf 67' lang='grc' dir='ltr'>θ’.</span> 
     </span>
    </p>
   </div>
   <div class='ocr_carea' id='block_1_43' title="bbox 387 2586 1484 2661">
    <p class='ocr_par' dir='ltr' id='par_1_43' title="bbox 387 2586 1484 2661">
     <span class='ocr_line' id='line_1_43' title="bbox 387 2586 1484 2661; baseline 0.01 -22"><span class='ocrx_word' id='word_1_331' title='bbox 387 2586 684 2656; x_wconf 73' lang='grc' dir='ltr'>οὐρανῶν,</span> <span class='ocrx_word' id='word_1_332' title='bbox 715 2589 815 2642; x_wconf 80' lang='grc' dir='ltr'><strong>ἶνα</strong></span> <span class='ocrx_word' id='word_1_333' title='bbox 846 2591 1138 2661; x_wconf 74' lang='grc' dir='ltr'>πληρώσῃ</span> <span class='ocrx_word' id='word_1_334' title='bbox 1167 2594 1239 2648; x_wconf 85' lang='grc' dir='ltr'>τὰ</span> <span class='ocrx_word' id='word_1_335' title='bbox 1267 2593 1484 2650; x_wconf 75' lang='grc' dir='ltr'>πάντα.</span> 
     </span>
    </p>
   </div>
   <div class='ocr_carea' id='block_1_44' title="bbox 1435 2704 2585 2778">
    <p class='ocr_par' dir='ltr' id='par_1_44' title="bbox 1435 2704 2585 2778">
     <span class='ocr_line' id='line_1_44' title="bbox 1435 2704 2585 2778; baseline -0.005 -15"><span class='ocrx_word' id='word_1_336' title='bbox 1435 2710 1587 2778; x_wconf 78' lang='lat' dir='ltr'><strong>Apud</strong></span> <span class='ocrx_word' id='word_1_337' title='bbox 1621 2710 1961 2763; x_wconf 80' lang='lat' dir='ltr'><strong>Anastasium</strong></span> <span class='ocrx_word' id='word_1_338' title='bbox 1983 2708 2039 2762; x_wconf 88' lang='lat' dir='ltr'><strong>in</strong></span> <span class='ocrx_word' id='word_1_339' title='bbox 2077 2705 2318 2776; x_wconf 77' lang='lat' dir='ltr'><strong>Hodego,</strong></span> <span class='ocrx_word' id='word_1_340' title='bbox 2347 2721 2466 2775; x_wconf 85' lang='lat' dir='ltr'><strong>cap.</strong></span> <span class='ocrx_word' id='word_1_341' title='bbox 2495 2704 2585 2758; x_wconf 82' lang='grc'><strong>10.</strong></span> 
     </span>
    </p>
   </div>
   <div class='ocr_carea' id='block_1_45' title="bbox 979 2795 2595 2868">
    <p class='ocr_par' dir='ltr' id='par_1_45' title="bbox 979 2799 1385 2868">
     <span class='ocr_line' id='line_1_45' title="bbox 979 2799 1385 2868; baseline 0.002 -16"><span class='ocrx_word' id='word_1_342' title='bbox 979 2799 1385 2868; x_wconf 70' lang='grc' dir='ltr'>Ἀμφιλοχίου.</span> 
     </span>
    </p>
   </div>
   <div class='ocr_carea' id='block_1_46' title="bbox 1428 2795 3044 2868">
    <p class='ocr_par' dir='ltr' id='par_1_46' title="bbox 2672 2795 3044 2865">
     <span class='ocr_line' id='line_1_46' title="bbox 2672 2795 3044 2865; baseline -0.003 -16"><span class='ocrx_word' id='word_1_343' title='bbox 2672 2795 3044 2865; x_wconf 83' lang='lat' dir='ltr'><strong>Amphilocltii.</strong></span> 
     </span>
    </p>
   </div>
   <div class='ocr_carea' id='block_1_47' title="bbox 461 2882 2077 2964">
    <p class='ocr_par' dir='ltr' id='par_1_47' title="bbox 461 2883 1960 2964">
     <span class='ocr_line' id='line_1_47' title="bbox 461 2883 1960 2964; baseline 0.006 -28"><span class='ocrx_word' id='word_1_344' title='bbox 461 2883 558 2947; x_wconf 82' lang='grc' dir='ltr'><strong>Εξς</strong></span> <span class='ocrx_word' id='word_1_345' title='bbox 585 2883 642 2937; x_wconf 77' lang='grc' dir='ltr'>ἓν</span> <span class='ocrx_word' id='word_1_346' title='bbox 682 2887 790 2958; x_wconf 79' lang='grc' dir='ltr'><strong>γὰρ</strong></span> <span class='ocrx_word' id='word_1_347' title='bbox 837 2889 1146 2960; x_wconf 82' lang='grc' dir='ltr'>πρόσωπον,</span> <span class='ocrx_word' id='word_1_348' title='bbox 1186 2883 1368 2954; x_wconf 69' lang='grc' dir='ltr'>καθὼς</span> <span class='ocrx_word' id='word_1_349' title='bbox 1409 2892 1504 2944; x_wconf 77' lang='grc' dir='ltr'><strong>καὶ</strong></span> <span class='ocrx_word' id='word_1_350' title='bbox 1547 2891 1786 2964; x_wconf 80' lang='grc' dir='ltr'>ὑμετέρα</span> <span class='ocrx_word' id='word_1_351' title='bbox 1816 2891 1960 2946; x_wconf 83' lang='grc' dir='ltr'><strong>διδά-</strong></span> 
     </span>
    </p>
   </div>
   <div class='ocr_carea' id='block_1_48' title="bbox 2031 2882 3647 2964">
    <p class='ocr_par' dir='ltr' id='par_1_48' title="bbox 2139 2882 3647 2959">
     <span class='ocr_line' id='line_1_48' title="bbox 2139 2882 3647 2959; baseline -0.004 -15"><span class='ocrx_word' id='word_1_352' title='bbox 2139 2890 2197 2944; x_wconf 84' lang='lat' dir='ltr'><strong>In</strong></span> <span class='ocrx_word' id='word_1_353' title='bbox 2227 2905 2390 2944; x_wconf 88' lang='lat' dir='ltr'><strong>unam</strong></span> <span class='ocrx_word' id='word_1_354' title='bbox 2419 2889 2563 2943; x_wconf 90' lang='lat' dir='ltr'><strong>enim</strong></span> <span class='ocrx_word' id='word_1_355' title='bbox 2593 2902 2906 2959; x_wconf 88' lang='lat' dir='ltr'><strong>personam,</strong></span> <span class='ocrx_word' id='word_1_356' title='bbox 2930 2888 3072 2942; x_wconf 89' lang='lat' dir='ltr'><strong>sicut</strong></span> <span class='ocrx_word' id='word_1_357' title='bbox 3093 2895 3148 2942; x_wconf 91' lang='lat' dir='ltr'><strong>et</strong></span> <span class='ocrx_word' id='word_1_358' title='bbox 3177 2893 3356 2940; x_wconf 87' lang='lat' dir='ltr'><strong>vestra</strong></span> <span class='ocrx_word' id='word_1_359' title='bbox 3386 2882 3647 2938; x_wconf 73' lang='lat' dir='ltr'><strong>sanctitas</strong></span> 
     </span>
    </p>
   </div>
   <div class='ocr_carea' id='block_1_49' title="bbox 384 2973 2000 3053">
    <p class='ocr_par' dir='ltr' id='par_1_49' title="bbox 384 2973 1959 3053">
     <span class='ocr_line' id='line_1_49' title="bbox 384 2973 1959 3053; baseline 0.007 -30"><span class='ocrx_word' id='word_1_360' title='bbox 384 2986 512 3024; x_wconf 78' lang='grc' dir='ltr'>σκει</span> <span class='ocrx_word' id='word_1_361' title='bbox 541 2973 817 3044; x_wconf 80' lang='grc' dir='ltr'>ἁγιοσύνη,</span> <span class='ocrx_word' id='word_1_362' title='bbox 855 2978 1183 3050; x_wconf 82' lang='grc' dir='ltr'><strong>συνέδραμον</strong></span> <span class='ocrx_word' id='word_1_363' title='bbox 1212 2982 1267 3032; x_wconf 89' lang='grc' dir='ltr'><strong>αί</strong></span> <span class='ocrx_word' id='word_1_364' title='bbox 1289 2980 1382 3033; x_wconf 74' lang='grc' dir='ltr'><strong>δύο</strong></span> <span class='ocrx_word' id='word_1_365' title='bbox 1415 2980 1605 3050; x_wconf 83' lang='grc' dir='ltr'>φύσεις</span> <span class='ocrx_word' id='word_1_366' title='bbox 1623 2998 1635 3010; x_wconf 91' lang='grc'><strong>·</strong></span> <span class='ocrx_word' id='word_1_367' title='bbox 1662 2982 1838 3053; x_wconf 79' lang='grc' dir='ltr'>ἇσπερ</span> <span class='ocrx_word' id='word_1_368' title='bbox 1865 2982 1959 3034; x_wconf 73' lang='grc' dir='ltr'><strong>καὶ</strong></span> 
     </span>
    </p>
   </div>
   <div class='ocr_carea' id='block_1_50' title="bbox 2031 2973 3647 3053">
    <p class='ocr_par' dir='ltr' id='par_1_50' title="bbox 2065 2973 3647 3047">
     <span class='ocr_line' id='line_1_50' title="bbox 2065 2973 3647 3047; baseline -0.006 -12"><span class='ocrx_word' id='word_1_369' title='bbox 2065 2981 2242 3047; x_wconf 87' lang='lat' dir='ltr'><strong>docet,</strong></span> <span class='ocrx_word' id='word_1_370' title='bbox 2273 2988 2648 3034; x_wconf 91' lang='lat' dir='ltr'><strong>convenerunt</strong></span> <span class='ocrx_word' id='word_1_371' title='bbox 2677 2981 2796 3032; x_wconf 66' lang='lat' dir='ltr'><strong>dna:</strong></span> <span class='ocrx_word' id='word_1_372' title='bbox 2825 2987 3065 3043; x_wconf 60' lang='lat' dir='ltr'><strong>naturae;</strong></span> <span class='ocrx_word' id='word_1_373' title='bbox 3106 2992 3243 3046; x_wconf 89' lang='lat' dir='ltr'><strong>quas</strong></span> <span class='ocrx_word' id='word_1_374' title='bbox 3266 2983 3321 3030; x_wconf 92' lang='lat' dir='ltr'><strong>et</strong></span> <span class='ocrx_word' id='word_1_375' title='bbox 3352 2976 3404 3028; x_wconf 91' lang='lat' dir='ltr'><strong>in</strong></span> <span class='ocrx_word' id='word_1_376' title='bbox 3429 2973 3647 3029; x_wconf 83' lang='lat' dir='ltr'><strong>Christo</strong></span> 
     </span>
    </p>
   </div>
   <div class='ocr_carea' id='block_1_51' title="bbox 384 3057 2000 3144">
    <p class='ocr_par' dir='ltr' id='par_1_51' title="bbox 384 3057 1960 3144">
     <span class='ocr_line' id='line_1_51' title="bbox 384 3057 1960 3144; baseline 0.009 -32"><span class='ocrx_word' id='word_1_377' title='bbox 384 3057 551 3128; x_wconf 78' lang='grc' dir='ltr'>εἶναι,</span> <span class='ocrx_word' id='word_1_378' title='bbox 578 3067 672 3118; x_wconf 76' lang='grc' dir='ltr'><strong>καὶ</strong></span> <span class='ocrx_word' id='word_1_379' title='bbox 692 3065 954 3130; x_wconf 76' lang='grc' dir='ltr'>σώζεσθαι</span> <span class='ocrx_word' id='word_1_380' title='bbox 981 3070 1263 3141; x_wconf 82' lang='grc' dir='ltr'><strong>ἀτρέπτως</strong></span> <span class='ocrx_word' id='word_1_381' title='bbox 1292 3072 1386 3125; x_wconf 72' lang='grc' dir='ltr'>καὶ</span> <span class='ocrx_word' id='word_1_382' title='bbox 1410 3073 1729 3144; x_wconf 84' lang='grc' dir='ltr'>ἀδιαιρέτως</span> <span class='ocrx_word' id='word_1_383' title='bbox 1753 3075 1808 3125; x_wconf 84' lang='grc' dir='ltr'>ὲν</span> <span class='ocrx_word' id='word_1_384' title='bbox 1832 3075 1960 3142; x_wconf 86' lang='grc' dir='ltr'>Χρι-</span> 
     </span>
    </p>
   </div>
   <div class='ocr_carea' id='block_1_52' title="bbox 2027 3057 3643 3144">
    <p class='ocr_par' dir='ltr' id='par_1_52' title="bbox 2063 3066 3643 3130">
     <span class='ocr_line' id='line_1_52' title="bbox 2063 3066 3643 3130; baseline -0.007 -1"><span class='ocrx_word' id='word_1_385' title='bbox 2063 3090 2184 3129; x_wconf 87' lang='lat' dir='ltr'><strong>esse</strong></span> <span class='ocrx_word' id='word_1_386' title='bbox 2216 3082 2272 3128; x_wconf 91' lang='lat' dir='ltr'><strong>et</strong></span> <span class='ocrx_word' id='word_1_387' title='bbox 2309 3073 2625 3128; x_wconf 88' lang='lat' dir='ltr'><strong>conservari</strong></span> <span class='ocrx_word' id='word_1_388' title='bbox 2668 3070 3081 3126; x_wconf 89' lang='lat' dir='ltr'><strong>immutabiliter</strong></span> <span class='ocrx_word' id='word_1_389' title='bbox 3128 3077 3185 3124; x_wconf 90' lang='lat' dir='ltr'><strong>et</strong></span> <span class='ocrx_word' id='word_1_390' title='bbox 3221 3066 3643 3130; x_wconf 83' lang='lat' dir='ltr'><strong>indivisibiliter,</strong></span> 
     </span>
    </p>
   </div>
   <div class='ocr_carea' id='block_1_53' title="bbox 391 3154 2007 3236">
    <p class='ocr_par' dir='ltr' id='par_1_53' title="bbox 391 3154 912 3231">
     <span class='ocr_line' id='line_1_53' title="bbox 391 3154 912 3231; baseline 0.01 -23"><span class='ocrx_word' id='word_1_391' title='bbox 391 3154 502 3227; x_wconf 82' lang='grc' dir='ltr'>στῷ</span> <span class='ocrx_word' id='word_1_392' title='bbox 527 3157 912 3231; x_wconf 77' lang='grc' dir='ltr'>ὁμολογοῦμεν.</span> 
     </span>
    </p>
   </div>
   <div class='ocr_carea' id='block_1_54' title="bbox 787 3154 2403 3236">
    <p class='ocr_par' dir='ltr' id='par_1_54' title="bbox 792 3165 2403 3236">
     <span class='ocr_line' id='line_1_54' title="bbox 792 3165 2403 3236; baseline -0.008 -5"><span class='ocrx_word' id='word_1_393' title='bbox 792 3176 912 3231; x_wconf 71' lang='grc' dir='ltr'><strong>μεν·</strong></span> <span class='ocrx_word' id='word_1_394' title='bbox 2064 3165 2403 3236; x_wconf 80' lang='lat' dir='ltr'><strong>conﬁtemur.</strong></span> 
     </span>
    </p>
   </div>
   <div class='ocr_carea' id='block_1_55' title="bbox 1943 3263 2076 3322">
    <p class='ocr_par' dir='ltr' id='par_1_55' title="bbox 1943 3263 2076 3322">
     <span class='ocr_line' id='line_1_55' title="bbox 1943 3263 2076 3322; baseline 0 -1"><span class='ocrx_word' id='word_1_395' title='bbox 1943 3263 2076 3322; x_wconf 82' lang='lat' dir='ltr'><strong>XX.</strong></span> 
     </span>
    </p>
   </div>
   <div class='ocr_carea' id='block_1_56' title="bbox 1405 3359 2638 3432">
    <p class='ocr_par' dir='ltr' id='par_1_56' title="bbox 1405 3359 2638 3432">
     <span class='ocr_line' id='line_1_56' title="bbox 1405 3359 2638 3432; baseline -0.001 -17"><span class='ocrx_word' id='word_1_396' title='bbox 1405 3359 1802 3418; x_wconf 68' lang='lat' dir='ltr'><strong>Ex-Eletueutis</strong></span> <span class='ocrx_word' id='word_1_397' title='bbox 1831 3361 2141 3418; x_wconf 86' lang='lat' dir='ltr'><strong>Damasceni</strong></span> <span class='ocrx_word' id='word_1_398' title='bbox 2177 3362 2638 3432; x_wconf 79' lang='lat' dir='ltr'><strong>Rupefucaldinis.</strong></span> 
     </span>
    </p>
   </div>
   <div class='ocr_carea' id='block_1_57' title="bbox 976 3448 2592 3545">
    <p class='ocr_par' dir='ltr' id='par_1_57' title="bbox 976 3448 2035 3545">
     <span class='ocr_line' id='line_1_57' title="bbox 976 3448 2035 3545; baseline 0.004 -45"><span class='ocrx_word' id='word_1_399' title='bbox 976 3448 1382 3545; x_wconf 41' lang='lat' dir='ltr'><strong>’iApgatJozt&#39;ov.</strong></span> <span class='ocrx_word' id='word_1_400' title='bbox 1891 3496 1900 3504; x_wconf 93' lang='lat'><strong>.</strong></span> <span class='ocrx_word' id='word_1_401' title='bbox 1989 3483 2035 3545; x_wconf 80' lang='lat' dir='ltr'><strong>C</strong></span> 
     </span>
    </p>
   </div>
   <div class='ocr_carea' id='block_1_58' title="bbox 1428 3448 3044 3545">
    <p class='ocr_par' dir='ltr' id='par_1_58' title="bbox 1891 3448 3044 3545">
     <span class='ocr_line' id='line_1_58' title="bbox 1891 3448 3044 3545; baseline -0.002 -41"><span class='ocrx_word' id='word_1_402' title='bbox 1891 3496 1900 3504; x_wconf 94' lang='lat'><strong>.</strong></span> <span class='ocrx_word' id='word_1_403' title='bbox 1989 3483 2035 3545; x_wconf 79' lang='lat' dir='ltr'>c</span> <span class='ocrx_word' id='word_1_404' title='bbox 2673 3448 3044 3518; x_wconf 81' lang='lat' dir='ltr'><strong>Amphilochii.</strong></span> 
     </span>
    </p>
   </div>
   <div class='ocr_carea' id='block_1_59' title="bbox 463 3536 2079 3613">
    <p class='ocr_par' dir='ltr' id='par_1_59' title="bbox 463 3536 2034 3613">
     <span class='ocr_line' id='line_1_59' title="bbox 463 3536 2034 3613; baseline 0.008 -28"><span class='ocrx_word' id='word_1_405' title='bbox 463 3536 676 3606; x_wconf 80' lang='grc' dir='ltr'>Ὠσπερ</span> <span class='ocrx_word' id='word_1_406' title='bbox 711 3537 861 3602; x_wconf 74' lang='grc' dir='ltr'>τινὰς</span> <span class='ocrx_word' id='word_1_407' title='bbox 893 3539 1270 3608; x_wconf 81' lang='grc' dir='ltr'><strong>παιδαγωγοὺς</strong></span> <span class='ocrx_word' id='word_1_408' title='bbox 1310 3541 1342 3613; x_wconf 83' lang='grc' dir='ltr'><strong>ἢ</strong></span> <span class='ocrx_word' id='word_1_409' title='bbox 1374 3541 1746 3612; x_wconf 84' lang='grc' dir='ltr'>,παιδονόμους</span> <span class='ocrx_word' id='word_1_410' title='bbox 1774 3545 1956 3596; x_wconf 80' lang='grc' dir='ltr'>ὲπιτε-</span> <span class='ocrx_word' id='word_1_411' title='bbox 1996 3536 2034 3545; x_wconf 68' lang='grc'><strong><em>“</em></strong></span> 
     </span>
    </p>
   </div>
   <div class='ocr_carea' id='block_1_60' title="bbox 2021 3536 3637 3613">
    <p class='ocr_par' dir='ltr' id='par_1_60' title="bbox 2021 3536 3637 3612">
     <span class='ocr_line' id='line_1_60' title="bbox 2021 3536 3637 3612; baseline -0.006 -11"><span class='ocrx_word' id='word_1_412' title='bbox 2021 3536 2034 3545; x_wconf 86' lang='grc'><em>’</em></span> <span class='ocrx_word' id='word_1_413' title='bbox 2133 3545 2266 3601; x_wconf 91' lang='lat' dir='ltr'><strong>Cum</strong></span> <span class='ocrx_word' id='word_1_414' title='bbox 2321 3543 2610 3612; x_wconf 87' lang='lat' dir='ltr'><strong>Apostolus</strong></span> <span class='ocrx_word' id='word_1_415' title='bbox 2649 3540 2869 3610; x_wconf 77' lang='lat' dir='ltr'><strong>angelos</strong></span> <span class='ocrx_word' id='word_1_416' title='bbox 2917 3555 3011 3594; x_wconf 88' lang='lat' dir='ltr'><strong>ceu</strong></span> <span class='ocrx_word' id='word_1_417' title='bbox 3038 3539 3354 3608; x_wconf 63' lang='lat' dir='ltr'><strong>paedagogos</strong></span> <span class='ocrx_word' id='word_1_418' title='bbox 3379 3537 3637 3606; x_wconf 75' lang='lat' dir='ltr'><strong>quosdam</strong></span> 
     </span>
    </p>
   </div>
   <div class='ocr_carea' id='block_1_61' title="bbox 392 3625 2008 3703">
    <p class='ocr_par' dir='ltr' id='par_1_61' title="bbox 392 3627 1958 3703">
     <span class='ocr_line' id='line_1_61' title="bbox 392 3627 1958 3703; baseline 0.007 -25"><span class='ocrx_word' id='word_1_419' title='bbox 392 3627 694 3696; x_wconf 76' lang='grc' dir='ltr'>ταγμὲνους</span> <span class='ocrx_word' id='word_1_420' title='bbox 709 3631 819 3691; x_wconf 82' lang='grc' dir='ltr'>τοῖς</span> <span class='ocrx_word' id='word_1_421' title='bbox 849 3628 1151 3700; x_wconf 86' lang='grc' dir='ltr'>ἀνθρώποις</span> <span class='ocrx_word' id='word_1_422' title='bbox 1176 3634 1299 3696; x_wconf 84' lang='grc' dir='ltr'>τοὺς</span> <span class='ocrx_word' id='word_1_423' title='bbox 1323 3633 1584 3703; x_wconf 77' lang='grc' dir='ltr'>ἀγγέλους</span> <span class='ocrx_word' id='word_1_424' title='bbox 1612 3634 1733 3688; x_wconf 78' lang='grc' dir='ltr'>ἰδὼν</span> <span class='ocrx_word' id='word_1_425' title='bbox 1753 3635 1958 3688; x_wconf 79' lang='grc' dir='ltr'><strong>ὁἈπό-</strong></span> 
     </span>
    </p>
   </div>
   <div class='ocr_carea' id='block_1_62' title="bbox 2021 3625 3637 3703">
    <p class='ocr_par' dir='ltr' id='par_1_62' title="bbox 2063 3625 3637 3698">
     <span class='ocr_line' id='line_1_62' title="bbox 2063 3625 3637 3698; baseline -0.008 -9"><span class='ocrx_word' id='word_1_426' title='bbox 2063 3644 2118 3689; x_wconf 92' lang='lat' dir='ltr'><strong>et</strong></span> <span class='ocrx_word' id='word_1_427' title='bbox 2153 3635 2497 3688; x_wconf 90' lang='lat' dir='ltr'><strong>institutores</strong></span> <span class='ocrx_word' id='word_1_428' title='bbox 2545 3629 2857 3685; x_wconf 89' lang='lat' dir='ltr'><strong>hominibus</strong></span> <span class='ocrx_word' id='word_1_429' title='bbox 2911 3627 3194 3698; x_wconf 63' lang='lat' dir='ltr'><strong>praefectos</strong></span> <span class='ocrx_word' id='word_1_430' title='bbox 3245 3625 3637 3689; x_wconf 90' lang='lat' dir='ltr'><strong>consideraret,</strong></span> 
     </span>
    </p>
   </div>
   <div class='ocr_carea' id='block_1_63' title="bbox 395 3717 2011 3793">
    <p class='ocr_par' dir='ltr' id='par_1_63' title="bbox 395 3717 1348 3793">
     <span class='ocr_line' id='line_1_63' title="bbox 395 3717 1348 3793; baseline 0.009 -24"><span class='ocrx_word' id='word_1_431' title='bbox 395 3717 598 3782; x_wconf 78' lang='grc' dir='ltr'>στολος,</span> <span class='ocrx_word' id='word_1_432' title='bbox 628 3721 710 3781; x_wconf 82' lang='grc' dir='ltr'><strong>εἰς</strong></span> <span class='ocrx_word' id='word_1_433' title='bbox 747 3721 1053 3793; x_wconf 82' lang='grc' dir='ltr'>μαρτυρίαν</span> <span class='ocrx_word' id='word_1_434' title='bbox 1071 3723 1348 3780; x_wconf 82' lang='grc' dir='ltr'>ἐκάλεσεν.</span> 
     </span>
    </p>
   </div>
   <div class='ocr_carea' id='block_1_64' title="bbox 1037 3717 2653 3793">
    <p class='ocr_par' dir='ltr' id='par_1_64' title="bbox 1037 3719 2653 3780">
     <span class='ocr_line' id='line_1_64' title="bbox 1037 3719 2653 3780; baseline -0.001 -4"><span class='ocrx_word' id='word_1_435' title='bbox 1037 3723 1348 3780; x_wconf 69' lang='grc' dir='ltr'>ιέκάλεσεν.</span> <span class='ocrx_word' id='word_1_436' title='bbox 2065 3726 2277 3780; x_wconf 90' lang='lat' dir='ltr'><strong>vocavit</strong></span> <span class='ocrx_word' id='word_1_437' title='bbox 2311 3725 2362 3778; x_wconf 93' lang='lat' dir='ltr'><strong>in</strong></span> <span class='ocrx_word' id='word_1_438' title='bbox 2395 3732 2559 3778; x_wconf 81' lang='lat' dir='ltr'><strong>testes</strong></span> <span class='ocrx_word' id='word_1_439' title='bbox 2587 3719 2653 3775; x_wconf 84' lang='lat'><strong>”.</strong></span> 
     </span>
    </p>
   </div>
   <div class='ocr_carea' id='block_1_65' title="bbox 1935 3822 2150 3882">
    <p class='ocr_par' dir='ltr' id='par_1_65' title="bbox 1935 3822 2150 3882">
     <span class='ocr_line' id='line_1_65' title="bbox 1935 3822 2150 3882; baseline -0.009 0"><span class='ocrx_word' id='word_1_440' title='bbox 1935 3822 2094 3882; x_wconf 86' lang='lat' dir='ltr'><strong>X-XI.</strong></span> <span class='ocrx_word' id='word_1_441' title='bbox 2143 3873 2150 3880; x_wconf 91' lang='lat'><strong>.</strong></span> 
     </span>
    </p>
   </div>
   <div class='ocr_carea' id='block_1_66' title="bbox 1693 3921 2334 3978">
    <p class='ocr_par' dir='ltr' id='par_1_66' title="bbox 1693 3921 2334 3978">
     <span class='ocr_line' id='line_1_66' title="bbox 1693 3921 2334 3978; baseline -0.003 -3"><span class='ocrx_word' id='word_1_442' title='bbox 1693 3921 1777 3976; x_wconf 75' lang='lat' dir='ltr'><strong>Ex</strong></span> <span class='ocrx_word' id='word_1_443' title='bbox 1809 3924 1995 3978; x_wconf 88' lang='lat' dir='ltr'><strong>iisdem</strong></span> <span class='ocrx_word' id='word_1_444' title='bbox 2021 3921 2334 3977; x_wconf 86' lang='lat' dir='ltr'><strong>Elementis.</strong></span> 
     </span>
    </p>
   </div>
   <div class='ocr_carea' id='block_1_67' title="bbox 481 4003 2097 4080">
    <p class='ocr_par' dir='ltr' id='par_1_67' title="bbox 481 4003 1886 4079">
     <span class='ocr_line' id='line_1_67' title="bbox 481 4003 1886 4079; baseline 0.009 -23"><span class='ocrx_word' id='word_1_445' title='bbox 481 4003 589 4057; x_wconf 81' lang='grc' dir='ltr'><strong>Τοῦ</strong></span> <span class='ocrx_word' id='word_1_446' title='bbox 616 4003 789 4074; x_wconf 69' lang='grc' dir='ltr'>ἁγίου</span> <span class='ocrx_word' id='word_1_447' title='bbox 831 4008 1214 4079; x_wconf 74' lang='grc' dir='ltr'>Ἀμςσιλοχίου</span> <span class='ocrx_word' id='word_1_448' title='bbox 1244 4011 1578 4067; x_wconf 73' lang='grc' dir='ltr'><strong>ἐπισκόπου</strong></span> <span class='ocrx_word' id='word_1_449' title='bbox 1622 4015 1886 4069; x_wconf 83' lang='grc' dir='ltr'>Ἰκονίου.</span> 
     </span>
    </p>
   </div>
   <div class='ocr_carea' id='block_1_68' title="bbox 1772 4003 3388 4080">
    <p class='ocr_par' dir='ltr' id='par_1_68' title="bbox 1773 4004 3388 4080">
     <span class='ocr_line' id='line_1_68' title="bbox 1773 4004 3388 4080; baseline -0.006 -11"><span class='ocrx_word' id='word_1_450' title='bbox 1773 4018 1886 4069; x_wconf 85' lang='grc' dir='ltr'>[ου.</span> <span class='ocrx_word' id='word_1_451' title='bbox 2308 4011 2494 4068; x_wconf 86' lang='lat' dir='ltr'><strong>Sancti</strong></span> <span class='ocrx_word' id='word_1_452' title='bbox 2531 4009 2882 4080; x_wconf 81' lang='lat' dir='ltr'><strong>Amphilochii</strong></span> <span class='ocrx_word' id='word_1_453' title='bbox 2925 4007 3154 4077; x_wconf 84' lang='lat' dir='ltr'><strong>episcopi</strong></span> <span class='ocrx_word' id='word_1_454' title='bbox 3195 4004 3388 4061; x_wconf 85' lang='lat' dir='ltr'><strong>Iconii.</strong></span> 
     </span>
    </p>
   </div>
   <div class='ocr_carea' id='block_1_69' title="bbox 464 4095 2080 4180">
    <p class='ocr_par' dir='ltr' id='par_1_69' title="bbox 464 4095 1962 4180">
     <span class='ocr_line' id='line_1_69' title="bbox 464 4095 1962 4180; baseline 0.009 -33"><span class='ocrx_word' id='word_1_455' title='bbox 464 4095 597 4158; x_wconf 83' lang='grc' dir='ltr'>Θεός</span> <span class='ocrx_word' id='word_1_456' title='bbox 625 4096 838 4164; x_wconf 82' lang='grc' dir='ltr'>λέγεται</span> <span class='ocrx_word' id='word_1_457' title='bbox 870 4100 1004 4170; x_wconf 73' lang='grc'>(21),</span> <span class='ocrx_word' id='word_1_458' title='bbox 1035 4102 1124 4155; x_wconf 83' lang='grc' dir='ltr'><strong>διὰ</strong></span> <span class='ocrx_word' id='word_1_459' title='bbox 1153 4103 1214 4156; x_wconf 81' lang='grc' dir='ltr'>τὸ</span> <span class='ocrx_word' id='word_1_460' title='bbox 1254 4105 1554 4158; x_wconf 82' lang='grc' dir='ltr'>τεθεικέναι</span> <span class='ocrx_word' id='word_1_461' title='bbox 1587 4106 1655 4159; x_wconf 84' lang='grc' dir='ltr'>τὰ</span> <span class='ocrx_word' id='word_1_462' title='bbox 1695 4107 1870 4162; x_wconf 84' lang='grc' dir='ltr'>πάντα</span> <span class='ocrx_word' id='word_1_463' title='bbox 1893 4111 1962 4180; x_wconf 75' lang='grc' dir='ltr'><strong>τῇ</strong></span> 
     </span>
    </p>
   </div>
   <div class='ocr_carea' id='block_1_70' title="bbox 2017 4095 3633 4180">
    <p class='ocr_par' dir='ltr' id='par_1_70' title="bbox 2138 4096 3633 4170">
     <span class='ocr_line' id='line_1_70' title="bbox 2138 4096 3633 4170; baseline -0.007 -10"><span class='ocrx_word' id='word_1_464' title='bbox 2138 4107 2342 4160; x_wconf 91' lang='lat' dir='ltr'><strong>Dicitur</strong></span> <span class='ocrx_word' id='word_1_465' title='bbox 2384 4105 2552 4170; x_wconf 85' lang='grc' dir='ltr'>Θεός,</span> <span class='ocrx_word' id='word_1_466' title='bbox 2602 4105 2704 4157; x_wconf 92' lang='lat' dir='ltr'><strong>hoc</strong></span> <span class='ocrx_word' id='word_1_467' title='bbox 2729 4111 2842 4167; x_wconf 90' lang='lat' dir='ltr'><strong>est,</strong></span> <span class='ocrx_word' id='word_1_468' title='bbox 2879 4102 3054 4166; x_wconf 90' lang='lat' dir='ltr'><strong>Deus;</strong></span> <span class='ocrx_word' id='word_1_469' title='bbox 3109 4099 3251 4168; x_wconf 91' lang='lat' dir='ltr'><strong>quod</strong></span> <span class='ocrx_word' id='word_1_470' title='bbox 3292 4096 3472 4153; x_wconf 88' lang='lat' dir='ltr'><strong>omnia</strong></span> <span class='ocrx_word' id='word_1_471' title='bbox 3502 4111 3633 4150; x_wconf 88' lang='lat' dir='ltr'><strong>con-</strong></span> 
     </span>
    </p>
   </div>
   <div class='ocr_carea' id='block_1_71' title="bbox 396 4185 2012 4271">
    <p class='ocr_par' dir='ltr' id='par_1_71' title="bbox 396 4185 1964 4271">
     <span class='ocr_line' id='line_1_71' title="bbox 396 4185 1964 4271; baseline 0.01 -35"><span class='ocrx_word' id='word_1_472' title='bbox 396 4185 589 4239; x_wconf 75' lang='grc' dir='ltr'>ἐαυτοῦ</span> <span class='ocrx_word' id='word_1_473' title='bbox 615 4188 829 4261; x_wconf 75' lang='grc' dir='ltr'>ἐξουσίᾳ</span> <span class='ocrx_word' id='word_1_474' title='bbox 861 4191 893 4262; x_wconf 80' lang='grc' dir='ltr'>ἢ</span> <span class='ocrx_word' id='word_1_475' title='bbox 927 4194 1225 4265; x_wconf 76' lang='grc' dir='ltr'><strong>ἀσφαλείᾳ·</strong></span> <span class='ocrx_word' id='word_1_476' title='bbox 1265 4196 1358 4248; x_wconf 78' lang='grc' dir='ltr'><strong>καὶ</strong></span> <span class='ocrx_word' id='word_1_477' title='bbox 1403 4196 1492 4250; x_wconf 84' lang='grc' dir='ltr'>διὰ</span> <span class='ocrx_word' id='word_1_478' title='bbox 1530 4198 1590 4250; x_wconf 75' lang='grc' dir='ltr'><strong>τὸ</strong></span> <span class='ocrx_word' id='word_1_479' title='bbox 1625 4197 1787 4263; x_wconf 84' lang='grc' dir='ltr'>θέειν,</span> <span class='ocrx_word' id='word_1_480' title='bbox 1827 4200 1964 4271; x_wconf 82' lang='grc' dir='ltr'>ὅπερ</span> 
     </span>
    </p>
   </div>
   <div class='ocr_carea' id='block_1_72' title="bbox 2019 4185 3635 4271">
    <p class='ocr_par' dir='ltr' id='par_1_72' title="bbox 2065 4188 3635 4262">
     <span class='ocr_line' id='line_1_72' title="bbox 2065 4188 3635 4262; baseline -0.01 -10"><span class='ocrx_word' id='word_1_481' title='bbox 2065 4196 2305 4252; x_wconf 85' lang='lat' dir='ltr'><strong>stituerit</strong></span> <span class='ocrx_word' id='word_1_482' title='bbox 2337 4197 2391 4250; x_wconf 92' lang='lat' dir='ltr'><strong>in</strong></span> <span class='ocrx_word' id='word_1_483' title='bbox 2423 4211 2518 4250; x_wconf 90' lang='lat' dir='ltr'><strong>sua</strong></span> <span class='ocrx_word' id='word_1_484' title='bbox 2547 4202 2848 4262; x_wconf 88' lang='lat' dir='ltr'><strong>potestate,</strong></span> <span class='ocrx_word' id='word_1_485' title='bbox 2887 4200 2942 4244; x_wconf 84' lang='lat' dir='ltr'><strong>et</strong></span> <span class='ocrx_word' id='word_1_486' title='bbox 2981 4190 3274 4242; x_wconf 84' lang='lat' dir='ltr'><strong>constituta</strong></span> <span class='ocrx_word' id='word_1_487' title='bbox 3294 4227 3308 4248; x_wconf 86' lang='lat'><strong>.</strong></span> <span class='ocrx_word' id='word_1_488' title='bbox 3344 4188 3635 4255; x_wconf 84' lang='lat' dir='ltr'><strong>protectio-</strong></span> 
     </span>
    </p>
   </div>
   <div class='ocr_carea' id='block_1_73' title="bbox 393 4277 2009 4359">
    <p class='ocr_par' dir='ltr' id='par_1_73' title="bbox 393 4277 1966 4359">
     <span class='ocr_line' id='line_1_73' title="bbox 393 4277 1966 4359; baseline 0.008 -29"><span class='ocrx_word' id='word_1_489' title='bbox 393 4277 514 4330; x_wconf 65' lang='grc' dir='ltr'>ἐστὶ</span> <span class='ocrx_word' id='word_1_490' title='bbox 539 4279 748 4348; x_wconf 81' lang='grc' dir='ltr'>τρέχειν</span> <span class='ocrx_word' id='word_1_491' title='bbox 776 4283 868 4335; x_wconf 73' lang='grc' dir='ltr'><strong>καὶ</strong></span> <span class='ocrx_word' id='word_1_492' title='bbox 895 4286 1063 4339; x_wconf 83' lang='grc' dir='ltr'>κινεῖν</span> <span class='ocrx_word' id='word_1_493' title='bbox 1098 4287 1192 4338; x_wconf 75' lang='grc' dir='ltr'><strong>καὶ</strong></span> <span class='ocrx_word' id='word_1_494' title='bbox 1229 4287 1518 4358; x_wconf 77' lang='grc' dir='ltr'>κυϐερνᾷν,</span> <span class='ocrx_word' id='word_1_495' title='bbox 1557 4289 1650 4342; x_wconf 78' lang='grc' dir='ltr'><strong>καὶ</strong></span> <span class='ocrx_word' id='word_1_496' title='bbox 1680 4289 1966 4359; x_wconf 79' lang='grc' dir='ltr'>ζωογονεῖν</span> 
     </span>
    </p>
   </div>
   <div class='ocr_carea' id='block_1_74' title="bbox 2024 4277 3640 4359">
    <p class='ocr_par' dir='ltr' id='par_1_74' title="bbox 2065 4278 3640 4348">
     <span class='ocr_line' id='line_1_74' title="bbox 2065 4278 3640 4348; baseline -0.01 -5"><span class='ocrx_word' id='word_1_497' title='bbox 2065 4303 2134 4343; x_wconf 91' lang='lat' dir='ltr'><strong>ne</strong></span> <span class='ocrx_word' id='word_1_498' title='bbox 2155 4287 2423 4344; x_wconf 88' lang='lat' dir='ltr'><strong>custodiat</strong></span> <span class='ocrx_word' id='word_1_499' title='bbox 2458 4305 2474 4341; x_wconf 86' lang='lat'><strong>:</strong></span> <span class='ocrx_word' id='word_1_500' title='bbox 2506 4285 2588 4340; x_wconf 87' lang='lat' dir='ltr'><strong>vel</strong></span> <span class='ocrx_word' id='word_1_501' title='bbox 2614 4284 2766 4348; x_wconf 84' lang='grc' dir='ltr'>Θεός,</span> <span class='ocrx_word' id='word_1_502' title='bbox 2797 4282 2886 4335; x_wconf 81' lang='grc' dir='ltr'><strong>διὰ</strong></span> <span class='ocrx_word' id='word_1_503' title='bbox 2925 4282 2986 4334; x_wconf 85' lang='grc' dir='ltr'>τό</span> <span class='ocrx_word' id='word_1_504' title='bbox 3025 4280 3196 4345; x_wconf 84' lang='grc' dir='ltr'>θέειν,</span> <span class='ocrx_word' id='word_1_505' title='bbox 3231 4278 3372 4347; x_wconf 91' lang='lat' dir='ltr'><strong>quod</strong></span> <span class='ocrx_word' id='word_1_506' title='bbox 3399 4285 3484 4331; x_wconf 92' lang='lat' dir='ltr'><strong>est</strong></span> <span class='ocrx_word' id='word_1_507' title='bbox 3513 4291 3640 4330; x_wconf 84' lang='lat' dir='ltr'><strong>cur-</strong></span> 
     </span>
    </p>
   </div>
   <div class='ocr_carea' id='block_1_75' title="bbox 394 4366 3641 4448">
    <p class='ocr_par' dir='ltr' id='par_1_75' title="bbox 394 4366 3641 4448">
     <span class='ocr_line' id='line_1_75' title="bbox 394 4366 3641 4448; baseline 0.001 -28"><span class='ocrx_word' id='word_1_508' title='bbox 394 4366 465 4420; x_wconf 71' lang='grc' dir='ltr'><strong>τὰ</strong></span> <span class='ocrx_word' id='word_1_509' title='bbox 504 4369 697 4423; x_wconf 79' lang='grc' dir='ltr'>πάντα.</span> <span class='ocrx_word' id='word_1_510' title='bbox 1883 4401 1886 4404; x_wconf 86' lang='grc'><strong>·</strong></span> <span class='ocrx_word' id='word_1_511' title='bbox 2067 4395 2228 4445; x_wconf 77' lang='lat' dir='ltr'><strong>rere,</strong></span> <span class='ocrx_word' id='word_1_512' title='bbox 2282 4378 2573 4448; x_wconf 86' lang='lat' dir='ltr'><strong>omniaque</strong></span> <span class='ocrx_word' id='word_1_513' title='bbox 2613 4391 2861 4443; x_wconf 84' lang='lat' dir='ltr'><strong>movere,</strong></span> <span class='ocrx_word' id='word_1_514' title='bbox 2914 4386 2968 4428; x_wconf 88' lang='lat' dir='ltr'><strong>et</strong></span> <span class='ocrx_word' id='word_1_515' title='bbox 2999 4376 3302 4444; x_wconf 79' lang='lat' dir='ltr'><strong>gubernare</strong></span> <span class='ocrx_word' id='word_1_516' title='bbox 3327 4409 3344 4436; x_wconf 91' lang='lat'><strong>,</strong></span> <span class='ocrx_word' id='word_1_517' title='bbox 3376 4377 3432 4424; x_wconf 90' lang='lat' dir='ltr'><strong>et</strong></span> <span class='ocrx_word' id='word_1_518' title='bbox 3468 4367 3641 4422; x_wconf 75' lang='lat' dir='ltr'><strong>vivid-</strong></span> 
     </span>
    </p>
   </div>
   <div class='ocr_carea' id='block_1_76' title="bbox 2066 4485 2213 4528">
    <p class='ocr_par' dir='ltr' id='par_1_76' title="bbox 2066 4485 2213 4528">
     <span class='ocr_line' id='line_1_76' title="bbox 2066 4485 2213 4528; baseline 0.014 -2"><span class='ocrx_word' id='word_1_519' title='bbox 2066 4485 2213 4528; x_wconf 82' lang='lat' dir='ltr'><strong>care.</strong></span> 
     </span>
    </p>
   </div>
   <div class='ocr_carea' id='block_1_77' title="bbox 969 4669 3065 4745">
    <p class='ocr_par' dir='ltr' id='par_1_77' title="bbox 969 4669 3065 4745">
     <span class='ocr_line' id='line_1_77' title="bbox 969 4669 3065 4745; baseline 0.002 -21"><span class='ocrx_word' id='word_1_520' title='bbox 969 4670 1057 4725; x_wconf 78' lang='lat' dir='ltr'><strong>Ea:</strong></span> <span class='ocrx_word' id='word_1_521' title='bbox 1085 4669 1369 4741; x_wconf 77' lang='lat' dir='ltr'><strong>Eupliemio</strong></span> <span class='ocrx_word' id='word_1_522' title='bbox 1393 4675 1736 4742; x_wconf 84' lang='lat' dir='ltr'><strong>Antiocheno,</strong></span> <span class='ocrx_word' id='word_1_523' title='bbox 1770 4695 1855 4744; x_wconf 80' lang='lat' dir='ltr'><strong>ap.</strong></span> <span class='ocrx_word' id='word_1_524' title='bbox 1891 4675 2159 4745; x_wconf 76' lang='lat' dir='ltr'><strong>Pliolium,</strong></span> <span class='ocrx_word' id='word_1_525' title='bbox 2195 4676 2444 4732; x_wconf 79' lang='lat' dir='ltr'><strong>Bibliotlt.</strong></span> <span class='ocrx_word' id='word_1_526' title='bbox 2480 4673 2599 4729; x_wconf 83' lang='lat' dir='ltr'><strong>cod.</strong></span> <span class='ocrx_word' id='word_1_527' title='bbox 2624 4688 2842 4741; x_wconf 54' lang='lat' dir='ltr'><strong>ccxxlx,</strong></span> <span class='ocrx_word' id='word_1_528' title='bbox 2870 4673 3065 4743; x_wconf 80' lang='lat' dir='ltr'><strong>p.&#39;790.</strong></span> 
     </span>
    </p>
   </div>
   <div class='ocr_carea' id='block_1_78' title="bbox 459 4760 2075 4837">
    <p class='ocr_par' dir='ltr' id='par_1_78' title="bbox 459 4760 2046 4837">
     <span class='ocr_line' id='line_1_78' title="bbox 459 4760 2046 4837; baseline 0.003 -21"><span class='ocrx_word' id='word_1_529' title='bbox 459 4760 575 4816; x_wconf 73' lang='grc' dir='ltr'><strong>Καὶ</strong></span> <span class='ocrx_word' id='word_1_530' title='bbox 610 4763 644 4814; x_wconf 86' lang='grc' dir='ltr'><em>ό</em></span> <span class='ocrx_word' id='word_1_531' title='bbox 677 4761 746 4813; x_wconf 82' lang='grc' dir='ltr'><strong>ἐν</strong></span> <span class='ocrx_word' id='word_1_532' title='bbox 771 4761 959 4831; x_wconf 77' lang='grc' dir='ltr'>ἁγίοις</span> <span class='ocrx_word' id='word_1_533' title='bbox 992 4760 1063 4814; x_wconf 79' lang='grc' dir='ltr'><strong>δὲ</strong></span> <span class='ocrx_word' id='word_1_534' title='bbox 1094 4763 1197 4816; x_wconf 84' lang='grc' dir='ltr'>τοῦ</span> <span class='ocrx_word' id='word_1_535' title='bbox 1238 4764 1492 4820; x_wconf 73' lang='grc' dir='ltr'>Ἰκονίου</span> <span class='ocrx_word' id='word_1_536' title='bbox 1525 4767 1811 4834; x_wconf 77' lang='grc' dir='ltr'>πρόεδρος</span> <span class='ocrx_word' id='word_1_537' title='bbox 1845 4768 1969 4837; x_wconf 77' lang='grc' dir='ltr'><strong>Ἀμ-</strong></span> <span class='ocrx_word' id='word_1_538' title='bbox 2001 4776 2046 4829; x_wconf 89' lang='lat' dir='ltr'><strong>D</strong></span> 
     </span>
    </p>
   </div>
   <div class='ocr_carea' id='block_1_79' title="bbox 2022 4760 3638 4837">
    <p class='ocr_par' dir='ltr' id='par_1_79' title="bbox 2022 4761 3638 4836">
     <span class='ocr_line' id='line_1_79' title="bbox 2022 4761 3638 4836; baseline -0.009 -8"><span class='ocrx_word' id='word_1_539' title='bbox 2022 4777 2046 4828; x_wconf 87' lang='lat'><strong>)</strong></span> <span class='ocrx_word' id='word_1_540' title='bbox 2143 4768 2371 4824; x_wconf 84' lang='lat' dir='ltr'><strong>Sanctus</strong></span> <span class='ocrx_word' id='word_1_541' title='bbox 2400 4781 2601 4836; x_wconf 88' lang='lat' dir='ltr'><strong>quoque</strong></span> <span class='ocrx_word' id='word_1_542' title='bbox 2625 4764 3024 4834; x_wconf 80' lang='lat' dir='ltr'><strong>Amphilochius</strong></span> <span class='ocrx_word' id='word_1_543' title='bbox 3059 4761 3228 4815; x_wconf 82' lang='lat' dir='ltr'><strong>lconii</strong></span> <span class='ocrx_word' id='word_1_544' title='bbox 3269 4762 3538 4830; x_wconf 83' lang='lat' dir='ltr'><strong>episcopus</strong></span> <span class='ocrx_word' id='word_1_545' title='bbox 3565 4763 3638 4814; x_wconf 80' lang='lat' dir='ltr'><strong>ita</strong></span> 
     </span>
    </p>
   </div>
   <div class='ocr_carea' id='block_1_80' title="bbox 392 4852 2008 4929">
    <p class='ocr_par' dir='ltr' id='par_1_80' title="bbox 392 4852 1966 4927">
     <span class='ocr_line' id='line_1_80' title="bbox 392 4852 1966 4927; baseline 0.006 -23"><span class='ocrx_word' id='word_1_546' title='bbox 392 4855 672 4921; x_wconf 63' lang='grc' dir='ltr'>φιΜχιος</span> <span class='ocrx_word' id='word_1_547' title='bbox 690 4852 840 4905; x_wconf 83' lang='grc' dir='ltr'>οὕτω</span> <span class='ocrx_word' id='word_1_548' title='bbox 867 4855 1062 4922; x_wconf 57' lang='grc' dir='ltr'>φησίν</span> <span class='ocrx_word' id='word_1_549' title='bbox 1087 4871 1099 4882; x_wconf 83' lang='grc'><em>”</em></span> <span class='ocrx_word' id='word_1_550' title='bbox 1137 4857 1351 4927; x_wconf 82' lang='grc' dir='ltr'>Ὀρᾶται</span> <span class='ocrx_word' id='word_1_551' title='bbox 1383 4858 1668 4927; x_wconf 81' lang='grc' dir='ltr'>τοιγαροῦν</span> <span class='ocrx_word' id='word_1_552' title='bbox 1700 4861 1847 4922; x_wconf 83' lang='grc' dir='ltr'><strong>ὅπως</strong></span> <span class='ocrx_word' id='word_1_553' title='bbox 1872 4863 1966 4913; x_wconf 74' lang='grc' dir='ltr'>καὶ</span> 
     </span>
    </p>
   </div>
   <div class='ocr_carea' id='block_1_81' title="bbox 2024 4852 3640 4929">
    <p class='ocr_par' dir='ltr' id='par_1_81' title="bbox 2063 4853 3640 4929">
     <span class='ocr_line' id='line_1_81' title="bbox 2063 4853 3640 4929; baseline -0.007 -14"><span class='ocrx_word' id='word_1_554' title='bbox 2063 4861 2139 4915; x_wconf 88' lang='lat' dir='ltr'><strong>ait</strong></span> <span class='ocrx_word' id='word_1_555' title='bbox 2173 4877 2188 4914; x_wconf 90' lang='lat'><strong>:</strong></span> <span class='ocrx_word' id='word_1_556' title='bbox 2218 4861 2457 4929; x_wconf 77' lang='lat' dir='ltr'><strong>Apparet</strong></span> <span class='ocrx_word' id='word_1_557' title='bbox 2483 4866 2633 4912; x_wconf 89' lang='lat' dir='ltr'><strong>certe</strong></span> <span class='ocrx_word' id='word_1_558' title='bbox 2677 4856 2890 4909; x_wconf 89' lang='lat' dir='ltr'><strong>divinos</strong></span> <span class='ocrx_word' id='word_1_559' title='bbox 2927 4855 3119 4908; x_wconf 89' lang='lat' dir='ltr'><strong>Patres</strong></span> <span class='ocrx_word' id='word_1_560' title='bbox 3159 4865 3374 4908; x_wconf 90' lang='lat' dir='ltr'><strong>nostros</strong></span> <span class='ocrx_word' id='word_1_561' title='bbox 3406 4853 3640 4908; x_wconf 89' lang='lat' dir='ltr'><strong>consub-</strong></span> 
     </span>
    </p>
   </div>
   <div class='ocr_carea' id='block_1_82' title="bbox 393 4945 2009 5021">
    <p class='ocr_par' dir='ltr' id='par_1_82' title="bbox 393 4945 1966 5021">
     <span class='ocr_line' id='line_1_82' title="bbox 393 4945 1966 5021; baseline 0.005 -25"><span class='ocrx_word' id='word_1_562' title='bbox 393 4949 441 4996; x_wconf 75' lang='grc' dir='ltr'>οἱ</span> <span class='ocrx_word' id='word_1_563' title='bbox 475 4945 752 4997; x_wconf 81' lang='grc' dir='ltr'>θεσπέσιοι</span> <span class='ocrx_word' id='word_1_564' title='bbox 776 4947 1017 5015; x_wconf 82' lang='grc' dir='ltr'>Πατέρες</span> <span class='ocrx_word' id='word_1_565' title='bbox 1036 4947 1312 5016; x_wconf 76' lang='grc' dir='ltr'>ὁμοούσιον</span> <span class='ocrx_word' id='word_1_566' title='bbox 1344 4951 1595 5020; x_wconf 72' lang='grc' dir='ltr'>εἰρήκασι</span> <span class='ocrx_word' id='word_1_567' title='bbox 1618 4950 1708 5003; x_wconf 82' lang='grc' dir='ltr'>τὸν</span> <span class='ocrx_word' id='word_1_568' title='bbox 1740 4951 1866 5004; x_wconf 85' lang='grc' dir='ltr'>Υἱὺν</span> <span class='ocrx_word' id='word_1_569' title='bbox 1888 4952 1966 5021; x_wconf 84' lang='grc' dir='ltr'>τῷ</span> 
     </span>
    </p>
   </div>
   <div class='ocr_carea' id='block_1_83' title="bbox 2025 4945 3641 5021">
    <p class='ocr_par' dir='ltr' id='par_1_83' title="bbox 2063 4945 3641 5008">
     <span class='ocr_line' id='line_1_83' title="bbox 2063 4945 3641 5008; baseline -0.006 0"><span class='ocrx_word' id='word_1_570' title='bbox 2063 4953 2371 5008; x_wconf 82' lang='lat' dir='ltr'><strong>stantialem</strong></span> <span class='ocrx_word' id='word_1_571' title='bbox 2400 4963 2649 5006; x_wconf 85' lang='lat' dir='ltr'><strong>asserere</strong></span> <span class='ocrx_word' id='word_1_572' title='bbox 2701 4947 2849 5002; x_wconf 86' lang='lat' dir='ltr'><strong>Patri</strong></span> <span class='ocrx_word' id='word_1_573' title='bbox 2893 4946 3089 5000; x_wconf 85' lang='lat' dir='ltr'><strong>Filium</strong></span> <span class='ocrx_word' id='word_1_574' title='bbox 3128 4947 3423 5001; x_wconf 84' lang='lat' dir='ltr'><strong>secundum</strong></span> <span class='ocrx_word' id='word_1_575' title='bbox 3446 4945 3641 4999; x_wconf 85' lang='lat' dir='ltr'><strong>divini-</strong></span> 
     </span>
    </p>
   </div>
   <div class='ocr_carea' id='block_1_84' title="bbox 397 5036 2013 5114">
    <p class='ocr_par' dir='ltr' id='par_1_84' title="bbox 397 5036 1969 5114">
     <span class='ocr_line' id='line_1_84' title="bbox 397 5036 1969 5114; baseline 0.004 -25"><span class='ocrx_word' id='word_1_576' title='bbox 397 5039 568 5107; x_wconf 75' lang='grc' dir='ltr'>ιιατρὶ</span> <span class='ocrx_word' id='word_1_577' title='bbox 597 5036 738 5090; x_wconf 82' lang='grc' dir='ltr'>κατὰ</span> <span class='ocrx_word' id='word_1_578' title='bbox 769 5037 864 5108; x_wconf 84' lang='grc' dir='ltr'>τὴν</span> <span class='ocrx_word' id='word_1_579' title='bbox 913 5038 1161 5108; x_wconf 73' lang='grc' dir='ltr'>θεότητα,</span> <span class='ocrx_word' id='word_1_580' title='bbox 1208 5041 1299 5092; x_wconf 72' lang='grc' dir='ltr'><strong>καὶ</strong></span> <span class='ocrx_word' id='word_1_581' title='bbox 1347 5039 1629 5110; x_wconf 78' lang='grc' dir='ltr'>ὁμοούσιον</span> <span class='ocrx_word' id='word_1_582' title='bbox 1670 5045 1736 5112; x_wconf 84' lang='grc' dir='ltr'><strong>τῇ</strong></span> <span class='ocrx_word' id='word_1_583' title='bbox 1784 5043 1969 5114; x_wconf 73' lang='grc' dir='ltr'>Μητρὶ</span> 
     </span>
    </p>
   </div>
   <div class='ocr_carea' id='block_1_85' title="bbox 2018 5036 3634 5114">
    <p class='ocr_par' dir='ltr' id='par_1_85' title="bbox 2067 5037 3634 5109">
     <span class='ocr_line' id='line_1_85' title="bbox 2067 5037 3634 5109; baseline -0.006 -12"><span class='ocrx_word' id='word_1_584' title='bbox 2067 5053 2255 5109; x_wconf 89' lang='lat' dir='ltr'><strong>tatem,</strong></span> <span class='ocrx_word' id='word_1_585' title='bbox 2286 5052 2341 5098; x_wconf 87' lang='lat' dir='ltr'><strong>et</strong></span> <span class='ocrx_word' id='word_1_586' title='bbox 2377 5039 2895 5097; x_wconf 85' lang='lat' dir='ltr'><strong>consubstantialem</strong></span> <span class='ocrx_word' id='word_1_587' title='bbox 2924 5037 3080 5093; x_wconf 87' lang='lat' dir='ltr'><strong>Matri</strong></span> <span class='ocrx_word' id='word_1_588' title='bbox 3111 5038 3407 5093; x_wconf 86' lang='lat' dir='ltr'><strong>secundum</strong></span> <span class='ocrx_word' id='word_1_589' title='bbox 3440 5038 3634 5089; x_wconf 86' lang='lat' dir='ltr'><strong>huma-</strong></span> 
     </span>
    </p>
   </div>
   <div class='ocr_carea' id='block_1_86' title="bbox 397 5128 2013 5205">
    <p class='ocr_par' dir='ltr' id='par_1_86' title="bbox 397 5128 1968 5204">
     <span class='ocr_line' id='line_1_86' title="bbox 397 5128 1968 5204; baseline 0.004 -24"><span class='ocrx_word' id='word_1_590' title='bbox 397 5130 535 5181; x_wconf 79' lang='grc' dir='ltr'>κατὰ</span> <span class='ocrx_word' id='word_1_591' title='bbox 589 5128 688 5200; x_wconf 80' lang='grc' dir='ltr'>τὴν</span> <span class='ocrx_word' id='word_1_592' title='bbox 732 5129 1156 5200; x_wconf 81' lang='grc' dir='ltr'>ἀνθρωπότητα,</span> <span class='ocrx_word' id='word_1_593' title='bbox 1211 5131 1430 5184; x_wconf 79' lang='grc' dir='ltr'>διπλοῦν</span> <span class='ocrx_word' id='word_1_594' title='bbox 1478 5131 1576 5202; x_wconf 82' lang='grc' dir='ltr'>τὴν</span> <span class='ocrx_word' id='word_1_595' title='bbox 1630 5132 1814 5185; x_wconf 87' lang='grc' dir='ltr'>οὐσίαν</span> <span class='ocrx_word' id='word_1_596' title='bbox 1851 5134 1968 5204; x_wconf 69' lang='grc' dir='ltr'>ἤτοι</span> 
     </span>
    </p>
   </div>
   <div class='ocr_carea' id='block_1_87' title="bbox 2021 5128 3637 5205">
    <p class='ocr_par' dir='ltr' id='par_1_87' title="bbox 2068 5133 3637 5205">
     <span class='ocr_line' id='line_1_87' title="bbox 2068 5133 3637 5205; baseline -0.006 -15"><span class='ocrx_word' id='word_1_597' title='bbox 2068 5137 2328 5204; x_wconf 87' lang='lat' dir='ltr'><strong>nitatem;</strong></span> <span class='ocrx_word' id='word_1_598' title='bbox 2383 5135 2650 5205; x_wconf 85' lang='lat' dir='ltr'><strong>duplicem</strong></span> <span class='ocrx_word' id='word_1_599' title='bbox 2685 5133 2862 5204; x_wconf 88' lang='lat' dir='ltr'><strong>quoad</strong></span> <span class='ocrx_word' id='word_1_600' title='bbox 2893 5133 3184 5188; x_wconf 88' lang='lat' dir='ltr'><strong>essentiam</strong></span> <span class='ocrx_word' id='word_1_601' title='bbox 3214 5134 3329 5186; x_wconf 84' lang='lat' dir='ltr'><strong>sive</strong></span> <span class='ocrx_word' id='word_1_602' title='bbox 3366 5140 3637 5194; x_wconf 85' lang='lat' dir='ltr'><strong>naturam,</strong></span> 
     </span>
    </p>
   </div>
   <div class='ocr_carea' id='block_1_88' title="bbox 400 5221 2016 5296">
    <p class='ocr_par' dir='ltr' id='par_1_88' title="bbox 400 5221 1764 5295">
     <span class='ocr_line' id='line_1_88' title="bbox 400 5221 1764 5295; baseline 0.006 -21"><span class='ocrx_word' id='word_1_603' title='bbox 400 5223 538 5274; x_wconf 69' lang='grc' dir='ltr'>κατὰ</span> <span class='ocrx_word' id='word_1_604' title='bbox 569 5221 668 5292; x_wconf 74' lang='grc' dir='ltr'>τὴν</span> <span class='ocrx_word' id='word_1_605' title='bbox 703 5222 892 5292; x_wconf 71' lang='grc' dir='ltr'>φύσιν·</span> <span class='ocrx_word' id='word_1_606' title='bbox 917 5223 979 5274; x_wconf 82' lang='grc' dir='ltr'>οὐ</span> <span class='ocrx_word' id='word_1_607' title='bbox 1000 5222 1220 5277; x_wconf 81' lang='grc' dir='ltr'>διπλοῦν</span> <span class='ocrx_word' id='word_1_608' title='bbox 1249 5225 1308 5278; x_wconf 86' lang='grc' dir='ltr'>δὲ</span> <span class='ocrx_word' id='word_1_609' title='bbox 1331 5225 1428 5295; x_wconf 83' lang='grc' dir='ltr'><strong>τὴν</strong></span> <span class='ocrx_word' id='word_1_610' title='bbox 1450 5225 1764 5282; x_wconf 84' lang='grc' dir='ltr'>ὑπόστασιν.</span> 
     </span>
    </p>
   </div>
   <div class='ocr_carea' id='block_1_89' title="bbox 1420 5221 3036 5296">
    <p class='ocr_par' dir='ltr' id='par_1_89' title="bbox 1420 5225 3036 5296">
     <span class='ocr_line' id='line_1_89' title="bbox 1420 5225 3036 5296; baseline 0.002 -23"><span class='ocrx_word' id='word_1_611' title='bbox 1420 5225 1764 5282; x_wconf 73' lang='grc' dir='ltr'>ρὺπόστασιν.</span> <span class='ocrx_word' id='word_1_612' title='bbox 2070 5243 2174 5282; x_wconf 89' lang='lat' dir='ltr'><strong>non</strong></span> <span class='ocrx_word' id='word_1_613' title='bbox 2203 5227 2472 5296; x_wconf 89' lang='lat' dir='ltr'><strong>duplicem</strong></span> <span class='ocrx_word' id='word_1_614' title='bbox 2512 5226 2689 5296; x_wconf 88' lang='lat' dir='ltr'><strong>quoad</strong></span> <span class='ocrx_word' id='word_1_615' title='bbox 2734 5239 3036 5293; x_wconf 85' lang='lat' dir='ltr'><strong>personam.</strong></span> 
     </span>
    </p>
   </div>
   <div class='ocr_carea' id='block_1_90' title="bbox 467 5334 2083 5412">
    <p class='ocr_par' dir='ltr' id='par_1_90' title="bbox 467 5334 2049 5406">
     <span class='ocr_line' id='line_1_90' title="bbox 467 5334 2049 5406; baseline 0.004 -17"><span class='ocrx_word' id='word_1_616' title='bbox 467 5335 511 5368; x_wconf 81' lang='lat'><strong><em>&quot;</em></strong></span> <span class='ocrx_word' id='word_1_617' title='bbox 532 5334 686 5390; x_wconf 83' lang='lat' dir='ltr'><strong>Joan.</strong></span> <span class='ocrx_word' id='word_1_618' title='bbox 720 5354 810 5392; x_wconf 74' lang='lat' dir='ltr'><strong>nx</strong></span> <span class='ocrx_word' id='word_1_619' title='bbox 834 5379 850 5404; x_wconf 90' lang='lat'><strong>,</strong></span> <span class='ocrx_word' id='word_1_620' title='bbox 883 5337 937 5394; x_wconf 86' lang='lat'><strong>6.</strong></span> <span class='ocrx_word' id='word_1_621' title='bbox 1027 5337 1073 5369; x_wconf 86' lang='lat'><strong>’°</strong></span> <span class='ocrx_word' id='word_1_622' title='bbox 1104 5337 1253 5396; x_wconf 82' lang='lat' dir='ltr'><strong>Joan.</strong></span> <span class='ocrx_word' id='word_1_623' title='bbox 1283 5355 1378 5395; x_wconf 86' lang='lat' dir='ltr'><strong>vut</strong></span> <span class='ocrx_word' id='word_1_624' title='bbox 1403 5381 1417 5406; x_wconf 89' lang='lat'><strong>,</strong></span> <span class='ocrx_word' id='word_1_625' title='bbox 1446 5341 1537 5396; x_wconf 72' lang='lat' dir='ltr'><strong>M.</strong></span> <span class='ocrx_word' id='word_1_626' title='bbox 1587 5343 1630 5373; x_wconf 80' lang='grc'>⁹¹</span> <span class='ocrx_word' id='word_1_627' title='bbox 1652 5340 1808 5396; x_wconf 82' lang='lat' dir='ltr'><strong>Joan.</strong></span> <span class='ocrx_word' id='word_1_628' title='bbox 1843 5357 1926 5405; x_wconf 87' lang='grc' dir='ltr'>ιιι,</span> <span class='ocrx_word' id='word_1_629' title='bbox 1963 5341 2049 5396; x_wconf 74' lang='grc'><strong>15.</strong></span> 
     </span>
    </p>
   </div>
   <div class='ocr_carea' id='block_1_91' title="bbox 1537 5334 3153 5412">
    <p class='ocr_par' dir='ltr' id='par_1_91' title="bbox 1587 5338 3153 5412">
     <span class='ocr_line' id='line_1_91' title="bbox 1587 5338 3153 5412; baseline -0.004 -16"><span class='ocrx_word' id='word_1_630' title='bbox 1587 5340 1808 5396; x_wconf 76' lang='lat' dir='ltr'><strong>&quot;Joan.</strong></span> <span class='ocrx_word' id='word_1_631' title='bbox 1843 5357 1926 5405; x_wconf 91' lang='grc' dir='ltr'>ιιι,</span> <span class='ocrx_word' id='word_1_632' title='bbox 1963 5341 2049 5396; x_wconf 74' lang='grc'><strong>15.</strong></span> <span class='ocrx_word' id='word_1_633' title='bbox 2134 5342 2180 5374; x_wconf 77' lang='grc'><strong>⁸⁸</strong></span> <span class='ocrx_word' id='word_1_634' title='bbox 2211 5340 2412 5412; x_wconf 85' lang='lat' dir='ltr'><strong>Ephes.</strong></span> <span class='ocrx_word' id='word_1_635' title='bbox 2448 5355 2520 5407; x_wconf 88' lang='grc' dir='ltr'><strong>ιν,</strong></span> <span class='ocrx_word' id='word_1_636' title='bbox 2557 5341 2644 5394; x_wconf 81' lang='lat' dir='ltr'><strong>l0.</strong></span> <span class='ocrx_word' id='word_1_637' title='bbox 2717 5340 2765 5371; x_wconf 71' lang='grc'>⁸³</span> <span class='ocrx_word' id='word_1_638' title='bbox 2797 5338 2962 5393; x_wconf 89' lang='lat' dir='ltr'><strong>Hebr.</strong></span> <span class='ocrx_word' id='word_1_639' title='bbox 2993 5355 3034 5403; x_wconf 83' lang='lat' dir='ltr'><strong>I,</strong></span> <span class='ocrx_word' id='word_1_640' title='bbox 3066 5338 3153 5391; x_wconf 72' lang='grc'><strong>14.</strong></span> 
     </span>
    </p>
   </div>
   <div class='ocr_carea' id='block_1_92' title="bbox 468 5449 3637 5524">
    <p class='ocr_par' dir='ltr' id='par_1_92' title="bbox 468 5449 3637 5524">
     <span class='ocr_line' id='line_1_92' title="bbox 468 5449 3637 5524; baseline -0.002 -20"><span class='ocrx_word' id='word_1_641' title='bbox 468 5452 578 5524; x_wconf 74' lang='lat'><strong>(21)</strong></span> <span class='ocrx_word' id='word_1_642' title='bbox 614 5454 756 5521; x_wconf 79' lang='grc' dir='ltr'><strong>Θεὸς</strong></span> <span class='ocrx_word' id='word_1_643' title='bbox 788 5455 1051 5524; x_wconf 69' lang='grc' dir='ltr'>λέγεται.</span> <span class='ocrx_word' id='word_1_644' title='bbox 1092 5455 1399 5524; x_wconf 69' lang='lat' dir='ltr'><strong>Huiusmodi</strong></span> <span class='ocrx_word' id='word_1_645' title='bbox 1438 5467 1746 5524; x_wconf 74' lang='lat' dir='ltr'><strong>excerptum</strong></span> <span class='ocrx_word' id='word_1_646' title='bbox 1786 5464 1962 5509; x_wconf 84' lang='lat' dir='ltr'><strong>exstat</strong></span> <span class='ocrx_word' id='word_1_647' title='bbox 2072 5455 2198 5506; x_wconf 88' lang='lat' dir='ltr'><strong>tatis</strong></span> <span class='ocrx_word' id='word_1_648' title='bbox 2231 5455 2370 5507; x_wconf 88' lang='lat' dir='ltr'><strong>idem</strong></span> <span class='ocrx_word' id='word_1_649' title='bbox 2403 5454 2643 5507; x_wconf 87' lang='lat' dir='ltr'><strong>occurrit</strong></span> <span class='ocrx_word' id='word_1_650' title='bbox 2676 5452 2815 5524; x_wconf 71' lang='lat' dir='ltr'><strong>apud</strong></span> <span class='ocrx_word' id='word_1_651' title='bbox 2857 5449 3214 5524; x_wconf 76' lang='lat' dir='ltr'><strong>Theophilum</strong></span> <span class='ocrx_word' id='word_1_652' title='bbox 3245 5449 3637 5524; x_wconf 69' lang='grc' dir='ltr'>ᾼιιιίιιειιθιιιιιιι</span> 
     </span>
    </p>
   </div>
   <div class='ocr_carea' id='block_1_93' title="bbox 395 5518 3642 5592">
    <p class='ocr_par' dir='ltr' id='par_1_93' title="bbox 395 5518 3642 5592">
     <span class='ocr_line' id='line_1_93' title="bbox 395 5518 3642 5592; baseline -0.001 -20"><span class='ocrx_word' id='word_1_653' title='bbox 395 5518 604 5592; x_wconf 76' lang='lat' dir='ltr'><strong>quidem</strong></span> <span class='ocrx_word' id='word_1_654' title='bbox 636 5528 686 5580; x_wconf 90' lang='lat' dir='ltr'><strong>in</strong></span> <span class='ocrx_word' id='word_1_655' title='bbox 720 5518 1013 5578; x_wconf 77' lang='lat' dir='ltr'><strong>I’arailelis</strong></span> <span class='ocrx_word' id='word_1_656' title='bbox 1050 5518 1438 5583; x_wconf 68' lang='lat' dir='ltr'><strong>Damascenicis</strong></span> <span class='ocrx_word' id='word_1_657' title='bbox 1466 5543 1530 5581; x_wconf 78' lang='lat' dir='ltr'><strong>ex</strong></span> <span class='ocrx_word' id='word_1_658' title='bbox 1559 5518 1662 5580; x_wconf 52' lang='lat' dir='ltr'><strong>tn&#39;s.</strong></span> <span class='ocrx_word' id='word_1_659' title='bbox 1698 5527 1816 5580; x_wconf 90' lang='lat' dir='ltr'><strong>cod.</strong></span> <span class='ocrx_word' id='word_1_660' title='bbox 1852 5525 1959 5577; x_wconf 84' lang='lat' dir='ltr'><strong>Rn-</strong></span> <span class='ocrx_word' id='word_1_661' title='bbox 2070 5525 2164 5575; x_wconf 83' lang='lat' dir='ltr'><strong>Iih.</strong></span> <span class='ocrx_word' id='word_1_662' title='bbox 2196 5541 2209 5577; x_wconf 91' lang='grc' dir='ltr'><strong>ι</strong></span> <span class='ocrx_word' id='word_1_663' title='bbox 2237 5523 2305 5576; x_wconf 92' lang='lat' dir='ltr'><strong>ad</strong></span> <span class='ocrx_word' id='word_1_664' title='bbox 2334 5518 2779 5592; x_wconf 36' lang='lat' dir='ltr'><strong>Autolycum,§&#39;4,</strong></span> <span class='ocrx_word' id='word_1_665' title='bbox 2807 5523 2955 5592; x_wconf 72' lang='lat' dir='ltr'><strong>unde</strong></span> <span class='ocrx_word' id='word_1_666' title='bbox 2969 5536 3064 5592; x_wconf 82' lang='lat' dir='ltr'><strong>sua</strong></span> <span class='ocrx_word' id='word_1_667' title='bbox 3089 5519 3496 5592; x_wconf 72' lang='lat' dir='ltr'><strong>fortc_ha_userit</strong></span> <span class='ocrx_word' id='word_1_668' title='bbox 3518 5518 3642 5592; x_wconf 79' lang='lat' dir='ltr'><strong>Am-</strong></span> 
     </span>
    </p>
   </div>
   <div class='ocr_carea' id='block_1_94' title="bbox 397 5586 3639 5666">
    <p class='ocr_par' dir='ltr' id='par_1_94' title="bbox 397 5586 3639 5666">
     <span class='ocr_line' id='line_1_94' title="bbox 397 5586 3639 5666; baseline -0.002 -21"><span class='ocrx_word' id='word_1_669' title='bbox 397 5586 726 5659; x_wconf 67' lang='lat' dir='ltr'><strong>;ielucaldino</strong></span> <span class='ocrx_word' id='word_1_670' title='bbox 759 5597 1020 5663; x_wconf 79' lang='lat' dir='ltr'><strong>vulgatis,</strong></span> <span class='ocrx_word' id='word_1_671' title='bbox 1048 5605 1173 5649; x_wconf 77' lang='lat' dir='ltr'><strong>toni.</strong></span> <span class='ocrx_word' id='word_1_672' title='bbox 1203 5597 1266 5662; x_wconf 90' lang='lat' dir='ltr'><strong>ll,</strong></span> <span class='ocrx_word' id='word_1_673' title='bbox 1293 5615 1411 5666; x_wconf 79' lang='lat' dir='ltr'><strong>pag.</strong></span> <span class='ocrx_word' id='word_1_674' title='bbox 1441 5598 1562 5661; x_wconf 83' lang='lat'><strong>785,</strong></span> <span class='ocrx_word' id='word_1_675' title='bbox 1597 5597 1682 5649; x_wconf 90' lang='lat' dir='ltr'><strong>ubi</strong></span> <span class='ocrx_word' id='word_1_676' title='bbox 1709 5597 1961 5649; x_wconf 88' lang='lat' dir='ltr'><strong>tribuitur</strong></span> <span class='ocrx_word' id='word_1_677' title='bbox 2068 5595 2391 5666; x_wconf 68' lang='lat' dir='ltr'><strong>philochius.</strong></span> <span class='ocrx_word' id='word_1_678' title='bbox 2435 5586 2614 5666; x_wconf 78' lang='lat' dir='ltr'><strong>Adisis</strong></span> <span class='ocrx_word' id='word_1_679' title='bbox 2671 5586 2866 5648; x_wconf 77' lang='lat' dir='ltr'><strong>nostra:</strong></span> <span class='ocrx_word' id='word_1_680' title='bbox 2922 5590 3169 5645; x_wconf 81' lang='lat' dir='ltr'><strong>Biblioth.</strong></span> <span class='ocrx_word' id='word_1_681' title='bbox 3231 5586 3347 5641; x_wconf 79' lang='lat' dir='ltr'><strong>PP.</strong></span> <span class='ocrx_word' id='word_1_682' title='bbox 3406 5597 3539 5641; x_wconf 86' lang='lat' dir='ltr'><strong>tom.</strong></span> <span class='ocrx_word' id='word_1_683' title='bbox 3574 5589 3639 5650; x_wconf 86' lang='lat' dir='ltr'><strong>ll,</strong></span> 
     </span>
    </p>
   </div>
   <div class='ocr_carea' id='block_1_95' title="bbox 396 5663 2542 5740">
    <p class='ocr_par' dir='ltr' id='par_1_95' title="bbox 396 5663 2542 5740">
     <span class='ocr_line' id='line_1_95' title="bbox 396 5663 2542 5740; baseline -0.003 -18"><span class='ocrx_word' id='word_1_684' title='bbox 396 5666 763 5735; x_wconf 70' lang='lat' dir='ltr'><strong>Amphilochia</strong></span> <span class='ocrx_word' id='word_1_685' title='bbox 788 5666 1060 5723; x_wconf 86' lang='lat' dir='ltr'><strong>lcouiensi</strong></span> <span class='ocrx_word' id='word_1_686' title='bbox 1079 5663 1342 5740; x_wconf 79' lang='lat' dir='ltr'><strong>episcopo.</strong></span> <span class='ocrx_word' id='word_1_687' title='bbox 1361 5663 1465 5725; x_wconf 83' lang='lat' dir='ltr'><strong>Sed</strong></span> <span class='ocrx_word' id='word_1_688' title='bbox 1495 5667 1735 5738; x_wconf 86' lang='lat' dir='ltr'><strong>pauculis</strong></span> <span class='ocrx_word' id='word_1_689' title='bbox 1765 5667 1959 5722; x_wconf 87' lang='lat' dir='ltr'><strong>immu-</strong></span> <span class='ocrx_word' id='word_1_690' title='bbox 2071 5679 2190 5733; x_wconf 79' lang='lat' dir='ltr'><strong>pag.</strong></span> <span class='ocrx_word' id='word_1_691' title='bbox 2233 5663 2318 5732; x_wconf 82' lang='lat'><strong>79,</strong></span> <span class='ocrx_word' id='word_1_692' title='bbox 2347 5673 2457 5719; x_wconf 93' lang='lat' dir='ltr'><strong>not.</strong></span> <span class='ocrx_word' id='word_1_693' title='bbox 2487 5665 2542 5716; x_wconf 86' lang='lat'><strong>6.</strong></span> 
     </span>
    </p>
   </div>
   <div class='ocr_carea' id='block_1_96' title="bbox 1966 5783 2038 5798">
    <p class='ocr_par' dir='ltr' id='par_1_96' title="bbox 1966 5783 2038 5798">
     <span class='ocr_line' id='line_1_96' title="bbox 1966 5783 2038 5798; baseline -0.028 0"><span class='ocrx_word' id='word_1_694' title='bbox 1966 5783 2038 5798; x_wconf 48' lang='grc' dir='ltr'><strong><em>Ἀ</em></strong></span> 
     </span>
    </p>
   </div>
  </div>
