4092 6442
447 344 552 404 £19

1407 351 1465 407 S.
1501 346 1944 409 AMPHILOCHII
1980 352 2367 412 ICONIENSIS
2406 355 2743 413 EPISCOPI.

3612 357 3713 412 Iit)

449 501 3117 546 Wa

1106 710 1827 804 ΑΜΦΙΛΟΧΙΟΥ
1862 717 2533 807 ΕΠΙΣΚΟΠΟΥ
2570 721 3043 807 ΙΚΟΝΙΟΥ

1561 901 1672 954 ΕΙΣ
1703 902 1849 955 ΤΗΝ
1870 902 2584 959 ΜΕΣΟΠΕΝΤΗΚΟΣΤΗΝ

1025 1054 1134 1111 Καὶ
1184 1058 1272 1121 εἰς
1321 1056 1430 1111 τὸν
1472 1056 1840 1125 παράλυτον,
1890 1057 1991 1112 καὶ
2029 1060 2118 1113 sic
2148 1059 2239 1126 τὸ,
2272 1077 2291 1110 ι
2341 1059 2439 1127 Μὴ
2485 1061 2718 1129 κρίνετε
2756 1061 2881 1114 κατ’
2923 1061 3086 1131 ὄψιν.
3116 1081 3140 1115 s

1121 1368 1945 1464 AMPHILOCHII
1999 1372 2549 1468 EPISCOPI
2613 1373 2999 1467 ICONII

1598 1564 1667 1621 IN
1705 1564 2391 1626 MESOPENTECOSTEN
2432 1569 2548 1642 (22)
2563 1610 2582 1636 ,

860 1723 933 1785 In
968 1721 1382 1805 paralyticum
1415 1726 1492 1800 κ,
1516 1731 1579 1787 et
1602 1726 1671 1788 in
1705 1726 1864 1791 illud
1892 1746 1905 1789 :
1940 1752 1969 1787 α
2001 1728 2207 1793 Nolite
2223 1728 2509 1810 judicare
2536 1735 2886 1798 secundum
2906 1732 3134 1799 faciem
3153 1692 3227 1798 ὀξ
3253 1762 3281 1795 ι)

519 1889 689 1961 (Edit.
724 1887 927 1945 Christ.
966 1887 1117 1944 Frid.
1155 1888 1394 1970 Μοιριιεί
1422 1905 1545 1945 cum
1577 1887 1818 1970 Gregorii
1852 1889 2325 1970 Thessaionicensis
2366 1895 2612 1970 Orattx
2629 1937 2644 1960 ,
2675 1897 2937 1970 Musqua‘.
2959 1899 3117 1970 i776,
3150 1901 3316 1970 iu-8r,
3343 1917 3405 1959 ex
3452 1906 3655 1963 codice

1118 1960 1422 2016 membran.
1451 1976 1578 2016 stac.
1595 1976 1694 2025 xu,
1715 1961 1807 2032 qui
1827 1972 1910 2018 est
1935 1963 2273 2021 bibliothecae
2300 1966 2578 2033 synodalis
2602 1984 2753 2025 num.
2780 1960 3040 2042 CCXXI.)

517 2277 575 2334 in
607 2278 843 2336 Sabbato
881 2280 1017 2336 dixit
1045 2280 1309 2337 Dominus
1336 2281 1405 2337 ad
1449 2282 1805 2353 paralyticum
1838 2301 1851 2337 :
1886 2282 2022 2339 Sur-
2055 2290 2100 2344 Α

449 2386 590 2439 gens,
627 2370 750 2426 tolle
775 2373 1052 2443 grabatum
1080 2382 1249 2438 tuum,
1281 2383 1329 2427 et
1353 2375 1484 2428 vade
1513 2375 1569 2428 in
1596 2375 1808 2428 domum
1842 2385 2026 2437 tuam;

454 2473 513 2519 et
532 2473 821 2535 propterea
858 2465 1078 2521 dicebat
1111 2464 1309 2521 Iudaeis
1340 2484 1354 2519 :
1391 2466 1512 2521 Mea
1540 2467 1784 2521 doctrina
1814 2483 1918 2521 non
1951 2476 2027 2522 est

450 2572 590 2624 mea,
624 2557 715 2611 sed
753 2557 867 2627 ejus
895 2560 986 2628 qui
1015 2558 1155 2613 misit
1180 2575 1282 2624 me,
1332 2557 1518 2615 Patris
1547 2560 1614 2614 ".
1654 2559 1807 2627 Quod
1845 2567 2026 2615 autem

449 2647 627 2713 Jesus,
657 2659 874 2720 propter
909 2650 1193 2721 paralytici
1224 2652 1560 2707 curationem
1609 2651 1659 2705 vi
1685 2652 2029 2721 omnipoten-

455 2737 525 2791 tis
548 2738 838 2795 voluntatis
858 2755 970 2794 sum
995 2739 1266 2804 eﬂ'ectam.
1299 2742 1416 2796 haec
1450 2742 1613 2797 verba
1641 2740 1844 2797 Judaeis
1879 2743 2031 2797 dise-

455 2828 542 2891 rit,
561 2829 717 2884 exiis
742 2844 862 2900 qua:
882 2845 1051 2902 nuper
1073 2833 1208 2886 lecta
1226 2840 1374 2898 sunt,
1419 2832 1809 2888 demonstratio
1852 2843 2034 2901 peten-

453 2918 519 2972 da
537 2929 640 2974 est.
668 2920 795 2976 Inde
820 2922 962 2977 enim
989 2923 1239 2993 probavit
1256 2925 1516 2979 Dominus
1542 2940 1694 2979 suam
1724 2939 1848 2979 cum
1870 2924 2035 2980 Patre

454 3012 1094 3070 consubstantialitatem.
1120 3013 1178 3071 Si
1199 3016 1338 3071 enim
1359 3016 1586 3072 dixisset
1605 3016 1895 3071 Dominus:
1916 3015 2030 3071 Mea

453 3105 697 3161 doctrina
730 3121 837 3162 non
868 3117 952 3162 est
981 3107 1177 3171 Patris,
1210 3109 1303 3164 sed
1328 3123 1444 3163 mea
1470 3118 1575 3173 est,
1599 3123 1659 3163 se
1698 3123 1727 3161 a
1751 3107 1911 3163 Patre
1941 3122 2031 3163 εει

454 3207 721 3266 parasset,
761 3201 829 3254 ab
859 3199 1026 3268 ipsius
1071 3200 1372 3256 substantia
1404 3216 1464 3255 se
1507 3200 1741 3255 alienum
1788 3201 2033 3267 fecisset,

453 3291 642 3347 salutis
669 3291 919 3348 humanae
949 3292 1236 3362 abiecisset
1270 3295 1653 3350 oeconomiam.
1682 3295 1818 3350 Cum
1850 3306 2051 3350 autem-

456 3385 700 3440 dixerit:
736 3383 855 3439 Mea
893 3386 1138 3440 doctrina
1192 3402 1297 3440 non
1345 3398 1421 3440 est
1469 3404 1605 3455 mea,
1641 3389 1732 3442 sed
1779 3391 1894 3459 ejus
1941 3389 2033 3447 aui

455 3479 597 3534 misit
632 3494 733 3543 me,
762 3475 967 3541 Patris,
998 3481 1236 3535 ostendit
1259 3495 1320 3535 se
1352 3479 1501 3535 Patri
1530 3496 1653 3536 esse
1676 3483 2035 3538 consubstan-

459 3571 660 3638 tialem,
693 3586 965 3642 unamque
990 3581 1046 3626 et
1074 3572 1321 3627 eamdem
1352 3586 1476 3629 esse
1505 3574 1804 3629 doctrinam
1832 3574 2031 3643 Patris,

457 3663 577 3720 Filii
605 3674 660 3719 et
683 3639 919 3734 Spiritus
963 3665 1158 3719 sancti.
1221 3664 1511 3720 Enimvero
1551 3682 1691 3722 unus
1737 3676 1821 3722 est
1868 3639 2111 3723 li‘ilius'B

455 3756 637 3812 Patris
664 3754 937 3821 Verbum;
992 3765 1049 3811 et
1083 3771 1225 3811 unus
1272 3755 1507 3823 Spiritus
1546 3755 1747 3822 Patris,
1798 3759 2036 3828 Spiritus

465 3856 688 3903 sanctus
713 3846 850 3919 (25).
890 3845 1029 3901 Num
1076 3848 1243 3917 igitur
1297 3848 1414 3903 ﬁeri
1455 3850 1643 3917 possit,
1698 3849 1801 3902 alia
1843 3849 2038 3904 docere

460 3939 719 3999 Verbum,
751 3938 856 3993 alia
889 3938 1157 4007 Spiritum
1186 3936 1471 3993 sanctum?
1510 3938 1749 4006 Minime,
1784 3940 2034 4007 minime;

457 4031 591 4088 dicit
620 4031 766 4086 enim
811 4032 1002 4086 beatus
1031 4031 1318 4100 Apostolus
1352 4048 1367 4085 :
1399 4028 1568 4085 Nemo
1623 4031 1719 4085 scit
1749 4047 1868 4102 qua:
1912 4041 2038 4086 sunt

457 4125 707 4189 hominis,
747 4125 851 4179 nisi
875 4124 1093 4193 spiritus
1121 4123 1347 4178 hominis
1378 4126 1470 4193 qui
1491 4125 1547 4177 in
1575 4124 1690 4190 ipso
1719 4134 1794 4178 est
1822 4140 1843 4178 :
1878 4127 1956 4178 ita
1987 4133 2035 4178 et

457 4235 575 4290 quae
619 4217 715 4273 Dei
752 4228 873 4272 sunt
918 4233 1068 4272 nemo
1125 4217 1381 4288 cognovit,
1423 4217 1526 4271 nisi
1552 4215 1782 4286 Spiritus
1839 4215 1939 4271 Dei
1966 4216 2034 4269 ⁸⁷.

460 4314 668 4369 Rursus
692 4321 873 4367 autem
901 4310 1111 4375 Jesum,
1145 4320 1364 4380 propter
1387 4309 1667 4380 paralytici
1699 4309 2037 4365 curationem

459 4404 512 4458 vi
548 4403 931 4474 omnipotentis
964 4400 1258 4457 voluntatis
1277 4415 1390 4456 suae
1428 4399 1700 4465 effectam,
1731 4399 1813 4455 sic
1835 4398 2047 4457 Iudaeis

462 4495 628 4551 fuisse
662 4496 919 4560 locutum,
953 4509 1021 4549 ex
1054 4495 1146 4549 illo
1197 4493 1360 4549 etiam
1415 4495 1693 4561 probatur,
1749 4494 1892 4563 quod
1934 4493 2041 4547 Do-

463 4586 667 4639 mimnn
700 4587 860 4642 modo
895 4587 1133 4642 audieris
1183 4585 1451 4641 dicentem
1481 4605 1495 4638 :
1532 4583 1707 4640 Unum
1755 4602 1882 4653 opus
1915 4584 2037 4654 feci,

461 4688 509 4731 et
538 4695 713 4732 omnes
758 4680 1045 4737 miramini.
1104 4678 1388 4749 Propterea
1438 4677 1646 4750 Moyses
1703 4679 1847 4732 dedit
1898 4677 2040 4733 vobis

463 4770 909 4823 circumcisionem
938 4769 1062 4838 (non
1089 4770 1216 4838 quia
1241 4787 1306 4823 ex
1339 4756 1521 4840 Moyse
1547 4781 1642 4834 est,
1667 4771 1759 4823 sed
1780 4785 1846 4823 ex
1876 4769 2043 4834 patri-

462 4858 603 4927 bus).
634 4870 679 4912 et
704 4860 763 4913 in
807 4858 1038 4913 Sabbato
1076 4859 1450 4913 circumciditis
1507 4860 1789 4913 hominem.
1822 4857 1886 4914 Si
1932 4859 2038 4912 cir-

2211 2284 2299 2336 'Ev
2342 2282 2609 2356 Σαϐϐάτῳ
2652 2283 2788 2357 πρὸς
2818 2284 2909 2338 τὸν
2941 2285 3254 2358 παράλυτον
3289 2289 3318 2341 ὁ
3354 2289 3565 2360 Κύριος
3598 2289 3691 2345 ἕλε

2129 2393 2259 2446 γεψ
2314 2377 2610 2447 Ἐγερθεὶς
2678 2369 2827 2445 ἆρον
2875 2378 2983 2432 τὸν
3036 2378 3369 2447 κρὰϐϐατόν
3422 2397 3564 2447 σου,
3622 2381 3721 2437 καὶ

2130 2472 2323 2542 ὕπαγε
2362 2475 2450 2538 είς
2479 2473 2586 2525 τὸν
2621 2466 2791 2525 οἶκόν
2827 2487 2974 2526 σου·
3007 2473 3102 2525 καὶ⁵
3147 2473 3336 2527 τούτου
3370 2474 3534 2545 χάριν
3585 2474 3727 2546 πρὸς

2129 2562 2257 2626 τοὺς
2308 2561 2595 2627 Ἰουδαίους
2634 2561 2839 2630 ἔλεγεν,
2877 2560 2952 2615 Ἦ
2984 2561 3097 2631 ἐμὴ
3148 2562 3363 2632 διδαχὴ
3395 2566 3505 2618 οὐκ
3544 2564 3725 2618 ἔστιν

2130 2654 2266 2722 ἐμὴ,
2301 2653 2461 2708 ἀλλὰ
2503 2653 2610 2707 τοῦ
2648 2651 3000 2723 πέμψαντός
3047 2670 3129 2723 με
3179 2656 3427 2723 Πατρός.
3468 2656 3585 2709 Καὶ
3640 2655 3723 2708 ὅτι

2129 2745 2221 2799 διά
2244 2747 2341 2818 τὴν
2371 2745 2509 2818 πρὸς
2532 2744 2623 2799 τὸν
2657 2745 2966 2817 παράλυτον
2993 2745 3337 2810 αὐτεξούσιον
3369 2746 3671 2819 θεραπείαν
3695 2750 3728 2800 ὁ

2132 2836 2335 2910 Κύριος
2351 2837 2487 2908 πρὸς
2500 2837 2625 2901 τοὺς
2641 2836 2928 2900 Ἰουδαίους
2946 2837 3170 2900 τούτους
3186 2834 3335 2891 εἶπεν
3356 2838 3482 2902 τοὺς
3501 2838 3723 2907 λόγους,
3790 2876 3791 2879 η

2133 2932 2197 2982 ἐκ
2243 2928 2351 2982 τῶν
2395 2929 2601 3002 ἀρτίως
2647 2927 3105 2997 ἀναγνωσθέντων
3150 2929 3394 3001 λάμϐανε
3441 2930 3543 3001 τὴν
3587 2931 3726 2984 ἀπό·

2132 3017 2319 3086 δειξιν.
2353 3020 2546 3074 Ἔνθεν
2595 3020 2706 3091 γάρ
2742 3022 2771 3074 ὁ
2804 3019 3012 3092 Κύριος
3042 3020 3421 3093 φανερώτερον
3449 3024 3730 3093 ἐμήνυσεν

2133 3115 2195 3168 τὸ
2218 3112 2639 3183 ἀπαράλλακτον
2665 3112 2860 3167 ἑαυτοῦ
2890 3113 2985 3166 καὶ
3009 3113 3106 3166 τοῦ
3145 3114 3381 3185 Πατρός.
3412 3114 3476 3167 Εἰ
3512 3109 3586 3186 ἦν
3616 3106 3726 3186 γάρ

2133 3208 2162 3261 ὁ
2207 3205 2412 3278 Κύριος
2473 3203 2741 3277 εἰρηκὼς,
2777 3205 2843 3258 Ἦ
2894 3204 3002 3278 ἐμὴ
3065 3205 3253 3277 διδαχὴ
3313 3207 3414 3259 οὐκ
3466 3205 3586 3259 ἐστι
3629 3203 3729 3258 τοῦ

2135 3298 2372 3369 Πατρὸς,
2417 3296 2531 3350 ἀλλ’
2574 3298 2682 3368 ἐμή
2722 3299 2904 3351 ἐστιν’
2941 3297 3203 3369 ἐχώριζεν
3243 3297 3437 3351 ἑαυτὸν
3476 3296 3572 3350 τοῦ
3614 3298 3727 3350 Πα-

2133 3391 2282 3462 τρὸς,
2312 3388 2462 3454 ξένον
2500 3389 2673 3442 ἐποίει
2720 3390 2820 3459 τῆς
2861 3388 3071 3453 οὐσίας,
3112 3388 3396 3466 ἡλλοτρίου
3436 3388 3537 3459 τῆς
3576 3390 3725 3441 οἱκο-

2135 3481 2348 3550 νομίας.
2399 3480 2653 3552 Εἰρηκὼς
2700 3481 2793 3546 δὲ,
2832 3482 2895 3536 Ἡ
2937 3481 3052 3551 ἐμὴ
3113 3480 3331 3550 διδαχὴ
3382 3482 3495 3535 οὐκ
3548 3480 3730 3549 ἔστιν

2134 3572 2270 3642 ἐμὴ,
2300 3572 2462 3627 ἀλλὰ
2493 3571 2601 3627 τοῦ
2639 3574 2992 3642 πέμψαντός
3023 3590 3101 3642 με
3147 3572 3411 3641 Πατρός,
3453 3572 3625 3639 ἔδειξε
3666 3572 3728 3625 τὸ

2136 3664 2555 3735 ἀπαράλλακτον
2590 3665 2694 3735 τῆς
2738 3665 2950 3729 οὐσίας,
2987 3666 3083 3719 καὶ
3120 3665 3201 3718 ὃτι
3249 3664 3345 3737 μία
3381 3664 3570 3736 διδαχὴ
3611 3666 3725 3719 Πα-

2136 3753 2263 3825 τρδς
2289 3754 2382 3806 καὶ
2421 3753 2549 3806 Υἱοῦ
2580 3756 2676 3807 καὶ
2722 3755 2885 3822 ἁγίου
2927 3753 3264 3823 Πνεύματος.
3309 3748 3405 3818 Εἷς
3428 3753 3537 3826 γὰρ
3564 3755 3597 3807 ὁ
3626 3755 3727 3808 Λό-

2138 3862 2231 3914 γος
2260 3844 2388 3909 Υἱὸς
2437 3844 2530 3898 τοῦ
2570 3846 2807 3916 Πατρὸς,
2844 3845 2936 3899 καὶ
2967 3845 3193 3915 Πνεῦμα
3241 3843 3334 3897 τοῦ
3380 3845 3620 3916 Πατρὸς,
3665 3843 3729 3899 τὺ

2139 3939 2292 4007 ἅγιον
2325 3936 2569 4009 Πνεῦμα.
2607 3938 2732 4001 Πῶς
2761 3938 2926 4010 ἕτερα
2956 3937 3208 4002 διδάξειό
3239 3939 3434 4006 Λόγος,
3477 3939 3573 3992 καὶ
3606 3937 3725 4001 πῶς

2137 4031 2302 4102 ἕτερα
2331 4031 2632 4101 κατηχήσει
2664 4031 2726 4083 τὸ
2762 4030 2919 4098 ἅγιον
2947 4030 3209 4101 Πνεῦμα;
3240 4030 3356 4084 Οὐκ
3385 4030 3500 4084 ἐστι
3538 4030 3722 4095 τοῦτο,

2139 4123 2237 4175 οὐκ
2269 4122 2405 4187 ἔστι,
2447 4121 2587 4176 κατὰ
2618 4122 2712 4176 τὸν
2762 4122 3031 4193 μακάριον
3076 4121 3291 4176 Παῦλον
3318 4122 3411 4175 τὸν
3457 4121 3720 4191 λέγονταο

2142 4213 2352 4280 Οὐδεὶς
2386 4213 2550 4267 οἶδεν
2568 4212 2656 4267 -τὰ
2683 4213 2790 4268 τοῦ
2818 4212 3157 4281 ἀνθρώπου,
3188 4216 3243 4266 εί
3266 4213 3352 4283 μὴ
3383 4213 3449 4268 τὸ
3487 4214 3727 4282 πνεῦμα

2138 4304 2247 4359 τοῦ
2271 4303 2585 4372 ἀνθρώπου
2613 4305 2679 4358 τὸ
2721 4303 3041 4363 κατοικοῦν
3080 4303 3152 4357 ἐν
3177 4303 3371 4370 αὐτῷ·
3408 4305 3561 4358 οὕτω
3624 4304 3721 4359 καὶ

2138 4397 2212 4450 τὰ
2248 4396 2354 4451 τοῦ
2394 4395 2543 4451 Θεοῦ
2572 4395 2769 4462 οὐδεὶς
2798 4392 2980 4460 older,
3007 4397 3060 4449 εὶ
3095 4394 3182 4465 μὴ
3230 4396 3296 4449 τὸ
3339 4396 3582 4465 Πνεῦμα
3618 4396 3728 4450 τοῦ

2143 4487 2291 4540 Θεοῦ
2330 4486 2399 4540 τὸ
2425 4487 2494 4540 ἐν
2520 4485 2702 4553 αὐτῷ.
2731 4487 2842 4540 Καὶ
2869 4487 2951 4540 ὅτι
2983 4484 3075 4538 διὰ
3106 4484 3207 4557 τὴν
3245 4486 3384 4557 πρὸς
3423 4484 3515 4540 τὸν
3546 4487 3726 4559 παρά-

2140 4577 2297 4631 λυτον
2351 4574 2697 4642 αὐτεξούσιον
2745 4576 3063 4648 θεραπείαν,
3117 4576 3299 4641 καθὼς
3355 4580 3636 4649 προεῖπον,
3696 4576 3725 4630 ὁ

2142 4668 2349 4737 Κύριος
2388 4669 2703 4738 προσήκατο
2743 4666 2966 4731 τούτους
3005 4668 3133 4730 τοὺς
3160 4667 3372 4737 λόγους,
3400 4670 3597 4740 ἢκουες
3628 4670 3716 4740 ἀρ-

2139 4760 2271 4823 τίως
2316 4759 2410 4812 τοῦ
2460 4758 2667 4831 Κυρίου
2727 4758 3011 4827 λέγοντος*
3068 4760 3180 4812 Ἓν
3212 4759 3392 4828 ἔργον
3429 4760 3721 4829 ἐποίησα,

2141 4849 2240 4905 καὶ
2274 4849 2497 4932 πάντες
2522 4847 2877 4918 θαυμάζετεο
2919 4848 3018 4903 διὰ
3045 4848 3221 4903 τοῦτο
3268 4850 3532 4920 Μωῦσ-ῆς
3581 4849 3725 4919 ὑμῖν

461 4951 833 5004 cumcisionem
864 4952 1050 5019 accipit
1091 4951 1244 5005 homo
1284 4952 1339 5004 in
1367 4949 1617 5018 Sabbato,
1646 4962 1702 5004 ut
1736 4966 1838 5005 non
1869 4950 2040 5005 solva-

2144 4941 2328 4995 ἔδωκε
2356 4938 2471 5008 τὴν
2505 4941 2830 5010 περιτομὴν
2877 4943 3011 5011 (οὐχ
3050 4941 3141 4997 ὅτι
3180 4942 3251 4996 ἐκ
3295 4942 3402 4997 τοῦ
3432 4942 3729 5009 Μωῦσέως

463 5055 550 5094 mr
576 5044 661 5096 lex
686 5041 879 5112 Moysi,
905 5044 1033 5096 mihi
1048 5043 1419 5111 indignantiui,
1442 5044 1565 5111 quia
1589 5052 1752 5097 totum
1779 5043 2040 5095 hominem

2146 5033 2338 5095 ἐστὶν,
2373 5033 2510 5086 ἀλλ’
2549 5034 2619 5086 ἐκ
2661 5031 2781 5086 τῶν
2818 5032 3146 5104 πατέρων),
3183 5033 3283 5087 καὶ
3331 5034 3401 5088 ἐν
3449 5032 3724 5097 Σαϐϐάτῳ

463 5135 667 5188 salvum
699 5135 798 5203 feci
832 5137 889 5188 in
945 5134 1175 5189 Sabbato
1197 5135 1223 5189 1’
1266 5131 1443 5187 Nolite
1473 5134 1722 5203 judicare
1755 5133 2041 5186 secundum

468 5226 679 5291 faciem,
711 5230 803 5280 sed
824 5226 1031 5296 justum
1056 5226 1315 5292 iudicium
1344 5225 1606 5295 judicate.
1635 5222 1900 5291 Quoniam
1944 5236 2041 5276 au-

473 5327 578 5371 tem
596 5318 675 5372 sic
690 5317 899 5373 locutus
912 5327 994 5371 est
1012 5316 1267 5372 Dominus
1288 5325 1503 5385 propter
1524 5316 1856 5371 curationem
1879 5328 2039 5385 para-

2149 5123 2522 5193 περιτέμνετε
2565 5123 2901 5192 ἄνθρωπον.
2945 5127 3017 5178 Ei
3061 5124 3390 5194 περιτομὴν
3439 5125 3724 5194 λαμϐάνει

2146 5218 2457 5285 ἅνθρωπος
2509 5217 2581 5271 ἐν
2633 5216 2932 5285 Σαϐϐάτῳ,
2970 5218 3073 5271 ἵνα
3123 5219 3211 5288 μὴ
3256 5216 3418 5286 λυθῇ
3463 5220 3496 5273 ὁ
3539 5219 3727 5287 νόμος·

2147 5308 2464 5373 Μωῠσέως,
2491 5307 2620 5379 ἐμοὶ
2659 5307 2897 5378 χολᾶτε,
2930 5309 3020 5362 ὅτι
3056 5308 3204 5364 ὅλον
3235 5309 3549 5379 ἄνθρωπον
3585 5304 3724 5379 ὑγιῆ

537 5454 585 5489 ⁸⁸
606 5452 765 5510 Joan.
793 5468 889 5520 vn,
912 5412 1025 5509 i6.'
1075 5453 1122 5486 ”
1144 5447 1166 5503 ι
1191 5451 1318 5507 Cor.
1347 5468 1407 5516 ιι,
1436 5454 1527 5506 ll.
1596 5452 1643 5484 "
1674 5450 1834 5507 Joan.
1876 5467 1973 5514 vn,
2010 5451 2032 5504 i

2196 5450 2240 5482 θ’
2282 5447 2298 5501 1
2334 5446 2463 5501 Cor.
2499 5463 2560 5513 ιι,
2589 5448 2676 5502 11.

545 5592 660 5661 (22)
698 5591 1140 5661 Mesopentecoste
1174 5587 1490 5661 solemnitas
1512 5597 1614 5650 est.
1652 5603 1771 5656 quia!
1801 5602 1899 5656 per
1929 5588 2044 5643 dies

471 5673 596 5715 octo
621 5656 1010 5723 celebratur,et
1032 5656 1222 5724 incipit
1240 5658 1306 5710 ab
1327 5656 1673 5728 bebdomadm
1692 5668 1900 5728 quarta:
1926 5667 2047 5725 post

474 5730 683 5785 Pascha
744 5731 876 5784 feria
917 5734 1213 5797 quarta,et
1236 5727 1435 5781 desinit
1472 5729 1524 5784 in
1565 5727 1755 5784 feriam
1795 5736 2045 5797 quartam

475 5802 679 5874 quinta:
710 5800 1077 5856 bcbdomadaz.
1128 5796 1417 5852 Sotcsnus.

2225 5588 2339 5657 (Ξὸ)
2380 5585 2541 5640 Forte
2568 5587 2673 5641 hoc
2709 5601 2944 5648 comma,
2973 5588 3113 5649 quod
3148 5585 3224 5657 τῷ
3274 5586 3512 5657 Filioque
3543 5600 3720 5657 prore:

2153 5653 2423 5726 dit'prima
2459 5656 2595 5711 facie
2623 5657 2902 5726 adversari
2936 5657 3170 5719 videtur,
3194 5653 3387 5711 edituri
3417 5653 3724 5726 blosduensi

2154 5724 2426 5798 persuasit
2458 5736 2510 5798 ut
2531 5727 2635 5798 hoc
2666 5724 3028 5798 fragtnentmn
3059 5742 3104 5780 ε-
3144 5727 3407 5798 tenebris,
3444 5728 3497 5781 in
3527 5724 3728 5797 quibus

2154 5796 2260 5852 non
2294 5796 2563 5851 immerito
2602 5796 2840 5866 iacebat,
2868 5805 3106 5853 erucrct.
3143 5796 3324 5869 Enn._
