4092 6386
242 329 329 380 121
1372 331 1627 388 ORATIO
1664 332 1731 387 lN
1771 329 2481 389 MESOPENTECOS’I‘EN.
2568 352 2575 353 ί

3440 335 3543 391 liii).

250 441 499 506 ἐποίησα
547 438 624 493 ἐν
674 442 1023 511 Σαϐϐάτῳς
1078 444 1176 513 Μὴ
1235 447 1467 514 κρίνετε
1522 451 1651 502 κατ’
1693 448 1856 518 ὄψιν,

1964 449 2133 520 Iytici,
2176 447 2391 504 Judaeos
2421 463 2487 502 ex
2530 448 2641 514 ipsa
2673 448 2791 518 lege
2842 449 2975 520 legis
3017 448 3432 516 trangrcssionis
3459 466 3548 503 ar-

259 530 539 597 mazhr
562 530 824 586 δικαίαν
855 536 1077 604 κρίσιν
1110 537 1365 604 κρίνατε.
1397 538 1516 591 Ὅτι
1547 539 1604 592 δὲ
1639 539 1727 594 διὰ
1756 539 1854 609 τὴν

265 622 353 678 τοῦ
371 620 680 692 τοαραλύτου
698 621 1021 692 θεραπείαν
1037 627 1066 678 ὁ
1082 625 1280 694 Κύριος
1295 628 1419 690 τοὺς
1435 626 1622 694 λόγους
1636 628 1855 693 τούτους

281 717 598 786 προσήκατο,
640 715 709 767 ἐκ
757 713 861 767 τοῦ
913 715 1088 786 νόμου
1122 717 1333 780 δεικνὺς
1378 720 1575 783 αὐτοὺς
1615 721 1854 790 ιτιιιιρανό⁸

286 817 433 871 μους,
461 800 604 866 λέγει
657 798 803 870 πρὸς
843 800 1073 866 αὐτοὺς,
1104 801 1284 867 καθὼς
1327 803 1550 873 ἤκουες·
1589 807 1661 859 El
1697 820 1858 874 περι-

292 893 475 961 τομὴν
506 890 790 961 ,λαμϐάνει
834 892 1150 962 ἄνθρωπος
1193 894 1264 947 ἐν
1309 896 1612 961 Σαϐϐάτῳ,
1656 898 1751 951 καὶ
1797 899 1857 950 ὲν

300 984 549 1054 Σαϐϐάτῳ
584 983 980 1054 περιτέμνεται
1028 984 1252 1057 βρέφος,
1290 985 1379 1038 ἴνα
1421 986 1494 1056 μὴ
1542 987 1798 1060 ἀκυρωθῇ
1829 989 1858 1040 6

306 1076 619 1145 ὀκταήμερος
660 1074 848 1146 νόμος,
879 1076 1031 1146 νόμῳ
1063 1076 1224 1147 νόμον
1265 1076 1659 1147 ἀνατρέποντες
1700 1079 1857 1149 ὑμεῖς

307 1167 616 1237 ἀνατρέπετε
658 1167 749 1220 τὸν
791 1168 978 1238 νόμον,
1019 1168 1113 1223 καὶ
1153 1167 1282 1238 ἐμοὶ
1311 1167 1549 1237 χολᾶτε,
1590 1168 1680 1223 ὅτι
1711 1169 1859 1224 ὅλον

303 1257 597 1326 ἄνθρωπον
634 1257 774 1327 ὐτιῆ
818 1259 1077 1326 ἐποίησα
1115 1259 1185 1313 ἐν
1222 1259 1516 1327 Σαϐϐάτῳ.
1551 1261 1650 1331 οὑχ
1700 1261 1857 1334 ἱδρώ-

300 1362 425 1411 σας,
468 1344 602 1399 ἀλλὰ
660 1347 1189 1417 θαυματουργήσαςι
1237 1347 1325 1401 Ἐν
1376 1348 1638 1420 Σαϐϐάτῳ
1670 1351 1730 1404 οὑ
1780 1351 1861 1404 δεῖ

292 1436 649 1506 ἐργάζεσθαι,
716 1437 854 1491 ἀλλὰ
915 1440 1123 1501 πάντας
1180 1439 1413 1511 ἀεργοὺς
1478 1437 1638 1497 εἶναι.
1700 1442 1858 1507 Τίνος

288 1529 477 1581 ἕνεκεν
510 1528 640 1599 παρ’
666 1529 815 1600 ὑμῖν,
847 1529 1110 1593 Ἰουδαῖοι,
1130 1530 1266 1601 γυνὴ
1295 1532 1352 1585 ὲν
1372 1530 1634 1603 Σαϐϐάτῳ
1659 1533 1856 1597 τίκτει,

285 1606 545 1690 καὶμαῖα
576 1620 904 1691 θορυϐεῖται,
936 1621 1031 1673 καὶ
1069 1621 1357 1694 σπάργανα
1387 1624 1723 1690 τινάσσεται,
1764 1625 1858 1679 καὶ

280 1711 449 1780 φύσις
480 1710 836 1783 καθαίρεται,
886 1713 980 1765 καὶ
1024 1711 1157 1784 θήλη
1212 1714 1349 1786 πρὸς
1391 1714 1859 1787 γαλακτοτροφίαν

1962 556 2152 610 gucns,
2182 540 2317 594 dicit
2341 538 2464 604 illis,
2497 541 2637 593 sicut
2664 541 2913 594 audivisti
2952 557 2968 598 :
3005 538 3063 594 Si
3099 541 3549 623 circumcisionqu

1961 628 2150 695 accipit
2185 631 2339 684 homo
2377 631 2431 684 in
2475 629 2734 692 Sabbato,
2768 640 2823 684 et
2858 632 2908 683 in
2947 630 3183 685 Sabbato
3214 633 3555 685 circumcidi»

1964 729 2053 774 tur
2109 718 2307 787 infans,
2355 732 2425 773 ne
2485 719 2574 773 lex
2610 720 2784 774 octavi
2816 721 2918 775 diei
2970 722 3302 790 antiquetur,
3336 738 3450 787 vos,
3476 723 3554 776 le-

1963 826 2083 881 gem
2115 825 2275 864 unam
2333 809 2509 863 altera
2564 809 2679 880 lege
2721 809 3120 875 subvertentes,
3160 820 3323 865 totam
3379 811 3548 881 legem

1963 902 2296 967 Subvertitis,
2337 911 2391 955 et
2440 903 2568 956 mihi
2606 903 2982 972 indignemini,
3015 902 3144 971 quia
3188 912 3352 955 totum
3377 903 3550 956 homi-

1965 1009 2082 1047 nem
2122 992 2320 1047 salvum
2354 991 2456 1062 feci
2485 994 2540 1046 in
2572 991 2804 1048 Sabbato
2826 1033 2842 1059 ,
2879 1009 2982 1047 non
3014 993 3288 1056 laborans,
3319 994 3411 1048 sed
3442 1008 3555 1047 om-

1965 1087 2315 1157 nipotentiam
2341 1088 2629 1143 exercens!
2658 1087 2715 1142 ln
2743 1088 2983 1143 Sabbato
3021 1089 3232 1157 quidem
3263 1088 3391 1142 nulli
3426 1086 3554 1142 licet

1964 1180 2197 1248 operari,
2231 1179 2326 1235 sed
2372 1193 2564 1235 omnes
2621 1179 2826 1234 otiosos
2861 1193 2985 1234 esse
3039 1179 3356 1232 mandatum
3402 1187 3486 1232 est
3532 1196 3547 1231 :

1964 1285 2136 1339 quare
2169 1270 2354 1340 igitur,
2385 1272 2551 1325 etiam
2615 1270 2757 1325 inter
2804 1284 2922 1334 vos,
2955 1285 2989 1323 o
3028 1267 3219 1336 Judaei,
3251 1268 3444 1323 mulier
3495 1267 3549 1322 in

1965 1360 2203 1415 Sabbato
2239 1361 2399 1430 parit,
2427 1359 2690 1415 obstetrix
2733 1369 2945 1424 aestuat,
2981 1374 3294 1429 pannosqne
3320 1359 3549 1425 excutit,

1963 1460 2259 1521 purgantur
2319 1452 2550 1515 viscera,
2615 1453 2684 1505 ad
2750 1450 3098 1507 iactationem
3159 1465 3411 1504 mamma:
3453 1465 3552 1519 pa-

1965 1537 2183 1590 rantur!
2223 1536 2369 1591 Parit
2422 1539 2475 1591 in
2504 1537 2741 1593 Sabbato
2790 1539 3004 1605 mulier,
3036 1539 3205 1594 vincit
3241 1529 3431 1593 natura
3483 1539 3556 1591 le-

1972 1642 2116 1697 gem,
2150 1628 2289 1682 Deus
2320 1638 2502 1683 autem
2523 1630 2967 1699 omnipotentiam
2987 1645 3139 1685 suam
3160 1645 3415 1686 exercere
3444 1646 3561 1686 non‘

1966 1719 2170 1786 potest!
2208 1720 2302 1774 Dic
2335 1720 2506 1785 mihi;
2561 1722 2615 1775 in
2656 1720 2897 1776 Saltbato
2920 1722 3327 1776 circumciditur
3367 1721 3549 1791 homp,

280 1801 703 1869 εὖτρεπίζεται;
736 1803 876 1874 Γυνὴ
914 1803 1116 1867 τίκτει,
1164 1805 1258 1858 καὶ
1295 1804 1457 1876 φύσις
1497 1807 1660 1875 νόμου
1703 1824 1858 1879 περι-

1964 1823 2025 1861 ne
2055 1806 2292 1862 solvatur
2326 1808 2436 1874 lex,
2475 1824 2682 1880 vosque
2706 1810 2833 1865 mihi
2879 1810 3252 1879 indignamini,
3295 1811 3421 1881 quia
3472 1821 3553 1866 to-

280 1892 519 1960 γξνεται,
568 1894 663 1946 καὶ
711 1892 840 1957 Θεὸς
874 1894 935 1947 οὑ
985 1893 1419 1967 θαυματουργεῖ;
1455 1895 1594 1950 Εἰπέ
1642 1914 1764 1968 μοι,
1799 1898 1859 1951 ἐν

282 1983 554 2056 Σαϐϐάτῳ
601 1984 982 2057 περιτέμνεται
1026 1987 1338 2057 ἄνθρωπος,
1389 1990 1479 2043 ἵνα
1531 1989 1606 2061 μὴ
1659 1990 1792 2063 λυθῇ
1830 1993 1859 2045 6

281 2077 471 2147 νόμος,
497 2078 625 2147 ἐμοὶ
650 2078 841 2147 χολᾶτε
869 2080 950 2132 ὅτι
981 2078 1103 2132 ὅλον
1142 2079 1424 2151 ἄνθρωπον
1455 2080 1585 2151 ὑγιῆ
1627 2082 1860 2154 ἐποίησα

282 2170 342 2221 ὲν
392 2169 698 2240 Σαϐϐάτῳ;
746 2170 841 2239 Μὴ
886 2171 1118 2238 κρίνετε
1161 2172 1289 2226 κατ’
1331 2170 1494 2242 ὄψιν,
1542 2174 1703 2233 ἀλλὰ
1746 2175 1861 2244 τὴν

284 2260 528 2312 δικαίαν
575 2260 776 2328 κρίσιν
824 2260 1082 2328 κρίνατε.
1132 2261 1512 2332 Καταδέχομαι
1563 2263 1652 2333 ὑφ’
1704 2265 1860 2336 ὑμῶν

284 2352 396 2404 τῶν
440 2351 654 2423 ἐχθρῶν
699 2351 1031 2417 δικάζεσθαι,
1074 2352 1250 2421 ὅπως,
1292 2357 1349 2406 ὲν
1377 2348 1421 2424 ᾧ
1463 2355 1691 2427 κρίματι
1735 2357 1858 2427 κρί-

284 2458 432 2505 νετε,
478 2441 827 2513 κριθήσεσθε.
860 2438 972 2505 ⁸Τίς
1008 2441 1122 2495 λύει
1152 2443 1212 2496 τὸ
1259 2444 1570 2499 Σάϐϐατονσ
1616 2447 1776 2517 ὑμεῖς
1807 2449 1858 2501 οἱ

283 2536 344 2587 ἐν
384 2534 463 2604 τῷ
502 2535 763 2604 Σαϐϐάτῳ
801 2534 1234 2607 περιτέμνοντες,
1262 2536 1355 2590 καὶ
1385 2536 1533 2606 ξίφος
1559 2537 1857 2604 ὀξύνοντες,

281 2627 384 2679 καὶ
429 2627 603 2697 τομὴν
644 2627 967 2695 ἐπάγοντες,
1014 2629 1108 2681 καὶ
1156 2628 1313 2698 μέλος
1359 2629 1718 2699 χωρίζοντες,
1767 2632 1861 2684 καὶ

279 2717 381 2769 τὸν
438 2718 601 2770 τόπον
651 2720 931 2788 αἱμάττειν
988 2720 1536 2790 παρασκευάζοντες,
1589 2722 1622 2794 ἢ
1670 2721 1781 2791 ἐγὼ
1831 2725 1860 2777 6

283 2807 528 2878 εἰρηκὼς
550 2809 711 2879 λόγῳ,
744 2810 1026 2879 Ἐγερθεὶς
1053 2804 1200 2879 ἆρον
1224 2811 1331 2865 τὸν
1360 2811 1692 2880 κράϐϐατόν
1719 2829 1859 2877 σου,

282 2901 385 2953 καὶ
422 2901 613 2970 ὕπαγε
644 2904 731 2968 εὶς
751 2901 859 2957 τὸν
889 2900 1055 2958 οἶκόν
1090 2920 1205 2959 σου
1218 2923 1237 2971 ;
1265 2905 1327 2958 Εἰ
1371 2905 1448 2977 μὴ
1492 2907 1794 2978 ἐνήργησεν
1830 2908 1861 2961 6

282 2993 462 3062 λόγος,
505 2993 673 3047 ἔλυσα
712 2991 804 3047 οὖν
852 2996 911 3048 τὸ
963 2995 1240 3051 Σάϐϐατον
1298 2998 1736 3069 ματαιολογήσας
1758 3015 1773 3029 ο
1810 3001 1860 3053 εί

285 3085 344 3139 δὲ
382 3086 694 3157 προέδραμε
734 3088 825 3140 τὸν
868 3088 1024 3156 λόγον
1070 3090 1131 3144 τὸ
1172 3089 1353 3162 ἔργον,
1389 3091 1441 3145 τί
1471 3091 1533 3144 τὸ
1584 3092 1861 3146 Σάϐϐατον

1961 1907 2073 1953 tum
2106 1899 2378 1954 hominem
2417 1901 2626 1955 salvum
2678 1899 2780 1955 feci
2831 1900 2883 1954 in
2929 1898 3201 1955 Saltbato?
3246 1902 3421 1956 Nolite
3452 1900 3563 1970 ju-A

1959 1993 2136 2045 dicare
2175 1991 2459 2044 secundum
2496 1992 2719 2059 faciem,
2769 1991 2861 2045 sed
2897 1991 3106 2060 justum
3152 1991 3420 2061 judicium
3454 1992 3554 2061 ju-

1959 2081 2151 2135 dicate.
2183 2081 2228 2134 A
2254 2080 2408 2135 vobis
2440 2081 2673 2136 inimicis
2715 2080 2945 2149 iudicari
2979 2081 3241 2145 sustineo,
3274 2092 3333 2134 ut
3360 2084 3550 2151 inquo

1954 2170 2159 2239 judicio
2183 2170 2466 2241 iudicatis,
2494 2173 2592 2242 ipsi
2623 2181 2809 2243 postea
2832 2172 3174 2241 judicemini.
3208 2174 3338 2240 Quis
3381 2174 3554 2228 solvit

1962 2260 2253 2316 Sabbatum
2277 2303 2293 2328 ,
2337 2278 2453 2327 vos,
2514 2263 2602 2331 qui
2638 2264 2688 2317 in
2726 2263 2965 2318 Sabbato
2995 2264 3403 2332 circumciditis,
3433 2265 3551 2335 gla-

1960 2354 2104 2408 dium
2139 2365 2412 2416 acuentes,
2442 2356 2737 2411 sectionem
2785 2355 3074 2420 facientes.
3111 2357 3412 2411 membrum
3444 2358 3538 2411 ab-

1959 2445 2289 2510 scindentes,
2335 2448 2615 2516 sanguinis
2661 2445 2981 2502 etrusionem
3037 2459 3426 2516 provocantes;
3470 2447 3552 2502 vel

1966 2552 2090 2607 ego,
2123 2537 2215 2606 qui
2241 2552 2374 2591 voce
2407 2547 2614 2591 tantum
2641 2538 2919 2600 usus,dixi
2954 2554 2969 2591 :
3000 2536 3147 2592 ’I'olle
3170 2539 3355 2592 lectum
3379 2552 3551 2607 tuum,

1959 2643 2004 2682 et
2040 2628 2167 2683 vade
2191 2628 2244 2681 in
2273 2630 2486 2682 domum
2534 2629 2724 2681 tuam?
2780 2628 2837 2682 Si
2881 2642 3064 2683 sermo
3107 2626 3302 2683 effectu
3354 2631 3552 2693 caruit,

1960 2720 2093 2775 solvi
2149 2719 2465 2785 Sabbatum,
2529 2722 2947 2791 vaniloquentia:
3006 2736 3188 2776 reus:
3261 2720 3308 2776 si
3370 2733 3554 2776 autem

1961 2814 2125 2868 verbo
2174 2814 2524 2884 prmcucnrrit
2560 2829 2716 2883 opus,
2763 2824 2823 2869 ut
2853 2814 2982 2885 quid
3036 2815 3334 2869 Sabbatum
3393 2814 3551 2883 quasi

1964 2905 2226 2959 violatum
2253 2904 2598 2973 ulciscimini,
2627 2917 2680 2961 et
2700 2908 3011 2963 Creatorem
3031 2907 3327 2977 spernitis?
3358 2905 3549 2962 Nonne

1960 2994 2091 3048 satis
2119 2994 2270 3048 vobis
2305 2994 2405 3047 fuit
2440 3010 2536 3065 per
2586 2997 2807 3066 triginta
2868 3006 2994 3053 octo
3038 3013 3211 3052 annos
3248 2997 3434 3052 videre
3460 3012 3552 3067 pa-

1968 3085 2256 3155 ralyticutn
2288 3085 2427 3140 lecto
2461 3084 2699 3153 aﬂixum,
2737 3088 3021 3158 ipsumque
3073 3090 3271 3143 lectum
3318 3089 3555 3157 pondere

291 3176 577 3239 ὲκδικείτε,
611 3178 707 3230 καὶ
733 3177 823 3230 τὸν
866 3160 1216 3251 Δημιουργὸνή
1244 3179 1526 3247 ἀθετεῖτε;
1575 3183 1691 3236 Οὑκ
1736 3183 1859 3236 ἐκο-

1965 3176 2337 3243 laborantem,
2395 3178 2522 3232 dum
2568 3178 2848 3249 paralytici
2903 3194 3121 3249 corpus,
3157 3180 3409 3233 diurnum
3459 3195 3554 3233 no-

299 3267 541 3337 ρὲσθητε,
568 3263 614 3320 ὦ
653 3267 918 3323 Ἰουδαίων
952 3272 1159 3334 παῖδες,
1182 3271 1274 3324 ἐπὶ
1300 3272 1742 3342 τριακονταοκτὼ
1767 3272 1862 3344 ἔτη

1967 3281 2323 3342 cturnumque
2367 3288 2525 3338 onus,
2561 3272 2826 3327 sustinet?
2854 3272 2968 3326 Hoc
3021 3271 3387 3339 spectaculum
3436 3270 3561 3327 nul»

298 3360 520 3430 ὁρῶντες
546 3360 638 3412 τὸν
682 3361 988 3431 παράλυτον
1016 3364 1083 3434 τῇ
1124 3361 1278 3436 κλίνῃ
1305 3363 1746 3435 προσηλωμένον,
1771 3365 1859 3419 καὶ

1967 3362 2075 3417 lam
2102 3364 2261 3418 vobis
2279 3363 2720 3432 indignationem,
2745 3362 2948 3416 nullam
2975 3362 3404 3430 compassionem
3436 3376 3553 3414 mo-

298 3450 389 3519 τὴν
430 3452 616 3522 κλίνην
671 3452 999 3523 κάμνουσαν,
1042 3454 1138 3508 καὶ
1180 3455 1270 3508 τὸν
1308 3455 1636 3527 παράλυτονν
1666 3455 1864 3527 νυχθή-

302 3557 457 3611 μερον
475 3543 714 3612 φορτίον,
747 3543 1146 3613 βαστάζουσαν;
1177 3546 1288 3599 Οὑκ
1311 3547 1761 3618 ήγανακτήσατες
1801 3548 1861 3599 οὑ

301 3630 730 3702 συνεπαθήσατε;
761 3634 854 3685 καὶ
876 3633 961 3686 ἵνα
989 3633 1114 3704 μίαν
1137 3632 1284 3705 ὥραν
1303 3636 1331 3686 ὁ
1352 3635 1659 3706 παράλυτος
1679 3636 1863 3706 κλίνην

300 3722 558 3797 βιστάσῃ,
576 3724 671 3777 καὶ
694 3726 792 3797 τὴν
808 3726 1152 3797 ἀντιμισθίαν
1173 3727 1449 3799 παράσχῃ,
1475 3729 1860 3796 ἀγανακτεῖτε;

298 3818 404 3868 υύκ
432 3816 536 3869 ἔδει
565 3817 659 3869 καὶ
694 3817 866 3888 τούτῳ
898 3816 1110 3890 βοῆσαι,
1141 3820 1476 3888 Ἕστρεψας
1507 3819 1621 3888 τὴν
1646 3821 1864 3888 κλίνην

294 3923 406 3972 μου
429 3907 498 3959 ἐν
522 3905 596 3974 τῇ
623 3908 923 3975 ἁρῤωστίᾳ
947 3925 1100 3977 μου;
1132 3903 1282 3972 Οἶδα,
1314 3903 1358 3961 ὦ
1382 3910 1687 3981 Φαρισαῖοι,
1717 3908 1861 3974 τίνος

294 3998 448 4067 χάριν
478 4000 865 4065 ἀγανακτεῖτε·
889 4000 987 4070 οὑχ
1020 4001 1100 4053 ὅτι
1134 4000 1473 4074 ἐθεραπεύθη
1495 4001 1522 4054 6
1558 4001 1861 4073 παράλυτος

294 4088 627 4157 διαπρίεσθε,
655 4090 767 4144 ἀλλ’
796 4093 875 4145 ὅτι
901 4093 1000 4145 οὐκ
1027 4091 1277 4161 ἰσχύσατε
1297 4094 1394 4165 τὴν
1418 4093 1605 4163 κλίνην
1627 4093 1858 4165 κρύψαι·

292 4179 382 4234 διὰ
408 4182 586 4247 105:0,
615 4182 713 4253 τὴν
741 4182 965 4254 γνώμην
1000 4182 1154 4253 ὑμῶν
1196 4184 1578 4255 ἐπιστάμενος,
1602 4184 1865 4239 ἐκέλευσα

298 4270 582 4341 βαστάζειν
611 4273 774 4327 αὑτὸν
808 4273 905 4345 τὴν
936 4273 1147 4345 κλίνην,
1191 4274 1295 4339 ἵνα,
1314 4274 1427 4335 ,κᾶν
1465 4275 1624 4345 ὑμεῖς
1655 4277 1864 4346 σιωπή.

300 4382 448 4435 σητε,
492 4368 527 4436 ή
581 4366 736 4435 κλίνη
783 4365 844 4419 τὸ
874 4365 1059 4437 θαῦμα
1112 4366 1304 4441 βοήσῃ.
1339 4367 1404 4420 Τί
1460 4366 1774 4434 διστάζετε,
1817 4363 1863 4423 ὦ

295 4457 603 4527 Φαρισαῖοις
659 4457 774 4509 Οὑκ
819 4455 966 4510 ἐστιν
1008 4458 1037 4510 6
1104 4458 1408 4527 παράλυτος
1464 4461 1860 4530 παρείσακτος,

295 4549 386 4601 οὑκ
423 4548 575 4601 ἐστιν
621 4547 1008 4619 ὀλιγοχρόνιος,
1054 4549 1347 4619 γνωρίζετε
1386 4542 1547 4603 αὑτὸν
1589 4550 1856 4615 ἅπαντες·

296 4639 725 4711 τριακονταοκτὼ
762 4638 856 4711 ἐτη
908 4642 976 4712 τῇ
1032 4638 1384 4712 κολυμϐήθρᾳ
1428 4643 1494 4712 τῇ
1555 4644 1687 4714 παρ’
1730 4643 1859 4715 ὑμῖν

300 4732 703 4801 πρεσίτευσεν.
753 4732 866 4785 Οὐκ
913 4731 1070 4803 ἔχετε
1131 4731 1327 4802 λέγειν,
1366 4733 1442 4798 ὡς
1496 4735 1591 4788 ἐπὶ
1633 4734 1730 4788 τοῦ
1789 4736 1856 4789 ὲκ

299 4824 508 4894 γενετῆς
554 4821 788 4891 τυφλοῦ,
822 4815 989 4886 Οὗτός
1024 4824 1191 4886 ὲστιν,
1235 4825 1457 4897 ’Όμοιος
1498 4826 1648 4898 αὑτῷ
1688 4830 1855 4896 ἐστιν,

300 4914 389 4967 οὑκ
427 4916 577 4968 ἔστιν
624 4909 797 4979 οὗτος.
854 4915 919 4967 El
964 4913 1041 4986 μὴ
1088 4914 1317 4985 ἥττησεν
1367 4917 1509 4987 ὑμᾶς
1558 4919 1588 4971 6
1629 4917 1855 4986 τυφλὸς,

304 5007 387 5059 καὶ
422 5008 611 5060 τοῦτον
654 5009 993 5079 κρατήσατε,
1032 5008 1128 5060 καὶ
1186 5011 1266 5072 εἰς
1306 5008 1655 5081 δικαστήριον
1700 5010 1857 5064 ἐλκύς

308 5112 453 5160 σατε,
500 5099 652 5161 ὅπως
696 5099 786 5152 δια
836 5098 1061 5151 πάντων
1105 5098 1365 5171 αἰσχύνης
1411 5099 1858 5174 πληρωθήσεσθε.

307 5188 391 5254 Μὴ
430 5191 659 5257 κρίνετε
689 5190 815 5244 κατ’
845 5190 1011 5260 ὄψιν,
1040 5189 1199 5244 ἀλλὰ
1242 5189 1358 5260 τὴν
1385 5190 1624 5245 δικαίαν
1659 5192 1862 5263 κρίσιν

306 5281 546 5345 κρίνατε.

363 5480 487 5544 Καὶ,
530 5481 574 5534 εί
605 5483 779 5551 δοκεῖ,
826 5483 918 5538 διὰ
956 5482 1203 5554 βραχέων
1244 5484 1329 5536 ἐπ’
1374 5482 1541 5554 αὑτὴν
1571 5482 1668 5554 τὴν
1704 5499 1859 5555 περι-

297 5573 420 5643 οχὴν
456 5575 548 5628 τοῦ
591 5578 912 5651 παραλύτου
963 5574 1389 5648 ἀναδράμωμεν,
1424 5575 1514 5630 διὰ
1540 5574 1600 5629 τὸ
1639 5576 1731 5630 καὶ
1767 5575 1859 5631 τὸν

360 5770 399 5804 ⁸⁸
423 5773 552 5837 Psal.
582 5796 670 5849 η,
703 5781 757 5836 4.
840 5778 888 5812 ⁸ο
920 5776 1083 5831 Joan.
1121 5792 1191 5841 ιι,
1215 5776 1267 5843 8,
1298 5776 1352 5833 9.

1965 3453 2044 3505 vit
2074 3471 2087 3507 :
2123 3467 2267 3508 nunc
2296 3462 2474 3507 autem
2521 3451 2873 3523 paralyticum
2907 3450 2988 3505 vel
3022 3465 3182 3504 unam
3233 3450 3422 3504 horam
3472 3451 3553 3504 le-

1964 3554 2110 3599 ctum
2139 3558 2296 3599 suum
2354 3543 2710 3614 bajulantem,
2748 3543 3080 3612 dignumque
3120 3544 3382 3597 benelicio
3415 3556 3555 3610 opus

1965 3645 2333 3706 prtestantem,
2361 3651 2467 3691 non
2503 3637 2624 3691 sine
2676 3636 3043 3705 indignatione
3074 3635 3258 3689 videre
3315 3637 3550 3689 sustine-

1967 3725 2065 3780 tis?
2098 3724 2284 3781 Notme
2311 3737 2364 3781 et
2404 3726 2492 3781 ille
2521 3726 2758 3782 clamare
2794 3728 2981 3782 debuit
3009 3746 3023 3782 :
3071 3725 3303 3782 Versasti
3328 3738 3550 3781 stratum

1964 3833 2139 3872 meum
2172 3819 2229 3872 in
2254 3817 2571 3886 inﬁrmitate
2605 3834 2720 3871 mea
2758 3818 2839 3872 9‘?
2878 3817 3139 3889 Equidem
3172 3819 3317 3884 novi,
3346 3833 3379 3873 0
3409 3818 3551 3873 Pha-

1967 3908 2136 3973 risaei,
2174 3922 2334 3977 quam
2363 3909 2434 3963 ob
2464 3923 2683 3963 causam
2724 3907 3120 3979 in'dignamini:
3160 3924 3264 3963 non
3305 3910 3424 3964 ideo
3453 3926 3550 3963 an-

1966 3998 2304 4068 gustiamini,
2340 4000 2485 4068 quod
2519 4013 2741 4054 sanatus
2773 4010 2856 4055 est
2902 3999 3248 4071 paralyticus,
3275 3999 3371 4054 sed
3422 4000 3547 4069 quia

1965 4090 2160 4144 lectum
2213 4090 2332 4161 ejus
2402 4090 2677 4146 occultare
2733 4107 2841 4146 non
2910 4093 3167 4162 possibile
3208 4093 3361 4147 vobis
3417 4091 3551 4156 fuit,

1971 4190 2256 4251 propterea
2299 4197 2421 4252 ego,
2469 4184 2849 4252 cogitationem
2908 4193 3144 4238 vestram
3198 4184 3549 4254 perSpiciens,

1976 4275 2052 4329 illi
2086 4274 2287 4329 lectum
2312 4290 2469 4330 suum
2502 4274 2693 4328 tollere
2721 4275 2970 4345 praacepi,
2998 4288 3078 4338 ut,
3108 4275 3270 4327 etiam
3298 4274 3450 4328 vobis
3475 4285 3552 4328 ta-

1966 4367 2236 4433 centibus,
2271 4367 2383 4437 ipse
2412 4366 2584 4421 lectus
2615 4366 2940 4421 miraculum
2967 4366 3347 4436 proclamaret.
3373 4366 3554 4431 Quare

1969 4458 2254 4524 dubitatis,
2292 4474 2325 4513 o
2358 4458 2657 4513 Pharisaei?
2691 4457 2806 4512 Non
2842 4457 3213 4512 fraudulenter
3250 4459 3355 4513 huc
3382 4458 3552 4512 adduc

1971 4560 2091 4606 ctus
2125 4561 2211 4606 est
2239 4551 2597 4621 paralyticus,
2630 4565 2739 4604 non
2770 4565 2962 4605 recens
3014 4550 3333 4614 inﬁrmitas;
3380 4551 3555 4605 nostis

1963 4656 2085 4697 cum
2132 4657 2343 4708 Omnes,
2370 4643 2585 4711 triginta
2613 4653 2738 4695 octo
2761 4641 2961 4696 abhinc
2988 4642 3168 4708 annis,
3198 4657 3365 4712 pr0pe
3385 4642 3548 4712 pisci-

1963 4748 2085 4788 nam
2114 4743 2350 4789 vestram
2377 4748 2444 4788 ex
2467 4742 2684 4804 erogata
2714 4733 2855 4801 stipe
2876 4735 3164 4789 viventem.
3220 4734 3293 4789 De
3318 4736 3418 4788 hoc
3445 4749 3549 4788 non

1964 4826 2207 4895 potesus,
2226 4825 2439 4879 sicutde
2450 4838 2635 4880 caacoa
2660 4824 2957 4889 nativitate,
2986 4826 3039 4879 in
3059 4825 3237 4880 varias
3259 4827 3554 4891 sententias

1963 4918 2132 4984 abire,
2158 4920 2396 4974 dicentes
2421 4936 2436 4972 :
2472 4917 2570 4972 Hic
2588 4926 2690 4981 est,
2716 4917 2811 4970 Est
2838 4918 3032 4988 aliquis
3076 4918 3153 4973 illi
3187 4919 3401 4983 similis,
3427 4917 3548 4973 Non

1963 5022 2048 5064 est
2070 5011 2173 5065 .ltic
2210 5011 2277 5063 9’.
2309 5009 2459 5076 Quod
2490 5010 2591 5064 sia
2622 5026 2763 5065 caeco
2794 5011 2883 5065 illo
2915 5027 3020 5066 non
3052 5011 3191 5065 victa
3229 5013 3549 5067 estaudacia

1971 5110 2176 5167 vestra,
2209 5110 2264 5156 et
2294 5101 2437 5156 hunc
2468 5102 2825 5173 paralyticnm
2855 5111 3051 5170 tenete,
3082 5104 3151 5158 ad
3179 5103 3412 5158 tribunal
3440 5113 3550 5156 tra-

1969 5190 2103 5257 hite,
2133 5201 2191 5244 ut
2220 5192 2270 5245 in
2308 5192 2558 5248 omnibus
2586 5193 2822 5247 abundet
2859 5194 3151 5262 ignominia
3184 5204 3384 5248 vestra.
3434 5192 3550 5247 No-

1964 5281 2055 5336 lite
2076 5283 2318 5350 judicare
2365 5285 2654 5338 secundum
2693 5285 2906 5355 faciem,
2935 5286 3027 5341 sed
3050 5286 3257 5355 justum
3279 5285 3545 5355 judicium

1953 5372 2216 5443 judicate.

2034 5484 2140 5542 Sed
2170 5487 2374 5556 paucis,
2419 5489 2463 5543 si
2492 5488 2686 5558 placet,
2719 5492 2996 5563 paralytici
3045 5494 3329 5549 historiam
3357 5500 3535 5546 retra-

1966 5585 2202 5649 ctemus,
2229 5580 2494 5651 siquidem
2534 5582 2649 5652 ipse
2673 5584 2934 5641 Dominus
2958 5585 3101 5640 illam
3134 5585 3407 5641 memoria:
3432 5594 3543 5637 tra-
