4092 6390
593 352 696 408 12ἶῐ

1552 353 1610 408 S.
1665 351 2108 409 AMPlllLOCHlI
2152 347 2536 406 lCONlENSlS
2577 339 2932 406 EPISCOPlc

3738 341 3833 398 19's

589 472 747 528 didit.
769 471 937 538 Quem
962 473 1103 526 enim
1132 471 1452 526 memoravit
1473 469 1754 538 Dominus,
1782 471 2052 538 quomodo
2076 482 2172 523 nos

2274 465 2479 536 Κύριον
2526 460 3014 534 ἀπομνημονεῦσαι
3069 455 3163 510 τοῦ
3227 453 3570 526 παραλύτου·
3625 455 3671 506 εί
3728 454 3826 521 γὰρ

593 562 810 616 silentio
849 563 1124 629 pneterire
1167 562 1486 632 possumus?
1510 562 1616 614 Aut
1643 561 1767 630 quis
1800 561 2027 614 miretur
2075 575 2172 612 nos

595 652 861 706 mirabilia
919 652 1126 705 Domini
1174 651 1466 706 enarrare?
1528 649 1774 704 Prazsens
1827 650 1972 703 enim
2015 647 2172 702 festi-

593 745 733 797 vitas
761 743 965 797 Domini
992 754 1104 809 est;
1140 744 1403 798 mediator
1439 753 1522 796 est
1556 743 1837 805 Dominus,
1875 741 2050 796 media
2087 749 2172 795 est

593 831 860 887 festivitas
888 849 901 885 :
941 849 1103 902 porro
1125 835 1268 903 quod
1299 843 1381 888 est
1411 834 1670 898 medium,
1706 833 1774 886 ab
1807 833 2170 888 extremitati-

597 925 696 979 bus
730 924 1126 979 ﬁrmamentum
1166 927 1381 994 accipit,
1423 923 1656 994 ideoque
1684 940 1922 993 praesens
1957 924 2168 978 festivi-

597 1025 682 1070 tas
725 1016 990 1086 duplicem
1036 1016 1471 1072 Resurrectionis
1499 1020 1725 1086 gratiam
1771 1019 1979 1071 obtinet
2011 1033 2024 1068 :
2053 1032 2167 1070 me-

595 1106 744 1158 dium
775 1109 915 1158 enim
953 1106 1130 1161 locum
1181 1115 1370 1161 tenens
1412 1107 1556 1161 inter
1591 1105 2061 1162 Resurrectionem
2111 1117 2170 1163 et

596 1197 979 1262 l'entecosten,
1064 1199 1532 1252 Resurrectionem
1605 1210 1903 1262 memorat,
1975 1199 2166 1252 Pente-

595 1300 779 1342 costen
833 1289 1100 1357 iudigilat,
1137 1289 1521 1342 Ascensionem
1560 1292 1713 1357 quasi
1767 1289 1890 1343 tuba
1923 1305 2171 1356 praenun-

597 1379 716 1433 tiat.
745 1379 931 1444 Qualia
963 1381 1070 1434 sint
1099 1379 1260 1448 igitur
1289 1394 1407 1447 quas
1439 1380 1504 1434 de
1553 1381 1845 1450 paralytico
1879 1395 2166 1449 exponun-

602 1479 710 1534 tur’,
742 1471 935 1529 discite
961 1486 1078 1534 vos,
1110 1471 1258 1525 verbi
1295 1472 1458 1524 divini
1493 1473 1875 1540 negotiatores,
1901 1483 1959 1526 ut
2006 1473 2166 1541 spiri-

601 1562 824 1615 tualium
875 1563 1139 1616 bonorum
1201 1563 1520 1616 thesaurum
1568 1562 1942 1616 lucrifaciatis.
2013 1565 2171 1618 Certe

597 1655 854 1708 memoria
911 1665 1058 1707 tenes
1123 1654 1282 1707 verba
1337 1653 1678 1724 evangelista:
1717 1652 1990 1706 dicentis:
2040 1653 2168 1707 Post

596 1749 708 1797 Itan:
751 1754 860 1797 erat
913 1743 1076 1812 {estus
1116 1744 1224 1796 dies
1265 1742 1596 1806 Juda'orum,
1631 1751 1678 1794 et
1733 1743 1966 1794 ascendit
2009 1739 2168 1794 Jesus

2269 557 2297 609 6
2349 556 2550 626 Κύριος
2603 553 2770 608 αὑτοῦ
2833 550 3237 622 ἐμνημόνευσε,
3290 546 3407 609 πῶς
3455 546 3613 616 ἡμεῖς
3677 544 3834 612 λήθην

2269 645 2654 714 ποιησώμεΘα;
2690 643 2824 695 Τότε
2869 641 2950 703 τίς
3001 639 3306 710 Θαυμάςει,
3342 639 3430 690 ὅτε
3470 636 3536 688 τὰ
3588 635 3678 688 τοῦ
3730 637 3836 688 litt-

2273 737 2388 806 ρίου
2445 736 2699 805 Θαύματα
2751 733 3055 802 διηγεῖται;
3109 730 3216 783 Τοῦ
3262 730 3372 800 γάρ
3421 729 3625 798 Κυρίου
3675 726 3763 778 καὶ
3798 726 3830 792 ἡ

2268 826 2519 899 παροῦσα
2548 828 2708 897 ἑορτή
2730 842 2744 856 ⁸
2781 826 3006 896 μεσίτης
3029 826 3058 876 6
3092 823 3316 892 Κύριος,
3351 821 3490 892 μέση
3540 821 3632 873 καὶ
3661 821 3692 888 ἡ
3727 822 3832 889 ἐορ-

2266 921 2366 990 τή·
2404 920 2490 972 ἀεὶ
2543 919 2598 970 δὲ
2650 917 2711 970 τὸ
2748 917 2914 986 μέσον
2951 919 3064 977 τοῖς
3109 917 3299 985 ἄκροις
3346 912 3709 982 ὴσφάλισται·
3754 915 3832 970 διὰ

2267 1010 2425 1063 τοῦτο
2454 1011 2549 1062 καὶ
2578 1011 2611 1079 ἡ
2647 1008 2896 1078 παροῦσα
2922 1008 3084 1078 ἑορτὴ
3116 1005 3310 1075 διπλῆν
3341 1006 3441 1074 τῆς
3475 1005 3833 1069 Ἀναστάσεως

2267 1104 2367 1172 τὴν
2396 1104 2556 1174 χάριν
2586 1102 2873 1171 κέκτηται.
2911 1100 3044 1152 ’Υπὺ
3073 1098 3180 1171 γάρ
3205 1099 3305 1168 τῆς
3338 1097 3710 1158 Ἀναστάσεως
3750 1097 3834 1150 καὶ

2267 1195 2368 1262 τῆς
2418 1193 2796 1264 Πεντηκοστῆς
2855 1190 3334 1263 μεσολαὸουμὲνη,
3382 1187 3480 1258 τὴν
3523 1188 3837 1241 Ἀνάστασιν

2270 1286 2544 1351 ὑπέδειξε,
2611 1285 2710 1353 τὴν
2787 1282 3170 1354 ΙΙεντηκοστὴν
3231 1278 3700 1345 δακτυλοδεικτεῖ,
3744 1281 3840 1349 τὴν

2282 1376 2578 1447 Ἀνάληψιν
2612 1375 2882 1439 σαλπίζει.
2912 1375 3006 1438 Τίς
3052 1370 3146 1426 οὖν
3187 1374 3221 1444 ἡ
3253 1372 3506 1443 παροῦσα
3534 1371 3629 1424 τοῦ
3673 1389 3835 1443 παρα-

2269 1470 2428 1522 λύτου
2457 1468 2829 1539 πραγματεία,
2863 1467 3190 1537 γνωρίσατε,
3223 1466 3273 1516 oi
3306 1465 3400 1518 τοῦ
3443 1463 3603 1531 λόγου
3649 1465 3834 1534 φιλὲμ-

2271 1579 2449 1636 ποροι,
2477 1561 2624 1624 ὅπως
2660 1559 2749 1612 διὰ
2781 1559 2996 1612 πάντων
3026 1559 3125 1629 τῆς
3166 1557 3544 1628 πνευματικῆς
3585 1555 3839 1626 ὡφελείας

2269 1653 2367 1722 τὴν
2409 1651 2644 1721 ὲνϐήκην
2697 1649 3082 1721 καρπώσησθε.
3137 1648 3327 1719 Φέρεις
3377 1651 3597 1719 μνήμην
3637 1647 3837 1709 πάντως

2270 1742 2364 1794 τοῦ
2413 1741 2804 1808 εὐαγγελιστοῦ
2848 1740 3096 1793 Ἰωάννου
3149 1739 3410 1809 βοῶντοςο
3455 1740 3620 1792 Μετὰ
3667 1736 3838 1790 ταῦτα

594 1833 1002 1904 Jerosoiymam.
1049 1833 1183 1888 Erat
1235 1846 1408 1888 autem
1438 1831 1782 1901 Jerosolymis
1824 1833 2028 1900 piscina
2052 1849 2168 1901 gnte

2274 1831 2344 1904 ἦν
2381 1835 2418 1902 ἠ
2454 1833 2628 1900 ἑορτὴ
2670 1832 2786 1886 τῶν
2831 1832 3145 1895 Ἰουδαίων,
3193 1831 3291 1884 καὶ
3335 1829 3517 1897 ἀνέϐη
3555 1833 3587 1883 ό
3622 1829 3838 1894 Ἰησοῦς

593 1927 991 1996 cognominatur
1024 1924 1279 1979 chraice
1309 1924 1626 1988 Bethsaida,
1676 1923 1900 1991 quinque
1936 1924 2167 1990 porticm

594 2019 807 2072 habens.
848 2016 914 2070 In
951 2017 1032 2070 his
1074 2017 1285 2085 jacebat
1337 2017 1622 2068 multitudo
1677 2030 1866 2081 magna
1915 2013 2168 2082 languen-

594 2109 746 2174 tium,
776 2124 1052 2170 caecorum,
1104 2108 1434 2169 claudorum,
1480 2106 1788 2168 aridorum;
1839 2115 1947 2156 erat
1995 2113 2169 2156 autem

592 2201 809 2267 quidam
835 2200 990 2252 homo
1037 2198 1106 2252 ibi
1135 2199 1350 2267 triginta
1375 2209 1422 2250 et
1449 2206 1564 2250 octo
1590 2213 1753 2250 annos
1780 2197 1973 2250 habens
2001 2197 2054 2249 in
2086 2180 2197 2249 in;

594 2291 841 2356 ﬁrmitate
872 2306 986 2342 sua.
1026 2287 1178 2341 Hunc
1223 2304 1340 2340 cum
1383 2287 1595 2340 vidisset
1637 2284 1792 2338 Jesus
1825 2286 1939 2355 (qui
1988 2285 2168 2339 munia

596 2382 746 2436 novit
797 2383 1104 2450 priusquam
1165 2379 1360 2450 ﬁant),
1417 2386 1467 2432 et
1515 2379 1830 2448 cognovisset
1882 2380 2006 2447 quia
2051 2380 2170 2448 jam

597 2472 817 2525 multum
869 2483 1066 2542 tempus
1107 2473 1337 2536 haberet,
1377 2470 1504 2524 dicit
1553 2473 1643 2524 ei:
1682 2469 1774 2524 Vis
1815 2487 1976 2524 sanus
2015 2470 2172 2538 ﬁeri?

598 2564 643 2616 υ
667 2561 1000 2614 curationem
1032 2561 1243 2614 Domini
1273 2563 1340 2614 ab
1367 2563 1513 2615 omni
1552 2576 1684 2614 vana
1713 2561 1881 2631 gloria
1905 2561 2167 2615 alienam!

597 2649 716 2703 Non
745 2659 1018 2718 exspectat
1042 2651 1436 2704 invocationem
1470 2661 1816 2721 aegrotorum,
1853 2652 1945 2706 sed
1965 2663 2170 2706 semet-

599 2742 715 2810 ipse
762 2741 1127 2796 laborantibus
1192 2742 1410 2795 obvium
1461 2744 1704 2811 praebere
1758 2743 2168 2799 festinatzcum

595 2833 742 2887 enim
790 2833 871 2887 sol
909 2834 1129 2902 iustitia:
1173 2834 1264 2897 sit,
1293 2835 1475 2890 radios
1538 2834 1904 2890 beneﬁcentiae
1941 2852 2054 2892 suae
2089 2854 2174 2891 su-

596 2937 693 2992 per
727 2939 912 2978 omnes
943 2924 1047 2978 late
1091 2924 1338 2979 effundit.
1377 2927 1534 2990 Erat,
1574 2927 1770 2994 inquit,
1808 2927 2170 2998 Jerosolgmis,

529 3011 533 3016 ’
595 3016 667 3070 ad
728 3026 933 3086 portam
982 3015 1343 3080 Probaticam,
1379 3019 1580 3084 piscina
1628 3034 1744 3087 qua:
1773 3021 2174 3088 cognominatur

599 3106 855 3161 Hebraice
881 3107 1184 3174 Bethsaida,
1223 3109 1451 3178 quinque
1474 3111 1708 3178 porticus
1743 3111 1954 3164 habens.
1991 3110 2058 3164 In
2092 3113 2172 3165 his

589 3199 798 3268 iacebat
851 3201 1132 3253 multitudo
1194 3216 1386 3271 magna
1447 3199 1830 3270 languentium,
1891 3218 2168 3267 carcerum,

595 3290 926 3357 claudorum,
954 3292 1246 3349 aridorum.
1280 3292 1551 3346 Alluditur
1593 3291 1661 3346 ad
1696 3292 2031 3362 spiritualem
2073 3293 2171 3348 Ju-

597 3383 833 3436 dseormn
868 3383 1256 3438 inﬁrmitatem.
1294 3383 1544 3452 Quinque
1577 3391 1704 3438 sunt
1746 3399 1970 3438 numero
2004 3385 2174 3454 porti-

597 3487 694 3528 cus
717 3474 1058 3529 multitudine
1085 3475 1422 3529 inﬁrmorum
1459 3475 1711 3542 repleta;
1744 3476 1984 3546 quinque
2030 3478 2172 3531 enim

599 3565 848 3619 sensibus
904 3564 1114 3618 laborat
1165 3564 1390 3633 populus
1436 3562 1716 3628 Iudaicus,
1751 3565 1904 3630 .visu,
1949 3563 2172 3627 olfactu,

599 3665 780 3725 gustu,
830 3655 1036 3719 auditu,
1097 3665 1288 3709 tactu:
1326 3655 1426 3709 hos
1463 3669 1650 3710 omnes
1693 3669 1886 3710 sensus
1931 3657 2176 3710 inﬁrmos

606 3749 874 3803 habebant
903 3747 1211 3803 Judasorum
1249 3746 1367 3800 ﬁlii.
1405 3744 1520 3799 Non
1552 3761 1743 3800 sanum
1780 3747 2050 3801 habebant
2099 3748 2177 3800 vi-

603 3857 748 3909 sum,
785 3840 1050 3910 siquidem
1079 3841 1338 3894 miracula
1390 3839 1657 3903 videntes,
1697 3838 1830 3893 nihil
1872 3841 2175 3904 curabant;

601 3949 712 3989 non
777 3931 1162 3988 beneﬁciorum
1230 3945 1522 3985 memorem
1588 3940 1843 3996 gustum,
1908 3932 2176 4002 siquidem

605 4039 801 4079 manna
833 4023 1220 4078 manducantes
1245 4036 1592 4078 cucumerum
1615 4023 1885 4083 desiderio
1917 4027 2178 4079 teneban-

604 4118 765 4183 tur‘;
796 4132 900 4171 non
952 4115 1223 4170 sincerum
1268 4115 1548 4180 olfactum,
1587 4115 1853 4185 siquidem
1904 4128 2179 4187 unguento

604 4208 888 4264 Dominico
902 4205 1484 4262 diabolicuml‘mtorem
1514 4207 1928 4278 praaponebant;
1960 4225 2064 4265 non
2082 4226 2181 4281 pu-

605 4315 727 4354 rum
753 4300 1020 4362 auditum,
1053 4299 1320 4369 siquidem
1352 4300 1602 4356 draconis
1641 4300 1834 4356 inferni
1869 4301 2042 4357 sibilis
2086 4317 2181 4370 po-

605 4393 710 4447 tius
737 4407 897 4463 quam
935 4391 1183 4460 gloriosis
1207 4392 1594 4462 prophetarum
1635 4393 1860 4447 vocibus
1890 4409 1950 4449 se
1979 4394 2181 4449 dociles

2269 1929 2353 1990 sic
2393 1925 2796 1993 Ἰεροσόλυμα.
2821 1919 2940 1978 Ἦν
2997 1923 3066 1975 δὲ
3114 1923 3185 1976 ἐν
3240 1922 3365 1986 τοῖς
3415 1921 3836 1990 Ἰεροσολύμοις

2271 2017 2653 2086 κολυμϐήθρα
2701 2018 2738 2086 ἡ
2784 2015 3174 2086 ἐπιλεγομένη
3210 2015 3499 2082 Ἐϐραϊστὶ
3558 2012 3834 2079 Βηθεσδὰ,

2271 2110 2450 2163 πέντε
2508 2109 2697 2174 στοὰς
2759 2109 3012 2176 ἔχουσα.
3067 2108 3172 2160 Ἐν
3237 2107 3480 2170 ταύταις
3550 2105 3839 2158 κατέκειτο

2271 2201 2501 2266 πλῆθος
2537 2201 2696 2254 πολὺ
2749 2198 2868 2254 τῶν
2920 2200 3364 2260 ἀσθενούντων,
3416 2196 3684 2266 τυφλῶν,
3733 2213 3836 2264 χω-

2269 2293 2416 2355 λῶν,
2471 2291 2692 2360 ξηρῶν.
2735 2287 2854 2346 Ἦν
2895 2289 2962 2342 δέ
3012 2307 3101 2356 τις
3151 2289 3461 2356 ἅνθρωπος
3523 2287 3649 2340 ἐκεῖ
3692 2285 3838 2354 τριά-

2271 2402 2454 2437 κοντα
2487 2383 2586 2436 καὶ
2626 2381 2778 2436 ὀκτὼ
2817 2381 2922 2449 ἔτη
2943 2381 3188 2450 ἐχωνὲν
3212 2379 3287 2448 τῇ
3319 2380 3606 2445 ἀσθενείᾳ
3645 2377 3835 2432 αὑτοῦ.

2278 2475 2496 2529 Τοῦτον
2535 2473 2676 2528 ἰδὼν
2717 2477 2750 2527 ό
2785 2472 3046 2540 Ἰησοῦς,
3093 2472 3142 2541 (6
3162 2471 3232 2524 τὰ
3278 2471 3456 2525 πάντα
3514 2471 3670 2534 εἰδὼς
3725 2469 3840 2541 πρὶν

2272 2566 2535 2634 γενέσεως
2552 2564 2780 2631 αὐτῶν),
2818 2564 2916 2617 καὶ
2951 2563 3156 2632 γνοὺς,
3203 2561 3294 2615 ὅτι
3336 2561 3540 2615 πολὺν
3574 2561 3689 2626 ἤδη
3720 2557 3842 2628 χρό-

2272 2675 2383 2710 νον
2412 2655 2537 2724 ἔχει
2555 2696 2570 2720 ,
2599 2655 2760 2724 λέγει
2790 2652 2970 2718 αὐτῷ,
3004 2652 3207 2717 Θέλεις
3244 2651 3420 2720 ὑγιὴς
3453 2650 3759 2720 γενέσθαι;
3786 2648 3842 2699 Ὦ

2272 2748 2370 2818 τῆς
2410 2746 2504 2801 τοῦ
2550 2746 2755 2817 Κυρίου
2798 2745 3114 2810 ἀκενοδόξου
3159 2743 3484 2815 θεραπείαςι
3534 2744 3649 2796 Οὐκ
3701 2739 3840 2793 ἐκδέ-

2273 2859 2425 2912 χεται
2493 2838 2913 2910 παρακληθῆναι
2978 2837 3084 2888 ὑπὸ
3143 2835 3254 2888 τῶν
3312 2833 3638 2908 ἀρρώστων,
3694 2832 3842 2892 αὐτὸς

2273 2931 2480 3000 ἐπείγει
2524 2930 2715 2984 ἑαυτὸν
2760 2929 2895 2999 πρὸς
2927 2928 3055 2991 τοὺς
3079 2927 3417 2996 πάσχοντας·
3451 2926 3607 2994 ἥλιος
3633 2923 3737 2994 γὰρ
3777 2924 3845 2975 ὢν

2272 3022 2639 3092 δικαιοσύνης,
2666 3022 2757 3075 ἐπὶ
2785 3021 2993 3083 πάντας
3019 3019 3180 3072 ἁπλοῖ
3206 3020 3303 3081 τὰς
3333 3020 3560 3080 ἀκτῖνας
3580 3017 3676 3087 τῆς
3707 3016 3846 3084 εὐερ-

2199 3153 2242 3210 C
2273 3115 2481 3185 γεσίας.
2519 3111 2640 3170 Ἦν
2692 3113 2761 3166 δὲ
2817 3114 2886 3166 ἐν
2938 3111 3065 3175 τοῖς
3111 3110 3589 3178 Ἰεροσολύμοις,
3635 3107 3729 3161 ἐπὶ
3779 3105 3848 3210 τᾷ

2277 3206 2632 3276 Προϐατικῇ,
2654 3206 3040 3275 κολυμϐήθρα
3071 3204 3110 3270 ἠ
3145 3202 3542 3272 ἐπιλεγομένη
3573 3199 3844 3270 Ἐϐραϊστὶ

2271 3299 2569 3368 Βηθεσδὰ,
2610 3299 2790 3352 πέντε
2829 3298 3016 3362 στοὰς
3052 3295 3307 3365 ἔχουσα·
3353 3296 3422 3348 ὲν
3453 3297 3701 3359 ταύταις
3723 3307 3845 3346 κατ-

2271 3391 2462 3447 έκειτο
2489 3390 2724 3460 πλῆθος
2763 3389 2923 3444 πολὺ
2959 3387 3078 3442 τῶν
3104 3388 3553 3449 ἀσθενούντων,
3595 3382 3844 3452 τυφλῶν,

2273 3481 2504 3551 χωλῶν,
2548 3478 2769 3548 ξηρῶν.
2803 3477 3081 3549 Σύμϐολον
3113 3478 3272 3530 τοῦτο
3302 3475 3405 3545 τῆς
3449 3474 3744 3542 Ἰουδαϊκῆς
3765 3471 3848 3524 ἀὲ-

2279 3574 2532 3645 ρωστίας,
2569 3573 2626 3626 αι
2655 3573 2813 3626 πέντε
2872 3571 3048 3634 στοαὶ,
3079 3569 3282 3633 αἵτινες
3317 3567 3725 3640 ὲπεπληροῦντο
3761 3566 3852 3634 ἀρ-

2277 3663 2519 3734 ρώστων.
2563 3663 2674 3718 Καὶ
2715 3665 2824 3732 γὰρ
2865 3664 3144 3734 άρῤωστεῖ
3187 3664 3215 3714 6
3259 3660 3552 3723 Ἰουδαῖκδς
3600 3659 3726 3721 λαὸς
3765 3654 3845 3709 διὰ

2275 3755 2384 3808 τῶν
2429 3756 2592 3808 πέντε
2644 3754 2972 3824 αἰσθήσεων,
3017 3754 3295 3823 ὁράσεως,
3333 3751 3692 3820 ὀσφρήσεως,
3735 3745 3850 3815 γεύσ

2280 3863 2437 3910 σεως,
2479 3846 2672 3916 ἀκοῆς,
2705 3845 2872 3914 ἁφῆς,
2907 3844 2974 3896 δι’
3008 3845 3265 3896 ἁπάντων
3300 3841 3621 3913 ἠρρώστουν
3649 3841 3697 3895 οἱ
3735 3840 3850 3892 ’1ου-

2277 3936 2442 3990 δαίων
2471 3936 2678 3999 παῖδες.
2709 3937 2824 3988 Οὐκ
2853 3930 2999 4005 εἶχον
3027 3934 3268 4004 καθαρὸν
3295 3933 3596 4004 ὀφθαλμὸν,
3627 3931 3848 4003 ὁρῶντες

2277 4030 2346 4082 τὰ
2384 4029 2639 4100 θαύματα
2671 4027 2766 4082 καὶ
2803 4027 3192 4098 παρορῶντεςο
3225 4025 3324 4078 οὐκ
3367 4020 3512 4095 εἶχον
3538 4023 3730 4094 ¹γεῦσιν
3768 4021 3849 4074 εὑ·

2281 4122 2559 4192 χάριστον,
2613 4121 2789 4191 μάννα
2863 4118 3171 4190 τρώγοντες
3229 4117 3326 4172 καὶ
3384 4116 3618 4179 συκεοῦς
3676 4113 3851 4182 ἐπιζη-

2279 4213 2527 4277 τοῦντεςο
2561 4213 2661 4266 οὐκ
2707 4207 2852 4282 εἶχον
2886 4211 3156 4281 ὄσφρησιν
3190 4209 3481 4282 εἰλικρινῆ.
3521 4207 3618 4262 τοῦ
3665 4211 3851 4260 Δεσπο-

2279 4305 2432 4359 τικοῦ
2465 4305 2634 4374 μύρου
2661 4304 2759 4373 τὴν
2789 4301 3100 4372 διαϐολικὴν
3125 4301 3390 4355 δυσωδίαν
3420 4301 3811 4370 προκρίναντες
3832 4311 3847 4323 ⁸

2281 4398 2382 4450 οὐκ
2426 4391 2571 4465 εἶχον
2619 4393 2788 4464 ἀκοὴν
2847 4391 3117 4462 καθαράν,
3161 4392 3271 4444 τῶν
3322 4390 3718 4462 δρακοντιαίων
3766 4403 3851 4438 συ-

605 4482 982 4550 pmbuerunt;
1043 4495 1146 4535 non
1203 4481 1386 4535 utilem
1444 4490 1668 4546 tactum,
1721 4482 1986 4552 siquidem
2040 4485 2174 4539 idola

2288 4485 2588 4559 ρισμάτων,
2626 4483 2721 4536 καὶ
2757 4482 2818 4534 ού
2855 4479 3211 4552 προφητικῶν
3248 4479 3646 4550 καυχημάτων,
3683 4473 3853 4529 πειθὼ

604 4573 754 4641 quasi
791 4573 919 4627 deos
961 4571 1217 4637 colentes,
1254 4572 1420 4626 Deum
1464 4572 1734 4627 viventem
1775 4583 2174 4641 contempsere.

607 4664 984 4717 Verumtamen
1003 4663 1274 4725 Christus,
1305 4679 1559 4720 sensuum
1595 4664 1910 4730 fabricator,
1937 4674 1992 4719 et
2020 4681 2178 4719 crea-

606 4767 846 4808 tnrarum
877 4756 1143 4821 conditor,
1168 4770 1552 4823 corporearum
1587 4755 1824 4812 simulet
1851 4756 2179 4811 voluntaria-

607 4860 726 4898 rum
769 4845 1143 4899 inﬁrmitatum
1195 4847 1530 4900 sanationem
1579 4847 1849 4914 praestitit.
1902 4846 1996 4901 Ille
2032 4849 2176 4901 enim

606 4936 934 5008 paralyticus
975 4937 1172 5005 duplici
1215 4935 1426 5005 ﬂagello
1479 4938 1785 5007 vapulabat,
1833 4953 2029 5008 corpus
2074 4939 2176 4993 hac

605 5029 742 5083 bens
777 5029 964 5084 morbo
1018 5028 1272 5092 solutum,
1305 5031 1650 5098 animamque
1683 5033 1920 5099 peccatis
1963 5031 2177 5084 mutila-

609 5129 751 5183 tam;
783 5119 1011 5188 ideoque
1034 5121 1336 5184 Dominus,
1362 5122 1455 5189 qui
1483 5122 1728 5190 corporis
1760 5131 1816 5178 et
1840 5123 2033 5178 animae
2061 5139 2176 5177 me-

608 5213 762 5264 dicus
788 5212 1103 5278 exsistebat,
1133 5227 1332 5281 corpus
1361 5213 1560 5278 ﬁrmat,
1595 5215 1846 5282 spiritum
1873 5215 2175 5282 illuminat;

607 5303 820 5371 corpori
859 5303 1074 5369 lectum,
1116 5306 1310 5359 anima:
1338 5310 1525 5376 jugum
1556 5309 1771 5363 virtutis
1815 5309 2006 5364 tollere
2037 5324 2178 5378 pne-

609 5394 758 5462 cipit.
784 5394 920 5460 Quid
957 5397 1140 5450 enim?
1179 5395 1378 5454 Videns
1426 5399 1682 5454 Dominus
1732 5401 1879 5453 illum
1917 5402 2175 5471 paralyti-

611 5502 756 5554 cutn,
783 5489 917 5544 dicit
943 5490 1052 5554 illi,
1071 5492 1213 5558 quod
1244 5491 1394 5546 scitis
1427 5507 1617 5547 omnes
1649 5510 1663 5546 :
1701 5491 1793 5547 Vis
1825 5509 1987 5547 sanus
2024 5495 2184 5562 ﬁeri?

613 5569 712 5629 llic
752 5588 930 5632 autem
982 5577 1289 5636 Judanorum
1356 5581 1452 5636 ﬁlii
1515 5583 1738 5638 Domino
1787 5584 2216 5653 obloquuntur,.

692 5775 708 5806 ⁸
737 5774 894 5830 Num.
915 5791 985 5840 si,

2283 4593 2461 4649 μενοι·
2509 4577 2608 4629 οὐκ
2661 4569 2810 4645 εἶχον
2851 4572 2950 4642 τὴν
2999 4571 3142 4642 ἁφὴν
3203 4572 3626 4642 συνεργητικὴν,
3671 4565 3852 4621 εἴδωλα

2280 4667 2677 4736 Θεολογοῦντες.
2715 4665 2810 4717 καὶ
2844 4663 2941 4717 τοῦ
2976 4664 3178 4729 ζῶντος
3209 4661 3343 4716 Θεοῦ
3376 4660 3850 4734 καταφρονοῦντες.

2293 4761 2436 4813 Ἀλλ’
2468 4761 2617 4830 ὅμως
2643 4758 2995 4828 ἐπιδημήσας
3020 4760 3088 4828 τῇ
3121 4756 3370 4827 ὲνσάρκῳ
3399 4755 3562 4808 αὐτοῦ
3597 4751 3854 4824 παρουσία

2279 4854 2307 4905 ὁ
2337 4851 2615 4920 Δεσπότης
2651 4848 2906 4919 Χριστὸς,
2945 4850 2974 4900 6
3006 4847 3101 4900 καὶ
3131 4846 3240 4899 τῶν
3280 4846 3588 4917 αἰσθήσεων
3639 4840 3854 4912 ποιητὴς

2283 4942 2378 4996 καὶ
2413 4940 2521 4994 τῶν
2555 4941 2870 5010 κτισμάτων
2907 4939 3270 5009 δημιουργὸς,
3305 4941 3361 4991 ὲν
3398 4937 3583 5006 ταυτῷ
3633 4935 3724 4988 καὶ
3754 4930 3855 4984 τῶν

2286 5032 2612 5102 σωματικῶν
2691 5029 2879 5084 παθῶν
2929 5029 3029 5082 καὶ
3075 5028 3182 5081 τῶν
3237 5025 3638 5099 προαιρετικῶν
3705 5037 3855 5074 πται-

2286 5122 2508 5191 σμάτων
2550 5121 2648 5192 τὴν
2679 5120 2964 5192 διόρθωσιν
3004 5121 3314 5190 ἐποιήσατο.
3346 5112 3514 5180 Οὗτος
3543 5116 3652 5186 γὰρ
3683 5117 3710 5168 6
3738 5127 3856 5182 προ-

2285 5214 2533 5284 κείμενος
2559 5212 2870 5284 παράλυτος
2898 5212 3092 5281 διπλῆν
3133 5211 3432 5280 ἐπεφέρετο
3455 5209 3552 5280 τὴν
3587 5208 3816 5276 μάστιγα
3837 5217 3849 5228 ·

2285 5304 2363 5372 τῷ
2399 5305 2497 5373 μὲν
2554 5303 2786 5376 σώματι,
2819 5304 2960 5374 νόσῳ
2992 5302 3251 5364 διελύετο,
3285 5303 3382 5373 τὴν
3429 5301 3486 5354 δὲ
3522 5298 3698 5369 ψυχὴν
3740 5294 3851 5352 ταῖς

2290 5396 2584 5468 ἁμαρτίαις
2631 5397 2961 5467 ὲξήρθρωτο.
2991 5395 3082 5448 Διὸ
3124 5395 3218 5449 καὶ
3267 5398 3295 5448 6
3340 5393 3578 5464 Κύριος,
3623 5390 3697 5452 ὡς
3750 5384 3849 5438 τῶν

2290 5489 2562 5560 ἑκατέρων
2600 5489 2799 5558 ἰατρὸς,
2832 5489 2926 5541 καὶ
2976 5488 3037 5540 τὸ
3085 5487 3248 5557 σῶμα
3301 5485 3614 5555 συσφίγγει,
3650 5481 3744 5534 καὶ
3796 5474 3851 5526 τὺ

2291 5579 2507 5649 πνεῦμα
2555 5577 2807 5649 φωτίζει,
2852 5578 2948 5632 καὶ⁹
2991 5575 3068 5650 τῷ
3105 5577 3202 5648 μὲν
3257 5575 3470 5647 σώματι
3529 5573 3628 5644 τὴν
3673 5566 3851 5635 κλίνηι¹
