4092 6392
201 347 270 404 1‘25
1283 364 1532 420 ORATIO
1571 363 1643 420 ΙΝ
1675 361 2380 424 MESOPENTECOSTEN.

3375 367 3482 424 126

203 469 339 537 ἱέρεεν
364 468 658 536 ἐκέλευσεν
685 478 766 546 τῇ
802 476 870 531 δὲ
923 480 1094 551 ψυχῇ
1138 481 1236 552 τὴν
1275 483 1468 554 ἀρετὴν
1514 482 1792 552 βαστάζειν

1900 485 2141 540 dicentes
2186 505 2200 540 :
2233 488 2289 540 Si
2343 486 2484 539 Deus
2516 494 2659 539 esset
2691 483 2962 548 Christus,
3005 499 3135 537 num
3174 483 3479 554 interr-oga-

207 566 441 634 ἐπέτρεπε.
479 566 551 617 Τί
590 567 748 639 γάρ;
788 570 936 624 ἰδὼν
967 575 997 624 ὀ
1033 573 1238 644 Κύριος
1276 573 1460 626 τοῦτον
1487 574 1577 626 τὸν
1618 575 1792 644 παρά-

208 651 347 719 λντον,
373 654 476 725 ἐςρη
511 656 658 726 πρὸς
701 658 916 721 αὐτὸν,
961 662 1158 726 καθὼς
1202 663 1378 716 οἴδατε
1414 665 1644 727 πάντες,
1687 665 1794 718 Θέο

219 751 317 814 λεις
356 746 517 816 ὑγιὴς
551 748 896 816 γενέσθαι;
943 753 1090 804 Ἀλλ’
1123 754 1353 808 ἐνταῦθα
1398 754 1791 826 ἐπιλαμϐάνον-

232 858 306 893 ται
347 841 392 893 o't
421 839 688 893 Ἰουδαίων
765 843 976 906 παῖδες
1034 843 1115 914 τῷ
1168 845 1353 914 Κυρίῳ
1411 845 1692 913 λέγοντες·
1728 840 1792 900 Εἰ

249 935 355 997 Θεδς
385 929 446 1003 ἣν
469 933 495 984 6
515 933 754 1003 Χριστὸς
773 973 790 996 ,
826 934 955 997 πῶς
1009 933 1271 1005 ἐπηρώτα
1313 937 1406 988 τὸν
1459 918 1789 1008 παράλυτον,

254 1025 425 1090 Θέλεις
449 1023 600 1091 ὑγιὴς
641 1023 979 1092 τει·ἐσοαι;
1010 1026 1088 1096 Τῇ
1136 1026 1274 1096 νόσῳ
1314 1027 1607 1098 συνείχετο,
1639 1030 1795 1099 τριά-

251 1134 396 1170 κοντα
428 1116 508 1168 καὶ
541 1114 684 1167 ὀκτὼ
711 1115 813 1188 ἐτη
863 1112 1010 1186 εἶχεν
1049 1119 1108 1169 ἐν
1151 1121 1216 1188 τῇ
1257 1119 1562 1190 ἀρρωστίᾳ,
1606 1124 1671 1189 τῇ
1709 1137 1794 1173 κο-

248 1208 500 1279 λυμεηθρᾳ
547 1208 889 1280 παρέμενεν,
930 1208 1020 1262 ἵνα
1062 1207 1124 1261 τὸ
1172 1208 1344 1272 πάθος
1394 1210 1788 1282 ἀποῤῥίψηται,

240 1302 326 1352 καὶ
378 1301 616 1369 ἐπερωτᾷ
683 1299 900 1363 τοῦτον,
973 1299 1174 1365 Θέλεις
1235 1299 1412 1368 ὑγιὴς
1480 1301 1790 1370 τενέσθαω

231 1393 388 1453 Heio;
417 1391 542 1452 Θεὸς
568 1393 596 1443 6
635 1391 895 1461 ἐρωτῶν;
951 1390 1212 1444 Ἐνταῦθα
1257 1393 1286 1443 6
1325 1391 1528 1463 Κύριος
1575 1394 1674 1462 οὐχ
1714 1394 1790 1458 ὡς

223 1483 423 1549 ἀγνοιῖιν
464 1485 738 1554 ἐπερωτᾷ,
774 1483 889 1537 ἀλλ’
913 1483 988 1546 ὡς
1014 1483 1101 1535 διὰ
1139 1484 1354 1537 πάντων
1381 1485 1479 1555 τὴν
1507 1485 1790 1554 διόρθωσιν

217 1574 536 1644 χαρίσασθαι
595 1576 942 1646 βουλόμενος.
993 1577 1054 1628 Εἰ
1102 1575 1196 1628 τοῦ
1247 1575 1499 1647 σώματος
1547 1579 1710 1649 μόνου
1754 1580 1786 1649 ή

213 1667 462 1719 ἀσθένεια
506 1663 597 1737 ἦν,
625 1669 728 1720 οὐκ
761 1666 828 1720 ἂν
858 1667 1041 1736 ἔλεγεν
1077 1671 1105 1720 6
1149 1670 1350 1738 Κύριος
1381 1671 1515 1740 πρὸς
1556 1671 1646 1724 τὸν
1691 1689 1789 1724 πα-

218 1758 462 1827 ράλυτον,
503 1759 715 1825 Θέλεις
749 1758 921 1828 ὑγιὴς
962 1758 1270 1828 τενέσθαι;
1303 1760 1478 1827 εἰδὼς,
1508 1763 1588 1815 ὅτι
1621 1763 1784 1827 θέλει,

1883 586 1978 630 -ret
2016 576 2394 646 paralyticum,
2442 573 2535 627 Vis
2572 590 2731 627 sanus
2765 573 2926 640 ﬁeri?
2965 573 3152 626 Morbo
3195 576 3478 627 tenebatur

1894 666 2001 730 ille,
2053 666 2268 735 triginta
2305 674 2359 720 et
2403 674 2527 719 octo
2585 679 2755 717 annos
2799 664 3033 717 habebat
3065 664 3118 716 in
3153 663 3476 717 inﬁrmitate

1893 768 2008 817 sua,
2058 756 2123 808 ad
2153 755 2414 822 piscinam
2446 767 2786 822 permanens,
2815 761 2872 804 ut
2904 753 3238 806 curationem
3267 753 3476 820 accipe-

1892 857 1994 911 ret;
2011 855 2065 898 et
2081 846 2373 916 interrogat
2387 845 2558 911 illum,
2584 843 2675 897 Via
2691 860 2850 897 sanus
2867 843 2982 910 ﬁeri
2999 844 3023 896 ?
3039 843 3222 908 Qualis
3237 852 3321 897 est
3339 845 3477 896 Dens

1893 937 1992 990 iste
2023 937 2420 1006 interrogator?
2454 936 2571 990 Non
2600 935 2756 1005 quasi
2790 935 2990 1004 aliquid
3031 935 3277 988 nesciens
3319 950 3477 1002 para-

1891 1029 2110 1099 lyticum
2137 1031 2438 1098 interrogat
2465 1028 2724 1082 Dominus
2749 1044 2764 1093 ;
2800 1028 2918 1080 ideo
2948 1037 3126 1080 autem
3149 1026 3468 1094 interrOgaI,

1892 1121 2036 1190 quod
2073 1120 2440 1174 omnimodam
2495 1119 2570 1173 illi
2624 1119 2961 1173 sanationem
3011 1118 3192 1188 largiri
3232 1117 3463 1171 volebat.

1892 1211 1948 1265 Si
1973 1210 2213 1278 corporis
2245 1219 2452 1264 tantum
2483 1212 2719 1264 curanda
2748 1220 2888 1264 esset
2919 1210 3230 1273 inﬁrmitas,
3258 1225 3361 1262 non
3388 1211 3471 1262 di-

1892 1311 2040 1357 ceret
2081 1302 2378 1372 paralytico
2441 1301 2700 1355 Dominus
2737 1317 2750 1354 :
2800 1299 2890 1355 Vis
2946 1318 3106 1354 sanus
3150 1302 3312 1370 ﬁeri?
3357 1303 3475 1356 Scit

1889 1395 2032 1449 enim
2073 1410 2196 1449 eum
2238 1393 2394 1458 velle,
2431 1395 2575 1463 quod
2609 1395 2784 1463 reipsa
2814 1396 2948 1448 vult.
2971 1395 3074 1447 Sed
3106 1395 3230 1462 quia
3263 1409 3291 1448 a
3321 1395 3469 1462 lapsu

1889 1485 2154 1552 Spirituali
2183 1488 2461 1541 sanandus
2489 1495 2626 1552 erat,
2660 1496 2944 1556 propterea
2969 1487 3099 1540 dicit
3138 1505 3151 1540 :
3198 1484 3287 1540 Vis
3311 1503 3474 1540 sanus

1888 1577 2044 1644 ﬁeri?
2097 1577 2197 1630 hoc
2243 1587 2346 1640 est,
2389 1577 2436 1629 Α
2474 1579 2749 1645 peccando
2790 1577 3047 1646 deinceps
3079 1578 3328 1632 cavebis?
3379 1576 3471 1630 Vis

1886 1681 2045 1719 Ianus
2079 1665 2196 1732 ﬁeri
2215 1666 2240 1718 7
2266 1666 2330 1718 da
2368 1680 2672 1730 assensum,
2705 1677 2758 1721 et
2787 1667 3072 1720 sanitatem
3099 1669 3307 1737 recipe:
3339 1669 3471 1723 nihil

1888 1761 2032 1811 enim
2061 1760 2161 1811 nisi
2193 1773 2221 1810 a
2261 1758 2427 1812 libera
2461 1759 2736 1814 voluntate
2777 1761 3011 1828 requiro.
3045 1759 3324 1828 Ego'enim
3352 1776 3470 1814 sum

217 1850 244 1900 ὃ
281 1849 458 1902 θέλει·
501 1850 619 1901 ἀλλ’
663 1850 851 1920 ἐπειδὴ
890 1850 1136 1920 ψυχικῶν
1178 1853 1536 1922 πταισμάτων
1575 1849 1643 1924 ἦν
1681 1855 1790 1906 ὀλί-

1894 1851 1983 1918 qui
2023 1851 2155 1903 olim
2199 1865 2293 1918 per
2325 1852 2644 1919 prophetam
2681 1852 2909 1905 clamavi
2943 1870 2957 1905 :
3000 1849 3058 1905 Si
3099 1852 3384 1917 volueritis,
3422 1863 3472 1905 et

221 1940 422 2008 σθημα,
465 1941 658 1993 τούτου
705 1942 892 1994 ἕνεκεν
950 1944 1203 2012 ἐπερωτᾷ
1234 1943 1325 1996 τὸν
1354 1943 1663 2014 παράλυτον
1707 1945 1792 1998 λέ-

219 2049 355 2098 γων·
392 2031 598 2098 Θέλεις
642 2034 819 2102 ὑγιὴς
861 2033 1169 2102 τενέσθαιξ
1210 2035 1486 2101 τουτέστι,
1531 2036 1793 2105 Παραφυ-

215 2123 382 2194 λάττῃ
410 2125 518 2177 ἀπὸ
544 2125 641 2176 τοῦ
673 2124 856 2177 λοιποῦ
893 2124 964 2196 μὴ
988 2126 1348 2196 ἁμαρτάνειν;
1381 2125 1584 2192 Θέλεις
1618 2128 1792 2197 ὑγιὴς

219 2218 534 2286 γενέσθαι,
585 2217 673 2281 δὸς
727 2217 824 2286 τὴν
883 2215 1298 2283 συγκατάθεσιν,
1352 2218 1446 2270 καὶ
1507 2217 1639 2270 λάϐε
1694 2219 1792 2288 τὴν

221 2314 386 2373 ἴασιν,
417 2312 605 2377 ἐπειδὴ
659 2311 811 2363 οὐδὲν
859 2311 1070 2384 ἀνάγκῃ
1123 2312 1492 2382 μετέρχομαιο
1539 2311 1648 2379 ἐγὼ
1683 2313 1793 2384 γάρ

220 2409 331 2475 εἰμι
375 2408 403 2458 6
437 2406 528 2458 διὰ
564 2404 662 2456 τοῦ
715 2405 991 2474 προφήτου
1049 2403 1253 2473 βοήσας
1301 2405 1367 2455 ἐκ
1423 2402 1632 2455 πολλῶν
1683 2402 1794 2454 τῶν

219 2498 460 2566 χρόνων·
501 2498 638 2549 Ἐὰν
683 2494 890 2562 θέλητε
930 2493 1028 2548 καὶ
1086 2492 1487 2560 εὶσακούσητέ
1533 2511 1676 2562 μου,
1720 2493 1794 2546 τὰ

217 2588 406 2654 ἀςπιιοιὶ
463 2585 575 2653 τῆς
641 2584 755 2654 τῆς
802 2584 1090 2654 φάγεσθε·
1147 2584 1254 2637 ἐὰν
1297 2583 1365 2636 δὲ
1417 2584 1502 2652 μὴ
1557 2586 1790 2650 θέλητε,

212 2676 368 2746 μηδὲ
417 2675 817 2743 εισακούσητέ
850 2693 998 2743 μου,
1037 2674 1300 2745 μάχαιρα
1345 2673 1499 2742 ὑμᾶς
1557 2674 1795 2728 κατέδε-

217 2785 332 2822 ται.
372 2769 526 2820 Ἐπεὶ
562 2763 656 2820 οὖν
709 2767 1049 2830 αὐτεξούσιον
1087 2767 1224 2830 ζῶον
1269 2770 1298 2821 6
1331 2767 1648 2839 ἄνθρωπος,
1702 2767 1794 2819 καὶ⁴

215 2860 463 2930 ψυχικῶς
493 2862 523 2912 6
571 2859 879 2930 παράλυτος
914 2855 981 2930 ἦν
1013 2858 1411 2928 διαλελυμένος,
1460 2859 1648 2912 τούτου
1677 2857 1792 2910 ’ἐνε-

219 2969 311 3004 κεν
347 2954 376 3003 6
409 2951 634 3022 Κύριος,
667 2950 751 3000 ἵνα
789 2948 860 3019 μὴ
901 2949 1130 3019 ἄμισθον
1170 2948 1318 3019 αὺτῷ
1347 2948 1446 3019 τὴν
1497 2947 1794 3019 θεραπείαν

224 3046 495 3115 παράσχῃ,
524 3042 784 3112 ἐπηρώτα
826 3041 1012 3094 τοῦτον
1045 3040 1240 3108 λέγων,
1269 3040 1437 3094 αἰτῶν
1464 3039 1562 3110 τὴν
1591 3055 1793 3109 συγκα-

230 3135 452 3196 τάθεσιν,
500 3133 706 3196 Θέλεις
738 3131 911 3200 ὑγιὴς
943 3127 1252 3200 reréadat;
1291 3129 1414 3182 Ἐπὶ
1453 3128 1562 3181 τῶν
1608 3145 1795 3198 σωμα-

1892 1941 2167 1994 audieritis
2190 1957 2290 2002 me,
2316 1945 2448 1995 bona
2491 1952 2643 1996 terra:
2670 1943 2970 1995 comedetis.
2993 1943 3142 2006 Quod
3174 1945 3218 1994 si
3244 1943 3476 1996 nolueri-

1893 2036 1961 2086 tis
1995 2041 2041 2085 et
2069 2049 2171 2086 non
2200 2033 2473 2086 audieritis
2504 2050 2602 2100 me,
2621 2035 2830 2102 gladius
2860 2035 3122 2087 devorabit
3153 2052 3239 2087 vos
3255 2037 3294 2089 ².
3328 2036 3475 2098 Quo-

1895 2128 2035 2179 niam
2073 2126 2238 2196 igitur
2278 2127 2477 2180 animal
2533 2127 2758 2181 liberum
2784 2136 2867 2181 est
2900 2129 3086 2192 homo,
3119 2139 3173 2182 et
3217 2130 3476 2198 spiritua-

1892 2215 1996 2269 lem
2050 2217 2343 2286 paralysim
2386 2217 2695 2287 patiebatur
2729 2219 3080 2288 paralyticus,
3117 2221 3321 2276 idcirco
3360 2221 3469 2276 Do-

1894 2307 2091 2372 minus,
2122 2322 2190 2362 ne
2223 2307 2370 2362 illum
2401 2310 2606 2377 absque
2635 2309 2806 2378 ipsius
2833 2311 3027 2363 merito
3057 2321 3294 2375 curaret,
3329 2312 3476 2367 illius

1893 2413 2172 2453 assensum
2214 2400 2305 2454 tali
2347 2401 2773 2471 interrogatione
2818 2403 3154 2470 postulavit:
3193 2402 3282 2457 Vis
3311 2421 3477 2459 sanus

1892 2490 2048 2558 ﬁeri?
2091 2491 2286 2547 Dicens
2315 2502 2494 2546 autem
2538 2493 2816 2556 Dominus,
2859 2491 2948 2547 Vis
2983 2509 3143 2547 sanus
3175 2494 3336 2560 ﬁeri?
3383 2510 3481 2549 ne-

1893 2599 2163 2653 quaquam
2191 2584 2258 2638 de
2285 2586 2533 2653 corporis
2562 2584 2903 2653 passionibus
2929 2586 3476 2656 interrogabatpara-

1894 2674 2137 2746 lyticum,
2165 2676 2306 2729 sicut
2336 2691 2433 2730 nec
2482 2676 2977 2743 harmorrhoissam,
3025 2692 3126 2732 nec
3179 2677 3472 2746 leprosum,

1896 2779 1995 2818 nec
2019 2765 2154 2820 duos
2194 2781 2367 2820 caecos
2403 2765 2469 2820 de
2511 2766 2717 2820 carnali
2759 2765 3072 2822 inﬁrmitate
3099 2767 3474 2837 interrogavit.

1894 2855 2028 2911 Tum
2047 2856 2190 2910 enim
2220 2857 2536 2926 interrogat,
2564 2872 2685 2911 cum
2709 2858 3044 2924 spiritualem
3069 2873 3188 2913 esse
3219 2861 3468 2914 morbum

1894 2947 2192 3016 cogn05cit,
2224 2963 2506 3002 assensum
2539 2948 2788 3002 videlicet
2823 2949 3124 3017 requirens.
3171 2965 3270 3004 nec
3317 2951 3470 3019 prius

1894 3039 2230 3092 sanationem
2264 3037 2578 3104 collaturus,
2607 3054 2770 3108 «piam
2789 3053 3044 3093 assensus
3073 3039 3468 3095 confessionem

1895 3126 2186 3195 exceperit.

233 3222 382 3274 τικῶν
425 3219 615 3273 παθῶν
664 3218 770 3270 οὐδ’
809 3218 941 3281 ὅλως
986 3215 1243 3287 ἐπηρώτα
1282 3217 1310 3267 6
1343 3214 1546 3287 Κύριος
1586 3214 1782 3284 λέγων,
1857 3214 2062 3278 Θέλεις
2103 3213 2280 3284 ὑγιὴς
2324 3214 2635 3284 γενέσθαι;
2696 3215 2772 3279 ὡς
2822 3216 2947 3270 οὔτε
3001 3220 3100 3288 τὴν
3154 3217 3480 3291 αίμορῤοῦ⁸

237 3335 344 3381 σαν,
371 3316 489 3369 οὗτε
541 3317 634 3368 τὸν
673 3314 892 3384 λεπρὸν,
943 3311 1068 3366 οὔτε
1111 3314 1237 3375 τοὺς
1304 3311 1398 3365 δύο
1441 3311 1676 3381 τυφλοὺς
1749 3309 2130 3381 ἐπηρώτησεν.
2169 3311 2344 3362 Ὅπου
2388 3310 2498 3382 γὰρ
2535 3309 2763 3380 ψυχικὸν
2798 3311 2912 3382 ᾔδει
2969 3313 3160 3379 πάθος,
3196 3315 3470 3386 ἐπερωτᾷ,

239 3407 619 3474 συγκατάθεσιν
668 3405 985 3475 βουλόμενος
1029 3404 1312 3469 δέξασθαι·
1349 3404 1398 3455 εἰ
1451 3402 1526 3474 μὴ
1569 3402 1780 3474 δέξηται
1823 3400 2244 3471 συγκατάθεσιν,
2277 3402 2420 3454 ῐασιν
2454 3401 2516 3453 οὐ
2551 3402 2805 3472 παρέχει.

301 3497 442 3548 Ἐστι
470 3495 531 3547 δὲ
567 3491 786 3548 πάντως
815 3493 986 3542 εἰπεῖν
1029 3508 1150 3543 τινα
1170 3505 1184 3519 ·
1217 3491 1282 3542 Τί
1315 3485 1435 3554 οὖνς
1472 3490 1567 3543 καὶ
1612 3491 1662 3542 oi
1689 3489 1782 3543 δύο

1955 3489 2070 3544 Erit
2098 3505 2227 3544 sane
2253 3491 2343 3559 qui
2371 3491 2513 3546 dicat
2541 3507 2556 3544 :
2590 3493 2726 3557 Quid
2776 3493 2978 3562 igitur?
3009 3494 3060 3548 in
3093 3495 3227 3564 ipsis
3260 3496 3467 3550 duobus

232 3588 403 3655 τυφλοὶ
438 3583 724 3655 ἁμαρτιῶν
771 3580 962 3652 ἔφερον
1006 3579 1327 3650 γνώρισμα,
1377 3580 1458 3632 ὅτι
1504 3579 1788 3642 κάκείνους

232 3679 540 3749 ἐπηρώτησε
568 3675 742 3742 λέγων
773 3675 802 3725 6
832 3672 1055 3744 Κύριος,
1087 3672 1146 3724 Τί
1171 3671 1392 3736 θέλετε,
1428 3673 1529 3724 ἵνα
1557 3671 1788 3739 ποιήσω

233 3770 393 3837 ivu'r;
421 3769 511 3838 Μὴ
542 3768 786 3820 κάκεῖνοι
815 3765 866 3816 oi
899 3763 1378 3835 ἀναγεγραμμένοι
1401 3765 1460 3817 ἐν
1487 3766 1599 3826 τοῖς
1626 3763 1790 3825 θείοις

228 3858 568 3928 Εὑαγγελίοις
610 3853 704 3906 δύο
731 3854 921 3922 τυφλοὶ
952 3853 1371 3921 συνετυφλοῦντο
1397 3855 1510 3915 τοῖς
1552 3868 1792 3922 σωματι-

222 3955 333 4014 κοῖς
370 3949 702 4019 ὀφθαλμοῖς,
751 3946 938 3998 καὶτὸ
970 3945 1196 4015 ψυχικὸν
1247 3945 1466 4016 βλέμμα
1513 3945 1614 3998 οὐκ
1661 3944 1796 4010 ὠξυ-

222 4044 441 4116 δόρκουν
495 4043 625 4111 περὶ
665 4041 756 4093 τὸν
807 4037 1040 4109 Κύριον;
1079 4038 1191 4090 Οὐκ
1237 4033 1380 4107 εἶχον
1437 4037 1648 4090 τελείαν
1693 4037 1790 4108 τὴν

223 4138 439 4203 γνῶσιν,
486 4131 831 4204 ἀμςέὃαλλον
880 4132 1007 4201 περὶ
1053 4130 1152 4200 τὴν
1199 4128 1521 4199 ὁμολογίανο
1560 4129 1640 4182 διὸ
1699 4131 1792 4181 καὶ

231 4231 258 4282 ὁ
290 4228 490 4297 Κύριος
542 4223 891 4294 ὑπερτίθεται
935 4223 1034 4291 τὴν
1081 4222 1245 4284 ἴασιν,
1276 4222 1362 4274 ἵνα
1407 4221 1650 4294 κρατύνῃ
1695 4221 1793 4292 τὴν

229 4319 416 4372 πίστιν.
447 4318 609 4370 Ἐστι
642 4315 696 4367 δὲ
731 4314 945 4377 πάντως
989 4315 1161 4366 εἰπεῖν
1207 4330 1358 4367 τινα·
1408 4313 1794 4384 Καταψηφίζει

226 4413 327 4466 τῶν
375 4409 618 4480 τυφλῶν,
664 4408 845 4460 πιστοὶ
893 4402 1032 4478 ἦσαν
1076 4409 1123 4459 οἱ
1187 4406 1394 4478 ἄνδρες.
1447 4408 1609 4477 Οὐχὶ,
1659 4406 1796 4461 ἀλλὰ

228 4508 377 4574 μόνον
430 4505 675 4574 ἥκουσαν
726 4500 856 4571 [ὅτι]
893 4499 951 4552 '0
999 4499 1204 4571 Κύριος
1253 4499 1579 4571 παροδεύει,
1634 4497 1795 4571 [καὶ]

227 4595 447 4665 ἐδὸησαν
505 4592 792 4658 λέγοντες·
837 4587 1126 4656 Ἐλέησον
1199 4587 1384 4656 ἡμᾶς,
1444 4587 1648 4654 Κύριε,
1706 4584 1798 4638 υἱὲ

223 4685 407 4738 Δαείδ.
447 4684 576 4746 Πῶς
615 4682 791 4733 τοίνυν
827 4679 1158 4750 ἁμαρτωλοὶ,
1201 4681 1250 4731 οἱ
1289 4679 1494 4748 ταύτην
1539 4679 1638 4748 τὴν
1687 4695 1800 4745 φω-

225 4779 314 4846 νὴν
347 4777 668 4845 βοήσαντες,
699 4774 859 4825 ἄκουε
903 4773 930 4823 6
971 4770 1284 4838 ἀντιλέγων.
1321 4769 1420 4822 Διὰ
1464 4767 1666 4838 ταύτην
1698 4769 1797 4838 τὴν

1891 3583 2046 3636 caecis
2061 3582 2265 3651 peccati
2291 3583 2652 3652 deprehendit
2678 3586 2960 3650 indicium,
2987 3589 3253 3657 siquidem
3279 3598 3331 3643 et
3354 3590 3474 3644 illos

1890 3673 2246 3742 interrogavit
2271 3673 2552 3742 Dominus,
2578 3675 2764 3731 dicens
2793 3694 2806 3730 :
2841 3677 2980 3743 Quid
3012 3680 3168 3734 vultis
3196 3693 3248 3733 ul
3275 3681 3474 3750 faciam

1889 3767 2032 3820 vobis
2061 3765 2128 3820 ’?
2157 3765 2292 3820 Num
2317 3767 2390 3822 illi
2415 3769 2519 3823 duo
2557 3769 2818 3838 caaci,qui
2852 3769 2902 3822 in
2926 3769 3123 3826 divinis
3176 3771 3479 3842 Evangeliis

1891 3868 2280 3924 memorantur,
2299 3871 2493 3929 praeter
2504 3874 2844 3915 communem
2865 3863 3163 3916 carnalium
3183 3863 3463 3917 oculorum

1893 3951 2211 4016 caecitatem,
2247 3951 2546 4020 spiritualis
2575 3952 2739 4006 etiam
2782 3953 2930 4008 visus
2971 3954 3337 4008 inﬁrmitatem
3373 3972 3472 4024 pa-

1894 4039 2190 4106 tiebantur,
2221 4055 2327 4094 non
2360 4040 2517 4107 plane
2545 4055 2663 4108 qua:
2699 4043 2766 4094 ad
2803 4041 3087 4096 Dominum
3125 4044 3480 4111 pertinebant

1894 4132 2311 4201 perspicientes?
2348 4130 2656 4187 Perlectam
2698 4133 3064 4204 cognitionem
3117 4150 3221 4188 non
3269 4135 3477 4190 habue-

1894 4232 2062 4288 runt,
2102 4225 2520 4295 ambiguamque
2563 4225 2782 4280 edidere
2811 4227 3244 4294 confessionem;
3282 4242 3475 4296 qnam-

1893 4316 2078 4372 obrem
2102 4317 2433 4374 curationem
2459 4317 2637 4374 dill'ert
2667 4319 2950 4384 Dominus,
2977 4328 3034 4374 ut
3072 4320 3284 4375 illorum
3317 4322 3476 4374 [idem

1897 4406 2134 4462 roboret.
2187 4407 2292 4462 Sed
2341 4408 2485 4462 dicet
2535 4408 2732 4478 aliquis
2778 4429 2790 4464 :
2849 4407 3222 4464 Calumniatur
3259 4424 3475 4475 caecos;

1895 4498 1999 4553 viri
2035 4499 2180 4553 enim
2210 4509 2366 4555 erant
2394 4499 2596 4556 ﬁdeles.
2634 4499 2852 4554 Minime
2881 4516 2896 4554 :
2937 4501 3033 4555 sed
3086 4502 3461 4554 tantummodo

1898 4591 2175 4645 audientes
2216 4592 2340 4660 quia
2375 4593 2636 4645 Dominus
2670 4593 2963 4658 transiret,
2995 4591 3367 4645 clamaverunt
3396 4594 3478 4646 di-

1899 4694 2083 4739 centes
2116 4703 2129 4738 :
2155 4683 2610 4747 Misererenostri,
2637 4682 2882 4747 Domine,
2911 4684 2991 4752 ﬁli
3046 4683 3224 4738 Dauid
3249 4684 3292 4738 ‘.
3320 4683 3476 4750 Quis-

1900 4776 2022 4843 quis
2063 4777 2226 4845 igitur
2271 4775 2601 4828 contradicis
2637 4813 2654 4838 ,
2687 4775 2814 4827 audi
2866 4776 3137 4842 quomodo
3166 4785 3480 4844 peccatores

225 4871 419 4939 equip,
454 4870 527 4938 ἢν
562 4863 786 4935 πρώτην
833 4860 1088 4933 ἐρῤηξαν,
1128 4863 1220 4914 καὶ
1249 4863 1345 4931 τὴν
1377 4860 1668 4931 ὑπέρθεσιν
1695 4859 1792 4927 τῆς

1901 4869 2030 4930 sint,
2059 4867 2149 4935 qui
2191 4869 2328 4920 hanc
2373 4881 2558 4921 vocem
2591 4867 2842 4920 emisere.
2882 4864 3007 4921 lleec
3047 4867 3160 4936 ipsa
3201 4869 3478 4936 precatio,

227 4965 410 5026 ἰάσεως
456 4963 780 5031 ἐποιήσατο,
833 4957 1018 5028 ἐπειδὴ
1067 4956 1512 5027 παρακαλοῦντες
1579 4956 1790 5024 ἔλεγον·

240 5055 521 5123 Ἐλέησον
560 5051 743 5122 ἡμᾶς,
782 5050 874 5104 υἱὲ
911 5049 1107 5104 Δαϐίδ.
1150 5050 1304 5112 Ποίος
1337 5048 1449 5111 υἱὸς
1499 5047 1664 5100 Δαόὶδ
1709 5063 1798 5098 το-

227 5149 425 5218 σαύτην
458 5147 693 5216 δύναμιν
727 5143 972 5215 παρέχει,
1001 5141 1322 5214 ἢτοσαύτας
1356 5137 1796 5210 θαυματουργίας

225 5234 508 5302 imissa;
543 5235 765 5302 Ὠραῖος
791 5235 820 5285 6
859 5228 1231 5300 Ἀϐεσσαλὼμ,
1269 5229 1405 5282 ἀλλὰ
1434 5229 1797 5300 πατροκτόνος

222 5325 426 5394 ἐφάνη·
467 5325 704 5394 mon-7.6;
747 5325 776 5375 6
823 5322 1054 5392 Ἀμνὼν,
1083 5321 1218 5374 ἀλλὰ
1257 5321 1355 5392 τὴν
1393 5321 1528 5373 ίδίαν
1562 5319 1798 5390 ἀδελφὴν

217 5413 491 5486 διέφθειρε
510 5431 524 5444 ·
575 5415 738 5483 σοφὸς
764 5416 793 5466 6
844 5411 1116 5484 Σολομὼν,
1145 5411 1257 5464 ἀλλ’
1289 5413 1367 5475 είς
1399 5412 1459 5464 τὸ
1488 5411 1639 5473 τέλος
1674 5410 1800 5468 ὠλί-

216 5505 435 5575 σθησεν.
475 5507 633 5558 Ἐπεὶ
681 5501 775 5558 οὖν
811 5505 884 5568 ὡς
933 5504 1035 5574 υἱῷ
1102 5503 1264 5555 Δαϐὶδ
1324 5501 1650 5574 προσῆλθον,
1704 5502 1798 5553 καὶ

214 5597 341 5666 οὐχὶ
363 5598 520 5662 Θεὸν,
553 5598 809 5669 κραταιὸν
834 5596 1116 5659 δοκοῦντες
1140 5595 1300 5648 αὐτὸν
1333 5595 1427 5647 καὶ
1457 5594 1796 5664 ἐπιστήμονα

293 5796 316 5838 ³
348 5795 451 5855 152.
485 5795 736 5862 1,19,20.
817 5797 836 5830 ³
865 5796 1036 5853 Matth
1089 5810 1175 5862 xx,
1210 5791 1295 5849 5‘2.
1376 5791 1554 5851 λίθω.
1589 5793 1678 5850 51.

1901 4975 2060 5027 quam
2093 4958 2324 5027 primum
2354 4956 2604 5021 edidere,
2636 4972 2798 5010 causa
2831 4957 3145 5011 dill'erendaa
3181 4960 3478 5013 curationis

1902 5048 2152 5113 exstitit,
2197 5047 2450 5115 quoniam
2500 5046 2787 5100 Dominum
2828 5048 3146 5101 invocantes
3177 5049 3482 5103 dixerunt:

1903 5136 2150 5191 Miserere
2189 5137 2353 5189 nostri
2379 5176 2393 5200 ,
2415 5136 2494 5203 ﬁli
2529 5135 2715 5188 David.
2745 5136 2942 5206 Ecquis
2978 5137 3116 5192 [ilius
3140 5137 3309 5191 David
3338 5139 3462 5191 triu-
3497 5199 3500 5204 _

1905 5240 2014 5283 tam
2047 5230 2251 5283 exserit
2274 5228 2597 5297 potentiam,
2625 5237 2885 5295 tantaque
2919 5229 3081 5284 edere
3113 5229 3474 5298 potuitprodi-

1896 5323 2019 5391 gia?
2052 5321 2464 5376 Pulcherrimus
2498 5322 2757 5388 Absalon,
2789 5326 2880 5376 sed
2912 5321 3206 5390 parricida;
3235 5322 3480 5375 amabilis

1895 5417 2129 5477 Amnon,
2160 5417 2254 5468 sed
2283 5414 2517 5483 propria:
2544 5415 2751 5470 sororis
2793 5425 3113 5483 corruptor;
3139 5415 3355 5481 sapiens
3381 5412 3477 5467 Sa-

1896 5507 2094 5570 lomon,
2121 5507 2216 5560 sed
2246 5506 2299 5560 in
2337 5507 2441 5560 line
2468 5505 2647 5575 lapsus
2678 5516 2782 5561 est.
2828 5507 3094 5572 Quoniam
3139 5521 3270 5574 ergo
3295 5503 3478 5558 Jesum

1897 5607 2265 5654 convenerunt
2287 5599 2390 5654 duo
2419 5599 2570 5665 caeci,
2601 5609 2659 5654 ut
2686 5599 2854 5654 lilium
2885 5599 3076 5666 David,
3100 5598 3322 5652 minime
3347 5609 3481 5651 vero
