4092 6390
653 352 767 412 {'27

1616 353 1674 410 S.
1713 354 2160 413 AMPHILOCHII
2198 351 2582 411 ICONIENSIS
2621 355 2933 416 EPISCOPI

3808 363 3895 432 1‘23

654 484 714 528 ut
743 474 913 526 Deum
935 511 951 534 ,
997 472 1148 526 illum
1183 470 1394 527 scilicet
1441 488 1540 542 pro
1570 474 1951 542 potentissimo
1979 477 2239 545 peritissi-

2344 474 2550 547 ίατρδν,
2589 476 2714 546 οὐχ).
2753 477 2812 530 δὲ
2845 477 3056 543 ἔνδοξον
3089 478 3244 542 Θεδν,
3278 477 3525 550 βοώντων
3550 481 3659 537 τῶν
3685 486 3893 554 τυφλῶν,

657 580 854 634 tuoque
882 564 1098 617 medico
1141 564 1404 618 habentes
1424 603 1440 628 ,
1470 565 1665 617 nedum
1697 580 1797 633 pro
1828 566 1938 620 Deo
1959 566 2239 634 gloriosis-

653 656 828 720 simo;
870 654 990 709 ideo
1035 655 1397 708 clamantibus
1431 655 1571 721 illis,
1622 653 1873 710 Miserere
1919 657 2108 721 nostri,
2154 656 2237 725 ﬁli

654 743 852 809 David,
894 759 1001 799 non
1026 744 1177 798 dedit
1212 759 1577 814 responsum,
1620 756 1679 799 ut
1704 745 1826 801 ﬁdei
1873 745 2086 801 illorum
2114 762 2241 817 pro-

658 835 878 890 iiciendi
916 837 1093 891 locum
1125 837 1298 892 daret.
1330 836 1625 892 Curatione
1652 839 1817 908 igitur
1854 838 2128 909 paulisper
2159 839 2240 894 di-

655 928 791 993 lata,
822 943 1092 985 caecorum
1123 929 1301 983 anima
1348 929 1653 985 illuminata
1684 940 1800 997 est;
1831 942 1886 986 et
1908 932 2072 997 paulo
2094 942 2234 1001 post,

656 1019 748 1075 ubi
779 1019 921 1084 illos,
951 1021 1309 1088 spiritualiter
1351 1020 1680 1077 illuminatos
1720 1023 1842 1078 ﬁdei
1873 1022 2044 1077 lucem
2076 1038 2237 1079 acce-

657 1112 803 1183 pisse
822 1112 974 1166 novit
1016 1113 1299 1178 Dominus,
1334 1115 1805 1183 interrogaviteos
1849 1113 2238 1170 dicens:Cre-

655 1206 787 1260 ditis
811 1206 939 1275 quia
967 1207 1282 1273 hocposstmt
1302 1207 1472 1269 facere
1488 1206 1545 1259 '?
1570 1205 1709 1272 Quid
1732 1206 2063 1276 respondent
2080 1206 2235 1274 caeci,

656 1311 885 1365 quorum
908 1298 1019 1365 jam
1050 1298 1183 1353 fides
1200 1296 1540 1367 profecerat?
1566 1298 1769 1360 Etiam,
1797 1299 2017 1354 Domine
2042 1299 2085 1354 ⁸.
2113 1299 2235 1355 Jam

656 1403 766 1441 non
799 1388 1002 1453 dicunt,
1033 1387 1228 1453 Etiam,
1270 1388 1342 1441 [ili
1380 1388 1569 1453 David,
1594 1388 1711 1452 sed,
1744 1388 1951 1455 Etiam,
1986 1387 2233 1443 Domine.

657 1476 736 1532 Ex
763 1478 1062 1533 curationis
1090 1478 1350 1534 dilatione
1369 1478 1732 1548 sapientiores
1754 1477 1903 1544 farti,
1937 1477 2234 1545 perfectam

655 1569 1049 1625 confessionem
1072 1570 1233 1625 edere
1256 1568 1532 1635 festinant,
1563 1569 1840 1625 dicentes:
1877 1568 2091 1635 Etiam,
2127 1568 2236 1621 Do-

654 1664 835 1725 mine;
866 1660 1137 1716 credimus
1179 1662 1308 1731 quia
1353 1660 1455 1716 hoc
1497 1670 1651 1732 potes
1681 1660 1883 1716 facere.
1927 1659 2078 1715 Tunc
2111 1659 2234 1714 lidei

657 1754 872 1807 illorum
924 1751 1226 1822 profectum
1282 1752 1528 1808 iudicans
1569 1751 1866 1818 Dominus,
1910 1752 2232 1821 respondit:

2359 563 2649 631 Ἐλέησον
2701 565 2894 635 ἡμᾶς,
2945 567 3041 623 υἱὲ
3094 567 3303 636 Δαϐὶδ,
3352 571 3453 624 οὐκ
3502 570 3697 625 ἔδωκεν
3737 576 3897 643 αὐτοῖς

2343 651 2658 723 ἀπόκρισιν,
2694 655 2782 710 ἶνα
2827 656 2927 728 τὴν
2972 658 3157 712 πίστιν
3206 659 3387 713 αὐτῶν
3429 662 3697 733 προκάᾲαι
3744 682 3897 736 παρα-

2345 745 2607 819 σκευάσῃ.
2655 747 2748 800 Διὸ
2796 748 2896 819 τὴν
2953 749 3247 822 ὑπέρθεσιν
3278 752 3329 804 οἱ
3373 752 3564 822 τυφλοὶ
3618 754 3893 827 δεξάμενοι,

2343 838 2485 889 κατά
2515 837 2694 909 ψυχὴν
2721 840 3123 913 ἐφωτίσθησαν,
3160 843 3255 896 καὶ
3301 843 3419 913 μετ’
3445 844 3643 914 ὀλίγον,
3676 846 3748 910 ὡς
3777 844 3896 901 εἶδεν

2342 927 2372 979 6
2421 927 2648 999 Κύριος,
2691 930 2775 984 ὅτι
2822 932 2966 986 κατὰ
3016 933 3195 1004 ψυχὴν
3243 934 3647 1006 ἐφωτίσθησαν,
3678 939 3767 992 καὶ
3798 941 3896 994 ἑδέ-

2344 1016 2504 1083 ξαντο
2533 1018 2623 1073 τὸν
2649 1021 2914 1092 φωστῆρα
2941 1023 3042 1094 τῆς
3076 1025 3334 1091 πίστεως,
3377 1027 3637 1100 ἐπηρώτα
3662 1030 3691 1083 6
3720 1032 3897 1102 Κύριος

2341 1108 2517 1177 λέγων
2572 1111 2789 1176 αὐτοῖς·
2846 1116 3202 1183 Πιστεύετε,
3270 1117 3360 1171 ὅτι
3427 1118 3683 1190 δύναμαι
3746 1124 3896 1178 τοῦτο

2341 1202 2628 1273 ποιῆσαι;
2667 1205 2734 1259 Τί
2773 1201 2868 1260 οὖν
2905 1209 2955 1260 ot
3001 1208 3215 1277 τυφλοὶ,
3264 1211 3675 1283 προκόψαντες,
3726 1218 3894 1285 φασὶν;

2343 1291 2485 1360 Ναὶ,
2529 1297 2728 1364 Κύριε.
2761 1297 2959 1352 Οὐκέτι
2995 1295 3169 1366 εἷπον,
3221 1302 3361 1370 Ναὶ,
3397 1306 3482 1359 υίὲ
3529 1308 3719 1361 Δαϐίδ·
3760 1310 3893 1377 ἀλλὰ,

2340 1386 2492 1449 Ναὶ,
2541 1390 2742 1456 Κύριε.
2807 1389 3268 1463 Ὑπεμνήσθησαν
3331 1397 3434 1467 τῆς
3499 1393 3788 1471 ἀναϐολῆς,
3827 1402 3895 1457 διδ

2342 1478 2601 1548 παραυτά
2642 1479 2745 1551 τὴν
2794 1484 3087 1553 ὁμολογίαν
3133 1487 3411 1541 ποιοῦνται
3459 1487 3737 1558 λέγοντες·
3772 1493 3891 1560 Ναὶ,

2342 1565 2538 1636 Κύριε,
2565 1568 2911 1640 πιστεύομεν,
2944 1573 3026 1624 ὅτι
3066 1571 3292 1627 δύνασαι
3328 1573 3489 1628 τοῦτο
3520 1576 3756 1648 ποιῆσαι.
3781 1574 3893 1631 Εἶτα

2341 1658 2554 1722 δεικνὺς
2579 1661 2607 1712 6
2641 1659 2867 1731 Κύριος,
2893 1662 2975 1715 ὅτι
3018 1665 3085 1734 τῇ
3126 1663 3308 1717 πίστει
3338 1665 3668 1738 προέκοψιιν,
3698 1668 3897 1739 ἀπεκρί-

2341 1768 2469 1804 νατο
2517 1750 2692 1819 λέγων
2707 1750 2743 1783 ·“
2769 1755 2934 1809 Κατὰ
2982 1755 3099 1824 τὴν
3139 1758 3349 1811 πίστιν
3407 1757 3581 1827 ὑμῶν
3624 1759 3895 1826 γενηθήτω

654 1840 954 1897 Secundum
989 1842 1146 1911 ﬁdem
1174 1854 1395 1897 vestram
1439 1844 1534 1912 fiat
1566 1844 1707 1898 vobis
1737 1843 1794 1897 τε
1827 1844 2061 1898 iunuens
2089 1842 2237 1898 scili-

2341 1841 2502 1910 ὐμῖν,
2546 1842 2645 1909 ὡς,
2691 1845 2742 1897 εί
2777 1845 2853 1915 μὴ
2896 1845 3209 1917 προέκοψαν
3255 1849 3323 1920 τῇ
3377 1847 3594 1913 πίστει,
3628 1849 3687 1902 τὸ
3728 1849 3894 1918 βλέπον

654 1945 779 1997 cet,
809 1949 940 1999 eos,
988 1936 1090 1989 nisi
1135 1935 1240 1989 [ide
1279 1934 1637 2004 profecissent
1662 1974 1678 2000 ,
1726 1949 1833 1988 non
1870 1934 2034 1989 fuisse
2060 1936 2233 1989 visum

654 2038 1087 2093 recuperaturos.
1142 2026 1434 2095 Propterea
1484 2026 1742 2079 Dominus
1766 2067 1780 2090 ,
1814 2027 1940 2094 quia
1981 2043 2086 2081 non
2113 2036 2224 2082 tam

652 2131 883 2185 corpore
906 2130 1067 2185 quam
1093 2117 1273 2170 anima
1295 2116 1605 2170 debilitatus
1622 2116 1837 2185 jacehat
1868 2116 2223 2185 paralyticos,

652 2219 876 2281 propter
896 2218 1241 2279 peccatorum
1257 2209 1684 2275 corruptionem,
1717 2208 2074 2278 interrogavit
2099 2223 2227 2263 eum

654 2303 842 2357 dicens
865 2316 881 2356 :
911 2299 1000 2355 Vis
1021 2316 1182 2356 sanus
1204 2299 1365 2368 ﬁeri?
1392 2299 1728 2368 Paralyticus
1751 2310 1953 2365 autem,
1982 2302 2237 2370 ignorans

654 2394 780 2464 quis
811 2410 934 2449 eum
990 2394 1376 2461 alloqueretur,
1424 2392 1702 2461 respondit
1732 2392 1959 2447 Domino
1991 2395 2175 2449 dicens
2214 2412 2230 2449 :

654 2483 794 2541 Volo
856 2500 1026 2540 sanus
1072 2484 1208 2538 lieri.
1274 2482 1421 2554 [Sed
1474 2484 1604 2553 quid
1659 2484 1795 2549 dixi,
1881 2484 2009 2538 Volo
2043 2485 2098 2555 Ρ]
2135 2485 2228 2541 Be-

654 2595 727 2635 ne
797 2579 1098 2647 interrogas
1164 2592 1290 2630 num
1329 2576 1525 2643 velim;
1564 2573 1675 2644 jam
1754 2578 1898 2631 enim
1961 2578 2098 2632 velle
2138 2581 2236 2632 de-

652 2672 813 2736 sino,
867 2669 1133 2738 siquidem
1187 2665 1301 2734 jam
1344 2667 1436 2721 diu
1480 2676 1567 2722 est
1604 2668 1749 2735 quod
1806 2667 1956 2731 volo,
2010 2678 2064 2723 et
2102 2669 2236 2722 nihil

656 2776 776 2815 sum
811 2766 1166 2823 consecutus;
1222 2771 1394 2827 quare
1438 2758 1491 2811 id
1529 2758 1669 2812 velle
1707 2773 2046 2827 perseVerem
2093 2757 2236 2828 quod

657 2867 764 2906 non
804 2849 1189 2921 apprehende?
1226 2848 1360 2903 Volo
1409 2864 1575 2903 sanus
1623 2851 1776 2914 lieri;
1830 2850 1882 2903 in
1932 2849 2071 2904 lecto
2101 2866 2236 2904 con-

655 2941 850 3007 senui,
912 2941 1161 3012 sepulcro
1223 2940 1436 3009 loquaci
1502 2938 1833 2995 assimilatns
1880 2956 2037 3005 sum,
2091 2957 2238 2995 mor-

653 3045 785 3090 tuus
831 3049 951 3090 sum
1006 3034 1237 3098 vivens,
1287 3033 1420 3087 nihil
1458 3033 1588 3086 mihi
1637 3032 1792 3101 pejus
1842 3033 2088 3087 accidere
2140 3048 2239 3102 po-

655 3134 799 3191 test;
833 3125 1014 3179 thema
1035 3123 1326 3192 juramcnti
1347 3125 1597 3177 oninibus
1628 3124 1799 3178 factus
1820 3140 1974 3188 sum;
2010 3125 2230 3193 triginta

654 3229 712 3274 et
734 3233 857 3273 octo
880 3217 1138 3272 ellluxere
1157 3217 1284 3270 anni
1307 3259 1322 3283 ,
1348 3232 1414 3271 ex
1446 3232 1554 3287 quo
1580 3217 1705 3270 huic
1740 3218 1962 3282 piscinze
1987 3218 2233 3284 assideo,
2262 3197 2305 3253 (δ

653 3321 714 3365 et
762 3326 920 3365 nemo
961 3310 1307 3377 campatitur.
1354 3308 1618 3363 Venditur
1647 3309 1846 3363 donum
1895 3309 2027 3375 Dei,
2069 3324 2237 3380 uego-

654 3404 860 3459 tiantur
884 3402 1012 3456 illud
1032 3401 1282 3456 Pharist
1306 3416 1321 3464 ;
1344 3400 1482 3454 unus
1507 3400 1734 3468 singulis
1751 3400 1910 3455 annis
1926 3413 2169 3466 sanatur,
2183 3410 2239 3456 et

655 3511 779 3549 cum
819 3496 1026 3564 primus
1065 3495 1259 3549 ordine
1293 3495 1504 3550 caeteris
1535 3493 1776 3563 prazl'erri
1820 3493 2073 3559 deberet,
2103 3509 2239 3562 prte-

656 3587 828 3642 fertur
858 3587 1099 3640 divitior.
1130 3586 1295 3641 Abest
1320 3603 1348 3639 a
1383 3587 1588 3655 piscina
1617 3587 1826 3652 jnstitia
1848 3627 1863 3651 ,
1895 3588 2105 3641 obtinet
2136 3585 2237 3639 ini-

657 3679 859 3746 quitas.
894 3677 1184 3747 Numjusta
1205 3676 1492 3747 aliquando
1520 3667 1872 3745 superveniet
1897 3679 2242 3731 administra-

659 3771 772 3835 tio,
807 3780 866 3824 ut
924 3785 1063 3840 aqua
1100 3769 1314 3823 tandem
1360 3769 1766 3823 mercimonium
1796 3784 1947 3823 esse
1990 3770 2239 3835 desinat,

657 3869 715 3914 et
746 3860 997 3914 omnibus
1035 3858 1334 3915 liberaliter
1359 3860 1629 3914 donetur?
1660 3859 1920 3914 Dominus
1962 3871 2141 3915 autem
2173 3862 2239 3915 ad

658 3951 1017 4022 paralyticum
1068 3968 1082 4004 :
1133 3950 1415 4016 Quomodo
1465 3951 1626 4004 homo
1665 3951 1754 4004 uni
1807 3953 2094 4023 eidemque
2124 3953 2242 4008 loco

658 4041 849 4097 afﬁxus
896 4044 962 4096 de
1008 4042 1093 4096 his
1118 4044 1386 4097 disserere
1408 4042 1625 4095 valeat?
1662 4040 1742 4095 En
1775 4059 1862 4098 me
1894 4054 1952 4096 ut
1984 4045 2241 4114 ignoran-

659 4146 769 4190 tem
803 4132 1121 4203 alloquitur!
1162 4133 1379 4203 Egone,
1415 4132 1639 4201 piscina:
1690 4132 1952 4189 Dominus
1976 4172 1992 4200 ,
2024 4150 2143 4204 qua:
2174 4136 2241 4190 ad

657 4227 804 4282 illam
833 4233 1079 4295 spectant
1102 4225 1464 4279 nesciverim?
1490 4224 1631 4280 Bene
1660 4226 1784 4279 novi
1811 4224 2118 4281 Judzcornm
2143 4243 2241 4283 ne-

656 4319 1040 4391 gotiationem;
1076 4320 1428 4388 quamobrem
1463 4319 1587 4372 veni
1618 4319 1884 4389 piscinam
1936 4331 2240 4375 commuta-

660 4424 836 4468 turus.
864 4411 1005 4467 Ecce
1034 4426 1134 4482 ego
1179 4412 1327 4466 illam
1375 4412 1602 4475 aboleo,
1641 4412 1851 4481 ipsique
1904 4413 2241 4482 baptismatis

658 4504 933 4559 lavacrum
984 4504 1274 4558 substituo.
1326 4502 1383 4556 ln
1425 4503 1516 4557 illa
1568 4518 1709 4558 unus
1748 4505 2036 4573 quotannis
2081 4520 2237 4559 sana-

662 4605 784 4662 tur;
815 4597 868 4647 in
912 4598 1014 4649 hoc
1045 4594 1314 4648 innumeri
1366 4594 1608 4663 quotidie
1637 4596 2133 4664 regenerabuntur;
2182 4599 2235 4651 in

663 4684 808 4738 illaut
840 4685 1087 4754 angelum
1130 4685 1458 4740 descendere
1490 4684 1661 4755 iussi,
1693 4686 1752 4739 in
1804 4689 1907 4740 hoc
1944 4701 2047 4757 ego
2080 4687 2194 4757 ipse
2219 4731 2234 4753 ,

663 4774 976 4843 angelorum
1005 4788 1241 4841 creator,
1267 4777 1542 4832 descendi.
1570 4776 1859 4846 Responde
1882 4776 2049 4848 igitur
2081 4779 2242 4835 inter-

661 4866 870 4937 roganti
904 4884 920 4923 :
964 4867 1056 4922 Vis
1081 4887 1243 4923 enim:
1270 4871 1429 4940 ﬁeri?
1455 4871 1507 4925 id
1537 4880 1662 4936 est,
1697 4871 1959 4927 Credisne
1989 4874 2131 4943 quod
2162 4883 2242 4928 ta-

659 4958 737 5014 lia
767 4958 949 5014 facere
976 4962 1181 5028 possim
1215 4977 1314 5031 ego
1336 4964 1426 5031 qui
1451 4963 1642 5032 loquor
1670 4977 1846 5021 tecum
1863 4965 1887 5018 ’ἒ
1906 4963 2247 5036 Paralyticus

661 5061 844 5105 autem
867 5090 885 5117 ,
915 5060 1077 5122 caput
1121 5053 1514 5123 aliquantulum
1565 5057 1852 5112 subleraus
1878 5100 1894 5125 ,
1937 5072 2247 5128 supremam

658 5144 879 5214 quidem
936 5146 1146 5201 Domini
1192 5156 1516 5217 potestatem
1543 5151 1825 5206 confessus
1858 5159 1981 5215 est;
2014 5150 2109 5206 sed
2148 5166 2242 5205 ve-

663 5247 833 5291 terem
880 5239 1324 5293 consuetudinem
1366 5251 1618 5308 secutus,
1656 5240 1931 5313 respondit
1972 5242 2250 5309 :;Etiam,

662 5326 920 5395 Domine;
958 5326 1238 5383 Hominem
1269 5347 1372 5384 non
1400 5331 1586 5396 habeo,
1615 5344 1668 5387 ut
1697 5350 1817 5388 cum
1843 5333 2059 5388 turbata
2091 5334 2252 5403 fuerit

658 5438 818 5492 aqua,
848 5423 1019 5477 mittat
1053 5440 1134 5478 me
1174 5424 1229 5478 in
1266 5424 1558 5493 piscinam;
1588 5429 1714 5479 dum
1760 5427 1907 5481 venia
1949 5428 2089 5480 enim
2123 5443 2250 5497 ego,

731 5580 756 5613 ⁵
795 5578 987 5636 Matth.
1022 5594 1098 5645 ιτ,
1134 5577 1224 5632 ‘28.
1302 5580 1322 5611 ⁸
1348 5574 1496 5636 ³³3..
1584 5580 1605 5611 "
1630 5580 1760 5639 ibid.
1784 5582 1876 5637 ‘29.

744 5737 857 5809 (τι)
892 5738 1259 5810 Βαμϐαίνεις.
1286 5739 1530 5794 Lexicon.
1560 5741 2139 5810 incdit.:Ba;t6‘alret-
2177 5738 2255 5794 δι-

667 5811 854 5874 ατάξει
879 5850 895 5878 ,
933 5810 1125 5882 τρέμει
1158 5813 1271 5875 τοῖς
1318 5810 1473 5877 ποσὶ,
1534 5814 1626 5866 καὶ
1669 5815 1733 5885 τῇ
1767 5811 1985 5884 γλώσσῃ
2022 5814 2252 5882 ἀσήμως

2335 1932 2437 1984 οὐκ
2481 1930 2746 2003 ἐδέχοντο.
2798 1933 2899 1988 Διὰ
2946 1934 3107 1989 τοῦτο
3158 1936 3254 1990 καὶ
3327 1937 3566 1991 ἐνταῦθα
3610 1938 3641 1991 6
3682 1938 3891 2010 Κύριος,

2337 2022 2526 2094 ἐπειδὴ
2562 2025 2591 2076 6
2623 2023 2939 2094 παράλυτος
2985 2026 3187 2097 μᾶλλον
3233 2027 3484 2099 ψυχικῶς
3527 2026 3597 2100 ἦν
3644 2029 3893 2101 ἑξηρθρω-

2340 2114 2521 2184 μένος,
2557 2118 2624 2187 τῇ
2657 2118 2768 2170 τῶν
2813 2104 3230 2190 ἁμαρτημάτων
3270 2122 3630 2194 καταφθορᾷ,
3664 2122 3894 2194 ὲπηριὶηα

2334 2206 2524 2261 τοῦτον
2566 2210 2595 2262 6
2624 2209 2828 2281 Κύριος
2861 2210 3039 2280 λέγων
3061 2228 3076 2243 ·
3128 2212 3335 2279 Θέλεις
3379 2212 3563 2283 ὑγιὴς
3617 2213 3895 2284 rer-£00m;

2347 2297 2407 2350 '0
2448 2298 2506 2351 δὲ
2551 2301 2880 2371 παράλυτος,
2912 2301 2986 2373 μὴ
3020 2302 3177 2367 είδὼς
3206 2302 3306 2366 ἔτι,
3337 2304 3424 2367 τίς
3476 2307 3627 2357 ἐστιν
3668 2306 3697 2358 ό
3723 2303 3889 2364 λαλῶν,

2336 2388 2675 2459 ἀπεκρίνατο
2726 2390 2865 2462 πρὸς
2910 2390 3003 2445 τὸν
3066 2392 3270 2464 Κύριον
3319 2392 3527 2462 λέγων·
3569 2394 3717 2447 Θέλω
3760 2393 3894 2462 ὑγιὴς

2335 2479 2621 2547 γενέσθαι·
2670 2479 2854 2544 καλῶς
2911 2481 3277 2554 ὲπηρὼτησας
3347 2482 3463 2556 [εί]
3526 2483 3696 2537 θέλω·
3739 2482 3895 2536 οὐκέτι

2335 2573 2446 2644 γὰρ
2493 2572 2667 2625 θέλω·
2704 2572 2997 2626 πολλοστὸν
3048 2576 3161 2645 γὰρ
3207 2574 3475 2646 θελήσας,
3512 2575 3665 2628 οὐδὲν
3716 2576 3891 2645 ἤνυσα·

2332 2663 2387 2716 τί
2417 2664 2603 2717 λοιπὸν
2636 2663 2795 2728 θέλω,
2828 2664 2857 2717 ὃ
2899 2666 2959 2718 οὐ
3011 2665 3311 2737 λαμϐάνω;
3358 2666 3513 2720 Θέλω
3567 2667 3724 2738 ὑγιὴς
3767 2664 3895 2734 γενὲο

2338 2754 2485 2817 σθαι,
2533 2759 2888 2828 κατεγήρασα
2916 2759 2982 2828 τῇ
3031 2758 3210 2830 κλίνῃ,
3242 2759 3413 2829 τάφος
3445 2759 3568 2830 είμὶ
3614 2757 3896 2821 πολύλαλος,

2334 2847 2575 2920 τέθνηκα
2635 2850 2765 2914 ζῶν,
2803 2849 2959 2902 οὐδὲν
3003 2851 3320 2922 καινότερον
3377 2851 3672 2920 ὑπομένειν
3722 2849 3897 2922 μέλλων

2336 2937 2499 3009 ὅρκον
2536 2938 2604 3008 μὲ
2637 2938 2841 3001 πάντες
2876 2937 3272 3009 λαμϐάνουσιν·
3307 2938 3608 3009 τριάκοντα
3647 2939 3737 2992 καὶ
3775 2932 3899 2986 ὀκτὼ

2337 3029 2431 3101 ἐτη
2488 3030 2599 3102 ἔχω
2648 3030 2984 3101 παραμένων
3037 3032 3105 3101 τῇ
3155 3029 3551 3101 κολυμϐήθρᾳ,
3614 3029 3704 3082 καὶ
3750 3026 3898 3088 οὐδεὶς

2339 3119 2631 3189 συμπαθεῖ.
2706 3119 3088 3190 Πιπρὰσκεται
3142 3120 3204 3174 τὸ
3268 3120 3464 3192 δῶρον,
3527 3118 3901 3190 καπηλεύουσιν

2339 3209 2490 3280 αὑτῷ
2520 3209 2833 3280 Φαρισαίων
2867 3211 3089 3275 παῖδες·
3130 3205 3212 3274 εἷς
3258 3210 3338 3281 τῷ
3390 3210 3626 3282 ἐνιαυτῷ
3674 3208 3902 3279 καθαίρε⁸

2337 3319 2449 3362 ται.
2477 3303 2591 3363 καὶ,
2632 3303 2751 3356 δέον
2790 3304 2884 3356 τὸν
2912 3304 3130 3375 πρῶτον
3175 3303 3584 3375 προτιμᾶσθαι,
3627 3306 3656 3357 6
3688 3301 3903 3372 εὐπορώ-

2337 3410 2496 3465 τερος
2531 3394 2710 3448 τοίνυν
2761 3396 3152 3468 προκρίνεται·
3206 3395 3431 3467 ἄκριτος
3477 3398 3513 3467 ἠ
3555 3393 3902 3467 κολυμϐήθραν

2338 3487 2499 3542 ἄδικα
2527 3487 2598 3540 τὰ
2629 3489 2908 3556 παρόντας
2940 3485 3049 3561 ἆρα
3083 3489 3239 3542 ἔσται
3290 3490 3567 3560 ὲπισκοπή
3614 3506 3696 3552 τις
3723 3486 3901 3549 δικαία,

2341 3580 2535 3652 ἵναμὴ
2567 3582 2630 3635 τὸ
2668 3581 2812 3652 ὕδωρ
2856 3583 3257 3653 καπηλεύηται,
3293 3580 3429 3635 ἀλλὰ
3471 3582 3642 3634 πᾶσιν
3686 3576 3905 3647 ἀφθόνως

2339 3673 2587 3739 δίδωται;
2628 3674 2688 3727 ⁸0
2719 3673 2776 3727 δὲ
2812 3672 3018 3743 Κύριος
3063 3674 3202 3745 προς
3244 3672 3338 3726 τὸν
3380 3673 3724 3745 παράλυτον·
3758 3670 3815 3723 Τί
3857 3669 3904 3719 ὲν

2340 3767 2422 3819 ἐνὶ
2472 3766 2625 3837 τόπῳ
2680 3765 3083 3838 κατακείμενος
3124 3762 3349 3829 πελάζει
3391 3764 3472 3835 τῷ
3523 3761 3798 3835 λογισμῷ;
3832 3759 3906 3819 Ὠς

2340 3858 2622 3927 ἀγνοοῦντι
2654 3875 2745 3929 μοι
2784 3857 3051 3926 διαλέγει.
3087 3858 3202 3928 Τῆς
3243 3856 3634 3929 κολυμϐήθρας
3665 3854 3905 3917 δεσπόζω,

2341 3953 2438 4006 καὶ
2487 3952 2588 4006 οὐκ
2637 3948 2756 4005 οἶδα
2789 3950 2860 4005 τὰ
2909 3951 3213 4022 γινόμενα;
3265 3952 3482 4019 Ἐγνων
3527 3951 3629 4023 τὴν
3665 3945 3908 4004 Ἰουδαίων

2348 4045 2768 4117 πραγματείαν;
2810 4042 2913 4097 Διὰ
2953 4043 3114 4097 τοῦτο
3167 4043 3557 4115 παρεγενόμην
3611 4034 3910 4100 ἀνταλλάξαι

2340 4140 2441 4210 τὴν
2482 4137 2892 4209 κολυμϐήθραν,
2922 4138 3019 4190 καὶ
3066 4136 3163 4190 νῦν
3212 4136 3416 4207 ταύτην
3465 4135 3648 4201 παύω,
3702 4133 3791 4187 καὶ
3824 4129 3910 4198 τὴν

2340 4228 2434 4282 τοῦ
2487 4228 2858 4299 βαπτίσματος
2902 4228 3125 4297 ἀνοίγω.
3168 4228 3260 4280 Ἐν
3308 4227 3483 4301 ταύτῃ
3534 4222 3618 4290 εἷς
3660 4225 3774 4279 κατ’
3808 4220 3911 4281 ἔτος

2342 4321 2687 4393 καθαίρεται,
2724 4323 2845 4374 ἐκεῖ
2880 4320 3244 4392 ἀναρίθμητοι
3277 4319 3402 4373 καθ’
3437 4320 3676 4390 ἑκάστην
3706 4319 3911 4381 ἀναγεν·

2343 4414 2667 4485 νηθήσονται
2688 4428 2703 4445 ·
2741 4414 2800 4465 ὲν
2833 4411 3008 4485 ταύτῃ
3045 4411 3276 4481 ἄγγελον
3306 4410 3627 4472 ἀπέστειλα.
3656 4410 3714 4462 ὲν
3750 4403 3912 4471 ἐκείνῃ

2268 4539 2314 4594 D
2344 4505 2456 4574 ἐγὼ
2487 4507 2515 4558 6
2543 4506 2652 4559 τῶν
2686 4505 2935 4575 ἀγγέλων
2967 4505 3198 4575 ποιητὴς
3232 4501 3520 4594 κατῆλθον.
3547 4501 3641 4555 Διὸ
3673 4492 3913 4594 προς-τὴν

2341 4595 2609 4668 ἐρώτησιν
2662 4596 3033 4668 ἁποκρίθητι·
3096 4594 3301 4660 Θέλεις
3368 4593 3551 4665 ὑγιὴς
3621 4591 3880 4663 γενέσθαι
3898 4598 3914 4646 ἴ

2339 4684 2617 4749 τουτέστι,
2667 4684 2973 4749 Πιστεύεις,
3004 4685 3088 4738 ὃτι
3118 4686 3176 4737 ἐν
3226 4682 3439 4747 τούτοις
3487 4681 3714 4743 δυνατός
3753 4678 3857 4747 εἰμι
3890 4672 3916 4723 ὁ

2344 4776 2523 4830 λαλῶν
2561 4794 2673 4846 σοι;
2716 4777 2775 4830 Ὀ
2800 4776 2858 4832 δὲ
2898 4776 3232 4848 παράλυτος,
3265 4775 3463 4847 μικρὸν
3493 4772 3806 4832 ἀνανεύσας,
3836 4764 3916 4819 καὶ

2349 4872 2450 4943 τὴν
2493 4870 2810 4923 δεσποτείαν
2839 4869 2935 4923 τοῦ
2975 4869 3185 4940 Κυρίου
3228 4869 3524 4939 γνωρίσας,
3558 4870 3625 4938 τῇ
3660 4857 3911 4932 ,συνηθείᾳ-

2355 4964 2436 5018 ἐτι
2474 4962 2850 5034 συνεχόμενος,
2895 4961 3231 5033 ἀπεκρίνατο
3268 4959 3463 5028 λέγων,
3500 4957 3645 5028 άπερ
3685 4955 3793 5007 ἴστε
3835 4966 3917 5002 σα·

2358 5057 2474 5127 φῶς
2536 5054 2932 5122 γινώσκοντες·
2982 5053 3128 5113 Ναὶ,
3188 5050 3398 5123 Κύριε,
3453 5050 3763 5119 ἄνθρωπον
3819 5043 3918 5096 οὐκ

2358 5148 2496 5216 ἔχω,
2524 5147 2644 5210 ἵνα,
2675 5146 2820 5199 ὅταν
2841 5145 3108 5215 ταραχθῇ
3130 5145 3197 5198 τὸ
3221 5142 3398 5211 ὕδωρ,
3430 5141 3595 5209 ,ϐάλῃ
3614 5139 3693 5210 μὲ
3714 5139 3797 5202 είς
3820 5130 3918 5197 τὴν

2362 5239 2815 5307 κολυμϐήθραν·
2850 5239 2921 5292 ἐν
2953 5231 3001 5305 ᾧ
3024 5237 3094 5291 δὲ
3128 5237 3376 5306 ἔρχομαι
3417 5235 3550 5305 ἐγὼ,
3595 5233 3780 5295 ἄλλος
3817 5220 3917 5292 πρὸ

2358 5333 2504 5405 ἐμοῦ
2539 5333 2897 5387 καταϐαίνει.
2934 5332 2993 5385 Ὀ
3024 5330 3080 5384 δὲ
3128 5328 3332 5399 Κύριος
3365 5326 3503 5399 πρὸς
3550 5325 3643 5378 τὸν
3694 5316 3914 5405 παράλυξ

2361 5402 2481 5480 τον·
2526 5426 2592 5479 Τί
2623 5424 2946 5498 βαμϐαίνεις
2975 5423 3118 5495 (24),
3166 5418 3481 5493 παράλυτε’;
3535 5418 3720 5487 Ἀρκεί
3765 5402 3914 5464 σοιτδ

2362 5734 2809 5816 WWst
2832 5734 3036 5816 ῖράμοε
3067 5732 3193 5816 ἠχεῖ
3222 5728 3365 5816 329s,
3384 5716 3915 5816 δδάνῖφέεηέἒῇἐέξῖ

3218 5780 3436 5871 ἑδραίαν
3456 5780 3764 5870 τῆν’φυγὴν
3788 5780 3912 5854 ἑχόν-
