4092 6390
616 435 721 490 155

1794 425 2100 481 DIDYMUS
2137 423 2698 480 ALEXANDRINUS.

3765 433 3857 489 136

577 584 579 586 -
612 553 808 608 suisse.
835 551 894 606 In
928 549 1202 604 animadv.
1231 564 1264 602 ν
1293 548 1500 617 reliqua
1535 546 1746 617 Didymi
1776 546 1934 600 Alex.
1965 547 2189 615 scripta,
2221 557 2263 606 Α
2291 552 2500 615 dymtts,
2531 546 2682 615 cujus
2713 547 2966 600 amicitiis
2995 563 3161 612 nuper
3189 548 3273 602 usi
3299 563 3502 613 sumus,
3547 548 3614 601 ab
3651 564 3709 603 eo
3755 549 3858 603 loco

612 645 811 715 partim
853 642 1020 705 edita,
1053 642 1247 707 partim
1300 640 1498 692 inedita
1543 638 1721 692 adhuc
1759 637 2070 706 perlustrat.
2127 637 2190 699 _ln

617 736 988 790 additamento
1037 732 1325 800 respondet
1390 743 1658 796 anonymo
1716 729 1928 782 cuidam
1990 727 2190 781 Romae

611 827 790 890 nensi,
823 827 911 893 qui
945 826 995 877 in
1031 843 1043 878 :
1072 821 1290 877 Gazette
1331 820 1590 873 littéraire
1635 819 1697 872 de
1732 819 2003 884 l’Europe,
2061 834 2190 872 ann.

613 917 774 980 1764,
805 916 1056 970 evincere
1104 913 1329 977 studuit,
1383 911 1579 965 librum
1622 910 1780 963 istum
1827 910 1966 962 haud
2009 907 2189 977 profe-

613 1019 758 1062 ctum
787 1022 904 1060 esse
931 1023 958 1056 a
987 1004 1210 1073 Didymo
1247 1003 1424 1057 Caeco.
1449 1001 1606 1055 Conf.
1643 1000 1826 1068 longas
1847 1014 2106 1053 censuras
2139 999 2190 1050 in

615 1094 777 1148 Novis
802 1104 905 1146 act.
937 1093 1212 1156 eruditor.,
1250 1090 1397 1159 Lips.
1435 1106 1578 1144 men.
1608 1088 1731 1143 Jun.
1765 1088 2058 1157 1768,pag.
2087 1088 2192 1141 248

616 1203 762 1255 sqq.;
787 1197 841 1238 et
872 1183 1207 1251 (Schroeckli
1237 1183 1255 1250 )
1291 1183 1342 1235 in
1371 1181 1525 1234 Nova
1557 1180 1679 1234 bibl.
1710 1181 1890 1245 t.‘ieol.,
1924 1190 2052 1234 tom.
2081 1179 2189 1242 VII,

613 1275 934 1346 Lips.1766,
962 1278 1016 1340 8,
1041 1285 1180 1342 part.
1208 1289 1281 1338 ιν,
1303 1290 1353 1341 p.
1382 1273 1650 1337 505-512;
1681 1281 1842 1339 atque
1866 1270 2190 1326 Schroeckli.

616 1371 668 1423 in
707 1367 852 1421 Hist.
881 1368 1009 1420 eccl.
1039 1365 1261 1429 Christ.,
1302 1363 1406 1427 νη,
1433 1379 1486 1432 p.
1519 1363 1610 1418 85.
1632 1361 1914 1416 —Lucem
1945 1362 2194 1416 viderunt

619 1457 829 1526 Didymi
878 1456 1002 1508 libri
1051 1466 1157 1508 tres
1203 1456 1268 1508 de
1327 1453 1604 1516 Trinitate,
1668 1469 1698 1505 a
1755 1452 1914 1508 Joan.
1974 1451 2194 1522 Aloysio

614 1546 949 1616 lllingarello,
980 1545 1075 1600 Gr.
1102 1555 1154 1598 et
1186 1544 1306 1598 Lat.
1337 1545 1569 1605 Bonon.,
1604 1543 1769 1605 1769,
1793 1542 1886 1596 fol.
1933 1542 1996 1596 V.
2021 1543 2192 1597 Mauri

614 1636 746 1689 Boni
783 1634 932 1704 Dein
985 1635 1158 1686 autori
1191 1633 1423 1696 classici,
1465 1631 1681 1686 Bibliol.
1735 1631 2001 1699 portatile,
2061 1643 2192 1700 etc.,

611 1735 753 1794 part.
790 1740 828 1787 ι,
862 1725 1046 1778 Venet.
1080 1725 1236 1788 1795,
1268 1739 1387 1792 pag.
1416 1724 1542 1778 987.
1570 1723 1738 1778 "ABL.

825 1814 1130 1871 SCRIPTA
1204 1813 1477 1869 DIDYMI
1533 1815 1980 1869 DEPERDITA.

2295 639 2380 690 ubi
2409 639 2666 704 scriptum
2706 648 2781 691 est
2816 640 3032 704 (xxxix,
3079 639 3165 706 15)
3199 657 3211 690 :
3248 637 3640 701 Consolamini,
3677 653 3858 694 conso-

2299 728 2486 781 lamini
2518 728 2771 798 populum
2798 743 2998 792 meum,
3020 728 3358 792 sacerdotes,
3383 729 3660 798 loquimini
3693 732 3756 783 ad
3778 745 3862 784 cor

2291 817 2610 884 Jerusalem,
2649 835 2810 889 usque
2835 819 2906 872 ad
2941 819 3099 886 ﬁnem
3139 821 3442 883 voluminis,
3475 821 3652 874 decem
3680 831 3728 874 et
3758 831 3861 874 octo

2292 911 2456 962 edidit
2491 921 2678 964 tomos.
2711 909 2953 963 Meminit
2979 919 3033 964 et
3077 911 3254 978 capite
3287 910 3390 964 109
3422 908 3664 981 Catalogi
3697 920 3749 964 et
3777 910 3859 962 Ni-

2295 1005 2559 1070 cupliorus
2601 1017 2678 1065 rx,
2724 1002 2811 1054 17.
2861 1001 3005 1055 Citat
3038 1001 3406 1056 Damascenus
3453 1003 3696 1069 pluribus
3742 1004 3859 1058 locis

2295 1090 2450 1146 Sacr.
2484 1090 2733 1158 parallel.
2763 1106 2884 1162 pag.
2917 1092 3043 1156 507,
3076 1092 3202 1156 5-11,
3230 1093 3354 1157 677,
3389 1091 3510 1158 721,
3551 1093 3677 1148 781.

2366 1182 2431 1235 1η
2482 1180 2770 1234 Jeremiam
2823 1182 2958 1235 citat
3015 1193 3204 1236 catena
3244 1181 3588 1238 Ghisleriana
3648 1194 3774 1238 tom.
3823 1185 3857 1248 Ι,

2295 1286 2418 1341 pag.
2449 1271 2551 1336 59;
2597 1281 2726 1324 tom.
2762 1271 2826 1335 ll,
2858 1288 2980 1340 pag.
3009 1272 3134 1336 704,
3175 1272 3302 1326 755.

2365 1361 2432 1414 1η
2461 1360 2651 1415 Oscam
2681 1363 2803 1414 libri
2837 1361 2956 1429 III,
2989 1363 3055 1415 ad
3086 1363 3470 1434 Hieronymum
3496 1365 3702 1433 scripti.
3733 1375 3854 1421 teste

2296 1451 2412 1519 ipso
2451 1451 2776 1521 Hieronymo
2813 1467 2931 1519 cap.
2963 1451 3067 1507 109
3100 1451 3174 1505 De
3204 1450 3262 1507 S.
3295 1451 3362 1506 E.
3403 1463 3456 1508 et
3488 1455 3742 1524 Apologia
3780 1458 3854 1509 ul-

2294 1545 2422 1594 tima
2447 1545 2499 1594 in
2520 1540 2699 1610 Ruﬁn.
2753 1557 2808 1610 p.
2842 1543 2965 1606 164,
3007 1551 3062 1596 et
3106 1541 3340 1598 Procem.
3378 1545 3434 1596 in
3472 1547 3662 1599 Oscam
3693 1557 3738 1598 et
3761 1545 3854 1598 Za-

2294 1633 2552 1686 chariam.
2597 1634 2742 1688 Citat
2771 1632 3136 1687 Damascenus
3171 1634 3224 1686 in
3261 1632 3567 1700 Parallelis,
3602 1651 3721 1705 pag.
3747 1635 3854 1691 778.

2295 1722 2609 1793 Hieronymi
2651 1724 2816 1777 verba
2849 1737 2917 1776 ex
2957 1723 3231 1778 Procemio
3267 1725 3321 1777 in
3369 1725 3564 1779 Oscam
3605 1728 3856 1782 ascribere

2295 1814 2469 1884 placet
2493 1832 2506 1868 :
2535 1813 2670 1866 Ante
2698 1830 2863 1867 annos
2895 1814 3105 1866 circiter
3133 1815 3316 1883 uiginti
3345 1817 3478 1870 duos
3500 1858 3515 1883 ,
3563 1834 3682 1870 cum
3711 1835 3853 1872 essem

685 1906 1018 1978 Συγγραφέα
1045 1916 1096 1960 et
1133 1921 1412 1962 sacrorum
1437 1909 1802 1977 expositorem
1836 1909 2189 1977 scriptorum,
2217 1891 2266 1951 B
2293 1904 2650 1967 Alexandria,
2683 1904 2786 1956 vidi
2815 1903 3102 1974 Didymum
3125 1915 3171 1958 et
3196 1921 3314 1959 eum
3341 1907 3643 1986 frequenter
3669 1910 3852 1972 audivi,

614 1999 706 2065 qui
743 2001 937 2052 lllllllOS
977 1999 1036 2053 S.
1069 1997 1358 2068 Scriptura:
1390 1998 1558 2054 libros
1597 2000 1966 2068 explicaverlt,
2013 1999 2194 2053 laudat

616 2089 883 2144 Palladius
911 2092 962 2144 in
991 2090 1251 2144 Lausiaca
1280 2091 1299 2159 (
1329 2105 1452 2160 pag.
1488 2091 1557 2146 15
1577 2092 1710 2146 edit.
1745 2093 1964 2146 Meursii
1986 2091 2027 2161 ),
2055 2103 2108 2146 et
2139 2091 2191 2145 in

624 2179 761 2232 Vitis
793 2177 1014 2232 Patrum
1047 2181 1336 2246 Bosweidi,
1380 2195 1501 2250 pag.
1533 2180 1658 2235 751.
1692 2182 1831 2248 Quin
1863 2183 1912 2234 in
1949 2182 2193 2236 Heracli-

616 2273 702 2326 dis
734 2268 993 2323 Paradiso
1029 2269 1123 2333 (in
1159 2271 1349 2324 iisdem
1386 2269 1543 2334 Vitis,
1574 2286 1694 2340 pag.
1743 2271 1882 2333 710)
1925 2271 2067 2342 legas
2093 2272 2194 2328 Te-

618 2371 944 2416 stamentum
980 2359 1145 2416 Vetus
1184 2376 1248 2415 ac
1283 2361 1485 2415 Novum
1515 2363 1583 2416 ad
1611 2364 1832 2416 verbum
1869 2363 2193 2432 interpreta-

619 2464 733 2507 tum
763 2467 902 2512 esse.
939 2463 1115 2505 seelas
1148 2461 1327 2506 autem
1362 2466 1550 2506 onlnes
1582 2464 1688 2505 tam
1717 2452 1987 2506 subtiliter
2016 2454 2184 2507 llrmio

623 2553 831 2611 terque,
873 2543 1114 2611 exposita
1148 2555 1310 2610 super
1343 2541 1484 2609 ipsas
1512 2542 1724 2595 ratione
1757 2542 2104 2604 disseruisse,
2136 2553 2193 2596 ut

617 2633 861 2703 omnium
910 2616 1192 2688 scientiam
1230 2643 1476 2687 veterum
1511 2632 1870 2703 peritiamqne
1911 2635 2187 2690 transiret.

618 2725 796 2792 Hujus
827 2724 1082 2794 aliquanti
1127 2724 1300 2789 dicta,
1354 2725 1526 2793 inquit
1556 2723 1784 2779 Rufinus
1814 2724 1908 2778 lib.
1955 2743 2008 2779 χι
2046 2725 2188 2781 Hist.

617 2815 824 2876 eccles.,
859 2828 977 2881 cap.
1014 2812 1069 2875 7,
1107 2816 1186 2865 vel
1219 2814 1561 2866 communiter
1593 2815 1862 2881 disputata
1895 2814 1970 2867 vel
2003 2831 2192 2883 propo-

619 2903 858 2957 nentibus
915 2917 1197 2969 responsa,
1255 2903 1503 2955 adhibitis
1553 2904 1780 2956 notariis
1831 2907 2191 2973 descripsere,

616 3011 737 3064 qua:
781 2996 1108 3048 etiamnunc
1154 2994 1212 3046 in
1268 3010 1458 3063 magna
1512 2994 1866 3048 admiratione
1916 2996 2191 3052 habentur.

621 3086 736 3140 Nos
774 3097 966 3148 tamen,
1004 3087 1091 3154 qui
1120 3100 1165 3138 et
1203 3089 1327 3140 vivte
1371 3087 1508 3139 vocis
1556 3087 1668 3154 cjus
1711 3103 1776 3141 ea:
1811 3101 1970 3154 .parte
2020 3090 2194 3158 aliqua

619 3178 816 3248 fuimus
846 3176 1146 3234 auditores.
1173 3185 1220 3227 et
1260 3192 1342 3238 ea,
1376 3191 1492 3242 qua:
1522 3192 1552 3227 a
1599 3177 1863 3231 nonnullis
1907 3179 2108 3232 dicente
2134 3195 2192 3232 eo

619 3269 914 3336 descripta,
959 3266 1213 3335 legimus;
1245 3265 1393 3334 longe
1424 3265 1677 3334 majorem
1709 3269 1934 3336 gratiam
1976 3280 2024 3321 et
2059 3271 2193 3323 divi-

620 3376 746 3412 num
795 3359 964 3413 nescio
995 3358 1152 3428 quid,
1185 3374 1245 3412 ac
1274 3374 1433 3426 supra
1462 3356 1745 3411 humanam
1772 3375 1945 3412 vocem
1974 3375 2193 3424 sonans,

621 3451 674 3502 in
705 3449 809 3503 illis
841 3452 1006 3520 magis
1037 3451 1379 3514 sermonibus,
1414 3450 1502 3519 qui
1544 3451 1607 3503 de
1635 3466 1724 3504 ore
1758 3451 1918 3520 ipsius
1959 3452 2196 3521 profere-

621 3539 834 3605 bantur,
865 3541 1221 3609 cognovimus.

691 3631 793 3696 Εὶς
819 3629 926 3683 τὸν
949 3629 1079 3684 Λὼτ
1106 3632 1203 3684 καὶ
1235 3631 1341 3684 τὸν
1362 3631 1558 3686 Δαϐίδ.
1599 3632 1742 3686 Citat
1789 3631 1945 3688 Joan.
2000 3633 2197 3690 Dama-

623 3739 815 3779 scenus
835 3725 884 3777 in
916 3723 1095 3779 Sacris
1127 3723 1422 3792 Parallelis,
1450 3741 1567 3795 pag.
1593 3727 1861 3791 789,tom.
1892 3726 1931 3780 ll
1957 3725 2093 3796 Opp.

696 3815 762 3869 In
790 3815 984 3869 Jobum
1030 3819 1413 3872 commentarii.
1465 3815 1684 3871 Hieron.
1730 3833 1849 3886 cap.
1893 3819 1995 3873 109
2035 3819 2199 3874 Cata-

625 3905 750 3976 logi.
780 3905 1099 3974 Fragmenta
1135 3905 1360 3973 plurima
1397 3905 1450 3958 in
1499 3915 1686 3958 catena
1717 3905 1935 3959 Patrum
1982 3907 2201 3962 Graeco-

627 4011 748 4050 rum
789 3998 854 4049 ad
883 3994 1002 4049 Jobi
1036 3994 1251 4048 librum.

697 4087 888 4156 Λόγος
915 4086 1004 4150 εἰς
1048 4084 1157 4138 τὸν
1217 4084 1362 4140 Ἰὼϐ.
1416 4086 1774 4143 Damascenus
1815 4089 1868 4142 in
1923 4086 2199 4157 Parallel.,

625 4193 747 4248 pag.
787 4178 911 4234 789.

704 4268 1077 4324 Commentarii
1108 4269 1161 4321 in
1196 4267 1438 4322 Psalmos
1466 4285 1663 4324 omnes.
1692 4269 1914 4326 llieron.
1949 4286 2068 4342 cap.
2104 4271 2204 4327 109

627 4357 965 4427 Ctttalugi,:et
979 4358 1137 4426 epist.
1158 4357 1226 4412 89
1245 4359 1310 4412 ad
1323 4359 1635 4430 Augustin.;
1671 4361 2003 4429 Nicepltorus
2025 4378 2098 4427 ix,
2115 4363 2201 4416 17.

626 4447 947 4518 Fragmenta
997 4449 1132 4502 bene
1180 4448 1349 4502 multa
1384 4449 1436 4502 in
1471 4459 1658 4504 catena
1699 4451 1764 4505 ad
1793 4450 2034 4507 Psalmos
2071 4451 2206 4507 Cor-

628 4539 878 4604 deriana;
907 4547 961 4595 et
994 4541 1044 4593 in
1071 4541 1228 4595 codd.
1257 4550 1496 4599 catenar.
1524 4543 1574 4596 in
1617 4543 1879 4598 Psalmos.

700 4628 768 4682 In
799 4629 1103 4684 Prouerbia.
1136 4631 1491 4687 Cassiodorus
1516 4647 1638 4702 cap.
1669 4632 1703 4686 5
1742 4633 1986 4688 Institut.
2037 4634 2197 4688 divin.

631 4718 738 4782 lit.,
772 4720 826 4772 in
877 4737 977 4789 quo
1013 4720 1148 4775 libro
1197 4721 1479 4792 Didymum
1521 4724 1864 4792 expositorem
1913 4726 1972 4777 in
2017 4723 2202 4778 Gra'ca

630 4811 810 4879 lingua
843 4815 1123 4879 reperimus
1147 4852 1161 4877 ,
1210 4816 1297 4882 qui
1325 4815 1389 4865 ab
1417 4815 1588 4868 amico
1623 4826 1801 4869 nostro
1831 4816 1940 4868 uiro
1967 4817 2203 4870 disertis-

631 4902 765 4956 simo
796 4901 1092 4971 Epiphanio
1120 4905 1173 4956 in
1200 4903 1445 4958 Latinum
1467 4923 1755 4961 sermonem
1788 4907 2199 4978 diligentissime,

635 4993 860 5046 Domino
883 4993 1122 5061 jurante.
1149 4997 1437 5050 translatus
1457 5007 1548 5050 est.
1575 4997 1653 5052 Ex
1686 5001 1786 5053 hoc
1815 5003 2202 5055 commentario

634 5083 934 5151 fragmenta
989 5087 1040 5138 in
1072 5098 1262 5140 catena
1309 5087 1527 5140 Patrum
1569 5089 1635 5141 ad
1674 5087 1993 5155 Proverbia,
2041 5109 2199 5160 quam

633 5174 824 5227 Latine
847 5173 1162 5231 Theodorus
1199 5177 1451 5232 Peltanus
1479 5179 1668 5248 edidit,
1697 5191 1752 5234 et
1779 5181 1831 5235 in
1860 5191 2049 5237 catena
2074 5185 2204 5238 Cor-

632 5267 850 5320 deriana
886 5269 947 5320 ad
973 5266 1130 5324 Lucae
1159 5285 1285 5333 VIII,
1324 5269 1376 5325 5.

709 5353 775 5408 In
809 5353 1200 5413 Ecclesiaslem.
1226 5357 1384 5413 Joan.
1431 5359 1795 5432 Damascenus
1819 5363 1871 5418 in
1901 5363 2078 5419 Sacris
2111 5383 2206 5431 pa-

629 5445 852 5510 rallelis,
882 5463 1001 5516 pag.
1033 5448 1158 5503 685.

703 5537 772 5591 In
828 5537 1108 5594 Canticum
1158 5543 1412 5597 canticor.
1463 5544 1661 5600 Catena
1707 5562 1736 5600 a
1789 5545 2022 5602 Meursio
2061 5549 2203 5602 edita

634 5645 756 5700 pag.
790 5630 873 5684 19.

706 5719 772 5773 In
807 5721 968 5776 Isaia:
1009 5733 1266 5788 postrema
1301 5739 1332 5775 a
1360 5724 1757 5796 quadragesimo
1792 5742 1952 5797 usque
1987 5728 2162 5795 capita
2187 5762 2207 5786 .

635 5811 760 5863 tomi
801 5809 849 5864 Χ
869 5809 1028 5866 VIII.
1085 5811 1439 5870 llieronwnus
1483 5813 1708 5886 Prolugo
1741 5817 1794 5870 in
1832 5815 2055 5870 Isaiam.
2105 5814 2202 5869 Di-

2292 1995 2461 2050 virum
2490 1995 2574 2046 sui
2597 1996 2842 2064 temporis
2863 1995 3300 2060 eruditissimum,
3320 1999 3601 2068 rogavique
3627 2015 3760 2062 eum,
3784 2010 3851 2062 ut,

2290 2086 2428 2155 quod
2464 2084 2714 2154 Origenes
2754 2102 2856 2139 non
2885 2087 3100 2154 fecerat,
3135 2089 3244 2157 ipse
3269 2090 3574 2155 compleret,
3609 2100 3655 2144 et
3679 2090 3854 2144 scribe-

2292 2187 2370 2229 ret
2424 2177 2476 2228 in
2529 2174 2662 2231 Osee
2702 2179 3100 2232 commentarios
3137 2196 3156 2232 :
3189 2181 3277 2248 qui
3331 2192 3434 2233 tres
3473 2181 3636 2235 libros
3677 2197 3752 2234 me
3779 2198 3855 2249 pe-

2293 2274 2431 2319 tente
2457 2265 2701 2332 dictavit,
2727 2268 2956 2335 quinque
2983 2267 3119 2320 alios
3152 2269 3207 2320 in
3231 2266 3578 2322 Zachariam.

2366 2354 2432 2410 In
2463 2354 2778 2409 Zachariam
2802 2357 2926 2410 libri
2964 2356 3025 2421 V,
3053 2356 3382 2428 Hieronymo
3410 2369 3636 2428 rogante
3665 2359 3849 2429 scripti.

2291 2447 2366 2504 Id.
2390 2448 2663 2502 Prommio
2690 2451 2742 2502 in
2771 2448 3092 2503 Zachariam
3119 2467 3136 2504 :
3167 2449 3422 2519 Didymus
3448 2454 3678 2521 quinque
3697 2453 3855 2517 expla-

2292 2543 2563 2594 nationum
2593 2540 2754 2593 libros
2785 2558 2866 2593 me
2893 2551 3107 2609 rogante
3145 2541 3392 2604 dictavit,
3421 2559 3551 2610 quos
3593 2560 3708 2595 cum
3747 2543 3850 2594 aliis

2293 2633 2458 2685 tribus
2488 2633 2541 2684 in
2572 2630 2703 2685 Osee
2729 2642 2778 2685 et
2809 2632 2934 2684 mihi
2961 2631 3404 2702 προσεφώνησεν.
3431 2634 3539 2688 Sed
3561 2646 3668 2688 tota
3693 2648 3852 2687 eorum

2292 2723 2554 2794 ἐξήγησις
2589 2723 2872 2793 allegorica
2907 2725 3031 2793 fuit,
3062 2735 3108 2778 et
3146 2726 3380 2779 historia:
3410 2727 3498 2779 uia:
3544 2741 3708 2794 pauca
3753 2725 3854 2777 teti~

2292 2826 2497 2884 gerunt.

2364 2909 2542 2961 Etiam
2565 2909 2617 2960 in
2640 2907 2916 2962 tilia/tatam
2937 2909 3217 2978 scripsisse
3241 2908 3528 2980 Didymum
3548 2919 3656 2963 tres
3683 2908 3852 2967 libros,

2295 3009 2445 3053 notat
2482 2999 2859 3054 'l‘illemontius
2893 3008 3025 3053 tom.
3061 2999 3107 3053 Χ
3141 3000 3388 3063 Memor.,
3445 3017 3572 3071 pag.
3603 2999 3739 3064 595;
3774 2997 3853 3050 sed

2297 3092 2507 3160 decepit
2555 3108 2678 3145 eum
2720 3103 3008 3160 corruptus
3059 3093 3309 3146 Prommii
3370 3091 3767 3162 llieronymiani
3805 3089 3853 3140 in

2297 3183 2608 3238 Zachariam
2657 3184 2804 3239 locus
2842 3203 2856 3238 :
2900 3202 3030 3254 quos
3064 3201 3183 3238 cum
3219 3187 3384 3239 tribus
3417 3186 3541 3239 aliis
3579 3189 3631 3238 in
3668 3183 3787 3238 Osee
3810 3190 3850 3234 et

2298 3275 2525 3329 Michtva
2556 3277 3000 3346 προσεφώνησεν,
3036 3291 3154 3344 pro,
3187 3286 3234 3330 et
3272 3278 3396 3330 mihi
3428 3275 3851 3346 προσεφώνησεν,

2298 3372 2355 3417 ut
2383 3378 2412 3416 e
2458 3378 2588 3418 mss.
2619 3366 2738 3418 cod.
2781 3375 2926 3418 recte
2965 3363 3308 3419 Martianzeus
3338 3367 3598 3420 restituit.

2359 3456 2423 3508 In
2451 3454 2794 3522 Evangelium
2824 3454 3083 3509 Matt/uni.
3109 3455 3349 3511 Meminit
3379 3458 3605 3513 Hieron.
3631 3473 3743 3525 cap.
3766 3453 3852 3509 109

2299 3542 2537 3612 Catalogi
2559 3554 2613 3598 et
2639 3545 2876 3598 ιιι-οωω.
2894 3545 2949 3597 in
2977 3544 3284 3599 Matthteum
3305 3565 3323 3611 ,'
3341 3547 3668 3616 Nicephorus
3686 3563 3755 3609 Ix,
3776 3545 3851 3596 17.

2299 3635 2441 3688 Citat
2492 3635 2854 3690 Damascenus
2912 3651 3032 3704 pag.
3098 3637 3200 3690 676
3256 3637 3518 3694 Parallel.
3583 3641 3637 3694 ln
3685 3649 3851 3692 catena

2298 3724 2440 3778 edita
2468 3727 2532 3778 ad
2564 3725 2897 3790 Matthmum,
2933 3742 3226 3796 nusquam,
3272 3729 3416 3798 quod
3457 3731 3682 3784 miratus
3727 3741 3849 3786 sum,

2304 3815 2512 3885 Didymi
2546 3832 2738 3870 nomen
2771 3819 3030 3872 occurrit.

2370 3905 2437 3960 In
2468 3905 2809 3976 Evangelium
2846 3907 3097 3962 Joannis.
3129 3908 3352 3964 Hieron.
3388 3924 3438 3965 c.
3469 3911 3575 3967 109
3601 3905 3851 3975 Catalogi.‘

2301 3997 2637 4068 Nicepltorus
2672 4015 2749 4062 nt,
2786 3999 2867 4052 17.
2921 3999 3066 4053 Citat
3101 4002 3462 4056 Damascenus
3498 4019 3619 4072 pag.
3657 4000 3770 4062 754,
3807 4007 3852 4048 et

2303 4091 2498 4158 saepius
2533 4097 2718 4144 auctor
2757 4099 2960 4145 catenae
2998 4090 3213 4146 Patrum
3259 4092 3570 4148 Grmcorum
3617 4092 3764 4147 edita:
3805 4088 3850 4138 in

2302 4180 2581 4234 Joannem.

2375 4269 2488 4341 [In
2537 4271 2670 4324 Acta
2716 4270 3090 4340 apostolorum.
3149 4271 3215 4326 V.
3260 4271 3309 4326 J.
3343 4273 3656 4341 ChristOplt.
3693 4266 3852 4323 Wollii

2303 4363 2568 4417 Anecdota
2595 4361 2714 4428 Gn,
2755 4373 2884 4418 tom.
2922 4362 3010 4430 ιν,
3045 4379 3168 4433 pag.
3215 4367 3242 4420 1
3283 4380 3427 4435 sqq.,
3474 4369 3566 4422 ubi
3603 4368 3737 4420 inter
3772 4375 3854 4413 ex-

2307 4465 2488 4522 cerpta
2515 4471 2579 4508 ex
2615 4463 2803 4508 catena
2832 4469 2933 4509 ms.
2978 4455 3034 4508 in
3078 4456 3212 4509 Acta
3243 4467 3413 4525 apost.
3443 4469 3491 4511 et
3517 4457 3649 4526 Epp.
3673 4450 3847 4508 cathol.

2236 4564 2279 4617 υ
2311 4546 2507 4600 multas
2545 4545 2758 4616 Didymi
2803 4546 3298 4615 interpretationes,
3329 4563 3398 4602 ex
3439 4549 3560 4619 ejus
3584 4550 3850 4602 comment.

2305 4635 2362 4689 in
2401 4637 2532 4688 Acta
2560 4644 2728 4702 apost.
2764 4643 3042 4703 sumptas,
3076 4635 3171 4690 Gr.
3213 4636 3414 4700 attulit,
3455 4637 3650 4692 Latine
3690 4630 3853 4688 vertit,

2302 4737 2359 4780 et
2399 4727 2526 4780 hinc
2560 4725 2687 4781 inde
2725 4727 3004 4796 explicuit.
3044 4757 3107 4766 —
3163 4727 3220 4780 In
3272 4730 3394 4783 cod.
3437 4729 3657 4784 Coislin.
3702 4717 3850 4780 XXV.

2303 4817 2392 4886 qui
2416 4817 2792 4886 complectitur
2811 4819 2943 4870 Acta
2968 4819 3330 4887 apostolorum
3357 4828 3410 4875 et
3435 4821 3566 4889 Epp.
3589 4814 3854 4872 catholicas

2303 4923 2424 4960 cum
2460 4909 2861 4962 commentariis
2894 4923 2959 4962 ex
2994 4909 3412 4980 Cbrysostomo,
3446 4908 3721 4965 Ammonio
3748 4916 3855 4972 pre-

2305 4997 2546 5067 sbytero,
2566 4998 2814 5068 Didymo,
2836 5000 3063 5068 aliisque
3086 4999 3337 5056 Patribus
3363 5011 3417 5056 et
3445 4999 3742 5057 auctoribus
3759 4989 3856 5045 col-

2305 5088 2459 5142 lectis
2492 5099 2547 5142 et
2572 5089 2623 5142 in
2651 5093 2896 5145 ordinem
2930 5092 3153 5161 digestis
3182 5093 3250 5147 ab
3291 5094 3505 5148 Andrea
3537 5090 3849 5164 presbytero.

2306 5179 2426 5234 Vid.
2448 5180 2738 5236 Montl'auc.
2765 5181 2903 5237 Bibl.
2939 5181 3182 5250 Coislin.,
3202 5200 3256 5254 p.
3289 5184 3357 5238 75
3373 5200 3462 5256 sq.
3489 5196 3543 5240 et
3569 5199 3619 5252 p.
3658 5175 3770 5237 265,
3797 5171 3854 5221 αα

2306 5274 2425 5326 cod.
2471 5272 2622 5338 CCII,
2650 5274 2743 5342 qui
2776 5275 3017 5328 continet
3051 5275 3185 5331 Acta
3220 5279 3511 5346 apostolor.
3557 5289 3673 5329 cum
3697 5268 3851 5331 Clu‘Y'

2307 5365 2553 5430 sostomi,
2583 5364 2795 5436 Didymi
2825 5365 3162 5436 aliorumque
3189 5369 3591 5424 commentariis
3611 5408 3626 5432 ,
3659 5373 3710 5417 Cl
3745 5369 3848 5428 ρθεο

2305 5452 2434 5514 964,
2469 5453 2523 5506 in
2564 5454 2680 5507 cod.
2717 5453 2895 5518 CCIV,
2929 5473 2978 5510 s.
3005 5465 3194 5511 catena
3227 5459 3279 5512 in
3315 5459 3580 5528 Epistolas
3609 5450 3766 5510 Pauli.
3793 5469 3853 5483 -

2308 5542 2487 5597 Leidae
2539 5544 2680 5599 inter
2723 5545 2882 5600 codd.
2949 5545 3196 5602 Vossian.
3245 5550 3500 5620 Didymus
3541 5550 3604 5602 atl
3649 5556 3755 5610 cap.
3801 5545 3848 5586 ιιι

2307 5637 2566 5692 Actorum
2619 5638 2887 5706 apostol.,
2933 5654 3077 5696 vers.
3120 5643 3185 5696 19
3226 5653 3280 5697 et
3339 5643 3443 5709 2|,
3496 5642 3588 5697 Gr.
3637 5636 3696 5691 V.
3747 5626 3846 5683 Cal-

2309 5730 2432 5784 bibl.
2483 5728 2654 5794 Leid.,
2703 5746 2826 5801 pag.
2857 5733 2980 5802 401,
3031 5750 3087 5792 n.
3121 5733 3608 5792 4,—Vindobonze
3658 5729 3703 5782 in
3747 5716 3847 5774 cod.

2309 5819 2446 5874 Caes.
2487 5819 2640 5876 CCLl
2662 5860 2676 5886 ,
2705 5822 2796 5890 qui
2831 5825 3069 5880 continet
3100 5825 3353 5895 anonymi
3385 5824 3531 5883 locos
3573 5816 3850 5878 communes
