4092 6388
254 314 338 371 I'S'l
606 314 613 320 ’
1808 321 1886 377 NC

1990 322 2115 378 l'IA.
3484 329 3590 387 138

254 431 510 487 asceticos
531 433 605 488 de
632 434 1241 507 interpretationibus
1275 440 1570 494 divinorum
1598 449 1899 509 przecepto-
1929 447 1976 502 Α
2004 442 2143 512 logia
2188 441 2376 495 ultima
2404 442 2472 494 ad
2530 440 2737 507 Ruﬁn.,
2774 458 2896 513 pag.
2936 444 3040 497 161
3064 461 3078 496 :
3106 443 3291 499 Exstat
3336 444 3467 498 liber
3498 444 3600 499 Di-

260 537 371 575 rum
401 523 628 579 Domini
663 542 739 580 ex
777 530 1015 585 varior.
1060 529 1282 583 Patrum
1307 544 1428 600 opp.
1471 530 1762 595 collectos,
1797 529 1889 586 l'ol.
2017 532 2160 604 dymi
2206 533 2277 585 ad
2333 544 2404 596 te,
2431 549 2532 602 quo
2562 534 2854 587 sciscitanti
2893 535 2987 589 tibi
3027 537 3313 637 νεερονίᾱὶι,
3355 554 3459 592 non
3511 554 3601 592 eos

269 614 358 637 sm
388 626 561 637 -__._.
596 618 830 637 n21_-,-
870 619 898 637 ιι
1152 631 1162 637 ,
1300 636 1303 637 ν
1431 621 1537 637 ,-_-,
1591 620 1603 632 ο
1672 622 1684 633 ~
1784 623 1800 637 ι
1853 632 1864 637 ,
2114 622 2147 637 ι.
2540 626 2627 637 ,u.
3560 630 3572 637 .

269 614 358 669 187
385 626 568 672 exstat
596 618 833 687 Didymi
867 619 1256 689 fragmentum
1282 620 1636 689 expositionis
1665 622 1723 675 in
1763 623 1901 676 Acta
2015 622 2182 676 multa
2208 640 2470 691 peccasse.
2500 636 2546 678 et
2575 626 2691 680 ideo
2711 642 2988 693 corporum
3023 614 3257 680 carrer'es
3284 637 3487 680 tantum
3523 630 3601 683 eis

281 709 1908 788 spostolorumN.Lambec.Comment.V,p.32£sqq.HttttL.]
2014 714 2239 783 tetigisse
2281 717 2535 785 sufﬁcere.
2569 716 2826 786 Magister
2860 734 3004 771 meus
3032 728 3082 771 et
3130 726 3253 772 tuus
3283 735 3343 772 eo
3370 731 3599 787 tempore

362 797 745 869 lnEpistolam
781 803 856 856 ad
888 800 1122 856 Galatas
1147 805 1250 873 (vel
1276 814 1425 859 certe
1460 805 1512 858 in
1546 805 1693 858 illum
1722 808 1897 861 locum

314 894 398 947 ubi
435 891 574 947 Petri
615 908 646 945 a
680 892 868 949 Paulo
924 896 1242 963 reprehensi
1276 895 1338 948 lit
1368 895 1614 966 mentio).
1658 895 1881 953 Hieron.

327 989 469 1057 epist.
490 987 571 1051 89,
593 987 665 1042 ad
699 987 1016 1058 Augustin.

398 1080 456 1131 lu
491 1076 782 1147 Epistulam
819 1080 893 1132 ad
930 1079 1189 1148 Ephesios
1211 1082 1647 1135 commentarioli.
1679 1082 1900 1138 Hieron.

336 1169 368 1225 Ι
390 1173 437 1222 in
459 1171 628 1239 Ruﬁn.
655 1181 713 1225 et
744 1170 987 1228 Promm.
1024 1172 1081 1225 in
1108 1170 1274 1239 Epist.
1312 1175 1382 1225 ad
1418 1171 1611 1242 Ephes.

394 1261 454 1316 la
484 1260 780 1330 Epistulam
808 1262 878 1315 ad
909 1261 1230 1318 Corinthios.
1271 1263 1495 1319 Hieron.
1526 1267 1685 1336 epist.
1711 1266 1801 1329 3|.
1831 1267 1899 1322 ad

324 1355 719 1410 Pammachium
752 1370 768 1405 :
803 1340 1077 1423 Origenes,
1110 1355 1419 1426 Dionysius,
1457 1354 1693 1423 Pierius,
1726 1358 1900 1413 Euse-

2010 819 2113 872 quo
2141 816 2197 857 tu
2226 805 2292 858 ab
2325 822 2384 858 eo
2413 807 2513 859 ista
2547 807 2839 876 quaerebas.

2082 894 2160 947 De
2186 895 2378 960 impari
2410 914 2649 962 numero,
2676 898 2793 953 sive
2848 900 3175 968 septenario.
3203 898 3426 956 Hieron.
3452 902 3596 971 Apo-

2009 985 2148 1053 logia
2178 1003 2272 1047 pro
2300 987 2445 1041 libris
2472 989 2723 1043 adversus
2746 990 3108 1046 Iovinianum.

2081 1080 2219 1150 Περὶ
2248 1080 2564 1151 ἀσωμάτου.
2613 1084 2958 1149 Damascen.,
2986 1102 3111 1155 pag.
3144 1088 3248 1144 780
3280 1087 3538 1146 Parallel.

2089 1171 2487 1243 Ύπομνήματα
2534 1176 2615 1238 εἰς
2646 1175 2715 1228 τὰ
2736 1178 2874 1244 Περὶ
2899 1178 3107 1247 ἀρχῶν
3152 1182 3489 1253 Ὠριγένους,
3526 1182 3595 1238 In

2005 1264 2165 1318 libros
2191 1264 2434 1335 Origenis
2485 1267 2557 1321 De
2602 1270 2883 1340 principiis
2915 1279 3290 1329 conmentario
3337 1281 3591 1347 apologa-

2008 1356 2137 1414 tica.
2183 1355 2446 1411 adversus
2486 1358 2605 1428 ejus
2648 1361 3011 1430 adversarios,
3044 1381 3206 1433 ,quos
3243 1368 3589 1436 calumniari,

321 1448 431 1501 bias
461 1445 826 1513 Ca'sariensis,
886 1447 1170 1517 Didymus,
1240 1450 1587 1515 Apollinaris,
1647 1451 1901 1507 latissime
2005 1463 2126 1511 Quae
2154 1463 2259 1501 ηοη
2304 1449 2689 1518 intelligerent,
2731 1456 2926 1525 arguit,
2962 1466 3096 1512 teste
3121 1457 3366 1525 Socrate,
3404 1478 3476 1525 tv,
3496 1463 3587 1519 25.

315 1541 450 1592 hanc
481 1537 776 1605 Epistolam
800 1542 1129 1606 interpretati
1174 1556 1315 1595 sunt.
1342 1541 1487 1597 Cilat
1526 1544 1899 1600 Damasceuus

312 1631 372 1685 in
401 1628 706 1693 Parallelis,
742 1645 868 1702 pag.
912 1630 1033 1685 72L

385 1720 664 1776 Sectarum
688 1721 926 1775 uolumen
945 1722 1043 1793 (a).
1073 1722 1326 1794 Didymus
1354 1724 1466 1792 ipse
1503 1722 1642 1777 libro
1675 1721 1753 1777 De
1774 1721 1896 1789 Spi-

2002 1536 2099 1593 His
2146 1539 2415 1606 praecipue
2449 1541 2501 1593 in
2539 1556 2598 1593 se
2634 1543 2815 1597 odium
2865 1545 3157 1601 multorum
3205 1560 3258 1604 et
3299 1553 3592 1609 invectivas

2004 1633 2275 1685 contraxit
2314 1633 2489 1685 bonus
2522 1632 2778 1700 Didymus
2809 1652 2822 1688 :
2860 1647 3022 1706 atque
3056 1632 3278 1709 propter
3311 1642 3407 1696 bos
3438 1658 3590 1699 com-

2002 1722 2299 1777 mentarios
2334 1723 2542 1776 factum
2589 1735 2693 1791 cst,
2730 1736 2789 1779 ut
2819 1728 2983 1781 etiam
3034 1743 3152 1798 post
3205 1730 3314 1786 fata
3359 1736 3431 1788 sit
3464 1751 3587 1790 cum

312 1810 420 1863 ritu
438 1809 529 1875 8.,
553 1820 685 1864 tom.
709 1808 782 1864 IX
801 1793 1188 1880 0pp.Hieron.,
1220 1827 1342 1880 pag.
1368 1812 1474 1867 5‘25
1499 1829 1511 1864 :
1540 1812 1692 1878 Quod
1722 1823 1896 1869 autem
1927 1793 1970 1848 Β
2000 1812 2235 1885 Origene
2264 1822 2323 1867 ct
2351 1813 2586 1882 Evagrio
2607 1818 2951 1887 proscriptus
2980 1793 3083 1875 non
3111 1839 3217 1876 uno
3245 1824 3295 1876 in
3329 1827 3583 1880 concilio.

322 1903 391 1955 ab
416 1902 540 1955 aliis
588 1903 835 1965 capiatur
883 1900 1111 1970 Spiritus
1148 1902 1211 1958 S.
1239 1914 1288 1957 et
1328 1921 1430 1958 non
1472 1906 1579 1958 alia
1614 1906 1815 1974 capiat,
1847 1916 1897 1960 et

312 2010 450 2048 nunc
480 2007 529 2047 et
558 1997 613 2048 in
653 1986 936 2049 Séctarum
980 1996 1261 2061 uolumine,
1294 2008 1447 2065 prout
1475 1998 1766 2063 potuimus,
1800 2015 1895 2053 ex-

312 2087 618 2153 pressimus.
656 2085 724 2139 Et
752 2100 876 2155 pag.
899 2085 1003 2140 528
1028 2104 1040 2139 :
1067 2086 1181 2140 Hoc
1223 2089 1418 2156 ipsum,
1471 2090 1611 2159 quod
1655 2092 1896 2144 subsistit

314 2177 568 2244 Spiritus,
604 2179 883 2245 sapientia:
907 2189 1003 2243 est,
1033 2190 1079 2231 et
1109 2190 1301 2232 natura
1326 2181 1440 2249 ejus
1466 2180 1598 2233 nihil
1619 2192 1691 2235 est
1723 2182 1893 2247 aliud,

313 2271 419 2323 nisi
447 2268 680 2336 Spiritus
714 2272 949 2324 veritatis
978 2282 1024 2325 et
1076 2269 1311 2337 Spiritus
1340 2272 1456 2339 Dei,
1493 2273 1558 2325 de
1580 2275 1764 2343 quibus
1776 2276 1894 2343 jam

314 2364 645 2415 abundanter
696 2364 752 2416 in
802 2361 1080 2418 Sectarum
1172 2364 1435 2419 volumine
1492 2370 1890 2435 disputavimus.

316 2455 578 2509 lletnorat
612 2466 669 2509 et
700 2455 908 2527 Didymi
940 2459 1191 2511 adversus
1221 2470 1388 2512 sectas
1408 2474 1544 2527 opus
1577 2459 1893 2516 Heraclides

314 2548 367 2599 in
414 2546 699 2612 l'aradiso,
732 2566 783 2602 c.
817 2549 865 2611 1,
899 2564 955 2617 p.
984 2549 1108 2603 710.
1141 2551 1222 2602 Ab
1246 2550 1348 2604 hoc
1403 2567 1508 2605 non
1556 2552 1892 2623 distinguen-

312 2639 438 2689 dum
466 2638 772 2707 dogmatutu
801 2640 1058 2700 volumen,
1084 2639 1240 2709 cujus
1274 2641 1542 2706 meminit,
1570 2656 1621 2709 p.
1653 2641 1780 2696 552.
1810 2641 1894 2695 Ex

309 2730 501 2797 quibus
522 2729 834 2796 Ostenditur,
863 2746 972 2785 esse
997 2729 1251 2799 Spiritum
1277 2731 1334 2786 S.
1366 2744 1676 2801 creatorem,
1703 2746 1756 2786 ut
1772 2735 1893 2804 jam

310 2821 367 2872 in
408 2818 731 2890 Dogtnatum
762 2820 1028 2876 volumine
1056 2824 1279 2876 breriter
1306 2826 1649 2880 ostendimus.
1675 2824 1773 2879 Hic
1808 2836 1895 2881 est

309 2908 469 2964 Liber
484 2911 551 2964 de
570 2912 917 2980 dogmatibus,
943 2914 1097 2983 cujus
1120 2925 1174 2969 et
1206 2913 1592 2987 llierouymus,
1627 2931 1749 2986 cap.
1786 2917 1890 2973 109

309 3002 553 3074 Catalogi
594 3005 920 3059 mentionem
968 3006 1114 3060 facit.
1144 3008 1210 3061 Et
1252 3007 1617 3065 Tlteodoritus
1676 3025 1750 3076 tv,
1795 3010 1887 3076 29,

313 3095 455 3150 Hist.
488 3106 741 3161 testatur,
774 3099 961 3153 eodem
994 3108 1237 3169 tempore
1264 3100 1617 3169 Epltraimutn
1650 3102 1885 3165 Edessa,
1916 3139 1959 3196 α

312 3198 367 3241 et
403 3187 745 3243 Alexandria:
784 3189 1064 3262 Didytuum
1106 3191 1247 3244 κατὰ
1287 3190 1397 3244 τῶν
1449 3191 1758 3245 ἀντιπάλων
1788 3192 1888 3263 τῆς

314 3278 566 3350 ἀληθείας
597 3279 886 3351 δογμάτων
934 3282 1135 3351 scripta
1190 3285 1576 3351 composuisse.
1623 3286 1727 3338 Sed
1769 3298 1890 3353 quae

315 3369 556 3426 Stobcus
600 3372 791 3443 Eclog.
839 3374 1019 3439 ethic.,
1069 3390 1193 3444 pag.
1234 3375 1324 3439 15,
1358 3391 1424 3429 ex
1465 3377 1689 3448 Didymo
1744 3377 1887 3446 Περὶ

311 3466 589 3534 αἱρέσεως
613 3466 797 3529 aﬂ'ert,
821 3468 986 3536 petita
1029 3478 1157 3522 sunt
1194 3484 1259 3521 ex
1288 3470 1496 3538 Didymi
1538 3470 1759 3525 alterius
1788 3470 1884 3541 (b),

310 3560 502 3615 ethnici
554 3562 864 3630 scriptoris,
903 3561 1043 3614 libro
1083 3560 1223 3629 Περὶ
1283 3563 1654 3631 φιλοσοφίας
1692 3565 1889 3617 Πυθα-

310 3649 566 3720 γορικῆς,
599 3667 762 3721 quem
796 3652 1243 3708 laudatCletueus
1272 3656 1423 3707 Alex.
1469 3656 1732 3722 tStrom.,
1757 3671 1884 3726 pag.

312 3740 429 3808 509,
459 3754 514 3797 et
540 3741 699 3810 cujus
734 3742 877 3811 Περὶ
902 3742 1021 3795 τῶν
1044 3741 1317 3797 Πλάτωνι
1337 3745 1743 3811 ἀρεσκόντων,
1772 3744 1886 3798 lau-

307 3835 394 3887 dat
425 3836 693 3891 Eusebius
718 3851 796 3900 Il,
830 3835 924 3898 25,
948 3833 1272 3902 Prwparat.,
1308 3837 1605 3905 lipttomen,
1637 3837 1885 3893 Stobaeus

304 3925 579 3996 Florileg.,
622 3942 787 3982 serui.
812 3928 937 3992 101,
971 3944 1093 3997 pag.
1127 3928 1247 3983 557.
1290 3929 1426 3983 νιιΙθ
1446 3929 1603 3982 Joan.
1632 3930 1883 3986 Christo-

302 4020 455 4090 pbori
488 4020 674 4075 Wollii
719 4022 1180 4086 dissertatioucm,
1223 4037 1328 4091 qua
1381 4022 1881 4091 l'hilosophumena,

303 4126 422 4180 quae
454 4113 557 4166 sub
579 4111 830 4180 Origenis
864 4112 1113 4166 feruntur
1151 4114 1388 4176 nomine,
1420 4130 1517 4183 pro
1547 4114 1637 4168 illo
1670 4115 1881 4186 Didymi

306 4198 579 4255 Sectarum
616 4204 885 4256 volumine
914 4204 1097 4258 haberi
1130 4222 1235 4259 non
1291 4220 1470 4274 posse,
1502 4221 1678 4275 neque
1726 4207 1880 4261 volu-

304 4309 421 4348 men
448 4294 769 4363 Dogmatutn
799 4295 1005 4364 Didymi
1053 4295 1211 4349 Alex.
1245 4310 1273 4349 a
1306 4294 1579 4350 Sectarum
1606 4299 1882 4354 volumine

302 4385 573 4439 diversum
639 4401 756 4440 csse
815 4387 1053 4456 disputat
1105 4389 1367 4443 adversus
1431 4388 1877 4460 Cltristopltorum

2002 1906 2137 1962 Vide
2181 1907 2475 1962 cardiualis
2510 1909 2583 1962 H.
2633 1910 2829 1965 Norisii
2861 1911 3004 1967 Diss.
3058 1919 3119 1968 de
3145 1918 3345 1985 synodo
3376 1921 3582 1989 quinta,

1998 1998 2178 2067 capite
2210 1998 2265 2062 7,
2295 1998 2384 2051 ubi
2416 2009 2605 2052 contra
2636 1998 2950 2056 llalloisium
2995 2005 3171 2070 docet,
3205 2022 3234 2059 a
3274 2009 3461 2075 quinta
3492 2025 3585 2082 sy-

1999 2089 2142 2143 nodo
2197 2091 2438 2160 generali
2501 2091 2687 2160 utique
2743 2090 2911 2148 fuisse
2967 2095 3255 2151 damnatos
3299 2098 3583 2170 Evagrium

2000 2182 2394 2255 Didymumque
2429 2200 2481 2237 a.
2524 2183 2652 2248 555,
2698 2200 2871 2255 neque
2916 2186 2967 2240 itt
3006 2187 3105 2241 Ιιυ(⁵
3151 2206 3365 2245 errasse
3400 2195 3585 2248 conci-

2000 2275 2125 2327 lium
2154 2283 2522 2331 Laterancuse
2556 2277 2656 2330 sub
2684 2276 2917 2333 Martiuo
2973 2295 3134 2349 papa,
3169 2299 3222 2335 a.
3258 2283 3385 2348 619,
3423 2301 3586 2357 syno-

1998 2368 2233 2439 dutnquc
2260 2379 2469 2423 sextam
2504 2372 2559 2423 in
2590 2368 2772 2423 Trulla
2816 2388 2866 2424 ιι.
2903 2371 3027 2437 680,
3069 2386 3123 2427 et
3166 2379 3452 2444 septimam
3478 2379 3580 2435 787

1996 2459 2294 2525 Nicamam,
2335 2478 2456 2531 qua:
2494 2465 2803 2531 exemplum
2840 2464 2969 2517 illud
2999 2468 3212 2520 concilii
3252 2471 3426 2537 quinti
3458 2479 3585 2525 sunt

1997 2563 2215 2606 secutae.
2244 2553 2577 2622 Argumenta
2608 2551 2804 2606 Norisii
2860 2554 3190 2611 labefactare
3255 2575 3357 2612 non
3409 2563 3584 2629 potttit

1994 2638 2148 2693 Joau.
2180 2640 2480 2696 Garnerius
2524 2644 2576 2696 in
2617 2643 2758 2697 Diss.
2798 2644 2866 2698 de
2909 2648 3097 2700 eadem
3133 2649 3319 2718 quinta
3373 2655 3582 2721 synodo

1994 2745 2156 2801 quam
2199 2731 2435 2787 Liberali
2460 2731 2734 2790 Breviario
2765 2738 3058 2807 subjuuxit.
3096 2740 3458 2814 Hieronymus
3485 2746 3578 2805 lib.

1994 2839 2030 2877 ll
2062 2825 2114 2877 in
2140 2823 2348 2893 Ila/in.,
2387 2841 2508 2897 pag.
2548 2828 2690 2884 “8:
2726 2828 2867 2895 Quid
2904 2834 3233 2898 respondebis
3262 2852 3357 2903 pro
3415 2838 3584 2909 Didy-

1993 2933 2100 2981 mo,
2126 2919 2214 2986 qui
2245 2930 2384 2972 certe
2419 2919 2474 2972 in
2520 2919 2780 2974 Trinitate
2815 2924 3109 2979 catholicus
3133 2938 3230 2993 est,
3250 2929 3400 2999 cujus
3420 2934 3581 2986 etiam

1994 3027 2088 3064 nos
2118 3011 2191 3066 De
2214 3012 2417 3080 Spiritu
2459 3011 2517 3067 S.
2562 3014 2756 3068 librum
2784 3016 2838 3070 in
2878 3017 3121 3073 Latinam
3149 3021 3385 3093 linguam
3421 3028 3581 3080 verti-

1992 3120 2108 3157 mus
2132 3105 2157 3157 ?
2194 3104 2346 3158 Certe
2363 3107 2445 3159 hic
2482 3109 2539 3159 in
2571 3108 2653 3161 his
2688 3125 2807 3178 qute
2831 3112 2894 3163 ab
2931 3112 3191 3168 hture:icis
3231 3117 3286 3169 in
3334 3116 3579 3189 Origenis

1991 3198 2236 3261 Operibtts
2272 3197 2362 3267 (ex
2407 3197 2585 3253 Rufini
2630 3201 2838 3255 scilicet
2887 3204 3162 3276 Opinione)
3209 3208 3392 3262 addita
3428 3221 3573 3278 sunt,

1988 3301 2036 3343 et
2068 3291 2120 3342 in
2151 3290 2291 3356 ipsos
2328 3291 2465 3363 Περὶ
2515 3292 2720 3363 ἀρχῶν,
2748 3311 2879 3364 quos
2922 3309 2980 3349 tu
3021 3299 3391 3367 interpretatus
3412 3319 3488 3371 es,
3511 3305 3578 3358 li-

1991 3384 2109 3436 bros
2139 3385 2313 3438 breves
2348 3387 2560 3439 dictauit
2592 3390 3073 3451 commentariolos,
3110 3393 3295 3461 quibus
3349 3413 3450 3451 non
3486 3415 3577 3452 ne-

1988 3488 2155 3547 garet,
2186 3481 2249 3530 ab
2277 3477 2500 3547 Origene
2539 3482 2754 3548 scripta,
2780 3500 2899 3553 qum
2944 3487 3143 3552 scripta
3180 3500 3322 3554 sunt,
3359 3493 3449 3543 sed
3478 3509 3574 3548 nos

1989 3572 2251 3638 simplices
2282 3573 2519 3627 homines
2568 3591 2674 3628 non
2710 3593 2860 3644 posse
2899 3578 3215 3649 intelligere,
3240 3597 3359 3650 qua:
3390 3585 3575 3640 dicun-

1989 3676 2097 3729 tur,
2125 3677 2173 3719 et
2205 3684 2306 3737 quo
2337 3685 2493 3721 sensu
2534 3669 2591 3721 in
2630 3671 2817 3723 bonam
2855 3682 3056 3738 partem
3103 3677 3270 3741 accipi
3329 3678 3569 3746 debeant,

1986 3761 2303 3826 persuadere
2358 3774 2600 3825 conatur,
2634 3763 2730 3816 hoc
2773 3766 3032 3817 duntaxat
3080 3769 3144 3820 de
3185 3766 3324 3822 Filio
3363 3781 3410 3823 et
3450 3769 3574 3839 Spi-

1988 3854 2091 3904 ritu
2122 3852 2183 3907 S.
2231 3851 2492 3906 Craterum
2533 3856 2586 3907 in
2618 3856 2743 3910 aliis
2781 3858 3115 3925 dogmatibus
3150 3869 3200 3912 et
3237 3860 3495 3916 Eusebius
3524 3874 3573 3917 et

1987 3942 2246 4012 Didymus
2294 3947 2621 4011 apertissime
2660 3950 2713 4002 in
2781 3948 3022 4021 Origenis
3073 3953 3205 4006 scita
3255 3963 3571 4020 concedunt,

1986 4046 2032 4087 et
2058 4038 2197 4104 quod
2238 4053 2414 4091 omnes
2450 4038 2698 4094 Ecclesiae
2744 4041 3042 4109 reprobant,
3093 4045 3347 4100 catholice
3403 4059 3448 4100 et
3486 4051 3573 4117 pie

1986 4126 2184 4178 dictum
2237 4144 2348 4181 esse
2404 4131 2706 4197 defendunt.
2769 4132 2913 4186 Idem
2971 4134 3227 4205 Apologia
3279 4148 3568 4205 postrema,

1985 4231 2107 4286 pag.
2140 4218 2242 4273 165
2267 4235 2280 4270 :
2302 4218 2369 4272 In
2405 4220 2635 4290 Didyme
2669 4226 2974 4278 memoriam
3005 4228 3380 4293 prwdtcamus,
3405 4241 3452 4284 et
3474 4247 3570 4285 su-

1984 4325 2077 4377 per
2118 4309 2396 4375 Trinitate,
2437 4314 2565 4382 ﬁdei
2609 4318 2917 4380 puritatem.
2980 4319 3087 4374 Sed
3120 4323 3173 4373 in
3204 4324 3426 4383 ctctetis,
3451 4340 3570 4392 qua:

1988 4398 2205 4468 Origeni
2237 4403 2373 4456 male
2420 4405 2670 4470 credidit,
2708 4424 2802 4461 nos
2841 4409 2907 4460 ab
2935 4425 2994 4461 eo
3029 4410 3369 4463 retrahimus.
3398 4411 3571 4481 Magi-

301 4482 601 4547 Augustum
635 4476 1031 4533 llemuannum.
1063 4479 1269 4534 Prodiit
1311 4480 1397 4535 illa
1424 4482 1737 4539 dissertatio
1770 4501 1876 4541 uua
1905 4495 1957 4554 ι)
1984 4509 2217 4546 Stratum
2260 4496 2399 4547 enim
2435 4513 2537 4551 non
2573 4498 2698 4552 vitia
2736 4501 2992 4555 imitanda
3022 4511 3167 4568 sunt,
3201 4505 3292 4558 sed
3326 4506 3564 4562 virtutes.

302 4587 421 4626 cum
480 4572 740 4625 secundis
773 4571 968 4625 laudati
1000 4571 1176 4626 Wolﬁi
1222 4576 1286 4627 ad
1325 4577 1873 4647 Φιλοσοφουμένων

303 4668 623 4733 scriptorem
660 4665 805 4718 curis
836 4664 1125 4737 Hamburgi
1160 4667 1318 4733 1714,
1340 4668 1391 4721 8.
1419 4667 1584 4724 FABR.

366 4755 564 4808 Contra
616 4755 844 4809 Arianos
892 4754 1015 4809 libri
1054 4758 1137 4811 ll.
1169 4757 1412 4824 “ieram,
1441 4776 1564 4831 cap.
1623 4761 1748 4827 109,
1798 4763 1878 4819 De

303 4845 359 4901 S.
396 4847 504 4911 1-3.;
537 4846 876 4916 Nicephonts
921 4865 996 4915 ιχ,
1031 4849 1117 4911 17,
1151 4850 1291 4904 Ilist.
1334 4851 1561 4907 Videtur
1602 4857 1875 4925 respicere

305 4938 554 5009 Didymus
582 4940 698 5008 ipse
732 4940 833 4993 sub
853 4951 1154 4995 extremum
1182 4945 1450 5011 explanat.
1491 4948 1543 4999 in
1570 4945 1599 5000 1
1621 4946 1869 5019 Joannis,

305 5032 526 5085 Arianos
557 5033 947 5101 perstringens,
982 5033 1215 5099 Horum,
1244 5037 1439 5106 inquit,
1480 5041 1691 5110 singula
1739 5058 1860 5097 exa-

307 5125 653 5188 minationem,
688 5135 742 5177 ut
768 5126 865 5193 fuit
886 5128 1151 5195 possibile,
1176 5130 1228 5182 in
1254 5132 1378 5184 aliis
1409 5132 1723 5189 habuerunt.

373 5214 508 5285 Πρὸς
529 5216 841 5287 φιλόσοφον.
876 5217 1265 5286 Damasceuus,
1295 5239 1417 5294 pag.
1457 5225 1560 5280 645
1604 5225 1863 5286 Parallel.

376 5305 518 5360 Liber
540 5313 611 5361 ad
638 5310 906 5379 Ruﬁnum,
937 5328 1100 5382 quare
1131 5316 1427 5369 moriantur
1454 5318 1710 5386 infantes,
1739 5337 1858 5374 cum

293 5412 499 5467 propter
517 5416 731 5470 peccata
754 5419 973 5473 corpora
1001 5407 1315 5475 acceperint.
1338 5407 1699 5481 Hieronymus
1722 5415 1863 5483 Apo-

357 5580 437 5650 (a)
460 5578 527 5633 Υ.
572 5598 732 5653 supra
768 5587 835 5641 ad
861 5605 917 5645 n.
942 5591 1000 5646 4.
1031 5590 1203 5649 Hanc.

357 5652 432 5721 (ι)
450 5652 763 5740 incertum,
788 5659 929 5740 sitne
954 5664 1046 5716 hic
1080 5665 1339 5740 Didymus
1365 5666 1666 5740 Heraclida:
1692 5670 1856 5740 lilius,

287 5733 673 5809 grammaticus
709 5739 760 5781 et
796 5733 1299 5809 tttttsictts,_§erotte
1327 5739 1505 5792 clarus
1531 5733 1856 5809 imperante,

287 5790 469 5848 Suida‘
501 5809 849 5863 memoratus,
881 5790 1055 5871 cujus,
1077 5805 1215 5860 libro
1247 5790 1389 5875 Περὶ

606 5890 871 5958 Ριτκοι,
919 5896 1042 5958 Gn.
1088 5898 1208 5960 XX
1223 5899 1399 5967 XLX.

1979 4584 2129 4638 Adde
2155 4599 2275 4655 pag.
2295 4585 2418 4640 159.

2054 4675 2130 4730 De
2155 4679 2489 4745 providentia
2534 4689 2590 4735 et
2613 4678 2820 4749 judicio
2849 4681 2940 4736 Dei
2984 4683 3035 4737 in
3082 4687 3185 4741 hac
3219 4688 3350 4755 vita,
3378 4703 3449 4745 ne
3488 4705 3570 4744 er-

1982 4782 2185 4836 remus,
2213 4768 2380 4838 jussit
2431 4770 2693 4845 Didymus
2716 4773 2789 4846 (c)
2819 4776 3113 4832 observare
3156 4779 3441 4849 diligenter
3473 4798 3570 4837 va-

1984 4859 2233 4915 rietatem
2267 4878 2556 4932 corporum
2592 4880 2905 4936 rerumque,
2930 4869 3131 4938 quibus
3164 4873 3349 4927 mundi
3400 4876 3569 4931 decus

1980 4962 2216 5018 constat,
2233 4965 2288 5009 et
2309 4956 2566 5019 rationes,
2581 4957 2775 5027 quibus
2797 4959 2936 5014 Deus
2951 4976 3048 5029 per
3059 4976 3249 5031 aspera
3270 4979 3368 5019 nos
3382 4965 3447 5019 ad
3468 4967 3570 5021 vir-

1977 5055 2146 5100 tutem
2171 5046 2321 5100 ducit
2343 5061 2407 5101 ac
2422 5049 2763 5117 sapientiam.
2787 5049 2928 5115 Τοὺς
2950 5052 3092 5121 Περὶ
3133 5056 3422 5123 προνοίας
3461 5059 3564 5112 καὶ

1978 5139 2232 5206 κρίσεως
2274 5138 2419 5194 κατὰ
2451 5142 2649 5195 σαυτὸν
2693 5143 2781 5195 ἀεὶ
2815 5142 3062 5215 γύμναζε
3096 5145 3311 5217 λόγους,
3342 5150 3509 5221 φησὶν
3537 5154 3565 5206 ὁ

1981 5232 2152 5302 μέγας
2179 5233 2275 5285 καὶ
2316 5235 2623 5302 γνωστικὸς
2663 5235 2979 5301 διδάσκαλος
3016 5238 3268 5311 Δίδυμος,
3311 5243 3407 5296 καὶ
3435 5243 3562 5297 τού-

1974 5342 2082 5379 των
2101 5325 2200 5389 τὰς
2221 5324 2353 5389 ὕλας
2378 5327 2468 5380 διὰ
2494 5328 2716 5398 μνήμης
2747 5330 2936 5403 φέρειν
2963 5332 3276 5406 πειράθητι.
3298 5336 3409 5390 Καὶ
3436 5336 3563 5400 τοὺς

1980 5420 2078 5492 μὲν
2107 5422 2248 5490 Περὶ
2276 5422 2530 5492 κρίσεως
2553 5422 2745 5492 λόγους
2772 5426 2830 5478 ὲν
2856 5428 2924 5497 τῇ
2966 5428 3205 5504 διαφορᾷ
3236 5428 3345 5483 τῶν
3376 5432 3562 5501 σωμά-

1976 5599 2096 5684 ῖῶιν
2136 5604 2614 5684 Ἀριστρξενείωὴ·
2634 5626 2699 5663 re
2737 5612 2837 5665 καὶ
2859 5614 3288 5684 Πυθαγορείων.
3323 5613 3404 5666 "Si
3433 5612 3559 5667 Plo-

1965 5672 2187 5796 l‘ezuneus
2237 5688 2291 5728 et
2334 5675 2686 5749 Porphyrius,
2713 5692 2772 5735 ιιι
2831 5685 2941 5743 dixi
2978 5672 3163 5754 supra,
3206 5686 3299 5738 lib.
3333 5698 3393 5745 tt,
3429 5700 3547 5755 calt

2037 5811 2107 5883 (ε)
2141 5812 2293 5884 Apud
2320 5815 2602 5874 Socratem
2661 5838 2714 5876 tv
2750 5820 2920 5895 Iliso,
2947 5839 2997 5879 c.
3025 5825 3116 5890 2'5,
3152 5839 3274 5895 pag.
3309 5822 3443 5878 237.

3238 5933 3277 5974 ο
