4092 6374
618 316 723 375 159

2057 304 2143 358 DE
2183 301 2444 358 DIDYMO
3736 299 3823 356 MO

617 451 722 491 των
770 433 863 488 καὶ
914 430 1057 487 κατὰ
1095 432 1185 487 τὸν
1235 433 1435 503 κόσμον
1468 432 1741 501 εὑρήσεις.
1784 430 1920 491 Τοὺς
1950 427 2007 481 δὲ
2047 425 2185 494 Περὶ

2290 438 2472 493 parum
2491 431 2537 474 et
2568 422 2619 473 in
2649 421 2885 489 partibus
2912 420 3092 473 mundi
3113 419 3351 485 reperies.
3389 416 3656 471 Sermones
3673 430 3830 471 autem

618 526 924 594 προνοίας,
957 527 1014 578 ὲν
1034 527 1147 587 τοῖς
1167 524 1387 594 τρόποις
1407 526 1519 586 τοῖς
1545 524 1651 575 ἀπὸ
1674 522 1873 583 κακίας
1899 519 1990 572 καὶ
2012 519 2188 585 ἀγνω-

618 616 739 678 σίας
778 614 872 667 ἐπὶ
896 613 996 684 τὴν
1029 612 1228 684 ἀρετὴν
1256 612 1289 683 ἢ
1316 613 1409 665 ἐπὶ
1432 612 1531 683 τὴν
1573 611 1773 679 γνῶσιν
1808 611 1955 680 ἡμᾶς
2017 610 2182 661 ἐπαν-

616 703 830 774 άγουσι.
864 703 1139 758 Sermones
1178 704 1253 757 De
1282 704 1611 773 providentia
1652 713 1706 755 et
1746 701 1811 753 de
1841 700 2042 768 judicio
2069 698 2183 760 Dei,

617 797 834 851 assidua
869 796 1204 849 meditatione
1246 807 1412 848 tecum
1464 794 1573 861 ipse
1626 792 1810 855 recole,
1843 793 1917 844 ait
1965 807 2181 859 magnus

567 909 575 916 ·
609 890 801 943 doctor
839 900 885 943 et
917 889 1143 956 spiritali
1189 888 1407 941 scientia
1443 888 1751 947 instructus,
1787 882 2063 953 Didymus,
2095 897 2184 934 eo-

619 995 834 1050 rumque
858 994 1158 1032 sermonum
1199 979 1446 1031 nmterias
1476 977 1562 1043 [ac
1601 978 1655 1027 in
1683 978 1933 1028 memoria
1958 973 2184 1026 circum-

619 1067 778 1135 feras.
809 1066 999 1122 Omnes
1030 1066 1165 1121 enim
1201 1066 1310 1135 fere
1335 1065 1388 1117 in
1445 1064 1524 1117 liis
1566 1062 1836 1116 labuntur.
1870 1059 1939 1113 Et
1987 1074 2181 1112 sermo-

620 1176 706 1213 nes
733 1160 940 1230 quidem
969 1175 1032 1212 ac
1076 1159 1302 1211 rationes
1333 1156 1396 1209 de
1422 1154 1647 1225 judicio,
1665 1154 1720 1206 in
1737 1152 2034 1221 diﬂerentia
2061 1165 2178 1202 cor-

2293 514 2367 567 De
2388 512 2745 581 providentia,
2768 513 2821 564 in
2836 511 3003 564 modis
3019 510 3142 569 illis,
3158 509 3344 577 quibus
3362 526 3393 561 a
3415 508 3539 560 vitio
3555 517 3598 560 et
3612 508 3832 575 ignoran-

2292 606 2368 657 tia
2385 605 2453 657 ad
2489 605 2733 659 uirtutem
2752 613 2797 655 et
2826 602 3170 670 cognitionem
3189 600 3454 664 ducimur,
3485 598 3827 660 deprehendes.

2363 694 2498 765 Styli
2533 694 2926 763 simplicitatem
2956 692 3283 763 signiﬁcare,
3308 706 3413 745 non
3452 692 3637 744 vitium
3663 704 3830 756 repre-

2294 786 2528 840 hendere
2577 785 2745 838 voluit
2789 783 3168 853 Hieronymus,
3201 783 3417 852 quando
3466 780 3623 835 Praef.
3678 781 3739 834 ad
3786 780 3816 834 li

2291 875 2447 929 brum
2488 875 2696 946 Didymi
2723 875 2800 930 De
2831 874 3035 944 Spiritu
3070 873 3129 928 S.
3161 874 3375 944 scripsit
3407 892 3420 928 :
3448 872 3718 941 lmperitus
3738 889 3833 926 ser-

2290 984 2442 1022 mone
2475 977 2572 1032 est,
2604 969 2694 1021 sed
2729 984 2832 1020 non
2881 968 3122 1032 scientia,
3173 967 3517 1034 apostolicum
3573 968 3733 1021 virum
3780 982 3837 1020 ex

2256 1103 2265 1111 .
2298 1062 2410 1129 ipso
2440 1061 2577 1131 stylo
2607 1061 2924 1127 exprimens,
2953 1069 3063 1113 tam
3090 1076 3272 1114 sensus
3312 1060 3507 1113 lumine
3543 1075 3694 1128 quam
3722 1058 3836 1110 sim-

2294 1151 2524 1221 plicitate
2557 1151 2846 1205 uerborum.

621 1293 3833 1335 ﬂ

1024 1508 1829 1685 DI’DYMI
1953 1499 2843 1679 ALEXAN
2850 1504 3365 1678 DRIN
3371 1508 3447 1679 Ι

1530 1831 1757 1955 DE
1858 1809 2959 1958 TRI'NITATE

1841 2089 2218 2202 LIBRI
2301 2091 2660 2205 TRES

1317 2310 1621 2371 PRIMUM
1652 2309 1762 2370 EX
1792 2310 2330 2371 PASSIONELANO
2355 2310 2614 2371 CODICE
2640 2311 2905 2372 GRJECE
2934 2310 3157 2385 EDITI,

1607 2472 1832 2517 LATINE
1863 2471 2191 2532 CONVERSI,
2221 2474 2299 2518 AC
2328 2471 2512 2517 NOTIS
2539 2472 2900 2517 ILLUSTRATI

1096 2620 1167 2709 A
1243 2622 1353 2709 D.
1424 2617 1893 2714 JOANNE
1967 2616 2487 2712 ALOYSIO
2562 2618 3400 2713 MINGARELLIO

576 2838 587 2847 -
626 2811 872 2857 ωθκιοο
899 2810 1152 2853 ιιεῦυιλιιι
1183 2811 1387 2853 OllblNlS
1412 2813 1750 2853 SpAUGUSTINI
1770 2809 2086 2851 CONGREGAT.
2116 2811 2184 2849 RB

2290 2810 2365 2849 NE
2391 2810 2439 2848 8.
2463 2810 2796 2860 SALVATORIS,
2824 2811 2997 2851 δΑῦιιιε
3024 2811 3211 2852 THEOL.
3237 2812 3387 2852 LBCT.
3417 2812 3674 2863 EIEBI'I'O,
3695 2812 3855 2854 ελω

791 2881 972 2924 (ιοΝςιι.
997 2882 1186 2924 ιιωιῦιε
1209 2882 1557 2936 εοιηευιτοιιε,
1591 2885 1658 2923 ΕΤ
1684 2883 1733 2922 IN
1768 2881 2065 2921 BONONIENSI
2100 2880 2185 2919 ΑΒ(

2290 2880 2505 2920 YINASIO
2533 2880 2815 2921 GRECARU!
2844 2883 3172 2922 LITTERABUI
3203 2882 3436 2923 ιεοτοιιε
3460 2883 3704 2923 Ρυβωοο.

1560 2998 1860 3071 (Bononiae,
1892 2996 2031 3070 typis
2066 2995 2209 3051 [aelii
2231 3012 2261 3051 a
2289 2996 2478 3069 Vulpe.
2507 2999 2665 3064 1769,
2692 2999 2851 3056 in-l‘ol
2877 2999 2897 3073 )

1241 3322 1423 3436 DE
1482 3325 2048 3441 DIDYMO
2105 3321 3233 3440 COMMENTARIUS

629 3539 725 3604 Ad
747 3540 1199 3622 nobilissimum
1226 3543 1548 3622 praesulem
1569 3547 1645 3604 1).
1680 3545 2079 3607 Franciscum
2119 3544 2417 3622 Carafam
2458 3544 2987 3606 Minturnensium
3015 3543 3189 3605 ducis
3212 3543 3432 3622 filium,
3466 3545 3861 3605 Patrenstunt

705 3619 1257 3703 archiepiscopum;
1283 3621 1626 3703 apostolica
1653 3622 1957 3701 legatione
2009 3619 2294 3684 Venetiis'
2320 3623 2604 3701 functum
2624 3671 2638 3698 ,
2672 3633 2729 3684 et
2756 3641 2948 3683 sacra:
2976 3619 3476 3702 congregationis
3508 3623 3859 3703 Episcopo-

701 3715 842 3760 rum
859 3717 930 3760 ac
959 3699 1363 3791 Regularinm
1385 3702 1654 3779 negotiis
1679 3699 2028 3782 prcepositw
2056 3720 2096 3760 a
2129 3699 2401 3762 secretis.

1784 4010 2144 4133 LIBER
2214 4010 2705 4100 PRIMUS.

1281 4214 1362 4259 DE
1388 4214 1672 4261 AUCTOBE
1688 4216 1906 4276 TRIUM,
1928 4217 2092 4273 QUOS
2110 4217 2279 4265 NUNC
2311 4218 2562 4277 EDIMUS,
2598 4219 2920 4267 LIBRORUM
2944 4221 3210 4269 DIDYMO.

2208 4372 2278 4387 ...-

693 4524 1011 4602 [l-X'JCum
1034 4523 1842 4582 veteresomuesPassioneiaum
1854 4524 2195 4582 bibliothecae
2221 4533 2268 4593 Β
2296 4544 2419 4584 men
2470 4530 2632 4585 hosce
2684 4528 2872 4594 libros,
2904 4530 3006 4585 etsi
3044 4531 3199 4585 initio
3232 4532 3470 4600 mutilos,
3500 4534 3633 4590 mihi
3691 4545 3862 4607 pot.s-

623 4613 981 4685 ntimbrauas,
1005 4617 1239 4672 librosve
1253 4616 1725 4688 calamoexaratos
1748 4632 1842 4672 seu
1855 4615 2073 4673 Graecos
2099 4633 2194 4672 seu

625 4712 850 4767 Latinos
878 4709 1186 4763 humaniter
1234 4709 1365 4763 mihi
1416 4724 1446 4761 a
1485 4708 1901 4777 praeclarissimo
1933 4710 2191 4763 cardinali

621 4800 901 4857 Dominico
940 4798 1252 4854 Passioneio
1301 4800 1529 4855 traditos
1553 4839 1569 4863 ,
1610 4800 1719 4854 imo
1750 4802 1965 4854 domum
2004 4803 2070 4854 ad
2103 4816 2187 4856 me

622 4893 882 4966 paulatim
932 4890 1157 4956 missos,
1203 4905 1347 4947 anno
1402 4891 1561 4958 i768,
1590 4903 1844 4947 accurate
1888 4893 2191 4948 recensuis-

621 4999 758 5050 sem,
784 4996 850 5037 ac
877 4982 1246 5038 recensiouem
1274 4979 1444 5050 ipsam
1472 5020 1490 5046 ,
1538 4981 1877 5052 iudicemque
1904 4997 1933 5036 a
1969 4996 2053 5037 me
2078 4982 2189 5035 ela-

622 5077 871 5131 boratum
903 5073 1229 5138 evolverem,
1265 5074 1419 5144 plura
1467 5074 1680 5141 quidem
1728 5075 1782 5127 in
1846 5075 1913 5129 iis
1964 5074 2185 5142 reperiri

622 5164 743 5220 luce
775 5164 934 5235 digna
961 5164 1216 5232 opuscula
1240 5163 1593 5234 deprehendi,
1622 5164 1829 5218 nullum
1867 5174 2045 5218 tamen
2083 5165 2187 5217 tri~

623 5258 725 5312 bus
765 5255 841 5310 De
866 5254 1128 5309 Trinitate
1148 5254 1323 5319 libris,
1354 5266 1490 5324 quos
1517 5271 1658 5310 nune
1684 5257 1816 5320 edo,’
1853 5265 2185 5322 anteponen-

623 5349 748 5405 dum
786 5347 1114 5403 existimavi.
1149 5346 1334 5416 Itaque
1362 5359 1485 5399 cum
1514 5344 1729 5401 illorum
1769 5344 2052 5410 nonnulla,
2087 5348 2186 5401 do-

624 5439 752 5496 mini.
804 5452 911 5494 non
959 5437 1247 5508 permissu
1279 5435 1459 5500 modo,
1513 5435 1608 5492 sed
1650 5450 1788 5504 pene
1833 5437 1997 5492 etiam
2031 5435 2186 5504 jussu

624 5540 717 5587 aut
765 5543 929 5586 manu
983 5543 1103 5583 mea
1164 5525 1563 5596 exscripserim,
1618 5541 1739 5597 quae
1776 5525 1964 5582 Graeca
2006 5536 2183 5594 erant,

623 5628 719 5676 aut
746 5618 1095 5677 exscribenda
1129 5617 1453 5683 curaverint,
1508 5632 1627 5689 quae
1654 5616 1845 5673 Latina
1875 5636 1891 5673 :
1940 5629 2048 5674 tres
2103 5626 2186 5674 ta-

2295 4620 2489 4674 simnm
2547 4619 2869 4675 excolendos
2925 4635 3048 4675 esse
3102 4622 3229 4676 duxi
3281 4641 3294 4677 :
3339 4623 3535 4693 cupido
3590 4625 3742 4680 enim
3778 4642 3866 4681 me

2293 4710 2472 4763 statim
2509 4710 2734 4765 incessit
2767 4710 2907 4776 illos,
2951 4710 3059 4766 Deo
3084 4711 3213 4781 (ιρι.
3242 4712 3385 4771 Max.
3412 4729 3567 4783 opem
3624 4716 3860 4782 ferente,

2294 4800 2583 4869 aliquando
2604 4801 2911 4871 evulgandi.
2942 4801 3046 4856 Sed
3079 4804 3266 4871 quanti
3295 4804 3348 4858 id
3383 4804 3586 4860 laboris
3612 4804 3865 4862 futurum

2292 4900 2458 4956 esset,
2484 4890 2597 4960 jam
2628 4902 2740 4965 tum
2773 4894 2953 4946 animo
2979 4895 3395 4962 prospiciebam.
3439 4895 3575 4950 Nam
3605 4896 3861 4952 Graecum

2294 4984 2440 5039 aliud
2473 5000 2608 5054 opus
2641 4995 2923 5055 postquam
2960 4987 3390 5055 descripsissent,
3438 4989 3579 5058 quod
3612 4989 3867 5043 mutilum

2297 5083 2353 5128 et
2385 5074 2558 5145 ipsum
2587 5076 2738 5131 initio
2781 5086 2887 5143 est,
2937 5076 3242 5148 evulgatum
3274 5087 3463 5147 postea
3500 5077 3667 5133 fuisse
3714 5094 3867 5133 com-

2294 5164 2433 5234 peri.
2492 5163 2922 5234 lnvestigandum
2983 5168 3150 5239 igitur
3195 5176 3315 5222 erat
3379 5170 3634 5237 primum,
3688 5185 3760 5225 an
3815 5172 3868 5225 hi

2294 5255 2427 5311 editi
2456 5272 2690 5327 unquam
2724 5258 2933 5325 forent,
2997 5274 3066 5315 ne
3113 5260 3193 5313 bis
3226 5262 3293 5314 ad
3327 5262 3561 5315 eumdem
3594 5261 3868 5331 lapidem,

2295 5349 2436 5418 quod
2460 5350 2626 5404 veteri
2660 5352 2949 5419 proverbio
2975 5353 3344 5421 prohibemur,
3372 5352 3726 5407 oll‘enderem.
3761 5355 3873 5409 Ex-

2292 5437 2456 5492 scribi
2490 5437 2680 5494 deinde
2711 5438 2830 5495 illos
2856 5455 2884 5494 a
2919 5456 3004 5494 me
3031 5441 3146 5511 ipso
3178 5442 3482 5511 oportebat,
3517 5443 3658 5511 quod
3686 5444 3870 5498 nullus

2292 5528 2427 5583 mihi
2464 5527 2689 5584 idoneus
2723 5539 2919 5597 praesto
2962 5544 3108 5588 esset
3142 5533 3516 5599 amanuensis;
3554 5532 3753 5589 Latine
3788 5536 3871 5588 in-

2291 5632 2454 5688 super
2486 5621 2749 5691 vertendi,
2804 5636 2869 5680 ac
2927 5632 3185 5693 praeterea
3239 5626 3681 5681 adnotationibus
3742 5626 3867 5682 illu-

694 5729 713 5749 ’
734 5726 836 5787 His
863 5728 1105 5789 numeris
1135 5733 1587 5798 repraesentantur
1616 5729 1829 5800 paginae
1864 5729 2120 5789 editionis
2151 5726 2474 5799 Miugarelli.
