4092 6402
371 344 469 400 ιιι
1613 364 1997 424 (ΣΟΧῙΜΕΝΤΑ

2105 369 2188 428 IS.
2230 405 2297 415 —
2335 373 2465 431 LIB.
2509 376 2547 430 Ι.
3623 391 3727 445 ΗΞ

372 468 594 521 stt-andi
623 483 821 527 erant.
854 476 1096 533 Verum
1127 480 1257 534 illud
1292 496 1397 551 pra“:
1430 484 1682 540 omnibus
1729 488 2026 544 sollicitum
2058 499 2104 553 Λ
2134 501 2189 546 et
2216 493 2271 548 in
2301 496 2485 552 multis
2511 507 2782 576 sectator:
2817 508 3046 573 uterque
3092 514 3241 560 certa
3274 505 3567 576 Scriptum
3607 512 3723 565 loca

382 572 474 613 me
501 560 765 630 tenebat,
802 572 970 635 quod
998 572 1298 640 cujusnam
1367 576 1599 631 auctoris
1630 589 1846 643 essent,
1878 581 2032 651 igno-
2134 585 2323 640 eodem
2352 587 2512 643 modo
2548 588 2718 658 legit;
2750 574 2753 577 ’
2784 560 3015 661 uterque
3074 597 3291 651 eosdem
3324 598 3619 668 Scriptum
3651 601 3721 655 li—

394 652 614 707 tabam.
672 655 932 723 Pigebat
988 665 1145 717 enim
1204 667 1316 721 sine
1353 667 1591 722 auctoris
1634 670 1854 727 nomine
1881 673 2031 727 evul-
2132 675 2283 744 bros,
2331 677 2399 733 de
2437 694 2666 749 quorum
2701 680 2827 736 olim
2867 688 3195 744 auctoritate
3223 704 3253 743 a
3285 691 3467 746 multis
3501 693 3718 749 dubita-

405 756 573 812 gare,
625 747 726 799 sed
781 751 1026 817 pigebat
1074 755 1246 812 multo
1294 760 1465 828 magis
1518 760 1638 830 ejus
1666 764 1904 818 auctoris
1933 781 2030 819 no-

421 850 540 891 men
602 837 958 912 inscribere,
1017 862 1049 900 a
1087 863 1196 918 quo
1220 850 1449 920 scriptos
1478 867 1600 907 esse
1651 864 1859 909 certum
1898 858 2029 912 mihi

444 942 649 983 necdum
681 930 1020 1000 videretur;
1068 939 1170 992 etsi
1223 941 1365 994 enim
1419 941 1599 997 multis
1646 944 1872 1003 duceret
1899 962 2030 1000 con-

449 1019 670 1091 iecturis,
705 1033 768 1077 ut
798 1026 929 1081 illos
959 1028 1092 1084 huic
1118 1030 1315 1100 potius,
1346 1047 1507 1102 quam
1537 1033 1692 1088 alteri
1730 1035 2024 1091 tribuerem

455 1125 640 1169 auctori
670 1154 688 1179 ,
745 1117 909 1175 hisce
960 1131 1141 1176 tamen
1196 1123 1525 1194 coniecturis
1558 1124 1718 1180 nimis
1756 1128 2025 1183 lidendum

452 1221 546 1260 non
593 1207 929 1277 arbitrabar,
966 1214 1109 1281 quod
1158 1224 1213 1270 et
1270 1218 1529 1272 nonnulla
1589 1220 1833 1289 opinioni
1890 1238 2025 1278 mete

446 1297 832 1367 aliquantulum
888 1303 1109 1361 oliicere
1169 1315 1292 1363 tunc
1356 1309 1687 1378 viderentur,
1721 1323 1775 1368 et
1814 1314 2022 1369 nullum

439 1402 548 1447 toto
572 1393 624 1448 in
649 1410 819 1464 opere
851 1397 1028 1453 locum
1054 1400 1296 1458 invenire
1320 1420 1531 1474 possem
1560 1448 1577 1475 ,
1634 1409 1727 1479 qui
1755 1409 2020 1465 invictum

438 1485 568 1539 mibi
627 1488 783 1544 solus
817 1503 1195 1557 argumentum
1242 1496 1308 1551 ad
1337 1498 1695 1569 detegendum
1743 1502 2024 1571 scriptoris

434 1592 628 1634 nomen
687 1583 1061 1653 suppeditaret
1112 1605 1126 1641 :
1182 1588 1226 1642 si
1276 1591 1405 1660 quid
1459 1594 1603 1647 enim
1662 1596 2025 1661 occurrebat,

430 1671 576 1739 quod
623 1672 936 1742 huiusmodi
972 1677 1263 1747 videretur,
1301 1682 1352 1735 id
1398 1698 1457 1737 re
1505 1684 1774 1740 maturius
1812 1687 2023 1741 exarui-

431 1772 563 1815 nata
602 1765 1003 1831 probabilitatis
1036 1770 1169 1826 lines
1210 1786 1313 1826 non
1354 1774 1616 1829 excedere
1651 1776 2015 1845 deprehende-

2132 767 2324 836 batur,
2357 777 2414 822 ut
2436 772 2728 828 canonicos
2751 774 2975 843 habuit;
3006 781 3206 835 eaedem
3236 783 3521 853 utriusque
3551 786 3720 841 omis-

2132 858 2336 924 siones,
2371 862 2575 917 eaedem
2613 863 3016 936 Scripturarum
3055 872 3552 944 interpretationes,
3614 892 3721 932 ea:-

2131 950 2253 1003 dem
2289 951 2615 1022 frigiditates
2636 998 2652 1023 ,
2684 957 2823 1013 idem
2852 960 3046 1033 stylus,
3080 965 3268 1021 eadem
3298 970 3717 1039 argumentandi

2131 1042 2442 1112 methodus,
2497 1047 2682 1101 eadem
2711 1050 3023 1108 dubitanter
3046 1054 3299 1125 loquendi
3332 1059 3492 1126 ratio,
3525 1064 3714 1115 eadem

2131 1133 2200 1188 ab
2229 1144 2458 1206 utroque
2481 1138 2729 1210 dogmata
2759 1143 3046 1209 inculcata,
3075 1149 3278 1203 eaedem
3312 1151 3595 1223 utriusque
3612 1170 3718 1209 sae-

2131 1224 2250 1292 pius
2282 1224 2547 1296 formulie,
2582 1231 2783 1287 eaedem
2819 1235 3221 1307 Scripturarum
3260 1249 3504 1298 textuum
3540 1257 3715 1301 muta-

2132 1326 2327 1383 tiones,
2353 1319 2542 1375 eadem
2578 1321 2894 1392 Seripturas
2932 1330 3133 1384 citandi
3177 1332 3338 1400 ratio,
3378 1313 3541 1389 iidem
3593 1352 3712 1391 mo-

2128 1426 2258 1475 res,
2300 1414 2500 1470 eaadem
2556 1416 2883 1487 opiniones,
2935 1423 3135 1478 eaedem
3194 1440 3383 1494 parum
3443 1440 3715 1487 accuratae

2126 1506 2465 1566 locutiones:
2521 1510 2934 1570 innumerabilia
2992 1517 3207 1574 demum
3279 1520 3332 1576 in
3385 1524 3488 1579 hoc
3546 1541 3714 1596 opere

2127 1607 2273 1662 sunt,
2308 1613 2428 1668 qua:
2458 1602 2560 1656 etsi
2600 1603 2721 1658 aliis
2747 1609 3038 1664 convenire
3072 1621 3313 1681 queant,
3368 1614 3596 1689 Didymo
3627 1630 3712 1676 ta-

2125 1696 2247 1736 men
2280 1686 2620 1753 potissimum
2643 1706 3007 1753 consentanea
3040 1709 3203 1767 sunt;
3263 1704 3396 1759 nihil
3433 1686 3621 1765 contra
3654 1713 3707 1767 in

2128 1783 2242 1829 t0to
2272 1789 2435 1845 opere
2466 1778 2685 1850 legitur,
2708 1787 2853 1852 quod
2890 1790 2958 1843 ab
2985 1806 3051 1845 eo
3106 1793 3386 1851 dissonum
3419 1798 3511 1854 sit.
3564 1801 3706 1871 Quid

428 1853 575 1908 bam.
629 1854 832 1911 Fateor
862 1859 1039 1928 itaque
1088 1864 1270 1917 tandiu
1320 1881 1405 1921 me
1449 1868 1515 1921 de
1563 1869 1745 1936 operis
1790 1880 2012 1926 auctore
2048 1865 2091 1921 Β
2120 1880 2251 1937 ergo
2294 1880 2580 1937 superest,
2633 1874 2735 1930 nisi
2766 1887 2822 1931 ut
2854 1876 3140 1950 Didymum
3176 1883 3338 1950 huius
3385 1853 3706 1958 operis‘au-

430 1941 737 2011 dubitasse,
776 1947 1021 2025 .quandiu
1084 1952 1315 2016 scholia,
1368 1955 1481 2009 sive
1529 1957 1907 2015 adnotationes
1954 1962 2008 2016 in

428 2041 599 2089 totum
636 2052 774 2107 opus
822 2055 929 2095 non
959 2043 1182 2099 absolvi.
1236 2043 1333 2099 llis
1361 2061 1490 2101 vero
1544 2047 1609 2102 ad
1643 2049 1849 2104 exitum
1885 2065 2010 2120 per-

432 2126 631 2191 ductis,
689 2143 755 2184 ac
801 2130 1025 2202 singulis
1054 2136 1292 2189 auctoris
1324 2136 1502 2191 verbis
1560 2138 1846 2208 diligenter
1878 2157 2006 2211 per-

424 2220 632 2287 pensis,
682 2221 737 2275 in
765 2236 830 2278 ea
855 2225 1066 2281 tandem
1089 2227 1355 2282 sententia
1381 2231 1827 2299 acquiescendum
1857 2234 2005 2303 duxi,

428 2321 488 2365 ut
514 2315 795 2383 genuinus
825 2318 1004 2386 operis
1044 2330 1239 2374 auctor
1277 2321 1345 2375 sit
1376 2320 1634 2392 Didymus
1679 2324 2003 2382 Alexandri-

436 2417 558 2458 nus.
588 2404 980 2475 Argumentum
1007 2447 1024 2474 ,
1060 2422 1169 2477 quo
1200 2409 1435 2476 inuitor,
1477 2411 1749 2481 multiplex
1785 2414 2002 2483 quidem

421 2494 659 2560 videtur,
707 2497 801 2551 sed
844 2499 1018 2569 reipsa
1068 2501 1284 2556 unicum
1338 2513 1421 2557 est
1454 2521 1466 2556 :
1501 2513 1816 2574 tantamque
1861 2507 1990 2560 mihi

420 2587 531 2639 vim
565 2587 767 2642 habere
800 2589 971 2643 visum
1010 2588 1156 2656 fuit,
1189 2601 1248 2644 ut
1276 2601 1389 2646 tuto
1411 2591 1524 2661 jam
1553 2590 1764 2664 Didymi
1804 2608 1999 2649 nomen

419 2679 477 2734 in
522 2681 707 2749 operis
749 2678 925 2735 fronte
975 2680 1279 2737 inscribere
1328 2698 1412 2738 me
1460 2699 1619 2752 posse
1669 2688 1995 2742 Statuerim:

421 2769 551 2825 illud
585 2781 764 2825 tamen
794 2772 1082 2839 prolitcor,
1112 2774 1238 2829 huic
1270 2789 1355 2829 me
1386 2776 1668 2830 sententia:
1697 2786 1824 2833 tunc
1850 2779 1994 2834 dun-

419 2870 575 2915 taxat
625 2861 856 2917 ﬁrmiter
905 2864 1268 2930 adlimsurum,
1319 2880 1438 2920 cum
1473 2880 1535 2919 ea
1577 2868 1750 2923 doctis
1779 2871 1998 2949 sapien-

420 2953 678 3023 libusque
712 2955 881 3023 viris,
920 2958 1115 3027 quibus
1145 2956 1333 3027 Italia,
1378 2969 1432 3014 et
1480 2960 1685 3031 reliqua
1730 2965 1998 3020 redundat

418 3042 661 3116 Europa,
710 3050 1043 3118 probabitur,
1077 3065 1308 3121 quorum
1343 3061 1398 3107 et
1448 3054 1774 3122 doctrinam,
1801 3066 1856 3111 et
1911 3058 1994 3112 in—

416 3141 631 3209 genium
688 3156 1031 3210 summopere
1077 3143 1265 3209 miror,
1312 3158 1558 3213 quosque
1612 3156 1670 3200 ut
1706 3148 1995 3218 magistros

2114 1966 2321 2013 ctorem
2357 1974 2478 2016 esse
2515 1978 2614 2033 pro
2643 1977 2796 2023 certo
2833 1971 3155 2028 habeamus?
3179 1975 3398 2033 Possem
3430 1982 3517 2039 hic
3542 1987 3703 2055 equi—

2113 2048 2234 2105 dem
2266 2050 2429 2107 ﬁnem
2471 2053 2723 2124 loquendi
2773 2059 2991 2129 facere;
3033 2064 3226 2120 horum
3262 2071 3406 2124 enim
3441 2048 3703 2147 pleraque

2111 2139 2167 2195 in
2201 2143 2644 2204 adnotationibus
2677 2152 2887 2207 ostendi
2921 2171 2935 2207 :
2969 2148 3155 2211 verum
3194 2173 3316 2213 cum
3353 2139 3536 2231 plu-res
3567 2139 3699 2235 sint,

2111 2232 2205 2304 qui
2258 2235 2635 2295 adnotationes
2687 2239 2870 2311 legere
2912 2245 3218 2318 negligant,
3264 2266 3498 2326 cumque
3546 2232 3702 2316 labor

2109 2330 2298 2389 lectori
2358 2335 2683 2392 minueudus
2736 2340 2825 2406 sit,
2858 2341 2971 2396 hrec
3003 2344 3115 2411 ipsa
3158 2347 3325 2404 veluti
3359 2354 3584 2410 totidem
3634 2358 3702 2411 li-

2109 2434 2396 2479 neamenta
2441 2442 2508 2482 ac
2562 2439 2719 2484 notas
2755 2432 2919 2485 simul
2977 2434 3272 2506 colligens,
3319 2441 3401 2496 sic
3450 2459 3512 2499 ea
3573 2461 3698 2515 per-

2105 2529 2327 2585 sequar,
2362 2532 2430 2573 ne
2457 2521 2616 2576 nimis
2648 2523 2838 2594 longus
2879 2524 3002 2591 sim,
3040 2535 3100 2580 ut
3138 2544 3240 2584 nec
3276 2534 3458 2588 omnia
3503 2551 3698 2592 recen-

2105 2619 2277 2675 seam,
2317 2617 2373 2664 et
2399 2608 2654 2667 lectorem
2691 2612 2982 2670 identidem
3014 2618 3081 2673 ad
3113 2633 3269 2677 notas
3320 2625 3466 2696 ipsas
3503 2643 3696 2684 aman-

2106 2698 2248 2754 dem.
2285 2700 2489 2771 Incipio
2519 2712 2700 2760 autem
2733 2708 2801 2761 ab
2827 2722 2893 2764 eo
2932 2709 3073 2777 loco,
3101 2727 3208 2782 quo
3237 2716 3471 2785 primum
3502 2731 3685 2777 motus

2103 2807 2248 2861 sum,
2291 2801 2352 2848 ut
2388 2794 2620 2866 Didymo
2664 2814 2800 2869 opus
2853 2803 2956 2859 hoc
3011 2806 3326 2875 tribuerem,
3366 2813 3466 2867 etsi
3505 2825 3692 2883 postea

2102 2885 2460 2952 compererim
2525 2887 2788 2947 rationem
2848 2891 2974 2949 inde
3012 2895 3226 2954 ductam
3273 2915 3379 2957 non
3432 2918 3557 2961 esse
3608 2906 3695 2962 in-

2100 2973 2321 3029 victam.

2099 3066 2228 3123 CAP.
2258 3068 2299 3124 Ι.
2346 3068 2636 3143 Theologus
2665 3084 2858 3151 hnoster
2902 3079 2978 3133 bis
3016 3083 3142 3136 citat
3180 3084 3374 3141 librum
3405 3068 3561 3147 suum
3614 3092 3692 3151 De

2663 3142 2866 3212 Spiritu
2901 3162 3111 3206 sancto.

417 3234 674 3304 suspicio.
708 3237 1095 3307 Argumentum
1132 3240 1472 3309 porro,quod
1493 3239 1640 3305 dixi,
1667 3239 1840 3297 fusius
1870 3258 1993 3297 mox

2179 3231 2348 3287 Suum
2386 3246 2516 3303 ergo
2548 3233 2744 3290 librum
2780 3237 2853 3292 De
2888 3238 3090 3310 Spiritu
3112 3257 3294 3301 sancto
3324 3248 3406 3304 bis
3428 3252 3560 3308 citat
3589 3271 3688 3311 au-

416 3325 468 3380 io
496 3326 601 3383 hoc
635 3328 776 3383 libro
830 3344 1154 3401 persequar;
1207 3331 1456 3400 quamvis
1502 3332 1647 3386 enim
1687 3349 1850 3387 unum
1886 3335 1990 3403 sit,

414 3426 519 3474 tam
556 3421 725 3475 multa
774 3432 898 3476 sunt
936 3432 1137 3488 tamen,
1186 3438 1250 3478 ex
1283 3425 1477 3493 quibus
1499 3424 1665 3479 veluti
1698 3425 1988 3493 coalescit,

412 3524 471 3569 ut
530 3515 830 3585 longiorem
879 3517 1147 3571 desideret
1201 3517 1522 3573 orationem.
1562 3516 1831 3573 Caeterum
1880 3521 1988 3576 huc

416 3616 583 3662 totum
617 3607 899 3678 redigitur,
953 3617 1010 3661 ut
1043 3607 1159 3663 ﬁeri
1187 3610 1408 3665 omnino
1435 3625 1537 3663 non
1572 3611 1775 3676 possit,
1813 3621 1871 3665 ut
1903 3612 1992 3665 Di-

413 3702 602 3772 dymus
633 3700 726 3756 ille
751 3716 856 3755 non
886 3701 979 3767 sit,
1029 3702 1111 3756 cui
1163 3703 1345 3757 omnia
1389 3717 1510 3756 cum
1556 3702 1787 3774 Didymo
1836 3705 1988 3772 paria

410 3795 534 3847 sint.
600 3791 829 3847 Librum
880 3792 955 3846 De
1001 3791 1204 3862 Spiritu
1254 3801 1437 3848 sancto
1482 3794 1652 3849 edidit
1700 3793 1986 3867 Didymus,

408 3887 654 3941 ediditet
697 3886 799 3941 iste
843 3894 1076 3940 auctor:
1116 3888 1222 3941 imo
1278 3887 1473 3956 smpius
1505 3886 1557 3940 in
1589 3887 1673 3941 his
1713 3885 1865 3942 libris
1915 3888 1988 3943 ita

406 3980 671 4049 loquitur,
717 3987 869 4033 utea
916 3978 1162 4049 supplere
1203 3979 1469 4043 videatur,
1514 3993 1635 4048 quae
1685 3978 1757 4034 ibi
1811 3981 1988 4035 minus

406 4070 527 4126 fuse
551 4080 868 4141 persecutus
901 4079 1004 4124 est.
1041 4068 1249 4125 Szeculo
1283 4080 1476 4138 quarto
1515 4080 1745 4139 uterque
1768 4069 1985 4138 ﬂoruit;

404 4174 639 4233 uterque
714 4162 1111 4219 Alexandrinus
1167 4162 1306 4229 fuit;
1367 4174 1597 4234 uterque
1646 4164 1984 4233 catecbista;

404 4267 637 4325 uterque
668 4254 805 4309 ﬁlios
828 4255 1045 4325 genuit;
1076 4264 1303 4324 uterque
1347 4262 1456 4309 tres
1499 4255 1574 4309 De
1623 4254 1881 4309 Trinitate
1916 4254 1985 4309 li-

401 4348 532 4403 bros
564 4346 813 4415 scripsit;
848 4356 1071 4415 uterque
1098 4346 1151 4399 in
1189 4344 1453 4399 Triuitate
1497 4345 1801 4401 catholicus
1842 4345 1981 4412 fuit;

402 4451 638 4509 uterque
706 4448 923 4492 strenue
991 4447 1178 4491 contra
1229 4436 1461 4492 Arianos
1514 4451 1579 4491 ac
1640 4436 1984 4493 Macedonia-

2098 3333 2219 3380 ctor
2245 3331 2432 3382 noster
2458 3326 2719 3396 :primum
2743 3331 2953 3387 scilicet
2972 3336 3167 3407 pagina
3196 3338 3351 3410 574',
3387 3345 3476 3399 ubi
3506 3349 3585 3401 sic
3616 3349 3690 3405 lo-

2098 3419 2321 3489 quitur:
2358 3437 2376 3471 ι
2414 3419 2624 3476 Anima:
2661 3432 2716 3478 et
2745 3428 2919 3497 angeli
2954 3443 3149 3491 sunt...
3185 3440 3468 3507 mortales,
3496 3452 3687 3513 quate-

2098 3525 2202 3565 nus
2237 3522 2415 3565 mente
2454 3512 2747 3582 aliquando
2780 3532 3204 3595 corrumpuntur
3255 3547 3270 3583 :
3307 3547 3432 3587 nam
3466 3512 3533 3589 ex
3569 3552 3687 3591 mu-

2099 3606 2305 3661 tatione
2340 3615 2423 3660 est
2466 3610 2684 3677 quando
2726 3610 2985 3669 labuntur
3028 3618 3079 3672 in
3131 3634 3433 3689 peccatum,
3483 3642 3551 3681 ex
3576 3644 3685 3697 quo

2097 3698 2408 3767 supervenit
2451 3712 2620 3753 mors.
2660 3698 2822 3756 Juxta
2854 3720 3012 3773 quem
3044 3713 3269 3766 modum
3302 3715 3501 3771 Paulus
3542 3721 3684 3773 scri-

2094 3789 2174 3844 bit
2222 3808 2237 3842 :
2282 3788 2346 3843 Et
2389 3791 2444 3845 in
2495 3791 2698 3847 deliciis
2730 3796 2903 3850 vivens
2933 3799 3111 3865 vidua,
3139 3814 3350 3859 mortua
3381 3818 3455 3863 est
3477 3809 3493 3840 ί
3532 3826 3548 3865 :
3582 3811 3682 3865 etsi

2094 3897 2159 3936 ea
2188 3884 2423 3939 nondum
2460 3901 2524 3941 ex
2564 3885 2667 3942 hac
2702 3889 2812 3943 vita
2835 3892 3169 3963 migraverit,
3196 3898 3340 3953 sicut
3375 3900 3487 3967 jam
3515 3904 3686 3972 expli-

2093 3987 2273 4032 catum
2331 3990 2416 4036 est
2462 3983 2515 4037 iu
2548 3982 2692 4055 λόγῳ
2731 3984 2807 4054 (id
2839 3996 2944 4054 est,
2978 3986 3136 4053 libro,
3172 3997 3266 4043 aut
3299 3996 3575 4066 sermone)
3609 3994 3685 4050 De

2093 4066 2301 4138 Spiritu
2327 4086 2579 4129 sancto...
2608 4095 2628 4129 ι
2670 4076 2873 4132 Deinde
2904 4080 3098 4148 pagina
3136 4080 3259 4149 49.5,
3293 4085 3379 4139 tibi
3408 4085 3521 4142 haec
3545 4086 3679 4159 legi-

2093 4178 2216 4219 mus
2248 4183 2262 4219 :
2294 4181 2357 4219 ac
2384 4166 2599 4235 insuper
2623 4169 2742 4225 aliis
2774 4172 2934 4225 etiam
2976 4173 3207 4228 oraculis
3237 4192 3354 4246 quae
3383 4177 3686 4247 aﬁ‘eruntur

2090 4253 2145 4306 in
2181 4253 2324 4326 λόγῳ
2366 4256 2442 4312 De
2483 4256 2689 4328 Spiritu
2735 4272 2943 4329 sancto,
2976 4271 3086 4318 etc.
3121 4265 3251 4332 Quae
3304 4277 3486 4323 autem
3526 4271 3679 4334 citat,

2090 4354 2306 4401 exstant
2346 4349 2396 4402 in
2445 4349 2656 4422 Didymi
2715 4352 2853 4408 libro
2892 4353 2972 4408 De
3024 4353 3229 4424 Spiritu
3270 4366 3477 4425 sancta,
3517 4374 3680 4429 quem

2089 4436 2455 4511 llieronymus
2491 4441 2684 4499 Latine
2721 4447 2908 4512 vertit,
2944 4455 3004 4501 ut
3044 4448 3226 4503 monui
3260 4449 3315 4504 in
3344 4451 3488 4506 notis
3524 4454 3592 4507 ad
3616 4470 3680 4508 ea

400 4548 501 4587 nos
553 4545 771 4600 semper
819 4529 1112 4584 decertavit
1142 4546 1156 4582 :
1188 4538 1412 4600 uterque
1485 4529 1697 4599 λόγους,
1763 4546 1858 4586 seu
1914 4530 1984 4585 li-
2018 4565 2064 4620 Β
2095 4530 2231 4586 loca.

400 4626 531 4680 hros
589 4632 779 4676 contra
832 4623 1057 4675 Ariona:
1099 4621 1299 4688 edidit;
1335 4631 1525 4677 neuter
1564 4623 1697 4677 satis
1728 4632 1884 4677 caute
1919 4623 1987 4678 de

400 4717 578 4785 gratia
638 4713 902 4782 loquitur;
955 4725 1180 4782 uterque
1230 4712 1284 4766 in
1314 4713 1489 4782 poetis
1515 4724 1798 4781 versatus;
1831 4725 1982 4769 uter-

401 4823 504 4877 que
572 4806 740 4861 Deum
807 4815 961 4860 vocat
1006 4803 1373 4875 dpeyéOmid
1425 4814 1505 4859 est
1568 4805 1989 4872 magnitudinis,

404 4912 598 4968 nempe
681 4894 799 4968 [XI]
864 4897 1180 4966 quantitatis
1248 4904 1525 4966 expertem
1590 4908 1876 4966 :uterque
1925 4898 1992 4952 de

406 4989 596 5058 impari
648 5001 879 5041 numero
930 4987 1149 5056 scripsit
1200 5002 1215 5039 :
1271 4999 1566 5056 utrumque
1621 4987 1815 5040 imitati
1865 4998 1992 5042 sunt

406 5081 723 5135 Ambrosius
751 5095 814 5133 ac
837 5076 1225 5148 Hieronymus;
1254 5089 1481 5146 uterque
1510 5082 1576 5133 de
1608 5079 1986 5133 luereticormn

406 5176 564 5228 sectis
614 5171 904 5242 scripsisse
956 5172 1205 5237 videtur;
1265 5180 1489 5239 uterque
1533 5169 1600 5225 de
1647 5186 1705 5225 se
1753 5172 1987 5227 demisse

408 5267 601 5331 sentit;
630 5275 862 5333 uterque
912 5266 1172 5319 memoria
1211 5263 1468 5333 singulari
1516 5264 1778 5334 praeditus
1838 5264 1981 5333 fuit;

409 5362 587 5411 eadem
615 5367 797 5411 tamen
830 5356 1110 5427 utriusque
1154 5354 1444 5425 σφάλματα
1481 5355 1829 5426 μνημονικά,
1866 5356 1987 5411 sive

406 5453 569 5506 iidem
629 5452 817 5520 lapsus
867 5451 1145 5505 memoriae
1192 5451 1320 5503 vitio
1370 5466 1384 5502 :
1441 5460 1670 5519 uterque
1729 5449 1985 5505 nonnulla

395 5545 528 5599 citat
585 5542 1183 5612 apocryplia;eosdem
1234 5550 1463 5612 uterque
1490 5541 1775 5596 litereticos
1807 5542 1985 5597 obiter

393 5634 679 5700 caurum;
711 5633 960 5704 Or-igenis
1004 5644 1232 5705 uterque
1281 5634 1578 5699 studiosus,
1632 5644 1688 5688 et
1739 5633 1984 5691 imitator

467 5753 488 5784 ⁸
530 5749 552 5803 1
577 5750 718 5807 Tim.
745 5768 798 5820 v,
819 5751 875 5809 6.

2167 4625 2428 4681 Confecta
2466 4643 2597 4698 ergo
2638 4643 2724 4685 res
2749 4639 2852 4697 est,
2886 4631 3099 4698 inquies
3143 4648 3157 4684 :
3188 4646 3288 4688 nec
3325 4634 3683 4707 dubitandum

2087 4716 2223 4786 jam,
2263 4720 2392 4790 quin
2432 4730 2542 4774 tres
2570 4720 2771 4777 bilibri
2798 4737 2829 4776 a
2870 4722 3097 4793 Didymo
3126 4725 3309 4780 dictati
3348 4728 3476 4783 sint.
3519 4726 3597 4784 lta
3628 4741 3685 4785 et

2093 4824 2193 4879 ego
2219 4810 2371 4877 olim,
2403 4811 2595 4878 fateor,
2623 4813 3027 4881 ratiocinabar;
3056 4817 3150 4869 sed
3185 4827 3470 4888 postquam
3493 4822 3681 4876 omnia

2094 4903 2361 4958 maturius
2388 4906 2642 4974 expendi,
2676 4917 3052 4977 argumentum
3094 4909 3197 4964 hoc
3235 4926 3341 4965 non
3390 4912 3683 4969 mediocri-

2091 4995 2195 5049 bus
2223 4994 2626 5051 dillicultatibus
2647 4998 2938 5053 obnoxium
2968 5014 3091 5055 esse
3125 5000 3479 5071 deprehendi.
3508 5003 3684 5060 Nimi-

2091 5102 2211 5141 rum
2241 5092 2510 5143 secundus
2546 5090 2684 5145 liber
2707 5093 2911 5165 operis,
2946 5094 3087 5161 quod
3111 5109 3255 5148 nunc
3287 5096 3411 5159 edo,
3448 5084 3527 5150 De
3554 5096 3681 5168 Spi—

2091 5177 2198 5228 ritu
2243 5190 2425 5230 sancto
2476 5187 2532 5232 et
2586 5181 2702 5248 ipse
2749 5181 3095 5237 inscribitur.
3132 5183 3316 5255 Itaque
3363 5188 3682 5243 existimare

2088 5267 2211 5333 quis
2242 5276 2438 5336 p0test,
2470 5270 2647 5339 primo
2694 5272 2912 5341 quidem
2962 5274 3015 5327 in
3072 5274 3192 5329 loco
3213 5317 3228 5344 ,
3263 5291 3461 5348 nempe
3485 5279 3680 5350 pagina

2087 5357 2213 5423 574,
2258 5359 2450 5427 respici
2496 5375 2668 5430 segni.
2693 5360 2759 5415 67
2798 5380 2812 5419 :
2849 5364 2902 5417 in
2939 5365 3112 5420 altero
3148 5379 3329 5421 autem
3361 5371 3557 5438 respici
3584 5386 3681 5425 ca~

2085 5461 2182 5521 put
2206 5453 2274 5508 l5
2297 5456 2522 5510 secundi
2559 5456 2704 5523 libri,
2742 5469 2835 5513 aut
2863 5460 3032 5528 aliud,
3059 5443 3271 5533 siquod
3299 5475 3404 5531 est,
3435 5475 3599 5533 caput
3623 5466 3677 5520 in

2084 5559 2194 5613 quo
2223 5554 2402 5602 textus
2433 5546 2626 5605 Biblici
2658 5566 2689 5604 a
2730 5550 3131 5611 Macedonianis
3169 5557 3472 5623 catholicae,
3491 5556 3678 5613 Eccle-

2085 5637 2179 5717 sia:
2208 5637 2405 5708 objecti
2437 5638 2754 5698 at'l‘erantur.
2807 5643 2923 5700 Huc
2966 5649 3178 5704 accedit
3219 5651 3361 5720 quod
3399 5652 3675 5708 secundus

478 5846 749 5920 'Paginas
779 5851 1028 5923 intcllige
1063 5850 1322 5909 editionis
1353 5848 1653 5921 Mingarelli
1683 5863 1824 5921 quas
1847 5850 1992 5921 typis
2023 5848 2412 5923 grandioribus
2438 5849 2498 5905 in
2526 5857 2676 5905 textu
2713 5849 3110 5921 expressimus.
