  <div class='ocr_page' id='page_1' title='image "/cluster/home/n/w/nwhite01/storage/ocr_20150623/39/coo.31924054869361/079.png"; bbox 0 0 4092 6454; ppageno 0'>
   <div class='ocr_carea' id='block_1_1' title="bbox 468 395 574 449">
    <p class='ocr_par' dir='ltr' id='par_1_1' title="bbox 468 395 574 449">
     <span class='ocr_line' id='line_1_1' title="bbox 468 395 574 449; baseline 0.009 -1"><span class='ocrx_word' id='word_1_1' title='bbox 468 395 574 449; x_wconf 68' lang='grc' dir='ltr'><strong>ΜΞ</strong></span> 
     </span>
    </p>
   </div>
   <div class='ocr_carea' id='block_1_2' title="bbox 1923 387 3714 458">
    <p class='ocr_par' dir='ltr' id='par_1_2' title="bbox 1923 387 3714 458">
     <span class='ocr_line' id='line_1_2' title="bbox 1923 387 3714 458; baseline 0.001 -16"><span class='ocrx_word' id='word_1_2' title='bbox 1923 389 2011 442; x_wconf 86' lang='lat' dir='ltr'><strong>DE</strong></span> <span class='ocrx_word' id='word_1_3' title='bbox 2055 387 2317 446; x_wconf 71' lang='lat' dir='ltr'><strong>manto</strong></span> <span class='ocrx_word' id='word_1_4' title='bbox 3623 403 3714 458; x_wconf 62' lang='grc' dir='ltr'>ιιι,</span> 
     </span>
    </p>
   </div>
   <div class='ocr_carea' id='block_1_3' title="bbox 468 511 3713 588">
    <p class='ocr_par' dir='ltr' id='par_1_3' title="bbox 468 511 3713 588">
     <span class='ocr_line' id='line_1_3' title="bbox 468 511 3713 588; baseline 0.002 -20"><span class='ocrx_word' id='word_1_5' title='bbox 468 515 610 568; x_wconf 77' lang='lat' dir='ltr'><strong>Iihcr</strong></span> <span class='ocrx_word' id='word_1_6' title='bbox 642 514 815 569; x_wconf 81' lang='lat' dir='ltr'><strong>tribus</strong></span> <span class='ocrx_word' id='word_1_7' title='bbox 847 515 902 569; x_wconf 89' lang='lat' dir='ltr'><strong>iu</strong></span> <span class='ocrx_word' id='word_1_8' title='bbox 937 514 1072 570; x_wconf 91' lang='lat' dir='ltr'><strong>locis</strong></span> <span class='ocrx_word' id='word_1_9' title='bbox 1107 515 1330 569; x_wconf 89' lang='lat' dir='ltr'><strong>mtttilus</strong></span> <span class='ocrx_word' id='word_1_10' title='bbox 1363 522 1467 579; x_wconf 88' lang='lat' dir='ltr'><strong>est,</strong></span> <span class='ocrx_word' id='word_1_11' title='bbox 1495 513 1747 566; x_wconf 93' lang='lat' dir='ltr'><strong>nimirum</strong></span> <span class='ocrx_word' id='word_1_12' title='bbox 1777 526 1901 582; x_wconf 87' lang='lat' dir='ltr'><strong>pag.</strong></span> <span class='ocrx_word' id='word_1_13' title='bbox 1929 511 2054 578; x_wconf 70' lang='lat'><strong>2:25,</strong></span> <span class='ocrx_word' id='word_1_14' title='bbox 2088 514 2133 568; x_wconf 77' lang='grc' dir='ltr'>Α</span> <span class='ocrx_word' id='word_1_15' title='bbox 2162 513 2276 566; x_wconf 67' lang='lat' dir='ltr'><strong>haec</strong></span> <span class='ocrx_word' id='word_1_16' title='bbox 2311 511 2417 565; x_wconf 83' lang='lat' dir='ltr'><strong>alia</strong></span> <span class='ocrx_word' id='word_1_17' title='bbox 2459 511 2764 566; x_wconf 88' lang='lat' dir='ltr'><strong>testimonia</strong></span> <span class='ocrx_word' id='word_1_18' title='bbox 2813 513 2863 566; x_wconf 89' lang='lat' dir='ltr'><strong>in</strong></span> <span class='ocrx_word' id='word_1_19' title='bbox 2905 515 3143 569; x_wconf 89' lang='lat' dir='ltr'><strong>secundo</strong></span> <span class='ocrx_word' id='word_1_20' title='bbox 3180 515 3340 584; x_wconf 87' lang='lat' dir='ltr'><strong>hujus</strong></span> <span class='ocrx_word' id='word_1_21' title='bbox 3389 519 3560 588; x_wconf 90' lang='lat' dir='ltr'><strong>operis</strong></span> <span class='ocrx_word' id='word_1_22' title='bbox 3593 519 3713 576; x_wconf 80' lang='lat' dir='ltr'><strong>liliro</strong></span> 
     </span>
    </p>
   </div>
   <div class='ocr_carea' id='block_1_4' title="bbox 468 603 2058 678">
    <p class='ocr_par' dir='ltr' id='par_1_4' title="bbox 468 603 2058 678">
     <span class='ocr_line' id='line_1_4' title="bbox 468 603 2058 678; baseline -0.001 -19"><span class='ocrx_word' id='word_1_23' title='bbox 468 605 576 660; x_wconf 69' lang='lat'><strong>285</strong></span> <span class='ocrx_word' id='word_1_24' title='bbox 602 616 656 661; x_wconf 90' lang='lat' dir='ltr'><strong>et</strong></span> <span class='ocrx_word' id='word_1_25' title='bbox 676 605 802 660; x_wconf 71' lang='lat'><strong>292.</strong></span> <span class='ocrx_word' id='word_1_26' title='bbox 834 606 1032 674; x_wconf 87' lang='lat' dir='ltr'><strong>Quidni</strong></span> <span class='ocrx_word' id='word_1_27' title='bbox 1074 621 1206 678; x_wconf 88' lang='lat' dir='ltr'><strong>ergo</strong></span> <span class='ocrx_word' id='word_1_28' title='bbox 1229 607 1350 677; x_wconf 88' lang='lat' dir='ltr'><strong>quis</strong></span> <span class='ocrx_word' id='word_1_29' title='bbox 1377 613 1544 676; x_wconf 87' lang='lat' dir='ltr'><strong>putet,</strong></span> <span class='ocrx_word' id='word_1_30' title='bbox 1579 620 1642 658; x_wconf 89' lang='lat' dir='ltr'><strong>ea</strong></span> <span class='ocrx_word' id='word_1_31' title='bbox 1673 613 1948 658; x_wconf 88' lang='lat' dir='ltr'><strong>auctorem</strong></span> <span class='ocrx_word' id='word_1_32' title='bbox 1981 603 2058 658; x_wconf 91' lang='lat' dir='ltr'><strong>Io-</strong></span> 
     </span>
    </p>
   </div>
   <div class='ocr_carea' id='block_1_5' title="bbox 471 694 2059 767">
    <p class='ocr_par' dir='ltr' id='par_1_5' title="bbox 471 694 2059 767">
     <span class='ocr_line' id='line_1_5' title="bbox 471 694 2059 767; baseline -0.003 -17"><span class='ocrx_word' id='word_1_33' title='bbox 471 710 531 750; x_wconf 90' lang='lat' dir='ltr'><strong>ca</strong></span> <span class='ocrx_word' id='word_1_34' title='bbox 590 698 860 767; x_wconf 79' lang='lat' dir='ltr'><strong>respicere</strong></span> <span class='ocrx_word' id='word_1_35' title='bbox 908 696 1134 752; x_wconf 86' lang='lat' dir='ltr'><strong>secundi</strong></span> <span class='ocrx_word' id='word_1_36' title='bbox 1195 697 1337 760; x_wconf 91' lang='lat' dir='ltr'><strong>libri,</strong></span> <span class='ocrx_word' id='word_1_37' title='bbox 1384 711 1504 764; x_wconf 73' lang='lat' dir='ltr'><strong>qua:</strong></span> <span class='ocrx_word' id='word_1_38' title='bbox 1550 695 1710 748; x_wconf 91' lang='lat' dir='ltr'><strong>modo</strong></span> <span class='ocrx_word' id='word_1_39' title='bbox 1745 694 2059 749; x_wconf 83' lang='lat' dir='ltr'><strong>desideran-</strong></span> 
     </span>
    </p>
   </div>
   <div class='ocr_carea' id='block_1_6' title="bbox 471 788 596 842">
    <p class='ocr_par' dir='ltr' id='par_1_6' title="bbox 471 788 596 842">
     <span class='ocr_line' id='line_1_6' title="bbox 471 788 596 842; baseline 0.016 -2"><span class='ocrx_word' id='word_1_40' title='bbox 471 788 596 842; x_wconf 84' lang='lat' dir='ltr'><strong>tur?</strong></span> 
     </span>
    </p>
   </div>
   <div class='ocr_carea' id='block_1_7' title="bbox 541 879 2055 944">
    <p class='ocr_par' dir='ltr' id='par_1_7' title="bbox 541 879 2055 944">
     <span class='ocr_line' id='line_1_7' title="bbox 541 879 2055 944; baseline -0.001 -10"><span class='ocrx_word' id='word_1_41' title='bbox 541 880 643 934; x_wconf 90' lang='lat' dir='ltr'><strong>Diu</strong></span> <span class='ocrx_word' id='word_1_42' title='bbox 676 879 810 944; x_wconf 71' lang='lat' dir='ltr'><strong>hzec,</strong></span> <span class='ocrx_word' id='word_1_43' title='bbox 843 888 903 934; x_wconf 91' lang='lat' dir='ltr'><strong>ut</strong></span> <span class='ocrx_word' id='word_1_44' title='bbox 949 895 1137 934; x_wconf 86' lang='lat' dir='ltr'><strong>verum</strong></span> <span class='ocrx_word' id='word_1_45' title='bbox 1170 879 1364 941; x_wconf 83' lang='lat' dir='ltr'><strong>fatear,</strong></span> <span class='ocrx_word' id='word_1_46' title='bbox 1393 879 1680 932; x_wconf 91' lang='lat' dir='ltr'><strong>sollicitum</strong></span> <span class='ocrx_word' id='word_1_47' title='bbox 1726 891 1815 931; x_wconf 90' lang='lat' dir='ltr'><strong>me</strong></span> <span class='ocrx_word' id='word_1_48' title='bbox 1849 879 2055 932; x_wconf 83' lang='lat' dir='ltr'><strong>habue-</strong></span> 
     </span>
    </p>
   </div>
   <div class='ocr_carea' id='block_1_8' title="bbox 471 969 2060 1031">
    <p class='ocr_par' dir='ltr' id='par_1_8' title="bbox 471 969 2060 1031">
     <span class='ocr_line' id='line_1_8' title="bbox 471 969 2060 1031; baseline -0.003 -5"><span class='ocrx_word' id='word_1_49' title='bbox 471 986 551 1026; x_wconf 91' lang='lat' dir='ltr'><strong>re.</strong></span> <span class='ocrx_word' id='word_1_50' title='bbox 585 970 785 1025; x_wconf 85' lang='lat' dir='ltr'><strong>Verum</strong></span> <span class='ocrx_word' id='word_1_51' title='bbox 823 970 877 1025; x_wconf 91' lang='lat' dir='ltr'><strong>in</strong></span> <span class='ocrx_word' id='word_1_52' title='bbox 923 985 1042 1025; x_wconf 88' lang='lat' dir='ltr'><strong>eam</strong></span> <span class='ocrx_word' id='word_1_53' title='bbox 1077 972 1292 1025; x_wconf 80' lang='lat' dir='ltr'><strong>tandem</strong></span> <span class='ocrx_word' id='word_1_54' title='bbox 1331 969 1582 1025; x_wconf 85' lang='lat' dir='ltr'><strong>descendi</strong></span> <span class='ocrx_word' id='word_1_55' title='bbox 1618 969 1964 1031; x_wconf 89' lang='lat' dir='ltr'><strong>sententiam,</strong></span> <span class='ocrx_word' id='word_1_56' title='bbox 2000 978 2060 1022; x_wconf 92' lang='lat' dir='ltr'><strong>ut</strong></span> 
     </span>
    </p>
   </div>
   <div class='ocr_carea' id='block_1_9' title="bbox 469 1059 2055 1132">
    <p class='ocr_par' dir='ltr' id='par_1_9' title="bbox 469 1059 2055 1132">
     <span class='ocr_line' id='line_1_9' title="bbox 469 1059 2055 1132; baseline -0.002 -16"><span class='ocrx_word' id='word_1_57' title='bbox 469 1073 716 1132; x_wconf 89' lang='lat' dir='ltr'><strong>putarem</strong></span> <span class='ocrx_word' id='word_1_58' title='bbox 747 1061 901 1116; x_wconf 90' lang='lat' dir='ltr'><strong>citari</strong></span> <span class='ocrx_word' id='word_1_59' title='bbox 934 1062 1222 1131; x_wconf 93' lang='lat' dir='ltr'><strong>utrobique</strong></span> <span class='ocrx_word' id='word_1_60' title='bbox 1256 1077 1360 1114; x_wconf 91' lang='lat' dir='ltr'><strong>non</strong></span> <span class='ocrx_word' id='word_1_61' title='bbox 1390 1061 1682 1114; x_wconf 87' lang='lat' dir='ltr'><strong>secundum</strong></span> <span class='ocrx_word' id='word_1_62' title='bbox 1719 1059 1875 1128; x_wconf 85' lang='lat' dir='ltr'><strong>hujus</strong></span> <span class='ocrx_word' id='word_1_63' title='bbox 1924 1074 2055 1127; x_wconf 89' lang='lat' dir='ltr'><strong>ope-</strong></span> 
     </span>
    </p>
   </div>
   <div class='ocr_carea' id='block_1_10' title="bbox 465 1151 2059 1222">
    <p class='ocr_par' dir='ltr' id='par_1_10' title="bbox 465 1151 2059 1222">
     <span class='ocr_line' id='line_1_10' title="bbox 465 1151 2059 1222; baseline -0.005 -11"><span class='ocrx_word' id='word_1_64' title='bbox 465 1158 548 1211; x_wconf 88' lang='lat' dir='ltr'><strong>ris</strong></span> <span class='ocrx_word' id='word_1_65' title='bbox 581 1155 812 1217; x_wconf 85' lang='lat' dir='ltr'><strong>librum;</strong></span> <span class='ocrx_word' id='word_1_66' title='bbox 850 1153 943 1210; x_wconf 79' lang='lat' dir='ltr'><strong>sed</strong></span> <span class='ocrx_word' id='word_1_67' title='bbox 985 1154 1179 1208; x_wconf 93' lang='lat' dir='ltr'><strong>librum</strong></span> <span class='ocrx_word' id='word_1_68' title='bbox 1211 1154 1284 1207; x_wconf 85' lang='lat' dir='ltr'><strong>De</strong></span> <span class='ocrx_word' id='word_1_69' title='bbox 1315 1153 1518 1222; x_wconf 93' lang='lat' dir='ltr'><strong>Spiritu</strong></span> <span class='ocrx_word' id='word_1_70' title='bbox 1549 1161 1730 1207; x_wconf 87' lang='lat' dir='ltr'><strong>sancto</strong></span> <span class='ocrx_word' id='word_1_71' title='bbox 1757 1153 1828 1206; x_wconf 91' lang='lat' dir='ltr'><strong>ab</strong></span> <span class='ocrx_word' id='word_1_72' title='bbox 1867 1151 2059 1206; x_wconf 79' lang='lat' dir='ltr'><strong>lliero-</strong></span> 
     </span>
    </p>
   </div>
   <div class='ocr_carea' id='block_1_11' title="bbox 472 1244 2055 1318">
    <p class='ocr_par' dir='ltr' id='par_1_11' title="bbox 472 1244 2055 1318">
     <span class='ocr_line' id='line_1_11' title="bbox 472 1244 2055 1318; baseline -0.003 -16"><span class='ocrx_word' id='word_1_73' title='bbox 472 1263 637 1318; x_wconf 85' lang='lat' dir='ltr'><strong>nymo</strong></span> <span class='ocrx_word' id='word_1_74' title='bbox 686 1245 879 1300; x_wconf 87' lang='lat' dir='ltr'><strong>Latino</strong></span> <span class='ocrx_word' id='word_1_75' title='bbox 932 1261 1172 1300; x_wconf 85' lang='lat' dir='ltr'><strong>versum.</strong></span> <span class='ocrx_word' id='word_1_76' title='bbox 1220 1244 1419 1300; x_wconf 86' lang='lat' dir='ltr'><strong>Tribus</strong></span> <span class='ocrx_word' id='word_1_77' title='bbox 1454 1253 1632 1299; x_wconf 88' lang='lat' dir='ltr'><strong>autem</strong></span> <span class='ocrx_word' id='word_1_78' title='bbox 1665 1245 1966 1300; x_wconf 77' lang='lat' dir='ltr'><strong>rationibus</strong></span> <span class='ocrx_word' id='word_1_79' title='bbox 2001 1244 2055 1298; x_wconf 90' lang='lat' dir='ltr'><strong>id</strong></span> 
     </span>
    </p>
   </div>
   <div class='ocr_carea' id='block_1_12' title="bbox 471 1337 756 1392">
    <p class='ocr_par' dir='ltr' id='par_1_12' title="bbox 471 1337 756 1392">
     <span class='ocr_line' id='line_1_12' title="bbox 471 1337 756 1392; baseline 0.004 -1"><span class='ocrx_word' id='word_1_80' title='bbox 471 1337 756 1392; x_wconf 81' lang='lat' dir='ltr'><strong>confirmo.</strong></span> 
     </span>
    </p>
   </div>
   <div class='ocr_carea' id='block_1_13' title="bbox 540 1425 2058 1498">
    <p class='ocr_par' dir='ltr' id='par_1_13' title="bbox 540 1425 2058 1498">
     <span class='ocr_line' id='line_1_13' title="bbox 540 1425 2058 1498; baseline -0.001 -16"><span class='ocrx_word' id='word_1_81' title='bbox 540 1429 676 1482; x_wconf 89' lang='lat' dir='ltr'><strong>Nam</strong></span> <span class='ocrx_word' id='word_1_82' title='bbox 702 1430 877 1498; x_wconf 87' lang='lat' dir='ltr'><strong>primo</strong></span> <span class='ocrx_word' id='word_1_83' title='bbox 909 1429 1128 1483; x_wconf 85' lang='lat' dir='ltr'><strong>dubium</strong></span> <span class='ocrx_word' id='word_1_84' title='bbox 1156 1427 1310 1482; x_wconf 83' lang='lat' dir='ltr'><strong>valde</strong></span> <span class='ocrx_word' id='word_1_85' title='bbox 1345 1437 1447 1490; x_wconf 78' lang='lat' dir='ltr'><strong>est,</strong></span> <span class='ocrx_word' id='word_1_86' title='bbox 1481 1441 1547 1480; x_wconf 85' lang='lat' dir='ltr'><strong>an</strong></span> <span class='ocrx_word' id='word_1_87' title='bbox 1579 1426 1802 1482; x_wconf 86' lang='lat' dir='ltr'><strong>secundi</strong></span> <span class='ocrx_word' id='word_1_88' title='bbox 1836 1425 1956 1482; x_wconf 88' lang='lat' dir='ltr'><strong>libri</strong></span> <span class='ocrx_word' id='word_1_89' title='bbox 1992 1426 2058 1480; x_wconf 93' lang='lat' dir='ltr'><strong>ti-</strong></span> 
     </span>
    </p>
   </div>
   <div class='ocr_carea' id='block_1_14' title="bbox 475 1516 2056 1586">
    <p class='ocr_par' dir='ltr' id='par_1_14' title="bbox 475 1516 2056 1586">
     <span class='ocr_line' id='line_1_14' title="bbox 475 1516 2056 1586; baseline 0 -15"><span class='ocrx_word' id='word_1_90' title='bbox 475 1517 618 1571; x_wconf 92' lang='lat' dir='ltr'><strong>tulus</strong></span> <span class='ocrx_word' id='word_1_91' title='bbox 647 1518 714 1570; x_wconf 90' lang='lat' dir='ltr'><strong>ah</strong></span> <span class='ocrx_word' id='word_1_92' title='bbox 744 1527 964 1571; x_wconf 82' lang='lat' dir='ltr'><strong>auclore</strong></span> <span class='ocrx_word' id='word_1_93' title='bbox 997 1517 1114 1586; x_wconf 90' lang='lat' dir='ltr'><strong>ipso</strong></span> <span class='ocrx_word' id='word_1_94' title='bbox 1141 1517 1213 1571; x_wconf 90' lang='lat' dir='ltr'><strong>sit</strong></span> <span class='ocrx_word' id='word_1_95' title='bbox 1238 1517 1548 1586; x_wconf 74' lang='lat' dir='ltr'><strong>inscriptus,</strong></span> <span class='ocrx_word' id='word_1_96' title='bbox 1586 1529 1652 1570; x_wconf 90' lang='lat' dir='ltr'><strong>an</strong></span> <span class='ocrx_word' id='word_1_97' title='bbox 1679 1532 1807 1571; x_wconf 90' lang='lat' dir='ltr'><strong>vero</strong></span> <span class='ocrx_word' id='word_1_98' title='bbox 1835 1532 1864 1570; x_wconf 89' lang='lat' dir='ltr'><strong>a</strong></span> <span class='ocrx_word' id='word_1_99' title='bbox 1890 1516 2056 1571; x_wconf 87' lang='lat' dir='ltr'><strong>libra-</strong></span> 
     </span>
    </p>
   </div>
   <div class='ocr_carea' id='block_1_15' title="bbox 471 1606 2060 1679">
    <p class='ocr_par' dir='ltr' id='par_1_15' title="bbox 471 1606 2060 1679">
     <span class='ocr_line' id='line_1_15' title="bbox 471 1606 2060 1679; baseline 0 -17"><span class='ocrx_word' id='word_1_100' title='bbox 471 1609 588 1663; x_wconf 87' lang='lat' dir='ltr'><strong>riis.</strong></span> <span class='ocrx_word' id='word_1_101' title='bbox 631 1608 894 1679; x_wconf 88' lang='lat' dir='ltr'><strong>Equidem</strong></span> <span class='ocrx_word' id='word_1_102' title='bbox 935 1622 1043 1662; x_wconf 92' lang='lat' dir='ltr'><strong>non</strong></span> <span class='ocrx_word' id='word_1_103' title='bbox 1081 1622 1204 1661; x_wconf 89' lang='lat' dir='ltr'><strong>eum</strong></span> <span class='ocrx_word' id='word_1_104' title='bbox 1235 1608 1394 1662; x_wconf 88' lang='lat' dir='ltr'><strong>modo</strong></span> <span class='ocrx_word' id='word_1_105' title='bbox 1433 1607 1665 1672; x_wconf 93' lang='lat' dir='ltr'><strong>titulum,</strong></span> <span class='ocrx_word' id='word_1_106' title='bbox 1709 1606 1800 1662; x_wconf 87' lang='lat' dir='ltr'><strong>sed</strong></span> <span class='ocrx_word' id='word_1_107' title='bbox 1831 1616 1886 1661; x_wconf 92' lang='lat' dir='ltr'><strong>et</strong></span> <span class='ocrx_word' id='word_1_108' title='bbox 1918 1609 2060 1662; x_wconf 90' lang='lat' dir='ltr'><strong>indi-</strong></span> 
     </span>
    </p>
   </div>
   <div class='ocr_carea' id='block_1_16' title="bbox 469 1699 2060 1771">
    <p class='ocr_par' dir='ltr' id='par_1_16' title="bbox 469 1699 2060 1771">
     <span class='ocr_line' id='line_1_16' title="bbox 469 1699 2060 1771; baseline 0 -15"><span class='ocrx_word' id='word_1_109' title='bbox 469 1717 588 1756; x_wconf 92' lang='lat' dir='ltr'><strong>cem</strong></span> <span class='ocrx_word' id='word_1_110' title='bbox 623 1701 878 1770; x_wconf 88' lang='lat' dir='ltr'><strong>capitum,</strong></span> <span class='ocrx_word' id='word_1_111' title='bbox 921 1703 1010 1769; x_wconf 91' lang='lat' dir='ltr'><strong>qui</strong></span> <span class='ocrx_word' id='word_1_112' title='bbox 1039 1701 1284 1771; x_wconf 81' lang='lat' dir='ltr'><strong>proxime</strong></span> <span class='ocrx_word' id='word_1_113' title='bbox 1312 1709 1432 1769; x_wconf 87' lang='lat' dir='ltr'><strong>post</strong></span> <span class='ocrx_word' id='word_1_114' title='bbox 1459 1699 1673 1754; x_wconf 89' lang='lat' dir='ltr'><strong>titulum</strong></span> <span class='ocrx_word' id='word_1_115' title='bbox 1701 1701 1968 1770; x_wconf 89' lang='lat' dir='ltr'><strong>sequitur,</strong></span> <span class='ocrx_word' id='word_1_116' title='bbox 2003 1712 2060 1756; x_wconf 93' lang='lat' dir='ltr'><strong>et</strong></span> 
     </span>
    </p>
   </div>
   <div class='ocr_carea' id='block_1_17' title="bbox 471 1789 2058 1861">
    <p class='ocr_par' dir='ltr' id='par_1_17' title="bbox 471 1789 2058 1861">
     <span class='ocr_line' id='line_1_17' title="bbox 471 1789 2058 1861; baseline 0.004 -18"><span class='ocrx_word' id='word_1_117' title='bbox 471 1789 806 1859; x_wconf 87' lang='lat' dir='ltr'><strong>singulorum</strong></span> <span class='ocrx_word' id='word_1_118' title='bbox 856 1791 1089 1859; x_wconf 86' lang='lat' dir='ltr'><strong>capitum</strong></span> <span class='ocrx_word' id='word_1_119' title='bbox 1135 1800 1449 1861; x_wconf 86' lang='lat' dir='ltr'><strong>argumenta</strong></span> <span class='ocrx_word' id='word_1_120' title='bbox 1494 1791 1697 1853; x_wconf 91' lang='lat' dir='ltr'><strong>abhis,</strong></span> <span class='ocrx_word' id='word_1_121' title='bbox 1728 1807 1834 1844; x_wconf 91' lang='lat' dir='ltr'><strong>nou</strong></span> <span class='ocrx_word' id='word_1_122' title='bbox 1860 1794 1930 1848; x_wconf 89' lang='lat' dir='ltr'><strong>ab</strong></span> <span class='ocrx_word' id='word_1_123' title='bbox 1967 1793 2058 1850; x_wconf 92' lang='lat' dir='ltr'><strong>illo</strong></span> 
     </span>
    </p>
   </div>
   <div class='ocr_carea' id='block_1_18' title="bbox 2161 604 3715 681">
    <p class='ocr_par' dir='ltr' id='par_1_18' title="bbox 2161 604 3715 681">
     <span class='ocr_line' id='line_1_18' title="bbox 2161 604 3715 681; baseline 0.008 -25"><span class='ocrx_word' id='word_1_124' title='bbox 2161 604 2366 658; x_wconf 85' lang='lat' dir='ltr'><strong>allata?</strong></span> <span class='ocrx_word' id='word_1_125' title='bbox 2403 605 2460 660; x_wconf 93' lang='lat' dir='ltr'><strong>Si</strong></span> <span class='ocrx_word' id='word_1_126' title='bbox 2487 606 2728 674; x_wconf 80' lang='lat' dir='ltr'><strong>excipias</strong></span> <span class='ocrx_word' id='word_1_127' title='bbox 2763 605 2892 659; x_wconf 92' lang='lat' dir='ltr'><strong>illud</strong></span> <span class='ocrx_word' id='word_1_128' title='bbox 2920 623 2934 658; x_wconf 87' lang='lat'><strong>:</strong></span> <span class='ocrx_word' id='word_1_129' title='bbox 2969 605 3093 661; x_wconf 84' lang='lat' dir='ltr'><strong>Nisi</strong></span> <span class='ocrx_word' id='word_1_130' title='bbox 3115 610 3251 676; x_wconf 86' lang='lat' dir='ltr'><strong>quis,</strong></span> <span class='ocrx_word' id='word_1_131' title='bbox 3282 619 3414 674; x_wconf 93' lang='lat' dir='ltr'><strong>etc.,</strong></span> <span class='ocrx_word' id='word_1_132' title='bbox 3448 613 3581 678; x_wconf 89' lang='lat' dir='ltr'><strong>quod</strong></span> <span class='ocrx_word' id='word_1_133' title='bbox 3611 627 3715 681; x_wconf 85' lang='lat' dir='ltr'><strong>cap.</strong></span> 
     </span>
    </p>
   </div>
   <div class='ocr_carea' id='block_1_19' title="bbox 2162 693 3720 762">
    <p class='ocr_par' dir='ltr' id='par_1_19' title="bbox 2162 693 3720 762">
     <span class='ocr_line' id='line_1_19' title="bbox 2162 693 3720 762; baseline 0.008 -15"><span class='ocrx_word' id='word_1_134' title='bbox 2162 694 2230 748; x_wconf 77' lang='lat' dir='ltr'><strong>I5</strong></span> <span class='ocrx_word' id='word_1_135' title='bbox 2257 693 2503 762; x_wconf 73' lang='lat' dir='ltr'><strong>affertur,</strong></span> <span class='ocrx_word' id='word_1_136' title='bbox 2548 697 2634 750; x_wconf 84' lang='lat' dir='ltr'><strong>vix</strong></span> <span class='ocrx_word' id='word_1_137' title='bbox 2677 696 2842 751; x_wconf 90' lang='lat' dir='ltr'><strong>ullum</strong></span> <span class='ocrx_word' id='word_1_138' title='bbox 2881 697 3025 752; x_wconf 85' lang='lat' dir='ltr'><strong>aliud</strong></span> <span class='ocrx_word' id='word_1_139' title='bbox 3065 699 3120 755; x_wconf 91' lang='lat' dir='ltr'><strong>in</strong></span> <span class='ocrx_word' id='word_1_140' title='bbox 3167 702 3405 758; x_wconf 86' lang='lat' dir='ltr'><strong>secundo</strong></span> <span class='ocrx_word' id='word_1_141' title='bbox 3432 701 3562 757; x_wconf 93' lang='lat' dir='ltr'><strong>libro</strong></span> <span class='ocrx_word' id='word_1_142' title='bbox 3588 704 3720 759; x_wconf 81' lang='lat' dir='ltr'><strong>iuve-</strong></span> 
     </span>
    </p>
   </div>
   <div class='ocr_carea' id='block_1_20' title="bbox 2160 787 3719 863">
    <p class='ocr_par' dir='ltr' id='par_1_20' title="bbox 2160 787 3719 863">
     <span class='ocr_line' id='line_1_20' title="bbox 2160 787 3719 863; baseline 0.006 -23"><span class='ocrx_word' id='word_1_143' title='bbox 2160 787 2277 841; x_wconf 87' lang='lat' dir='ltr'><strong>uies</strong></span> <span class='ocrx_word' id='word_1_144' title='bbox 2329 803 2343 838; x_wconf 91' lang='lat'>:</span> <span class='ocrx_word' id='word_1_145' title='bbox 2393 788 2442 841; x_wconf 87' lang='lat' dir='ltr'><strong>id</strong></span> <span class='ocrx_word' id='word_1_146' title='bbox 2472 789 2615 842; x_wconf 92' lang='lat' dir='ltr'><strong>enim</strong></span> <span class='ocrx_word' id='word_1_147' title='bbox 2653 789 2994 857; x_wconf 86' lang='lat' dir='ltr'><strong>potissimum</strong></span> <span class='ocrx_word' id='word_1_148' title='bbox 3029 791 3084 844; x_wconf 84' lang='lat' dir='ltr'><strong>in</strong></span> <span class='ocrx_word' id='word_1_149' title='bbox 3117 793 3354 846; x_wconf 88' lang='lat' dir='ltr'><strong>secundo</strong></span> <span class='ocrx_word' id='word_1_150' title='bbox 3392 808 3575 848; x_wconf 84' lang='lat' dir='ltr'><strong>auctor</strong></span> <span class='ocrx_word' id='word_1_151' title='bbox 3615 809 3719 863; x_wconf 81' lang='lat' dir='ltr'><strong>spe-</strong></span> 
     </span>
    </p>
   </div>
   <div class='ocr_carea' id='block_1_21' title="bbox 2159 884 3722 956">
    <p class='ocr_par' dir='ltr' id='par_1_21' title="bbox 2159 884 3722 956">
     <span class='ocr_line' id='line_1_21' title="bbox 2159 884 3722 956; baseline 0.008 -25"><span class='ocrx_word' id='word_1_152' title='bbox 2159 889 2293 944; x_wconf 89' lang='lat' dir='ltr'><strong>ctat,</strong></span> <span class='ocrx_word' id='word_1_153' title='bbox 2345 891 2399 934; x_wconf 92' lang='lat' dir='ltr'><strong>ut</strong></span> <span class='ocrx_word' id='word_1_154' title='bbox 2451 892 2768 946; x_wconf 80' lang='lat' dir='ltr'><strong>argumenta</strong></span> <span class='ocrx_word' id='word_1_155' title='bbox 2823 897 2889 937; x_wconf 87' lang='lat' dir='ltr'><strong>ac</strong></span> <span class='ocrx_word' id='word_1_156' title='bbox 2941 884 3252 938; x_wconf 87' lang='lat' dir='ltr'><strong>testimonia</strong></span> <span class='ocrx_word' id='word_1_157' title='bbox 3308 884 3516 953; x_wconf 69' lang='lat' dir='ltr'><strong>afferat,</strong></span> <span class='ocrx_word' id='word_1_158' title='bbox 3546 888 3722 956; x_wconf 88' lang='lat' dir='ltr'><strong>quibus</strong></span> 
     </span>
    </p>
   </div>
   <div class='ocr_carea' id='block_1_22' title="bbox 2160 970 3722 1047">
    <p class='ocr_par' dir='ltr' id='par_1_22' title="bbox 2160 970 3722 1047">
     <span class='ocr_line' id='line_1_22' title="bbox 2160 970 3722 1047; baseline 0.006 -22"><span class='ocrx_word' id='word_1_159' title='bbox 2160 970 2395 1039; x_wconf 87' lang='lat' dir='ltr'><strong>Spiritus</strong></span> <span class='ocrx_word' id='word_1_160' title='bbox 2433 974 2604 1027; x_wconf 85' lang='lat' dir='ltr'><strong>sancti</strong></span> <span class='ocrx_word' id='word_1_161' title='bbox 2652 974 2908 1030; x_wconf 87' lang='lat' dir='ltr'><strong>divinitas</strong></span> <span class='ocrx_word' id='word_1_162' title='bbox 2934 975 3259 1039; x_wconf 88' lang='lat' dir='ltr'><strong>ostenditur,</strong></span> <span class='ocrx_word' id='word_1_163' title='bbox 3288 979 3722 1047; x_wconf 86' lang='lat' dir='ltr'><strong>quemadmodum</strong></span> 
     </span>
    </p>
   </div>
   <div class='ocr_carea' id='block_1_23' title="bbox 2160 1061 3723 1138">
    <p class='ocr_par' dir='ltr' id='par_1_23' title="bbox 2160 1061 3723 1138">
     <span class='ocr_line' id='line_1_23' title="bbox 2160 1061 3723 1138; baseline 0.005 -24"><span class='ocrx_word' id='word_1_164' title='bbox 2160 1061 2213 1114; x_wconf 91' lang='lat' dir='ltr'><strong>in</strong></span> <span class='ocrx_word' id='word_1_165' title='bbox 2249 1063 2414 1116; x_wconf 90' lang='lat' dir='ltr'><strong>tertio</strong></span> <span class='ocrx_word' id='word_1_166' title='bbox 2446 1065 2498 1118; x_wconf 88' lang='lat' dir='ltr'><strong>id</strong></span> <span class='ocrx_word' id='word_1_167' title='bbox 2539 1065 2882 1134; x_wconf 89' lang='lat' dir='ltr'><strong>potissimum</strong></span> <span class='ocrx_word' id='word_1_168' title='bbox 2908 1075 3136 1133; x_wconf 85' lang='lat' dir='ltr'><strong>spectat,</strong></span> <span class='ocrx_word' id='word_1_169' title='bbox 3165 1080 3223 1122; x_wconf 92' lang='lat' dir='ltr'><strong>ut</strong></span> <span class='ocrx_word' id='word_1_170' title='bbox 3249 1083 3312 1121; x_wconf 88' lang='lat' dir='ltr'><strong>ea</strong></span> <span class='ocrx_word' id='word_1_171' title='bbox 3337 1067 3624 1138; x_wconf 76' lang='lat' dir='ltr'><strong>Scriptura:</strong></span> <span class='ocrx_word' id='word_1_172' title='bbox 3652 1069 3723 1122; x_wconf 83' lang='lat' dir='ltr'><strong>lo-</strong></span> 
     </span>
    </p>
   </div>
   <div class='ocr_carea' id='block_1_24' title="bbox 2160 1151 3727 1227">
    <p class='ocr_par' dir='ltr' id='par_1_24' title="bbox 2160 1151 3727 1227">
     <span class='ocr_line' id='line_1_24' title="bbox 2160 1151 3727 1227; baseline 0.007 -22"><span class='ocrx_word' id='word_1_173' title='bbox 2160 1166 2222 1206; x_wconf 87' lang='lat' dir='ltr'><strong>ca</strong></span> <span class='ocrx_word' id='word_1_174' title='bbox 2269 1151 2479 1219; x_wconf 69' lang='lat' dir='ltr'><strong>afferat,</strong></span> <span class='ocrx_word' id='word_1_175' title='bbox 2541 1155 2738 1223; x_wconf 85' lang='lat' dir='ltr'><strong>quibus</strong></span> <span class='ocrx_word' id='word_1_176' title='bbox 2792 1169 3074 1224; x_wconf 85' lang='lat' dir='ltr'><strong>perperam</strong></span> <span class='ocrx_word' id='word_1_177' title='bbox 3127 1158 3413 1227; x_wconf 81' lang='lat' dir='ltr'><strong>explicatis</strong></span> <span class='ocrx_word' id='word_1_178' title='bbox 3467 1161 3727 1220; x_wconf 67' lang='lat' dir='ltr'><strong>catholicae</strong></span> 
     </span>
    </p>
   </div>
   <div class='ocr_carea' id='block_1_25' title="bbox 2159 1244 3727 1320">
    <p class='ocr_par' dir='ltr' id='par_1_25' title="bbox 2159 1244 3727 1320">
     <span class='ocr_line' id='line_1_25' title="bbox 2159 1244 3727 1320; baseline 0.006 -22"><span class='ocrx_word' id='word_1_179' title='bbox 2159 1244 2417 1300; x_wconf 67' lang='lat' dir='ltr'><strong>Ecclesia:</strong></span> <span class='ocrx_word' id='word_1_180' title='bbox 2465 1245 2657 1317; x_wconf 80' lang='lat' dir='ltr'><strong>dogma</strong></span> <span class='ocrx_word' id='word_1_181' title='bbox 2709 1247 2948 1305; x_wconf 71' lang='lat' dir='ltr'><strong>haeretici</strong></span> <span class='ocrx_word' id='word_1_182' title='bbox 2992 1251 3401 1320; x_wconf 82' lang='lat' dir='ltr'><strong>impugnabant.</strong></span> <span class='ocrx_word' id='word_1_183' title='bbox 3453 1252 3521 1306; x_wconf 80' lang='lat' dir='ltr'><strong>At</strong></span> <span class='ocrx_word' id='word_1_184' title='bbox 3552 1261 3727 1307; x_wconf 88' lang='lat' dir='ltr'><strong>contra</strong></span> 
     </span>
    </p>
   </div>
   <div class='ocr_carea' id='block_1_26' title="bbox 2161 1336 3726 1413">
    <p class='ocr_par' dir='ltr' id='par_1_26' title="bbox 2161 1336 3726 1413">
     <span class='ocr_line' id='line_1_26' title="bbox 2161 1336 3726 1413; baseline 0.004 -23"><span class='ocrx_word' id='word_1_185' title='bbox 2161 1337 2212 1390; x_wconf 91' lang='lat' dir='ltr'><strong>in</strong></span> <span class='ocrx_word' id='word_1_186' title='bbox 2251 1336 2390 1392; x_wconf 92' lang='lat' dir='ltr'><strong>libro</strong></span> <span class='ocrx_word' id='word_1_187' title='bbox 2421 1337 2496 1392; x_wconf 83' lang='lat' dir='ltr'><strong>De</strong></span> <span class='ocrx_word' id='word_1_188' title='bbox 2534 1336 2740 1404; x_wconf 84' lang='lat' dir='ltr'><strong>Spiritu</strong></span> <span class='ocrx_word' id='word_1_189' title='bbox 2781 1350 2966 1396; x_wconf 85' lang='lat' dir='ltr'><strong>sancto</strong></span> <span class='ocrx_word' id='word_1_190' title='bbox 3012 1342 3177 1395; x_wconf 90' lang='lat' dir='ltr'><strong>multa</strong></span> <span class='ocrx_word' id='word_1_191' title='bbox 3206 1342 3414 1410; x_wconf 81' lang='lat' dir='ltr'><strong>profert</strong></span> <span class='ocrx_word' id='word_1_192' title='bbox 3444 1343 3726 1413; x_wconf 67' lang='lat' dir='ltr'><strong>Scriptura</strong></span> 
     </span>
    </p>
   </div>
   <div class='ocr_carea' id='block_1_27' title="bbox 2168 1429 3720 1506">
    <p class='ocr_par' dir='ltr' id='par_1_27' title="bbox 2168 1429 3720 1506">
     <span class='ocr_line' id='line_1_27' title="bbox 2168 1429 3720 1506; baseline 0.003 -23"><span class='ocrx_word' id='word_1_193' title='bbox 2168 1429 2284 1485; x_wconf 85' lang='lat' dir='ltr'><strong>loca</strong></span> <span class='ocrx_word' id='word_1_194' title='bbox 2327 1430 2396 1485; x_wconf 90' lang='lat' dir='ltr'><strong>iis</strong></span> <span class='ocrx_word' id='word_1_195' title='bbox 2424 1430 2642 1494; x_wconf 86' lang='lat' dir='ltr'><strong>similia,</strong></span> <span class='ocrx_word' id='word_1_196' title='bbox 2677 1446 2796 1500; x_wconf 68' lang='lat' dir='ltr'><strong>quae.</strong></span> <span class='ocrx_word' id='word_1_197' title='bbox 2823 1447 2948 1504; x_wconf 90' lang='lat' dir='ltr'><strong>pag.</strong></span> <span class='ocrx_word' id='word_1_198' title='bbox 2980 1433 3086 1488; x_wconf 72' lang='lat'><strong>425</strong></span> <span class='ocrx_word' id='word_1_199' title='bbox 3117 1433 3301 1489; x_wconf 89' lang='lat' dir='ltr'><strong>attulit</strong></span> <span class='ocrx_word' id='word_1_200' title='bbox 3327 1434 3380 1488; x_wconf 91' lang='lat' dir='ltr'><strong>in</strong></span> <span class='ocrx_word' id='word_1_201' title='bbox 3419 1435 3521 1491; x_wconf 93' lang='lat' dir='ltr'><strong>hoc</strong></span> <span class='ocrx_word' id='word_1_202' title='bbox 3548 1449 3720 1506; x_wconf 85' lang='lat' dir='ltr'><strong>opere,</strong></span> 
     </span>
    </p>
   </div>
   <div class='ocr_carea' id='block_1_28' title="bbox 2157 1522 2752 1579">
    <p class='ocr_par' dir='ltr' id='par_1_28' title="bbox 2157 1522 2752 1579">
     <span class='ocr_line' id='line_1_28' title="bbox 2157 1522 2752 1579; baseline 0.002 -3"><span class='ocrx_word' id='word_1_203' title='bbox 2157 1532 2217 1576; x_wconf 92' lang='lat' dir='ltr'><strong>ut</strong></span> <span class='ocrx_word' id='word_1_204' title='bbox 2249 1523 2463 1578; x_wconf 89' lang='lat' dir='ltr'><strong>ostendi</strong></span> <span class='ocrx_word' id='word_1_205' title='bbox 2499 1522 2552 1578; x_wconf 91' lang='lat' dir='ltr'><strong>in</strong></span> <span class='ocrx_word' id='word_1_206' title='bbox 2583 1524 2752 1579; x_wconf 86' lang='lat' dir='ltr'><strong>notis.</strong></span> 
     </span>
    </p>
   </div>
   <div class='ocr_carea' id='block_1_29' title="bbox 2229 1612 3734 1682">
    <p class='ocr_par' dir='ltr' id='par_1_29' title="bbox 2229 1612 3734 1682">
     <span class='ocr_line' id='line_1_29' title="bbox 2229 1612 3734 1682; baseline 0.002 -15"><span class='ocrx_word' id='word_1_207' title='bbox 2229 1613 2416 1668; x_wconf 87' lang='lat' dir='ltr'><strong>Tertio</strong></span> <span class='ocrx_word' id='word_1_208' title='bbox 2449 1612 2646 1668; x_wconf 89' lang='lat' dir='ltr'><strong>librum</strong></span> <span class='ocrx_word' id='word_1_209' title='bbox 2693 1629 2850 1669; x_wconf 89' lang='lat' dir='ltr'><strong>suum</strong></span> <span class='ocrx_word' id='word_1_210' title='bbox 2882 1614 2957 1669; x_wconf 86' lang='lat' dir='ltr'><strong>De</strong></span> <span class='ocrx_word' id='word_1_211' title='bbox 2994 1614 3195 1682; x_wconf 86' lang='lat' dir='ltr'><strong>Spiritu</strong></span> <span class='ocrx_word' id='word_1_212' title='bbox 3245 1626 3428 1670; x_wconf 82' lang='lat' dir='ltr'><strong>sancto</strong></span> <span class='ocrx_word' id='word_1_213' title='bbox 3459 1619 3581 1669; x_wconf 89' lang='lat' dir='ltr'><strong>dum</strong></span> <span class='ocrx_word' id='word_1_214' title='bbox 3613 1616 3734 1670; x_wconf 80' lang='lat' dir='ltr'><strong>cita:</strong></span> 
     </span>
    </p>
   </div>
   <div class='ocr_carea' id='block_1_30' title="bbox 2167 1703 3732 1777">
    <p class='ocr_par' dir='ltr' id='par_1_30' title="bbox 2167 1703 3732 1777">
     <span class='ocr_line' id='line_1_30' title="bbox 2167 1703 3732 1777; baseline -0.002 -17"><span class='ocrx_word' id='word_1_215' title='bbox 2167 1705 2380 1760; x_wconf 91' lang='lat' dir='ltr'><strong>duobus</strong></span> <span class='ocrx_word' id='word_1_216' title='bbox 2415 1704 2469 1758; x_wconf 92' lang='lat' dir='ltr'><strong>in</strong></span> <span class='ocrx_word' id='word_1_217' title='bbox 2501 1703 2635 1758; x_wconf 91' lang='lat' dir='ltr'><strong>locis</strong></span> <span class='ocrx_word' id='word_1_218' title='bbox 2665 1715 2857 1760; x_wconf 87' lang='lat' dir='ltr'><strong>auctor</strong></span> <span class='ocrx_word' id='word_1_219' title='bbox 2889 1716 3097 1772; x_wconf 89' lang='lat' dir='ltr'><strong>noster,</strong></span> <span class='ocrx_word' id='word_1_220' title='bbox 3129 1706 3416 1777; x_wconf 88' lang='lat' dir='ltr'><strong>utrobique</strong></span> <span class='ocrx_word' id='word_1_221' title='bbox 3445 1707 3599 1776; x_wconf 84' lang='grc' dir='ltr'>λόγον</span> <span class='ocrx_word' id='word_1_222' title='bbox 3620 1721 3732 1759; x_wconf 83' lang='lat' dir='ltr'><strong>eum</strong></span> 
     </span>
    </p>
   </div>
   <div class='ocr_carea' id='block_1_31' title="bbox 2157 1793 3736 1869">
    <p class='ocr_par' dir='ltr' id='par_1_31' title="bbox 2157 1793 3736 1869">
     <span class='ocr_line' id='line_1_31' title="bbox 2157 1793 3736 1869; baseline 0.002 -21"><span class='ocrx_word' id='word_1_223' title='bbox 2157 1805 2338 1862; x_wconf 84' lang='lat' dir='ltr'><strong>vocat,</strong></span> <span class='ocrx_word' id='word_1_224' title='bbox 2366 1809 2469 1849; x_wconf 91' lang='lat' dir='ltr'><strong>non</strong></span> <span class='ocrx_word' id='word_1_225' title='bbox 2501 1793 2722 1864; x_wconf 84' lang='grc' dir='ltr'>βιϐλίον.</span> <span class='ocrx_word' id='word_1_226' title='bbox 2748 1795 2875 1850; x_wconf 87' lang='lat' dir='ltr'><strong>Inde</strong></span> <span class='ocrx_word' id='word_1_227' title='bbox 2901 1807 3082 1851; x_wconf 85' lang='lat' dir='ltr'><strong>autem</strong></span> <span class='ocrx_word' id='word_1_228' title='bbox 3116 1797 3308 1869; x_wconf 84' lang='lat' dir='ltr'><strong>colligo</strong></span> <span class='ocrx_word' id='word_1_229' title='bbox 3329 1799 3560 1868; x_wconf 84' lang='lat' dir='ltr'><strong>spectari</strong></span> <span class='ocrx_word' id='word_1_230' title='bbox 3593 1798 3656 1852; x_wconf 87' lang='lat' dir='ltr'><strong>ab</strong></span> <span class='ocrx_word' id='word_1_231' title='bbox 3677 1811 3736 1851; x_wconf 78' lang='lat' dir='ltr'><strong>eo</strong></span> 
     </span>
    </p>
   </div>
   <div class='ocr_carea' id='block_1_32' title="bbox 469 1867 3737 1956">
    <p class='ocr_par' dir='ltr' id='par_1_32' title="bbox 469 1867 3737 1956">
     <span class='ocr_line' id='line_1_32' title="bbox 469 1867 3737 1956; baseline 0.002 -23"><span class='ocrx_word' id='word_1_232' title='bbox 469 1868 650 1935; x_wconf 81' lang='lat' dir='ltr'><strong>addita</strong></span> <span class='ocrx_word' id='word_1_233' title='bbox 689 1895 810 1937; x_wconf 90' lang='lat' dir='ltr'><strong>esse</strong></span> <span class='ocrx_word' id='word_1_234' title='bbox 863 1881 1150 1946; x_wconf 76' lang='lat' dir='ltr'><strong>existimo;</strong></span> <span class='ocrx_word' id='word_1_235' title='bbox 1191 1882 1426 1937; x_wconf 90' lang='lat' dir='ltr'><strong>auctoris</strong></span> <span class='ocrx_word' id='word_1_236' title='bbox 1460 1897 1589 1936; x_wconf 90' lang='lat' dir='ltr'><strong>vero</strong></span> <span class='ocrx_word' id='word_1_237' title='bbox 1638 1893 1874 1937; x_wconf 90' lang='lat' dir='ltr'><strong>mentem</strong></span> <span class='ocrx_word' id='word_1_238' title='bbox 1917 1884 2056 1940; x_wconf 90' lang='lat' dir='ltr'><strong>hanc</strong></span> <span class='ocrx_word' id='word_1_239' title='bbox 2089 1867 2133 1923; x_wconf 77' lang='grc' dir='ltr'><strong>Β</strong></span> <span class='ocrx_word' id='word_1_240' title='bbox 2160 1901 2264 1941; x_wconf 91' lang='lat' dir='ltr'><strong>non</strong></span> <span class='ocrx_word' id='word_1_241' title='bbox 2296 1885 2600 1942; x_wconf 87' lang='lat' dir='ltr'><strong>secundum</strong></span> <span class='ocrx_word' id='word_1_242' title='bbox 2633 1883 2792 1956; x_wconf 88' lang='lat' dir='ltr'><strong>hujus</strong></span> <span class='ocrx_word' id='word_1_243' title='bbox 2828 1887 3012 1956; x_wconf 91' lang='lat' dir='ltr'><strong>operis</strong></span> <span class='ocrx_word' id='word_1_244' title='bbox 3041 1867 3265 1954; x_wconf 69' lang='lat' dir='ltr'><strong>librum,</strong></span> <span class='ocrx_word' id='word_1_245' title='bbox 3291 1867 3386 1943; x_wconf 87' lang='lat' dir='ltr'><strong>sed</strong></span> <span class='ocrx_word' id='word_1_246' title='bbox 3427 1889 3624 1944; x_wconf 92' lang='lat' dir='ltr'><strong>librum</strong></span> <span class='ocrx_word' id='word_1_247' title='bbox 3667 1888 3737 1940; x_wconf 81' lang='lat' dir='ltr'><strong>De</strong></span> 
     </span>
    </p>
   </div>
   <div class='ocr_carea' id='block_1_33' title="bbox 470 1969 2056 2034">
    <p class='ocr_par' dir='ltr' id='par_1_33' title="bbox 470 1969 2056 2034">
     <span class='ocr_line' id='line_1_33' title="bbox 470 1969 2056 2034; baseline 0.003 -11"><span class='ocrx_word' id='word_1_248' title='bbox 470 1969 660 2034; x_wconf 86' lang='lat' dir='ltr'><strong>fuisse,</strong></span> <span class='ocrx_word' id='word_1_249' title='bbox 701 1981 760 2025; x_wconf 91' lang='lat' dir='ltr'><strong>ut</strong></span> <span class='ocrx_word' id='word_1_250' title='bbox 803 1979 913 2025; x_wconf 89' lang='lat' dir='ltr'><strong>tres</strong></span> <span class='ocrx_word' id='word_1_251' title='bbox 959 1972 1012 2024; x_wconf 88' lang='lat' dir='ltr'><strong>hi</strong></span> <span class='ocrx_word' id='word_1_252' title='bbox 1046 1971 1167 2025; x_wconf 91' lang='lat' dir='ltr'><strong>lihri</strong></span> <span class='ocrx_word' id='word_1_253' title='bbox 1203 1973 1303 2027; x_wconf 92' lang='lat' dir='ltr'><strong>hoc</strong></span> <span class='ocrx_word' id='word_1_254' title='bbox 1333 1975 1416 2027; x_wconf 88' lang='lat' dir='ltr'><strong>vel</strong></span> <span class='ocrx_word' id='word_1_255' title='bbox 1451 1974 1557 2027; x_wconf 90' lang='lat' dir='ltr'><strong>alio</strong></span> <span class='ocrx_word' id='word_1_256' title='bbox 1585 1972 1729 2026; x_wconf 86' lang='lat' dir='ltr'><strong>alliui</strong></span> <span class='ocrx_word' id='word_1_257' title='bbox 1777 1973 1939 2029; x_wconf 92' lang='lat' dir='ltr'><strong>modo</strong></span> <span class='ocrx_word' id='word_1_258' title='bbox 1971 1973 2056 2027; x_wconf 89' lang='lat' dir='ltr'><strong>in-</strong></span> 
     </span>
    </p>
   </div>
   <div class='ocr_carea' id='block_1_34' title="bbox 469 2063 2056 2137">
    <p class='ocr_par' dir='ltr' id='par_1_34' title="bbox 469 2063 2056 2137">
     <span class='ocr_line' id='line_1_34' title="bbox 469 2063 2056 2137; baseline 0.003 -19"><span class='ocrx_word' id='word_1_259' title='bbox 469 2063 840 2119; x_wconf 85' lang='lat' dir='ltr'><strong>scriberentur</strong></span> <span class='ocrx_word' id='word_1_260' title='bbox 871 2081 884 2117; x_wconf 90' lang='lat'>:</span> <span class='ocrx_word' id='word_1_261' title='bbox 918 2066 1057 2134; x_wconf 76' lang='grc' dir='ltr'><strong>Περὶ</strong></span> <span class='ocrx_word' id='word_1_262' title='bbox 1089 2068 1400 2137; x_wconf 77' lang='grc' dir='ltr'><strong>θεολογίας</strong></span> <span class='ocrx_word' id='word_1_263' title='bbox 1428 2067 1534 2136; x_wconf 87' lang='lat' dir='ltr'><strong>(vel</strong></span> <span class='ocrx_word' id='word_1_264' title='bbox 1571 2068 1709 2136; x_wconf 79' lang='grc' dir='ltr'><strong>Περὶ</strong></span> <span class='ocrx_word' id='word_1_265' title='bbox 1747 2067 1860 2135; x_wconf 82' lang='grc' dir='ltr'><strong>τῆς</strong></span> <span class='ocrx_word' id='word_1_266' title='bbox 1897 2068 2056 2136; x_wconf 80' lang='grc' dir='ltr'><strong>Τριά-</strong></span> 
     </span>
    </p>
   </div>
   <div class='ocr_carea' id='block_1_35' title="bbox 468 2161 2052 2234">
    <p class='ocr_par' dir='ltr' id='par_1_35' title="bbox 468 2161 2052 2234">
     <span class='ocr_line' id='line_1_35' title="bbox 468 2161 2052 2234; baseline 0.001 -18"><span class='ocrx_word' id='word_1_267' title='bbox 468 2163 594 2234; x_wconf 80' lang='grc' dir='ltr'>δος)</span> <span class='ocrx_word' id='word_1_268' title='bbox 623 2161 824 2232; x_wconf 78' lang='grc' dir='ltr'>βιϐλίον</span> <span class='ocrx_word' id='word_1_269' title='bbox 852 2162 921 2218; x_wconf 84' lang='grc' dir='ltr'><strong>α’.</strong></span> <span class='ocrx_word' id='word_1_270' title='bbox 958 2163 1095 2232; x_wconf 74' lang='grc' dir='ltr'><strong>Περὶ</strong></span> <span class='ocrx_word' id='word_1_271' title='bbox 1145 2161 1256 2231; x_wconf 83' lang='grc' dir='ltr'><strong>τῆς</strong></span> <span class='ocrx_word' id='word_1_272' title='bbox 1295 2163 1534 2231; x_wconf 80' lang='grc' dir='ltr'><strong>Τριάδος</strong></span> <span class='ocrx_word' id='word_1_273' title='bbox 1567 2162 1768 2234; x_wconf 83' lang='grc' dir='ltr'>βιϐλίον</span> <span class='ocrx_word' id='word_1_274' title='bbox 1813 2163 1877 2233; x_wconf 86' lang='grc' dir='ltr'><strong>β’.</strong></span> <span class='ocrx_word' id='word_1_275' title='bbox 1912 2165 2052 2232; x_wconf 79' lang='grc' dir='ltr'><strong>Περὶ</strong></span> 
     </span>
    </p>
   </div>
   <div class='ocr_carea' id='block_1_36' title="bbox 467 2254 2052 2326">
    <p class='ocr_par' dir='ltr' id='par_1_36' title="bbox 467 2254 2052 2326">
     <span class='ocr_line' id='line_1_36' title="bbox 467 2254 2052 2326; baseline -0.001 -16"><span class='ocrx_word' id='word_1_276' title='bbox 467 2255 581 2324; x_wconf 78' lang='grc' dir='ltr'><strong>τῆς</strong></span> <span class='ocrx_word' id='word_1_277' title='bbox 618 2255 858 2324; x_wconf 80' lang='grc' dir='ltr'><strong>Τριὰδος</strong></span> <span class='ocrx_word' id='word_1_278' title='bbox 885 2255 1087 2326; x_wconf 84' lang='grc' dir='ltr'>βιϐλίον</span> <span class='ocrx_word' id='word_1_279' title='bbox 1117 2255 1189 2325; x_wconf 86' lang='grc' dir='ltr'><strong>γ’,</strong></span> <span class='ocrx_word' id='word_1_280' title='bbox 1218 2257 1268 2310; x_wconf 83' lang='lat' dir='ltr'><strong>id</strong></span> <span class='ocrx_word' id='word_1_281' title='bbox 1300 2267 1404 2321; x_wconf 85' lang='lat' dir='ltr'><strong>est,</strong></span> <span class='ocrx_word' id='word_1_282' title='bbox 1444 2255 1522 2308; x_wconf 90' lang='lat' dir='ltr'><strong>De</strong></span> <span class='ocrx_word' id='word_1_283' title='bbox 1553 2254 1812 2310; x_wconf 88' lang='lat' dir='ltr'><strong>Trinitate</strong></span> <span class='ocrx_word' id='word_1_284' title='bbox 1834 2256 1969 2310; x_wconf 91' lang='lat' dir='ltr'><strong>liber</strong></span> <span class='ocrx_word' id='word_1_285' title='bbox 1997 2271 2012 2309; x_wconf 98' lang='lat' dir='ltr'><strong>I</strong></span> <span class='ocrx_word' id='word_1_286' title='bbox 2037 2272 2052 2321; x_wconf 90' lang='lat'><strong>;</strong></span> 
     </span>
    </p>
   </div>
   <div class='ocr_carea' id='block_1_37' title="bbox 471 2346 1995 2420">
    <p class='ocr_par' dir='ltr' id='par_1_37' title="bbox 471 2346 1995 2420">
     <span class='ocr_line' id='line_1_37' title="bbox 471 2346 1995 2420; baseline -0.001 -18"><span class='ocrx_word' id='word_1_287' title='bbox 471 2346 612 2420; x_wconf 76' lang='lat' dir='ltr'><strong>[XII]</strong></span> <span class='ocrx_word' id='word_1_288' title='bbox 645 2351 721 2402; x_wconf 85' lang='lat' dir='ltr'><strong>De</strong></span> <span class='ocrx_word' id='word_1_289' title='bbox 751 2347 1008 2402; x_wconf 83' lang='lat' dir='ltr'><strong>Triuitate</strong></span> <span class='ocrx_word' id='word_1_290' title='bbox 1061 2347 1196 2402; x_wconf 91' lang='lat' dir='ltr'><strong>liber</strong></span> <span class='ocrx_word' id='word_1_291' title='bbox 1225 2364 1260 2401; x_wconf 94' lang='lat' dir='ltr'><strong>Il</strong></span> <span class='ocrx_word' id='word_1_292' title='bbox 1290 2365 1304 2412; x_wconf 91' lang='lat'><strong>;</strong></span> <span class='ocrx_word' id='word_1_293' title='bbox 1348 2347 1424 2401; x_wconf 87' lang='lat' dir='ltr'><strong>De</strong></span> <span class='ocrx_word' id='word_1_294' title='bbox 1454 2346 1713 2400; x_wconf 86' lang='lat' dir='ltr'><strong>Trinitate</strong></span> <span class='ocrx_word' id='word_1_295' title='bbox 1747 2346 1882 2400; x_wconf 89' lang='lat' dir='ltr'><strong>liber</strong></span> <span class='ocrx_word' id='word_1_296' title='bbox 1917 2363 1995 2401; x_wconf 85' lang='grc' dir='ltr'><strong>ιιι.</strong></span> 
     </span>
    </p>
   </div>
   <div class='ocr_carea' id='block_1_38' title="bbox 543 2438 2052 2508">
    <p class='ocr_par' dir='ltr' id='par_1_38' title="bbox 543 2438 2052 2508">
     <span class='ocr_line' id='line_1_38' title="bbox 543 2438 2052 2508; baseline 0 -16"><span class='ocrx_word' id='word_1_297' title='bbox 543 2439 698 2505; x_wconf 82' lang='lat' dir='ltr'><strong>Quod</strong></span> <span class='ocrx_word' id='word_1_298' title='bbox 732 2438 876 2492; x_wconf 90' lang='lat' dir='ltr'><strong>enim</strong></span> <span class='ocrx_word' id='word_1_299' title='bbox 913 2447 1124 2507; x_wconf 88' lang='lat' dir='ltr'><strong>spectat</strong></span> <span class='ocrx_word' id='word_1_300' title='bbox 1166 2439 1232 2492; x_wconf 88' lang='lat' dir='ltr'><strong>ad</strong></span> <span class='ocrx_word' id='word_1_301' title='bbox 1269 2447 1581 2507; x_wconf 85' lang='lat' dir='ltr'><strong>argumenta</strong></span> <span class='ocrx_word' id='word_1_302' title='bbox 1637 2438 1791 2492; x_wconf 91' lang='lat' dir='ltr'><strong>initio</strong></span> <span class='ocrx_word' id='word_1_303' title='bbox 1817 2440 2052 2508; x_wconf 90' lang='lat' dir='ltr'><strong>capitum</strong></span> 
     </span>
    </p>
   </div>
   <div class='ocr_carea' id='block_1_39' title="bbox 468 2530 2052 2599">
    <p class='ocr_par' dir='ltr' id='par_1_39' title="bbox 468 2530 2052 2599">
     <span class='ocr_line' id='line_1_39' title="bbox 468 2530 2052 2599; baseline -0.003 -13"><span class='ocrx_word' id='word_1_304' title='bbox 468 2531 752 2599; x_wconf 90' lang='lat' dir='ltr'><strong>inscripta,</strong></span> <span class='ocrx_word' id='word_1_305' title='bbox 808 2545 870 2583; x_wconf 90' lang='lat' dir='ltr'><strong>ea</strong></span> <span class='ocrx_word' id='word_1_306' title='bbox 923 2532 1160 2584; x_wconf 89' lang='lat' dir='ltr'><strong>auctoris</strong></span> <span class='ocrx_word' id='word_1_307' title='bbox 1199 2546 1305 2584; x_wconf 91' lang='lat' dir='ltr'><strong>non</strong></span> <span class='ocrx_word' id='word_1_308' title='bbox 1346 2545 1487 2593; x_wconf 85' lang='lat' dir='ltr'><strong>esse,</strong></span> <span class='ocrx_word' id='word_1_309' title='bbox 1519 2531 1612 2586; x_wconf 90' lang='lat' dir='ltr'><strong>sed</strong></span> <span class='ocrx_word' id='word_1_310' title='bbox 1649 2530 1873 2585; x_wconf 81' lang='lat' dir='ltr'><strong>studiosi</strong></span> <span class='ocrx_word' id='word_1_311' title='bbox 1900 2545 2052 2583; x_wconf 85' lang='lat' dir='ltr'><strong>ama-</strong></span> 
     </span>
    </p>
   </div>
   <div class='ocr_carea' id='block_1_40' title="bbox 468 2622 2053 2694">
    <p class='ocr_par' dir='ltr' id='par_1_40' title="bbox 468 2622 2053 2694">
     <span class='ocr_line' id='line_1_40' title="bbox 468 2622 2053 2694; baseline -0.001 -16"><span class='ocrx_word' id='word_1_312' title='bbox 468 2623 711 2690; x_wconf 80' lang='lat' dir='ltr'><strong>nuensis,</strong></span> <span class='ocrx_word' id='word_1_313' title='bbox 739 2622 914 2694; x_wconf 79' lang='lat' dir='ltr'><strong>colligi</strong></span> <span class='ocrx_word' id='word_1_314' title='bbox 957 2623 1168 2678; x_wconf 85' lang='lat' dir='ltr'><strong>videtur</strong></span> <span class='ocrx_word' id='word_1_315' title='bbox 1190 2638 1312 2677; x_wconf 91' lang='lat' dir='ltr'><strong>cum</strong></span> <span class='ocrx_word' id='word_1_316' title='bbox 1341 2637 1406 2677; x_wconf 90' lang='lat' dir='ltr'><strong>ex</strong></span> <span class='ocrx_word' id='word_1_317' title='bbox 1441 2623 1529 2685; x_wconf 92' lang='lat' dir='ltr'><strong>iis,</strong></span> <span class='ocrx_word' id='word_1_318' title='bbox 1562 2637 1680 2691; x_wconf 59' lang='lat' dir='ltr'><strong>quae</strong></span> <span class='ocrx_word' id='word_1_319' title='bbox 1706 2622 1816 2676; x_wconf 91' lang='lat' dir='ltr'><strong>dixi</strong></span> <span class='ocrx_word' id='word_1_320' title='bbox 1849 2637 1969 2692; x_wconf 89' lang='lat' dir='ltr'><strong>pag.</strong></span> <span class='ocrx_word' id='word_1_321' title='bbox 1998 2623 2053 2686; x_wconf 85' lang='lat' dir='ltr'><strong>I,</strong></span> 
     </span>
    </p>
   </div>
   <div class='ocr_carea' id='block_1_41' title="bbox 469 2715 2054 2786">
    <p class='ocr_par' dir='ltr' id='par_1_41' title="bbox 469 2715 2054 2786">
     <span class='ocr_line' id='line_1_41' title="bbox 469 2715 2054 2786; baseline 0.002 -17"><span class='ocrx_word' id='word_1_322' title='bbox 469 2724 584 2771; x_wconf 89' lang='lat' dir='ltr'><strong>not.</strong></span> <span class='ocrx_word' id='word_1_323' title='bbox 615 2716 683 2782; x_wconf 75' lang='lat'><strong>5;</strong></span> <span class='ocrx_word' id='word_1_324' title='bbox 716 2723 829 2770; x_wconf 90' lang='lat' dir='ltr'><strong>tum</strong></span> <span class='ocrx_word' id='word_1_325' title='bbox 877 2731 942 2772; x_wconf 82' lang='lat' dir='ltr'><strong>ex</strong></span> <span class='ocrx_word' id='word_1_326' title='bbox 983 2730 1049 2772; x_wconf 90' lang='lat' dir='ltr'><strong>eo</strong></span> <span class='ocrx_word' id='word_1_327' title='bbox 1090 2715 1232 2785; x_wconf 88' lang='lat' dir='ltr'><strong>quod</strong></span> <span class='ocrx_word' id='word_1_328' title='bbox 1275 2719 1318 2769; x_wconf 94' lang='lat' dir='ltr'><strong>is</strong></span> <span class='ocrx_word' id='word_1_329' title='bbox 1347 2716 1436 2785; x_wconf 93' lang='lat' dir='ltr'><strong>qui</strong></span> <span class='ocrx_word' id='word_1_330' title='bbox 1468 2715 1555 2770; x_wconf 89' lang='lat' dir='ltr'><strong>illa</strong></span> <span class='ocrx_word' id='word_1_331' title='bbox 1604 2716 1850 2786; x_wconf 87' lang='lat' dir='ltr'><strong>apposuit</strong></span> <span class='ocrx_word' id='word_1_332' title='bbox 1900 2718 2054 2772; x_wconf 91' lang='lat' dir='ltr'><strong>initio</strong></span> 
     </span>
    </p>
   </div>
   <div class='ocr_carea' id='block_1_42' title="bbox 469 2807 2050 2878">
    <p class='ocr_par' dir='ltr' id='par_1_42' title="bbox 469 2807 2050 2878">
     <span class='ocr_line' id='line_1_42' title="bbox 469 2807 2050 2878; baseline -0.001 -15"><span class='ocrx_word' id='word_1_333' title='bbox 469 2808 671 2878; x_wconf 75' lang='lat' dir='ltr'><strong>aperis,</strong></span> <span class='ocrx_word' id='word_1_334' title='bbox 723 2808 862 2863; x_wconf 89' lang='lat' dir='ltr'><strong>idem</strong></span> <span class='ocrx_word' id='word_1_335' title='bbox 913 2808 1066 2878; x_wconf 88' lang='lat' dir='ltr'><strong>quasi</strong></span> <span class='ocrx_word' id='word_1_336' title='bbox 1111 2807 1435 2877; x_wconf 72' lang='lat' dir='ltr'><strong>defatigatus</strong></span> <span class='ocrx_word' id='word_1_337' title='bbox 1482 2823 1544 2863; x_wconf 89' lang='lat' dir='ltr'><strong>ea</strong></span> <span class='ocrx_word' id='word_1_338' title='bbox 1581 2808 1767 2863; x_wconf 88' lang='lat' dir='ltr'><strong>omisit</strong></span> <span class='ocrx_word' id='word_1_339' title='bbox 1818 2823 1848 2862; x_wconf 89' lang='lat' dir='ltr'><strong>a</strong></span> <span class='ocrx_word' id='word_1_340' title='bbox 1899 2808 2050 2877; x_wconf 89' lang='lat' dir='ltr'><strong>capi-</strong></span> 
     </span>
    </p>
   </div>
   <div class='ocr_carea' id='block_1_43' title="bbox 468 2901 2055 2971">
    <p class='ocr_par' dir='ltr' id='par_1_43' title="bbox 468 2901 2055 2971">
     <span class='ocr_line' id='line_1_43' title="bbox 468 2901 2055 2971; baseline 0.001 -16"><span class='ocrx_word' id='word_1_341' title='bbox 468 2910 524 2956; x_wconf 88' lang='lat' dir='ltr'><strong>te</strong></span> <span class='ocrx_word' id='word_1_342' title='bbox 557 2903 625 2957; x_wconf 77' lang='lat'><strong>15</strong></span> <span class='ocrx_word' id='word_1_343' title='bbox 659 2917 829 2971; x_wconf 90' lang='lat' dir='ltr'><strong>usque</strong></span> <span class='ocrx_word' id='word_1_344' title='bbox 860 2902 925 2953; x_wconf 88' lang='lat' dir='ltr'><strong>ad</strong></span> <span class='ocrx_word' id='word_1_345' title='bbox 955 2909 1285 2970; x_wconf 89' lang='lat' dir='ltr'><strong>postremum</strong></span> <span class='ocrx_word' id='word_1_346' title='bbox 1317 2901 1436 2956; x_wconf 92' lang='lat' dir='ltr'><strong>libri</strong></span> <span class='ocrx_word' id='word_1_347' title='bbox 1468 2902 1652 2969; x_wconf 88' lang='lat' dir='ltr'><strong>primi,</strong></span> <span class='ocrx_word' id='word_1_348' title='bbox 1684 2917 1747 2955; x_wconf 90' lang='lat' dir='ltr'><strong>ac</strong></span> <span class='ocrx_word' id='word_1_349' title='bbox 1783 2909 1893 2956; x_wconf 93' lang='lat' dir='ltr'><strong>toto</strong></span> <span class='ocrx_word' id='word_1_350' title='bbox 1916 2901 2055 2956; x_wconf 90' lang='lat' dir='ltr'><strong>libro</strong></span> 
     </span>
    </p>
   </div>
   <div class='ocr_carea' id='block_1_44' title="bbox 470 2980 2052 3060">
    <p class='ocr_par' dir='ltr' id='par_1_44' title="bbox 470 2980 2052 3060">
     <span class='ocr_line' id='line_1_44' title="bbox 470 2980 2052 3060; baseline -0.001 -13"><span class='ocrx_word' id='word_1_351' title='bbox 470 2995 631 3049; x_wconf 87' lang='lat' dir='ltr'><strong>tertio</strong></span> <span class='ocrx_word' id='word_1_352' title='bbox 676 2980 841 3046; x_wconf 59' lang='lat' dir='ltr'><strong>:‘t&#39;um</strong></span> <span class='ocrx_word' id='word_1_353' title='bbox 873 2994 1087 3045; x_wconf 80' lang='lat' dir='ltr'><strong>demum</strong></span> <span class='ocrx_word' id='word_1_354' title='bbox 1119 3007 1183 3047; x_wconf 81' lang='lat' dir='ltr'><strong>ex</strong></span> <span class='ocrx_word' id='word_1_355' title='bbox 1226 3006 1548 3060; x_wconf 84' lang='lat' dir='ltr'><strong>argumento</strong></span> <span class='ocrx_word' id='word_1_356' title='bbox 1581 2991 1772 3059; x_wconf 85' lang='lat' dir='ltr'><strong>capitis</strong></span> <span class='ocrx_word' id='word_1_357' title='bbox 1814 2992 1880 3046; x_wconf 91' lang='lat' dir='ltr'><strong>I8</strong></span> <span class='ocrx_word' id='word_1_358' title='bbox 1932 2992 2052 3046; x_wconf 90' lang='lat' dir='ltr'><strong>libri</strong></span> 
     </span>
    </p>
   </div>
   <div class='ocr_carea' id='block_1_45' title="bbox 469 3083 2055 3156">
    <p class='ocr_par' dir='ltr' id='par_1_45' title="bbox 469 3083 2055 3156">
     <span class='ocr_line' id='line_1_45' title="bbox 469 3083 2055 3156; baseline -0.001 -17"><span class='ocrx_word' id='word_1_359' title='bbox 469 3088 629 3156; x_wconf 88' lang='lat' dir='ltr'><strong>primi</strong></span> <span class='ocrx_word' id='word_1_360' title='bbox 665 3102 677 3136; x_wconf 96' lang='lat'>:</span> <span class='ocrx_word' id='word_1_361' title='bbox 720 3084 789 3138; x_wconf 92' lang='lat' dir='ltr'><strong>ibi</strong></span> <span class='ocrx_word' id='word_1_362' title='bbox 835 3086 977 3137; x_wconf 89' lang='lat' dir='ltr'><strong>enim</strong></span> <span class='ocrx_word' id='word_1_363' title='bbox 1021 3084 1235 3154; x_wconf 78' lang='lat' dir='ltr'><strong>legitur,</strong></span> <span class='ocrx_word' id='word_1_364' title='bbox 1263 3084 1503 3154; x_wconf 82' lang='grc' dir='ltr'><strong>ὀνόματα</strong></span> <span class='ocrx_word' id='word_1_365' title='bbox 1533 3083 1802 3152; x_wconf 79' lang='grc' dir='ltr'>λέγονται.</span> <span class='ocrx_word' id='word_1_366' title='bbox 1865 3095 2055 3138; x_wconf 85' lang='lat' dir='ltr'><strong>auctor</strong></span> 
     </span>
    </p>
   </div>
   <div class='ocr_carea' id='block_1_46' title="bbox 467 3177 2050 3248">
    <p class='ocr_par' dir='ltr' id='par_1_46' title="bbox 467 3177 2050 3248">
     <span class='ocr_line' id='line_1_46' title="bbox 467 3177 2050 3248; baseline -0.001 -17"><span class='ocrx_word' id='word_1_367' title='bbox 467 3195 598 3236; x_wconf 81' lang='lat' dir='ltr'><strong>vero</strong></span> <span class='ocrx_word' id='word_1_368' title='bbox 626 3195 730 3234; x_wconf 90' lang='lat' dir='ltr'><strong>non</strong></span> <span class='ocrx_word' id='word_1_369' title='bbox 765 3178 1014 3248; x_wconf 77' lang='grc' dir='ltr'>λέγονται</span> <span class='ocrx_word' id='word_1_370' title='bbox 1048 3179 1328 3243; x_wconf 87' lang='lat' dir='ltr'><strong>dictasset,</strong></span> <span class='ocrx_word' id='word_1_371' title='bbox 1359 3178 1450 3232; x_wconf 89' lang='lat' dir='ltr'><strong>sed</strong></span> <span class='ocrx_word' id='word_1_372' title='bbox 1479 3177 1720 3246; x_wconf 83' lang='grc' dir='ltr'><strong>λέγεται.</strong></span> <span class='ocrx_word' id='word_1_373' title='bbox 1788 3178 1866 3233; x_wconf 90' lang='lat' dir='ltr'><strong>sic</strong></span> <span class='ocrx_word' id='word_1_374' title='bbox 1905 3178 2050 3232; x_wconf 90' lang='lat' dir='ltr'><strong>enim</strong></span> 
     </span>
    </p>
   </div>
   <div class='ocr_carea' id='block_1_47' title="bbox 467 3269 2052 3341">
    <p class='ocr_par' dir='ltr' id='par_1_47' title="bbox 467 3269 2052 3341">
     <span class='ocr_line' id='line_1_47' title="bbox 467 3269 2052 3341; baseline -0.003 -14"><span class='ocrx_word' id='word_1_375' title='bbox 467 3286 683 3341; x_wconf 85' lang='lat' dir='ltr'><strong>semper</strong></span> <span class='ocrx_word' id='word_1_376' title='bbox 707 3271 850 3340; x_wconf 90' lang='lat' dir='ltr'><strong>loqui</strong></span> <span class='ocrx_word' id='word_1_377' title='bbox 882 3271 1178 3325; x_wconf 82' lang='lat' dir='ltr'><strong>consuevit.</strong></span> <span class='ocrx_word' id='word_1_378' title='bbox 1221 3269 1374 3336; x_wconf 84' lang='lat' dir='ltr'><strong>Quod</strong></span> <span class='ocrx_word' id='word_1_379' title='bbox 1409 3285 1536 3324; x_wconf 89' lang='lat' dir='ltr'><strong>vero</strong></span> <span class='ocrx_word' id='word_1_380' title='bbox 1574 3274 1766 3325; x_wconf 87' lang='lat' dir='ltr'><strong>attinet</strong></span> <span class='ocrx_word' id='word_1_381' title='bbox 1793 3271 1858 3324; x_wconf 84' lang='lat' dir='ltr'><strong>ad</strong></span> <span class='ocrx_word' id='word_1_382' title='bbox 1889 3286 2052 3340; x_wconf 88' lang='lat' dir='ltr'><strong>argu-</strong></span> 
     </span>
    </p>
   </div>
   <div class='ocr_carea' id='block_1_48' title="bbox 468 3363 2052 3432">
    <p class='ocr_par' dir='ltr' id='par_1_48' title="bbox 468 3363 2052 3432">
     <span class='ocr_line' id='line_1_48' title="bbox 468 3363 2052 3432; baseline -0.003 -12"><span class='ocrx_word' id='word_1_383' title='bbox 468 3375 775 3420; x_wconf 89' lang='lat' dir='ltr'><strong>mentorqu</strong></span> <span class='ocrx_word' id='word_1_384' title='bbox 809 3365 1002 3429; x_wconf 90' lang='lat' dir='ltr'><strong>series,</strong></span> <span class='ocrx_word' id='word_1_385' title='bbox 1027 3365 1140 3418; x_wconf 81' lang='lat' dir='ltr'><strong>sive</strong></span> <span class='ocrx_word' id='word_1_386' title='bbox 1173 3365 1386 3418; x_wconf 83' lang='lat' dir='ltr'><strong>indices</strong></span> <span class='ocrx_word' id='word_1_387' title='bbox 1405 3363 1662 3432; x_wconf 87' lang='lat' dir='ltr'><strong>capitum,</strong></span> <span class='ocrx_word' id='word_1_388' title='bbox 1699 3364 1788 3430; x_wconf 86' lang='lat' dir='ltr'><strong>qui</strong></span> <span class='ocrx_word' id='word_1_389' title='bbox 1843 3378 2052 3430; x_wconf 60' lang='lat' dir='ltr'><strong>praepo-</strong></span> 
     </span>
    </p>
   </div>
   <div class='ocr_carea' id='block_1_49' title="bbox 467 3455 2048 3521">
    <p class='ocr_par' dir='ltr' id='par_1_49' title="bbox 467 3455 2048 3521">
     <span class='ocr_line' id='line_1_49' title="bbox 467 3455 2048 3521; baseline -0.003 -9"><span class='ocrx_word' id='word_1_390' title='bbox 467 3469 672 3512; x_wconf 89' lang='lat' dir='ltr'><strong>nuntur</strong></span> <span class='ocrx_word' id='word_1_391' title='bbox 703 3457 840 3512; x_wconf 89' lang='lat' dir='ltr'><strong>libro</strong></span> <span class='ocrx_word' id='word_1_392' title='bbox 873 3457 1130 3521; x_wconf 85' lang='lat' dir='ltr'><strong>secundo,</strong></span> <span class='ocrx_word' id='word_1_393' title='bbox 1160 3472 1222 3510; x_wconf 86' lang='lat' dir='ltr'><strong>ac</strong></span> <span class='ocrx_word' id='word_1_394' title='bbox 1251 3455 1432 3520; x_wconf 88' lang='lat' dir='ltr'><strong>tertio,</strong></span> <span class='ocrx_word' id='word_1_395' title='bbox 1479 3456 1514 3508; x_wconf 92' lang='lat' dir='ltr'><strong>ii</strong></span> <span class='ocrx_word' id='word_1_396' title='bbox 1565 3456 1700 3510; x_wconf 88' lang='lat' dir='ltr'><strong>adeo</strong></span> <span class='ocrx_word' id='word_1_397' title='bbox 1733 3457 2048 3519; x_wconf 90' lang='lat' dir='ltr'><strong>oscitanter,</strong></span> 
     </span>
    </p>
   </div>
   <div class='ocr_carea' id='block_1_50' title="bbox 465 3547 2053 3617">
    <p class='ocr_par' dir='ltr' id='par_1_50' title="bbox 465 3547 2053 3617">
     <span class='ocr_line' id='line_1_50' title="bbox 465 3547 2053 3617; baseline -0.003 -12"><span class='ocrx_word' id='word_1_398' title='bbox 465 3566 532 3605; x_wconf 79' lang='lat' dir='ltr'><strong>ac</strong></span> <span class='ocrx_word' id='word_1_399' title='bbox 557 3549 698 3605; x_wconf 87' lang='lat' dir='ltr'><strong>male</strong></span> <span class='ocrx_word' id='word_1_400' title='bbox 729 3547 1035 3603; x_wconf 86' lang='lat' dir='ltr'><strong>concinnati</strong></span> <span class='ocrx_word' id='word_1_401' title='bbox 1065 3557 1213 3611; x_wconf 90' lang='lat' dir='ltr'><strong>sunt,</strong></span> <span class='ocrx_word' id='word_1_402' title='bbox 1248 3556 1303 3601; x_wconf 92' lang='lat' dir='ltr'><strong>ut</strong></span> <span class='ocrx_word' id='word_1_403' title='bbox 1329 3547 1534 3602; x_wconf 90' lang='lat' dir='ltr'><strong>auctori</strong></span> <span class='ocrx_word' id='word_1_404' title='bbox 1584 3547 1744 3601; x_wconf 87' lang='lat' dir='ltr'><strong>tribui</strong></span> <span class='ocrx_word' id='word_1_405' title='bbox 1776 3562 1884 3601; x_wconf 89' lang='lat' dir='ltr'><strong>non</strong></span> <span class='ocrx_word' id='word_1_406' title='bbox 1913 3562 2053 3617; x_wconf 88' lang='lat' dir='ltr'><strong>pos-</strong></span> 
     </span>
    </p>
   </div>
   <div class='ocr_carea' id='block_1_51' title="bbox 468 3634 2048 3708">
    <p class='ocr_par' dir='ltr' id='par_1_51' title="bbox 468 3634 2048 3708">
     <span class='ocr_line' id='line_1_51' title="bbox 468 3634 2048 3708; baseline -0.004 -11"><span class='ocrx_word' id='word_1_407' title='bbox 468 3643 600 3706; x_wconf 82' lang='lat' dir='ltr'><strong>sint,</strong></span> <span class='ocrx_word' id='word_1_408' title='bbox 632 3641 760 3708; x_wconf 91' lang='lat' dir='ltr'><strong>quin</strong></span> <span class='ocrx_word' id='word_1_409' title='bbox 809 3634 1005 3708; x_wconf 82' lang='lat' dir='ltr'><strong>injuria</strong></span> <span class='ocrx_word' id='word_1_410' title='bbox 1048 3637 1147 3705; x_wconf 86' lang='lat' dir='ltr'><strong>ipsi</strong></span> <span class='ocrx_word' id='word_1_411' title='bbox 1180 3637 1464 3692; x_wconf 87' lang='lat' dir='ltr'><strong>inferatur.</strong></span> <span class='ocrx_word' id='word_1_412' title='bbox 1495 3638 1627 3704; x_wconf 63' lang='lat' dir='ltr'><strong>Quae</strong></span> <span class='ocrx_word' id='word_1_413' title='bbox 1665 3653 1788 3692; x_wconf 89' lang='lat' dir='ltr'><strong>cum</strong></span> <span class='ocrx_word' id='word_1_414' title='bbox 1815 3637 1889 3691; x_wconf 86' lang='lat' dir='ltr'><strong>ita</strong></span> <span class='ocrx_word' id='word_1_415' title='bbox 1918 3639 2048 3702; x_wconf 92' lang='lat' dir='ltr'><strong>siut,</strong></span> 
     </span>
    </p>
   </div>
   <div class='ocr_carea' id='block_1_52' title="bbox 468 3728 2052 3800">
    <p class='ocr_par' dir='ltr' id='par_1_52' title="bbox 468 3728 2052 3800">
     <span class='ocr_line' id='line_1_52' title="bbox 468 3728 2052 3800; baseline -0.002 -13"><span class='ocrx_word' id='word_1_416' title='bbox 468 3747 538 3787; x_wconf 90' lang='lat' dir='ltr'><strong>ne</strong></span> <span class='ocrx_word' id='word_1_417' title='bbox 562 3729 775 3786; x_wconf 91' lang='lat' dir='ltr'><strong>titulum</strong></span> <span class='ocrx_word' id='word_1_418' title='bbox 803 3731 1042 3800; x_wconf 90' lang='lat' dir='ltr'><strong>quidem,</strong></span> <span class='ocrx_word' id='word_1_419' title='bbox 1068 3731 1156 3798; x_wconf 93' lang='lat' dir='ltr'><strong>qui</strong></span> <span class='ocrx_word' id='word_1_420' title='bbox 1190 3738 1366 3784; x_wconf 78' lang='lat' dir='ltr'><strong>exstat</strong></span> <span class='ocrx_word' id='word_1_421' title='bbox 1396 3743 1518 3798; x_wconf 85' lang='lat' dir='ltr'><strong>pag.</strong></span> <span class='ocrx_word' id='word_1_422' title='bbox 1557 3728 1682 3790; x_wconf 75' lang='lat'><strong>107,</strong></span> <span class='ocrx_word' id='word_1_423' title='bbox 1720 3730 1928 3784; x_wconf 87' lang='lat' dir='ltr'><strong>auctori</strong></span> <span class='ocrx_word' id='word_1_424' title='bbox 1953 3730 2052 3784; x_wconf 90' lang='lat' dir='ltr'><strong>tri-</strong></span> 
     </span>
    </p>
   </div>
   <div class='ocr_carea' id='block_1_53' title="bbox 467 3820 2050 3889">
    <p class='ocr_par' dir='ltr' id='par_1_53' title="bbox 467 3820 2050 3889">
     <span class='ocr_line' id='line_1_53' title="bbox 467 3820 2050 3889; baseline -0.002 -10"><span class='ocrx_word' id='word_1_425' title='bbox 467 3821 705 3887; x_wconf 87' lang='lat' dir='ltr'><strong>buerim,</strong></span> <span class='ocrx_word' id='word_1_426' title='bbox 740 3823 833 3877; x_wconf 88' lang='lat' dir='ltr'><strong>sed</strong></span> <span class='ocrx_word' id='word_1_427' title='bbox 870 3822 1112 3884; x_wconf 85' lang='lat' dir='ltr'><strong>librario,</strong></span> <span class='ocrx_word' id='word_1_428' title='bbox 1144 3836 1266 3875; x_wconf 90' lang='lat' dir='ltr'><strong>cum</strong></span> <span class='ocrx_word' id='word_1_429' title='bbox 1307 3820 1609 3889; x_wconf 72' lang='lat' dir='ltr'><strong>pra-serum</strong></span> <span class='ocrx_word' id='word_1_430' title='bbox 1646 3835 1751 3874; x_wconf 92' lang='lat' dir='ltr'><strong>non</strong></span> <span class='ocrx_word' id='word_1_431' title='bbox 1789 3821 1927 3876; x_wconf 91' lang='lat' dir='ltr'><strong>libro</strong></span> <span class='ocrx_word' id='word_1_432' title='bbox 1960 3837 2050 3876; x_wconf 87' lang='lat' dir='ltr'><strong>se-</strong></span> 
     </span>
    </p>
   </div>
   <div class='ocr_carea' id='block_1_54' title="bbox 470 3911 2052 3984">
    <p class='ocr_par' dir='ltr' id='par_1_54' title="bbox 470 3911 2052 3984">
     <span class='ocr_line' id='line_1_54' title="bbox 470 3911 2052 3984; baseline -0.002 -13"><span class='ocrx_word' id='word_1_433' title='bbox 470 3915 672 3978; x_wconf 90' lang='lat' dir='ltr'><strong>cundo,</strong></span> <span class='ocrx_word' id='word_1_434' title='bbox 698 3915 789 3968; x_wconf 87' lang='lat' dir='ltr'><strong>scd</strong></span> <span class='ocrx_word' id='word_1_435' title='bbox 818 3913 982 3967; x_wconf 86' lang='lat' dir='ltr'><strong>indici</strong></span> <span class='ocrx_word' id='word_1_436' title='bbox 1009 3913 1244 3982; x_wconf 88' lang='lat' dir='ltr'><strong>capitum</strong></span> <span class='ocrx_word' id='word_1_437' title='bbox 1275 3913 1497 3968; x_wconf 89' lang='lat' dir='ltr'><strong>secundi</strong></span> <span class='ocrx_word' id='word_1_438' title='bbox 1524 3911 1664 3979; x_wconf 92' lang='lat' dir='ltr'><strong>libri,</strong></span> <span class='ocrx_word' id='word_1_439' title='bbox 1699 3914 1946 3984; x_wconf 85' lang='lat' dir='ltr'><strong>proxime</strong></span> <span class='ocrx_word' id='word_1_440' title='bbox 1975 3915 2052 3968; x_wconf 90' lang='lat' dir='ltr'><strong>in-</strong></span> 
     </span>
    </p>
   </div>
   <div class='ocr_carea' id='block_1_55' title="bbox 470 4003 2052 4062">
    <p class='ocr_par' dir='ltr' id='par_1_55' title="bbox 470 4003 2052 4062">
     <span class='ocr_line' id='line_1_55' title="bbox 470 4003 2052 4062; baseline -0.001 0"><span class='ocrx_word' id='word_1_441' title='bbox 470 4005 759 4062; x_wconf 85' lang='lat' dir='ltr'><strong>scribatur.</strong></span> <span class='ocrx_word' id='word_1_442' title='bbox 792 4005 1059 4058; x_wconf 64' lang='lat' dir='ltr'><strong>Caeterum</strong></span> <span class='ocrx_word' id='word_1_443' title='bbox 1105 4004 1219 4058; x_wconf 88' lang='lat' dir='ltr'><strong>sive</strong></span> <span class='ocrx_word' id='word_1_444' title='bbox 1260 4005 1349 4058; x_wconf 91' lang='lat' dir='ltr'><strong>hic</strong></span> <span class='ocrx_word' id='word_1_445' title='bbox 1379 4003 1572 4060; x_wconf 89' lang='lat' dir='ltr'><strong>titulus</strong></span> <span class='ocrx_word' id='word_1_446' title='bbox 1605 4006 1673 4060; x_wconf 88' lang='lat' dir='ltr'><strong>ab</strong></span> <span class='ocrx_word' id='word_1_447' title='bbox 1698 4014 1919 4060; x_wconf 89' lang='lat' dir='ltr'><strong>auctore</strong></span> <span class='ocrx_word' id='word_1_448' title='bbox 1967 4007 2052 4061; x_wconf 89' lang='lat' dir='ltr'><strong>di-</strong></span> 
     </span>
    </p>
   </div>
   <div class='ocr_carea' id='block_1_56' title="bbox 469 4094 2054 4163">
    <p class='ocr_par' dir='ltr' id='par_1_56' title="bbox 469 4094 2054 4163">
     <span class='ocr_line' id='line_1_56' title="bbox 469 4094 2054 4163; baseline -0.003 -8"><span class='ocrx_word' id='word_1_449' title='bbox 469 4107 649 4155; x_wconf 85' lang='lat' dir='ltr'><strong>ctatus</strong></span> <span class='ocrx_word' id='word_1_450' title='bbox 689 4097 867 4160; x_wconf 90' lang='lat' dir='ltr'><strong>fuerit,</strong></span> <span class='ocrx_word' id='word_1_451' title='bbox 897 4096 1072 4149; x_wconf 85' lang='lat' dir='ltr'><strong>sive&#39;a</strong></span> <span class='ocrx_word' id='word_1_452' title='bbox 1101 4094 1322 4149; x_wconf 91' lang='lat' dir='ltr'><strong>librario</strong></span> <span class='ocrx_word' id='word_1_453' title='bbox 1352 4095 1613 4163; x_wconf 88' lang='lat' dir='ltr'><strong>adjectus,</strong></span> <span class='ocrx_word' id='word_1_454' title='bbox 1656 4113 1759 4152; x_wconf 86' lang='lat' dir='ltr'><strong>non</strong></span> <span class='ocrx_word' id='word_1_455' title='bbox 1799 4099 1869 4150; x_wconf 88' lang='lat' dir='ltr'><strong>ita</strong></span> <span class='ocrx_word' id='word_1_456' title='bbox 1906 4099 2054 4153; x_wconf 90' lang='lat' dir='ltr'><strong>acci-</strong></span> 
     </span>
    </p>
   </div>
   <div class='ocr_carea' id='block_1_57' title="bbox 468 4185 2050 4259">
    <p class='ocr_par' dir='ltr' id='par_1_57' title="bbox 468 4185 2050 4259">
     <span class='ocr_line' id='line_1_57' title="bbox 468 4185 2050 4259; baseline -0.002 -15"><span class='ocrx_word' id='word_1_457' title='bbox 468 4187 700 4259; x_wconf 82' lang='lat' dir='ltr'><strong>piendos</strong></span> <span class='ocrx_word' id='word_1_458' title='bbox 738 4195 841 4250; x_wconf 90' lang='lat' dir='ltr'><strong>est,</strong></span> <span class='ocrx_word' id='word_1_459' title='bbox 896 4195 956 4239; x_wconf 91' lang='lat' dir='ltr'><strong>ut</strong></span> <span class='ocrx_word' id='word_1_460' title='bbox 997 4185 1067 4240; x_wconf 89' lang='lat' dir='ltr'><strong>sit</strong></span> <span class='ocrx_word' id='word_1_461' title='bbox 1110 4185 1378 4255; x_wconf 84' lang='lat' dir='ltr'><strong>genuinus</strong></span> <span class='ocrx_word' id='word_1_462' title='bbox 1421 4187 1640 4240; x_wconf 88' lang='lat' dir='ltr'><strong>secundi</strong></span> <span class='ocrx_word' id='word_1_463' title='bbox 1686 4186 1806 4241; x_wconf 90' lang='lat' dir='ltr'><strong>libri</strong></span> <span class='ocrx_word' id='word_1_464' title='bbox 1843 4187 2050 4252; x_wconf 89' lang='lat' dir='ltr'><strong>titulus,</strong></span> 
     </span>
    </p>
   </div>
   <div class='ocr_carea' id='block_1_58' title="bbox 470 4277 2052 4350">
    <p class='ocr_par' dir='ltr' id='par_1_58' title="bbox 470 4277 2052 4350">
     <span class='ocr_line' id='line_1_58' title="bbox 470 4277 2052 4350; baseline -0.001 -13"><span class='ocrx_word' id='word_1_465' title='bbox 470 4281 566 4337; x_wconf 86' lang='lat' dir='ltr'><strong>sed</strong></span> <span class='ocrx_word' id='word_1_466' title='bbox 603 4281 674 4335; x_wconf 90' lang='lat' dir='ltr'><strong>ita</strong></span> <span class='ocrx_word' id='word_1_467' title='bbox 715 4291 772 4334; x_wconf 89' lang='lat' dir='ltr'><strong>ut</strong></span> <span class='ocrx_word' id='word_1_468' title='bbox 804 4280 875 4336; x_wconf 92' lang='lat' dir='ltr'><strong>sit</strong></span> <span class='ocrx_word' id='word_1_469' title='bbox 903 4279 1016 4346; x_wconf 87' lang='lat' dir='ltr'><strong>ejus</strong></span> <span class='ocrx_word' id='word_1_470' title='bbox 1053 4277 1216 4332; x_wconf 80' lang='lat' dir='ltr'><strong>veluti</strong></span> <span class='ocrx_word' id='word_1_471' title='bbox 1259 4290 1635 4348; x_wconf 85' lang='lat' dir='ltr'><strong>argumentum</strong></span> <span class='ocrx_word' id='word_1_472' title='bbox 1685 4298 1699 4333; x_wconf 96' lang='lat'><strong>:</strong></span> <span class='ocrx_word' id='word_1_473' title='bbox 1739 4295 1931 4350; x_wconf 83' lang='lat' dir='ltr'><strong>nempe</strong></span> <span class='ocrx_word' id='word_1_474' title='bbox 1956 4297 2052 4336; x_wconf 89' lang='lat' dir='ltr'><strong>ve-</strong></span> 
     </span>
    </p>
   </div>
   <div class='ocr_carea' id='block_1_59' title="bbox 473 4367 2048 4436">
    <p class='ocr_par' dir='ltr' id='par_1_59' title="bbox 473 4367 2048 4436">
     <span class='ocr_line' id='line_1_59' title="bbox 473 4367 2048 4436; baseline -0.001 -11"><span class='ocrx_word' id='word_1_475' title='bbox 473 4387 584 4436; x_wconf 89' lang='lat' dir='ltr'><strong>rus,</strong></span> <span class='ocrx_word' id='word_1_476' title='bbox 613 4381 670 4425; x_wconf 91' lang='lat' dir='ltr'><strong>ut</strong></span> <span class='ocrx_word' id='word_1_477' title='bbox 697 4371 830 4434; x_wconf 81' lang='lat' dir='ltr'><strong>dixi,</strong></span> <span class='ocrx_word' id='word_1_478' title='bbox 865 4369 1053 4423; x_wconf 91' lang='lat' dir='ltr'><strong>titulus</strong></span> <span class='ocrx_word' id='word_1_479' title='bbox 1078 4375 1161 4420; x_wconf 91' lang='lat' dir='ltr'><strong>est</strong></span> <span class='ocrx_word' id='word_1_480' title='bbox 1187 4383 1200 4418; x_wconf 90' lang='lat'><strong>:</strong></span> <span class='ocrx_word' id='word_1_481' title='bbox 1233 4367 1306 4421; x_wconf 83' lang='lat' dir='ltr'><strong>De</strong></span> <span class='ocrx_word' id='word_1_482' title='bbox 1335 4367 1592 4423; x_wconf 84' lang='lat' dir='ltr'><strong>Trinitate</strong></span> <span class='ocrx_word' id='word_1_483' title='bbox 1613 4368 1742 4423; x_wconf 83' lang='lat' dir='ltr'><strong>liber</strong></span> <span class='ocrx_word' id='word_1_484' title='bbox 1769 4372 2048 4424; x_wconf 77' lang='lat' dir='ltr'><strong>secundus.</strong></span> 
     </span>
    </p>
   </div>
   <div class='ocr_carea' id='block_1_60' title="bbox 468 4458 2049 4533">
    <p class='ocr_par' dir='ltr' id='par_1_60' title="bbox 468 4458 2049 4533">
     <span class='ocr_line' id='line_1_60' title="bbox 468 4458 2049 4533; baseline -0.002 -14"><span class='ocrx_word' id='word_1_485' title='bbox 468 4465 657 4533; x_wconf 86' lang='lat' dir='ltr'><strong>Itaque</strong></span> <span class='ocrx_word' id='word_1_486' title='bbox 688 4465 849 4517; x_wconf 88' lang='lat' dir='ltr'><strong>verba</strong></span> <span class='ocrx_word' id='word_1_487' title='bbox 887 4460 999 4525; x_wconf 89' lang='lat' dir='ltr'><strong>illa,</strong></span> <span class='ocrx_word' id='word_1_488' title='bbox 1033 4459 1185 4512; x_wconf 84' lang='lat' dir='ltr'><strong>Liber</strong></span> <span class='ocrx_word' id='word_1_489' title='bbox 1204 4460 1486 4524; x_wconf 80' lang='lat' dir='ltr'><strong>secundus,</strong></span> <span class='ocrx_word' id='word_1_490' title='bbox 1517 4465 1581 4514; x_wconf 87' lang='lat' dir='ltr'><strong>de</strong></span> <span class='ocrx_word' id='word_1_491' title='bbox 1610 4458 1811 4528; x_wconf 83' lang='lat' dir='ltr'><strong>Spiritu</strong></span> <span class='ocrx_word' id='word_1_492' title='bbox 1845 4471 2049 4530; x_wconf 84' lang='lat' dir='ltr'><strong>sancto,</strong></span> 
     </span>
    </p>
   </div>
   <div class='ocr_carea' id='block_1_61' title="bbox 2158 1978 3734 2052">
    <p class='ocr_par' dir='ltr' id='par_1_61' title="bbox 2158 1978 3734 2052">
     <span class='ocr_line' id='line_1_61' title="bbox 2158 1978 3734 2052; baseline 0 -18"><span class='ocrx_word' id='word_1_493' title='bbox 2158 1978 2371 2047; x_wconf 86' lang='lat' dir='ltr'><strong>Spiritu</strong></span> <span class='ocrx_word' id='word_1_494' title='bbox 2422 1988 2607 2033; x_wconf 80' lang='lat' dir='ltr'><strong>sancto</strong></span> <span class='ocrx_word' id='word_1_495' title='bbox 2658 1981 2726 2034; x_wconf 91' lang='lat' dir='ltr'><strong>ab</strong></span> <span class='ocrx_word' id='word_1_496' title='bbox 2772 1979 3101 2052; x_wconf 84' lang='lat' dir='ltr'><strong>Hieronymo</strong></span> <span class='ocrx_word' id='word_1_497' title='bbox 3145 1980 3337 2037; x_wconf 88' lang='lat' dir='ltr'><strong>Latine</strong></span> <span class='ocrx_word' id='word_1_498' title='bbox 3385 1995 3734 2044; x_wconf 84' lang='lat' dir='ltr'><strong>conversum;</strong></span> 
     </span>
    </p>
   </div>
   <div class='ocr_carea' id='block_1_62' title="bbox 2157 2072 3739 2144">
    <p class='ocr_par' dir='ltr' id='par_1_62' title="bbox 2157 2072 3739 2144">
     <span class='ocr_line' id='line_1_62' title="bbox 2157 2072 3739 2144; baseline 0 -17"><span class='ocrx_word' id='word_1_499' title='bbox 2157 2087 2259 2127; x_wconf 88' lang='lat' dir='ltr'><strong>nec</strong></span> <span class='ocrx_word' id='word_1_500' title='bbox 2303 2072 2446 2127; x_wconf 89' lang='lat' dir='ltr'><strong>enim</strong></span> <span class='ocrx_word' id='word_1_501' title='bbox 2484 2073 2556 2125; x_wconf 90' lang='lat' dir='ltr'><strong>ita</strong></span> <span class='ocrx_word' id='word_1_502' title='bbox 2599 2073 2910 2142; x_wconf 90' lang='lat' dir='ltr'><strong>promiscue</strong></span> <span class='ocrx_word' id='word_1_503' title='bbox 2955 2074 3062 2128; x_wconf 91' lang='lat' dir='ltr'><strong>duo</strong></span> <span class='ocrx_word' id='word_1_504' title='bbox 3101 2089 3164 2128; x_wconf 85' lang='lat' dir='ltr'><strong>ea</strong></span> <span class='ocrx_word' id='word_1_505' title='bbox 3214 2075 3434 2128; x_wconf 87' lang='lat' dir='ltr'><strong>nomina</strong></span> <span class='ocrx_word' id='word_1_506' title='bbox 3473 2075 3739 2144; x_wconf 89' lang='lat' dir='ltr'><strong>accipiun-</strong></span> 
     </span>
    </p>
   </div>
   <div class='ocr_carea' id='block_1_63' title="bbox 2158 2163 3741 2235">
    <p class='ocr_par' dir='ltr' id='par_1_63' title="bbox 2158 2163 3741 2235">
     <span class='ocr_line' id='line_1_63' title="bbox 2158 2163 3741 2235; baseline 0.001 -17"><span class='ocrx_word' id='word_1_507' title='bbox 2158 2173 2269 2228; x_wconf 91' lang='lat' dir='ltr'><strong>tur,</strong></span> <span class='ocrx_word' id='word_1_508' title='bbox 2305 2174 2363 2217; x_wconf 94' lang='lat' dir='ltr'><strong>ut</strong></span> <span class='ocrx_word' id='word_1_509' title='bbox 2395 2163 2602 2217; x_wconf 91' lang='lat' dir='ltr'><strong>nullum</strong></span> <span class='ocrx_word' id='word_1_510' title='bbox 2640 2163 2782 2218; x_wconf 88' lang='lat' dir='ltr'><strong>inter</strong></span> <span class='ocrx_word' id='word_1_511' title='bbox 2809 2164 2920 2233; x_wconf 86' lang='lat' dir='ltr'><strong>ipsa</strong></span> <span class='ocrx_word' id='word_1_512' title='bbox 2949 2164 3244 2220; x_wconf 77' lang='lat' dir='ltr'><strong>disrriiuen</strong></span> <span class='ocrx_word' id='word_1_513' title='bbox 3275 2166 3367 2220; x_wconf 89' lang='lat' dir='ltr'><strong>sit.</strong></span> <span class='ocrx_word' id='word_1_514' title='bbox 3397 2165 3602 2221; x_wconf 79' lang='lat' dir='ltr'><strong>Nomen</strong></span> <span class='ocrx_word' id='word_1_515' title='bbox 3632 2166 3741 2235; x_wconf 86' lang='lat' dir='ltr'><strong>qui-</strong></span> 
     </span>
    </p>
   </div>
   <div class='ocr_carea' id='block_1_64' title="bbox 2156 2255 3738 2326">
    <p class='ocr_par' dir='ltr' id='par_1_64' title="bbox 2156 2255 3738 2326">
     <span class='ocr_line' id='line_1_64' title="bbox 2156 2255 3738 2326; baseline 0.001 -17"><span class='ocrx_word' id='word_1_516' title='bbox 2156 2255 2280 2311; x_wconf 91' lang='lat' dir='ltr'><strong>dem</strong></span> <span class='ocrx_word' id='word_1_517' title='bbox 2329 2255 2488 2324; x_wconf 87' lang='grc' dir='ltr'>λόγος</span> <span class='ocrx_word' id='word_1_518' title='bbox 2528 2256 2735 2326; x_wconf 89' lang='lat' dir='ltr'><strong>optime</strong></span> <span class='ocrx_word' id='word_1_519' title='bbox 2761 2256 2897 2309; x_wconf 91' lang='lat' dir='ltr'><strong>Iihro</strong></span> <span class='ocrx_word' id='word_1_520' title='bbox 2935 2255 3009 2308; x_wconf 83' lang='lat' dir='ltr'><strong>De</strong></span> <span class='ocrx_word' id='word_1_521' title='bbox 3042 2255 3249 2326; x_wconf 88' lang='lat' dir='ltr'><strong>Spiritu</strong></span> <span class='ocrx_word' id='word_1_522' title='bbox 3277 2271 3458 2312; x_wconf 83' lang='lat' dir='ltr'><strong>sancto</strong></span> <span class='ocrx_word' id='word_1_523' title='bbox 3490 2257 3738 2312; x_wconf 90' lang='lat' dir='ltr'><strong>conveni-</strong></span> 
     </span>
    </p>
   </div>
   <div class='ocr_carea' id='block_1_65' title="bbox 2157 2347 3740 2420">
    <p class='ocr_par' dir='ltr' id='par_1_65' title="bbox 2157 2347 3740 2420">
     <span class='ocr_line' id='line_1_65' title="bbox 2157 2347 3740 2420; baseline 0 -18"><span class='ocrx_word' id='word_1_524' title='bbox 2157 2363 2239 2412; x_wconf 91' lang='lat' dir='ltr'><strong>re,</strong></span> <span class='ocrx_word' id='word_1_525' title='bbox 2263 2348 2373 2420; x_wconf 89' lang='lat' dir='ltr'><strong>jam</strong></span> <span class='ocrx_word' id='word_1_526' title='bbox 2402 2350 2612 2403; x_wconf 86' lang='lat' dir='ltr'><strong>ostendi</strong></span> <span class='ocrx_word' id='word_1_527' title='bbox 2651 2363 2773 2418; x_wconf 88' lang='lat' dir='ltr'><strong>pag.</strong></span> <span class='ocrx_word' id='word_1_528' title='bbox 2804 2347 2928 2401; x_wconf 72' lang='grc'><strong>574.</strong></span> <span class='ocrx_word' id='word_1_529' title='bbox 2959 2349 3031 2403; x_wconf 84' lang='lat' dir='ltr'><strong>At</strong></span> <span class='ocrx_word' id='word_1_530' title='bbox 3071 2350 3339 2404; x_wconf 87' lang='lat' dir='ltr'><strong>secundus</strong></span> <span class='ocrx_word' id='word_1_531' title='bbox 3382 2349 3458 2404; x_wconf 86' lang='lat' dir='ltr'><strong>De</strong></span> <span class='ocrx_word' id='word_1_532' title='bbox 3489 2349 3740 2404; x_wconf 80' lang='lat' dir='ltr'><strong>Trinitatc</strong></span> 
     </span>
    </p>
   </div>
   <div class='ocr_carea' id='block_1_66' title="bbox 2157 2439 3739 2510">
    <p class='ocr_par' dir='ltr' id='par_1_66' title="bbox 2157 2439 3739 2510">
     <span class='ocr_line' id='line_1_66' title="bbox 2157 2439 3739 2510; baseline -0.001 -16"><span class='ocrx_word' id='word_1_533' title='bbox 2157 2441 2293 2496; x_wconf 90' lang='lat' dir='ltr'><strong>liber</strong></span> <span class='ocrx_word' id='word_1_534' title='bbox 2331 2440 2504 2510; x_wconf 86' lang='lat' dir='ltr'><strong>magis</strong></span> <span class='ocrx_word' id='word_1_535' title='bbox 2543 2440 2759 2510; x_wconf 82' lang='lat' dir='ltr'><strong>proprie</strong></span> <span class='ocrx_word' id='word_1_536' title='bbox 2807 2439 3034 2510; x_wconf 80' lang='grc' dir='ltr'>βιϐλίον,</span> <span class='ocrx_word' id='word_1_537' title='bbox 3067 2455 3231 2508; x_wconf 88' lang='lat' dir='ltr'><strong>quam</strong></span> <span class='ocrx_word' id='word_1_538' title='bbox 3278 2439 3436 2510; x_wconf 79' lang='grc' dir='ltr'>λόγος</span> <span class='ocrx_word' id='word_1_539' title='bbox 3467 2455 3739 2509; x_wconf 83' lang='lat' dir='ltr'><strong>nuncupa-</strong></span> 
     </span>
    </p>
   </div>
   <div class='ocr_carea' id='block_1_67' title="bbox 2157 2530 3741 2602">
    <p class='ocr_par' dir='ltr' id='par_1_67' title="bbox 2157 2530 3741 2602">
     <span class='ocr_line' id='line_1_67' title="bbox 2157 2530 3741 2602; baseline -0.001 -16"><span class='ocrx_word' id='word_1_540' title='bbox 2157 2542 2266 2586; x_wconf 92' lang='lat' dir='ltr'><strong>tur.</strong></span> <span class='ocrx_word' id='word_1_541' title='bbox 2317 2530 2453 2585; x_wconf 84' lang='lat' dir='ltr'><strong>Nam</strong></span> <span class='ocrx_word' id='word_1_542' title='bbox 2497 2539 2608 2585; x_wconf 90' lang='lat' dir='ltr'><strong>tres</strong></span> <span class='ocrx_word' id='word_1_543' title='bbox 2654 2531 2706 2584; x_wconf 89' lang='lat' dir='ltr'><strong>hi</strong></span> <span class='ocrx_word' id='word_1_544' title='bbox 2748 2531 2868 2586; x_wconf 92' lang='lat' dir='ltr'><strong>lihri</strong></span> <span class='ocrx_word' id='word_1_545' title='bbox 2910 2531 3114 2601; x_wconf 81' lang='grc' dir='ltr'>βιϐλία,</span> <span class='ocrx_word' id='word_1_546' title='bbox 3149 2547 3252 2586; x_wconf 91' lang='lat' dir='ltr'><strong>non</strong></span> <span class='ocrx_word' id='word_1_547' title='bbox 3294 2532 3444 2602; x_wconf 87' lang='grc' dir='ltr'>λόγοι</span> <span class='ocrx_word' id='word_1_548' title='bbox 3486 2543 3741 2588; x_wconf 86' lang='lat' dir='ltr'><strong>vocantur</strong></span> 
     </span>
    </p>
   </div>
   <div class='ocr_carea' id='block_1_68' title="bbox 2157 2620 3738 2691">
    <p class='ocr_par' dir='ltr' id='par_1_68' title="bbox 2157 2620 3738 2691">
     <span class='ocr_line' id='line_1_68' title="bbox 2157 2620 3738 2691; baseline 0 -15"><span class='ocrx_word' id='word_1_549' title='bbox 2157 2622 2210 2676; x_wconf 90' lang='lat' dir='ltr'><strong>in</strong></span> <span class='ocrx_word' id='word_1_550' title='bbox 2234 2622 2422 2676; x_wconf 90' lang='lat' dir='ltr'><strong>codice</strong></span> <span class='ocrx_word' id='word_1_551' title='bbox 2448 2620 2828 2676; x_wconf 86' lang='lat' dir='ltr'><strong>Passioneiauo</strong></span> <span class='ocrx_word' id='word_1_552' title='bbox 2858 2638 2871 2673; x_wconf 92' lang='lat'><strong>:</strong></span> <span class='ocrx_word' id='word_1_553' title='bbox 2909 2637 3016 2691; x_wconf 86' lang='lat' dir='ltr'><strong>qua</strong></span> <span class='ocrx_word' id='word_1_554' title='bbox 3045 2623 3111 2676; x_wconf 88' lang='lat' dir='ltr'><strong>de</strong></span> <span class='ocrx_word' id='word_1_555' title='bbox 3142 2637 3304 2677; x_wconf 89' lang='lat' dir='ltr'><strong>causa</strong></span> <span class='ocrx_word' id='word_1_556' title='bbox 3342 2625 3540 2678; x_wconf 88' lang='lat' dir='ltr'><strong>merito</strong></span> <span class='ocrx_word' id='word_1_557' title='bbox 3573 2639 3603 2677; x_wconf 88' lang='lat' dir='ltr'><strong>a</strong></span> <span class='ocrx_word' id='word_1_558' title='bbox 3641 2622 3738 2677; x_wconf 82' lang='lat' dir='ltr'><strong>So-</strong></span> 
     </span>
    </p>
   </div>
   <div class='ocr_carea' id='block_1_69' title="bbox 2156 2709 3764 2784">
    <p class='ocr_par' dir='ltr' id='par_1_69' title="bbox 2156 2709 3764 2784">
     <span class='ocr_line' id='line_1_69' title="bbox 2156 2709 3764 2784; baseline 0.001 -17"><span class='ocrx_word' id='word_1_559' title='bbox 2156 2723 2311 2767; x_wconf 88' lang='lat' dir='ltr'><strong>crate</strong></span> <span class='ocrx_word' id='word_1_560' title='bbox 2341 2727 2560 2782; x_wconf 83' lang='lat' dir='ltr'><strong>quoque</strong></span> <span class='ocrx_word' id='word_1_561' title='bbox 2585 2711 2826 2777; x_wconf 88' lang='lat' dir='ltr'><strong>eosdem,</strong></span> <span class='ocrx_word' id='word_1_562' title='bbox 2863 2722 2921 2765; x_wconf 91' lang='lat' dir='ltr'><strong>ut</strong></span> <span class='ocrx_word' id='word_1_563' title='bbox 2953 2715 3200 2783; x_wconf 88' lang='lat' dir='ltr'><strong>equidem</strong></span> <span class='ocrx_word' id='word_1_564' title='bbox 3230 2716 3441 2784; x_wconf 82' lang='lat' dir='ltr'><strong>Opinor,</strong></span> <span class='ocrx_word' id='word_1_565' title='bbox 3471 2709 3764 2772; x_wconf 52' lang='lat' dir='ltr'><strong>indicante”</strong></span> 
     </span>
    </p>
   </div>
   <div class='ocr_carea' id='block_1_70' title="bbox 2158 2803 3744 2878">
    <p class='ocr_par' dir='ltr' id='par_1_70' title="bbox 2158 2803 3744 2878">
     <span class='ocr_line' id='line_1_70' title="bbox 2158 2803 3744 2878; baseline 0.003 -20"><span class='ocrx_word' id='word_1_566' title='bbox 2158 2804 2342 2876; x_wconf 79' lang='grc' dir='ltr'>βιϐλία</span> <span class='ocrx_word' id='word_1_567' title='bbox 2370 2804 2813 2859; x_wconf 86' lang='lat' dir='ltr'><strong>denominantur.</strong></span> <span class='ocrx_word' id='word_1_568' title='bbox 2855 2803 2993 2870; x_wconf 87' lang='lat' dir='ltr'><strong>Quin</strong></span> <span class='ocrx_word' id='word_1_569' title='bbox 3053 2805 3161 2861; x_wconf 92' lang='lat' dir='ltr'><strong>imo</strong></span> <span class='ocrx_word' id='word_1_570' title='bbox 3215 2819 3404 2862; x_wconf 88' lang='lat' dir='ltr'><strong>auctor</strong></span> <span class='ocrx_word' id='word_1_571' title='bbox 3449 2810 3565 2878; x_wconf 88' lang='lat' dir='ltr'><strong>ipse</strong></span> <span class='ocrx_word' id='word_1_572' title='bbox 3609 2809 3744 2862; x_wconf 91' lang='lat' dir='ltr'><strong>libro</strong></span> 
     </span>
    </p>
   </div>
   <div class='ocr_carea' id='block_1_71' title="bbox 2159 2896 3740 2970">
    <p class='ocr_par' dir='ltr' id='par_1_71' title="bbox 2159 2896 3740 2970">
     <span class='ocr_line' id='line_1_71' title="bbox 2159 2896 3740 2970; baseline 0.003 -20"><span class='ocrx_word' id='word_1_573' title='bbox 2159 2913 2238 2961; x_wconf 89' lang='grc' dir='ltr'>ιιι,</span> <span class='ocrx_word' id='word_1_574' title='bbox 2276 2912 2399 2966; x_wconf 81' lang='lat' dir='ltr'><strong>pag.</strong></span> <span class='ocrx_word' id='word_1_575' title='bbox 2441 2897 2568 2960; x_wconf 64' lang='grc'><strong>545,</strong></span> <span class='ocrx_word' id='word_1_576' title='bbox 2609 2896 2767 2964; x_wconf 79' lang='grc' dir='ltr'>λόγον</span> <span class='ocrx_word' id='word_1_577' title='bbox 2798 2897 3033 2951; x_wconf 87' lang='lat' dir='ltr'><strong>secernit</strong></span> <span class='ocrx_word' id='word_1_578' title='bbox 3064 2913 3092 2950; x_wconf 86' lang='lat' dir='ltr'><strong>a</strong></span> <span class='ocrx_word' id='word_1_579' title='bbox 3140 2897 3350 2970; x_wconf 82' lang='grc' dir='ltr'>βιϐλίῳ,</span> <span class='ocrx_word' id='word_1_580' title='bbox 3390 2916 3513 2953; x_wconf 86' lang='lat' dir='ltr'><strong>cum</strong></span> <span class='ocrx_word' id='word_1_581' title='bbox 3552 2902 3632 2956; x_wconf 91' lang='lat' dir='ltr'><strong>sic</strong></span> <span class='ocrx_word' id='word_1_582' title='bbox 3663 2902 3740 2954; x_wconf 88' lang='lat' dir='ltr'><strong>l0-</strong></span> 
     </span>
    </p>
   </div>
   <div class='ocr_carea' id='block_1_72' title="bbox 2155 2988 3742 3065">
    <p class='ocr_par' dir='ltr' id='par_1_72' title="bbox 2155 2988 3742 3065">
     <span class='ocr_line' id='line_1_72' title="bbox 2155 2988 3742 3065; baseline 0.003 -23"><span class='ocrx_word' id='word_1_583' title='bbox 2155 2991 2340 3059; x_wconf 92' lang='lat' dir='ltr'><strong>quitur</strong></span> <span class='ocrx_word' id='word_1_584' title='bbox 2367 3006 2380 3041; x_wconf 93' lang='lat'>:</span> <span class='ocrx_word' id='word_1_585' title='bbox 2404 2989 2458 3042; x_wconf 84' lang='lat' dir='ltr'><strong>in</strong></span> <span class='ocrx_word' id='word_1_586' title='bbox 2481 2991 2648 3057; x_wconf 86' lang='lat' dir='ltr'><strong>primo</strong></span> <span class='ocrx_word' id='word_1_587' title='bbox 2678 2988 2822 3059; x_wconf 86' lang='grc' dir='ltr'>λόγῳ</span> <span class='ocrx_word' id='word_1_588' title='bbox 2850 3007 2968 3056; x_wconf 86' lang='lat' dir='ltr'><strong>cap.</strong></span> <span class='ocrx_word' id='word_1_589' title='bbox 3000 2988 3088 3054; x_wconf 88' lang='lat' dir='ltr'><strong>I0,</strong></span> <span class='ocrx_word' id='word_1_590' title='bbox 3118 3002 3165 3045; x_wconf 85' lang='lat' dir='ltr'><strong>et</strong></span> <span class='ocrx_word' id='word_1_591' title='bbox 3191 2993 3247 3044; x_wconf 80' lang='lat' dir='ltr'><strong>in</strong></span> <span class='ocrx_word' id='word_1_592' title='bbox 3287 2994 3381 3046; x_wconf 75' lang='lat' dir='ltr'><strong>hac</strong></span> <span class='ocrx_word' id='word_1_593' title='bbox 3406 2992 3600 3065; x_wconf 81' lang='grc' dir='ltr'>βιϐλίῳ</span> <span class='ocrx_word' id='word_1_594' title='bbox 3629 3009 3742 3058; x_wconf 82' lang='lat' dir='ltr'><strong>cap.</strong></span> 
     </span>
    </p>
   </div>
   <div class='ocr_carea' id='block_1_73' title="bbox 2162 3078 3743 3155">
    <p class='ocr_par' dir='ltr' id='par_1_73' title="bbox 2162 3078 3743 3155">
     <span class='ocr_line' id='line_1_73' title="bbox 2162 3078 3743 3155; baseline 0.002 -20"><span class='ocrx_word' id='word_1_595' title='bbox 2162 3082 2245 3135; x_wconf 79' lang='lat' dir='ltr'><strong>M.</strong></span> <span class='ocrx_word' id='word_1_596' title='bbox 2271 3078 2499 3135; x_wconf 83' lang='lat' dir='ltr'><strong>Videtur</strong></span> <span class='ocrx_word' id='word_1_597' title='bbox 2523 3096 2653 3151; x_wconf 83' lang='lat' dir='ltr'><strong>ergo</strong></span> <span class='ocrx_word' id='word_1_598' title='bbox 2683 3081 2945 3135; x_wconf 88' lang='lat' dir='ltr'><strong>vocabulo</strong></span> <span class='ocrx_word' id='word_1_599' title='bbox 2969 3081 3127 3150; x_wconf 80' lang='grc' dir='ltr'>λόγος</span> <span class='ocrx_word' id='word_1_600' title='bbox 3151 3086 3466 3153; x_wconf 89' lang='lat' dir='ltr'><strong>opusculum</strong></span> <span class='ocrx_word' id='word_1_601' title='bbox 3498 3089 3743 3155; x_wconf 81' lang='lat' dir='ltr'><strong>designa-</strong></span> 
     </span>
    </p>
   </div>
   <div class='ocr_carea' id='block_1_74' title="bbox 2159 3179 3743 3252">
    <p class='ocr_par' dir='ltr' id='par_1_74' title="bbox 2159 3179 3743 3252">
     <span class='ocr_line' id='line_1_74' title="bbox 2159 3179 3743 3252; baseline -0.003 -18"><span class='ocrx_word' id='word_1_602' title='bbox 2159 3197 2216 3236; x_wconf 92' lang='lat' dir='ltr'><strong>re</strong></span> <span class='ocrx_word' id='word_1_603' title='bbox 2245 3181 2387 3236; x_wconf 91' lang='lat' dir='ltr'><strong>aliud</strong></span> <span class='ocrx_word' id='word_1_604' title='bbox 2420 3196 2448 3235; x_wconf 90' lang='lat' dir='ltr'><strong>a</strong></span> <span class='ocrx_word' id='word_1_605' title='bbox 2482 3183 2658 3252; x_wconf 92' lang='lat' dir='ltr'><strong>primo</strong></span> <span class='ocrx_word' id='word_1_606' title='bbox 2682 3182 2842 3250; x_wconf 91' lang='lat' dir='ltr'><strong>hujus</strong></span> <span class='ocrx_word' id='word_1_607' title='bbox 2868 3183 3050 3252; x_wconf 89' lang='lat' dir='ltr'><strong>operis</strong></span> <span class='ocrx_word' id='word_1_608' title='bbox 3076 3181 3232 3236; x_wconf 90' lang='lat' dir='ltr'><strong>libro.</strong></span> <span class='ocrx_word' id='word_1_609' title='bbox 3270 3179 3424 3246; x_wconf 84' lang='lat' dir='ltr'><strong>Quod</strong></span> <span class='ocrx_word' id='word_1_610' title='bbox 3462 3190 3519 3232; x_wconf 92' lang='lat' dir='ltr'><strong>ut</strong></span> <span class='ocrx_word' id='word_1_611' title='bbox 3542 3180 3743 3234; x_wconf 87' lang='lat' dir='ltr'><strong>clarius</strong></span> 
     </span>
    </p>
   </div>
   <div class='ocr_carea' id='block_1_75' title="bbox 2155 3268 3742 3342">
    <p class='ocr_par' dir='ltr' id='par_1_75' title="bbox 2155 3268 3742 3342">
     <span class='ocr_line' id='line_1_75' title="bbox 2155 3268 3742 3342; baseline -0.003 -17"><span class='ocrx_word' id='word_1_612' title='bbox 2155 3272 2331 3326; x_wconf 86' lang='lat' dir='ltr'><strong>adhuc</strong></span> <span class='ocrx_word' id='word_1_613' title='bbox 2359 3281 2638 3342; x_wconf 88' lang='lat' dir='ltr'><strong>appareat,</strong></span> <span class='ocrx_word' id='word_1_614' title='bbox 2668 3273 3211 3326; x_wconf 85' lang='lat' dir='ltr'><strong>animadvertendum</strong></span> <span class='ocrx_word' id='word_1_615' title='bbox 3240 3281 3344 3332; x_wconf 89' lang='lat' dir='ltr'><strong>est,</strong></span> <span class='ocrx_word' id='word_1_616' title='bbox 3378 3270 3647 3324; x_wconf 83' lang='lat' dir='ltr'><strong>terdecies</strong></span> <span class='ocrx_word' id='word_1_617' title='bbox 3687 3268 3742 3321; x_wconf 87' lang='lat' dir='ltr'><strong>in</strong></span> 
     </span>
    </p>
   </div>
   <div class='ocr_carea' id='block_1_76' title="bbox 2153 3359 3746 3432">
    <p class='ocr_par' dir='ltr' id='par_1_76' title="bbox 2153 3359 3746 3432">
     <span class='ocr_line' id='line_1_76' title="bbox 2153 3359 3746 3432; baseline -0.004 -15"><span class='ocrx_word' id='word_1_618' title='bbox 2153 3363 2241 3418; x_wconf 91' lang='lat' dir='ltr'><strong>his</strong></span> <span class='ocrx_word' id='word_1_619' title='bbox 2277 3363 2429 3418; x_wconf 88' lang='lat' dir='ltr'><strong>libris</strong></span> <span class='ocrx_word' id='word_1_620' title='bbox 2461 3380 2490 3416; x_wconf 88' lang='lat' dir='ltr'><strong>a</strong></span> <span class='ocrx_word' id='word_1_621' title='bbox 2527 3364 2778 3432; x_wconf 84' lang='lat' dir='ltr'><strong>theologo</strong></span> <span class='ocrx_word' id='word_1_622' title='bbox 2820 3375 3008 3417; x_wconf 86' lang='lat' dir='ltr'><strong>nostro</strong></span> <span class='ocrx_word' id='word_1_623' title='bbox 3052 3361 3212 3416; x_wconf 89' lang='lat' dir='ltr'><strong>citari</strong></span> <span class='ocrx_word' id='word_1_624' title='bbox 3267 3361 3501 3430; x_wconf 89' lang='lat' dir='ltr'><strong>primum</strong></span> <span class='ocrx_word' id='word_1_625' title='bbox 3567 3359 3746 3428; x_wconf 80' lang='grc' dir='ltr'>λόγον,</span> 
     </span>
    </p>
   </div>
   <div class='ocr_carea' id='block_1_77' title="bbox 2153 3451 3749 3524">
    <p class='ocr_par' dir='ltr' id='par_1_77' title="bbox 2153 3451 3749 3524">
     <span class='ocr_line' id='line_1_77' title="bbox 2153 3451 3749 3524; baseline -0.004 -15"><span class='ocrx_word' id='word_1_626' title='bbox 2153 3456 2328 3509; x_wconf 90' lang='lat' dir='ltr'><strong>octies</strong></span> <span class='ocrx_word' id='word_1_627' title='bbox 2363 3464 2544 3509; x_wconf 87' lang='lat' dir='ltr'><strong>autem</strong></span> <span class='ocrx_word' id='word_1_628' title='bbox 2591 3455 2846 3524; x_wconf 87' lang='lat' dir='ltr'><strong>primunt,</strong></span> <span class='ocrx_word' id='word_1_629' title='bbox 2873 3463 2966 3508; x_wconf 91' lang='lat' dir='ltr'><strong>aut</strong></span> <span class='ocrx_word' id='word_1_630' title='bbox 2992 3454 3285 3508; x_wconf 89' lang='lat' dir='ltr'><strong>secundum</strong></span> <span class='ocrx_word' id='word_1_631' title='bbox 3331 3451 3561 3522; x_wconf 82' lang='grc' dir='ltr'>βιϐλίον.</span> <span class='ocrx_word' id='word_1_632' title='bbox 3594 3454 3749 3516; x_wconf 76' lang='lat' dir='ltr'><strong>Qua:-</strong></span> 
     </span>
    </p>
   </div>
   <div class='ocr_carea' id='block_1_78' title="bbox 2154 3543 3750 3616">
    <p class='ocr_par' dir='ltr' id='par_1_78' title="bbox 2154 3543 3750 3616">
     <span class='ocr_line' id='line_1_78' title="bbox 2154 3543 3750 3616; baseline -0.003 -16"><span class='ocrx_word' id='word_1_633' title='bbox 2154 3561 2366 3615; x_wconf 90' lang='lat' dir='ltr'><strong>cunque</strong></span> <span class='ocrx_word' id='word_1_634' title='bbox 2393 3561 2522 3601; x_wconf 86' lang='lat' dir='ltr'><strong>vero</strong></span> <span class='ocrx_word' id='word_1_635' title='bbox 2556 3547 2690 3602; x_wconf 88' lang='lat' dir='ltr'><strong>citat</strong></span> <span class='ocrx_word' id='word_1_636' title='bbox 2713 3561 2777 3601; x_wconf 86' lang='lat' dir='ltr'><strong>ex</strong></span> <span class='ocrx_word' id='word_1_637' title='bbox 2810 3547 3008 3616; x_wconf 88' lang='lat' dir='ltr'><strong>primo,</strong></span> <span class='ocrx_word' id='word_1_638' title='bbox 3037 3553 3131 3599; x_wconf 90' lang='lat' dir='ltr'><strong>aut</strong></span> <span class='ocrx_word' id='word_1_639' title='bbox 3161 3546 3398 3599; x_wconf 88' lang='lat' dir='ltr'><strong>secundo</strong></span> <span class='ocrx_word' id='word_1_640' title='bbox 3431 3543 3649 3614; x_wconf 77' lang='grc' dir='ltr'>βιϐλίῳ,</span> <span class='ocrx_word' id='word_1_641' title='bbox 3687 3557 3750 3595; x_wconf 86' lang='lat' dir='ltr'><strong>ea</strong></span> 
     </span>
    </p>
   </div>
   <div class='ocr_carea' id='block_1_79' title="bbox 2153 3629 3746 3702">
    <p class='ocr_par' dir='ltr' id='par_1_79' title="bbox 2153 3629 3746 3702">
     <span class='ocr_line' id='line_1_79' title="bbox 2153 3629 3746 3702; baseline -0.008 -13"><span class='ocrx_word' id='word_1_642' title='bbox 2153 3637 2358 3695; x_wconf 88' lang='lat' dir='ltr'><strong>omnia.</strong></span> <span class='ocrx_word' id='word_1_643' title='bbox 2395 3643 2487 3688; x_wconf 89' lang='lat' dir='ltr'><strong>aut</strong></span> <span class='ocrx_word' id='word_1_644' title='bbox 2520 3633 2633 3688; x_wconf 87' lang='lat' dir='ltr'><strong>fere</strong></span> <span class='ocrx_word' id='word_1_645' title='bbox 2674 3634 2856 3689; x_wconf 89' lang='lat' dir='ltr'><strong>omnia</strong></span> <span class='ocrx_word' id='word_1_646' title='bbox 2889 3634 2941 3687; x_wconf 84' lang='lat' dir='ltr'><strong>in</strong></span> <span class='ocrx_word' id='word_1_647' title='bbox 2974 3633 3170 3702; x_wconf 89' lang='lat' dir='ltr'><strong>primo,</strong></span> <span class='ocrx_word' id='word_1_648' title='bbox 3202 3631 3284 3685; x_wconf 83' lang='lat' dir='ltr'><strong>vel</strong></span> <span class='ocrx_word' id='word_1_649' title='bbox 3315 3631 3491 3685; x_wconf 91' lang='lat' dir='ltr'><strong>altero</strong></span> <span class='ocrx_word' id='word_1_650' title='bbox 3536 3646 3606 3684; x_wconf 85' lang='lat' dir='ltr'><strong>ex</strong></span> <span class='ocrx_word' id='word_1_651' title='bbox 3651 3629 3746 3679; x_wconf 85' lang='lat' dir='ltr'><strong>tri-</strong></span> 
     </span>
    </p>
   </div>
   <div class='ocr_carea' id='block_1_80' title="bbox 2156 3720 3752 3794">
    <p class='ocr_par' dir='ltr' id='par_1_80' title="bbox 2156 3720 3752 3794">
     <span class='ocr_line' id='line_1_80' title="bbox 2156 3720 3752 3794; baseline -0.006 -13"><span class='ocrx_word' id='word_1_652' title='bbox 2156 3730 2258 3782; x_wconf 90' lang='lat' dir='ltr'><strong>bus</strong></span> <span class='ocrx_word' id='word_1_653' title='bbox 2303 3727 2452 3780; x_wconf 89' lang='lat' dir='ltr'><strong>hisce</strong></span> <span class='ocrx_word' id='word_1_654' title='bbox 2483 3725 2636 3780; x_wconf 84' lang='lat' dir='ltr'><strong>libris</strong></span> <span class='ocrx_word' id='word_1_655' title='bbox 2665 3725 2919 3789; x_wconf 86' lang='lat' dir='ltr'><strong>inveniri,</strong></span> <span class='ocrx_word' id='word_1_656' title='bbox 2964 3724 3007 3779; x_wconf 89' lang='lat' dir='ltr'><strong>si</strong></span> <span class='ocrx_word' id='word_1_657' title='bbox 3043 3736 3215 3794; x_wconf 87' lang='lat' dir='ltr'><strong>pauca</strong></span> <span class='ocrx_word' id='word_1_658' title='bbox 3240 3721 3508 3788; x_wconf 81' lang='lat' dir='ltr'><strong>excipias,</strong></span> <span class='ocrx_word' id='word_1_659' title='bbox 3537 3736 3666 3790; x_wconf 77' lang='lat' dir='ltr'><strong>qua:</strong></span> <span class='ocrx_word' id='word_1_660' title='bbox 3697 3720 3752 3772; x_wconf 91' lang='lat' dir='ltr'><strong>in</strong></span> 
     </span>
    </p>
   </div>
   <div class='ocr_carea' id='block_1_81' title="bbox 2155 3813 3752 3888">
    <p class='ocr_par' dir='ltr' id='par_1_81' title="bbox 2155 3813 3752 3888">
     <span class='ocr_line' id='line_1_81' title="bbox 2155 3813 3752 3888; baseline -0.005 -15"><span class='ocrx_word' id='word_1_661' title='bbox 2155 3819 2425 3888; x_wconf 90' lang='lat' dir='ltr'><strong>capitibus</strong></span> <span class='ocrx_word' id='word_1_662' title='bbox 2470 3816 2765 3887; x_wconf 87' lang='lat' dir='ltr'><strong>deperdilis</strong></span> <span class='ocrx_word' id='word_1_663' title='bbox 2799 3817 3110 3871; x_wconf 85' lang='lat' dir='ltr'><strong>exstabant.</strong></span> <span class='ocrx_word' id='word_1_664' title='bbox 3141 3817 3212 3869; x_wconf 83' lang='lat' dir='ltr'><strong>At</strong></span> <span class='ocrx_word' id='word_1_665' title='bbox 3249 3824 3437 3869; x_wconf 89' lang='lat' dir='ltr'><strong>contra</strong></span> <span class='ocrx_word' id='word_1_666' title='bbox 3483 3813 3752 3869; x_wconf 89' lang='lat' dir='ltr'><strong>tredecim</strong></span> 
     </span>
    </p>
   </div>
   <div class='ocr_carea' id='block_1_82' title="bbox 2155 3901 3758 3976">
    <p class='ocr_par' dir='ltr' id='par_1_82' title="bbox 2155 3901 3758 3976">
     <span class='ocr_line' id='line_1_82' title="bbox 2155 3901 3758 3976; baseline -0.002 -16"><span class='ocrx_word' id='word_1_667' title='bbox 2155 3923 2219 3961; x_wconf 88' lang='lat' dir='ltr'><strong>ea</strong></span> <span class='ocrx_word' id='word_1_668' title='bbox 2251 3907 2390 3973; x_wconf 89' lang='lat' dir='ltr'><strong>loca,</strong></span> <span class='ocrx_word' id='word_1_669' title='bbox 2431 3923 2552 3976; x_wconf 65' lang='lat' dir='ltr'><strong>quae</strong></span> <span class='ocrx_word' id='word_1_670' title='bbox 2595 3907 2728 3960; x_wconf 86' lang='lat' dir='ltr'><strong>citat</strong></span> <span class='ocrx_word' id='word_1_671' title='bbox 2774 3922 2842 3960; x_wconf 82' lang='lat' dir='ltr'><strong>ex</strong></span> <span class='ocrx_word' id='word_1_672' title='bbox 2871 3906 3046 3974; x_wconf 91' lang='lat' dir='ltr'><strong>primo</strong></span> <span class='ocrx_word' id='word_1_673' title='bbox 3074 3905 3236 3976; x_wconf 80' lang='grc' dir='ltr'><strong>λόγῳ,</strong></span> <span class='ocrx_word' id='word_1_674' title='bbox 3278 3905 3332 3959; x_wconf 93' lang='lat' dir='ltr'><strong>iu</strong></span> <span class='ocrx_word' id='word_1_675' title='bbox 3364 3904 3544 3974; x_wconf 87' lang='lat' dir='ltr'><strong>primo</strong></span> <span class='ocrx_word' id='word_1_676' title='bbox 3591 3901 3758 3970; x_wconf 87' lang='lat' dir='ltr'><strong>hujus</strong></span> 
     </span>
    </p>
   </div>
   <div class='ocr_carea' id='block_1_83' title="bbox 2155 3995 3754 4067">
    <p class='ocr_par' dir='ltr' id='par_1_83' title="bbox 2155 3995 3754 4067">
     <span class='ocr_line' id='line_1_83' title="bbox 2155 3995 3754 4067; baseline -0.003 -15"><span class='ocrx_word' id='word_1_677' title='bbox 2155 3999 2334 4067; x_wconf 90' lang='lat' dir='ltr'><strong>operis</strong></span> <span class='ocrx_word' id='word_1_678' title='bbox 2369 3999 2504 4052; x_wconf 92' lang='lat' dir='ltr'><strong>lihro</strong></span> <span class='ocrx_word' id='word_1_679' title='bbox 2532 4013 2636 4052; x_wconf 92' lang='lat' dir='ltr'><strong>non</strong></span> <span class='ocrx_word' id='word_1_680' title='bbox 2671 3998 2917 4066; x_wconf 89' lang='lat' dir='ltr'><strong>reperiri,</strong></span> <span class='ocrx_word' id='word_1_681' title='bbox 2967 3997 3069 4052; x_wconf 89' lang='lat' dir='ltr'><strong>nisi</strong></span> <span class='ocrx_word' id='word_1_682' title='bbox 3114 3995 3255 4051; x_wconf 92' lang='lat' dir='ltr'><strong>forte</strong></span> <span class='ocrx_word' id='word_1_683' title='bbox 3280 4011 3470 4060; x_wconf 89' lang='lat' dir='ltr'><strong>unum,</strong></span> <span class='ocrx_word' id='word_1_684' title='bbox 3495 4006 3592 4050; x_wconf 88' lang='lat' dir='ltr'><strong>aut</strong></span> <span class='ocrx_word' id='word_1_685' title='bbox 3623 3998 3754 4059; x_wconf 88' lang='lat' dir='ltr'><strong>duo,</strong></span> 
     </span>
    </p>
   </div>
   <div class='ocr_carea' id='block_1_84' title="bbox 2155 4087 3758 4159">
    <p class='ocr_par' dir='ltr' id='par_1_84' title="bbox 2155 4087 3758 4159">
     <span class='ocr_line' id='line_1_84' title="bbox 2155 4087 3758 4159; baseline -0.001 -17"><span class='ocrx_word' id='word_1_686' title='bbox 2155 4090 2222 4144; x_wconf 90' lang='lat' dir='ltr'><strong>de</strong></span> <span class='ocrx_word' id='word_1_687' title='bbox 2242 4091 2438 4159; x_wconf 89' lang='lat' dir='ltr'><strong>quibus</strong></span> <span class='ocrx_word' id='word_1_688' title='bbox 2465 4090 2715 4143; x_wconf 88' lang='lat' dir='ltr'><strong>dubitare</strong></span> <span class='ocrx_word' id='word_1_689' title='bbox 2747 4090 2895 4151; x_wconf 89' lang='lat' dir='ltr'><strong>licet,</strong></span> <span class='ocrx_word' id='word_1_690' title='bbox 2925 4099 3106 4142; x_wconf 91' lang='lat' dir='ltr'><strong>utrum</strong></span> <span class='ocrx_word' id='word_1_691' title='bbox 3141 4089 3194 4141; x_wconf 90' lang='lat' dir='ltr'><strong>in</strong></span> <span class='ocrx_word' id='word_1_692' title='bbox 3223 4089 3398 4156; x_wconf 88' lang='lat' dir='ltr'><strong>primo</strong></span> <span class='ocrx_word' id='word_1_693' title='bbox 3426 4087 3571 4144; x_wconf 87' lang='lat' dir='ltr'><strong>libro</strong></span> <span class='ocrx_word' id='word_1_694' title='bbox 3607 4088 3758 4142; x_wconf 81' lang='lat' dir='ltr'><strong>inve-</strong></span> 
     </span>
    </p>
   </div>
   <div class='ocr_carea' id='block_1_85' title="bbox 2156 4181 3757 4249">
    <p class='ocr_par' dir='ltr' id='par_1_85' title="bbox 2156 4181 3757 4249">
     <span class='ocr_line' id='line_1_85' title="bbox 2156 4181 3757 4249; baseline -0.002 -13"><span class='ocrx_word' id='word_1_695' title='bbox 2156 4182 2396 4238; x_wconf 87' lang='lat' dir='ltr'><strong>niautur.</strong></span> <span class='ocrx_word' id='word_1_696' title='bbox 2426 4182 2558 4249; x_wconf 87' lang='lat' dir='ltr'><strong>Quis</strong></span> <span class='ocrx_word' id='word_1_697' title='bbox 2591 4193 2769 4236; x_wconf 90' lang='lat' dir='ltr'><strong>autem</strong></span> <span class='ocrx_word' id='word_1_698' title='bbox 2798 4183 3006 4243; x_wconf 87' lang='lat' dir='ltr'><strong>credat,</strong></span> <span class='ocrx_word' id='word_1_699' title='bbox 3061 4181 3318 4236; x_wconf 89' lang='lat' dir='ltr'><strong>tredecim</strong></span> <span class='ocrx_word' id='word_1_700' title='bbox 3375 4193 3440 4235; x_wconf 89' lang='lat' dir='ltr'><strong>ea</strong></span> <span class='ocrx_word' id='word_1_701' title='bbox 3478 4181 3601 4235; x_wconf 91' lang='lat' dir='ltr'><strong>loca</strong></span> <span class='ocrx_word' id='word_1_702' title='bbox 3635 4194 3757 4234; x_wconf 83' lang='lat' dir='ltr'><strong>om-</strong></span> 
     </span>
    </p>
   </div>
   <div class='ocr_carea' id='block_1_86' title="bbox 2156 4273 3760 4345">
    <p class='ocr_par' dir='ltr' id='par_1_86' title="bbox 2156 4273 3760 4345">
     <span class='ocr_line' id='line_1_86' title="bbox 2156 4273 3760 4345; baseline -0.002 -15"><span class='ocrx_word' id='word_1_703' title='bbox 2156 4277 2265 4343; x_wconf 91' lang='lat' dir='ltr'><strong>nia,</strong></span> <span class='ocrx_word' id='word_1_704' title='bbox 2298 4287 2390 4330; x_wconf 90' lang='lat' dir='ltr'><strong>aut</strong></span> <span class='ocrx_word' id='word_1_705' title='bbox 2415 4274 2528 4330; x_wconf 90' lang='lat' dir='ltr'><strong>fere</strong></span> <span class='ocrx_word' id='word_1_706' title='bbox 2571 4276 2752 4330; x_wconf 87' lang='lat' dir='ltr'><strong>omnia</strong></span> <span class='ocrx_word' id='word_1_707' title='bbox 2799 4275 2852 4328; x_wconf 93' lang='lat' dir='ltr'><strong>in</strong></span> <span class='ocrx_word' id='word_1_708' title='bbox 2897 4275 3086 4345; x_wconf 90' lang='lat' dir='ltr'><strong>paucis</strong></span> <span class='ocrx_word' id='word_1_709' title='bbox 3128 4275 3236 4328; x_wconf 91' lang='lat' dir='ltr'><strong>illis</strong></span> <span class='ocrx_word' id='word_1_710' title='bbox 3289 4274 3446 4342; x_wconf 89' lang='lat' dir='ltr'><strong>primi</strong></span> <span class='ocrx_word' id='word_1_711' title='bbox 3496 4273 3625 4329; x_wconf 91' lang='lat' dir='ltr'><strong>libri</strong></span> <span class='ocrx_word' id='word_1_712' title='bbox 3663 4287 3760 4327; x_wconf 88' lang='lat' dir='ltr'><strong>ca-</strong></span> 
     </span>
    </p>
   </div>
   <div class='ocr_carea' id='block_1_87' title="bbox 2154 4366 3758 4440">
    <p class='ocr_par' dir='ltr' id='par_1_87' title="bbox 2154 4366 3758 4440">
     <span class='ocr_line' id='line_1_87' title="bbox 2154 4366 3758 4440; baseline -0.001 -17"><span class='ocrx_word' id='word_1_713' title='bbox 2154 4371 2355 4440; x_wconf 88' lang='lat' dir='ltr'><strong>pitibus</strong></span> <span class='ocrx_word' id='word_1_714' title='bbox 2411 4369 2683 4424; x_wconf 77' lang='lat' dir='ltr'><strong>exstitisse</strong></span> <span class='ocrx_word' id='word_1_715' title='bbox 2731 4383 2853 4438; x_wconf 68' lang='lat' dir='ltr'><strong>qua:</strong></span> <span class='ocrx_word' id='word_1_716' title='bbox 2911 4366 3275 4423; x_wconf 80' lang='lat' dir='ltr'><strong>interierunt?</strong></span> <span class='ocrx_word' id='word_1_717' title='bbox 3315 4368 3558 4436; x_wconf 86' lang='lat' dir='ltr'><strong>Apparet</strong></span> <span class='ocrx_word' id='word_1_718' title='bbox 3617 4379 3758 4436; x_wconf 83' lang='lat' dir='ltr'><strong>ergo</strong></span> 
     </span>
    </p>
   </div>
   <div class='ocr_carea' id='block_1_88' title="bbox 2155 4457 3760 4530">
    <p class='ocr_par' dir='ltr' id='par_1_88' title="bbox 2155 4457 3760 4530">
     <span class='ocr_line' id='line_1_88' title="bbox 2155 4457 3760 4530; baseline -0.002 -15"><span class='ocrx_word' id='word_1_719' title='bbox 2155 4477 2261 4515; x_wconf 90' lang='lat' dir='ltr'><strong>nou</strong></span> <span class='ocrx_word' id='word_1_720' title='bbox 2294 4470 2497 4514; x_wconf 88' lang='lat' dir='ltr'><strong>temere</strong></span> <span class='ocrx_word' id='word_1_721' title='bbox 2536 4461 2796 4530; x_wconf 89' lang='lat' dir='ltr'><strong>distingui</strong></span> <span class='ocrx_word' id='word_1_722' title='bbox 2833 4477 2864 4514; x_wconf 89' lang='lat' dir='ltr'><strong>a</strong></span> <span class='ocrx_word' id='word_1_723' title='bbox 2910 4459 3162 4529; x_wconf 86' lang='lat' dir='ltr'><strong>theologo</strong></span> <span class='ocrx_word' id='word_1_724' title='bbox 3195 4469 3379 4512; x_wconf 90' lang='lat' dir='ltr'><strong>nostro</strong></span> <span class='ocrx_word' id='word_1_725' title='bbox 3403 4457 3566 4527; x_wconf 83' lang='grc' dir='ltr'>λόγον</span> <span class='ocrx_word' id='word_1_726' title='bbox 3606 4474 3638 4511; x_wconf 87' lang='lat' dir='ltr'><strong>a</strong></span> <span class='ocrx_word' id='word_1_727' title='bbox 3675 4457 3760 4528; x_wconf 85' lang='grc' dir='ltr'>βι-</span> 
     </span>
    </p>
   </div>
   <div class='ocr_carea' id='block_1_89' title="bbox 471 4549 3756 4625">
    <p class='ocr_par' dir='ltr' id='par_1_89' title="bbox 471 4549 3756 4625">
     <span class='ocr_line' id='line_1_89' title="bbox 471 4549 3756 4625; baseline -0.002 -15"><span class='ocrx_word' id='word_1_728' title='bbox 471 4557 576 4612; x_wconf 89' lang='lat' dir='ltr'><strong>hoc</strong></span> <span class='ocrx_word' id='word_1_729' title='bbox 607 4565 811 4610; x_wconf 88' lang='lat' dir='ltr'><strong>tantum</strong></span> <span class='ocrx_word' id='word_1_730' title='bbox 842 4554 1105 4616; x_wconf 89' lang='lat' dir='ltr'><strong>indicant,</strong></span> <span class='ocrx_word' id='word_1_731' title='bbox 1134 4554 1185 4606; x_wconf 94' lang='lat' dir='ltr'><strong>in</strong></span> <span class='ocrx_word' id='word_1_732' title='bbox 1217 4553 1455 4608; x_wconf 89' lang='lat' dir='ltr'><strong>secundo</strong></span> <span class='ocrx_word' id='word_1_733' title='bbox 1481 4553 1616 4608; x_wconf 92' lang='lat' dir='ltr'><strong>libro</strong></span> <span class='ocrx_word' id='word_1_734' title='bbox 1641 4569 1946 4609; x_wconf 89' lang='lat' dir='ltr'><strong>sermonem</strong></span> <span class='ocrx_word' id='word_1_735' title='bbox 1975 4571 2053 4611; x_wconf 86' lang='lat' dir='ltr'><strong>es-</strong></span> <span class='ocrx_word' id='word_1_736' title='bbox 2084 4570 2128 4625; x_wconf 70' lang='grc' dir='ltr'>ι)</span> <span class='ocrx_word' id='word_1_737' title='bbox 2157 4550 2314 4620; x_wconf 81' lang='grc' dir='ltr'>ϐλίῳ,</span> <span class='ocrx_word' id='word_1_738' title='bbox 2337 4559 2397 4604; x_wconf 80' lang='grc' dir='ltr'><strong>ιιι</strong></span> <span class='ocrx_word' id='word_1_739' title='bbox 2429 4551 2654 4618; x_wconf 87' lang='lat' dir='ltr'><strong>proinde</strong></span> <span class='ocrx_word' id='word_1_740' title='bbox 2693 4567 2814 4605; x_wconf 88' lang='lat' dir='ltr'><strong>cunt</strong></span> <span class='ocrx_word' id='word_1_741' title='bbox 2859 4552 2989 4605; x_wconf 85' lang='lat' dir='ltr'><strong>citat</strong></span> <span class='ocrx_word' id='word_1_742' title='bbox 3023 4553 3252 4619; x_wconf 87' lang='lat' dir='ltr'><strong>primum</strong></span> <span class='ocrx_word' id='word_1_743' title='bbox 3281 4549 3462 4618; x_wconf 83' lang='grc' dir='ltr'>λόγον,</span> <span class='ocrx_word' id='word_1_744' title='bbox 3493 4559 3592 4603; x_wconf 90' lang='lat' dir='ltr'><strong>aut</strong></span> <span class='ocrx_word' id='word_1_745' title='bbox 3625 4564 3756 4604; x_wconf 89' lang='lat' dir='ltr'><strong>cum</strong></span> 
     </span>
    </p>
   </div>
   <div class='ocr_carea' id='block_1_90' title="bbox 471 4646 2054 4717">
    <p class='ocr_par' dir='ltr' id='par_1_90' title="bbox 471 4646 2054 4717">
     <span class='ocr_line' id='line_1_90' title="bbox 471 4646 2054 4717; baseline -0.002 -13"><span class='ocrx_word' id='word_1_746' title='bbox 471 4663 532 4704; x_wconf 83' lang='lat' dir='ltr'><strong>se</strong></span> <span class='ocrx_word' id='word_1_747' title='bbox 584 4650 650 4703; x_wconf 87' lang='lat' dir='ltr'><strong>de</strong></span> <span class='ocrx_word' id='word_1_748' title='bbox 683 4646 887 4717; x_wconf 87' lang='lat' dir='ltr'><strong>Spiritu</strong></span> <span class='ocrx_word' id='word_1_749' title='bbox 943 4656 1151 4711; x_wconf 89' lang='lat' dir='ltr'><strong>sancto,</strong></span> <span class='ocrx_word' id='word_1_750' title='bbox 1210 4649 1351 4701; x_wconf 89' lang='lat' dir='ltr'><strong>sicut</strong></span> <span class='ocrx_word' id='word_1_751' title='bbox 1399 4646 1450 4698; x_wconf 89' lang='lat' dir='ltr'><strong>in</strong></span> <span class='ocrx_word' id='word_1_752' title='bbox 1494 4646 1668 4716; x_wconf 87' lang='lat' dir='ltr'><strong>primo</strong></span> <span class='ocrx_word' id='word_1_753' title='bbox 1715 4661 1896 4701; x_wconf 87' lang='lat' dir='ltr'><strong>sermo</strong></span> <span class='ocrx_word' id='word_1_754' title='bbox 1954 4646 2054 4701; x_wconf 90' lang='lat' dir='ltr'><strong>fuit</strong></span> 
     </span>
    </p>
   </div>
   <div class='ocr_carea' id='block_1_91' title="bbox 471 4736 2052 4804">
    <p class='ocr_par' dir='ltr' id='par_1_91' title="bbox 471 4736 2052 4804">
     <span class='ocr_line' id='line_1_91' title="bbox 471 4736 2052 4804; baseline -0.003 -8"><span class='ocrx_word' id='word_1_755' title='bbox 471 4742 538 4796; x_wconf 87' lang='lat' dir='ltr'><strong>de</strong></span> <span class='ocrx_word' id='word_1_756' title='bbox 573 4738 728 4794; x_wconf 87' lang='lat' dir='ltr'><strong>Filio.</strong></span> <span class='ocrx_word' id='word_1_757' title='bbox 757 4737 1011 4804; x_wconf 86' lang='lat' dir='ltr'><strong>Alioquin</strong></span> <span class='ocrx_word' id='word_1_758' title='bbox 1061 4739 1406 4793; x_wconf 90' lang='lat' dir='ltr'><strong>scribendum</strong></span> <span class='ocrx_word' id='word_1_759' title='bbox 1459 4736 1646 4791; x_wconf 86' lang='lat' dir='ltr'><strong>fuisset</strong></span> <span class='ocrx_word' id='word_1_760' title='bbox 1705 4753 1718 4789; x_wconf 93' lang='lat'><strong>:</strong></span> <span class='ocrx_word' id='word_1_761' title='bbox 1772 4737 1912 4804; x_wconf 81' lang='grc' dir='ltr'><strong>Περὶ</strong></span> <span class='ocrx_word' id='word_1_762' title='bbox 1945 4738 2052 4792; x_wconf 82' lang='grc' dir='ltr'><strong>τοῦ</strong></span> 
     </span>
    </p>
   </div>
   <div class='ocr_carea' id='block_1_92' title="bbox 469 4827 2054 4899">
    <p class='ocr_par' dir='ltr' id='par_1_92' title="bbox 469 4827 2054 4899">
     <span class='ocr_line' id='line_1_92' title="bbox 469 4827 2054 4899; baseline 0 -16"><span class='ocrx_word' id='word_1_763' title='bbox 469 4829 644 4899; x_wconf 67' lang='grc' dir='ltr'>ἁγίου</span> <span class='ocrx_word' id='word_1_764' title='bbox 672 4828 1018 4896; x_wconf 78' lang='grc' dir='ltr'><strong>Πνεύματος</strong></span> <span class='ocrx_word' id='word_1_765' title='bbox 1044 4845 1057 4857; x_wconf 77' lang='grc' dir='ltr'><strong><em>ο</em></strong></span> <span class='ocrx_word' id='word_1_766' title='bbox 1079 4828 1323 4890; x_wconf 72' lang='grc' dir='ltr'>,ϐιϐλίον</span> <span class='ocrx_word' id='word_1_767' title='bbox 1355 4827 1418 4896; x_wconf 84' lang='grc' dir='ltr'><strong>β’,</strong></span> <span class='ocrx_word' id='word_1_768' title='bbox 1447 4841 1550 4880; x_wconf 88' lang='grc' dir='ltr'>ιιοιι</span> <span class='ocrx_word' id='word_1_769' title='bbox 1601 4843 1727 4881; x_wconf 88' lang='lat' dir='ltr'><strong>vero</strong></span> <span class='ocrx_word' id='word_1_770' title='bbox 1765 4846 1777 4880; x_wconf 95' lang='lat'>:</span> <span class='ocrx_word' id='word_1_771' title='bbox 1811 4829 2054 4890; x_wconf 75' lang='grc' dir='ltr'>βιϐλίον</span> 
     </span>
    </p>
   </div>
   <div class='ocr_carea' id='block_1_93' title="bbox 473 4917 1447 4990">
    <p class='ocr_par' dir='ltr' id='par_1_93' title="bbox 473 4917 1447 4990">
     <span class='ocr_line' id='line_1_93' title="bbox 473 4917 1447 4990; baseline 0.028 -33"><span class='ocrx_word' id='word_1_772' title='bbox 473 4919 520 4990; x_wconf 79' lang='grc' dir='ltr'>β’</span> <span class='ocrx_word' id='word_1_773' title='bbox 539 4938 550 4950; x_wconf 92' lang='grc'><strong>-</strong></span> <span class='ocrx_word' id='word_1_774' title='bbox 578 4918 718 4986; x_wconf 80' lang='grc' dir='ltr'><strong>Περὶ</strong></span> <span class='ocrx_word' id='word_1_775' title='bbox 746 4917 851 4971; x_wconf 84' lang='grc' dir='ltr'><strong>τοῦ</strong></span> <span class='ocrx_word' id='word_1_776' title='bbox 885 4917 1057 4988; x_wconf 75' lang='grc' dir='ltr'>ἁγίου</span> <span class='ocrx_word' id='word_1_777' title='bbox 1081 4918 1447 4986; x_wconf 55' lang='grc' dir='ltr'><strong>Πνεύματος.</strong></span> 
     </span>
    </p>
   </div>
   <div class='ocr_carea' id='block_1_94' title="bbox 544 5010 2053 5082">
    <p class='ocr_par' dir='ltr' id='par_1_94' title="bbox 544 5010 2053 5082">
     <span class='ocr_line' id='line_1_94' title="bbox 544 5010 2053 5082; baseline 0.001 -16"><span class='ocrx_word' id='word_1_778' title='bbox 544 5011 798 5066; x_wconf 89' lang='lat' dir='ltr'><strong>Secundo</strong></span> <span class='ocrx_word' id='word_1_779' title='bbox 826 5010 1210 5075; x_wconf 85' lang='lat' dir='ltr'><strong>concedamus,</strong></span> <span class='ocrx_word' id='word_1_780' title='bbox 1236 5026 1298 5064; x_wconf 89' lang='lat' dir='ltr'><strong>ea</strong></span> <span class='ocrx_word' id='word_1_781' title='bbox 1334 5026 1452 5080; x_wconf 78' lang='lat' dir='ltr'><strong>qua:</strong></span> <span class='ocrx_word' id='word_1_782' title='bbox 1476 5027 1602 5082; x_wconf 86' lang='lat' dir='ltr'><strong>pag.</strong></span> <span class='ocrx_word' id='word_1_783' title='bbox 1635 5012 1740 5068; x_wconf 69' lang='grc'><strong>574</strong></span> <span class='ocrx_word' id='word_1_784' title='bbox 1775 5013 1935 5069; x_wconf 87' lang='lat' dir='ltr'><strong>habet</strong></span> <span class='ocrx_word' id='word_1_785' title='bbox 1959 5030 2053 5068; x_wconf 90' lang='lat' dir='ltr'><strong>au-</strong></span> 
     </span>
    </p>
   </div>
   <div class='ocr_carea' id='block_1_95' title="bbox 468 5101 2054 5178">
    <p class='ocr_par' dir='ltr' id='par_1_95' title="bbox 468 5101 2054 5178">
     <span class='ocr_line' id='line_1_95' title="bbox 468 5101 2054 5178; baseline 0.003 -20"><span class='ocrx_word' id='word_1_786' title='bbox 468 5114 610 5167; x_wconf 87' lang='lat' dir='ltr'><strong>ctor,</strong></span> <span class='ocrx_word' id='word_1_787' title='bbox 636 5101 829 5157; x_wconf 86' lang='lat' dir='ltr'><strong>referri</strong></span> <span class='ocrx_word' id='word_1_788' title='bbox 860 5101 1089 5156; x_wconf 88' lang='lat' dir='ltr'><strong>forsitan</strong></span> <span class='ocrx_word' id='word_1_789' title='bbox 1127 5117 1286 5169; x_wconf 88' lang='lat' dir='ltr'><strong>posse</strong></span> <span class='ocrx_word' id='word_1_790' title='bbox 1311 5118 1432 5156; x_wconf 90' lang='lat' dir='ltr'><strong>cum</strong></span> <span class='ocrx_word' id='word_1_791' title='bbox 1473 5105 1539 5156; x_wconf 90' lang='lat' dir='ltr'><strong>ad</strong></span> <span class='ocrx_word' id='word_1_792' title='bbox 1567 5107 1863 5159; x_wconf 89' lang='lat' dir='ltr'><strong>secundum</strong></span> <span class='ocrx_word' id='word_1_793' title='bbox 1892 5107 2054 5178; x_wconf 88' lang='lat' dir='ltr'><strong>hujus</strong></span> 
     </span>
    </p>
   </div>
   <div class='ocr_carea' id='block_1_96' title="bbox 471 5191 2056 5263">
    <p class='ocr_par' dir='ltr' id='par_1_96' title="bbox 471 5191 2056 5263">
     <span class='ocr_line' id='line_1_96' title="bbox 471 5191 2056 5263; baseline 0.004 -18"><span class='ocrx_word' id='word_1_794' title='bbox 471 5191 655 5259; x_wconf 90' lang='lat' dir='ltr'><strong>operis</strong></span> <span class='ocrx_word' id='word_1_795' title='bbox 678 5191 902 5257; x_wconf 88' lang='lat' dir='ltr'><strong>librum,</strong></span> <span class='ocrx_word' id='word_1_796' title='bbox 933 5201 1046 5246; x_wconf 88' lang='lat' dir='ltr'><strong>tum</strong></span> <span class='ocrx_word' id='word_1_797' title='bbox 1077 5193 1142 5245; x_wconf 90' lang='lat' dir='ltr'><strong>ad</strong></span> <span class='ocrx_word' id='word_1_798' title='bbox 1182 5192 1380 5247; x_wconf 89' lang='lat' dir='ltr'><strong>librum</strong></span> <span class='ocrx_word' id='word_1_799' title='bbox 1413 5193 1488 5248; x_wconf 83' lang='lat' dir='ltr'><strong>De</strong></span> <span class='ocrx_word' id='word_1_800' title='bbox 1518 5192 1719 5263; x_wconf 86' lang='lat' dir='ltr'><strong>Spiritu</strong></span> <span class='ocrx_word' id='word_1_801' title='bbox 1748 5207 1950 5250; x_wconf 83' lang='lat' dir='ltr'><strong>sancto.</strong></span> <span class='ocrx_word' id='word_1_802' title='bbox 1985 5199 2056 5251; x_wconf 86' lang='lat' dir='ltr'><strong>At</strong></span> 
     </span>
    </p>
   </div>
   <div class='ocr_carea' id='block_1_97' title="bbox 469 5281 2054 5356">
    <p class='ocr_par' dir='ltr' id='par_1_97' title="bbox 469 5281 2054 5356">
     <span class='ocr_line' id='line_1_97' title="bbox 469 5281 2054 5356; baseline 0.003 -20"><span class='ocrx_word' id='word_1_803' title='bbox 469 5281 605 5336; x_wconf 89' lang='lat' dir='ltr'><strong>illud</strong></span> <span class='ocrx_word' id='word_1_804' title='bbox 634 5289 803 5341; x_wconf 85' lang='lat' dir='ltr'><strong>certe,</strong></span> <span class='ocrx_word' id='word_1_805' title='bbox 835 5283 978 5350; x_wconf 87' lang='lat' dir='ltr'><strong>quod</strong></span> <span class='ocrx_word' id='word_1_806' title='bbox 1023 5281 1097 5336; x_wconf 92' lang='lat' dir='ltr'><strong>ait</strong></span> <span class='ocrx_word' id='word_1_807' title='bbox 1145 5298 1268 5352; x_wconf 86' lang='lat' dir='ltr'><strong>pag.</strong></span> <span class='ocrx_word' id='word_1_808' title='bbox 1303 5281 1433 5347; x_wconf 73' lang='grc'><strong>425,</strong></span> <span class='ocrx_word' id='word_1_809' title='bbox 1472 5285 1556 5336; x_wconf 78' lang='lat' dir='ltr'><strong>vix</strong></span> <span class='ocrx_word' id='word_1_810' title='bbox 1595 5299 1659 5338; x_wconf 92' lang='lat' dir='ltr'><strong>ac</strong></span> <span class='ocrx_word' id='word_1_811' title='bbox 1697 5300 1764 5338; x_wconf 91' lang='lat' dir='ltr'><strong>ne</strong></span> <span class='ocrx_word' id='word_1_812' title='bbox 1808 5287 1896 5340; x_wconf 87' lang='lat' dir='ltr'><strong>vix</strong></span> <span class='ocrx_word' id='word_1_813' title='bbox 1928 5287 2054 5356; x_wconf 89' lang='lat' dir='ltr'><strong>qui-</strong></span> 
     </span>
    </p>
   </div>
   <div class='ocr_carea' id='block_1_98' title="bbox 471 5371 2050 5440">
    <p class='ocr_par' dir='ltr' id='par_1_98' title="bbox 471 5371 2050 5440">
     <span class='ocr_line' id='line_1_98' title="bbox 471 5371 2050 5440; baseline 0.004 -12"><span class='ocrx_word' id='word_1_814' title='bbox 471 5375 594 5428; x_wconf 90' lang='lat' dir='ltr'><strong>dem</strong></span> <span class='ocrx_word' id='word_1_815' title='bbox 628 5372 694 5425; x_wconf 87' lang='lat' dir='ltr'><strong>ad</strong></span> <span class='ocrx_word' id='word_1_816' title='bbox 723 5375 1023 5428; x_wconf 89' lang='lat' dir='ltr'><strong>secundum</strong></span> <span class='ocrx_word' id='word_1_817' title='bbox 1057 5371 1214 5440; x_wconf 88' lang='lat' dir='ltr'><strong>hujus</strong></span> <span class='ocrx_word' id='word_1_818' title='bbox 1243 5375 1423 5440; x_wconf 87' lang='lat' dir='ltr'><strong>operis</strong></span> <span class='ocrx_word' id='word_1_819' title='bbox 1447 5375 1643 5428; x_wconf 87' lang='lat' dir='ltr'><strong>librum</strong></span> <span class='ocrx_word' id='word_1_820' title='bbox 1673 5376 1875 5430; x_wconf 86' lang='lat' dir='ltr'><strong>referre</strong></span> <span class='ocrx_word' id='word_1_821' title='bbox 1903 5377 2050 5434; x_wconf 91' lang='lat' dir='ltr'><strong>licet.</strong></span> 
     </span>
    </p>
   </div>
   <div class='ocr_carea' id='block_1_99' title="bbox 470 5463 2056 5538">
    <p class='ocr_par' dir='ltr' id='par_1_99' title="bbox 470 5463 2056 5538">
     <span class='ocr_line' id='line_1_99' title="bbox 470 5463 2056 5538; baseline 0.003 -19"><span class='ocrx_word' id='word_1_822' title='bbox 470 5463 607 5519; x_wconf 77' lang='lat' dir='ltr'><strong>Nam</strong></span> <span class='ocrx_word' id='word_1_823' title='bbox 641 5473 926 5535; x_wconf 89' lang='lat' dir='ltr'><strong>postquam</strong></span> <span class='ocrx_word' id='word_1_824' title='bbox 959 5467 1061 5518; x_wconf 87' lang='lat' dir='ltr'><strong>tria</strong></span> <span class='ocrx_word' id='word_1_825' title='bbox 1092 5465 1162 5520; x_wconf 92' lang='lat' dir='ltr'><strong>ibi</strong></span> <span class='ocrx_word' id='word_1_826' title='bbox 1195 5465 1373 5518; x_wconf 85' lang='lat' dir='ltr'><strong>attulit</strong></span> <span class='ocrx_word' id='word_1_827' title='bbox 1410 5465 1704 5536; x_wconf 78' lang='lat' dir='ltr'><strong>Scriptura:</strong></span> <span class='ocrx_word' id='word_1_828' title='bbox 1750 5467 1886 5532; x_wconf 84' lang='lat' dir='ltr'><strong>loca,</strong></span> <span class='ocrx_word' id='word_1_829' title='bbox 1934 5469 2056 5538; x_wconf 89' lang='lat' dir='ltr'><strong>qui-</strong></span> 
     </span>
    </p>
   </div>
   <div class='ocr_carea' id='block_1_100' title="bbox 470 5555 2055 5627">
    <p class='ocr_par' dir='ltr' id='par_1_100' title="bbox 470 5555 2055 5627">
     <span class='ocr_line' id='line_1_100' title="bbox 470 5555 2055 5627; baseline 0.001 -15"><span class='ocrx_word' id='word_1_830' title='bbox 470 5557 575 5612; x_wconf 87' lang='lat' dir='ltr'><strong>bus</strong></span> <span class='ocrx_word' id='word_1_831' title='bbox 601 5555 846 5612; x_wconf 74' lang='lat' dir='ltr'><strong>hzcrelici</strong></span> <span class='ocrx_word' id='word_1_832' title='bbox 884 5556 954 5611; x_wconf 88' lang='lat' dir='ltr'><strong>ad</strong></span> <span class='ocrx_word' id='word_1_833' title='bbox 985 5556 1392 5625; x_wconf 84' lang='lat' dir='ltr'><strong>deprimeudam</strong></span> <span class='ocrx_word' id='word_1_834' title='bbox 1424 5557 1661 5627; x_wconf 80' lang='lat' dir='ltr'><strong>Spiritus</strong></span> <span class='ocrx_word' id='word_1_835' title='bbox 1690 5560 1862 5613; x_wconf 77' lang='lat' dir='ltr'><strong>sancti</strong></span> <span class='ocrx_word' id='word_1_836' title='bbox 1897 5570 2055 5613; x_wconf 89' lang='lat' dir='ltr'><strong>natu-</strong></span> 
     </span>
    </p>
   </div>
   <div class='ocr_carea' id='block_1_101' title="bbox 471 5647 2054 5719">
    <p class='ocr_par' dir='ltr' id='par_1_101' title="bbox 471 5647 2054 5719">
     <span class='ocr_line' id='line_1_101' title="bbox 471 5647 2054 5719; baseline 0.004 -18"><span class='ocrx_word' id='word_1_837' title='bbox 471 5661 590 5701; x_wconf 89' lang='lat' dir='ltr'><strong>ram</strong></span> <span class='ocrx_word' id='word_1_838' title='bbox 629 5647 1013 5712; x_wconf 85' lang='lat' dir='ltr'><strong>ahutebantur,</strong></span> <span class='ocrx_word' id='word_1_839' title='bbox 1045 5648 1251 5714; x_wconf 87' lang='lat' dir='ltr'><strong>subdit,</strong></span> <span class='ocrx_word' id='word_1_840' title='bbox 1278 5663 1373 5704; x_wconf 90' lang='lat' dir='ltr'><strong>eos</strong></span> <span class='ocrx_word' id='word_1_841' title='bbox 1402 5650 1526 5705; x_wconf 89' lang='lat' dir='ltr'><strong>aliis</strong></span> <span class='ocrx_word' id='word_1_842' title='bbox 1552 5649 1714 5704; x_wconf 91' lang='lat' dir='ltr'><strong>etiam</strong></span> <span class='ocrx_word' id='word_1_843' title='bbox 1747 5651 2054 5719; x_wconf 90' lang='lat' dir='ltr'><strong>hujusmodi</strong></span> 
     </span>
    </p>
   </div>
   <div class='ocr_carea' id='block_1_102' title="bbox 472 5738 2056 5807">
    <p class='ocr_par' dir='ltr' id='par_1_102' title="bbox 472 5738 2056 5807">
     <span class='ocr_line' id='line_1_102' title="bbox 472 5738 2056 5807; baseline 0.004 -16"><span class='ocrx_word' id='word_1_844' title='bbox 472 5738 800 5792; x_wconf 89' lang='lat' dir='ltr'><strong>testimoniis</strong></span> <span class='ocrx_word' id='word_1_845' title='bbox 857 5740 1055 5794; x_wconf 87' lang='lat' dir='ltr'><strong>abusos</strong></span> <span class='ocrx_word' id='word_1_846' title='bbox 1102 5753 1243 5807; x_wconf 85' lang='lat' dir='ltr'><strong>esse,</strong></span> <span class='ocrx_word' id='word_1_847' title='bbox 1290 5738 1408 5795; x_wconf 81' lang='lat' dir='ltr'><strong>haec</strong></span> <span class='ocrx_word' id='word_1_848' title='bbox 1440 5754 1570 5794; x_wconf 85' lang='lat' dir='ltr'><strong>vero</strong></span> <span class='ocrx_word' id='word_1_849' title='bbox 1615 5754 1675 5795; x_wconf 87' lang='lat' dir='ltr'><strong>se</strong></span> <span class='ocrx_word' id='word_1_850' title='bbox 1711 5741 1766 5796; x_wconf 93' lang='lat' dir='ltr'><strong>in</strong></span> <span class='ocrx_word' id='word_1_851' title='bbox 1809 5741 1948 5798; x_wconf 92' lang='lat' dir='ltr'><strong>libro</strong></span> <span class='ocrx_word' id='word_1_852' title='bbox 1977 5741 2056 5797; x_wconf 83' lang='lat' dir='ltr'><strong>De</strong></span> 
     </span>
    </p>
   </div>
   <div class='ocr_carea' id='block_1_103' title="bbox 475 5828 2054 5903">
    <p class='ocr_par' dir='ltr' id='par_1_103' title="bbox 475 5828 2054 5903">
     <span class='ocr_line' id='line_1_103' title="bbox 475 5828 2054 5903; baseline 0.001 -19"><span class='ocrx_word' id='word_1_853' title='bbox 475 5828 679 5897; x_wconf 67' lang='lat' dir='ltr'><strong>Spiritu</strong></span> <span class='ocrx_word' id='word_1_854' title='bbox 732 5840 914 5886; x_wconf 82' lang='lat' dir='ltr'><strong>sancto</strong></span> <span class='ocrx_word' id='word_1_855' title='bbox 949 5830 1220 5887; x_wconf 88' lang='lat' dir='ltr'><strong>attulisse.</strong></span> <span class='ocrx_word' id='word_1_856' title='bbox 1253 5832 1324 5888; x_wconf 85' lang='lat' dir='ltr'><strong>At</strong></span> <span class='ocrx_word' id='word_1_857' title='bbox 1351 5845 1622 5903; x_wconf 83' lang='lat' dir='ltr'><strong>quaenam,</strong></span> <span class='ocrx_word' id='word_1_858' title='bbox 1666 5845 1884 5902; x_wconf 81' lang='lat' dir='ltr'><strong>quaeso,</strong></span> <span class='ocrx_word' id='word_1_859' title='bbox 1924 5841 2054 5890; x_wconf 87' lang='lat' dir='ltr'><strong>sunt</strong></span> 
     </span>
    </p>
   </div>
   <div class='ocr_carea' id='block_1_104' title="bbox 2154 4639 3764 4713">
    <p class='ocr_par' dir='ltr' id='par_1_104' title="bbox 2154 4639 3764 4713">
     <span class='ocr_line' id='line_1_104' title="bbox 2154 4639 3764 4713; baseline -0.003 -14"><span class='ocrx_word' id='word_1_860' title='bbox 2154 4645 2287 4699; x_wconf 84' lang='lat' dir='ltr'><strong>citat</strong></span> <span class='ocrx_word' id='word_1_861' title='bbox 2311 4642 2467 4712; x_wconf 81' lang='grc' dir='ltr'>λόγον</span> <span class='ocrx_word' id='word_1_862' title='bbox 2497 4642 2570 4697; x_wconf 86' lang='lat' dir='ltr'><strong>De</strong></span> <span class='ocrx_word' id='word_1_863' title='bbox 2590 4642 2794 4709; x_wconf 87' lang='lat' dir='ltr'><strong>Spiritu</strong></span> <span class='ocrx_word' id='word_1_864' title='bbox 2823 4653 3027 4708; x_wconf 83' lang='lat' dir='ltr'><strong>sancto,</strong></span> <span class='ocrx_word' id='word_1_865' title='bbox 3051 4658 3156 4696; x_wconf 90' lang='lat' dir='ltr'><strong>non</strong></span> <span class='ocrx_word' id='word_1_866' title='bbox 3184 4643 3436 4712; x_wconf 86' lang='lat' dir='ltr'><strong>primum,</strong></span> <span class='ocrx_word' id='word_1_867' title='bbox 3465 4639 3641 4713; x_wconf 78' lang='lat' dir='ltr'><strong>[XIII]</strong></span> <span class='ocrx_word' id='word_1_868' title='bbox 3664 4649 3764 4696; x_wconf 85' lang='lat' dir='ltr'><strong>aut.</strong></span> 
     </span>
    </p>
   </div>
   <div class='ocr_carea' id='block_1_105' title="bbox 2154 4730 3762 4803">
    <p class='ocr_par' dir='ltr' id='par_1_105' title="bbox 2154 4730 3762 4803">
     <span class='ocr_line' id='line_1_105' title="bbox 2154 4730 3762 4803; baseline -0.003 -15"><span class='ocrx_word' id='word_1_869' title='bbox 2154 4733 2449 4789; x_wconf 90' lang='lat' dir='ltr'><strong>secundum</strong></span> <span class='ocrx_word' id='word_1_870' title='bbox 2479 4731 2640 4803; x_wconf 85' lang='lat' dir='ltr'><strong>hujus</strong></span> <span class='ocrx_word' id='word_1_871' title='bbox 2666 4733 2847 4802; x_wconf 81' lang='lat' dir='ltr'><strong>Operis</strong></span> <span class='ocrx_word' id='word_1_872' title='bbox 2871 4733 3065 4786; x_wconf 89' lang='lat' dir='ltr'><strong>librum</strong></span> <span class='ocrx_word' id='word_1_873' title='bbox 3089 4730 3322 4800; x_wconf 79' lang='lat' dir='ltr'><strong>allegare</strong></span> <span class='ocrx_word' id='word_1_874' title='bbox 3347 4733 3629 4801; x_wconf 87' lang='lat' dir='ltr'><strong>putandus</strong></span> <span class='ocrx_word' id='word_1_875' title='bbox 3659 4731 3762 4795; x_wconf 87' lang='lat' dir='ltr'><strong>sit,</strong></span> 
     </span>
    </p>
   </div>
   <div class='ocr_carea' id='block_1_106' title="bbox 2155 4825 2686 4896">
    <p class='ocr_par' dir='ltr' id='par_1_106' title="bbox 2155 4825 2686 4896">
     <span class='ocr_line' id='line_1_106' title="bbox 2155 4825 2686 4896; baseline -0.004 -14"><span class='ocrx_word' id='word_1_876' title='bbox 2155 4827 2249 4882; x_wconf 89' lang='lat' dir='ltr'><strong>sed</strong></span> <span class='ocrx_word' id='word_1_877' title='bbox 2277 4825 2378 4879; x_wconf 90' lang='lat' dir='ltr'><strong>alia</strong></span> <span class='ocrx_word' id='word_1_878' title='bbox 2405 4826 2686 4896; x_wconf 87' lang='lat' dir='ltr'><strong>opuscula.</strong></span> 
     </span>
    </p>
   </div>
   <div class='ocr_carea' id='block_1_107' title="bbox 2154 4935 3760 5007">
    <p class='ocr_par' dir='ltr' id='par_1_107' title="bbox 2154 4935 3760 5007">
     <span class='ocr_line' id='line_1_107' title="bbox 2154 4935 3760 5007; baseline -0.004 -12"><span class='ocrx_word' id='word_1_879' title='bbox 2154 4941 2285 4995; x_wconf 75' lang='lat' dir='ltr'><strong>CAP.</strong></span> <span class='ocrx_word' id='word_1_880' title='bbox 2323 4939 2388 4994; x_wconf 90' lang='lat' dir='ltr'><strong>Il.</strong></span> <span class='ocrx_word' id='word_1_881' title='bbox 2416 4937 2557 4993; x_wconf 89' lang='lat' dir='ltr'><strong>Citat</strong></span> <span class='ocrx_word' id='word_1_882' title='bbox 2588 4951 2772 4994; x_wconf 84' lang='lat' dir='ltr'><strong>auctor</strong></span> <span class='ocrx_word' id='word_1_883' title='bbox 2819 4949 2995 4992; x_wconf 82' lang='lat' dir='ltr'><strong>noster</strong></span> <span class='ocrx_word' id='word_1_884' title='bbox 3046 4939 3303 5007; x_wconf 75' lang='grc' dir='ltr'><strong>λόγους,</strong></span> <span class='ocrx_word' id='word_1_885' title='bbox 3354 4951 3484 5005; x_wconf 80' lang='lat' dir='ltr'><strong>quos</strong></span> <span class='ocrx_word' id='word_1_886' title='bbox 3527 4935 3760 5003; x_wconf 75' lang='lat' dir='ltr'><strong>scripsit</strong></span> 
     </span>
    </p>
   </div>
   <div class='ocr_carea' id='block_1_108' title="bbox 2713 5011 3174 5062">
    <p class='ocr_par' dir='ltr' id='par_1_108' title="bbox 2713 5011 3174 5062">
     <span class='ocr_line' id='line_1_108' title="bbox 2713 5011 3174 5062; baseline -0.004 0"><span class='ocrx_word' id='word_1_887' title='bbox 2713 5021 2893 5062; x_wconf 83' lang='lat' dir='ltr'><strong>contra</strong></span> <span class='ocrx_word' id='word_1_888' title='bbox 2921 5011 3174 5062; x_wconf 78' lang='lat' dir='ltr'><strong>Arianos.</strong></span> 
     </span>
    </p>
   </div>
   <div class='ocr_carea' id='block_1_109' title="bbox 2225 5101 3759 5172">
    <p class='ocr_par' dir='ltr' id='par_1_109' title="bbox 2225 5101 3759 5172">
     <span class='ocr_line' id='line_1_109' title="bbox 2225 5101 3759 5172; baseline -0.002 -17"><span class='ocrx_word' id='word_1_889' title='bbox 2225 5101 2369 5156; x_wconf 89' lang='lat' dir='ltr'><strong>Duos</strong></span> <span class='ocrx_word' id='word_1_890' title='bbox 2403 5101 2684 5172; x_wconf 89' lang='lat' dir='ltr'><strong>Didymum</strong></span> <span class='ocrx_word' id='word_1_891' title='bbox 2718 5101 2934 5169; x_wconf 84' lang='grc' dir='ltr'>λόγους,</span> <span class='ocrx_word' id='word_1_892' title='bbox 2962 5101 3014 5155; x_wconf 90' lang='lat' dir='ltr'><strong>id</strong></span> <span class='ocrx_word' id='word_1_893' title='bbox 3064 5109 3191 5163; x_wconf 83' lang='lat' dir='ltr'><strong>est,</strong></span> <span class='ocrx_word' id='word_1_894' title='bbox 3231 5112 3513 5153; x_wconf 88' lang='lat' dir='ltr'><strong>sermones</strong></span> <span class='ocrx_word' id='word_1_895' title='bbox 3537 5107 3759 5153; x_wconf 86' lang='lat' dir='ltr'><strong>contra</strong></span> 
     </span>
    </p>
   </div>
   <div class='ocr_carea' id='block_1_110' title="bbox 2155 5191 3764 5260">
    <p class='ocr_par' dir='ltr' id='par_1_110' title="bbox 2155 5191 3764 5260">
     <span class='ocr_line' id='line_1_110' title="bbox 2155 5191 3764 5260; baseline -0.003 -10"><span class='ocrx_word' id='word_1_896' title='bbox 2155 5196 2391 5250; x_wconf 85' lang='lat' dir='ltr'><strong>Arianos</strong></span> <span class='ocrx_word' id='word_1_897' title='bbox 2419 5195 2655 5250; x_wconf 85' lang='lat' dir='ltr'><strong>edidisse</strong></span> <span class='ocrx_word' id='word_1_898' title='bbox 2685 5204 2958 5251; x_wconf 87' lang='lat' dir='ltr'><strong>testantur</strong></span> <span class='ocrx_word' id='word_1_899' title='bbox 2991 5191 3190 5247; x_wconf 85' lang='lat' dir='ltr'><strong>vetusti</strong></span> <span class='ocrx_word' id='word_1_900' title='bbox 3227 5191 3546 5259; x_wconf 88' lang='lat' dir='ltr'><strong>scriptores,</strong></span> <span class='ocrx_word' id='word_1_901' title='bbox 3611 5205 3764 5260; x_wconf 87' lang='lat' dir='ltr'><strong>quo-</strong></span> 
     </span>
    </p>
   </div>
   <div class='ocr_carea' id='block_1_111' title="bbox 2155 5282 3767 5355">
    <p class='ocr_par' dir='ltr' id='par_1_111' title="bbox 2155 5282 3767 5355">
     <span class='ocr_line' id='line_1_111' title="bbox 2155 5282 3767 5355; baseline -0.001 -13"><span class='ocrx_word' id='word_1_902' title='bbox 2155 5305 2275 5344; x_wconf 89' lang='lat' dir='ltr'><strong>rum</strong></span> <span class='ocrx_word' id='word_1_903' title='bbox 2309 5287 2617 5342; x_wconf 87' lang='lat' dir='ltr'><strong>testimonia</strong></span> <span class='ocrx_word' id='word_1_904' title='bbox 2646 5286 2806 5342; x_wconf 89' lang='lat' dir='ltr'><strong>simul</strong></span> <span class='ocrx_word' id='word_1_905' title='bbox 2840 5295 3094 5355; x_wconf 82' lang='lat' dir='ltr'><strong>congesta</strong></span> <span class='ocrx_word' id='word_1_906' title='bbox 3123 5286 3175 5338; x_wconf 93' lang='lat' dir='ltr'><strong>in</strong></span> <span class='ocrx_word' id='word_1_907' title='bbox 3211 5284 3516 5353; x_wconf 82' lang='lat' dir='ltr'><strong>Appendice</strong></span> <span class='ocrx_word' id='word_1_908' title='bbox 3548 5282 3767 5341; x_wconf 78' lang='lat' dir='ltr'><strong>lectori</strong></span> 
     </span>
    </p>
   </div>
   <div class='ocr_carea' id='block_1_112' title="bbox 2154 5373 3765 5447">
    <p class='ocr_par' dir='ltr' id='par_1_112' title="bbox 2154 5373 3765 5447">
     <span class='ocr_line' id='line_1_112' title="bbox 2154 5373 3765 5447; baseline -0.004 -13"><span class='ocrx_word' id='word_1_909' title='bbox 2154 5379 2396 5435; x_wconf 80' lang='lat' dir='ltr'><strong>exhibui.</strong></span> <span class='ocrx_word' id='word_1_910' title='bbox 2432 5377 2489 5432; x_wconf 90' lang='lat' dir='ltr'><strong>Id</strong></span> <span class='ocrx_word' id='word_1_911' title='bbox 2534 5388 2712 5433; x_wconf 89' lang='lat' dir='ltr'><strong>autem</strong></span> <span class='ocrx_word' id='word_1_912' title='bbox 2764 5378 2817 5431; x_wconf 90' lang='lat' dir='ltr'><strong>in</strong></span> <span class='ocrx_word' id='word_1_913' title='bbox 2847 5377 3152 5447; x_wconf 86' lang='lat' dir='ltr'><strong>theologum</strong></span> <span class='ocrx_word' id='word_1_914' title='bbox 3191 5385 3437 5430; x_wconf 87' lang='lat' dir='ltr'><strong>nostrum</strong></span> <span class='ocrx_word' id='word_1_915' title='bbox 3469 5373 3765 5441; x_wconf 87' lang='lat' dir='ltr'><strong>quadrare</strong></span> 
     </span>
    </p>
   </div>
   <div class='ocr_carea' id='block_1_113' title="bbox 2156 5465 3764 5542">
    <p class='ocr_par' dir='ltr' id='par_1_113' title="bbox 2156 5465 3764 5542">
     <span class='ocr_line' id='line_1_113' title="bbox 2156 5465 3764 5542; baseline -0.002 -17"><span class='ocrx_word' id='word_1_916' title='bbox 2156 5471 2326 5542; x_wconf 91' lang='lat' dir='ltr'><strong>liquet</strong></span> <span class='ocrx_word' id='word_1_917' title='bbox 2357 5485 2480 5525; x_wconf 92' lang='lat' dir='ltr'><strong>cum</strong></span> <span class='ocrx_word' id='word_1_918' title='bbox 2503 5484 2569 5525; x_wconf 90' lang='lat' dir='ltr'><strong>ex</strong></span> <span class='ocrx_word' id='word_1_919' title='bbox 2617 5470 2706 5534; x_wconf 89' lang='lat' dir='ltr'><strong>iis,</strong></span> <span class='ocrx_word' id='word_1_920' title='bbox 2741 5485 2860 5540; x_wconf 67' lang='lat' dir='ltr'><strong>quae</strong></span> <span class='ocrx_word' id='word_1_921' title='bbox 2915 5470 3027 5524; x_wconf 78' lang='lat' dir='ltr'><strong>dixi</strong></span> <span class='ocrx_word' id='word_1_922' title='bbox 3053 5484 3175 5539; x_wconf 86' lang='lat' dir='ltr'><strong>pag.</strong></span> <span class='ocrx_word' id='word_1_923' title='bbox 3223 5467 3350 5531; x_wconf 78' lang='grc'><strong>455,</strong></span> <span class='ocrx_word' id='word_1_924' title='bbox 3381 5475 3548 5536; x_wconf 86' lang='lat' dir='ltr'><strong>atque</strong></span> <span class='ocrx_word' id='word_1_925' title='bbox 3585 5465 3764 5533; x_wconf 86' lang='lat' dir='ltr'><strong>alibi,</strong></span> 
     </span>
    </p>
   </div>
   <div class='ocr_carea' id='block_1_114' title="bbox 2157 5563 3200 5632">
    <p class='ocr_par' dir='ltr' id='par_1_114' title="bbox 2157 5563 3200 5632">
     <span class='ocr_line' id='line_1_114' title="bbox 2157 5563 3200 5632; baseline -0.001 -15"><span class='ocrx_word' id='word_1_926' title='bbox 2157 5575 2270 5618; x_wconf 89' lang='lat' dir='ltr'><strong>tum</strong></span> <span class='ocrx_word' id='word_1_927' title='bbox 2298 5564 2462 5617; x_wconf 90' lang='lat' dir='ltr'><strong>etiam</strong></span> <span class='ocrx_word' id='word_1_928' title='bbox 2493 5577 2558 5618; x_wconf 90' lang='lat' dir='ltr'><strong>ex</strong></span> <span class='ocrx_word' id='word_1_929' title='bbox 2584 5563 2668 5617; x_wconf 91' lang='lat' dir='ltr'><strong>his</strong></span> <span class='ocrx_word' id='word_1_930' title='bbox 2696 5579 2815 5632; x_wconf 79' lang='lat' dir='ltr'><strong>quae</strong></span> <span class='ocrx_word' id='word_1_931' title='bbox 2846 5577 2969 5617; x_wconf 87' lang='lat' dir='ltr'><strong>mox</strong></span> <span class='ocrx_word' id='word_1_932' title='bbox 3003 5563 3200 5616; x_wconf 80' lang='lat' dir='ltr'><strong>dicam.</strong></span> 
     </span>
    </p>
   </div>
   <div class='ocr_carea' id='block_1_115' title="bbox 2153 5670 3767 5744">
    <p class='ocr_par' dir='ltr' id='par_1_115' title="bbox 2153 5670 3767 5744">
     <span class='ocr_line' id='line_1_115' title="bbox 2153 5670 3767 5744; baseline -0.002 -14"><span class='ocrx_word' id='word_1_933' title='bbox 2153 5675 2283 5732; x_wconf 75' lang='lat' dir='ltr'><strong>CAP.</strong></span> <span class='ocrx_word' id='word_1_934' title='bbox 2325 5675 2413 5731; x_wconf 90' lang='lat' dir='ltr'><strong>III.</strong></span> <span class='ocrx_word' id='word_1_935' title='bbox 2453 5675 2520 5731; x_wconf 82' lang='lat' dir='ltr'><strong>Se</strong></span> <span class='ocrx_word' id='word_1_936' title='bbox 2549 5686 2731 5730; x_wconf 86' lang='lat' dir='ltr'><strong>contra</strong></span> <span class='ocrx_word' id='word_1_937' title='bbox 2763 5677 2988 5730; x_wconf 79' lang='lat' dir='ltr'><strong>Arianos</strong></span> <span class='ocrx_word' id='word_1_938' title='bbox 3011 5691 3211 5743; x_wconf 77' lang='lat' dir='ltr'><strong>semper</strong></span> <span class='ocrx_word' id='word_1_939' title='bbox 3231 5689 3490 5744; x_wconf 75' lang='lat' dir='ltr'><strong>pugnasse</strong></span> <span class='ocrx_word' id='word_1_940' title='bbox 3507 5670 3767 5742; x_wconf 69' lang='lat' dir='ltr'><strong>aﬂirmt</strong></span> 
     </span>
    </p>
   </div>
   <div class='ocr_carea' id='block_1_116' title="bbox 2697 5749 3186 5816">
    <p class='ocr_par' dir='ltr' id='par_1_116' title="bbox 2697 5749 3186 5816">
     <span class='ocr_line' id='line_1_116' title="bbox 2697 5749 3186 5816; baseline 0.006 -20"><span class='ocrx_word' id='word_1_941' title='bbox 2697 5749 2960 5816; x_wconf 79' lang='lat' dir='ltr'><strong>theologus</strong></span> <span class='ocrx_word' id='word_1_942' title='bbox 2993 5757 3186 5799; x_wconf 79' lang='lat' dir='ltr'><strong>noster.</strong></span> 
     </span>
    </p>
   </div>
   <div class='ocr_carea' id='block_1_117' title="bbox 2227 5833 3762 5899">
    <p class='ocr_par' dir='ltr' id='par_1_117' title="bbox 2227 5833 3762 5899">
     <span class='ocr_line' id='line_1_117' title="bbox 2227 5833 3762 5899; baseline -0.001 -7"><span class='ocrx_word' id='word_1_943' title='bbox 2227 5837 2500 5892; x_wconf 72' lang='lat' dir='ltr'><strong>Praeterea</strong></span> <span class='ocrx_word' id='word_1_944' title='bbox 2551 5846 2742 5892; x_wconf 88' lang='lat' dir='ltr'><strong>auctor</strong></span> <span class='ocrx_word' id='word_1_945' title='bbox 2797 5847 2982 5890; x_wconf 82' lang='lat' dir='ltr'><strong>uoster</strong></span> <span class='ocrx_word' id='word_1_946' title='bbox 3012 5851 3133 5899; x_wconf 65' lang='lat' dir='ltr'><strong>pag.</strong></span> <span class='ocrx_word' id='word_1_947' title='bbox 3169 5833 3297 5894; x_wconf 66' lang='grc'><strong>202,</strong></span> <span class='ocrx_word' id='word_1_948' title='bbox 3345 5849 3401 5889; x_wconf 80' lang='lat' dir='ltr'><strong>se</strong></span> <span class='ocrx_word' id='word_1_949' title='bbox 3424 5833 3662 5890; x_wconf 80' lang='lat' dir='ltr'><strong>Arianis</strong></span> <span class='ocrx_word' id='word_1_950' title='bbox 3692 5848 3762 5890; x_wconf 85' lang='lat' dir='ltr'><strong>ac</strong></span> 
     </span>
    </p>
   </div>
  </div>
