4092 6390
329 414 438 475 M5
1582 416 2153 476 COMMENTARIUS.
2193 447 2263 458 —
2302 415 2432 471 LIB.
2477 414 2519 470 Ι.
3574 406 3691 468 ηδ

338 533 774 591 Hacedonianis
797 554 909 607 pro
949 538 1107 594 uirili
1126 548 1270 605 parte
1285 557 1482 605 semper
1508 540 1774 605 obstitisse
1800 540 1901 604 ait,
1923 555 1988 594 ac
2014 547 2063 601 Α
2092 537 2317 607 ρεπιιιίοο
2347 535 2542 589 allatis.
2570 531 2889 602 Huiusmodi
2927 545 3054 587 vero
3098 544 3235 600 opus
3293 527 3564 598 respicere
3594 526 3679 583 vi-

352 641 454 696 pro
481 625 772 682 catholica
812 631 894 683 de
936 627 1218 683 Trinitate
1250 630 1492 684 doctrina
1518 629 1573 682 in
1596 630 1829 683 medium
1852 644 1989 682 sem-
2093 632 2252 686 detur
2272 639 2328 685 et
2354 627 2713 699 Hieronymus
2739 626 2793 680 in
2842 623 2981 680 libro
3006 623 3080 678 Dc
3118 623 3302 689 script.
3340 622 3522 677 erclcs.
3552 635 3674 690 cap.

359 734 451 791 per
481 719 759 786 prodiisse
799 721 880 773 ad
940 721 1093 776 litem
1129 733 1220 774 aut
1272 722 1652 786 iutentandam,
1691 730 1783 774 aut
1832 720 1991 774 susti-
2094 720 2219 784 120,
2246 736 2371 777 cum
2423 716 2962 786 aitzResponderunt
3013 717 3062 770 ei
3125 713 3343 786 (nempe
3392 709 3678 781 Eunomia)

376 811 621 866 undam.
647 809 725 863 At
765 812 1042 881 quisnam
1065 822 1149 868 est
1163 822 1283 881 post
1302 813 1580 868 Athanasii
1606 811 1987 869 tetatemGrae-

396 917 485 957 cus
509 901 696 957 szeculi
749 903 947 972 quarti
1004 904 1280 973 scriptor,
1331 905 1399 958 ad
1458 918 1616 973 quem
1663 903 1844 970 aptius
1878 903 1992 957 hmc

408 996 589 1050 reicrre
641 994 975 1064 possimus,
1028 1009 1188 1065 quam
1243 994 1505 1066 Didymus
1552 994 1991 1049 Alexandrinus?

413 1100 554 1155 quetn
585 1084 855 1152 Ruﬁnus,
900 1085 1179 1152 Socrates,
1208 1086 1569 1151 Sozomenus,
1599 1085 1989 1156 Hieronymus,

414 1178 776 1235 Theodoretus
833 1189 897 1235 ut
950 1180 1229 1236 catholicae
1279 1181 1348 1235 de
1391 1179 1654 1235 Trinitate
1727 1179 1989 1234 doctrinas

411 1280 686 1325 strenuum
717 1279 1177 1342 propugnatorem
1223 1270 1553 1341 praedicant;
1605 1268 1809 1339 quique
1845 1277 1901 1323 et
1933 1267 1988 1322 in

405 1362 541 1418 libro
589 1362 667 1417 De
721 1361 928 1430 Spiritu
964 1373 1165 1428 sancto,
1211 1373 1268 1418 et
1320 1363 1373 1417 in
1416 1363 1759 1418 sermonibus
1800 1370 1990 1415 contra

412 1455 664 1518 Aricinos,
697 1464 754 1510 et
781 1455 839 1510 in
872 1455 1033 1521 libro,
1062 1470 1158 1510 seu
1189 1455 1341 1511 libris
1370 1453 1448 1509 De
1495 1455 1670 1521 sectis,
1716 1463 1770 1509 et
1800 1454 1872 1507 De
1894 1454 1992 1509 do-

404 1549 669 1617 gmatibus
700 1558 891 1604 contra
920 1562 1015 1603 eos
1047 1548 1330 1603 haereticos
1352 1562 1418 1601 ex
1439 1546 1691 1616 professo
1721 1546 1944 1616 scripsit
1968 1563 1983 1601 :

408 1639 500 1708 qui
529 1639 769 1710 datique
817 1639 873 1694 in
921 1637 1354 1694 enarrationibus
1383 1639 1438 1692 in
1465 1620 1737 1707 Epistolas
1760 1636 1984 1694 catholi-

404 1746 525 1797 cas,
547 1740 717 1800 atque
752 1731 805 1785 in
843 1729 1245 1786 commentariis
1279 1744 1451 1785 sacra:
1510 1728 1829 1798 Scripturze,
1851 1742 1990 1798 quo-

406 1837 532 1878 rum
570 1822 876 1894 fragmenta
896 1823 949 1877 in
973 1822 1178 1878 catenis
1199 1830 1435 1888 exstant,
1459 1821 1662 1875 nullam
1694 1820 1831 1876 elabi
1856 1820 1989 1876 sinit

411 1911 784 1979 occasionem,
838 1914 970 1983 quin
1030 1912 1294 1969 catholica
1331 1915 1397 1968 de
1427 1911 1698 1967 Trinitate
1732 1913 1986 1981 dogmata
2017 1909 2062 1965 Β

412 2004 673 2071 inculcet,
696 2016 792 2061 aut
815 2007 1068 2071 Arianos,
1124 2005 1560 2070 Macedonianos,
1604 2006 1847 2075 aliosque
1878 2006 1991 2061 lue-

412 2096 615 2153 reticos
643 2112 921 2167 perperam
950 2097 1017 2153 de
1039 2099 1125 2152 illa
1154 2099 1454 2155 sentientes
1484 2098 1728 2154 refellat?
1757 2098 1891 2153 Hem
1918 2099 1993 2153 ita

411 2202 473 2241 se
501 2188 727 2252 habere,
770 2188 1077 2244 observabit
1123 2188 1349 2260 diligens
1400 2189 1572 2245 lector
1628 2190 1681 2244 in
1712 2201 1902 2244 catena
1937 2190 1994 2243 in

413 2276 662 2333 Psalmos
693 2282 762 2334 ad
800 2279 1061 2350 psalmum
1090 2296 1187 2348 cn,
1223 2298 1368 2338 vers.
1418 2282 1512 2346 20,
1541 2292 1596 2338 et
1635 2282 1786 2344 alibi,
1818 2283 1871 2336 in
1898 2296 1993 2336 ca-

410 2381 534 2449 tena
563 2375 620 2425 in
653 2372 788 2426 Acta
824 2383 952 2427 tom.
984 2371 1049 2428 IV
1079 2373 1557 2444 Anecdot.Wollii,
1591 2391 1713 2446 pag.
1745 2374 1799 2439 6,
1827 2374 1989 2441 9,14,

410 2460 504 2525 19.
530 2469 696 2532 atque
724 2462 776 2516 in
818 2462 938 2524 aliis
971 2465 1177 2525 catenis
1212 2480 1332 2541 mue
1377 2466 1489 2542 jam
1542 2466 1819 2542 itnmessa':
1845 2478 1990 2528 sunt.

413 2546 531 2629 Ego
555 2560 700 2614 enim
734 2575 801 2616 ne
851 2560 1053 2615 nullum
1109 2577 1176 2617 ex
1208 2563 1697 2619 innumerabilibus
1730 2564 1995 2632 exemplis

410 2666 537 2720 quae
564 2649 745 2705 all'erri
800 2664 1026 2722 queunt,
1087 2655 1375 2724 protulisse
1429 2656 1646 2719 videar,
1680 2655 1897 2710 ontissis
1927 2654 1994 2708 iis

409 2760 533 2815 quae
554 2745 699 2798 edita
724 2745 839 2815 jam
877 2754 1023 2810 sunt,
1062 2763 1227 2802 unum
1282 2750 1549 2803 duntaxat
1622 2747 1871 2802 esscribo
1925 2762 1993 2800 ex

408 2847 604 2892 catena
636 2853 739 2893 ms.
795 2840 850 2891 in
894 2839 1050 2894 libros
1095 2839 1311 2910 Regum,
1353 2857 1475 2911 qua:
1529 2843 1779 2896 exstatin
1810 2840 1997 2895 codice

408 2930 604 2985 Graeco
659 2947 752 2985 xvt
783 2931 1120 2987 biblimbeun
1147 2933 1359 2989 Venetae
1399 2935 1458 2987 S.
1509 2933 1698 2989 Marci.
1744 2934 1820 2988 tbi
1848 2934 1994 2988 enim

406 3024 477 3077 ad
511 3024 833 3078 versiculum
862 3023 931 3078 22
963 3024 1160 3094 capitis
1211 3040 1323 3080 χιιι
1382 3024 1511 3079 libri
1554 3024 1593 3078 ll
1644 3025 1869 3095 Regum,
1903 3026 1996 3096 qui

406 3115 624 3180 incipit,
654 3116 778 3169 Ὅτι
803 3115 1041 3186 ἐφύλαξα
1067 3115 1168 3181 τὰς
1197 3117 1350 3183 ὁδοὺς
1384 3118 1617 3190 Κυρίου,
1657 3119 1771 3173 haec
1810 3119 1998 3189 legun-

408 3219 499 3261 tur
538 3224 662 3279 pag.
704 3210 807 3265 129
840 3227 854 3264 :
894 3210 1148 3280 Διδύμου.
1186 3212 1316 3264 Ὅτι
1346 3211 1643 3281 ἐφύλαξα,
1690 3213 1845 3282 φησὶ,
1877 3211 1986 3278 τὰς

406 3301 593 3368 ὀδοὺς
644 3304 886 3370 Κυρίου.
935 3303 1122 3358 Ταῦτα
1168 3305 1269 3358 οὐκ
1312 3303 1650 3368 ἀλαζονικῶς
1707 3320 1895 3375 φησιν,
1917 3302 1995 3367 ὥς

404 3411 554 3458 τινες
586 3394 787 3449 clavam.
805 3413 819 3426 ·
852 3395 965 3449 ἀλλ’
993 3396 1267 3460 ἀνατιθεὶς
1296 3396 1376 3466 τῷ
1400 3396 1522 3466 Θεῳ
1545 3398 1646 3468 τὴν
1676 3396 1860 3451 αἰτίαν
1887 3395 1998 3450 τῶν

406 3487 873 3559 κατορθωμάτων.
911 3488 1177 3543 Φυλάσσει
1213 3489 1271 3543 δὲ
1313 3490 1414 3553 τὰς
1454 3492 1608 3552 ὀδοὺς
1635 3489 1845 3560 Κυρίου
1876 3490 1999 3553 ταῖς

406 3578 654 3642 ἐντολαῖς
705 3580 870 3633 αὑτοῦ
908 3582 1310 3655 πορευόμενοςο
1361 3582 1457 3637 καὶ
1504 3583 1607 3636 οὐκ
1650 3580 1840 3636 ἀσεϐεῖ
1890 3581 2001 3635 ἀπὸ

406 3671 503 3724 τοῦ
534 3672 675 3725 Θεοῦ
728 3672 913 3740 αὐτοῦ,
949 3675 979 3727 ὁ
1011 3673 1187 3745 ὀρθῶς
1245 3674 1379 3747 περὶ
1424 3673 1535 3728 τῶν
1586 3674 1685 3745 τῆς
1735 3674 1998 3747 ἀληθείας

406 3765 693 3835 δογμάτων
750 3765 1064 3836 διειληφώς·
1104 3766 1405 3838 ἀμέμπτως
1451 3768 1580 3839 περὶ
1629 3767 1763 3821 Θεοῦ
1800 3767 1998 3821 ἐννοῶν

408 3855 507 3907 καὶ
540 3855 713 3923 ἁγιως
752 3855 880 3925 περὶ
906 3857 1143 3927 Χριστοῦ
1178 3857 1565 3927 διαλαμϐάνων
1584 3873 1597 3885 ·
1628 3859 1722 3912 καὶ
1753 3858 1998 3923 εὐσεϐῶς

408 3944 543 4015 περὶ
576 3944 672 3998 τοῦ
719 3944 876 4015 ἁγίου
922 3944 1235 4017 Πνεύματος
1261 3946 1683 4018 ἐνθυμούμενος·
1720 3949 1816 4003 καὶ
1855 3951 1987 4020 περὶ

408 4035 522 4089 τῶν
553 4035 729 4088 ἄλλων
772 4035 1059 4107 δογμάτων
1100 4036 1160 4091 ὃν
1199 4037 1282 4091 δεῖ
1320 4026 1524 4111 ἓερόπον
1564 4038 1824 4105 δοξάζων.
1868 4042 2000 4107 Quae

416 4132 503 4187 sic
536 4140 716 4184 verto:
743 4151 761 4182 t
793 4132 1021 4200 Didymi.
1056 4130 1196 4197 Quia
1222 4132 1504 4198 custodici,
1532 4131 1726 4202 inquit,
1752 4135 1860 4199 pias
1884 4133 1996 4188 Do-

413 4224 551 4278 mini
579 4225 625 4279 '.
666 4222 792 4279 Haec
832 4239 935 4278 non
965 4235 1282 4295 arroganter
1335 4225 1489 4292 dicit,
1538 4234 1597 4279 ut
1649 4227 1869 4295 quidam
1900 4241 2000 4297 pu-

410 4327 571 4384 tant;
606 4318 698 4372 sed
724 4318 890 4373 Deum
918 4332 1218 4387 agnoscens
1257 4327 1319 4371 ιιι
1349 4333 1572 4373 causam
1608 4333 1799 4373 eorum
1827 4334 1948 4388 qua-
1967 4334 1999 4374 a

415 4423 483 4462 se
512 4419 665 4477 gesta
696 4417 845 4474 sunt,
879 4423 943 4463 ac
966 4422 1030 4463 ea
1076 4407 1156 4463 illi
1201 4408 1465 4465 tribuens.
1511 4410 1763 4466 Custodit
1815 4421 1998 4466 autem

416 4501 538 4554 vias
568 4501 777 4555 Domini
832 4503 876 4556 is
922 4501 1014 4570 qui
1050 4502 1103 4555 in
1162 4503 1434 4558 mandatis
1465 4503 1584 4574 ejus
1631 4504 1906 4559 ambulat:
1942 4513 2001 4560 et

415 4593 590 4660 impie
621 4608 726 4646 non
755 4593 865 4663 agit
896 4607 926 4647 a
963 4593 1073 4649 Deo
1102 4608 1202 4649 suo
1221 4593 1242 4625 ³
1281 4595 1327 4650 is
1354 4596 1445 4665 qui
1480 4606 1625 4651 recte
1664 4601 1731 4652 de
1755 4596 1999 4652 veritatis
2028 4612 2076 4669 ι)

411 4684 762 4754 dogmatibus
792 4682 1032 4750 disserit,
1084 4685 1462 4755 irreprehense
1492 4688 1560 4742 de
1602 4687 1711 4741 Deo
1728 4688 1993 4753 sentiens,

411 4786 470 4830 et
498 4786 688 4831 sancte
712 4776 781 4830 de
831 4776 1045 4832 Christo
1081 4777 1382 4843 disserens,
1440 4791 1495 4835 et
1553 4780 1641 4849 pie
1683 4780 1752 4835 de
1790 4779 1996 4850 Spiritu

411 4878 615 4923 saneto
640 4869 903 4936 cogitans,
928 4879 981 4924 et
1012 4869 1078 4924 de
1097 4868 1220 4925 aliis
1242 4869 1587 4942 dogmatibus
1628 4871 1700 4924 ita
1744 4880 1803 4925 ut
1832 4887 1997 4943 opor-

419 4973 499 5014 tet
527 4961 791 5016 sentiens.
823 4980 842 5013 ι
881 4961 1012 5028 Quis
1062 4962 1336 5017 hominem
1390 4962 1476 5016 vel
1531 4964 1718 5030 paucis
1752 4963 1901 5019 hisce
1942 4965 1995 5019 in

416 5054 600 5107 verbis
630 5067 738 5107 non
798 5038 1039 5122 agnoscit
1071 5054 1396 5110 Catholicam
1451 5054 1521 5109 de
1580 5055 1849 5110 Trinitate
1881 5057 1977 5110 do-

428 5147 629 5200 trinam
659 5146 968 5200 inculcandi
992 5145 1472 5215 percupidum?At
1504 5158 1708 5217 quanto
1740 5148 1911 5219 magis
1942 5150 1995 5202 in

420 5238 631 5291 caeteris
663 5250 784 5305 quae
817 5246 1032 5291 exstant
1062 5236 1299 5304 ejusdem
1354 5237 1609 5308 operibus
1655 5247 1817 5307 atque
1861 5239 2000 5308 frag-

420 5330 618 5385 mentis
634 5329 658 5382 ?

416 5444 546 5498 Car.
568 5440 659 5497 IV.
687 5440 814 5497 Tres
835 5442 900 5497 de
922 5440 1348 5496 Trinitatelihros
1367 5441 1583 5496 dictavit
1602 5452 1788 5496 auctor
1804 5453 1999 5507 noster,

1022 5524 1077 5564 ut
1104 5512 1378 5583 Didymus.

500 5604 642 5672 Quin
668 5617 780 5661 tres
802 5621 832 5659 a
868 5604 1098 5674 Didyme
1138 5605 1303 5660 libros
1356 5604 1435 5659 De
1473 5603 1733 5659 Trinitate
1764 5604 2000 5660 dictatus

422 5713 549 5753 esse
589 5707 855 5753 testantur
882 5707 1070 5768 aperte
1100 5698 1375 5765 Socrates,
1395 5698 1779 5764 Cassiodorus,
1805 5706 1860 5753 et
1881 5698 1996 5752 An-

418 5792 626 5851 selmus
653 5790 1107 5862 Havelbergensis
1141 5791 1193 5843 in
1221 5791 1539 5847 testimoniis
1566 5806 1595 5845 a
1654 5804 1740 5845 tne
1777 5790 1830 5844 in
1883 5790 1996 5859 Ap-

495 5905 517 5937 ¹
549 5906 687 5962 Psal.
718 5922 851 5974 st'tt,
874 5906 967 5961 ‘22.
1047 5908 1067 5938 ³
1108 5908 1236 5963 ibid.

2092 812 2472 883 Apollinarius,
2502 809 2783 879 Didymus,
2846 816 2954 863 etc.
3009 805 3065 860 Id
3100 816 3280 860 autem
3333 818 3493 873 quam
3540 802 3682 859 belle

2095 908 2307 963 auctori
2341 915 2527 961 nostro
2551 904 2860 967 conveniat,
2887 917 2974 957 me
2996 901 3082 956 vel
3130 908 3345 955 tacente
3383 913 3575 953 omnes
3597 897 3682 951 vi-

2092 999 2241 1055 dent.
2277 998 2465 1069 Itaque
2495 997 2563 1052 ad
2598 996 2702 1050 alia
2726 995 2915 1051 statim
2948 993 3287 1064 progredior.

2094 1132 2265 1207 [XIV]
2305 1133 2434 1189 CAP.
2458 1130 2616 1186 V.De
2644 1131 2834 1200 impari
2880 1145 3094 1183 numero
3149 1128 3361 1197 scripsit
3400 1134 3459 1181 ut
3503 1125 3679 1197 Didy-

2812 1216 2948 1254 mus.

2164 1318 2429 1376 Undecim
2461 1315 2668 1374 scilicet
2726 1314 3058 1384 scriptores,
3105 1312 3197 1382 qui
3249 1313 3316 1366 de
3348 1311 3543 1383 impari
3579 1326 3681 1366 nuo

2092 1425 2245 1465 mero
2273 1408 2633 1479 scripserant,
2660 1413 2912 1460 numerat
2945 1403 3308 1475 Hieronymus
3336 1403 3390 1457 in
3443 1403 3677 1473 epistola

2092 1500 2158 1556 ad
2183 1500 2612 1564 Pammachium,
2644 1507 2702 1553 ut
2735 1496 2841 1552 dixi
2874 1510 2997 1566 pag.
3029 1495 3157 1561 ‘268,
3196 1504 3308 1550 not.
3340 1495 3396 1557 5,
3444 1510 3679 1563 quorum

2089 1601 2276 1648 sextus
2314 1599 2397 1646 est
2430 1590 2709 1662 Didymus.
2751 1588 2863 1659 Ego
2914 1603 3045 1642 vero
3090 1588 3353 1641 rationem
3390 1587 3513 1640 hinc
3542 1587 3681 1639 duco

2091 1699 2197 1738 non
2232 1682 2705 1746 contemnendam,
2762 1695 2866 1749 qua
2912 1680 3229 1736 conlirmem
3266 1686 3376 1733 tres
3423 1678 3589 1733 hosce
3623 1678 3683 1732 li-

2089 1777 2219 1833 bros
2245 1790 2366 1830 esse
2404 1774 2632 1846 Didymi.
2663 1773 2810 1829 Fuse
2848 1774 2990 1831 enim
3015 1774 3082 1828 de
3111 1772 3303 1842 impari
3340 1789 3588 1839 numero,
3619 1773 3671 1825 id

2088 1881 2170 1926 est
2193 1872 2260 1924 de
2300 1868 2630 1938 septenario,
2660 1868 2770 1936 agit
2796 1865 3076 1935 theologus
3106 1876 3289 1920 noster
3326 1864 3418 1918 lib.
3452 1879 3517 1928 ιι.
3555 1879 3676 1929 cap.

2094 1960 2183 2014 14.
2220 1958 2408 2029 Itaque
2441 1972 2565 2013 cum
2592 1957 2681 2011 illa
2708 1955 3016 2027 Hieronymi
3068 1956 3294 2027 epistola
3347 1965 3469 2026 post
3500 1956 3678 2012 editos

2096 2053 2260 2107 hosce
2284 2052 2453 2106 libros
2479 2050 2682 2119 scripta
2715 2048 2902 2114 fuerit,
2933 2049 3085 2105 valde
3116 2049 3392 2120 probabile
3421 2060 3526 2115 est,
3555 2066 3682 2105 eos-

2096 2142 2216 2196 dem
2254 2140 2322 2196 ab
2353 2140 2476 2212 ipso
2508 2140 2700 2209 reSpici
2725 2156 2739 2206 ;
2768 2140 2937 2193 multo
2964 2141 3108 2195 enim
3170 2141 3340 2195 fusius
3368 2140 3435 2195 de
3487 2141 3681 2212 impari

2095 2248 2321 2289 numero
2357 2234 2442 2288 hic
2473 2234 2583 2302 agit
2631 2241 2822 2287 auctor
2874 2243 3093 2295 noster,
3137 2248 3299 2301 quant
3344 2232 3587 2303 plerique
3615 2248 3685 2288 ex

2097 2326 2217 2380 aliis
2244 2326 2519 2390 Patribus,
2540 2340 2689 2401 quos
2711 2322 3072 2397 Hieronymus
3102 2328 3343 2381 nominat
3369 2343 3381 2378 :
3423 2328 3682 2382 nimirum

2096 2421 2346 2480 undet-im
2382 2420 2455 2480 illi
2510 2432 2637 2479 sunt
2667 2421 2944 2490 Clemens,
3007 2419 3349 2496 Hippolytus.
3397 2419 3683 2497 Origenes,

2099 2519 2721 2590 Dionysius,Eusebius,
2784 2517 3081 2589 Didymus,
3136 2514 3526 2579 Tertullianus,
3580 2517 3689 2588 Cy-

2098 2610 2342 2679 prianus,
2377 2608 2709 2673 Victorinus,
2745 2606 3088 2671 Lactantius,
3138 2605 3408 2661 Hilarius:
3451 2622 3686 2677 quorum

2100 2702 2277 2755 nullus
2335 2716 2451 2754 mea
2488 2702 2704 2771 quidem
2770 2699 3045 2756 sententia
3094 2714 3229 2770 opus
3300 2699 3490 2763 edidit,
3540 2699 3688 2770 quod

2096 2795 2160 2847 de
2181 2794 2370 2862 impari
2405 2808 2620 2847 numero
2645 2792 3001 2860 inscripserit,
3051 2793 3143 2847 sed
3191 2791 3372 2846 obiter
3399 2805 3590 2846 omnes
3621 2792 3690 2846 de

2097 2887 2286 2941 eodem
2324 2887 2375 2937 in
2402 2885 2517 2940 suis
2568 2884 2824 2954 operibus
2877 2884 3044 2938 locuti
3095 2893 3245 2939 sunt.
3296 2883 3506 2938 Nullius
3558 2897 3689 2938 vero

2097 2994 2234 3049 epos
2281 2979 2414 3033 citat
2476 2977 2842 3050 Hieronymus
2887 2977 2990 3032 nisi
3036 2975 3341 3049 Cypriani;
3388 2977 3463 3031 ait
3494 2976 3680 3032 enim:

2100 3070 2337 3135 Quorum
2381 3068 2684 3140 Cyprianus
2716 3071 2780 3124 de
2826 3071 3146 3139 septenario,
3196 3070 3253 3123 id
3301 3069 3470 3123 estde
3498 3069 3690 3140 impari

2100 3179 2315 3216 numero
2343 3162 2605 3214 disserens
2629 3177 2748 3222 qum
2769 3168 2819 3213 et
2841 3172 3038 3229 quanta
3065 3160 3278 3221 dixerit,
3309 3162 3377 3212 ad
3412 3157 3686 3213 Fortuna-

2023 3271 2067 3327 ς
2099 3266 2208 3308 tum
2232 3253 2365 3307 liber
2415 3253 2563 3306 illius
2613 3254 2910 3307 testimonio
2943 3261 3039 3306 est.
3092 3250 3211 3307 iam
3260 3267 3389 3306 vero
3420 3265 3542 3321 quae
3580 3250 3691 3322 Cy-

2103 3346 2331 3416 prianus
2369 3344 2421 3399 in
2455 3344 2618 3410 libro,
2668 3344 2783 3399 sive
2827 3344 3061 3415 epistola
3112 3345 3179 3398 ad
3235 3342 3592 3398 Fortunatum
3624 3346 3691 3401 de

2101 3438 2407 3508 septenario
2428 3437 2646 3508 scripsit
2698 3451 2822 3506 pag.
2869 3434 2978 3491 522
3034 3436 3286 3490 editionis
3319 3433 3537 3490 Venetae
3560 3438 3689 3492 anni

2103 3531 2263 3599 1728,
2292 3531 2666 3586 multominus
2690 3531 2907 3601 copiosa
2939 3540 3088 3594 sunt,
3118 3544 3281 3600 quam
3328 3544 3451 3599 qua:
3485 3531 3550 3585 de
3592 3545 3688 3585 eo-

2102 3627 2221 3679 dem
2245 3639 2471 3679 numero
2499 3624 2738 3693 disputat
2777 3634 2971 3678 auctor
3007 3633 3215 3677 noster.
3275 3621 3426 3690 Quod
3466 3623 3510 3678 si
3566 3622 3692 3677 reli-

2102 3733 2332 3789 quorum
2366 3732 2532 3786 opera
2567 3731 2689 3786 qua:
2709 3727 2925 3771 exstant
2954 3714 3244 3780 evolveris,
3279 3715 3523 3770 invenies
3552 3714 3687 3770 Ter—

2110 3808 2399 3863 tullianum
2427 3824 2666 3879 quoque,
2689 3808 3026 3865 Clementem
3054 3807 3501 3871 Alexandrinum,
3529 3815 3693 3875 atque

2102 3900 2393 3973 Origenent
2421 3901 2589 3955 variis
2625 3903 2676 3954 in
2707 3901 2863 3968 locis,
2901 3900 3163 3956 Hilarium
3205 3908 3434 3954 tractatu
3463 3900 3521 3953 in
3553 3899 3692 3968 psal-

2101 4012 2243 4048 mum
2272 4010 2461 4060 cxvtu,
2502 4005 2634 4049 tom.
2667 3994 2710 4060 Ι,
2732 4010 2855 4065 pag.
2878 3994 3006 4061 409,
3026 4004 3080 4048 et
3110 3993 3455 4048 Lactantium
3490 3991 3582 4046 lib.
3613 4005 3687 4047 vlt

2101 4084 2286 4140 Instit.
2313 4100 2435 4156 cap.
2473 4086 2564 4151 14,
2590 4087 2767 4141 minus
2802 4087 2919 4141 fuse
2955 4087 3022 4141 de
3062 4084 3165 4140 hac
3213 4100 3271 4139 re
3316 4086 3522 4138 locutos
3547 4098 3689 4148 esse,

2101 4193 2266 4248 quam
2319 4178 2628 4250 theologum
2690 4187 2960 4233 nostrum.
3031 4177 3107 4233 De
3170 4174 3459 4248 Hippolyto
3482 4184 3688 4239 autem,

2101 4272 2382 4344 Dionysio,
2411 4271 2671 4337 Eusebio,
2698 4271 2981 4327 Victorino
3003 4270 3140 4325 nihil
3172 4270 3295 4325 dico
3318 4309 3333 4334 ,
3365 4268 3508 4340 quod
3540 4270 3691 4335 duo-

2102 4379 2223 4419 rum
2249 4365 2463 4434 quidem
2493 4379 2656 4435 opera
2686 4363 3014 4429 interierint,
3046 4363 3136 4416 alii
3189 4377 3318 4417 vero
3368 4364 3421 4416 in
3459 4361 3545 4415 his
3568 4376 3690 4431 qua:

2101 4464 2393 4525 supersunt
2423 4457 2681 4525 operibus
2704 4466 2798 4509 aut
2828 4471 3044 4525 parum,
3074 4464 3168 4509 aut
3197 4454 3331 4508 nihil
3388 4457 3454 4507 de
3495 4454 3689 4523 impari

2104 4561 2331 4603 numero
2362 4548 2656 4615 disserant,
2690 4547 2734 4602 si
2773 4547 3069 4602 Eusebium
3119 4546 3518 4603 Caesariensem
3542 4547 3691 4601 exci-

2104 4641 2243 4710 pias,
2269 4640 2363 4710 qui
2401 4641 2618 4694 ubinam
2661 4642 2729 4695 de
2770 4641 2862 4695 illo
2886 4655 3195 4695 sermonem
3227 4640 3446 4701 habeat,
3477 4641 3687 4709 ignoro,

2099 4733 2194 4789 sed
2227 4732 2403 4788 locum
2432 4731 2477 4785 is
2512 4732 2689 4796 facile,
2727 4732 2940 4801 Opinor,
2976 4730 3215 4785 inveniet
3269 4730 3361 4799 qui
3409 4729 3527 4799 ejus
3548 4744 3691 4783 corn-

2101 4824 2395 4878 mentarios
2426 4821 2479 4874 in
2505 4819 2772 4888 Psalmos,
2827 4833 2989 4891 atque
3040 4822 3097 4875 in
3129 4819 3330 4875 Isaiam
3359 4836 3388 4874 a
3420 4819 3690 4875 Moutl'au-

2102 4916 2263 4968 conio
2285 4913 2485 4977 editos,
2519 4920 2615 4967 aut
2664 4910 2770 4967 alia
2822 4913 3065 4983 ejusdem
3102 4912 3246 4967 modi
3276 4926 3438 4981 opera
3471 4911 3685 4965 Eusebii

2103 5005 2455 5076 percurrerit.
2489 5004 2619 5060 Mihi
2652 5006 2795 5060 enim
2847 5005 2977 5060 illud
3024 5006 3076 5060 in
3102 5018 3344 5076 praesens
3368 5003 3588 5069 sufﬁcit,
3630 5013 3689 5057 ttt

2100 5097 2259 5153 valde
2285 5096 2578 5153 verisimile
2602 5097 2675 5153 sit
2707 5100 2869 5154 hosce
2919 5098 3159 5153 auctoris
3192 5096 3363 5152 nostri
3417 5096 3587 5151 libros
3617 5095 3691 5151 ab

2103 5188 2433 5259 lliermtytuo
2462 5189 2712 5243 iudicari.

2099 5324 2231 5380 CAP.
2268 5324 2356 5381 VI.
2403 5323 2638 5377 Pcrbelle
2687 5323 2894 5377 auctori
2937 5331 3112 5375 nostra
3140 5330 3434 5389 congruunt
3470 5336 3590 5390 quia
3617 5320 3685 5375 dc

2181 5396 2406 5465 Didyme
2437 5402 2699 5465 testantur
2723 5406 2937 5465 veteres,
2966 5407 3083 5465 eum
3117 5404 3365 5465 aenipe‘et
3403 5390 3472 5444 de
3503 5390 3682 5465 sectis,

2180 5475 2230 5518 et
2259 5460 2442 5518 contra
2487 5463 2803 5518 Maniclueos
2830 5462 3121 5528 scripsisse,
3150 5472 3198 5515 et
3234 5460 3463 5530 primum
3500 5461 3572 5514 ad
3593 5460 3687 5514 Co-

2181 5534 2403 5589 rinthios
2453 5531 2613 5588 Pauli
2661 5535 2956 5602 Epistolam
2995 5530 3248 5602 latissime
3286 5532 3687 5602 interpretatum

2178 5623 2309 5670 esse,
2342 5616 2393 5660 et
2421 5606 2593 5672 plures
2636 5601 2771 5658 alios
2826 5619 2855 5656 e
2895 5603 3059 5655 sacris
3095 5601 3246 5654 libris
3267 5601 3684 5668 commentariis,

2179 5688 2269 5729 aut
2296 5674 2735 5730 commentariolis
2763 5673 3075 5727 illustrasse.

2177 5784 2448 5843 Hactenus
2479 5784 2717 5840 rationes
2765 5784 2898 5839 satis
2922 5780 3169 5839 clIicaces
3221 5780 3528 5853 attulimus,
3560 5792 3686 5838 mox
