4092 6388
533 409 643 472 147

1976 422 2064 477 DE
2103 422 2359 481 DIDYMO
3656 432 3748 486 HS

539 529 675 585 alias
704 530 881 584 adhuc
907 530 1195 585 validiores
1235 532 1517 603 prolatnri.
1575 534 1679 590 Sed
1711 548 1999 607 antequam
2028 541 2095 595 ad
2126 547 2168 603 Α
2200 544 2367 597 rimos
2399 542 2695 611 Scriptura:
2730 544 2899 598 libros
2924 545 3355 608 commentariis,
3379 555 3469 600 aut
3494 560 3751 601 commcn-

532 624 633 680 has
673 624 973 686 veniamus,
1038 624 1323 679 nonnullas
1380 625 1469 680 hic
1516 630 1717 683 addere
1764 631 2102 695 conjecturas

530 716 731 787 placet.
763 714 931 769 Suum
965 712 1240 770 Sectarum
1275 716 1527 771 volumen
1560 718 1644 772 bis
1698 732 1964 774 memorat
2012 720 2105 773 Di-

533 808 725 877 dymus
753 806 808 859 in
862 806 996 859 libro
1049 803 1125 858 De
1189 803 1281 872 Sp.
1317 802 1405 869 S.,
1438 821 1584 859 nttm.
1628 807 1663 861 5
1687 817 1741 861 et
1769 807 1856 861 2|.
1881 807 2097 875 Opinati

533 910 713 954 autem
745 908 872 955 sunt
899 899 1084 968 aliqui,
1114 900 1164 953 id
1193 914 1384 967 magna
1415 899 1603 954 saltem
1636 918 1699 954 ex
1748 914 1901 971 parte
1929 904 2105 958 adhuc

533 1002 774 1054 exstare,
835 992 975 1046 idem
1022 1005 1210 1059 nempe
1260 1004 1381 1044 esse
1423 1005 1544 1044 cmn
1577 1006 1644 1045 eo
1680 993 1823 1061 quod
1860 991 2105 1047 Philoso-

535 1083 800 1151 pltumena
855 1081 1193 1135 inscribitur.
1247 1079 1500 1134 Nonnulli
1540 1082 1702 1135 etiam
1731 1082 2001 1137 diversum
2035 1082 2105 1138 ab

535 1174 629 1228 illo
664 1189 767 1228 nou
793 1154 911 1227 esse
937 1179 1286 1235 censuerunt,
1322 1173 1462 1240 quod
1501 1172 1811 1239 Degmalum
1852 1173 2105 1227 volumen

536 1264 795 1334 Didymus
822 1262 938 1333 ipse
970 1272 1127 1318 vocat
1180 1262 1234 1316 in
1286 1262 1423 1317 libro
1456 1262 1529 1316 De
1576 1261 1668 1330 Sp.
1706 1261 1790 1328 S.,
1832 1279 1978 1317 nmn.
2012 1262 2103 1317 '52.

535 1357 777 1423 Quarum
817 1353 1128 1424 opiniomnn
1154 1356 1379 1424 primam
1408 1355 1660 1423 gravibus
1682 1355 1971 1410 obnoxiam
1987 1371 2107 1411 esse

536 1444 933 1501 diﬂicultatibus
963 1446 1111 1500 multi
1143 1447 1513 1512 ostenderunt,
1544 1445 1711 1501 altera
1745 1430 1951 1501 levibus
1974 1462 2106 1502 con-

533 1536 759 1607 iecturis
785 1538 1049 1593 duntaxat
1092 1537 1362 1594 innititur.
1396 1536 1548 1603 Quod
1570 1536 1613 1591 si
1656 1537 1856 1592 talibus
1891 1552 1990 1608 ego
2020 1553 2107 1591 ra-

535 1628 775 1684 tionibus
805 1628 1219 1697 acquiescerem,
1266 1629 1591 1682 contendere
1626 1626 1848 1683 forsitan
1901 1638 1957 1683 et
1996 1630 2109 1698 ipse

538 1735 776 1790 possem,
796 1720 892 1774 hos
916 1718 991 1773 De
1011 1717 1442 1773 Trinitatelibros
1469 1718 1755 1774 nihilaliud
1786 1735 1926 1783 esse,
1945 1735 2106 1789 quam

537 1808 814 1867 Sectarum
855 1810 1148 1864 volumen:
1204 1810 1507 1879 hujusmodi
1561 1812 1706 1864 enim
1760 1811 1997 1895 suspicio
2040 1825 2107 1864 ex

538 1902 746 1957 duobus
772 1902 1056 1971 postremis
1080 1903 1223 1957 tcrtii
1270 1901 1390 1956 libri
1428 1902 1699 1973 capitibus
1739 1902 1869 1957 oriri
1896 1886 2104 1973 posset.
2138 1881 2181 1936 Β

534 1993 670 2049 Nam
721 1994 899 2064 capite
942 1994 1157 2063 quidem
1184 1993 1249 2048 41
1304 2004 1525 2064 repente
1593 2005 1784 2050 auctor
1833 2006 2015 2051 noster
2038 1996 2107 2050 ad

534 2084 981 2139 Montanistarum
1013 2084 1259 2139 haeresim
1285 2086 1582 2141 orationem
1602 2087 1889 2151 convertit,
1914 2102 1977 2140 ac
1999 2103 2107 2142 non

537 2175 697 2229 modo
730 2189 793 2228 ea
825 2173 1043 2239 refellit,
1084 2189 1204 2242 quae
1238 2186 1431 2229 contra
1459 2175 1780 2230 catholicam
1825 2179 1892 2231 de
1926 2176 2102 2231 Trini-

540 2275 649 2320 tate
676 2266 975 2321 doctrinam
1009 2266 1300 2331 docebant,
1336 2271 1429 2321 sed
1462 2278 1517 2322 et
1548 2266 1650 2320 alia
1693 2282 1879 2322 eorum
1914 2269 2109 2324 delira-

536 2365 718 2412 menta
745 2376 758 2411 :
790 2366 900 2411 tum
923 2357 1103 2412 subdit
1129 2374 1142 2409 :
1170 2356 1258 2411 Ita
1279 2361 1528 2413 adversus
1577 2357 1712 2412 alias
1746 2360 1967 2414 hwreses
1999 2378 2109 2413 mo-

536 2449 681 2504 deste
706 2466 768 2504 ac
789 2451 1068 2519 sapienter,
1093 2459 1149 2503 ut
1184 2466 1483 2520 possumus,
1532 2467 1844 2521 pugnamus.
1885 2452 1962 2506 Ac
1998 2462 2109 2507 sta-

537 2539 634 2593 tim
656 2549 838 2608 postea
874 2538 1201 2596 Manicltaaos
1233 2541 1514 2596 confutare
1550 2546 1857 2613 aggredltur
1883 2544 2106 2614 capJa,

536 2631 690 2700 cujus
719 2634 923 2687 utinam
954 2641 1278 2702 postremam
1303 2644 1508 2703 partem
1531 2634 1687 2689 nobis
1717 2644 1849 2691 tetas
1876 2650 1978 2691 non
2020 2636 2105 2690 iu-

537 2721 781 2777 vidisset.
819 2720 1140 2793 Huiusmodi
1174 2732 1353 2778 tamen
1381 2738 1481 2794 ego
1511 2725 1817 2794 suspicione
1864 2740 1966 2779 non
1994 2742 2110 2781 mo-

539 2827 687 2878 veor,
715 2814 809 2872 sed
849 2822 957 2868 tres
989 2815 1151 2870 hosce
1178 2813 1256 2869 De
1282 2816 1537 2869 Trinitate
1569 2816 1732 2871 libros
1777 2831 1807 2870 a
1835 2814 2109 2872 Sectarum

537 2905 811 2960 volumine
838 2906 1059 2960 omnino
1082 2905 1214 2960 alios
1238 2920 1359 2960 esse
1390 2907 1639 2963 existimo
1664 2924 1678 2960 :
1710 2917 1822 2962 tum
1844 2909 1966 2976 quia
1990 2923 2110 2978 quia

538 2998 606 3054 de
635 2984 1105 3063 Montanistarum,
1146 2997 1559 3054 Manichaeorum
1590 3044 1604 3068 ,
1643 3000 1978 3073 aliorumque
2009 3005 2111 3058 bte-

539 3090 834 3145 reticorutn
893 3092 1053 3146 sectis
1099 3091 1231 3145 dicit
1284 3102 1490 3156 auctor,
1538 3092 1716 3148 obiter
1742 3095 2111 3159 duntaxat,ac

538 3179 680 3254 [XV]
736 3181 926 3278 veluti~
948 3183 1259 3278 appendicis
1296 3183 1414 3240 loco
1464 3183 1569 3239 dici
1632 3186 1883 3240 videntur
1933 3204 1949 3240 :
1992 3197 2103 3242 tum
2133 3220 2177 3278 α

537 3274 697 3327 etiam
724 3274 848 3343 quia
886 3271 1158 3343 Sectarum
1178 3273 1424 3331 volumen
1452 3275 1786 3333 antelibrum
1813 3277 1891 3332 De
1907 3276 2109 3347 Spiritu

536 3374 735 3429 sancto,
770 3375 879 3419 tres
914 3380 1042 3419 vero
1065 3365 1118 3419 hi
1150 3363 1270 3418 libri
1309 3375 1429 3435 post
1471 3369 1718 3422 eumdem
1749 3382 1868 3423 meo
1890 3369 2108 3438 quidem

534 3454 739 3525 judicio
762 3457 942 3510 dictati
972 3466 1118 3510 sunt.
1146 3455 1276 3511 Illud
1322 3457 1504 3528 itaque
1554 3467 1759 3513 tantum
1794 3461 1899 3525 aio,
1939 3461 1987 3514 ei
2014 3461 2108 3531 qui

537 3546 617 3600 De
639 3549 920 3602 ha'resibus
944 3548 1025 3601 vel
1058 3551 1546 3618 sectis,scripserit,
1582 3551 1780 3622 optime
1799 3555 2106 3617 convenire,

486 3640 493 3651 ⁸
541 3650 601 3693 ttt
630 3649 899 3709 postrema
934 3642 1022 3696 illa
1056 3642 1160 3697 duo
1191 3643 1365 3713 capita
1399 3643 1703 3698 dictaverit.
1741 3643 1794 3697 Id
1841 3644 1985 3698 enim
2015 3644 2107 3698 Di-

538 3732 703 3802 dymo
729 3732 780 3784 in
813 3747 963 3784 more
994 3732 1224 3801 positum
1263 3749 1383 3787 esse
1417 3734 1791 3801 animadverti,
1820 3745 1879 3790 ut
1916 3736 1980 3789 ad
2012 3752 2108 3790 ea-

542 3821 663 3875 dem
698 3820 892 3889 saepius
914 3823 1051 3876 sicut
1088 3823 1139 3877 in
1163 3840 1272 3879 uno
1298 3825 1594 3893 eodemque
1625 3839 1810 3894 opere.
1848 3826 1918 3880 ita
1944 3827 2108 3881 etiam

544 3911 596 3964 in
628 3912 855 3967 diversis
884 3915 1087 3968 redeat.
1121 3914 1274 3983 Quod
1301 3931 1427 3970 vere
1447 3931 1477 3969 a
1509 3930 1598 3970 me
1620 3917 1724 3971 dici
1753 3916 1798 3972 is
1830 3917 2107 3983 fatebitur,

541 4005 633 4073 qui
658 4013 861 4059 attente
897 4005 1107 4074 singula
1166 4022 1288 4076 quae
1335 4015 1549 4062 exstant
1604 4007 1745 4064 illius
1806 4023 1968 4079 opera
2020 4016 2113 4064 aut

541 4096 844 4166 fragmenta
872 4099 1215 4167 expenderit,
1246 4108 1411 4171 atque
1439 4100 1580 4155 inter
1606 4116 1666 4156 se
1698 4101 2005 4156 contulerit.

614 4186 886 4241 Adversus
944 4187 1268 4244 Manichaeos
1327 4204 1459 4244 sane
1493 4189 1762 4257 peculiare
1806 4206 1941 4261 opus
1989 4191 2104 4261 ipse

540 4278 732 4341 edidit,
771 4278 910 4348 quod
940 4287 1034 4331 aut
1063 4288 1255 4344 totum,
1303 4290 1395 4334 aut
1438 4281 1577 4336 bona
1628 4280 1821 4337 saltem
1857 4297 1924 4336 ex
1958 4292 2112 4353 parte

542 4372 836 4426 etiamnmn
872 4381 1071 4426 exstat.
1097 4370 1201 4427 Sed
1243 4374 1504 4429 adversus
1531 4377 1750 4429 eosdem
1779 4376 1977 4443 passim
2005 4377 2112 4431 dis-

542 4473 693 4533 putat
723 4464 883 4517 etiam
926 4465 977 4517 in
1023 4461 1461 4520 Enarrationibus
1506 4465 1561 4520 in
1600 4466 1864 4536 Epistolas
1899 4469 2115 4523 catholi-

2206 634 2413 687 tariolis
2448 633 2705 704 Didymus
2747 634 3138 703 explauaverit,
3184 647 3244 688 nt
3277 646 3484 690 constat
3528 651 3644 690 cum
3687 651 3751 693 ex

2202 723 2550 796 Hieronymo,
2583 736 2694 780 tum
2732 742 2799 780 ex
2829 726 3035 780 catenis
3072 737 3163 780 aut
3213 728 3506 795 impressis,
3549 736 3637 781 aut
3665 742 3751 782 ca-

2204 815 2345 870 lamo
2372 817 2609 871 exaratis
2633 836 2646 872 :
2676 817 2720 871 si
2750 818 2981 870 Indicam
3010 817 3242 870 locorum
3273 834 3440 872 sacra
3469 818 3744 886 Scriptum

2204 908 2377 963 tribus
2412 908 2559 963 hisce
2589 908 2641 962 in
2683 908 2837 961 libris
2866 907 3214 975 allegatorum
3267 908 3607 975 expenderis,
3660 907 3753 960 tria

2203 996 2320 1053 haec
2348 1012 2475 1053 vera
2497 1012 2615 1053 esse
2636 996 2934 1065 comperies
2964 1011 2980 1049 :
3012 997 3209 1064 primo,
3236 1011 3304 1050 ex
3337 996 3403 1050 iis
3427 996 3595 1062 libris,
3624 1011 3749 1064 quos

2205 1090 2614 1144 commentariis
2667 1088 2925 1158 Didymus
2988 1086 3370 1155 interpretatus
3422 1096 3538 1149 est,
3594 1084 3758 1151 cujus-

2205 1176 2348 1230 modi
2399 1186 2527 1232 sunt
2574 1175 2810 1245 Epistola
2864 1174 3033 1243 prima
3082 1176 3149 1229 ad
3195 1176 3524 1240 Corinthios,
3577 1173 3756 1235 Isaias,

2205 1266 2404 1323 Psalmi
2431 1309 2447 1333 ,
2469 1277 2600 1328 ειη..
2633 1269 2894 1337 plurimos
2922 1270 2990 1323 ab
3019 1279 3239 1324 auctore
3262 1278 3448 1321 noetro
3484 1275 3661 1320 textus
3686 1265 3760 1319 al-

2207 1359 2333 1414 ferri
2359 1377 2374 1426 ;
2403 1360 2659 1423 secundo,
2686 1374 2754 1413 ex
2782 1360 2846 1413 iis
2874 1360 3044 1423 libris,
3073 1373 3208 1428 quos
3233 1357 3484 1412 brevibus
3499 1372 3761 1412 commen-

2209 1451 2414 1505 tariolis
2439 1451 2744 1515 illustravit,
2789 1452 3110 1518 pauciores:
3166 1464 3231 1503 ex
3277 1449 3342 1502 iis
3372 1449 3587 1502 demum
3634 1462 3760 1518 quos

2207 1544 2350 1599 nullo
2377 1544 2534 1597 modo
2561 1545 2944 1615 interpretatus
2969 1554 3072 1605 est,
3112 1553 3206 1596 aut
3227 1541 3429 1596 nullum
3455 1549 3653 1594 textum
3680 1548 3764 1595 aut

2208 1634 2560 1705 paul-issimos
2582 1632 2818 1701 allegari.
2848 1633 2962 1698 Qua
2997 1633 3063 1686 de
3093 1646 3256 1686 causa
3290 1630 3491 1684 nullum
3524 1632 3578 1684 in
3609 1645 3671 1684 eo
3689 1630 3765 1683 iu-

2208 1728 2329 1779 dice
2352 1724 2524 1777 locum
2554 1726 2791 1793 reperies
2833 1738 2899 1777 ex
2928 1721 3360 1776 Macltabmorum
3390 1722 3542 1776 libris
3562 1721 3765 1782 desum-

2210 1825 2378 1886 ptnm,
2411 1814 2610 1868 nullum
2634 1828 2697 1867 ex
2720 1815 2854 1867 libro
2881 1812 3087 1879 Jndith,
3109 1813 3308 1867 nullum
3327 1828 3390 1867 ex
3409 1812 3545 1868 libro
3562 1812 3763 1874 Esther,

2208 1907 2412 1961 nullum
2458 1921 2525 1961 ex
2566 1906 2702 1959 libro
2749 1904 2930 1971 Ruth;
2962 1906 3048 1959 vix
3084 1921 3247 1959 unum
3279 1912 3367 1959 aut
3403 1904 3653 1971 alterum,
3683 1911 3767 1957 aut

2208 1999 2398 2054 saltem
2446 2014 2710 2069 perpauca
2760 2013 2826 2053 ex
2874 1999 3024 2053 libris
3054 1997 3240 2063 Josue,
3267 1996 3540 2061 iudicum,
3573 1995 3769 2051 Parali-

2207 2106 2498 2162 pomeuon,
2540 2092 2742 2155 Esdrm,
2774 2105 2856 2155 ac,
2890 2101 2948 2144 ut
2974 2091 3040 2144 de
3072 2089 3194 2143 aliis
3231 2099 3455 2155 taceam,
3481 2088 3769 2159 plerarum-

2208 2199 2316 2253 que
2338 2199 2407 2238 ex
2435 2183 2735 2253 prophetis,
2759 2194 2896 2251 quos
2924 2182 3162 2236 minores
3184 2191 3398 2237 vocant.

2282 2275 2527 2336 Domum,
2565 2288 2632 2328 ne
2682 2274 2732 2326 in
2782 2271 3007 2342 singulis
3054 2272 3330 2337 immorer,
3389 2271 3515 2327 illud
3568 2284 3771 2342 quoque

2210 2367 2611 2423 animadvertas
2646 2365 2832 2429 velim,
2876 2364 3050 2418 tribus
3096 2363 3247 2418 hisce
3280 2362 3429 2419 libris
3474 2362 3772 2434 Scriptura-

2210 2474 2328 2513 rum
2360 2457 2476 2512 loca
2530 2472 2650 2527 qua
2678 2455 2993 2522 aﬂ'eruntur,
3046 2455 3122 2509 ita
3166 2456 3362 2525 passim
3396 2455 3681 2525 explicari,
3720 2462 3773 2508 ut

2212 2548 2369 2603 facile
2417 2559 2695 2602 auctorem
2730 2561 2994 2616 agnoscas
3046 2546 3099 2599 in
3138 2546 3541 2615 Scripturarum
3595 2560 3774 2614 campo

2210 2655 2555 2711 summopere
2601 2641 2994 2695 exercitatum:
3041 2635 3343 2705 cuiusmodi
3390 2636 3634 2706 profecto
3677 2636 3771 2690 fuit

2211 2733 2503 2805 Didymus;
2539 2732 2696 2787 talem
2731 2733 2873 2788 enim
2919 2746 2977 2787 se
3010 2732 3187 2801 prodit
3215 2746 3317 2785 non
3350 2731 3506 2785 modo
3546 2731 3602 2785 in
3635 2744 3775 2786 com-

2212 2824 2491 2881 mentariis
2520 2825 2572 2879 in
2605 2824 2959 2895 Scripturam,
3004 2824 3099 2879 sed
3132 2823 3216 2879 vel
3262 2824 3316 2879 in
3361 2823 3476 2893 ipso
3533 2823 3673 2880 libro
3703 2822 3776 2877 Dc

2213 2919 2420 2989 Spiritu
2459 2928 2663 2971 sancto.

2212 3032 2343 3090 CAP.
2406 3028 2517 3085 Vll.
2579 3032 2859 3085 Auctorem
2928 3041 3160 3085 nostrum
3214 3029 3335 3083 item
3381 3038 3438 3082 ut
3498 3026 3777 3098 Didymum

2284 3102 2483 3155 imitati
2548 3111 2666 3155 sunt
2731 3101 3072 3167 Ambrosius,
3150 3098 3530 3170 Hieronymus,
3596 3099 3780 3165 alitque

2287 3171 2509 3241 fortasse
2547 3172 2807 3226 nonnulli.

2282 3287 2387 3344 Sed
2421 3289 2534 3359 jam
2583 3287 2650 3341 ad
2692 3287 2928 3357 potiores
2979 3283 3190 3356 Didymi
3235 3282 3591 3338 Alexandrini
3635 3289 3781 3336 notas

2211 3395 2573 3440 transeamus.
2602 3381 2803 3437 Harum
2833 3389 3103 3450 postrema
3138 3377 3380 3449 profecto
3419 3393 3482 3433 ea
3530 3392 3640 3431 non
3680 3386 3779 3441 est,

2210 3475 2352 3545 quod
2383 3473 2554 3530 sancti
2583 3471 2838 3527 Ecclesiae
2868 3471 3055 3525 Patres
3095 3469 3416 3525 Ambrosius
3477 3483 3542 3523 ac
3593 3468 3780 3524 Hiero-

2211 3580 2405 3635 nymus
2438 3563 2584 3619 haud
2611 3578 2779 3634 pauca
2819 3577 2886 3617 ex
2933 3563 3050 3629 ejus
3079 3561 3233 3616 libris
3262 3558 3488 3614 mutuati
3528 3558 3663 3618 sint.
3696 3563 3783 3610 aut

2212 3654 2425 3710 imitati.
2462 3651 2596 3707 Nam
2627 3653 2771 3722 quod
2806 3650 3000 3706 attinet
3035 3650 3251 3719 quidem
3302 3647 3369 3702 ad
3415 3646 3781 3712 Ambrosium,

2211 3741 2265 3796 id
2292 3749 2480 3809 aperte
2524 3739 2725 3793 fatetur
2757 3738 2985 3793 Rufinus
3021 3737 3409 3808 Aquileiensis,
3441 3734 3598 3807 cujus
3626 3736 3781 3790 verba

2210 3831 2406 3900 protuli
2439 3846 2561 3899 pag.
2594 3830 2682 3894 5l,
2712 3839 2825 3885 not.
2856 3830 2912 3885 5.
2943 3828 3000 3884 ld
3036 3830 3211 3898 ipsum
3258 3842 3385 3881 vero
3416 3828 3646 3897 probant
3676 3844 3784 3879 tuo-

2212 3923 2371 3976 nacbi
2408 3919 2466 3976 S.
2510 3920 2680 3975 Mauri
2719 3929 2848 3975 tom.
2879 3919 2924 3974 ll
2960 3935 3182 3987 operum
3215 3918 3480 3973 Ambrosii
3524 3932 3647 3987 pag.
3685 3916 3783 3971 597

2212 4012 2267 4066 in
2320 4012 2703 4067 Admonitione
2757 4012 2809 4064 in
2871 4009 3109 4081 ejusdem
3160 4010 3431 4065 Ambrosii
3487 4010 3654 4065 libros
3715 4006 3786 4061 De

2213 4100 2418 4170 Spiritu
2449 4113 2631 4158 sancto
2662 4103 2975 4171 inscriptos.
3024 4101 3100 4155 lbi
3136 4103 3279 4156 enim
3333 4101 3449 4156 loca
3502 4102 3619 4168 ipsa
3652 4100 3784 4155 indic

2211 4201 2337 4246 cant
2378 4206 2498 4262 quae
2552 4190 2870 4245 Ambrosius
2913 4205 2981 4244 ex
3033 4190 3245 4261 Didymi
3293 4189 3431 4245 libro
3478 4189 3554 4244 De
3588 4188 3784 4254 Spiritu

2212 4291 2392 4336 sancto
2420 4291 2693 4337 mutuatus
2719 4280 2837 4335 fuit.
2867 4280 3019 4347 Quod
3047 4295 3171 4335 vero
3212 4281 3446 4351 pertinet
3489 4281 3555 4335 ad
3601 4280 3785 4334 Hiero-

2213 4387 2460 4444 nymum,
2490 4371 2684 4425 fatetur
2717 4372 2943 4440 ipsemet
2966 4373 3181 4440 saepius,
3215 4370 3398 4424 multa-
3424 4385 3483 4424 se
3529 4385 3597 4424 ex
3627 4368 3785 4439 Didy-

2217 4479 2327 4531 mo,
2363 4478 2523 4533 quem
2566 4477 2721 4517 suum
2761 4462 3079 4532 magistrum
3105 4471 3281 4527 vocat,
3312 4463 3696 4530 desutnpsisse.
3734 4459 3784 4511 lsl

541 4572 652 4610 cas.
684 4553 1023 4625 Eosdemque
1057 4563 1114 4607 ut
1154 4555 1384 4619 refellat,
1425 4572 1454 4610 a
1509 4558 1784 4627 proposito
1827 4572 2114 4628 parumper
2143 4561 2189 4616 D
2220 4556 2295 4609 ita
2341 4570 2462 4609 esse
2515 4554 2808 4623 comperiet
2861 4553 3049 4617 lector,
3114 4553 3159 4607 si
3215 4553 3523 4623 Hieronymi
3563 4552 3679 4607 loca
3735 4551 3784 4603 iu

544 4645 756 4699 aberrat
793 4645 843 4699 in
877 4646 1015 4699 libro
1047 4645 1120 4698 De
1153 4644 1355 4713 Spiritu
1383 4658 1584 4712 sancto,
1632 4665 1780 4702 num.
1831 4647 1921 4710 45,
1953 4665 2116 4705 occa-

544 4734 698 4789 sione
730 4746 945 4804 arrepta
988 4751 1053 4789 ex
1098 4735 1200 4789 illis
1232 4735 1380 4790 Isaiae
1424 4738 1639 4793 verbis:
1695 4737 1939 4806 Inferens
1969 4740 2116 4793 nobis

545 4825 699 4885 iuxta
755 4825 1168 4879 misericordiam
1223 4828 1428 4880 suam‘.
1461 4827 1685 4883 Cuinam
1734 4843 1865 4900 ergo
1922 4831 2115 4901 magis,

532 4930 708 4986 .quam
774 4914 1000 4985 Didymo
1051 4917 1341 4972 convenire
1410 4918 1794 4975 arbitrabimur
1859 4922 2001 4991 quod
2062 4922 2115 4976 in

547 5008 708 5061 trium
739 5005 930 5060 horum
965 5005 1222 5061 librorum
1266 5016 1487 5063 auctore
1516 5010 1886 5077 observamus,
1910 5023 1972 5067 ut
2002 5012 2114 5066 Ma-

548 5098 786 5152 nichaaos
814 5111 920 5150 non
957 5099 1117 5151 modo
1142 5098 1339 5163 obiter,
1366 5100 1656 5170 paucisque
1689 5103 1869 5157 verbis
1903 5104 2116 5159 refellat

548 5184 756 5252 paginis
789 5183 917 5249 585,
950 5183 1073 5249 388,
1107 5196 1163 5239 et
1194 5184 1332 5252 596;
1384 5201 1568 5241 verum
1612 5190 1773 5243 etiam
1819 5191 1995 5257 capite
2044 5192 2116 5246 42

549 5273 693 5328 tertii
749 5274 868 5329 libri
898 5274 1087 5340 fusius,
1122 5286 1180 5330 ut
1205 5278 1361 5331 modo
1389 5276 1733 5344 dicebamus,
1782 5290 1970 5333 contra
2022 5295 2116 5336 eos

550 5365 769 5423 scribat.
802 5373 966 5434 atque
997 5381 1025 5419 a
1067 5368 1338 5436 proposito
1372 5380 1690 5438 argumento
1728 5371 1795 5425 ad
1832 5370 1950 5426 illos
1983 5388 2117 5427 con-

549 5455 797 5511 futandos
823 5458 1184 5524 digrediatur?

621 5547 885 5615 Quoniam
911 5563 1038 5603 vero
1063 5550 1389 5618 coniecturis
1422 5568 1561 5608 nunc
1589 5553 1948 5625 indulgemus,
1986 5554 2113 5608 illud

553 5637 713 5693 etiam
744 5640 1212 5697 animadversione
1238 5644 1456 5712 dignum
1488 5659 1629 5711 reor,
1662 5646 1803 5714 quod
1833 5659 1955 5699 cum
1989 5646 2111 5715 plu-

619 5815 646 5848 ⁵
676 5814 783 5870 lsa.
818 5834 950 5873 ant
974 5862 986 5886 ,
1018 5821 1070 5875 7.

2226 4643 2471 4699 Veterum
2513 4644 2844 4699 Testimoniis
2880 4660 2909 4697 a
2947 4658 3031 4698 me
3062 4644 3219 4698 allata
3256 4654 3552 4713 percurrat.
3587 4643 3644 4697 ω
3684 4643 3786 4697 soi-

2217 4738 2345 4792 licet
2379 4737 2631 4806 praestitit
2665 4736 3019 4817 llicronqus
3047 4738 3098 4789 iu
3128 4737 3532 4791 connnentariis
3572 4734 3786 4804 potissi-

2218 4843 2364 4882 mum
2395 4828 2449 4881 in
2497 4827 2808 4891 Epistolam'
2845 4828 2914 4879 ad
2961 4825 3203 4890 Galatas,
3248 4828 3303 4879 in
3359 4826 3650 4893 Epistolam
3718 4826 3786 4878 ad

2219 4919 2494 4989 Ephesios,
2539 4921 2595 4972 in
2639 4918 2971 4985 Mattltteum,
3023 4922 3079 4973 in
3126 4917 3279 4988 Oses,
3327 4922 3383 4974 in
3428 4918 3741 4973 Zachariam
3770 4960 3785 4984 ,

2215 5012 2273 5065 in
2296 5011 2517 5074 Isaiam,
2557 5022 2662 5064 etc.

2289 5101 2473 5172 Itaque
2496 5102 2541 5157 si
2572 5116 2638 5155 ex
2664 5110 2886 5156 auctore
2921 5102 3086 5157 etiam
3120 5113 3306 5159 nostro
3332 5102 3482 5172 plura
3516 5110 3787 5156 mutuatos

2217 5207 2339 5248 esse
2381 5191 2747 5258 Ambrosium,
2801 5205 2865 5245 ac
2910 5190 3297 5263 Hieronymum
3337 5202 3566 5256 constet,
3613 5206 3788 5244 nonne

2219 5284 2272 5338 id
2305 5296 2518 5350 quoque
2553 5281 2751 5335 indicio
2778 5282 2902 5344 erit,
2940 5290 3049 5338 tres
3076 5285 3235 5337 hosce
3280 5283 3447 5337 libros
3481 5299 3510 5336 a
3559 5282 3786 5351 Didyme

2218 5373 2447 5427 dictatos
2467 5370 2628 5425 esse?
2661 5372 2821 5441 Atqui
2849 5371 2999 5440 plura
3032 5372 3157 5427 hinc
3191 5383 3512 5436 mutuatum,
3545 5381 3636 5425 aut
3663 5371 3786 5424 imi-

2217 5471 2387 5517 tatum
2417 5477 2536 5517 esse
2559 5462 2905 5516 Ambrosium
2935 5464 3143 5517 ostendi
3172 5464 3284 5532 jam
3330 5464 3382 5517 in
3417 5464 3582 5517 notis.
3622 5461 3785 5530 Lege,

2217 5567 2419 5624 quaeso,
2468 5567 2586 5621 quae
2635 5554 2745 5606 dixi
2783 5568 2904 5624 pag.
2938 5553 3065 5619 275,
3111 5565 3223 5609 not.
3257 5555 3337 5610 9:
3384 5555 3591 5609 videbis
3642 5553 3785 5607 enim

2217 5654 2386 5701 totum
2434 5644 2549 5700 fere
2602 5645 2869 5701 Ambrosii
2923 5645 3116 5702 librum
3180 5647 3259 5702 De
3292 5648 3580 5717 mysteriis,
3645 5658 3787 5699 anno
