4092 6430
308 445 371 504 H9
1594 460 2165 521 COMMENTARIUS.
2206 491 2275 502 —
2315 460 2442 516 LIB.
2484 460 2523 517 l.
3586 436 3691 514 tsi)

314 565 431 645 {illi
474 569 735 631 Chrisli
808 581 952 637 ’587
1014 589 1343 659 scriptum,
1395 600 1426 641 ο
1455 586 1631 658 capite
1662 587 1731 641 ll
1783 584 2006 641 secundi
2038 590 2085 645 Α
2113 583 2389 647 adhibitis,
2422 591 2478 637 et
2515 579 2880 635 Alexandrino
2918 579 3168 649 scripturi
3211 551 3537 651 magnOpere
3564 593 3692 636 con-

319 679 363 718 ει
390 663 465 720 his
496 665 693 723 libris
749 686 1173 743 expressum
1209 696 1348 735 esse.
1383 678 1520 748 Lege
1553 678 1739 744 etiam,
1772 679 1816 732 si
1857 678 2009 742 libet,
2113 676 2460 747 gruentibus;
2500 672 2633 729 nihil
2674 673 2742 729 de
2781 672 2983 738 studio,
3034 670 3179 741 quod
3227 670 3280 725 in
3336 681 3525 741 poetas
3563 684 3692 727 eum

326 771 414 826 qua
442 756 599 812 dicta
638 773 677 813 a
708 777 821 818 me
857 778 1025 821 sunt
1066 785 1209 840 pag.
1245 772 1331 835 5i,
1362 780 1473 823 not.
1498 769 1707 839 5,‘pag.
1742 768 1870 836 9.53,
1896 779 2009 824 not.
2115 767 2440 836 impendisse
2477 774 2702 835 apparet
2734 782 2746 819 :
2804 764 2937 819 nihil
2998 762 3214 818 demum
3272 762 3338 818 de
3392 763 3694 819 dialecticis

335 848 375 914 l,
397 863 514 920 pag.
549 848 710 917 246,
752 864 908 908 not.
942 856 1016 920 4,
1048 870 1117 913 et
1147 876 1275 929 pag.
1305 860 1426 928 557,
1458 869 1568 913 not.
1602 860 1657 914 5.
2114 860 2434 930 quibusdam
2466 862 2584 926 ejus
2613 857 3025 921 subtilitatibus,
3054 870 3189 925 quas
3227 855 3570 910 Alexandria:
3597 870 3694 925 po-

394 942 543 1009 Quod
578 944 631 997 si
680 960 854 1015 quas
896 962 1216 1018 praeterea
1251 952 1487 1006 locorum
1520 951 1818 1021 Scriptura:
1850 952 2015 1006 inter—
2119 952 2385 1005 tissimum
2448 950 2682 1020 viguisse
2736 949 2946 1019 Didymi
2987 958 3165 1011 aetate,
3222 962 3382 1002 nemo
3431 949 3691 1017 ignorat:

360 1034 681 1103 pretationes
709 1037 778 1090 in
815 1050 1096 1098 auctore
1126 1052 1319 1099 nostro
1362 1045 1698 1099 inveniamus
1728 1044 1794 1099 iis
1837 1043 2012 1114 persi-
2117 1042 2233 1096 haec
2259 1041 2402 1094 enim
2433 1042 2611 1094 onmia
2664 1051 2919 1110 quantam
2969 1039 3074 1093 vim
3113 1040 3364 1103 habeant,
3412 1037 3570 1092 facile
3602 1054 3696 1108 per

376 1124 529 1192 miles,
557 1142 710 1197 quas
740 1129 810 1184 in
859 1136 1224 1190 memoratis
1254 1136 1566 1209 Hieronymi
1609 1136 2014 1192 commentariis
2118 1148 2177 1188 se
2203 1133 2463 1201 intelliget
2514 1133 2684 1188 lector
2733 1134 2999 1188 eruditus.
3055 1132 3127 1185 At
3172 1133 3430 1187 vocabula
3482 1145 3696 1201 quoque

387 1216 609 1287 legimus,
647 1235 865 1279 nonne
905 1225 971 1278 id
1023 1240 1251 1296 quoque
1279 1236 1595 1298 argumento
1644 1229 1767 1295 erit,
1802 1243 1870 1282 ex
1910 1228 2014 1284 illis
2120 1225 2254 1294 ipsa,
2286 1227 2482 1295 quibus
2515 1226 2793 1295 theologus
2825 1235 3007 1279 noster
3052 1226 3243 1287 utitur,
3271 1224 3694 1278 Alexandrinum

391 1322 472 1364 eas
502 1325 652 1377 esse.
692 1330 853 1386 quas
889 1322 1080 1376 tacito
1114 1321 1352 1376 auctoris
1395 1322 1632 1387 nomine,
1670 1331 1729 1376 ut
1783 1322 2013 1386 solebat,
2118 1317 2439 1385 scriptorem
2493 1317 2836 1370 subimlicaut
2884 1329 3280 1384 saepenumero.
3330 1313 3699 1368 Alexandrina

399 1414 457 1455 ex
481 1401 719 1476 Didymo
769 1410 1003 1481 saepius
1060 1414 1394 1483 deprompsit
1447 1414 1563 1482 ipse
1612 1413 2019 1484 Hieronymus?
2121 1409 2333 1462 videtur
2359 1421 2461 1462 vox
2490 1406 2754 1479 περιοδῐα,
2786 1406 2855 1461 ab
2883 1407 3180 1461 Athanasio
3203 1421 3420 1476 quoque
3452 1404 3695 1459 adhibita

411 1500 676 1568 nonquod
714 1516 790 1555 ex
828 1502 951 1557 hoc
992 1519 1164 1573 opere
1190 1519 1285 1558 eas
1341 1506 1602 1570 hauserit,
1635 1514 1692 1559 ut
1734 1518 1880 1573 puto,
1925 1506 2018 1560 sed
2121 1500 2187 1553 ad
2221 1502 2550 1554 curationem
2596 1499 2981 1564 denotandam,
3025 1506 3084 1552 ut
3118 1500 3226 1553 dixi
3259 1514 3378 1568 pag.
3411 1497 3539 1564 268,
3586 1507 3696 1550 not.

413 1590 548 1657 quod
604 1590 765 1646 valde
805 1594 1090 1648 credibile
1141 1600 1231 1656 sit,
1270 1610 1434 1649 unum
1484 1599 1840 1666 ennulemque
1874 1596 2020 1650 Scri-
2118 1593 2200 1647 2:
2238 1608 2357 1647 eam
2392 1603 2539 1648 certe
2579 1594 2718 1663 apud
2772 1594 2974 1647 nullum
3002 1593 3164 1646 alium
3202 1594 3521 1661 scriptorem
3554 1591 3702 1670 .hac-

418 1692 581 1751 ptum
605 1681 794 1739 locum
828 1692 1036 1741 eodem
1070 1686 1181 1743 fere
1208 1690 1364 1743 modo
1391 1687 1706 1759 plerumque
1730 1704 1758 1741 a
1794 1687 2020 1757 Didymo
2125 1690 2280 1737 tenus
2323 1697 2423 1751 ego
2447 1682 2625 1737 iuveni
2651 1722 2667 1746 ,
2708 1683 2801 1753 qui
2831 1682 3236 1737 Alexandrinus
3272 1698 3376 1736 non
3415 1681 3571 1736 foret.
3600 1681 3701 1734 Ita-

421 1771 747 1840 explicatum
795 1790 930 1830 esse
959 1777 1014 1831 in
1049 1779 1150 1834 hoc
1185 1794 1369 1849 opere,
1403 1787 1568 1847 atque
1595 1777 1646 1831 in
1686 1788 2022 1832 commenta-
2122 1790 2230 1844 que
2270 1776 2452 1830 tamliu
2498 1775 2917 1829 Alexandrinam
2967 1791 3088 1830 esse
3133 1776 3416 1845 opinabor,
3460 1775 3700 1845 quandiu

427 1862 521 1918 riis
564 1864 621 1917 in
658 1863 1044 1936 Scripturatn.
1081 1868 1146 1924 Ut
1169 1883 1297 1923 vero
1344 1867 1658 1939 perspicias,
1695 1883 1855 1937 quam
1896 1881 2023 1921 vere
2058 1935 2087 1939 Α
2125 1868 2268 1922 eain
2298 1866 2419 1921 aliis
2449 1867 2825 1937 scriptoribus,
2870 1863 3045 1937 iisque
3077 1881 3175 1921 nec
3204 1865 3496 1937 .Egyptiis,
3530 1880 3704 1935 neque

430 1952 683 2023 dixerim,
723 1972 838 2011 non
879 1973 1107 2027 parvam
1132 1959 1186 2013 in
1220 1958 1572 2029 Hieronymo,
1597 1969 1653 2013 et
1681 1968 1905 2013 auctore
1928 1973 2019 2011 no-
2057 1935 2097 1989 Β
2126 1959 2511 2013 Alexandrinae
2559 1957 2762 2013 scholae
2816 1958 3051 2013 alumnis
3076 2000 3092 2022 ,
3147 1974 3320 2029 neque
3363 1958 3706 2013 Alexandriae

429 2056 542 2102 stro
574 2047 1098 2117 interpretationum
1128 2050 1538 2105 similitudinem
1575 2050 1876 2116 observari,
1907 2051 2023 2120 lege
2122 2052 2384 2123 proximis
2416 2052 2759 2120 reperiatur:
2800 2051 2942 2121 quod
2989 2050 3105 2106 fieri
3153 2060 3333 2104 tamen
3387 2065 3545 2119 posse
3598 2066 3703 2104 non

426 2150 550 2206 qua:
574 2138 841 2192 adnotavi
881 2155 1004 2210 pag.
1043 2141 1167 2207 255,
1215 2152 1331 2196 ιιοι.
1374 2143 1429 2204 5,
1481 2157 1602 2213 pag.
1648 2142 1769 2208 ΓΠ,
1819 2152 1930 2197 ιιοι.
1967 2143 2022 2209 4,
2124 2143 2359 2198 inficior.
2390 2143 2757 2197 Alexandrina
2785 2142 2947 2197 simili
2993 2143 3156 2197 modo
3187 2151 3291 2206 est,
3328 2154 3387 2196 ut
3416 2151 3568 2210 puto,
3604 2157 3704 2194 vox

429 2245 553 2301 pag.
584 2230 681 2295 98,
727 2242 848 2288 not.
881 2234 937 2299 9,
973 2249 1092 2305 pag.
1121 2233 1247 2299 270,
1276 2247 1387 2289 not.
1421 2233 1478 2301 3,
1514 2250 1635 2307 pag.
1669 2235 1799 2305 271,
1826 2247 1939 2292 not.
1967 2236 2023 2303 5,

434 2335 493 2378 et
512 2324 667 2379 alibi.

510 2445 620 2501 Sed
648 2451 855 2515 praeter
875 2442 1216 2497 Ambrosium
1244 2456 1308 2495 ac
1334 2438 1723 2511 Hieronymum
1746 2440 1838 2496 alii
1861 2441 2025 2496 etiam

432 2536 678 2593 fortasse
708 2545 989 2591 auctorem
1023 2544 1264 2589 nostrum
1296 2534 1489 2587 imitati
1522 2541 1650 2588 sunt
1678 2547 1693 2586 :
1724 2548 1823 2603 ego
1845 2541 2025 2588 tamen

434 2643 610 2682 unum
645 2629 915 2682 duntaxat
944 2626 1032 2680 hic
1058 2624 1368 2691 nominabo,
1404 2625 1561 2693 cuius
1587 2640 1782 2679 nomen
1816 2627 2027 2693 pondus

432 2719 664 2790 aliquod
697 2718 855 2772 addit
887 2716 1168 2773 sententia:
1199 2732 1355 2781 mete,
1382 2718 1525 2786 quod
1549 2725 1604 2771 et
1625 2715 2028 2771 Alexandrinus

438 2808 632 2875 fuerit,
673 2818 740 2864 ut
774 2807 1056 2879 Didymus,
1083 2818 1138 2864 et
1167 2808 1307 2862 haud
1342 2808 1524 2863 multis
1563 2818 1678 2877 post
1711 2806 1871 2878 hujus
1911 2808 2029 2862 obi-

439 2913 558 2955 tum
585 2903 752 2956 annis
800 2901 1140 2956 Alexandria:
1188 2902 1493 2972 scripserit,
1528 2901 1789 2972 Cyrillum
1836 2914 2029 2970 nempe

433 2994 833 3050 Alexandrinae
863 2993 1115 3049 Ecclesia:
1147 2993 1529 3063 patriarcham.
1580 2991 1769 3048 Utrum
1800 2992 1844 3046 is
1867 3007 2029 3063 porro

436 3098 729 3143 auctorem
775 3097 1018 3141 nostrum
1064 3100 1252 3141 revera
1294 3086 1535 3141 imitatus
1578 3086 1668 3152 sit,
1707 3086 1913 3155 judicet
1950 3086 2031 3143 le-

441 3191 586 3245 ctor,
620 3189 911 3250 postquam
945 3193 1007 3233 ea
1033 3179 1226 3250 legerit
1258 3193 1377 3246 qua:
1406 3180 1516 3235 dixi
1548 3195 1670 3250 pag.
1698 3179 1789 3246 59,
1822 3189 1933 3235 not.
1973 3181 2025 3248 2,

445 3274 516 3328 de
544 3287 683 3327 voce
716 3270 1018 3343 ἀμεγέθης,
1040 3280 1094 3325 et
1124 3287 1242 3342 pag.
1269 3272 1398 3336 50!,
1432 3284 1543 3326 not.
1571 3272 1624 3335 8,
1652 3287 1715 3325 ac
1748 3289 1869 3344 pag.
1900 3272 2025 3339 505,
2059 3283 2103 3345 c

449 3365 507 3417 in
533 3363 783 3433 pluribus
810 3363 974 3417 notis.
1005 3360 1098 3416 Illa
1139 3374 1419 3431 praeterea,
1472 3379 1591 3433 qua:
1626 3364 1905 3433 theologus
1936 3381 2031 3420 no-

447 3464 563 3508 ster
590 3452 760 3507 habet
808 3467 930 3523 pag.
983 3451 1038 3518 8,
1088 3453 1182 3507 lin.
1216 3454 1270 3519 i,
1314 3463 1368 3508 et
1400 3456 1773 3523 sequentibus,
1807 3472 1926 3511 cum
1967 3458 2033 3513 iis

448 3545 702 3598 conferat
732 3558 853 3613 qua:
901 3542 1133 3614 Cyrillus
1180 3546 1395 3613 scripsit
1465 3546 1555 3600 lib.
1596 3563 1611 3601 ι
1660 3548 1716 3600 in
1754 3547 2033 3603 lulianum

450 3650 581 3703 pag.
618 3635 683 3688 51
720 3636 852 3687 edit.
909 3633 1204 3701 Lipsiensis
1241 3637 1367 3690 anni
1416 3636 1573 3701 l696,
1610 3652 1838 3709 qumque
1868 3640 1936 3692 ita
1975 3654 2035 3695 se

456 3725 657 3779 habent
681 3742 696 3777 :
742 3722 948 3794 Ὀρθῶς
972 3723 1035 3796 δὴ
1073 3724 1217 3795 μάλα
1240 3740 1254 3753 ⁸
1279 3725 1407 3791 δόξα
1426 3726 1535 3798 γὰρ
1566 3727 1771 3798 Κυρίου
1803 3728 2033 3799 κρύπτει

453 3819 635 3886 λόγον,
672 3816 815 3870 κατὰ
861 3817 922 3870 τὸ
962 3819 1363 3888 γεγραμμένον,
1416 3820 1510 3872 καὶ
1548 3820 1655 3881 πᾶς
1697 3821 1824 3891 περὶ
1865 3821 2032 3874 αὑτοῦ

453 3910 616 3979 λόγος
644 3911 891 3964 ἀσθενεῖ·
926 3911 1020 3963 καὶ
1051 3911 1150 3980 τῆς
1179 3911 1335 3978 ἀξίας
1373 3911 1600 3964 κατόπιν
1636 3911 1885 3983 ἔρχεται·
1918 3913 2033 3966 ἔστι

450 4008 566 4078 γὰρ
600 4006 819 4076 ἁπάσης
844 4006 1050 4069 ἐννοίας
1078 4005 1362 4059 ἐπέκειναο
1414 4005 1682 4076 βλέπομεν
1720 4005 1776 4058 δὲ
1821 4006 1888 4059 δι’
1943 4009 2035 4059 ὲσ-

455 4100 791 4171 όπτρου,καὶ
810 4101 867 4152 ὲν
895 4098 1194 4168 αἰνίγματι,
1219 4097 1289 4151 τὰ
1326 4099 1452 4169 περὶ
1484 4097 1671 4164 αὑτοῦ,
1703 4097 1846 4152 καθὰ
1869 4116 2033 4169 φησιν

452 4192 490 4242 ὁ
519 4191 793 4257 πάνςοφος
820 4188 1049 4251 Παῦλος.
1080 4188 1194 4242 Non
1245 4203 1463 4259 parvam
1492 4190 1635 4243 enim
1672 4188 1813 4242 inter
1844 4189 2033 4257 hujus-

456 4283 607 4337 modi
643 4282 757 4336 loca
780 4281 1188 4351 similitudinem
1209 4318 1226 4347 ,
1257 4280 1348 4351 qui
1391 4295 1454 4336 ea
1488 4281 1799 4345 contulerit,
1836 4281 2032 4350 depre-

456 4374 682 4429 bendet.

457 4468 590 4522 Car.
638 4464 772 4520 VIII.
806 4466 1004 4520 Auctor
1042 4475 1217 4589 ποεῖν
1264 4465 1362 4533 fuit
1396 4464 1787 4521 Alexandrinus
1828 4477 1883 4521 ut
1930 4467 2033 4523 Di-

1182 4553 1348 4589 unius.

1181 4553 1348 4606 gntus.

2124 2236 2406 2308 ἀμεγέθης
2435 2255 2447 2268 ·
2486 2235 2796 2306 huiusmodi
2853 2237 3001 2291 enim
3049 2236 3347 2306 epithetum
3398 2235 3540 2289 haud
3592 2236 3709 2290 scio

2126 2344 2194 2381 an
2242 2329 2349 2382 Deo
2402 2327 2543 2384 ullus
2578 2328 2718 2383 alius
2770 2328 3046 2394 tribuerit,
3086 2343 3249 2397 quam
3308 2326 3587 2398 Didymus,
3643 2336 3710 2382 ac

2126 2429 2248 2490 post
2282 2422 2456 2490 ipsum
2487 2420 2725 2492 Cyrillus
2756 2421 3180 2482 Alexandrinus,
3219 2433 3276 2473 nt
3308 2421 3420 2474 dixi
3457 2435 3581 2490 pag.
3614 2420 3706 2484 59,

2129 2522 2243 2567 not.
2295 2512 2350 2566 2.
2385 2512 2752 2567 Alexandrina
2789 2512 3022 2567 fortasse
3076 2522 3160 2568 est
3210 2527 3312 2567 vox
3363 2500 3707 2584 ἅνεθελησία.

2125 2605 2193 2658 ab
2226 2614 2447 2659 auctore
2481 2614 2668 2659 nostro
2712 2615 2988 2671 usurpata,
3031 2614 3192 2673 atque
3243 2608 3307 2658 ab
3358 2603 3546 2659 eodem
3601 2605 3711 2673 Cy-

2131 2697 2250 2751 rillo
2282 2698 2334 2752 in
2358 2696 2492 2753 locis
2521 2712 2551 2752 a
2588 2697 2814 2753 Suicero
2840 2697 3106 2763 allegatis.
3135 2698 3559 2752 Alexandrinam
3587 2712 3713 2752 esse

2129 2789 2422 2843 verisimile
2461 2799 2547 2844 est
2593 2803 2777 2844 vocem
2829 2789 3050 2861 οὐρανοί
3083 2804 3148 2843 eo
3198 2806 3360 2846 sensu
3410 2798 3709 2860 acceptam,

2132 2896 2243 2950 quo
2265 2883 2503 2935 occurrit
2538 2896 2660 2952 pag.
2707 2880 2836 2947 201,
2884 2893 2941 2935 ut
2996 2882 3193 2936 ibidem
3229 2882 3482 2936 iudicavi“.
3520 2880 3709 2953 [XVII]

2131 2970 2550 3025 Alexandrinam
2599 2972 2787 3026 itidem
2835 2987 2959 3028 esse
3009 2973 3242 3042 coniicio
3291 2987 3479 3029 vocem
3529 2972 3709 3036 ἀθεῖα,

2132 3074 2253 3129 qua:
2290 3060 2486 3131 legitur
2514 3075 2636 3131 pag.
2695 3056 2785 3131 52,
2840 3078 3110 3133 quamque
3164 3064 3233 3118 ab
3296 3065 3594 3119 Athanasio
3659 3067 3711 3119 iu

2132 3152 2448 3223 fragmentis
2482 3157 2993 3208 conuuentariorum
3026 3156 3080 3208 in
3106 3153 3416 3209 Matthwum
3447 3171 3569 3226 pag.
3606 3156 3716 3211 510

2145 3257 2278 3299 tom.
2312 3243 2357 3298 II
2383 3244 2718 3301 Collectionis
2747 3263 2887 3299 nova-
2903 3245 3389 3301 Moutl‘auconianae
3420 3235 3715 3302 adhibitam

2142 3338 2379 3395 invenio.
2415 3338 2679 3407 Denique,
2711 3354 2777 3393 ne
2800 3339 3007 3408 singula
3048 3354 3362 3409 persequar,
3397 3340 3721 3395 Alexandri-
3792 3414 3801 3419 -

2142 3447 2264 3486 nam
2296 3431 2720 3501 quodammodo,
2756 3448 2944 3502 parum
2991 3433 3202 3488 scilicet
3232 3433 3556 3503 elegantem,
3607 3435 3721 3489 dia-

2140 3525 2338 3579 lectum
2379 3524 2624 3580 redolent
2653 3525 2804 3593 plura
2840 3538 2903 3579 ex
2936 3525 3230 3590 vocabulis,
3261 3541 3381 3595 qua;
3411 3527 3463 3579 in
3501 3523 3716 3581 Greece-

2142 3634 2258 3671 rum
2286 3634 2471 3671 vocum
2503 3615 2686 3672 Indice
2732 3634 2762 3671 a
2794 3634 2877 3671 me
2906 3619 3159 3671 adnotata
3204 3628 3350 3679 sunt,
3391 3635 3452 3674 ea
3498 3621 3716 3689 potissi-

2143 3725 2289 3764 mum
2339 3710 2613 3775 videlicet,
2665 3725 2785 3781 quae
2833 3709 3129 3765 fastidiosae
3180 3724 3362 3774 aures,
3410 3711 3716 3767 Atticorum

2141 3802 2637 3872 elegantiorumque
2671 3802 2901 3857 aliorum
2938 3802 3263 3872 scriptorum
3313 3804 3452 3876 stylo
3487 3816 3718 3862 assuetae

2143 3893 2284 3949 ferre
2309 3895 2398 3948 vix
2428 3904 2669 3965 possunt.

2214 3986 2582 4041 Alexandrino
2650 3996 2910 4056 praeterea
2983 3989 3232 4058 scriptori
3297 3990 3531 4043 maxime
3590 4004 3720 4045 con-

2142 4089 2342 4149 gruunt
2377 4094 2497 4148 qua:
2548 4077 2776 4149 legimus
2818 4094 2939 4149 pag.
2977 4080 3077 4133 201
3117 4101 3130 4134 :
3164 4080 3276 4134 Nec
3328 4097 3414 4136 eos
3439 4082 3601 4151 piget,
3638 4082 3719 4135 in-

2098 4164 2114 4178 ⁶
2142 4172 2281 4242 quit,
2415 4170 2629 4239 pelagus
2678 4171 2960 4243 (πέλαγος)
3011 4172 3276 4243 trajicere,
3325 4190 3387 4227 ac
3435 4175 3720 4229 multorum

2141 4264 2383 4331 deinceps
2409 4264 2613 4316 dierum
2669 4264 2771 4316 iter
2921 4265 3185 4332 perﬁcere.
3219 4262 3290 4319 Ut
3312 4265 3454 4320 enim
3492 4274 3722 4321 testatur

2143 4355 2362 4418 Strabo,
2391 4354 2487 4411 lib.
2517 4369 2650 4419 xvu,
2683 4371 2737 4424 p.
2773 4354 2900 4419 545,
2954 4356 3211 4423 πέλαγος,
3252 4370 3346 4411 seu
3379 4356 3595 4427 pelagus
3623 4375 3720 4414 vo-

2142 4449 2367 4504 cabatur
2405 4462 2525 4501 cmn
2560 4446 2933 4518 [Egyptiacum
2976 4464 3144 4513 utare,
3182 4457 3292 4501 tum
3329 4450 3480 4517 palus
3508 4450 3718 4506 Mareo-

2143 4544 2235 4606 tis,
2292 4556 2519 4610 quorum
2583 4540 2710 4593 illud
2758 4556 2787 4592 a
2857 4540 3256 4607 Septentrioue,
3311 4542 3423 4596 haec
3468 4559 3495 4597 a
3543 4548 3720 4600 meri-

533 4629 834 4684 Videndum
876 4643 1035 4692 nunc,
1069 4628 1219 4698 cnjas
1262 4628 1423 4683 fuerit
1475 4628 1750 4699 theologus
1798 4639 1981 4685 noster
2015 4648 2028 4683 :
2065 4643 2109 4699 ι)
2140 4635 2226 4691 die
2277 4632 2693 4686 Alexandrinam
2731 4633 3001 4699 regionem
3048 4630 3199 4684 alluit
3251 4648 3267 4685 :
3318 4645 3421 4699 qua
3450 4633 3517 4686 de
3555 4649 3717 4690 causa

465 4724 508 4776 si
553 4722 704 4775 enim
756 4723 927 4790 ipsum
986 4721 1410 4775 Alexandrinum
1470 4721 1636 4775 fuisse
1694 4731 2030 4789 compertum

466 4811 649 4874 fuerit,
686 4809 853 4863 multo
889 4824 1009 4863 eum
1046 4810 1298 4863 fidentius
1315 4811 1613 4877 poterimus
1638 4809 1738 4863 hac
1771 4811 1835 4863 de
1868 4824 2034 4865 causa

468 4904 752 4973 Didymnm
787 4901 1078 4972 appellare.
1115 4902 1183 4953 At
1216 4901 1375 4955 talem
1422 4902 1598 4970 reipsa
1633 4901 1802 4955 fuisse
1845 4912 2035 4955 aucto-

470 5009 577 5045 rem
616 5003 882 5058 nostrum,
916 4993 1051 5047 satis
1077 4994 1210 5047 mihi
1251 4993 1479 5047 indicari
1510 4993 1720 5046 videtur
1758 4993 2036 5063 conjectur-

476 5083 567 5143 ris,
612 5097 749 5151 quas
790 5081 1062 5148 subjicio;
1096 5083 1182 5134 vix
1218 5080 1361 5134 enim
1390 5080 1503 5134 fieri
1543 5088 1739 5147 potest,
1787 5088 1844 5133 ut
1878 5080 2038 5133 simul

475 5188 657 5226 onmcs
676 5173 831 5227 alteri
856 5182 1170 5241 congruant,
1188 5187 1350 5241 quam
1373 5170 1625 5240 scriptori
1650 5170 2036 5223 Alexandrino.

542 5268 619 5321 Ac
641 5270 875 5335 primum
911 5265 1127 5334 quidem
1161 5264 1398 5318 auctoris
1441 5263 1654 5332 loquela
1692 5262 2037 5316 manifestum

478 5375 597 5413 eum
635 5362 765 5415 facit
788 5363 830 5413 ⁸.
860 5358 1003 5414 Nihil
1030 5375 1175 5415 nunc
1202 5358 1389 5427 loquar
1419 5359 1485 5412 de
1532 5355 1648 5425 ejus
1678 5356 1837 5425 style,
1882 5373 2041 5426 quem

474 5453 819 5508 Alexandrini
850 5455 1084 5507 hominis
1116 5466 1239 5507 esse
1286 5466 1480 5506 censeo
1512 5468 1525 5504 :
1564 5448 1695 5502 nihil
1737 5449 1804 5502 de
1843 5448 2045 5517 allego-

472 5546 622 5610 ricis,
655 5562 792 5616 quas
830 5546 1121 5600 identidem
1168 5543 1345 5609 aﬂ'ert,
1385 5542 1679 5611 Scriptura:
1719 5540 2035 5610 interpreta-

469 5639 732 5702 tionibus,
761 5639 953 5709 quibus
985 5636 1349 5692 Alexandrina
1401 5634 1640 5688 maxlme
1670 5630 1856 5687 schola
1889 5629 2042 5685 oble-

467 5732 758 5794 cabatur;
807 5729 934 5783 nihil
973 5729 1041 5785 de
1088 5725 1434 5796 Origenianis
1479 5721 1839 5780 locationibus
1867 5722 1936 5777 ab
1977 5736 2045 5777 eo

592 5928 780 5986 Iattb.
823 5946 940 5987 xxvi
959 5972 973 5997 ,
1009 5928 1099 5983 75.

2138 4726 2382 4780 eamdem
2446 4722 2717 4791 regionem
2766 4722 2961 4775 ibidem
3024 4722 3157 4776 dicit
3197 4722 3569 4793 ἀμφίκλυστον
3600 4725 3721 4781 δυσὶ

2141 4818 2440 4885 πελάγεσι,
2501 4814 2551 4868 id
2600 4823 2712 4876 est,
2770 4830 2886 4881 qua:
2931 4814 3131 4865 duobus
3194 4813 3392 4884 pelagis
3446 4817 3670 4869 alluitur
3701 4834 3722 4870 :

2143 4908 2520 4964 Alexandrina:
2551 4921 2678 4957 vero
2720 4904 2868 4957 urbis
2894 4902 2957 4956 τὸ
3010 4904 3270 4975 παράλιον
3307 4905 3494 4979 μέρος,
3557 4908 3607 4961 id
3639 4917 3723 4961 est

2145 5012 2346 5068 partem
2379 4998 2431 5048 in
2461 5012 2554 5048 ora
2588 4993 2857 5046 maritima
2907 4992 3083 5057 sitam,
3120 4994 3218 5049 lib.
3271 5010 3305 5048 ll
3346 5008 3529 5049 contra
3557 4997 3721 5066 Apio-

2143 5106 2279 5155 nent,
2306 5104 2473 5157 segni.
2499 5085 2550 5151 4,
2584 5084 2847 5154 Iosephus
2870 5093 3150 5140 memorat.
3171 5084 3309 5153 Quin
3337 5089 3499 5142 etiam
3523 5090 3724 5156 optime

2145 5181 2198 5234 in
2234 5179 2657 5232 Alexandrinum
2686 5177 2992 5248 theologum
3032 5181 3299 5249 quadraut
3330 5196 3451 5234 cum
3482 5196 3568 5245 ea,
3603 5194 3724 5250 que

2148 5287 2265 5340 pag.
2294 5270 2398 5323 598
2424 5270 2581 5323 docet
2616 5280 2805 5323 auctor
2833 5281 3021 5324 uoster
3043 5271 3109 5324 de
3132 5272 3444 5340 quotidiana
3482 5272 3724 5338 corporis

2150 5374 2203 5415 et
2230 5360 2509 5429 sanguinis
2539 5360 2747 5413 Domini
2794 5362 3194 5427 communione,
3226 5371 3283 5417 ut
3339 5363 3410 5416 ibi
3438 5365 3723 5428 adnotavi,

2152 5462 2266 5506 tum
2300 5452 2410 5518 illa,
2462 5468 2581 5521 qua:
2621 5453 2690 5507 de
2716 5453 3026 5521 quotidiana
3076 5454 3329 5525 baptismi
3378 5455 3721 5510 administra-

2155 5542 2299 5596 tione
2323 5542 2534 5606 scribit,
2570 5541 2828 5595 utvidere
2861 5542 3007 5607 licet,
3049 5558 3171 5612 pag.
3197 5541 3325 5607 275,
3353 5553 3467 5597 not.
3501 5543 3567 5611 1;
3611 5552 3728 5599 tum

2152 5635 2313 5687 etiam
2340 5648 2459 5702 quae.
2490 5634 2555 5687 de
2600 5633 3010 5687 ambitiosorum
3063 5635 3300 5689 dissidiis
3332 5633 3566 5704 attingit,
3598 5649 3723 5705 pag.

2151 5724 2277 5791 508,
2314 5739 2541 5797 qua:tu
2566 5724 2632 5781 de
2658 5725 2903 5782 oratione
2942 5725 3203 5782 Matiassis
3235 5726 3425 5790 sensit,
3466 5741 3628 5796 quam
3667 5735 3729 5779 ut
