4092 6372
530 415 535 421 ·
565 391 667 454 151
2023 401 2112 455 DE

2185 401 2412 461 ilDYMO
3714 403 3801 460 152

563 528 737 572 Sacrae
769 513 1064 586 Scriptura:
1124 527 1332 586 partem
1385 519 1520 574 citat
1589 535 1712 590 pag.
1746 518 1884 585 399;
1921 527 2032 572 tum
2066 522 2158 574 de-
2187 529 2232 582 Α
2263 523 2410 575 vium
2477 529 2532 575 et
2566 519 2962 587 Alexandrum,
3017 520 3266 587 sequitur
3314 517 3591 572 lectionem
3629 520 3803 571 codicis

567 623 741 670 mum,
768 612 911 677 quod
949 625 1071 678 pag.
1109 609 1215 664 184
1240 613 1675 680 rosmographum
1712 620 1864 664 vocet
1892 610 2152 680 Moysem,
2259 609 2643 663 Alexandrini.
2685 607 2819 662 Nam
2855 627 2978 662 cum
3033 610 3084 662 in
3116 607 3354 676 Epistola
3387 607 3407 660 l
3466 611 3529 658 ad
3556 606 3671 661 Cor.
3699 626 3798 674 cap.

563 699 764 755 librum
797 701 1006 756 scilicet
1059 701 1356 765 Geneseos,
1395 715 1452 756 ιιι
1509 713 1656 772 puto,
1709 703 2023 772 respiciens.
2064 705 2154 770 qui
2261 715 2350 765 xv,
2390 714 2534 752 vers.
2562 699 2672 763 51,.
2713 701 2900 755 Grieca
2941 700 3109 754 Biblia
3167 701 3400 754 habeant
3437 716 3449 752 :
3504 697 3679 752 Omnes
3704 703 3803 765 qui-

563 786 621 840 in
679 789 869 842 Codice
913 789 1306 856 Alexandrino,
1359 803 1414 846 et
1452 809 1480 844 a
1513 791 1759 853 Philone,
1817 805 1981 860 atque
2030 793 2154 848 Cle-
2257 790 2374 843 dem
2404 807 2510 844 non
2553 791 2895 854 dormientus,
2939 794 3028 844 sed
3057 807 3234 844 omnes
3263 790 3676 850 immutabimur;
3723 804 3801 844 co-

563 889 747 933 mente
790 879 1177 936 Alexandrinis
1225 883 1543 936 inscribitur
1571 884 1783 951 γένεσις
1811 883 2040 952 κόσμου.
2103 885 2152 940 id
2257 885 2361 939 de);
2395 899 2526 938 vero
2572 885 2995 948 Alexandrinus,
3031 885 3116 937 cui
3149 882 3419 936 consentit
3451 881 3647 951 vulgata
3679 880 3804 935 Lati.

562 979 668 1035 est,
697 971 844 1039 origo
875 973 1080 1038 mundi,
1135 983 1191 1028 ut
1218 985 1400 1029 monet
1447 976 1530 1029 vir
1577 976 1791 1030 clariss.
1843 975 2153 1031 Mazochius
2256 992 2324 1031 na
2361 975 2666 1040 translatio,
2723 976 2917 1030 habeat
2955 995 2968 1030 :
3009 974 3202 1030 Omnes
3239 977 3448 1045 quidem
3495 975 3802 1034 dormientes,

563 1063 722 1118 initio
755 1062 1051 1136 Spicilegii.
2253 1071 2345 1123 sed
2373 1086 2478 1124 non
2508 1085 2686 1122 omnes
2737 1070 3132 1124 immutabimur
3189 1087 3207 1124 :
3249 1070 3506 1139 Didymus
3551 1078 3805 1134 utramque

633 1153 896 1210 Omnibus
951 1158 1101 1210 hisce
1157 1156 1487 1226 coniecturis
1513 1157 1642 1211 illud
1689 1159 1917 1227 insuper
1950 1158 2150 1228 adjnn-
2255 1160 2330 1215 ibi
2366 1161 2586 1228 quidem
2616 1161 2900 1214 lectionem
2932 1171 3221 1224 memorat,
3244 1161 3338 1213 sed
3363 1157 3646 1212 secundam
3671 1154 3806 1208 alteri

560 1246 795 1315 gendum
850 1258 956 1309 est,
1005 1250 1147 1317 quod
1195 1265 1224 1302 a
1283 1249 1533 1318 theologo
1596 1261 1783 1304 nostro
1815 1252 1888 1304 ita
1951 1252 2150 1319 passim
2254 1251 2556 1318 anteponit,
2610 1265 2674 1304 ac
2711 1250 2979 1318 sequitur.
3027 1250 3160 1304 Cum
3217 1251 3400 1318 itaque
3443 1257 3623 1300 noster
3667 1246 3805 1298 etiam

562 1335 881 1407 Scripturas
913 1341 1132 1412 allcgari
1166 1342 1596 1406 observaverim,
1643 1345 2148 1398 utAlexandrinum
2261 1341 2544 1409 theologus
2581 1337 2877 1408 Scriptura:
2941 1340 3056 1394 loca
3112 1341 3183 1394 ita
3215 1339 3439 1408 alleget,
3489 1346 3546 1389 ut
3603 1336 3653 1388 in
3687 1334 3808 1388 illius

560 1441 623 1483 se
648 1431 862 1496 prodat.
917 1430 972 1483 ld
1014 1441 1192 1484 autem
1236 1433 1479 1501 pluribus
1523 1433 1697 1488 modis
1729 1433 1980 1487 ostendo.
2013 1433 2147 1486 Nam
2253 1432 2670 1503 allegationibus
2717 1443 2768 1484 et
2801 1432 3165 1486 additamenta
3205 1441 3499 1484 occurrant
3529 1427 3807 1496 aliquando,

563 1522 746 1590 primo
768 1523 856 1576 ubi
882 1521 1041 1577 lectio
1063 1522 1265 1578 Graea-
1294 1525 1553 1580 editionis
1595 1527 1699 1578 alia
1737 1539 1822 1579 est
1854 1542 1882 1578 a
1920 1526 2149 1578 lectione
2252 1533 2306 1576 et
2329 1524 2528 1593 passim
2564 1523 3048 1576 Alexamlriuarnm
3087 1521 3522 1576 tuetnhranarum
3567 1519 3805 1572 lectiones

558 1612 794 1680 vulgata:
829 1613 1035 1668 Latinae
1068 1615 1458 1679 translationis,
1507 1617 1806 1687 saepissime
1839 1628 2028 1670 auctor
2062 1631 2150 1670 uo-
2252 1627 2534 1684 sequatur,
2567 1614 2994 1670 Alexandrinum
3025 1617 3127 1670 hac
3147 1617 3314 1670 etiam
3352 1615 3404 1669 in
3430 1628 3487 1668 re
3519 1612 3808 1681 scriptorem

559 1714 676 1759 ster
725 1720 845 1759 eam
883 1709 1129 1774 sequitur
1194 1708 1502 1770 lectionem,
1562 1724 1726 1777 quam
1796 1719 2016 1762 secutus
2067 1719 2149 1762 est
2252 1711 2619 1780 agnoscimus.

558 1797 811 1867 vulgatus
842 1799 1130 1870 interpres.
1168 1802 1239 1856 At
1287 1818 1412 1856 vero
1449 1800 1874 1858 AIeXandriuum
1907 1803 2146 1855 codicem
2325 1798 2396 1854 Et
2437 1802 2582 1868 quod
2615 1811 2826 1871 spectat
2877 1800 3096 1869 quidem
3149 1797 3215 1850 ad
3250 1797 3634 1859 additamenta,
3674 1797 3734 1847 de
3756 1792 3812 1847 iis

557 1890 858 1958 saepissime
888 1907 1009 1945 cum
1050 1893 1266 1960 vulgato
1304 1895 1662 1956 concordare,
1715 1903 1941 1946 teStatur
1973 1893 2147 1946 Simo-
2182 1913 2223 1969 Β
2251 1905 2374 1945 cum
2401 1892 2453 1946 in
2485 1894 2650 1956 notis,
2689 1905 2799 1948 tum
2837 1895 2887 1948 in
2918 1907 3091 1946 rerum
3124 1889 3310 1943 Indice
3343 1890 3410 1943 ad
3444 1902 3627 1942 vocem
3664 1886 3810 1940 Addi-

557 1983 681 2037 nius
736 1984 788 2037 iu
827 1984 1217 2039 Dissertatione
1267 1986 1331 2040 de
1371 1986 1756 2054 manuscriptis
1805 1984 1936 2036 Novi
1965 1984 2149 2037 Testa-
2252 1995 2505 2051 lamenta,
2536 1987 2793 2042 lectorem
2822 1987 3027 2041 monui.
3057 1985 3212 2051 Quod
3242 1999 3372 2038 vero
3394 1984 3461 2036 ad
3489 1981 3679 2037 codicis
3708 1979 3813 2033 Ale-

557 2075 726 2130 menti
756 2077 1056 2141 codicibus,
1117 2093 1241 2146 pag.
1279 2078 1368 2133 61.
1423 2063 1630 2132 Deinde
1674 2076 2036 2131 Alexandrina
2063 2094 2148 2129 sa-
2251 2078 2507 2132 xandrini
2561 2079 2824 2134 lectiones
2857 2080 3075 2143 attinet,
3133 2078 3379 2148 pluribus
3408 2073 3665 2144 exemplis
3690 2069 3813 2141 quod

556 2183 777 2222 crurum
836 2167 1134 2223 Bibliorum
1187 2169 1514 2238 exemplaria
1557 2186 1661 2222 non
1706 2169 1928 2221 omnino
1964 2182 2150 2222 etnen-
2251 2169 2360 2224 dixi
2413 2171 2848 2226 conﬁrmatum.“
2881 2184 2965 2226 est
3001 2189 3015 2224 ε
3051 2171 3096 2225 si
3160 2171 3246 2224 cui
3277 2184 3410 2223 vero
3461 2169 3515 2222 id
3557 2166 3811 2221 molestum

555 2259 706 2320 data,
738 2262 834 2315 sed
866 2261 1252 2316 additamentis
1278 2262 1600 2331 quibusdam
1633 2271 1786 2315 aucta
1826 2260 1993 2314 fuisse
2024 2276 2149 2312 con-
2251 2259 2496 2316 futurum
2525 2264 2620 2330 sit,
2683 2266 2726 2317 is
2759 2266 2948 2317 eadem
2987 2262 3328 2331 praeteriens,
3362 2264 3428 2314 ad
3469 2271 3683 2323 caetera,
3713 2270 3815 2325 quat

557 2361 668 2407 stat
714 2368 782 2408 ex
819 2353 1135 2424 Hieronymi
1188 2355 1324 2409 libro
1365 2371 1451 2408 xvr
1507 2355 1562 2407 in
1615 2352 1838 2416 Isaiam,
1897 2363 2025 2407 tom.
2059 2351 2144 2414 IV,
2251 2355 2558 2423 subjiciam,
2630 2357 2920 2411 transiliat.
2983 2354 3171 2424 Itaque
3205 2355 3400 2424 primo,
3462 2352 3517 2405 in
3549 2351 3709 2420 Epist.
3758 2347 3814 2401 ad

554 2460 684 2516 pag.
719 2446 824 2502 696
851 2448 1107 2502 editionis
1154 2446 1504 2502 Veronensis.
1570 2448 1644 2501 lbi
1681 2449 1822 2499 enitn
1861 2457 2144 2516 postquam
2249 2447 2482 2518 Philipp.
2521 2465 2606 2512 ιιι,
2644 2451 2698 2512 8,
2726 2449 2916 2504 Graeca
2968 2449 3138 2504 Biblia
3201 2448 3422 2511 habent,
3456 2443 3687 2518 Χριστοῦ
3728 2442 3816 2512 Ἰη-

552 2540 884 2596 versiculum
925 2542 1268 2595 undecimum
1303 2542 1496 2611 capitis
1523 2557 1656 2594 LVIII
1707 2541 1785 2595 sic
1825 2541 2026 2602 attulit,
2091 2549 2147 2592 ut

2251 2540 2346 2593 σοῦ
2371 2540 2468 2595 τοῦ
2501 2541 2708 2612 Κυρίου
2739 2558 2839 2612 μου
2867 2557 2880 2568 ’
2935 2543 3103 2595 codex
3159 2538 3558 2592 Alexandrinus
3605 2551 3696 2604 pro
3729 2548 3814 2604 μου

556 2631 612 2685 in
647 2632 955 2687 emendatis
982 2631 1124 2686 LXX
1185 2631 1541 2700 lnterpretum
1569 2633 1969 2701 exemplaribus
2001 2637 2146 2701 lege~
2251 2636 2412 2689 habet
2434 2633 2595 2705 ἡμῶν
2639 2651 2652 2663 ·
2685 2645 2869 2688 noster
2929 2648 3058 2686 vero
3091 2630 3374 2699 theologus
3407 2629 3551 2683 hunc
3575 2626 3814 2696 sequitm',

555 2721 741 2788 batur,
780 2728 894 2776 haec
923 2720 1140 2789 subjicit
1170 2738 1184 2775 :
1225 2739 1244 2771 ι
1268 2722 1418 2788 Quod
1467 2723 1517 2774 in
1547 2721 1935 2776 Alexandrinis
1965 2737 2147 2774 exem-
2250 2742 2373 2798 pag.
2399 2728 2453 2781 5.
2489 2725 2762 2791 Secundo,
2797 2725 2846 2778 in
2875 2723 2969 2791 Ep.
3004 2725 3069 2775 ad
3091 2721 3213 2777 Gal.
3251 2720 3426 2787 tt,_16,
3456 2719 3626 2773 Biblia
3651 2717 3817 2773 GrtcCa

558 2807 801 2883 plarihus
862 2813 916 2868 in
971 2813 1240 2883 principio
1289 2812 1449 2880 hujus
1478 2813 1695 2881 capituli
1727 2814 1965 2865 additum
2019 2822 2144 2866 est:

2249 2819 2473 2885 habent,
2507 2817 2644 2871 διότι
2677 2819 2738 2871 οὐ
2793 2815 3254 2885 δικαιωθήσεται·
3305 2813 3679 2868 Alexandrina:
3707 2823 3817 2864 vero

559 2904 631 2959 Et
673 2905 847 2960 adhuc
877 2906 929 2959 in
953 2917 1006 2960 te
1033 2906 1130 2959 erit
1164 2906 1281 2958 laus
1319 2922 1431 2959 mea
1460 2921 1694 2974 semper;
1724 2915 1778 2960 et
1814 2907 1865 2958 in
1893 2906 2038 2960 line:
2081 2905 2146 2957 Et
2250 2911 2581 2964 membrana:
2643 2925 2741 2978 pro
2790 2908 2924 2961 διότι
2957 2908 3156 2961 habent
3185 2908 3289 2969 ὅτι,
3344 2916 3402 2958 ιιι
3455 2905 3584 2975 legit
3628 2910 3816 2963 auctor,

553 3016 674 3054 ossa
699 3011 788 3053 tua
814 3001 965 3069 quasi
988 2999 1149 3053 herba
1190 2998 1424 3052 orientur
1541 2999 1593 3052 in
1627 2997 1898 3052 llebraicu
1923 3014 2028 3052 non
2061 2999 2146 3052 ha—
2250 3016 2372 3069 pag.
2390 3001 2442 3054 4.
2481 3001 2686 3066 Tertio,
2709 3001 2761 3054 in
2777 3001 2895 3053 cad.
2916 2999 3014 3067 Ep.
3035 3015 3095 3063 ιι,
3123 2997 3208 3061 14,
3229 2997 3415 3052 ϐτεεειι
3435 2997 3605 3051 Biblia
3627 2987 3820 3049 habent

551 3093 775 3156 bentur,
810 3092 994 3146 sedne
1021 3091 1074 3145 in
1101 3091 1451 3160 Septuaginta
1482 3090 1704 3160 quidem
1729 3091 2054 3155 emendatis,
2093 3102 2147 3145 et
2250 3093 2442 3164 Πέτρῳ
2470 3135 2484 3157 ,
2522 3095 2693 3146 codex
2727 3092 2881 3144 Alex.
2943 3091 3111 3161 κηφᾷ,
3171 3101 3229 3144 ιιι
3261 3101 3451 3144 auctor
3479 3098 3680 3154 noster,
3712 3101 3817 3156 pag.

553 3184 700 3239 veris
759 3182 1180 3252 exemplaribus.
1209 3202 1228 3234 ι
1306 3182 1571 3235 Nimirum
1626 3192 1738 3236 tres
1798 3182 2142 3250 potissimum
2253 3183 2354 3237 168
2384 3194 2437 3239 et
2466 3184 2592 3239 587.
2625 3184 2852 3250 Quarto,
2911 3184 2962 3236 in
2994 3183 3092 3251 Ep.
3127 3182 3194 3236 ad
3236 3179 3405 3235 llebr.
3436 3197 3558 3248 ιιιι,
3587 3182 3640 3246 9,
3668 3177 3820 3233 Biblia

551 3285 713 3332 erant
763 3275 969 3346 Didymi
1015 3282 1177 3329 anule
1236 3275 1504 3329 versionis
1552 3272 1694 3329 LXX
1775 3275 2138 3342 lnterpretum

2202 3260 2209 3312 ἶ
2246 3275 2432 3332 Graeca
2464 3277 2663 3330 habent
2695 3274 3057 3348 περιφέρεσοε
3078 3317 3093 3341 ,
3148 3284 3339 3329 auctor
3391 3285 3595 3335 noster.
3627 3286 3741 3342 pag.
3771 3272 3818 3332 6.

551 3369 840 3433 editiones,
870 3378 926 3422 ut
967 3383 1065 3421 nos
1098 3370 1256 3421 docet
1285 3367 1398 3436 ipse
1431 3366 1790 3437 Hieronymus
1831 3364 2058 3435 Prologo
2087 3367 2142 3419 in
2249 3377 2305 3421 et
2346 3368 2516 3421 codex
2573 3368 2981 3423 Alexandrinus
3032 3366 3440 3439 παραφέρεσθε.
3499 3366 3714 3433 Quinto,
3775 3362 3820 3414 in

553 3458 985 3530 Paralipomenn,
1041 3476 1134 3515 seu
1176 3460 1312 3513 libro
1357 3475 1394 3512 tt
1426 3459 1480 3511 in
1533 3457 1808 3527 Ruﬁnum,
1848 3473 2016 3526 segm.
2051 3457 2141 3520 27,
2249 3459 2348 3527 Ep.
2383 3457 2402 3511 Ι
2431 3461 2497 3514 ad
2525 3460 2650 3514 Cor.
2676 3475 2795 3523 vm,
2828 3460 2883 3526 2,
2911 3459 3100 3515 Grates
3135 3460 3303 3514 Biblia
3349 3461 3572 3522 habent,
3625 3454 3819 3510 οὐδέπω

551 3562 685 3606 tom.
721 3551 784 3616 ll,
811 3568 930 3620 pag.
967 3551 1092 3613 521,
1129 3553 1216 3606 ubi
1251 3553 1363 3605 haec
1385 3551 1574 3605 scribit
1608 3567 1623 3603 :
1672 3550 1732 3605 Si
1766 3547 1913 3602 LXX
1968 3548 2144 3602 Inter-

2248 3550 2405 3603 οὐδὲν
2437 3549 2680 3618 ἔγνωκε,
2739 3563 2925 3606 auctor
2977 3537 3164 3606 uoster
3220 3565 3343 3620 pag.
3377 3549 3431 3615 8,
3477 3552 3674 3604 omissa
3706 3558 3823 3598 voce

550 3653 760 3713 prelum
780 3660 938 3712 pura,
967 3657 1014 3698 et
1061 3656 1115 3696 ut
1145 3647 1208 3696 ab
1237 3647 1309 3696 eis
1359 3645 1417 3696 in
1445 3639 1686 3695 Grecam
1709 3657 1854 3695 versa
1880 3652 1953 3694 est
1981 3640 2142 3693 editio

2248 3640 2423 3705 οὐδέν,
2451 3641 2599 3713 legit,
2623 3640 2780 3694 οὔπω
2800 3641 3039 3710 ἔγνωκεν
3073 3660 3086 3672 ·
3121 3641 3284 3696 simili
3320 3651 3501 3694 autem
3528 3641 3683 3694 modo
3710 3636 3824 3704 legi—

549 3747 898 3805 permaneret,
924 3737 1183 3804 superﬂue
1210 3751 1353 3789 me...
1377 3734 1688 3802 impellens,
1717 3743 1768 3784 ut
1795 3734 1884 3784 tibi
1923 3732 2143 3785 llebrwa
2251 3741 2338 3787 tttr
2362 3732 2415 3785 in
2447 3735 2636 3787 codice
2653 3734 3044 3798 Alexandrino,
3075 3748 3268 3801 nempe
3289 3730 3441 3784 οὔπω
3467 3731 3628 3800 ἔγνω.
3652 3730 3821 3789 Sexto,

551 3829 820 3882 volumina
847 3825 1036 3879 Latino
1069 3843 1303 3880 sermone
1350 3827 1691 3894 transferrem
1837 3823 1995 3877 Nunc
2025 3841 2142 3878 vero
2249 3824 2303 3878 in
2345 3825 2444 3894 Ep.
2475 3824 2496 3879 Ι
2524 3825 2680 3881 Joan.
2717 3842 2754 3892 I,
2788 3828 2843 3893 5,
2871 3825 3044 3880 Biblia
3070 3826 3255 3882 Graeca
3291 3825 3516 3889 habent,
3563 3819 3826 3892 ἀπαγγέλ-

551 3935 671 3974 cum
697 3934 794 3986 pro
822 3919 1071 3972 varietate
1095 3920 1363 3987 regionum
1388 3919 1594 3970 diuersa
1620 3917 1861 3986 ferantur
1881 3916 2138 3982 exempla-
2247 3915 2413 3988 λομεν
2452 3919 2581 3989 ὑμῖν
2607 3961 2620 3983 ,
2670 3929 2860 3972 auctor
2923 3929 3108 3973 noster
3147 3933 3270 3988 pag.
3297 3920 3390 3983 21,
3431 3928 3487 3972 et
3530 3919 3694 3972 codex
3716 3915 3822 3968 Ale-

551 4014 726 4076 ria,...
763 4010 1105 4073 Alexandria,
1149 4022 1196 4063 et
1247 4008 1512 4079 ngyptus
1553 4009 1608 4062 in
1661 4006 2009 4079 Septuaginta
2032 4008 2142 4061 suis

2247 4011 2573 4076 xandrinus,
2597 4011 3014 4082 ἀπαγγέλλομεν
3063 4012 3158 4064 καὶ
3193 4013 3341 4082 ὑμῖν.
3393 4011 3658 4080 Septimo,
3692 4007 3819 4080 apud

553 4103 880 4172 llesycltium
913 4102 1097 4154 laudat
1129 4109 1419 4165 auctorem,
1466 4098 1949 4167 Constantinopolis
1983 4108 2163 4166 usque"
2253 4101 2517 4158 Joannem
2553 4121 2593 4172 ι,
2632 4104 2719 4168 18,
2783 4105 2968 4159 Graeca
3001 4104 3170 4158 Biblia
3203 4103 3425 4170 habent,
3485 4105 3514 4156 ὁ
3549 4100 3823 4176 μονογενὴς

552 4200 623 4249 ad
655 4197 989 4249 Antiochiam
1029 4193 1251 4249 Luciani
1301 4195 1548 4263 martyris
1586 4193 1908 4262 exemplaria
1933 4193 2139 4260 probat.
2249 4196 2415 4262 Υἱός,
2447 4207 2636 4252 auctor
2685 4208 2874 4252 noster
2905 4212 3026 4266 pag.
3067 4197 3133 4250 76
3183 4206 3240 4251 et
3270 4196 3396 4251 alibi
3428 4199 3578 4266 legit,
3615 4198 3642 4249 ὁ
3682 4209 3827 4266 μονθ-

553 4289 750 4344 Media:
777 4289 914 4343 inter
939 4289 1034 4340 ltas
1059 4287 1342 4355 provincia:
1375 4285 1690 4338 Palwslinos
1713 4284 1913 4336 codices
1942 4283 2138 4352 legunt,
2246 4288 2408 4360 γενὴς
2435 4288 2587 4353 Θεός,
2653 4305 2758 4356 quo
2788 4292 2946 4343 modo
2975 4290 3101 4358 legit
3128 4291 3388 4360 Origenes
3415 4291 3823 4352 Alexandrinus,

548 4398 680 4449 quas
711 4383 774 4433 ab
805 4379 1029 4449 Origene
1067 4377 1363 4432 elaboratas
1396 4374 1676 4436 Eusebius,
1733 4387 1782 4428 et
1827 4373 2140 4443 Pamphilus
2251 4393 2313 4436 υι
2347 4383 2531 4436 monui
2584 4398 2706 4453 pag,
2750 4382 2837 4447 76,
2875 4395 2988 4440 ηοι,
3020 4383 3072 4436 5,
3127 4385 3353 4447 octavo,
3386 4383 3440 4436 in
3485 4385 3583 4454 Ep,
3614 4382 3727 4438 Jac,
3757 4395 3823 4444 ιν,

550 4474 890 4544 vulgaverant
946 4489 964 4527 :
1015 4483 1250 4541 totusque
1299 4471 1436 4522 orbis
1480 4469 1578 4522 hac
1636 4469 1775 4522 inter
1823 4484 1877 4522 se
1923 4467 2139 4534 trifuria

2256 4474 2345 4541 12,
2374 4473 2561 4530 Grieca
2600 4475 2768 4529 Biblia
2806 4487 2995 4528 carent
3025 4477 3248 4530 vocibus
3278 4477 3373 4529 καὶ
3399 4493 3626 4547 κριτηςς
3662 4487 3714 4527 at
3738 4489 3822 4524 no-

551 4571 801 4622 rarietate
852 4575 1188 4635 compugnut.
1249 4561 1324 4619 Ita
1357 4562 1739 4633 Hieronymus.
1796 4566 1875 4615 Ac
1948 4576 2134 4616 revera
2175 4612 2216 4666 Β
2246 4575 2359 4619 ster
2384 4577 2576 4620 auctor
2605 4565 2694 4619 illa
2734 4565 2860 4635 legit
2887 4582 3008 4635 pag.
3036 4565 3128 4630 27,
3156 4576 3213 4618 ut
3239 4575 3295 4619 et
3318 4567 3487 4619 codex
3522 4562 3828 4619 Alexandri—

551 4664 608 4717 in
641 4660 830 4715 codice
880 4659 1273 4719 Alexandrino,
1319 4658 1412 4725 qui
1460 4666 1678 4725 quarto,
1733 4665 1792 4707 ut
1830 4654 2017 4720 aliqui,
2050 4663 2141 4707 aut
2177 4654 2212 4666 ν
2251 4673 2372 4709 nus.
2405 4655 2579 4720 Nono,
2615 4658 2666 4709 in
2699 4659 2794 4726 Ep.
2824 4661 2890 4712 ad
2936 4659 3101 4713 llebr.
3132 4676 3168 4722 ι,
3207 4661 3262 4723 1,
3315 4659 3504 4713 ϐιτιξοιι
3538 4660 3709 4712 Biblia
3738 4659 3827 4710 ha-

553 4750 744 4807 saltem
785 4759 940 4803 sexto
971 4749 1194 4803 saeculo
1256 4760 1510 4800 exaratus
1558 4757 1664 4809 est,
1707 4755 1764 4798 ut
1803 4745 1896 4799 alii
1935 4743 2140 4809 volunt,
2247 4749 2374 4802 bent
2403 4749 2490 4800 ἐπ’
2520 4749 2793 4818 ἐσχάτων,
2859 4763 3050 4802 auctor
3083 4767 3211 4805 vero
3267 4762 3450 4804 noster
3495 4769 3614 4820 pag.
3646 4751 3737 4811 55,
3781 4757 3830 4800 el.

554 4843 788 4899 inveniri
820 4841 1022 4894 scholia
1069 4843 1125 4894 in
1172 4847 1373 4893 textum
1419 4839 1744 4902 introducta,
1783 4854 1906 4890 rara
1930 4838 2143 4905 quidem
2246 4842 2367 4894 cod.
2399 4841 2552 4893 Alex.
2614 4842 2698 4892 ἐπ’
2729 4841 2982 4911 ἐσχάτου.
3026 4843 3265 4907 Decimo,
3327 4843 3379 4894 in
3415 4842 3511 4911 Ep.
3544 4843 3611 4896 ad
3638 4841 3825 4908 Ephcs.

551 4941 690 5006 ipsa,
751 4944 1023 5004 textusque
1071 4951 1186 4987 vere
1210 4932 1538 5004 ἐξηγητικά,
1591 4942 1820 4987 testatur
1859 4931 2053 4985 Millius
2089 4933 2141 4985 in

2250 4946 2332 4993 ιιι,
2370 4931 2458 4997 14,
2495 4930 2666 4984 Biblia
2697 4934 2885 4987 Graeca
2949 4935 3168 4998 habent,
3225 4934 3446 5005 Πατέρα
3478 4933 3572 4986 τοῦ
3630 4929 3826 5001 Κυρίου

553 5028 987 5098 Prolegomenis,
1019 5042 1071 5096 p.
1112 5025 1213 5080 1-13
1239 5041 1254 5089 ;
1320 5026 1604 5093 Didymum
1633 5039 1763 5077 vero
1794 5040 1898 5076 non
1931 5039 2143 5092 semper

2247 5023 2403 5094 ἡμῶν
2433 5023 2611 5095 Ἰησοῦ
2639 5026 2876 5097 Χριστοῦ
2903 5067 2918 5089 ,
2988 5028 3160 5080 codex
3209 5027 3532 5089 Alexandr.,
3564 5035 3619 5078 et.
3650 5035 3829 5076 auctor

549 5123 795 5192 quidem,
847 5121 941 5175 sed
987 5121 1304 5190 plerumque
1339 5127 1520 5170 tamen
1565 5117 1929 5170 Alexandrina
1959 5133 2142 5172 exem-
2246 5128 2453 5180 noster,
2479 5133 2603 5188 pag.
2637 5117 2723 5181 49,
2750 5119 3001 5170 omittunt
3034 5119 3214 5171 omnia
3241 5119 3353 5171 lucc
3384 5117 3567 5179 verba,
3601 5114 3695 5169 τοῦ
3725 5114 3829 5166 Κυ-

551 5213 725 5285 plaria
757 5221 1003 5265 secutum
1056 5225 1178 5265 esse
1209 5224 1314 5262 non
1347 5208 1554 5261 dubito.
1602 5208 1674 5260 ita
1707 5207 1941 5276 exempli
1970 5208 2141 5277 gratia

2249 5209 2364 5280 ρίου
2399 5209 2556 5280 ἡμῶν
2590 5209 2762 5280 Ἰησοῦ
2815 5209 3074 5281 Χριστοῦ.
3141 5209 3459 5273 Undecimo,
3519 5209 3571 5261 in
3623 5208 3745 5261 Act.
3779 5221 3824 5265 v.

554 5308 607 5361 in
643 5303 1088 5359 Enarrationibas
1145 5304 1214 5356 ad
1245 5312 1407 5370 caput
1455 5319 1471 5356 1
1504 5301 1752 5370 Epistola:
1781 5302 1968 5369 primae
1997 5301 2142 5355 Petri
2245 5304 2341 5369 32,
2372 5302 2564 5357 Graeca
2597 5302 2765 5354 Biblia
2797 5304 2996 5356 habent
3052 5299 3218 5355 αὑτοῦ
3276 5302 3588 5371 μάρτυρες·
3646 5306 3829 5350 auctor

552 5401 686 5456 citat
726 5397 994 5468 psalmum
1036 5411 1244 5450 xxxvm
1285 5396 1385 5449 hoc
1429 5396 1586 5449 modo
1628 5394 1986 5464 :Pcregrinus
2048 5411 2140 5463 ego
2245 5406 2430 5449 noster
2470 5410 2591 5464 pag.
2625 5395 2695 5448 55
2737 5394 2943 5448 emittit
2989 5410 3175 5448 vocem
3221 5392 3410 5454 αὑτοῦ,
3446 5403 3504 5444 ιιι
3558 5391 3682 5444 cod.
3711 5388 3828 5442 Ale-

557 5491 842 5563 (mendosa
877 5490 1021 5543 enim
1052 5501 1136 5542 est
1181 5489 1440 5543 editionis
1475 5488 1656 5553 lectio,
1708 5490 1853 5555 ergo)
1881 5489 1936 5541 in
1977 5497 2137 5541 terra.
2245 5488 2565 5542 xandrinus.
2608 5486 2960 5550 Duodecimo,
3019 5487 3070 5539 in
3133 5486 3229 5554 Ep.
3261 5487 3325 5536 ad
3381 5483 3616 5553 Philipp.
3652 5498 3735 5545 ιιι,
3773 5479 3823 5544 5,

554 5583 732 5637 Voces
757 5598 908 5648 vero,
971 5583 1026 5634 in
1074 5593 1238 5645 terra,
1283 5582 1535 5650 leguntur
1576 5580 1794 5647 quidem
1858 5579 1910 5632 in
1955 5581 2142 5632 codice
2243 5579 2413 5634 Biblia
2439 5578 2624 5633 Grmca
2655 5581 2874 5641 habent,
2931 5577 3210 5647 Πνεύματι
3245 5575 3395 5646 Θεῷ·
3428 5586 3620 5630 auctor
3649 5583 3826 5629 noster

553 5674 950 5739 Alexandrino,
969 5675 1063 5728 sed
1097 5675 1293 5726 desunt
1315 5674 1366 5725 in
1394 5671 1584 5727 Graeca
1600 5671 1898 5725 Bibliorum
1931 5669 2141 5742 [XVIII]
2243 5673 2386 5726 hanc
2415 5672 2702 5726 lectionem
2729 5674 2977 5725 vitiosam
3003 5688 3121 5727 esse
3150 5670 3431 5725 contendit
3462 5685 3584 5740 pag.
3610 5667 3734 5732 246,
3767 5679 3826 5718 ac

555 5761 814 5815 editione.
861 5763 1037 5816 Simili
1073 5762 1233 5816 modo
1265 5763 1382 5831 ipse
1434 5761 1695 5830 Didymus
1727 5761 2138 5829 in-l'ragmento,
2246 5764 2375 5834 iegit
2401 5763 2681 5833 Πνεύματι
2719 5764 2856 5817 Θεοῦ
2888 5805 2902 5830 ,
2961 5780 3068 5833 quo
3099 5765 3261 5817 modo
3326 5762 3525 5830 legitur
3570 5761 3708 5816 etin
3743 5773 3827 5812 co-

558 5849 699 5915 quod
730 5851 884 5907 aliert
937 5853 1299 5922 Hieronymus
1328 5855 1382 5908 in
1416 5853 1643 5922 epistola
1682 5851 1785 5906 119
1835 5852 1902 5906 ad
1943 5851 2137 5908 Mincr-
2245 5857 2363 5911 dice
2387 5856 2776 5910 Alexandrino.
2807 5855 2951 5920 llaec,
3004 5857 3054 5909 ni
3103 5856 3275 5920 I-illor,
3319 5853 3614 5916 sulﬁciunt,
3649 5862 3706 5906 ut
3734 5865 3823 5918 ap-
