4092 6438
327 446 392 503 ὥ
1561 468 1958 528 COMMENTAI

2063 473 2133 530 l'S.
2173 506 2240 515 —
2282 475 2413 534 LIB.
2457 479 2498 534 Ι.
3566 488 3660 545 151

328 581 835 678 pareat-auctorem
911 595 1204 642 nostrum
1261 589 1634 648 Alexandrinis
1681 594 1976 650 Bibliorum
2012 605 2051 658 Α
2081 608 2216 664 stcr,
2259 616 2420 669 quant
2478 615 2731 669 synaxes,
2770 603 2823 654 id
2870 615 2937 656 ex
2979 616 3046 656 eo
3089 601 3207 658 ﬁeri
3251 607 3485 673 videtur,
3524 606 3660 676 quod

325 665 711 757 exemplaribus
753 688 950 730 usuin
983 693 1150 735 esse.
1988 731 1990 734 μ
2075 691 2379 757 hujusmodi
2413 693 2779 746 denominatio
2815 693 2883 749 iis
2923 695 3157 749 ctetibus
3188 697 3424 752 maxime
3459 665 3661 753 conve-

375 756 619 857 beatum,
655 771 728 815 ut
771 766 940 822 alias
981 771 1212 825 mittam
1239 773 1597 841 conjecturas.
1623 791 1742 843 quise
1781 777 1965 833 lectori
2032 835 2036 840 _
2071 781 2205 846 niat,
2237 784 2432 851 quibus
2461 799 2566 836 non
2599 784 2909 852 episcopus,
2951 799 3056 840 non
3088 788 3372 857 presbyter
3409 798 3662 857 praeerat,

333 855 500 908 erudito
547 870 712 923 opus
751 857 882 911 hoc:
955 861 1174 934 legenti
1239 865 1391 921 facile
1421 866 1472 920 in
1517 879 1748 924 mentem
1781 875 1970 927 venire
2068 875 2164 928 sed
2218 874 2512 928 catechista
2543 876 2713 930 sacris
2746 876 3028 932 ordinibus
3064 893 3169 932 non
3195 855 3460 948 initiatus.
3491 855 3656 936 Aliud

341 956 544 1016 possunt,
582 965 783 1003 unum
820 961 1065 1009 tantum
1091 956 1214 1025 ejus
1235 959 1411 1014 locum
1450 960 1668 1038 addam,
1703 978 1811 1032 quo
1847 980 1965 1017 ma-
2071 965 2218 1018 enim
2248 974 2333 1019 est
2363 966 2548 1020 docere
2594 967 2649 1020 in
2682 967 2926 1034 ecclesia,
2967 967 3111 1023 aliud
3138 984 3267 1024 vero
3289 971 3470 1024 docere
3496 973 3549 1025 in
3575 990 3656 1025 ca-

349 1039 408 1132 gis
430 1039 1125 1132 magisquemroboratur
1153 1047 1334 1116 opinio
1385 1065 1503 1104 mea
1543 1050 1608 1104 de
1642 1054 1838 1120 patria,
1873 1064 1967 1108 attt
2069 1056 2384 1119 tecltesibus,
2425 1066 2482 1109 ιιι
2513 1056 2709 1127 colligo
2739 1074 2803 1112 ex
2839 1059 2990 1113 hisce
3047 1059 3274 1114 Joannis
3311 1059 3664 1132 Jerosolymi-

354 1131 514 1184 saltem
541 1130 860 1187 domicilio
888 1138 1146 1192 auctoris
1172 1140 1363 1194 nostri.
1399 1139 1588 1195 Exstat
1611 1143 1657 1196 is
1684 1158 1804 1212 pag.
1836 1144 1960 1211 508,
2070 1149 2179 1202 tani
2207 1150 2446 1218 episcopi
2473 1151 2654 1206 verbis
2680 1153 2821 1220 apud
2859 1151 3248 1222 llieronymum
3287 1153 3339 1207 in
3386 1130 3535 1208 libro
3565 1155 3663 1206 ad-

355 1223 396 1275 itt
423 1237 518 1290 qua
549 1237 682 1277 cum
722 1224 886 1280 nihil
921 1225 1159 1298 legatur,
1185 1231 1324 1298 quod
1354 1230 1723 1287 Alexandrino
1757 1235 1965 1291 homini
2065 1252 2256 1292 versus
2275 1238 3014 1311 eumdemJoattnem,segm.
3037 1243 3126 1307 Η,
3155 1259 3276 1314 pag.
3297 1245 3400 1298 M9
3427 1263 3440 1298 :
3463 1244 3662 1309 Qum...

351 1330 438 1368 non
468 1316 817 1384 conveniat,
872 1327 994 1373 tum
1025 1319 1154 1375 illud
1202 1323 1434 1378 maxime
1482 1325 1830 1380 Alexandrini
1857 1340 1962 1391 est,
2065 1330 2120 1382 in
2150 1331 2367 1384 ecclesia
2395 1335 2661 1396 docemus,
2701 1343 2748 1387 et
2782 1337 2835 1387 in
2884 1335 3263 1390 catechesibus.
3314 1337 3554 1390 Primum
3597 1339 3662 1390 il~

349 1410 471 1476 quod
507 1409 690 1462 Deum
731 1409 879 1480 Opt.
934 1411 1079 1466 Max.
1137 1429 1299 1469 unum
1343 1430 1408 1470 ac
1461 1418 1661 1472 trinum
1713 1431 1859 1485 orat,
1908 1431 1966 1476 ut
2065 1421 2157 1476 lud
2188 1422 2242 1476 in
2271 1423 2503 1478 ecclesia
2534 1425 2900 1479 Alexandrina
2939 1436 3059 1496 post
3089 1429 3200 1482 Arii
3249 1441 3490 1498 tempora
3537 1431 3652 1498 epi-

351 1499 454 1554 Nili
481 1503 690 1570 ﬂuenta
721 1505 842 1560 sint
881 1506 1063 1575 plena,
1087 1518 1137 1562 et
1179 1509 1410 1562 maxima
1457 1527 1682 1566 annona:
1732 1515 1960 1569 ubertas.

345 1592 421 1648 Ne
451 1611 588 1651 vero
617 1613 807 1668 cogar
850 1614 921 1655 ea
973 1611 1244 1669 repetere,
1297 1619 1418 1672 qua:
1460 1603 1589 1660 alibi
1638 1606 1778 1660 dicta
1808 1619 1961 1673 sunt,

346 1690 482 1762 lege,
512 1709 734 1762 quaeso,
777 1705 945 1751 notas
979 1712 1126 1752 meas
1151 1699 1217 1754 ad
1267 1697 1412 1753 illum
1446 1699 1642 1754 locum.
1676 1701 1788 1774 Ego
1818 1703 1960 1758 enim

343 1787 411 1838 ad
434 1785 542 1840 alia
572 1789 780 1843 statim
819 1791 1160 1859 progredior.

345 1901 474 1955 CAP.
507 1899 609 1956 IX.
667 1902 937 1959 Ecclesiw
981 1907 1352 1980 Alexandrina
1402 1911 1689 1964 catecltista
1727 1911 1828 1980 fuit
1859 1929 1958 1965 au-

825 1986 940 2028 ctor
960 1990 1131 2030 noster
1157 1990 1210 2030 ut
1239 1979 1509 2048 Didymus.

419 2065 834 2121 Alexandrina
869 2067 1124 2124 Ecclesia:
1151 2071 1501 2126 catecbistam
1549 2088 1578 2126 a
1615 2071 1672 2127 S.
1713 2073 1957 2128 Athana-

349 2158 435 2212 sio
461 2156 677 2213 factum
709 2160 885 2213 fuisse
912 2159 1216 2231 Didymum,
1251 2163 1408 2231 pauci
1459 2163 1729 2234 ignorant,
1769 2166 1960 2235 praele—

353 2261 506 2303 ctum
544 2250 771 2306 scilicet
798 2266 922 2304 eum
961 2251 1130 2307 fuisse
1163 2254 1362 2308 celebri
1398 2256 1596 2309 scholae
1621 2271 1650 2309 a
1685 2257 1744 2311 S.
1777 2257 1960 2314 Marco

352 2343 738 2411 evangelista,
774 2352 836 2399 ut
871 2352 1098 2398 testatur
1125 2343 1508 2417 Hieronymus,
1557 2346 1817 2416 fundatae,
1873 2350 1961 2406 cui

353 2434 566 2488 scholae
629 2434 739 2487 viri
793 2435 970 2504 magni
1022 2433 1330 2500 Pantaenus,
1406 2435 1658 2493 Clemens
1720 2438 1960 2494 Alexan-

349 2525 582 2592 drinus,
614 2525 909 2595 Origenes,
956 2523 1230 2593 lleraclas,
1287 2526 1347 2582 S.
1379 2528 1690 2598 Dionysius,
1722 2531 1963 2585 Atheno-

347 2617 559 2680 dorus,
596 2615 836 2681 Pierius,
863 2617 922 2672 S.
947 2616 1141 2671 Petrus
1171 2616 1397 2688 Martyr,
1433 2619 1491 2673 S.
1523 2619 1810 2686 Macarius,
1838 2621 1962 2676 alii-

345 2723 468 2776 que
500 2707 860 2776 praefuerant.
917 2708 1196 2775 Quodnam
1252 2725 1381 2764 vero
1414 2722 1567 2767 esset
1611 2713 1962 2769 Alexandrini

342 2802 689 2856 cateebistae
722 2817 935 2866 munus,
966 2801 1131 2875 [XIX]
1172 2817 1235 2858 ex
1267 2803 1484 2859 Eusebii
1535 2803 1776 2859 Historia
1801 2805 1964 2860 eccle-

351 2894 599 2946 siastica
633 2892 736 2948 lib.
774 2908 846 2955 vi,
879 2909 998 2962 cap.
1029 2895 1117 2960 lO,
1168 2896 1452 2951 discimus.
1487 2897 1566 2951 Ad
1607 2913 1730 2951 eum
1757 2897 1964 2953 scilicet

341 2987 656 3053 spectabat
693 3000 799 3038 non
843 2987 1000 3040 modo
1043 2987 1286 3042 rudiores
1329 2988 1520 3056 primis
1564 2989 1688 3042 ﬁdei
1729 2987 1964 3043 elemen-

343 3077 430 3130 tis
464 3075 750 3140 imbuere,
780 3084 839 3130 ut
870 3090 1064 3130 nomen
1100 3077 1276 3144 ipsum
1315 3078 1626 3132 catechisue
1660 3087 1841 3143 sonat,
1873 3092 1966 3134 ve-

347 3185 481 3223 rum
511 3169 688 3224 etiam
722 3169 896 3238 primo
928 3185 1112 3225 sacras
1151 3169 1358 3226 litteras
1391 3171 1785 3240 interpretari;
1839 3186 1960 3224 eam

352 3267 508 3319 enim
537 3265 787 3320 scholam
831 3273 989 3320 vocat
1038 3265 1233 3322 ibidem
1277 3267 1538 3322 Eusebius
1594 3265 1962 3320 διδασκαλεῖον

357 3361 470 3413 τῶν
501 3360 672 3432 ἱερῶν
705 3359 880 3428 λόγων
901 3376 915 3387 ·
951 3361 1142 3414 deinde
1190 3361 1486 3415 divinorum
1523 3360 1825 3430 dogmatum
1850 3360 1961 3413 tlte-

358 3469 580 3516 sauros,
617 3463 679 3505 ut
730 3451 947 3505 Eusebii
981 3451 1164 3505 verbis
1209 3461 1350 3514 utar,
1403 3450 1596 3519 partim
1654 3451 1766 3504 viva
1816 3466 1957 3517 voce,

361 3547 562 3609 partim
585 3543 801 3608 scriptis
847 3558 1098 3611 exponere
1121 3543 1450 3596 auditoribus
1483 3558 1502 3596 :
1535 3543 1749 3596 demum
1786 3542 1959 3597 haere-

365 3636 605 3690 ticorum
637 3633 975 3703 sophismata
1013 3633 1291 3687 refellere:
1317 3634 1417 3688 etsi
1472 3633 1616 3688 enim
1648 3633 1750 3687 hoc
1775 3643 1960 3702 aperte

367 3743 480 3781 non
517 3735 788 3781 memoret
823 3725 1102 3787 Eusebius,
1127 3725 1480 3780 dubitandum
1513 3733 1691 3778 tamen
1715 3740 1820 3778 non
1852 3733 1957 3790 est,

364 3821 501 3887 quin
527 3835 697 3872 unum
749 3834 815 3872 ex
853 3820 1134 3889 praecipuis
1186 3818 1330 3874 illius
1367 3818 1681 3873 catechistaa
1717 3819 1958 3872 muneri-

366 3913 477 3964 bus
516 3911 705 3964 fuerit.
754 3907 811 3963 ιιι
844 3921 991 3965 certe
1022 3925 1050 3963 a
1109 3909 1335 3980 Didymo
1389 3910 1605 3980 egregie
1658 3909 1956 3978 praestitum

361 4017 499 4057 esse
532 4011 766 4056 constat.

444 4092 568 4148 lam
599 4107 731 4148 vero
761 4094 871 4147 haec
919 4093 1097 4147 omnia
1141 4093 1196 4150 in
1235 4092 1538 4164 theologum
1583 4105 1825 4149 nostrum
1857 4110 1957 4166 ap-

362 4190 558 4257 prime
620 4187 887 4256 quadrare
942 4188 1064 4256 quis
1119 4203 1221 4240 non
1281 4187 1466 4242 videt?
1523 4186 1660 4241 Illud
1688 4189 1738 4241 in
1770 4189 1959 4257 primis

369 4282 643 4351 quadrat,
681 4281 822 4348 quod
884 4281 930 4334 is
966 4280 1342 4334 Alexandrinae
1375 4280 1632 4335 Ecclesiae
1668 4280 1832 4335 fuerit
1865 4296 1958 4336 ca-

371 4377 646 4429 techista.
677 4373 816 4440 Quid
853 4374 1019 4438 enim,
1053 4388 1261 4443 quaeso,
1292 4373 1435 4427 aliud
1472 4385 1597 4428 sunt
1633 4373 1705 4427 illi
1728 4373 1958 4428 alterno-

369 4483 491 4520 νυ
521 4468 732 4520 dierum
759 4476 1056 4530 conventus,
1085 4481 1220 4533 quos
1264 4480 1384 4536 pag.
1422 4465 1526 4520 504
1551 4466 1778 4534 ipsemet
1800 4480 1950 4519 corn-

377 4569 682 4621 memurat,
718 4559 818 4611 nisi
861 4566 1177 4621 conventus,
1215 4558 1266 4610 iit
1311 4557 1507 4627 quibus
1549 4573 1676 4612 suas
1727 4557 1956 4612 habebat

2064 1530 2230 1585 scopo
2267 1527 2605 1571 reservatum
2639 1529 2780 1582 erat,
2837 1519 2881 1572 si
2906 1520 3039 1574 lidcs
3081 1521 3322 1574 habenda
3363 1534 3444 1574 est
3490 1520 3662 1576 Sozo-

2065 1626 2245 1673 meno,
2279 1611 2371 1678 qui
2406 1611 2501 1666 lib.
2536 1627 2635 1677 vn,
2667 1628 2790 1682 cap.
2827 1614 2914 1675 19,
2944 1614 3156 1676 scribit,
3180 1618 3319 1682 apud
3344 1615 3663 1669 Alexandri-

2064 1719 2157 1758 nos
2206 1705 2375 1757 solum
2423 1704 2649 1758 civitatis
2691 1705 3071 1760 Alexandriam
3115 1710 3415 1775 episcopum
3447 1710 3533 1760 ἐπ’
3569 1710 3663 1762 ὲκο

2063 1797 2292 1868 κλησίας
2323 1797 2397 1866 (id
2429 1808 2510 1850 est
2543 1797 2596 1850 in
2621 1797 2863 1869 ecclesia)
2901 1801 3088 1852 docere
3111 1814 3128 1849 :
3151 1815 3311 1866 quatit
3358 1809 3647 1854 consuetu-

2062 1888 2260 1950 dinem,
2307 1889 2504 1957 inquit,
2563 1903 2682 1942 cum
2724 1899 2879 1942 antea
2914 1907 3017 1943 non
3051 1890 3258 1956 fuisset,
3301 1889 3659 1944 introductam

2060 1996 2169 2033 esse
2197 1979 2391 2047 ferunt,
2423 1996 2487 2036 ea:
2523 1997 2625 2051 quo
2659 1980 2817 2036 Arius
2857 1987 3122 2052 presbyter
3146 1985 3210 2035 de
3240 1985 3482 2036 doctrina
3538 1986 3664 2080 ﬁdei

2060 2074 2346 2135 disserens,
2397 2091 2530 2127 nova
2597 2076 2846 2145 dogmata
2888 2077 3102 2130 invexit.
3151 2075 3281 2142 Quae
3336 2079 3499 2130 verba
3554 2074 3658 2151 etsi

2061 2169 2250 2223 stricto
2277 2184 2436 2222 st-nsu
2469 2169 2698 2224 fortasse
2726 2170 3040 2238 accipienda
3076 2187 3178 2223 non
3206 2172 3337 2234 sint,
3368 2185 3434 2225 ex
3467 2171 3531 2223 iis
3581 2181 3660 2223 ta-

2063 2273 2186 2312 nien
2252 2259 2529 2327 conjicere
2570 2275 2728 2330 posse
2787 2262 3063 2323 videntur,
3127 2260 3409 2330 Didymum
3459 2277 3562 2314 non
3607 2262 3660 2314 in

2061 2349 2317 2410 ecclesia,
2358 2351 2450 2403 sed
2477 2349 2630 2416 alibi,
2661 2349 2946 2418 synaxium
2972 2350 3161 2403 diebus
3190 2353 3504 2406 catecheses
3533 2367 3662 2405 suas

2065 2439 2324 2493 habuisse
2375 2457 2389 2494 :
2429 2439 2660 2510 ideoque
2685 2440 2788 2494 hac
2833 2441 2996 2494 etiam
3029 2441 3095 2494 de
3116 2456 3276 2494 causa
3308 2457 3402 2496 eos
3427 2458 3662 2495 conven-

2063 2541 2151 2586 tus
2182 2533 2355 2600 magis
2388 2533 2613 2602 proprie
2653 2532 2961 2597 συνουσίας,
2999 2547 3158 2602 quant
3189 2548 3423 2604 synaxes
3451 2551 3662 2588 nuncu-

2069 2626 2209 2695 pari.

2138 2718 2244 2772 Sed
2277 2717 2380 2770 alia
2413 2717 2590 2772 adhuc
2620 2727 2744 2772 sunt
2771 2718 2823 2772 in
2853 2729 3075 2772 auctore
3107 2730 3295 2773 nostro
3341 2719 3482 2782 loca,
3533 2735 3653 2788 qua:

2065 2812 2239 2881 ipsum
2254 2811 2604 2865 catecbistam
2622 2811 2784 2864 fuisse
2800 2811 3056 2864 indicant.
3076 2812 3282 2878 Saepius
3296 2813 3438 2865 enim
3458 2814 3500 2864 is
3521 2813 3659 2871 libus

2066 2918 2219 2968 suos,
2236 2919 2298 2958 ac
2324 2903 2558 2957 liliorum
2573 2920 2800 2958 suorum
2817 2905 2957 2958 lilios
2973 2913 3255 2969 memorat,
3276 2917 3485 2972 propter
3505 2921 3655 2974 quos,

2065 2995 2261 3065 inquit,
2287 3012 2340 3048 se
2379 2997 2630 3050 viventem
2644 2996 2916 3059 laborare;
2943 2995 3139 3062 saepius
3159 2998 3322 3048 etiam
3358 2997 3423 3052 de
3449 2997 3514 3050 iis
3552 3014 3661 3050 me-

2066 3086 2243 3148 minit,
2268 3086 2358 3154 qui
2387 3103 2494 3138 una
2523 3102 2640 3138 cum
2665 3086 2775 3152 ipso
2807 3087 3214 3138 conveniebant.
3247 3085 3320 3139 De
3365 3087 3553 3154 primis
3581 3087 3660 3138 Io-

2066 3192 2237 3246 qttens
2271 3177 2346 3230 ait
2373 3195 2386 3232 :
2411 3179 2472 3230 Οἱ
2496 3176 2554 3241 ἐξ
2582 3175 2738 3248 ἐμοῦ,
2776 3187 2830 3230 et
2861 3176 3048 3229 παιδία
3080 3175 3114 3230 ὃ.
3145 3176 3343 3229 ἔδωκέν
3377 3194 3464 3246 μοι
3493 3177 3658 3239 Θεόςο

2067 3269 2133 3320 de
2157 3267 2276 3319 aliis
2297 3276 2474 3320 autem
2491 3268 2569 3320 sic
2587 3266 2854 3334 loquitur:
2882 3267 2944 3318 Οἱ
2963 3268 3057 3318 σὺν
3079 3267 3230 3335 ἡμῖν,
3259 3268 3373 3320 etoi
3392 3267 3486 3319 σὺν
3510 3268 3654 3338 ἐμοὶ.

2066 3360 2180 3414 Etsi
2208 3375 2334 3413 vero
2373 3360 2576 3428 primos
2607 3359 2724 3412 illos
2744 3359 3152 3428 nonspiritales,
3171 3360 3262 3412 sed
3281 3360 3526 3414 carnales
3559 3377 3659 3412 au-

2066 3453 2238 3507 Ctoris
2272 3451 2413 3506 filios
2443 3452 2606 3505 fuisse
2641 3449 2945 3517 conjiciatn,
2977 3451 3245 3504 secundos
3268 3459 3470 3515 tamen,
3517 3468 3654 3520 quos

2065 3555 2219 3600 vocat
2254 3545 2380 3608 τοὺς
2409 3545 2505 3597 σὺν
2538 3543 2692 3614 ἐμοί,
2731 3559 2824 3597 eos
2857 3544 2999 3609 ipsos
3037 3542 3200 3596 fuisse
3229 3543 3520 3596 verisimile
3547 3555 3654 3606 est,

2061 3638 2152 3707 qui
2188 3654 2296 3690 una
2341 3653 2459 3690 cum
2503 3637 2615 3704 ipso
2668 3636 2720 3688 in
2767 3635 3142 3699 comentibus,
3193 3645 3286 3687 aut
3316 3635 3654 3704 συνουσίαις,

2070 3745 2207 3799 quas
2241 3730 2372 3792 dixi,
2411 3729 2477 3782 ad
2503 3743 2625 3782 eum
2658 3727 2983 3782 audiendum
3021 3726 3381 3780 confluebant.

2131 3821 2284 3887 Quod
2322 3821 2540 3876 demum
2571 3830 2782 3890 Spectat
2812 3821 2876 3873 ad
2906 3821 3217 3873 catechista:
3240 3818 3445 3882 munia,
3485 3833 3647 3887 quam

2063 3913 2325 3985 praeclare
2354 3913 2421 3968 iis
2461 3913 2678 3968 functus
2703 3912 2866 3966 fuerit
2905 3910 3190 3981 theologus
3231 3919 3436 3975 noster,
3474 3913 3655 3966 dicere

2059 4020 2524 4074 supervacaneum
2577 4014 2680 4060 est.
2738 4004 2816 4058 Ex
2862 4003 2931 4058 iis
2990 4003 3157 4066 ettim,
3209 4018 3330 4072 quae
3382 4003 3650 4059 hactenus

2058 4097 2193 4160 dixi,
2232 4105 2456 4165 apparet
2477 4111 2600 4151 eum
2629 4104 2684 4151 et
2713 4095 2766 4150 itt
2796 4109 3102 4156 sacrarum,
3127 4094 3427 4148 litterarum
3451 4095 3652 4165 studio,

2059 4197 2220 4256 atque
2255 4187 2702 4256 interpretatione
2733 4188 3136 4255 quamutaxime
3163 4196 3437 4241 versatum
3463 4186 3652 4252 fuisse,

2057 4290 2113 4335 et
2141 4281 2320 4334 divina
2353 4282 2601 4350 dogmata
2626 4293 2749 4332 cum
2782 4279 2900 4332 viva
2928 4293 3079 4342 voce,
3107 4289 3218 4331 tum
3271 4279 3489 4347 scriptis
3515 4289 3657 4334 stre-

2058 4389 2163 4428 nue
2199 4387 2586 4442 pr0pugnasse,
2619 4385 2794 4440 eaque
2842 4372 2909 4424 ab
2967 4372 3342 4424 haereticorum
3387 4369 3652 4435 dicteriis,

2056 4465 2388 4534 objectisqne
2418 4464 2742 4518 vindicasse.
2781 4463 2836 4516 In
2871 4463 2936 4515 iis
2967 4462 3132 4530 igitur
3162 4461 3406 4516 formulis
3440 4463 3616 4529 potius
3636 4502 3652 4524 ,

2061 4573 2197 4627 quas
2239 4555 2399 4610 modo
2450 4555 2767 4617 memoravi,
2827 4553 3098 4621 paulisper
3143 4554 3536 4607 immorentur:
3588 4563 3649 4608 ttt

367 4647 739 4702 catecbescs?
769 4645 823 4700 In
871 4648 935 4701 iis
970 4647 1116 4702 enim
1159 4647 1512 4701 conventibus
1562 4662 1623 4702 se
1676 4664 1782 4700 una
1833 4664 1953 4700 cum
1985 4671 2030 4726 Ι)
2060 4651 2234 4720 majus
2263 4650 2408 4715 inde,
2442 4648 2488 4704 si
2515 4649 2658 4704 lierit
2692 4656 2892 4718 potest,
2915 4647 3154 4716 opinioni
3201 4662 3333 4700 mea:
3365 4647 3531 4702 robur
3558 4664 3654 4702 ac-

372 4744 508 4800 suis.
546 4743 601 4794 id
631 4751 714 4794 est
740 4755 859 4793 cum
887 4741 1186 4810 discipulis,
1232 4751 1436 4795 sancta:
1477 4739 1759 4794 Trinitatis
1812 4757 1952 4793 cont-

369 4835 816 4886 memorationem
847 4831 1093 4899 factitare
1133 4834 1482 4887 consuevisse
1521 4833 1618 4896 ait,
1665 4850 1726 4886 ac
1755 4849 1955 4900 semper

375 4925 701 4978 Trinitatem
722 4925 888 4987 ipsam
915 4941 1007 4990 pro
1035 4925 1228 4978 uiribus
1261 4924 1564 4986 celebrasse,
1598 4941 1689 4977 nec
1719 4924 1826 4977 ullo
1859 4942 1956 4978 un-

381 5035 547 5082 quam
584 5028 813 5082 tempore
840 5033 942 5068 non
970 5017 1304 5083 praedicasse,
1330 5033 1416 5069 eos
1446 5017 1594 5070 valde
1622 5018 1673 5070 in
1696 5035 1845 5070 suum
1875 5019 1957 5084 ip-

377 5126 564 5162 sorum
602 5109 882 5175 perniciem
926 5124 1156 5174 peccare,
1196 5111 1285 5178 qui
1308 5109 1621 5176 prteclurum
1657 5111 1860 5181 aliquid
1890 5112 1955 5164 ad

379 5201 704 5254 c-tholicam
732 5199 799 5252 de
828 5197 1090 5254 Trinitate
1131 5201 1288 5255 tidem
1333 5213 1588 5271 spectans
1633 5207 1708 5257 vel
1761 5204 1956 5258 discere

383 5291 673 5360 negligant,
708 5290 784 5345 vel
818 5292 1022 5347 docere.
1057 5293 1350 5362 Aptissime
1380 5310 1512 5349 sane
1554 5297 1666 5348 hate
1713 5295 1766 5349 in
1808 5308 1956 5351 cate-

379 5384 616 5437 chistam
672 5384 1098 5438 Alexandrinum
1147 5387 1457 5452 convenire,
1500 5389 1710 5442 ostendi
1747 5389 1858 5458 jam
1905 5391 1956 5444 in

371 5478 527 5530 notis
564 5478 628 5530 ad
670 5490 791 5530 eum
835 5476 1032 5531 locum.
1078 5477 1212 5533 Cum
1259 5480 1402 5534 enim
1447 5480 1808 5548 Alexandriae,
1854 5497 1956 5535 non

370 5584 511 5623 vero
544 5569 596 5622 in
649 5569 852 5638 reliqua
901 5569 1158 5642 Egypto,
1200 5586 1434 5642 synaxes
1495 5574 1722 5628 alternis
1770 5573 1960 5629 diebus

371 5664 568 5732 reipsa
621 5664 970 5730 haberentur,
1001 5667 1090 5720 vix
1139 5667 1491 5721 dubitandum
1535 5669 1766 5732 videtur,
1830 5669 1960 5737 quin

373 5755 646 5824 Didymus
673 5771 881 5826 quoque
907 5757 1133 5812 alternis
1161 5759 1351 5813 diebus
1387 5775 1512 5814 suas
1560 5759 1862 5826 συνουσίας,
1909 5761 1961 5816 id

374 5858 466 5900 est
499 5863 632 5900 suos
660 5862 1004 5917 congressus,
1040 5858 1131 5902 aut
1165 5858 1462 5904 conventus
1507 5849 1775 5905 habuerit.
1809 5850 1961 5917 Quod

377 5954 518 5994 sero
554 5941 687 5995 istos
718 5951 891 5998 ccetus
923 5942 1208 6004 συνουσίας
1232 5943 1410 6011 potius
1440 5953 1595 5999 vocet
1645 5953 1834 5999 auctor
1869 5957 1944 5997 no

2065 4744 2245 4797 cedat.

2061 4835 2190 4890 CAP.
2230 4832 2299 4888 X.
2330 4830 2501 4884 Filios
2527 4832 2703 4900 genuit
2741 4842 2788 4884 et
2825 4843 3010 4884 auctor
3050 4841 3224 4883 noster
3267 4840 3315 4882 et
3363 4829 3641 4900 Didymus.

2153 4923 2301 4977 Nihil
2338 4923 2520 4990 itaque
2558 4921 2804 4976 crebrius
2839 4924 2889 4973 in
2920 4921 3323 4988 precationibus
3353 4922 3476 4974 huic
3507 4921 3657 4988 Operi

2065 5018 2282 5072 insertis
2320 5024 2587 5069 memorat
2625 5023 2815 5068 auctor
2863 5024 3067 5078 noster,
3114 5028 3275 5082 quant
3321 5012 3462 5066 filios
3508 5028 3656 5076 suos,

2065 5120 2123 5162 ut
2152 5110 2264 5177 jam
2301 5109 2435 5161 dixi.
2477 5105 2622 5177 [XX]
2653 5106 2851 5159 Eorum
2880 5106 3124 5159 meminit
3162 5123 3318 5175 pagg.
3353 5106 3482 5168 202,
3529 5107 3655 5172 205,

2064 5203 2192 5268 305,
2227 5201 2353 5266 507,
2387 5200 2513 5265 508,
2543 5215 2607 5254 ac
2635 5201 2851 5253 demum
2887 5199 3016 5255 519.
3069 5201 3257 5265 Quaeri
3291 5215 3419 5268 ergo
3472 5208 3660 5268 posset

2067 5296 2269 5365 primo,
2301 5304 2480 5347 utrum
2511 5302 2698 5347 auctor
2747 5303 2956 5358 nOster,
3007 5302 3099 5345 aut
3157 5293 3421 5362 Didymus
3468 5308 3657 5347 mona-

2065 5388 2199 5443 chus
2231 5387 2393 5452 fuerit
2420 5401 2434 5440 :
2465 5386 2658 5440 deinde
2703 5396 2883 5440 utrum
2916 5387 2980 5440 de
3015 5385 3140 5439 ﬁliis
3179 5386 3532 5454 Spiritalibus.
3585 5401 3657 5439 an

2067 5481 2134 5534 de
2163 5477 2468 5533 carnalibus
2490 5492 2552 5531 ea
2575 5477 2687 5532 loca
2715 5477 3060 5546 intelligenda
3083 5478 3212 5532 sint.
3245 5476 3442 5531 Verum
3471 5477 3648 5546 prima

2067 5568 2295 5639 qttmstio
2332 5577 2386 5622 et
2414 5585 2440 5620 a
2477 5571 2755 5638 proposito
2803 5584 2925 5622 meo
2984 5567 3157 5621 aliena
3202 5578 3306 5635 est,
3363 5583 3534 5635 neque
3589 5568 3656 5621 ad

2069 5658 2382 5712 solvendam
2425 5657 2648 5711 alteram
2675 5659 2896 5712 ontnitto
2929 5658 3258 5712 necessaria.
3312 5656 3454 5711 Fieri
3507 5658 3654 5711 enim

2071 5760 2272 5821 potest,
2306 5761 2361 5807 ut
2394 5751 2579 5805 liberis
2609 5767 2830 5821 operam
2871 5751 3022 5819 prius
3047 5752 3255 5803 dederit
3281 5751 3562 5820 Didymus,
3592 5765 3658 5804 ac

2071 5845 2286 5910 deinde,
2323 5859 2491 5898 uxore
2523 5853 2616 5896 aut
2645 5841 2919 5906 defuncta,
2967 5853 3059 5896 attt
3117 5843 3510 5904 consentiente,
3562 5853 3658 5898 aut

2073 5937 2254 6002 etiam,
2289 5947 2345 5991 ut
2376 5935 2416 5990 Τ
2424 5934 2782 6006 beonas_fecit
2816 5951 2843 5988 a
2871 5934 3132 5989 Cassiano
3163 5947 3498 5994 memoratus
3542 5938 3654 5994 col-
