4092 6392
536 460 643 529 155

1985 449 2078 504 DE
2117 447 2381 504 DlDYMO

3693 443 3794 501 156

536 576 737 630 latione
769 586 885 640 xxi,
915 548 1035 642 cap.
1076 570 1129 638 l,
1160 569 1347 626 eadem
1395 569 1587 634 invita,
1627 568 1681 622 in
1729 570 2117 623 monasterium
2151 574 2199 631 Α
2296 568 2568 636 Secundo,
2600 568 2654 623 in
2685 566 2864 623 citatis
2895 565 3029 621 locis
3058 571 3245 619 auctor
3272 568 3454 618 noster
3486 575 3590 617 non
3617 561 3789 619 soln

533 681 597 723 se
628 666 918 736 receperit.
959 664 1087 719 Sive
1114 679 1244 733 ergo
1294 662 1591 717 monachus
1636 660 1800 715 fuerit
1839 661 2114 731 Didymus,

535 770 597 813 ut
621 774 742 814 eum
774 756 1009 828 appellat
1035 755 1221 811 Victor
1246 754 1617 818 Tununensis,
1657 753 1771 807 sive
1792 769 1895 807 non
1929 753 2114 820 fuerit,

535 848 794 904 solvenda
822 849 1001 904 adhuc
1034 858 1210 902 restat
1248 847 1419 902 altera
1446 864 1512 903 ex
1537 848 1825 919 propositis
1862 847 2119 916 qumstio-

543 941 723 997 nibus.
752 940 947 997 Verum
978 941 1120 995 haud
1142 940 1256 995 scio
1289 955 1357 993 an
1385 954 1447 995 ea
1478 940 1633 995 nobis
1673 939 1949 1009 supersint
1996 953 2117 993 mo—

540 1043 821 1097 numenta,
850 1033 1050 1104 quibus
1079 1033 1152 1087 ita
1182 1032 1311 1086 dilui
1344 1032 1533 1100 possit,
1569 1040 1628 1086 ut
1662 1031 1851 1087 lectori
1895 1030 2117 1085 omnino

538 1125 962 1189 satisfaciamus,
988 1128 1080 1195 qui
1114 1125 1483 1196 probabilibus
1517 1125 1845 1194 conjecturis
1890 1133 2112 1177 conten-

551 1228 638 1272 tus
666 1234 789 1275 esse
821 1218 974 1273 nolit.
1003 1218 1118 1272 Duo
1146 1227 1325 1273 tamen
1358 1218 1471 1272 haec
1504 1226 1744 1272 statuere
1784 1230 1940 1285 posse
1986 1214 2115 1268 mibi

536 1308 726 1364 videor
756 1326 770 1362 :
805 1309 1039 1376 primum
1067 1307 1180 1362 sive
1208 1307 1347 1374 loca,
1382 1323 1502 1376 qua:
1535 1306 1789 1368 iudicavi,
1845 1309 1913 1361 de
1955 1305 2116 1376 spiri-

537 1400 734 1457 talibus
758 1399 881 1457 ﬁliis
911 1399 1274 1470 accipiantur,
1304 1401 1421 1455 sive
1461 1398 1529 1454 de
1558 1398 1885 1462 carnalibus,
1912 1400 2117 1469 Optime

537 1494 765 1566 Didymo
792 1509 855 1550 ea
878 1494 1171 1550 convenire
1202 1536 1216 1548 .
1249 1493 1569 1558 secundum,
1596 1493 1944 1549 verisimilius
1995 1508 2116 1550 esse

536 1596 812 1642 auctorem
844 1598 1086 1642 nostrum
1114 1587 1181 1642 de
1208 1586 1520 1641 carnalibus
1550 1585 1675 1641 ﬁliis
1706 1585 1873 1653 loqui.

615 1675 683 1731 Ut
718 1687 897 1733 antem
929 1695 957 1731 a
985 1679 1160 1752 primo
1184 1677 1464 1743 exordiar,
1490 1678 1535 1731 si
1565 1693 1629 1733 ea
1654 1678 1769 1733 loca
1798 1679 1863 1732 de
1890 1678 2114 1747 spirita-

536 1768 679 1823 libus
711 1769 836 1824 llliis
872 1786 964 1838 per
992 1772 1325 1835 catecliesim,
1353 1778 1411 1823 ut
1443 1768 1678 1840 Cyrillus
1707 1768 2116 1841 Jerosolymita-

534 1868 652 1914 nus‘
673 1859 931 1929 loquitur,
968 1861 1165 1929 genitis
1216 1861 1603 1930 intelligantur,
1656 1876 1818 1929 quam
1864 1861 2002 1916 bene
2048 1876 2110 1915 ea

536 1949 763 2020 Didymo
790 1960 1113 2018 congruant,
1147 1965 1308 2004 nemo
1344 1964 1449 2003 non
1501 1948 1688 2005 videt:
1723 1950 1824 2003 fuit
1868 1952 2012 2004 enim
2068 1952 2115 2005 is

532 2041 912 2096 Alexandrinae
943 2041 1199 2097 Ecclesia:
1229 2043 1553 2107 catecliista,
1589 2051 1648 2096 ut
1683 2058 1813 2099 vero
1862 2044 1940 2098 ait
1988 2043 2116 2099 Cle-

534 2148 686 2187 mens
715 2133 868 2188 initio
892 2134 1050 2203 primi
1080 2134 1393 2202 Stromatis,
1434 2134 1687 2207 Πατέρας
1718 2135 1844 2199 τοὺς
1872 2137 2117 2209 κατηχή-

533 2219 734 2282 cavsa;
761 2237 963 2291 φαμεν.
1000 2221 1095 2275 Sin
1127 2232 1307 2277 autem
1337 2224 1402 2278 de
1431 2223 1554 2279 filiis
1605 2225 1914 2281 carnalibus
1954 2229 2117 2282 theo-

520 2310 639 2379 logi
676 2316 847 2366 nostri
878 2314 1039 2368 verba
1072 2315 1511 2384 interpretemur,
1544 2318 1781 2385 cuinam,
1807 2336 2014 2391 quaeso,
2045 2337 2115 2377 eux

530 2405 786 2458 omnibus
814 2406 993 2473 quarti
1026 2408 1207 2461 saeculi
1233 2408 1483 2464 Patribus
1512 2412 1900 2469 Alexandrinis
1934 2416 2112 2485 aptius

533 2495 825 2550 convenire
857 2507 1104 2565 possunt,
1135 2514 1297 2569 quam
1334 2501 1608 2572 Didymo?
1642 2505 1757 2574 qui,
1787 2522 1908 2561 cum
1939 2524 2115 2565 caecus

537 2585 701 2650 foret,
732 2587 892 2642 nullis
923 2589 1204 2645 ordinibus
1238 2592 1410 2646 sacris
1442 2593 1687 2651 initiatus
1711 2611 1832 2651 esse
1864 2600 2116 2668 poterat?

532 2674 648 2732 Etsi
709 2678 856 2733 enim
913 2682 1154 2736 nonnulli
1204 2693 1331 2736 tunc
1388 2685 1716 2757 presbyteri,
1764 2698 1822 2744 et
1874 2691 2113 2762 episcopi

533 2785 704 2825 uxore
738 2786 843 2826 non
876 2773 1117 2829 destituti
1171 2775 1338 2831 fuisse
1379 2779 1786 2845 perhibeantur,
1838 2792 1895 2837 ut
1942 2781 2115 2855 Syne-

533 2863 648 2917 sius
679 2861 1049 2929 Ptolemaidis,
1077 2874 1136 2920 ut
1163 2866 1222 2922 S.
1273 2866 1513 2924 Hilarius
1560 2868 2000 2938 Pictaviensium,
2055 2884 2115 2929 It

534 2950 599 3008 S.
632 2952 899 3011 Pacianns
929 2953 1412 3013 Barcinonensium
1445 2961 1707 3031 episcopi,
1749 2963 1883 3018 nulli
1930 2972 2111 3021 tamen

532 3060 599 3100 ex
633 3045 784 3101 hisce
818 3048 978 3102 tribui
1011 3059 1187 3117 potest
1221 3051 1323 3105 boc
1355 3067 1525 3120 opus;
1558 3070 1657 3108 nec
1684 3054 1850 3110 ullum
1891 3068 2114 3126 praeter-

533 3150 597 3190 ea
625 3149 689 3191 ex
719 3137 864 3191 omni
899 3139 1221 3209 antiquitate
1260 3140 1477 3196 Patrem
1510 3144 1655 3208 novi,
1706 3153 1799 3199 aut
1829 3146 2112 3218 presbyte-

2221 662 2355 716 nibil
2386 661 2612 716 omnino
2641 661 2826 724 habet,
2862 660 3006 729 quod
3042 660 3239 714 indicet
3267 671 3391 711 cum
3420 655 3567 725 loqui
3617 656 3688 711 de
3721 656 3787 709 ii-

2217 751 2303 808 liis
2332 752 2683 823 spiritalibus,
2716 750 2812 805 sed
2866 751 2939 805 ita
2994 764 3025 805 e
3065 748 3339 805 contrario
3385 746 3651 815 loquitur,
3709 755 3790 813 ut,

2217 858 2339 898 meo
2366 844 2579 913 quidem
2604 842 2831 912 judicio,
2863 843 3112 899 carnales
3134 841 3314 912 potius
3347 839 3489 894 ﬁlios
3520 838 3786 908 designet.

2218 933 2330 988 Etsi
2367 935 2510 988 enim
2544 934 2638 1001 filii
2671 933 2961 1004 spiritales,
3008 943 3105 988 aut
3152 931 3399 1001 discipuli
3444 932 3643 1001 saepius
3696 945 3796 986 vo-

2218 1035 2407 1080 centur
2430 1042 2458 1080 a
2488 1026 2737 1082 Patribus
2763 1027 2975 1092 παιδία,
3000 1025 3131 1089 υἱοί,
3155 1034 3249 1079 aut
3276 1024 3465 1088 τέκνα,
3489 1037 3686 1092 nempe
3726 1024 3794 1090 ﬁ-

2218 1119 2312 1182 lii;
2341 1120 2481 1173 haud
2514 1120 2628 1174 scio
2665 1129 2843 1173 tamen
2875 1136 2943 1174 an
2983 1133 3172 1174 eorum
3213 1116 3356 1171 ullus
3403 1117 3469 1171 de
3511 1115 3794 1183 discipulis

2217 1212 2331 1265 suis
2359 1211 2586 1279 loquens
2616 1211 2719 1267 hac
2752 1210 3025 1267 locutione
3054 1225 3183 1264 usus
3222 1222 3456 1278 unquam
3510 1206 3675 1262 fuerit
3701 1224 3716 1260 :
3745 1207 3796 1259 at

2218 1300 2279 1367 ἐξ
2308 1302 2466 1373 ἐμοῦ,
2493 1304 2544 1357 id
2563 1315 2670 1367 est,
2694 1304 2756 1369 ii,
2789 1303 2879 1369 qui
2910 1301 3078 1371 (sunt)
3103 1316 3168 1355 ea:
3196 1314 3301 1363 nte,
3331 1311 3541 1366 nempe,
3565 1297 3661 1365 qui
3696 1298 3796 1363 orti

2217 1404 2336 1447 sunt
2360 1409 2425 1447 ea;
2453 1409 2555 1447 me.
2587 1392 2657 1447 At
2686 1401 2875 1447 auctor
2923 1400 3108 1445 noster
3147 1389 3346 1457 saepius
3372 1401 3494 1442 eam
3547 1396 3795 1458 usurpat,

2218 1494 2278 1538 ut
2309 1484 2493 1538 videre
2518 1484 2646 1538 licet
2678 1484 2731 1537 in
2762 1481 2893 1537 locis
2924 1482 3173 1550 superius
3204 1480 3470 1551 allegatis.

2288 1575 2493 1640 Tertio,
2543 1591 2647 1629 non
2694 1574 2925 1629 filiorum
2967 1574 3236 1629 duntaxat
3283 1574 3330 1629 is
3373 1576 3792 1654 meminit,’in-

2216 1666 2407 1735 quiens
2437 1680 2533 1720 eos
2560 1674 2752 1719 esseom
2790 1665 2906 1731 ipso
2959 1664 3179 1734 (nempe
3217 1674 3374 1720 natos
3425 1681 3493 1722 ex
3543 1668 3689 1739 ipso)
3735 1684 3798 1724 ac

2216 1761 2316 1815 sibi
2343 1776 2375 1812 a
2405 1758 2630 1812 Domino
2659 1760 2834 1820 datos,
2864 1757 2959 1812 sed
2997 1757 3223 1811 istorum
3249 1773 3463 1828 quoque
3511 1760 3658 1816 filios
3688 1776 3797 1816 me-

2216 1859 2414 1913 morat,
2444 1863 2647 1918 eosqne
2680 1856 2836 1903 vocat
2856 1847 3052 1902 alicubi
3078 1848 3296 1918 quidem
3322 1851 3451 1914 τοὺς
3487 1852 3587 1905 ἀπ’
3615 1853 3795 1906 αὐτῶν

2145 1906 2189 1965 Β
2217 1906 2412 2009 Mdg,
2427 1943 2479 1996 id
2507 1906 2611 2004 εεί,
2644 1942 2733 2008 qui
2759 1941 2822 1993 ab
2862 1940 2990 2010 ipsis
3014 1906 3170 2005 sunt,
3226 1906 3447 2011 nempe,
3497 1946 3591 2013 qui
3615 1945 3681 1999 ab
3727 1948 3797 2001 eis

2214 2034 2375 2101 geniti
2397 2042 2556 2095 sunt;
2592 2031 2717 2086 alibi
2761 2044 2887 2085 vero
2927 2031 3119 2085 παιδία
3156 2031 3266 2088 τῶν
3300 2034 3554 2101 παιδίων,
3609 2036 3663 2090 id
3695 2048 3797 2101 est,

2214 2125 2357 2194 filios
2381 2123 2634 2188 ﬁliorum.
2682 2122 2823 2189 Quin
2877 2133 3142 2194 praeterea
3193 2139 3293 2194 pro
3340 2129 3633 2196 nepotibus
3682 2141 3799 2185 orat

2219 2219 2459 2273 nondum
2492 2216 2659 2282 natis,
2689 2216 2784 2270 sed
2813 2216 2866 2269 in
2894 2223 3169 2285 posterum
3198 2217 3442 2283 orituris,
3472 2220 3646 2293 [XXI]
3672 2224 3794 2275 dum

2215 2310 2309 2373 ait,
2346 2309 2473 2371 τοὺς
2494 2309 2593 2361 ἀπ’
2616 2305 2797 2361 αὐτῶν
2823 2306 3134 2378 ἐσομένους.
3177 2308 3284 2363 Deo
3312 2310 3364 2364 in
3394 2326 3610 2366 summa
3650 2329 3797 2368 com-

2216 2399 2437 2455 meudat
2466 2413 2570 2452 non
2609 2408 2818 2452 tantum
2850 2414 2929 2465 se,
2968 2414 3034 2454 ac
3070 2400 3211 2456 ﬁlios
3238 2416 3387 2468 suos,
3419 2404 3512 2458 sed
3557 2415 3611 2458 et
3650 2416 3798 2460 natos

2216 2503 2464 2547 natorum
2494 2502 2542 2545 et
2575 2492 2667 2555 qui
2691 2503 2975 2546 nascentur
2998 2499 3063 2545 ab
3090 2492 3220 2549 illis.
3243 2494 3315 2547 At
3356 2494 3401 2549 si
3452 2495 3566 2549 haec
3619 2495 3797 2550 omnia

2216 2586 2283 2641 de
2314 2585 2457 2650 filiis,
2489 2601 2553 2639 ac
2586 2584 2869 2652 nepotibus
2913 2584 3274 2655 spiritalibus,
3307 2586 3424 2641 sive
3455 2588 3522 2641 de
3553 2588 3800 2659 discipu-

2214 2678 2302 2746 lis,
2334 2678 2484 2733 etde
2531 2675 2915 2747 discipulorum
2976 2675 3279 2746 discipulis,
3330 2693 3393 2732 ac
3458 2678 3681 2733 demum
3736 2682 3799 2735 de

2215 2770 2310 2834 iis,
2339 2786 2477 2836 quos
2501 2768 2885 2836 discipulorum
2916 2766 3161 2836 discipuli
3197 2767 3439 2822 edocturi
3487 2779 3673 2834 erant,
3701 2771 3783 2824 iu-

2216 2861 2607 2931 telligerentnr,
2646 2857 2807 2911 nimis
2830 2858 3146 2912 continuata
3175 2868 3341 2924 esset,
3389 2875 3509 2914 meo
3555 2860 3786 2930 judicio,

2216 2954 2334 3010 sine
2360 2953 2466 3008 ulla
2501 2950 2846 3012 necessitate,
2879 2949 3162 3019 allegoria.
3203 2951 3284 3005 Ac
3313 2966 3445 3005 sane
3490 2952 3619 3020 quis
3667 2952 3799 3007 alius

2219 3046 2455 3112 scriptor
2473 3057 2711 3111 unquam
2750 3040 3138 3110 discipulorum
3160 3057 3381 3097 suorum
3399 3043 3714 3112 discipulos,
3742 3046 3801 3114 [i-

2215 3137 2315 3191 lios
2343 3137 2577 3205 ﬁliorum
2605 3151 2821 3189 suorum
2843 3136 3192 3204 nuncupavit,
3226 3136 3294 3191 iis
3315 3138 3613 3207 prazsertim
3643 3139 3696 3193 in
3726 3140 3800 3193 lo-

533 3242 675 3293 rum,
728 3237 822 3282 aut
874 3229 1207 3301 episcopum,
1250 3233 1341 3302 qni
1393 3233 1461 3287 de
1498 3233 1623 3290 liliis
1660 3236 1775 3291 suis
1800 3238 2112 3295 carnalibus
2140 3260 2181 3317 ο
2216 3230 2421 3290 cis.nbi
2441 3229 2616 3283 oratio
2631 3228 2855 3296 simplex
2875 3229 2970 3294 sit,
2992 3242 3091 3284 nec
3116 3229 3559 3286 translationibus
3578 3232 3800 3287 referta?

535 3324 645 3372 tam
672 3333 814 3387 szrpe
842 3322 1169 3377 mentionem
1201 3322 1410 3389 fecerit,
1436 3341 1501 3381 ac
1523 3340 1617 3380 eos
1662 3326 1829 3383 veluti
1872 3341 2117 3386 ostenta-

536 3407 629 3471 rit,
663 3418 724 3462 ut
751 3419 942 3465 auctor
981 3424 1168 3466 noster
1199 3414 1329 3468 facit
1355 3427 1371 3468 :
1401 3415 1666 3472 dedecere
1688 3418 1897 3473 scilicet
1925 3420 2116 3476 existi.

535 3500 778 3566 mabaut,
811 3511 870 3557 ut
900 3505 1117 3573 opinor,
1143 3506 1214 3559 ita
1240 3520 1300 3560 se
1352 3522 1549 3578 gerere
1597 3524 1744 3575 eum,
1803 3514 1893 3577 qui
1947 3515 2120 3569 sacris

532 3593 818 3649 ordinibus
853 3595 1100 3652 initiatus
1129 3598 1221 3652 sit.
1252 3598 1368 3654 Huc
1391 3601 1605 3655 accedit
1636 3604 1778 3669 quod
1808 3619 1914 3658 non
1961 3606 2120 3660 modo

537 3683 678 3738 ﬁiios
703 3699 832 3739 suos
857 3698 1248 3742 commemorat
1281 3697 1474 3744 auctor
1501 3700 1709 3756 noster,
1739 3706 1929 3747 verum
1955 3694 2118 3749 etiam

537 3784 791 3845 Depotes,
817 3791 912 3830 seu
941 3778 1177 3844 ﬁliorum
1203 3796 1421 3833 suorum
1465 3780 1630 3847 ﬁlios.
1681 3781 1752 3837 At
1802 3784 1854 3838 id
1905 3801 2122 3856 quoque

536 3868 868 3921 adamussim
915 3870 1150 3939 quadrat
1195 3870 1251 3924 in
1300 3869 1606 3942 Didymum,
1651 3875 1792 3942 quod
1838 3885 1893 3929 et
1931 3877 2125 3932 diutis-

543 3958 684 4013 sime
711 3959 930 4037 vixerit,
963 3963 1144 4016 ethos
1181 3963 1351 4017 libros
1383 3974 1507 4034 post
1547 3965 1763 4019 tertium
1803 3982 1867 4022 ac
1906 3979 2122 4037 septua-

535 4052 803 4123 gesimum
836 4052 1057 4107 circiter
1091 4054 1213 4108 vita:
1252 4070 1455 4110 annum
1501 4057 1735 4113 dictasse
1775 4060 2041 4128 videatur,
2073 4062 2121 4119 si

534 4159 633 4199 eos
663 4158 853 4198 revera
894 4144 1143 4210 dictavit,
1168 4156 1227 4200 ut
1257 4157 1410 4217 puto.

607 4237 763 4305 Quod
793 4254 924 4294 vero
961 4255 1023 4294 ea
1053 4255 1173 4309 qua:
1199 4241 1503 4310 numeravi,
1526 4244 1765 4299 auctoris
1794 4246 1966 4302 nostri
2000 4248 2121 4304 loca

535 4332 602 4385 de
627 4331 937 4387 carnalibus
974 4332 1144 4386 multo
1176 4333 1547 4399 verisimilius,
1591 4349 1753 4404 quam
1792 4338 1859 4393 de
1893 4339 2113 4408 spirita-

535 4422 833 4488 libus,ﬁliis
855 4424 1211 4494 accipiantur,
1234 4425 1422 4481 multis
1454 4426 1783 4495 conjecturis
1807 4431 2119 4486 conﬁrmari

536 4526 744 4585 potest,
790 4533 911 4587 qua:
936 4534 1041 4573 non
1064 4533 1255 4573 omnes
1283 4527 1463 4574 tamen
1495 4517 1739 4588 ejusdem
1788 4533 1914 4577 sunt
1962 4523 2122 4578 robo-

2293 3319 2521 3387 Quarto,
2546 3329 2810 3373 memorat
2837 3318 3123 3390 theologus
3152 3329 3337 3375 noster
3358 3337 3479 3375 cum
3523 3338 3645 3388 eos,
3670 3340 3800 3392 quos

2221 3419 2379 3462 vocat
2425 3408 2553 3472 τοὺς
2602 3406 2664 3472 ἐξ
2715 3406 2876 3477 ἐμοῦ,
2914 3416 3024 3460 ιιιηι
3062 3422 3176 3469 eos.
3211 3423 3347 3477 quos
3392 3410 3629 3479 appellat
3677 3412 3801 3472 τοὺς

2223 3502 2319 3554 σὺν
2346 3502 2498 3571 ἡμῖν,
2538 3510 2591 3555 et
2617 3501 2743 3563 τοὺς
2797 3500 2894 3552 σὺν
2947 3499 3091 3570 ἐμοί,
3135 3514 3329 3569 nempe
3376 3512 3645 3557 memorat
3679 3519 3797 3558 cum

2223 3594 2365 3648 ﬁlios
2400 3607 2549 3657 suos,
2575 3603 2686 3647 tum
2721 3607 2835 3655 eos,
2867 3607 3003 3661 quos
3033 3609 3140 3646 una
3179 3610 3298 3646 cum
3329 3610 3383 3647 se
3408 3594 3521 3661 ipso
3542 3610 3667 3650 esse
3706 3596 3797 3649 ait.

2223 3685 2487 3740 Videntur
2532 3693 2711 3739 autem
2750 3685 2863 3739 lucc
2903 3685 3037 3739 satis
3083 3686 3367 3740 commode
3415 3686 3714 3755 esplicari,
3757 3688 3800 3741 si

2227 3776 2555 3839 dixerimus,
2591 3784 2685 3828 aut
2724 3775 2908 3842 priore
2946 3772 3181 3829 formula
3227 3774 3470 3831 carnales
3502 3776 3714 3846 Didymi
3739 3775 3800 3830 ﬁ-

2220 3868 2343 3931 lios,
2381 3870 2619 3924 secunda
2647 3882 2778 3922 vero
2804 3865 2945 3932 illos,
2976 3867 3068 3936 qui
3117 3883 3223 3921 una
3256 3883 3375 3921 cum
3413 3869 3524 3937 ipso
3557 3869 3624 3922 ad
3658 3879 3805 3924 cate-

2222 3962 2414 4016 clieses
2473 3961 2887 4025 conveniebant,
2936 3961 3247 4031 designari;
3292 3972 3385 4015 aut
3432 3962 3640 4033 primos
3685 3979 3802 4019 eos—

2222 4054 2352 4107 dem
2396 4068 2517 4106 esse
2563 4069 2684 4107 cum
2714 4054 2990 4119 secundis,
3023 4054 3164 4122 quod
3191 4054 3400 4109 scilicet
3449 4056 3659 4127 Didymi
3710 4056 3799 4110 ﬁlii

2222 4160 2326 4197 una
2362 4158 2485 4197 cum
2509 4143 2735 4215 Didymo
2760 4144 2879 4211 ipso
2901 4144 3065 4197 vitam
3097 4143 3376 4214 degerent.

2291 4234 2511 4303 Quinto,
2539 4246 2729 4290 auctor
2770 4245 2958 4292 noster
2992 4251 3115 4306 pag.
3151 4235 3256 4290 3l9
3281 4238 3356 4290 ait
3388 4256 3403 4290 :
3460 4236 3636 4291 Simul
3686 4254 3799 4292 cum

2220 4326 2371 4395 ﬁliis,
2421 4343 2552 4395 quos
2600 4328 2741 4381 dedit
2806 4326 2939 4379 mihi
3003 4326 3215 4399 (Dens),
3271 4339 3317 4381 et
3369 4327 3600 4397 ﬁliorum
3652 4329 3796 4397 ﬁliis,

2219 4428 2431 4488 prapter
2480 4433 2611 4487 quos
2668 4418 2828 4471 etiam
2907 4421 3131 4472 virentes
3201 4418 3527 4474 laboramus.
3602 4418 3795 4490 Pagina

2221 4526 2353 4566 vero
2385 4510 2489 4563 307
2519 4510 2646 4563 illud
2687 4524 2716 4562 a
2754 4518 2944 4563 sancta
2996 4508 3265 4565 Trinitate
3306 4514 3461 4580 petit,
3507 4521 3565 4566 ut
3596 4512 3800 4581 possint

538 4608 635 4661 ris.
668 4606 905 4662 Aﬁeram
932 4609 1084 4677 prius
1105 4608 1362 4676 leviores,
1394 4618 1510 4664 tum
1545 4610 1759 4667 veniam
1800 4613 1869 4668 ad
1907 4616 2119 4683 gravia.
2149 4608 2195 4664 D
2223 4602 2462 4657 universi
2507 4603 2575 4656 iis
2607 4602 2699 4672 qui
2746 4603 3001 4672 indigent,
3046 4602 3232 4671 largiri
3274 4619 3370 4671 pro
3400 4605 3615 4669 viribus,
3664 4603 3798 4659 inci-

539 4715 625 4753 res

567 4811 577 4821 -
614 4788 879 4843 Nimirum
908 4790 1084 4859 primo
1111 4790 1166 4844 in
1196 4790 1605 4847 commentariis
1646 4792 1701 4844 in
1757 4791 2001 4847 Psalmos
2051 4793 2119 4850 ad

538 4881 733 4936 versic.
766 4882 887 4953 157.
919 4882 1109 4951 psalmi
1136 4898 1328 4947 cxvrn,
1364 4899 1484 4953 pag.
1521 4882 1628 4937 502
1676 4895 1879 4940 calente
1918 4887 2123 4941 Corde-

543 4977 712 5028 riaua:
743 4976 967 5043 perinde
995 4975 1138 5043 loqui
1191 4976 1404 5030 videtur
1450 4975 1729 5046 Didymus,
1783 4980 1936 5046 quasi
1985 4995 2123 5035 uxor

536 5066 639 5134 ipsi
674 5066 852 5132 fuerit,
884 5083 946 5121 ac
977 5067 1173 5120 liberi:
1208 5068 1279 5121 ita
1315 5069 1461 5121 enim
1493 5069 1614 5122 ait:
1649 5070 1979 5126 Adversaria:
2027 5089 2123 5142 p0-

537 5167 748 5227 testates
776 5174 869 5225 per
906 5158 1242 5218 domesticos,
1290 5175 1383 5226 per
1437 5175 1657 5213 uxorem
1705 5161 2015 5230 litigiosam,
2069 5174 2121 5219 et

536 5252 832 5317 garrulam,
857 5260 904 5303 et
936 5250 1248 5303 iracundum
1279 5266 1374 5303 nos
1421 5258 1643 5312 tentant,
1668 5261 1723 5304 ut
1760 5270 2122 5319 peccemus....

537 5341 619 5393 Τὰ
639 5340 750 5414 γὰρ
777 5341 1000 5412 κρυπτὰ
1029 5341 1224 5413 Κυρίῳ
1247 5341 1326 5412 τῷ
1353 5340 1474 5411 Θεῷ
1499 5340 1658 5411 ἡμῶν
1676 5359 1690 5373 ⁸
1716 5343 1783 5396 τὰ
1816 5344 1873 5396 δὲ
1913 5348 2122 5419 φανερὰ

535 5435 670 5504 ἡμῖν
704 5433 939 5497 καὶτοῖς
962 5432 1176 5496 τέκνοις
1203 5432 1387 5504 ἡμῶν.
1420 5433 1704 5501 Similique
1736 5436 1894 5490 modo
1944 5439 1997 5492 in
2061 5439 2125 5494 li-

537 5525 639 5581 bro
665 5530 916 5580 adversus
946 5525 1289 5589 Maniclaazos,
1314 5543 1440 5595 pag.
1465 5525 1592 5579 2l3.
1628 5525 1895 5591 Videmus,
1928 5530 2123 5599 inquit,

539 5617 653 5671 Itth
683 5634 891 5687 semper
915 5619 968 5670 in
993 5618 1142 5670 nobis
1176 5619 1307 5685 ipsis
1334 5618 1575 5669 accidere
1596 5631 1614 5668 :
1656 5634 1774 5684 quae
1804 5620 1943 5672 enim
1984 5620 2123 5687 ﬁlios

541 5708 813 5777 docemus,
860 5727 983 5767 cum
1027 5711 1271 5764 volumus
1316 5725 1403 5763 eos
1456 5708 1743 5762 secundum
1790 5709 2125 5777 disciplinam

542 5802 836 5865 instituere,
862 5810 920 5854 ut
947 5799 1231 5868 disciplina
1255 5806 1497 5863 utantur,
1529 5812 1634 5851 non
1662 5796 1739 5850 sic
1770 5807 1946 5852 tamen
1969 5809 2123 5853 utun-

543 5902 652 5959 tur,
681 5904 736 5947 ut
767 5893 992 5947 instituti
1021 5910 1053 5946 a
1087 5892 1234 5948 nobis
1267 5890 1411 5947 sunt.

2224 4698 2437 4767 pientes
2467 4710 2495 4747 a
2530 4693 2866 4763 propinquis,
2902 4702 2958 4747 et
3006 4694 3450 4763 consanguineis,
3492 4705 3653 4763 atque
3700 4694 3797 4748 do-

2223 4788 2487 4844 mesticis.
2543 4786 2670 4842 Haec
2716 4796 2899 4841 autem
2950 4795 3003 4840 et
3058 4786 3341 4856 aptissime
3397 4788 3446 4843 ei
3495 4790 3802 4843 tribuuntur

2221 4881 2427 4944 omnia,
2461 4878 2545 4933 cui
2581 4878 2678 4933 ﬁlii
2732 4877 2983 4934 carnales
3013 4878 3146 4943 sint,
3196 4892 3299 4933 nec
3332 4888 3563 4949 possunt
3611 4889 3799 4934 cuncta

2222 4972 2289 5025 de
2317 4968 2596 5037 discipulis
2628 4968 2988 5039 probabiliter
3044 4968 3268 5037 intelligi
3296 4985 3311 5020 :
3352 4968 3404 5023 si
3437 4969 3581 5023 enim
3616 4969 3682 5024 de
3718 4968 3800 5022 his

2222 5063 2397 5133 primo
2424 5061 2478 5115 in
2505 5060 2624 5116 loco
2650 5060 2990 5131 loqueretur,
3017 5059 3160 5114 ﬁlios
3190 5060 3454 5115 duntaxat
3473 5075 3799 5115 commemo-

2224 5160 2418 5214 rasset,
2464 5166 2571 5206 non
2602 5166 2731 5206 vero
2758 5150 2990 5205 ﬁliorum
3028 5150 3193 5204 etiam
3216 5150 3355 5205 ﬁlios
3383 5171 3395 5204 :
3430 5166 3554 5205 nam
3585 5160 3798 5221 propter

2223 5244 2365 5299 ﬁlios
2387 5244 2604 5312 quidem
2636 5244 2818 5298 dicere
2848 5253 3081 5313 poterat,
3130 5260 3192 5299 se
3233 5244 3501 5298 viventem
3538 5243 3798 5306 laborare,

2224 5352 2330 5390 non
2370 5350 2500 5390 vero
2534 5343 2759 5404 propter
2801 5335 2922 5390 illos
2946 5337 3039 5405 qui
3073 5350 3181 5391 non
3223 5344 3385 5390 erant
3408 5335 3528 5406 ejus
3562 5336 3797 5404 discipu-

2221 5428 2281 5493 li,
2315 5431 2410 5483 sed
2441 5428 2826 5497 discipulorum
2878 5442 3100 5483 suorum
3140 5427 3409 5495 discipuli,
3459 5443 3560 5497 pro
3613 5428 3801 5496 quibus

2224 5522 2447 5591 proinde
2477 5535 2586 5576 non
2622 5520 2884 5590 Didymus
2933 5522 3047 5590 ipse
3093 5519 3393 5588 laborabat,
3437 5522 3533 5577 sed
3579 5520 3681 5591 ipsi
3725 5519 3799 5573 di-

2223 5613 2436 5682 scipuli.

2299 5705 2487 5770 Sexto,
2512 5705 2965 5774 quemadmodum
2997 5719 3063 5760 ex
3103 5703 3295 5760 lsidori
3348 5705 3636 5763 Pelusiotae
3690 5706 3796 5773 epi-

2226 5798 2381 5854 stolis
2403 5813 2591 5864 unam,
2616 5812 2737 5867 qua:
2763 5797 2995 5869 Evagrio
3020 5797 3283 5867 inscripta
3305 5808 3410 5867 est,
3439 5800 3636 5854 celebri
3658 5798 3793 5853 Eva-

2227 5891 2346 5962 grio
2385 5890 2597 5960 Didymi
2641 5890 2905 5959 discipulo
2958 5891 3216 5957 scriptam
3254 5892 3378 5948 .vult
3433 5890 3795 5950 Tilleuiontius
