4092 6378
279 452 350 507 l5‘l
1369 436 1943 494 COMMENTARIUS.
1986 465 2058 476 ——
2095 433 2228 489 LIB.
2266 431 2308 487 ἰ.

3374 426 3483 485 158

273 582 384 624 tutuo
409 565 467 630 Χ,
500 564 546 617 in
577 559 876 630 Evagrio;
912 564 967 611 et
1005 555 1263 625 epistolam
1300 553 1401 608 125
1435 555 1554 609 libri
1607 570 1624 608 ι
1667 553 1802 609 Gre-
1827 569 1869 622 Α
1905 568 2011 606 non
2065 550 2413 618 ignorarent;
2472 544 2614 615 quod
2662 543 2952 614 Egyptius
2988 541 3289 608 exstiterit;
3336 541 3482 608 quod

277 660 397 727 goria
438 660 656 727 Nysseuo
706 653 960 707 missam
1000 648 1126 703 idem
1172 647 1467 702 arbitratur
1509 658 1642 702 tom.
1676 646 1792 713 XV,

272 752 346 803 ubi
365 748 454 813 agit
480 747 536 799 dc
562 744 617 798 S.
640 743 873 797 Isidoro
898 738 1145 794 Pelusiota
1177 755 1193 803 ;
1236 754 1300 793 ac
1332 739 1546 793 demum
1569 738 1793 806 epistula

283 841 366 894 W9
403 838 503 891 libri
532 852 570 901 ι,
605 832 957 889 Marathonio
987 834 1236 887 monacho
1267 832 1525 900 inscripta
1546 833 1636 894 ,ad
1666 846 1790 884 eum

284 929 614 985 Marathoniam
663 926 798 980 data
846 924 1043 978 videtur
1084 925 1172 993 qui
1214 926 1498 994 episcopus
1546 923 1794 980 Nicome-

290 1023 445 1074 dienus
471 1026 655 1072 creatus
683 1016 794 1071 fuit
824 1034 840 1069 :
874 1016 942 1071 ita
964 1031 1074 1072 cum
1102 1027 1209 1071 tres
1230 1017 1394 1071 etiam
1425 1018 1532 1071 sint
1552 1018 1791 1085 ejusdem

289 1108 336 1162 S.
366 1102 780 1172 lsitloriepistulte,
802 1115 861 1159 ut
888 1106 1057 1159 monui
1089 1123 1210 1175 pag.
1243 1107 1373 1172 477,
1403 1123 1633 1177 quarum
1675 1110 1793 1163 duae

288 1197 580 1253 inscribuntur
608 1197 856 1268 Didyme,
888 1210 1069 1267 nempe
1101 1197 1206 1252 350
1243 1207 1299 1253 et
1324 1198 1447 1254 --551
1507 1198 1629 1254 libri
1678 1201 1793 1270 pri-

280 1290 357 1351 mi,
395 1288 519 1341 tertia
551 1299 725 1340 autem
780 1287 999 1359 Didymo
1030 1287 1374 1354 scholastico,
1442 1304 1635 1360 nempe
1684 1273 1792 1347 206

276 1378 373 1431 libri
396 1378 534 1441 sexti,
557 1380 804 1432 videntur
829 1379 913 1435 hac
936 1394 1151 1449 quoque
1174 1381 1397 1451 Didymo
1427 1392 1618 1438 nostro
1648 1385 1792 1439 scri-

269 1477 373 1538 pta.
402 1466 516 1521 Nam
548 1469 687 1536 quod
722 1469 912 1525 attinet
937 1471 1001 1524 ad
1029 1470 1185 1527 binas
1213 1487 1443 1541 priores,
1474 1474 1526 1528 in
1558 1486 1793 1545 utraque

260 1562 316 1612 de
337 1559 620 1627 quibusdam
684 1560 905 1617 Davidis
938 1562 1116 1619 verbis
1172 1564 1283 1634 agit
1330 1564 1388 1619 S.
1440 1565 1698 1632 Isidorus,
1735 1568 1790 1621 in

256 1652 455 1707 secanda
492 1667 614 1707 vero
664 1652 972 1724 Didymum,
1022 1654 1089 1708 ad
1129 1669 1286 1724 quem
1336 1656 1551 1720 scribit,
1608 1672 1675 1713 ex
1724 1673 1791 1714 eo

253 1743 425 1808 laudat,
448 1746 606 1813 quod,
659 1761 779 1799 cum
837 1754 887 1800 et
940 1747 1137 1815 ingenii
1178 1748 1420 1801 acumine
1470 1748 1685 1818 polleat,
1732 1758 1786 1805 et

254 1832 603 1903 Seripturarum
627 1851 835 1889 sensum
859 1837 1121 1905 sagaciter
1141 1846 1517 1903 perscrntetur,
1549 1838 1681 1893 nihil
1712 1850 1789 1894 est

1896 642 2159 698 doctrina:
2189 655 2300 694 sua:
2329 640 2543 708 copiam
2573 637 2695 692 aliis
2744 636 2975 700 fecerit;
3026 636 3167 704 quod
3219 645 3380 690 noctu
3424 642 3483 689 et

1896 734 2131 789 interdiu
2168 732 2449 795 docuerit;
2484 729 2641 797 .quod
2676 727 2843 781 lilium
2878 727 3127 781 habuerit
3152 741 3257 780 non
3311 739 3481 794 pecu-
3524 786 3527 789 _

1896 825 2133 880 niosnm.
2171 823 2358 891 Itaque
2392 821 2576 875 tandiu
2601 821 2667 874 de
2708 818 2936 888 Didymo
2956 825 3144 872 nostro
3172 830 3479 871 sermonem

1896 931 1924 969 a
1966 915 2188 969 Libanio
2225 914 2412 968 haberi
2470 913 2691 966 credere
2730 910 2878 973 licet,
2907 908 3146 978 quandiu
3198 918 3292 963 aut
3344 908 3482 964 alius

1898 1007 2157 1077 Didymus
2177 1005 2547 1074 deprehensus
2574 1003 2665 1068 sit,
2690 1008 2783 1073 qui
2821 1001 3033 1056 Libanii
3058 1012 3218 1056 astate
3244 1000 3481 1056 Alexan-

1895 1099 2028 1154 dria
2061 1099 2332 1161 ﬂoruerit,
2358 1112 2421 1151 ac
2457 1097 2684 1167 Didymo
2715 1104 2902 1150 nostro
2931 1094 3132 1159 notior,
3162 1094 3245 1149 vel
3284 1094 3478 1149 saltem

1900 1206 2056 1263 atque
2082 1200 2243 1246 notus
2276 1190 2460 1256 fuerit,
2515 1198 2609 1241 aut
2665 1188 2804 1242 ratio
2853 1186 3033 1255 aliqua
3074 1184 3355 1251 aﬂ'eratur,
3410 1187 3481 1240 ob

1892 1297 2058 1355 quam
2099 1285 2165 1338 de
2195 1282 2424 1354 Didymo
2459 1292 2648 1337 nostro
2679 1279 2936 1335 Libanius
2961 1288 3195 1346 nequeat
3230 1276 3478 1346 intelligi.

1891 1377 1963 1431 At
1991 1375 2230 1444 inquies,
2259 1374 2549 1446 Didymum
2599 1372 2751 1454 illum
2805 1370 3067 1427 Libanius
3097 1380 3254 1425 vocat
3305 1369 3480 1439 magi-

1894 1476 2091 1531 strum,
2122 1482 2187 1521 ac
2243 1477 2635 1537 praeceptorem
2678 1480 2835 1519 suum
2869 1481 2883 1518 :
2926 1463 2977 1517 id
3014 1473 3193 1517 autem
3253 1460 3483 1532 Didymo

1894 1568 2085 1614 nostro
2123 1557 2215 1612 vix
2243 1572 2308 1611 ac
2343 1571 2411 1611 ne
2444 1557 2536 1611 vix
2567 1556 2787 1625 quidem
2831 1553 3137 1638 congruit}
3187 1568 3286 1608 nec
3333 1552 3479 1606 enim

1892 1646 2159 1703 Libanius
2191 1646 2580 1701 Alexandriam
2611 1645 2886 1715 profectus
2915 1660 3153 1713 unquam
3178 1658 3299 1700 esse
3330 1646 3484 1699 vide—

1895 1751 2002 1805 tur,
2030 1754 2131 1793 nec
2168 1738 2457 1809 Didymum
2513 1749 2759 1792 nostrum
2810 1746 2994 1807 utpote
3046 1752 3246 1791 ctecum
3290 1738 3481 1793 Antio-

1891 1831 2097 1893 chiam,
2132 1828 2507 1894 autAthenas,
2538 1836 2632 1882 aut
2662 1827 3053 1890 Nicomediam,
3084 1837 3177 1881 aut
3208 1825 3481 1882 Constan-

253 1927 364 1992 μιοά
384 1941 488 1978 eum
522 1926 687 1979 latere
718 1929 878 1993 possit
912 1942 932 1979 :
960 1943 1081 1980 ηαηι
1112 1945 1230 1980 cum
1259 1932 1457 1992 onmin,
1510 1930 1700 1998 inquit,
1730 1932 1785 1985 in
1814 1922 1858 1977 B
1888 1921 2195 1991 tinopolim,
2232 1932 2325 1974 aut
2366 1919 2603 1975 Nlcteam
2634 1919 2944 1989 perrexisse
2984 1919 3277 1973 verisimile
3350 1928 3437 1974 est
3464 1938 3478 1974 :

248 2016 435 2084 juvenili
472 2027 624 2071 atate
649 2019 906 2086 pra-clare
933 2018 1221 2089 collegeris,
1256 2021 1536 2089 requietem
1565 2020 1621 2073 in
1644 2038 1793 2076 sene-

254 2120 365 2163 ctute
392 2112 555 2165 habes.
588 2110 721 2166 Haec
759 2127 888 2166 vero
931 2114 1111 2167 Omnia
1159 2113 1382 2184 Didymo
1412 2122 1597 2169 nostro
1644 2114 1794 2170 miri-

258 2195 337 2249 ﬁce
365 2199 695 2253 conveniunt.
738 2200 933 2267 Quidni
995 2216 1125 2270 ergo
1182 2203 1524 2273 suspicemur
1578 2206 1790 2261 tertiam

190 2288 197 2295 ‘
255 2301 427 2357 quoque
450 2290 620 2345 eidem
647 2291 875 2363 Didymo
894 2292 1152 2363 scriptam
1182 2294 1343 2350 esse?
1377 2294 1492 2350 Non
1523 2299 1695 2352 ausim
1737 2298 1793 2354 id

251 2382 456 2448 equidem
495 2397 838 2439 asseverare.
880 2384 1200 2441 Scholastici
1263 2398 1438 2443 tamen
1485 2389 1691 2454 titulus,
1726 2391 1793 2445 de

247 2485 335 2538 quo
372 2472 637 2542 legendum
697 2475 887 2547 Cangii
929 2475 1286 2545 Glossarium,
1320 2491 1468 2536 recte
1518 2483 1569 2537 ei
1627 2484 1791 2539 tribui

243 2564 408 2629 potuit,
436 2569 519 2635 qui
554 2578 609 2623 et
638 2568 846 2625 scholae
866 2569 1240 2626 Alexandrinae
1270 2582 1524 2643 praeerat,
1550 2584 1607 2630 et
1631 2575 1791 2646 pluri-

246 2653 330 2709 bus
352 2658 572 2714 scientiis
600 2660 855 2717 eruditus
886 2673 1025 2718 erat.
1069 2662 1222 2730 Quod
1254 2665 1299 2720 si
1345 2665 1415 2721 ad
1453 2668 1624 2735 ipsum
1679 2666 1792 2737 epi-

248 2747 371 2807 stola
391 2750 562 2807 istbsec
592 2752 761 2808 missa
794 2763 899 2821 est,
931 2753 1149 2810 fuerunt
1181 2756 1232 2811 ei
1261 2756 1380 2811 sine
1421 2759 1583 2813 dubio
1612 2758 1787 2827 liberi,

246 2836 370 2906 iique
400 2840 584 2910 plures,
622 2852 683 2899 ut
718 2844 884 2899 allata
928 2847 1088 2900 etiam
1147 2847 1380 2918 theologi
1421 2849 1591 2923 nostri
1626 2849 1790 2905 verba

248 2930 467 2989 indicant.
497 2936 585 2991 Sic
623 2939 777 2993 enim
831 2938 1017 3007 incipit
1063 2939 1334 3010 epistola:
1386 2938 1589 2994 Filium
1643 2952 1789 2995 tuum

252 3026 493 3082 uariatum
524 3044 557 3082 α
606 3041 739 3084 natu
781 3030 1000 3084 minimo
1033 3031 1322 3096 dissidere,
1368 3042 1517 3104 teque
1550 3033 1663 3103 ejus
1712 3035 1789 3087 rei

257 3114 693 3185 [erantconscium,
736 3122 938 3190 ﬁngere
960 3131 1132 3176 tamen
1178 3124 1333 3194 quasi
1381 3125 1602 3180 nescias.
1659 3125 1789 3193 Qua:

258 3207 405 3262 mirum
443 3212 490 3264 in
518 3212 738 3265 modum
776 3212 1107 3267 conveniunt
1151 3215 1361 3270 auctori
1396 3227 1583 3273 nostro
1616 3232 1630 3271 :
1661 3235 1784 3272 cum

261 3297 366 3348 enim
393 3301 573 3368 quietis
600 3303 1039 3358 amantissimum
1076 3305 1270 3373 fuisse,
1301 3322 1366 3362 ac
1415 3321 1778 3375 mansuetum,

261 3398 380 3457 atque
396 3392 453 3446 ab
480 3395 743 3459 ejusmodi
772 3396 1207 3451 contentionibus
1242 3397 1500 3464 alienum,
1555 3392 1783 3470 plurima

258 3474 376 3545 huius
400 3484 456 3538 de
478 3484 746 3541 Trinitate
778 3488 960 3556 operis
1008 3489 1119 3544 loca
1169 3489 1540 3545 manil'estant.

312 3573 517 3642 Deorum,
547 3580 826 3636 Libanius
855 3581 907 3637 in
941 3581 1161 3651 epistola
1182 3583 1281 3638 52!
1324 3582 1643 3639 Sebastiano
1672 3584 1785 3639 Ma-

258 3662 673 3740 nichao,'.£gypti
702 3673 855 3734 duci,
888 3670 1204 3725 Rhetorium
1236 3674 1602 3737 commendat,
1624 3690 1782 3742 quem

255 3762 297 3806 et
320 3755 597 3827 discipulum
622 3776 788 3817 suum
822 3763 973 3823 dicit,
1005 3770 1059 3816 et
1089 3762 1360 3817 hominem
1394 3778 1498 3818 non
1530 3765 1785 3834 pecunio-

249 3859 360 3914 sum,
381 3863 426 3904 et
454 3853 502 3907 in
542 3854 862 3909 oratoribus
911 3870 973 3909 ac
1020 3856 1192 3925 poetis
1220 3865 1517 3922 versatum,
1575 3858 1783 3928 Didymi

250 3951 395 3994 autem
423 3942 577 3998 ﬁlium
608 3966 621 4001 :
658 3944 812 4008 Duo,
848 3945 1040 4011 inquit,
1071 3946 1128 3998 in
1155 3947 1341 4015 primis
1373 3963 1451 4000 me
1480 3948 1580 4011 ipsi
1612 3946 1782 4019 (Rhe-

246 4033 376 4105 torio)
403 4037 686 4092 benevolum
725 4039 975 4093 reddunt.
1003 4036 1134 4092 Cum
1159 4040 1297 4093 enim
1330 4056 1474 4093 meus
1517 4041 1584 4093 sit
1624 4041 1783 4094 disci-

246 4123 387 4191 pulus,
412 4129 543 4197 ﬁlius
572 4140 833 4199 praeterea
869 4140 942 4183 est
964 4129 1308 4195 διδασκάλου,
1348 4131 1402 4184 id
1431 4141 1506 4184 est
1533 4132 1779 4194 doctoris,

248 4230 318 4268 seu
347 4222 580 4288 magistri.
629 4221 922 4293 Didymum
953 4238 1081 4275 sane
1109 4233 1165 4275 tu
1194 4239 1297 4276 non
1329 4223 1561 4293 ignoras,
1593 4224 1696 4278 nisi
1732 4235 1784 4279 et

254 4323 450 4377 stagnant
476 4312 736 4368 civitatem
772 4314 1006 4382 ignores,
1036 4316 1093 4368 in
1134 4332 1240 4385 qua
1268 4315 1523 4370 doctrinm
1556 4333 1668 4371 sua:
1696 4333 1784 4372 co-

251 4404 357 4463 piam
384 4406 494 4458 aliis
526 4406 633 4474 ipse
679 4407 838 4475 fecit,
870 4418 1024 4461 noctu
1057 4418 1104 4462 et
1145 4410 1378 4462 interdiu
1405 4410 1597 4479 ﬂuens.
1628 4411 1691 4464 Et
1726 4412 1779 4464 in

252 4490 425 4557 epistola
455 4494 578 4563 520,
636 4494 927 4550 Rhetorius
961 4497 1059 4551 iste
1100 4499 1365 4552 nobiscum
1407 4511 1638 4573 versatus
1675 4510 1782 4562 est;

1893 2013 2094 2081 quibus
2129 2013 2182 2066 in
2214 2010 2440 2067 urbibus
2475 2021 2741 2065 moratum
2770 2027 2889 2065 esse
2920 2020 3134 2065 constat
3162 2007 3480 2067 Libanium.

1892 2101 2013 2157 Huc
2046 2112 2225 2156 autem
2259 2101 2488 2165 accedit,
2526 2104 2669 2171 quod
2703 2103 2915 2173 Didymi
2955 2103 3125 2157 nosui
3154 2103 3377 2173 aequalis
3403 2103 3483 2159 lo—

1894 2206 1979 2253 ret
2022 2197 2280 2251 l.ibanius
2332 2214 2349 2251 :
2397 2196 2489 2251 hic
2535 2195 2680 2249 enim
2735 2210 2878 2248 anno
2928 2194 3132 2250 Christi
3175 2195 3279 2249 514
3322 2206 3482 2251 natus

1892 2299 1998 2353 est,
2038 2289 2295 2359 Didymus
2346 2272 2527 2342 autem
2565 2302 2709 2341 anno
2751 2287 2971 2342 circiter
3018 2286 3124 2341 510
3163 2300 3318 2344 ortus
3359 2288 3480 2344 fuit.

1892 2378 1998 2434 Sed
2055 2379 2324 2449 ejusmodi
2373 2379 2492 2435 haec
2536 2394 2643 2433 non
2695 2389 2842 2446 sunt,
2879 2389 2937 2434 ut
2982 2381 3196 2435 inanem
3256 2382 3481 2436 reddant

1893 2473 2261 2540 conjecturam
2311 2487 2508 2528 meam.
2564 2470 2826 2528 Libanius
2886 2474 3029 2528 enim
3073 2483 3256 2537 utpote
3322 2474 3483 2542 paulo

1889 2565 2092 2633 iunior,
2127 2566 2337 2636 Didymi
2366 2566 2535 2619 nostri
2567 2566 2867 2634 discipulus
2900 2581 3022 2621 esse
3073 2567 3267 2635 potuit,
3318 2578 3483 2637 atque

1890 2658 2233 2713 Alexandria:
2288 2658 2509 2711 forsitan
2546 2657 2838 2726 aliquando
2907 2657 3030 2721 fuit,
3085 2674 3207 2713 cum
3250 2659 3305 2714 in
3367 2675 3462 2714 ora

1894 2749 2039 2803 tione
2074 2749 2128 2803 in
2160 2765 2248 2803 eos
2280 2749 2373 2818 qui
2402 2748 2679 2802 molestum
2710 2742 2882 2817 ipsum
2912 2750 3268 2819 appellabant,
3310 2765 3480 2819 segm.

1891 2838 1924 2892 7
1959 2841 2037 2894 sic
2064 2839 2346 2908 loquatur:
2374 2838 2440 2893 In
2467 2837 2703 2909 AEgypto
2727 2840 3147 2910 quampluribus,
3172 2843 3310 2909 apud
3327 2842 3480 2896 Athe-

1891 2949 1988 2986 nas
2018 2933 2184 2984 tribus
2219 2941 2414 2983 metum
2465 2930 2647 2999 injeci,
2685 2947 2718 2984 a
2763 2933 2913 2985 curia
2946 2932 3221 3002 utrobique
3261 2934 3482 2987 advoca-

1891 3035 1997 3079 tus.
2048 3025 2186 3091 Quin
2226 3025 2334 3078 imo
2372 3024 2416 3079 si
2450 3039 2659 3093 magna:
2717 3026 2946 3079 civitatis
3001 3027 3219 3081 nomine
3253 3027 3480 3081 Alexan-

1891 3118 2059 3172 driam
2086 3117 2339 3183 superius
2375 3116 2682 3186 designavit
2711 3115 2994 3181 Libanius,
3028 3127 3086 3171 ut
3121 3117 3356 3183 videtur,
3394 3118 3480 3171 vix

1896 3208 1949 3261 in
2007 3208 2226 3261 dubium
2283 3208 2527 3262 revocari
2578 3215 2778 3276 potest,
2822 3208 2952 3276 quin
3002 3209 3189 3262 eadem
3240 3209 3291 3261 in
3351 3208 3481 3262 urbe

1897 3299 2069 3367 poetis
2105 3297 2155 3349 in
2204 3295 2413 3367 Didymi
2450 3297 2735 3367 gymnasio
2777 3312 2996 3366 Operam
3045 3299 3255 3352 dederit
3297 3299 3467 3352 adole-

1888 3405 2062 3444 scens.
2101 3389 2208 3442 Sed
2238 3388 2351 3457 jam
2403 3386 2819 3458 ad'theologum
2869 3398 3113 3461 nostrum
3172 3391 3480 3454 redeamus,

1886 3490 1941 3534 et
1971 3496 2079 3551 quo
2122 3479 2321 3534 saeculo
2367 3479 2671 3547 scripserit,
2708 3480 3119 3548 iuvestigemus.

1993 3593 2124 3650 Car.
2176 3591 2268 3646 XI.
2307 3592 2507 3646 Auctor
2537 3599 2714 3713 igitur
2752 3590 2945 3645 sarculo
2991 3607 3043 3645 tv
3085 3593 3265 3661 ﬂoruit
3314 3600 3374 3645 ut

2596 3679 2609 3711 l
2654 3679 2825 3713 umus.

2596 3679 2825 3731 iaymus.

1961 3756 2071 3811 llos
2103 3757 2171 3812 de
2198 3755 2470 3811 Trinitate
2500 3755 2669 3810 libros
2723 3764 2845 3824 post
2883 3770 3084 3809 annum
3133 3755 3342 3809 Domini
3375 3753 3481 3810 579

1894 3851 2129 3918 scriptos
2162 3847 2333 3903 fuisse
2362 3857 2549 3916 aperte
2586 3856 2740 3917 patet
2770 3862 2838 3902 ex
2875 3862 2998 3916 pag.
3029 3845 3136 3900 406
3166 3864 3181 3902 :
3217 3846 3288 3901 ibi
3334 3849 3480 3902 enim

1886 3937 2146 3993 Basiliam
2214 3937 2471 4010 Magnum
2512 3937 2645 3994 citat
2672 3946 2862 3992 auctor
2891 3947 2951 3991 ut
2982 3937 3093 4009 jam
3144 3936 3476 3995 defunctum.

1888 4033 1995 4088 Sed
2045 4042 2255 4103 tempus
2282 4033 2486 4104 ipsum,
2515 4047 2623 4104 quo
2659 4034 2772 4088 haec
2797 4033 3003 4087 dictata
3037 4032 3167 4097 sint,
3204 4049 3473 4103 nusquam

1886 4126 1940 4180 in
1968 4126 2071 4181 hoc
2098 4140 2265 4196 opere
2293 4136 2484 4195 aperte
2518 4126 2857 4196 designatur.
2891 4126 3025 4180 Tam
3074 4125 3255 4180 multa:
3293 4136 3473 4181 tamen

1887 4230 2014 4276 sunt
2062 4221 2412 4290 conjecturae,
2442 4234 2564 4290 quae
2597 4219 2749 4274 illum
2781 4228 2977 4287 quarto
3023 4218 3220 4273 saeculo
3272 4218 3475 4275 vixisse

1886 4316 2175 4381 denotant,
2202 4325 2263 4371 ut
2283 4315 2639 4371 dubitandum
2669 4330 2773 4369 non
2802 4315 3072 4382 videatur,
3101 4305 3228 4384 quin
3281 4326 3477 4384 quarto

1894 4408 2098 4462 saeculo
2135 4408 2310 4478 reipsa
2366 4408 2644 4476 scripserit
2681 4418 2740 4460 ut
2771 4407 3062 4478 Didymus;
3105 4421 3227 4460 nam
3277 4406 3476 4475 primo,

1892 4499 1993 4551 etsi
2031 4500 2097 4554 de
2134 4498 2275 4554 Filio
2322 4514 2386 4553 ex
2421 4497 2667 4567 professo
2689 4509 2837 4568 agat,
2872 4513 3135 4568 nusquam
3173 4509 3351 4552 tamen
3383 4510 3477 4553 aut

255 4596 321 4648 '90
346 4602 443 4640 vero
472 4592 632 4657 patris
661 4591 785 4674 ejus
832 4589 1113 4661 disciplina
1165 4607 1289 4645 usus
1343 4607 1493 4655 sum;
1547 4601 1596 4646 et
1647 4594 1778 4646 mihi
1813 4615 1860 4674 υ
1886 4591 2287 4654 Nestorianam,
2334 4602 2428 4646 aut
2464 4592 2853 4662 Eutycbianam
2906 4591 3152 4645 haeresim
3189 4601 3473 4658 memorat,

256 4674 412 4737 φιὶάειιι
440 4696 526 4747 per
561 4682 715 4734 illum
751 4669 969 4750 poetas,
1007 4682 1087 4734 illi
1128 4699 1245 4736 vero
1296 4699 1389 4751 per
1426 4700 1507 4738 me
1542 4685 1782 4739 rhetoras

257 4759 399 4840 [XXII]
421 4787 557 4826 noue
583 4774 879 4843 contigit...
914 4772 1017 4827 Ille
1053 4791 1189 4828 nunc
1217 4775 1273 4828 in
1313 4774 1605 4846 ﬁgyptum
1642 4779 1784 4833 venit

263 4853 428 4917 illium
453 4875 722 4931 paternum
751 4881 860 4919 non
888 4867 1120 4930 amplum
1163 4878 1516 4938 occupaturus
1540 4885 1559 4925 :
1581 4880 1783 4940 patrem

261 4948 363 5000 cuius
386 4953 443 5006 ibi
470 4955 639 5011 habet.
673 4957 958 5013 Hactenus
995 4958 1269 5013 Libanius.
1328 4960 1516 5017 Utrum
1572 4981 1700 5020 vero
1736 4967 1784 5022 is

264 5036 313 5089 de
343 5038 527 5113 Didymo
586 5057 787 5103 nostro
824 5063 1129 5104 sermonem
1169 5051 1384 5116 habeat,
1417 5068 1583 5123 penes
1616 5054 1784 5111 lecto-

267 5141 348 5181 rem
371 5131 588 5196 iudicium
618 5140 718 5194 sit.
750 5139 815 5194 Ei
842 5154 996 5205 sane,
1024 5142 1089 5196 de
1110 5158 1218 5211 quo
1270 5143 1552 5211 Libanius,
1598 5150 1783 5205 omnia

266 5236 358 5275 rum
387 5225 579 5301 Didyme
606 5247 808 5288 nostro
840 5237 1169 5291 conveniunt
1194 5237 1525 5293 ad'amussim
1554 5256 1569 5294 :
1595 5240 1651 5295 in
1681 5239 1777 5296 Di-

260 5312 426 5380 tlymutn
448 5324 577 5377 enim
600 5334 853 5379 nostrum
887 5326 1125 5395 perbelle
1155 5330 1407 5399 quadrat,
1442 5334 1586 5401 quod
1616 5346 1780 5389 voce-

255 5414 324 5458 tur
344 5408 647 5484 δώἀσχαλος,
679 5418 736 5473 id
770 5427 860 5473 est
887 5418 1106 5485 doctor;
1147 5422 1290 5491 quod
1315 5422 1479 5477 lilium
1520 5424 1574 5479 in
1596 5433 1780 5480 orato-

251 5512 344 5554 rum
369 5520 423 5560 ac
474 5520 756 5579 poetarum
805 5510 1038 5567 lectione
1090 5515 1317 5580 versari,
1372 5527 1533 5586 atque
1571 5517 1776 5572 erudiri

250 5599 505 5669 curaverit;
549 5604 693 5672 quod
720 5602 889 5658 fuerit
926 5604 980 5657 in
1007 5607 1178 5675 poetis
1205 5617 1260 5661 et
1292 5608 1405 5675 ipse
1435 5623 1781 5679 summopere

252 5695 480 5756 versatus;
516 5693 659 5763 quod
696 5693 1023 5751 Sebastiano
1079 5707 1238 5753 notus
1274 5714 1377 5752 non
1415 5712 1538 5753 esse
1590 5702 1781 5770 nequi-

251 5774 386 5838 verit;
426 5785 557 5849 quod
610 5785 679 5838 ab
730 5784 800 5840 iis
849 5786 1100 5842 omnibus
1150 5789 1398 5859 cognitus
1448 5790 1633 5856 fuerit,
1686 5792 1779 5860 qui

257 5876 457 5935 mgna
489 5872 705 5947 Egypti
738 5877 1039 5946 civitatem,
1075 5880 1322 5937 videlicet
1371 5882 1776 5954 Alexandriam,

1886 4701 2007 4740 cum
2038 4685 2419 4755 plerarumque
2459 4699 2527 4738 ex
2556 4683 2953 4753 antiquioribus
2988 4684 3283 4739 hzeresibus
3315 4700 3466 4740 men-

1887 4778 2086 4833 tionem
2147 4777 2328 4832 l'aciat.
2392 4775 2663 4842 Secundo,
2714 4776 2931 4831 Arianis
2984 4776 3306 4845 exprobrat,
3347 4793 3471 4847 pag.

1883 4868 2011 4934 227,
2044 4869 2189 4940 quod
2246 4868 2646 4923 Marathonium
2702 4866 3196 4924 Nicomediensium
3254 4870 3470 4939 episco-

1884 4975 2013 5030 pum
2064 4961 2357 5015 creandum
2384 4963 2628 5015 curarint
2655 4978 2669 5014 :
2700 4961 2752 5029 id
2783 4971 2964 5014 autem
2994 4976 3115 5016 cum
3149 4970 3343 5030 quarto
3376 4977 3476 5017 saa-

1888 5051 2013 5107 culo
2069 5053 2380 5121 contigerit,
2422 5053 2744 5122 scriptorem
2792 5052 2994 5107 indicat
3026 5054 3204 5123 quarti
3258 5054 3470 5119 saeculi;

1884 5145 2215 5200 Marathonii
2245 5146 2391 5200 enim
2429 5160 2628 5201 nomen
2661 5145 2802 5199 haud
2832 5127 3045 5201 multos.
3062 5154 3182 5214 post
3202 5143 3319 5211 ejus
3338 5155 3471 5199 acta-

1884 5247 1992 5293 tem
2021 5252 2194 5293 annos
2225 5237 2315 5291 vix
2352 5238 2607 5308 cuiquam
2647 5246 2833 5291 notum
2868 5237 3041 5292 fuisse
3073 5237 3306 5291 videtur.
3339 5238 3474 5294 Ter-

1882 5331 1980 5397 tio,
2044 5329 2386 5401 Origenianis
2441 5329 2765 5398 quibusdam
2831 5328 3197 5383 locationibus
3250 5328 3463 5394 utitur,

1884 5438 2025 5492 quas
2075 5428 2198 5493 post.
2252 5420 2469 5495 Didymi
2520 5422 2725 5476 obitum
2771 5424 2970 5476 saeculo
3022 5420 3211 5491 quinto
3256 5420 3473 5476 circiter

1883 5512 2107 5568 ineunte
2136 5521 2421 5582 suspectas
2452 5512 2692 5565 evasisse
2726 5518 2939 5565 constat
2978 5529 2990 5564 :
3027 5511 3093 5565 iis
3129 5519 3311 5565 autem
3343 5522 3472 5564 usus

1881 5620 1989 5660 non
2019 5615 2166 5659 esset
2192 5615 2382 5657 auctor
2408 5613 2614 5668 noster,
2651 5602 2700 5658 si
2729 5611 2841 5656 tum
2873 5602 3201 5671 scripsisset,
3245 5614 3370 5655 cum
3401 5601 3470 5654 ab

1881 5697 2218 5768 Hieronymo
2252 5697 2367 5767 jam
2411 5697 2699 5767 exagitata:
2733 5696 2967 5760 fuerant,
3020 5704 3181 5763 atque
3225 5709 3254 5747 a
3295 5692 3472 5747 Theo-

1879 5782 2028 5863 pliilo
2060 5789 2430 5846 Alexandrino
2476 5789 2883 5855 condemnatus;
2926 5789 3069 5858 quod
3100 5786 3329 5856 contigit
3354 5786 3470 5853 ipso

1881 5883 2053 5956 quinti
2088 5882 2274 5939 seaculi
2313 5881 2490 5937 initio.
2526 5880 2752 5948 Quarto,
2788 5881 2853 5937 de
2909 5877 3305 5935 llacetlonianis
3351 5875 3471 5931 ubi-
