4092 6396
627 437 734 496 159
1854 514 1859 521 .
2024 440 2115 497 DE
2153 442 2243 499 on

2282 442 2414 501 ιιιο
3802 440 3898 504 I50

627 579 735 634 que
762 560 842 617 sic
882 559 1146 631 loquitur,
1202 566 1264 615 ut
1290 574 1478 616 eorum
1516 559 1767 615 haeresim
1821 575 1925 614 non
1968 569 2029 615 ut
2073 571 2215 616 vetn-
2255 563 2303 621 Α
2333 573 2540 617 tuatum
2584 574 2710 619 esse
2758 558 3029 631 conjicere
3078 558 3237 624 licet,
3279 570 3401 613 cum
3439 564 3498 611 et
3536 553 3662 610 aliis
3697 556 3749 610 in
3778 553 3898 615 locis

629 665 794 715 stam,
825 652 921 707 sed
951 659 1012 706 ut
1063 661 1337 706 recentem
1369 651 1656 707 confutare
1694 654 1964 719 videatur,
2014 668 2079 708 ac
2110 654 2221 721 pri-

2332 656 2623 727 ltidymum
2657 634 2834 725 ipsum
2865 653 3108 708 imitatus
3134 665 3257 706 esse
3283 650 3555 714 videatur,
3583 658 3646 704 ut
3670 651 3897 718 superius

632 759 753 798 mos
783 742 903 811 ejus
928 742 1246 799 defensores
1286 744 1625 814 impugnare.
1686 742 1914 798 Demum
1970 745 2083 800 sive
2127 744 2225 800 do-
2333 746 2600 816 suspicari
2643 759 2732 800 me
2760 744 2895 800 dixi.
2937 743 3005 798 Et
3030 744 3097 798 de
3137 745 3237 797 hac
3270 741 3487 809 quidem
3528 754 3591 796 re
3630 740 3804 795 satis:
3842 746 3899 796 ad

634 845 821 908 gmata
849 844 1188 906 spectentur,
1217 851 1339 906 qua:
1385 837 1433 891 is
1473 836 1729 903 inculcat,
1756 839 1870 893 sive
1903 837 2222 907 peculiares.
2332 840 2496 894 aliam
2536 841 2719 908 itaque
2746 838 3010 892 rationem
3041 845 3399 889 transeamus.

634 929 838 999 quibus
860 929 1108 993 adhaesit,
1156 930 1461 1000 opiniones.
1496 930 1611 985 sive
1648 930 1931 1000 disciplina
1961 930 2224 985 ecclesia-

637 991 800 1087 stica,
828 1037 992 1093 quam
1034 991 1232 1078 alicubi
1262 1022 1501 1092 attingit,
1529 991 1831 1091 cujusmodi
1869 1030 1953 1075 est
1988 1018 2227 1089 discipli-

2334 997 2465 1052 Car.
2523 993 2663 1050 XIII.
2707 991 2772 1047 In
2802 991 2964 1060 poetis
2983 997 3247 1113 [fedrsatus
3282 995 3395 1041 erat
3442 997 3637 1040 auctor
3667 993 3834 1040 noster
3854 997 3901 1040 ut

3034 1076 3049 1112 t
3094 1074 3265 1113 mnus.

641 1074 800 1087 """'
835 1074 992 1093 1""‘"
1040 1074 1082 1076 η-
1119 1074 1230 1078 *νηή
1267 1074 1289 1076 ν
1327 1074 1432 1092 -νννυ
1487 1074 1500 1085 .
1540 1074 1551 1076 ν
1595 1074 1614 1091 ,
1670 1074 1678 1076 .
1792 1074 1797 1075 γ
1882 1074 1923 1075 η
2128 1074 2141 1089 Ι

641 1129 710 1170 na
740 1115 947 1180 arcani,
977 1114 1251 1169 orantium
1299 1113 1585 1168 conversio
1612 1113 1678 1167 ad
1705 1113 1996 1173 orientem,
2048 1118 2228 1164 orato-
2983 1074 3265 1129 υ¹αΨ¹¹⁸⁸³ο

640 1206 850 1265 riorum
891 1220 1022 1260 usus
1053 1217 1217 1276 atque
1268 1205 1624 1270 constructio,
1667 1202 2021 1257 ecclesiarum
2070 1216 2231 1255 orna-
2410 1200 2544 1256 Cum
2569 1195 2787 1267 plurimi
2810 1210 2878 1250 ex
2905 1192 3113 1249 Graecis
3132 1189 3385 1245 Patribus
3403 1188 3636 1261 Didymo
3661 1189 3897 1245 vetustio-

642 1308 734 1354 tus
754 1312 822 1351 ex
849 1311 1004 1357 auro.
1033 1306 1278 1365 argento,
1306 1296 1473 1351 ebore
1511 1296 1580 1351 ab
1622 1294 1951 1365 Ilieronymo
1979 1292 2145 1345 etiam
2178 1292 2229 1344 in
2343 1290 2491 1344 ribus
2527 1297 2622 1342 aut
2656 1284 3003 1357 supparibns.
3038 1279 3296 1351 profanos
3324 1279 3662 1348 scriptores,
3695 1292 3759 1332 ac
3779 1292 3901 1347 prte-

643 1392 807 1460 epist.
841 1390 967 1457 130,
1002 1405 1174 1459 segm.
1208 1388 1298 1454 14,
1353 1399 1709 1451 memoratus,
1753 1384 2008 1441 continua
2062 1382 2235 1453 bapti-
2346 1383 2537 1436 sertim
2563 1390 2754 1448 poetas
2784 1377 2972 1437 citent,
3003 1384 3061 1428 ut
3087 1388 3151 1428 ex
3184 1386 3374 1426 eorum
3398 1370 3664 1440 operibus
3685 1379 3904 1438 apparet,

645 1459 750 1539 smi
781 1482 1200 1548 administratio,
1224 1481 1558 1536 creberrima
1581 1478 1939 1534 Eucharistia:
1976 1475 2232 1546 sumptio,
2344 1472 2539 1527 mirum
2571 1484 2677 1523 non
2706 1476 2813 1533 est,
2833 1467 2878 1520 si
2905 1476 3158 1519 auctores
3181 1472 3446 1525 externos,
3479 1461 3536 1516 id
3565 1470 3654 1516 est
3679 1459 3908 1530 profanos

644 1575 832 1629 etalia
867 1574 950 1629 his
997 1572 1197 1638 allinia,
1247 1573 1380 1627 nihil
1433 1573 1487 1628 in
1550 1573 1651 1628 hoc
1698 1586 1861 1641 opere
1906 1569 2233 1634 invenietur,
2347 1561 2634 1631 theologus
2681 1571 2898 1627 quoque
2945 1566 3132 1611 noster
3177 1554 3320 1608 haud
3362 1567 3488 1607 raro
3534 1551 3754 1623 allegat.
3794 1548 3907 1606 Illud

647 1668 793 1736 quod
826 1669 1034 1723 auctori
1073 1665 1291 1739 [XXIII]
1330 1665 1512 1735 quarti
1566 1664 1750 1720 stcculi
1793 1677 1901 1717 non
1953 1668 2235 1731 congruat.
2349 1654 2530 1725 potius
2575 1653 2775 1706 mirum
2824 1650 2995 1703 videri
3040 1646 3232 1711 debet,
3288 1645 3537 1739 potuisse
3584 1645 3713 1699 hinc
3750 1643 3909 1739 nescio

649 1732 785 1828 Qua:
814 1775 939 1814 cum
981 1761 1053 1813 ita
1073 1732 1228 1823 sint,
1263 1732 1455 1813 eadem
1490 1759 1665 1826 ipsum
1712 1765 1876 1812 etate
1916 1769 2023 1825 qua
2072 1752 2237 1824 Didy-
2345 1760 2508 1816 quem
2552 1742 2852 1812 colligere,
2899 1754 3037 1810 opus
3084 1739 3256 1793 hocce
3298 1736 3513 1808 Didymi
3559 1744 3722 1791 :etate
3764 1732 3909 1828 multo

570 1892 591 1903 ο
647 1868 803 1908 mum
833 1851 1081 1907 floruisse
1113 1866 1217 1905 non
1251 1851 1458 1906 dubito.
2349 1837 2627 1895 recentius
2664 1850 2787 1890 esse
2829 1853 2844 1890 :
2889 1834 2977 1888 cui
3009 1846 3134 1886 cum
3178 1831 3315 1887 satis
3348 1830 3460 1900 jam
3501 1826 3831 1885 occurrerim
3865 1826 3908 1879 in

648 1967 779 2024 Car.
812 1966 929 2023 XII.
966 1969 1168 2022 Auctor
1199 1976 1375 2020 noster
1407 1965 1572 2018 Deum
1600 1974 1750 2019 vocat
1783 1961 2035 2035 ἀμεγέθη
2067 1971 2122 2016 ut
2152 1960 2243 2015 Di-

2288 1932 2314 1987 Β
2344 1931 2507 1994 notis,
2544 1927 2674 1983 mihi
2708 1942 2854 1982 nunc
2904 1924 3146 1980 vicissim
3176 1922 3363 1978 videor
3399 1936 3467 1975 ex
3504 1919 3617 1976 hoc
3640 1920 3758 1989 ipso
3792 1933 3904 1974 con-

1336 2012 1571 2106 Mli."
1604 2012 1746 2019 mm
1787 2012 2035 2035 ’ΤἾ-’Ἱ
2071 2012 2117 2016 Ψ
2152 2012 2213 2015 ν
2348 2021 2575 2077 trariam
2605 2017 2976 2087 conjecturam
3002 2017 3205 2071 ducere
3231 2029 3418 2084 posse,
3446 2023 3508 2066 ut
3535 2012 3723 2082 operis
3747 2017 3907 2064 aucto-

726 2128 834 2185 Sed
871 2128 1018 2185 aliud
1063 2129 1155 2184 hic
1195 2104 1572 2195 argumentum
1620 2125 1822 2180 addere
1855 2124 2067 2195 placet,
2100 2121 2242 2192 quod
2349 2130 2465 2171 rem
2520 2112 2808 2182 Didymum
2858 2124 2981 2165 esse
3026 2109 3198 2178 magis
3247 2108 3536 2178 magisque
3591 2104 3903 2160 conﬁrmem.

655 2236 764 2277 non
795 2221 945 2292 parvi
977 2219 1236 2292 ponderis
1262 2234 1383 2274 esse
1411 2218 1685 2272 existimo.
1719 2217 1850 2271 Illud
1878 2228 2058 2272 autem
2087 2231 2151 2269 es
2177 2228 2245 2270 eo
2350 2205 2637 2275 Didymum
2669 2203 2816 2259 enim
2861 2202 2914 2257 in
2947 2210 3231 2272 poetarum
3258 2200 3519 2263 maxime,
3564 2213 3633 2251 ac
3660 2196 3910 2250 rhetorum

660 2287 827 2375 duco.
855 2287 1000 2380 quod
1035 2319 1227 2364 auctor
1254 2318 1439 2363 noster
1463 2307 1632 2362 Deum
1657 2306 1853 2376 saepius
1878 2306 1929 2360 in
1960 2308 2061 2361 hoc
2082 2320 2245 2374 opere
2357 2313 2578 2370 quoque
2612 2296 2871 2368 operibus
2917 2305 3195 2349 versatum
3238 2291 3406 2346 fuisse
3447 2299 3725 2347 testantur
3766 2287 3908 2341 Som-

658 2404 804 2456 dicat
835 2377 960 2457 esse
988 2399 1238 2473 ἀμεγέθη
1286 2415 1300 2430 ο
1340 2414 1504 2469 quam
1547 2413 1735 2452 vocem
1772 2412 1891 2451 cum
1928 2397 1978 2450 in
2018 2396 2242 2465 epistola
2349 2407 2570 2455 menus,
2599 2388 3002 2455 Theodorelus,
3030 2400 3095 2439 ac
3119 2384 3458 2454 Nicephorus
3489 2381 3550 2437 in
3579 2377 3907 2473 Testimoniis,

657 2495 726 2550 ad
760 2468 1132 2549 clarissim-um
1165 2468 1454 2561 praesulem
1487 2489 1755 2545 Joannem
1783 2489 2107 2542 Archintum
2138 2487 2245 2541 Bo-
2347 2500 2471 2556 qua:
2531 2485 2586 2538 in
2638 2480 2954 2551 Appendice
2996 2477 3171 2533 attuli.
3213 2476 3333 2547 Ipse
3382 2489 3509 2531 vero
3571 2473 3819 2544 Didymus
3866 2468 3907 2519 in

660 2587 839 2643 ironia:
875 2600 1007 2641 tunc
1060 2586 1398 2656 prolegatum
1436 2598 1989 2646 commemorassem,
2028 2596 2091 2636 ac
2121 2595 2247 2635 ver-
2348 2571 2756 2631 commentariis
2829 2569 2890 2624 in
2934 2568 3069 2622 Acta
3118 2565 3474 2636 apostolorum
3521 2564 3594 2617 ad
3638 2566 3793 2630 caput
3832 2568 3907 2616 vn,

661 2681 877 2745 tissem,
911 2648 1531 2750 quantitatevcarentem,
1564 2674 1805 2730 Gallicus
1847 2674 2067 2741 quidam
2108 2671 2247 2727 scri-
2351 2677 2498 2722 tomo
2526 2663 2593 2718 IV
2626 2661 2880 2717 Anecdot.
2915 2658 3117 2723 Wollii,
3146 2671 3271 2726 pag.
3300 2655 3398 2721 23,
3434 2654 3623 2717 docet,
3648 2648 3908 2750 doctrinam

663 2781 791 2841 μοι·
833 2783 897 2823 ea
924 2736 1015 2823 'de
1057 2770 1158 2823 hoc
1208 2766 1471 2821 iocabqu
1512 2764 1916 2841 pronuntiavit,
1957 2778 2076 2832 quae
2115 2760 2247 2817 mihi
2351 2769 2625 2814 externam
2658 2772 2763 2809 non
2795 2753 3009 2807 omnino
3049 2753 3477 2804 contemnendam
3508 2762 3661 2811 esse;
3691 2744 3745 2797 in
3781 2736 3909 2793 laude

663 2832 885 2934 probari
929 2870 1229 2930 nequeunt.
1275 2856 1475 2913 Verum
1514 2832 1570 2911 rei
1606 2858 1738 2911 satis
1784 2870 2057 2926 superque
2098 2869 2128 2907 a
2163 2868 2250 2908 me
2347 2852 2487 2907 enim
2513 2849 2745 2917 ponitur,
2786 2844 2928 2915 quod
2960 2842 3135 2898 Moses
3165 2841 3310 2896 omni
3347 2838 3612 2909 sapientia
3663 2832 3912 2931 Egyptia-

656 2921 772 3025 j-atn
822 2921 1142 3022 responsum
1188 2962 1271 3005 est
1314 2966 1437 3021 pag.
1488 2948 1588 3013 39,
1618 2957 1733 3002 not.
1765 2948 1801 3002 2
1825 2921 1935 3011 .-ει
1965 2921 2086 3019 pag.
2122 2945 2248 3011 112,
2350 2959 2469 2997 rum
2509 2941 2666 3011 fuerit
2704 2940 3021 3001 instructus,
3066 2935 3200 2990 sicut
3232 2942 3283 2988 et
3322 2934 3386 2987 de
3418 2929 3667 3025 Daniele,
3697 2939 3745 3025 et
3780 2921 3909 2977 sociis

666 3017 785 3099 not.
837 3043 891 3097 1.
913 3017 1094 3095 ’Νιιιιε
1133 3017 1328 3109 itaque
1367 3017 1499 3094 nihil
1548 3039 1694 3092 aliud
1729 3046 2010 3106 superest,
2043 3017 2148 3092 nisi
2192 3048 2252 3091 ut
2352 3033 2470 3102 ejus
2496 3030 2708 3086 Iudicis
2736 3029 3082 3097 prwdicatur,
3112 3025 3253 3096 quod
3284 3039 3461 3077 omnes
3486 3023 3547 3075 in
3572 3017 3912 3109 Chaucorum

661 3144 1046 3206 argumentum
1126 3106 1305 3188 meum
1384 3131 1571 3202 paucis
1630 3144 1919 3199 exponam.
1986 3129 2251 3185 Nimirum
2351 3123 2720 3195 philosophia,
2767 3121 3107 3193 amnibusque
3158 3117 3388 3172 scientiis
3432 3113 3756 3184 superarint.
3795 3106 3909 3172 Quin

665 3236 887 3283 constat
910 3227 1114 3297 primo,
1147 3226 1254 3280 Deo
1282 3223 1709 3292 magnitudinem
1738 3238 1767 3277 a
1788 3221 2041 3277 Patribus
2063 3221 2249 3290 tribui,
2290 3287 2327 3297 _
2362 3218 2699 3274 catechistas
2714 3229 2907 3271 omnes
2927 3212 3328 3269 Alexandrinos
3353 3209 3567 3279 Didymi
3588 3210 3911 3277 praecessores

665 3331 728 3375 ut
759 3320 945 3374 citatis
975 3319 1108 3374 locis
1144 3318 1386 3374 diximus
1419 3335 1433 3372 :
1469 3333 1646 3388 neque
1676 3331 1804 3372 vero
1833 3332 1954 3372 eam
1988 3287 2255 3371 duntaxat
2281 3287 2328 3349 ο
2364 3310 2682 3364 Pantaenum
2705 3346 2721 3371 ,
2771 3304 3144 3367 Clementem,
3208 3299 3499 3371 Origenem
3520 3336 3538 3361 ,
3601 3292 3909 3388 Dionysium.

663 3416 1084 3486 magnitudinem
1106 3457 1121 3479 ,
1150 3429 1268 3483 qua!
1297 3413 1487 3469 Graace
1515 3410 1879 3483 μεγαλωσύνη
1908 3411 2128 3472 dicitur,
2161 3417 2254 3461 ant
2360 3401 2714 3456 Ammonium
2737 3437 2755 3463 ,
2813 3396 3060 3463 aliosque
3122 3403 3352 3448 externae
3403 3404 3627 3460 quoque
3672 3380 3914 3486 sapientiae

666 3476 1061 3578 μειξαλειότης,
1094 3476 1190 3563 sed
1221 3507 1385 3562 etiam
1424 3476 1677 3577 μέέεθες.
1710 3504 1791 3558 Ita
1831 3476 2254 3573 (iltrysostomns

2361 3509 2584 3565 Operam
2626 3490 2960 3561 impendisse
3001 3494 3216 3542 constat
3253 3501 3269 3538 :
3321 3483 3467 3537 inter
3503 3495 3646 3550 quos
3698 3476 3912 3532 Clemens

667 3575 801 3653 tom.
824 3575 1111 3654 leditionis
1142 3575 1655 3662 Montl‘auconianm,
1691 3611 1814 3665 pag.
1838 3594 1966 3655 457,
1992 3598 2069 3650 ait
2100 3613 2114 3649 :
2147 3592 2255 3646 Τοῦ
2371 3594 2537 3655 atque
2562 3583 2828 3655 Origenes
2848 3587 3114 3650 quantum
3139 3593 3246 3632 non
3279 3577 3439 3630 modo
3467 3575 3519 3628 iu
3552 3586 3730 3635 sacra,
3753 3577 3910 3619 verum

670 3688 939 3762 μεγέθους
983 3689 1080 3744 καὶ
1131 3689 1231 3759 τῆς
1285 3688 1469 3759 ἰσχύος
1518 3686 1615 3740 τοῦ
1661 3664 2027 3756 πετέοιηκότος
2080 3686 2254 3740 αὐτά·

2364 3679 2529 3734 etiam
2596 3677 2651 3730 in
2706 3674 2933 3745 profana
2986 3669 3293 3727 eruditione
3340 3666 3732 3723 excelluerint,
3784 3664 3913 3711 netno

668 3757 726 3833 et
760 3778 994 3833 Basilius
1028 3757 1196 3832 Deum
1230 3757 1387 3832 vocat
1421 3777 1676 3848 ἀόριστον
1715 3775 1944 3847 μέγεθος
1975 3779 2116 3845 apud
2150 3774 2257 3828 Fac

2300 3820 2303 3821 ν
2368 3767 2590 3844 [XXIV]
2656 3767 2891 3838 ignorat.
2946 3762 3083 3817 Nam
3142 3758 3440 3816 Clementis
3503 3757 3730 3848 quidem
3777 3757 3912 3848 opem

672 3870 907 3926 brieium
933 3871 985 3924 in
1011 3868 1152 3923 Bibl.
1175 3867 1350 3924 Graec.
1373 3838 1644 3933 vo|.'Vll|,
1669 3838 1945 3938 μέμ-11)ος
1971 3838 2260 3937 ιιἸοεεριιο
2368 3838 2723 3935 profanorum
2767 3865 3048 3928 poetarum
3085 3865 3148 3907 ac
3183 3851 3632 3921 philosophorum
3664 3838 3912 3938 allegatio-

606 3958 609 3961 ’
673 3972 857 4016 autem
901 3960 994 4016 lib.
1033 3977 1073 4015 ιι
1105 3971 1288 4014 contra
1317 3962 1596 4030 Apionem,
1631 3928 1807 4029 segni.
1844 3928 1945 4025 22,
1979 3960 2118 4013 Deus
2146 3928 2261 4026 ipse
2368 3928 2534 4009 nibus
2565 3952 2766 4022 ubique
2803 3948 3007 4004 referta
3043 3953 3192 3999 sunt.
3227 3944 3382 3999 Alter
3407 3957 3537 3998 vero
3570 3955 3675 3995 non
3705 3932 3847 3992 modo
3872 3928 3913 4030 in

675 4052 985 4123 appellatur
1025 4052 1125 4124 τὴν
1173 4020 1390 4124 μορφὴιι
1439 4050 1533 4105 καὶ
1581 4020 1989 4123 μέγέθοςίήιιίν
2026 4020 2262 4119 ἀφανέσ-

2371 4046 2525 4100 libris
2561 4020 2746 4098 contra
2775 4040 2985 4096 Celsum
3018 4053 3117 4109 pro
3139 4036 3452 4093 Christiana
3496 4035 3756 4104 religione
3799 4020 3909 4080 scti—

671 4120 861 4210 τάξιος,
885 4146 1022 4208 sive,
1047 4120 1106 4197 ut
1138 4120 1229 4199 alii
1250 4120 1465 4214 legunt,
1491 4120 1721 4213 ἄφέιτος.
1752 4120 1979 4198 Constat
1996 4147 2260 4207 secmnlo,
2374 4138 2486 4208 ptis
2517 4134 2834 4205 Euripidem
2856 4172 2872 4198 ,
2905 4131 3224 4197 Homerum,
3259 4128 3502 4197 aliosque
3526 4126 3691 4190 citat,
3722 4131 3775 4176 ut
3798 4120 3915 4214 paltti

680 4239 736 4294 in
773 4205 931 4294 sacra
973 4205 1280 4307 scriptura,
1314 4205 1409 4292 hei
1446 4205 2134 4308 quidem'pevalwatiqu,
2170 4205 2264 4291 aut
2367 4205 2435 4290 ex
2462 4229 2642 4288 tom.l
2690 4244 2814 4300 pag.
2869 4224 2997 4290 549,
3046 4223 3174 4288 395,
3212 4231 3270 4277 et
3319 4220 3447 4287 750,
3495 4216 3745 4275 editionis
3791 4205 3913 4265 Pari-

679 4332 1088 4405 μεγαλειότητα
1116 4331 1426 4397 memorari,
1457 4344 1726 4398 nusquam
1757 4338 1959 4392 tamen,
1995 4329 2048 4383 ni
2079 4327 2260 4393 fallor,

2370 4324 2567 4382 siensis
2602 4321 2727 4376 anni
2776 4317 2955 4379 I735;
3001 4329 3189 4371 verum
3233 4311 3398 4367 etiam
3443 4308 3761 4382 discipulum
3786 4312 3914 4405 suum

678 4390 782 4482 ἰ)υέ
813 4390 1047 4499 μέγεθδς
1082 4435 1179 4479 aut
1208 4390 1448 4496 μέγαθοξ
1485 4390 1780 4478 nominari.
1816 4390 2022 4484 Tertio,
2059 4390 2262 4475 nullum
2371 4406 3508 4486 s.GregoriumThaumawrsumlboﬂawt
3522 4390 3915 4499 Ρθῧοδθίυδδθξῃ

687 4521 959 4576 har-tenus
991 4519 1170 4574 inveni
1205 4493 1430 4588 Didymo
1458 4515 1809 4569 vetustiorem
1842 4513 2077 4578 Patrem,
2107 4528 2134 4564 a
2159 4528 2266 4581 quo
2373 4510 2525 4585 tomi,
2574 4519 2633 4561 ut
2664 4503 2997 4575 geometriae,
3034 4511 3199 4570 atque
3227 4497 3574 4553 astronomia:
3606 4500 3811 4587 Operam
3831 4493 3915 4588 ita“

1504 4568 1743 4662 Constat
1774 4607 2005 4674 denique
2039 4568 2203 4659 [Icum
2236 4621 2265 4656 a
2299 4653 2347 4680 ἢ
2375 4582 2485 4663 vet,
2512 4568 3009 4668 'quod‘hujusmodi
3041 4568 3283 4648 scientia:
3315 4588 3628 4647 Christiano
3658 4573 3842 4638 homini
3864 4568 3917 4623 ad

690 4703 922 4773 Didymo
972 4703 1345 4758 Alexandrino
1390 4703 1442 4756 in
1484 4700 1896 4757 commentariis
1938 4701 1991 4752 in
2026 4698 2265 4752 Psalmos
2301 4680 2348 4712 υ
2375 4690 2770 4762 intelligendas,
2789 4686 3248 4755 explicandasque
3269 4696 3455 4739 sacras
3477 4680 3784 4749 Scripturas
3801 4680 3916 4773 ICOIP

691 4760 895 4849 dictum
927 4809 1049 4850 esse
1078 4794 1353 4865 ἁμεγέθη,
1386 4804 1446 4848 ιιι
1475 4795 1659 4848 monui
1688 4802 1801 4847 not.
1830 4792 1882 4856 1,
1913 4805 2032 4859 pag.
2063 4788 2185 4843 112.
2218 4788 2270 4843 Id

2376 4785 2523 4839 ferre
2553 4760 2796 4853 queant.
2831 4779 2962 4848 Qua:
3006 4793 3130 4833 cum
3166 4779 3244 4832 ita
3297 4775 3441 4841 sint,
3494 4771 3754 4827 rationem
3801 4760 3918 4815 hanc

695 4895 876 4939 autem
920 4901 986 4941 ex
1036 4854 1381 4941 eo‘l'ortas'se
1422 4885 1621 4939 factum
1666 4893 1768 4947 est,
1810 4854 1951 4951 quod
1983 4854 2053 4944 is,
2090 4888 2275 4950 utpote
2383 4874 2572 4944 paucis
2596 4875 2668 4928 ita
2686 4870 3082 4929 concludimus.
3107 4866 3416 4937 Theologus
3439 4872 3627 4921 noster
3642 4854 3918 4951 Pindarum.

700 4976 1154 5048 diligentissimus
1187 4975 1593 5042 Scripturarttm
1630 4974 1934 5040 imerpres.
1972 4981 2271 5034 scrutator,
2378 4965 2680 5022 Homerum
2704 5004 2721 5031 ,
2758 4962 3082 5033 Sophoclem
3106 5000 3124 5026 ,
3154 4958 3430 5030 Orpheum
3450 4997 3467 5023 ,
3497 4955 3791 5026 Diagoram.
3824 4938 3919 4995 Pl"

694 5040 860 5133 atque
897 5068 1200 5134 indagator,
1240 5040 1567 5128 observarit,
1605 5063 1833 5135 μέγεθος
1868 5079 2133 5133 nusquam
2166 5061 2274 5115 Deo
2386 5069 2570 5112 tonem
2615 5055 2937 5119 Comicum,
2985 5052 3251 5124 Sibyllina
3300 5050 3577 5110 carmina,
3624 5040 3919 5135 aliorum-mi

693 5156 858 5208 tribui
905 5155 958 5208 in
999 5154 1319 5224 Scripturis.
1366 5154 1461 5208 His
1496 5156 1791 5223 prauuissis
1826 5170 1948 5209 cum
1997 5164 2052 5207 et
2093 5161 2282 5209 auctor
2390 5161 2710 5223 poetarum,
2745 5162 2977 5218 quorum
3014 5122 3234 5200 nomina
3278 5143 3508 5206 reticet,
3541 5151 3722 5193 versus
3758 5122 3919 5224 εᾶξρίυε

702 5261 892 5303 noster
930 5248 1096 5302 Deum
1144 5248 1342 5315 sa-pius
1374 5249 1427 5301 in
1477 5218 1577 5302 hoc
1612 5264 1775 5316 opere
1809 5249 1953 5302 dicat
1983 5261 2105 5301 esse
2146 5246 2283 5315 ἀμεο
2389 5218 2557 5310 citat;
2594 5242 2874 5297 Platonem
2902 5252 3121 5313 quoque
3147 5236 3378 5306 allegat,
3410 5229 3777 5289 Aristotelem,
3807 5218 3912 5272 Ροτσ

696 5337 855 5408 γέθη.
895 5352 1000 5392 non
1039 5314 1320 5390 immerito
1359 5337 1489 5392 mihi
1523 5314 1711 5393 videor
1738 5337 1863 5393 hinc
1889 5351 2104 5406 quoque
2126 5314 2278 5391 colli-
2386 5335 2667 5405 phyrium,
2709 5346 2775 5387 ac
2807 5329 3135 5384 Mercurium
3187 5324 3638 5395 Trismegistum,
3670 5314 3813 5408 cuius
3842 5318 3918 5359 ηο·

696 5447 827 5498 gere
877 5445 1069 5500 posse,
1113 5429 1291 5499 ipsum
1334 5445 1539 5494 unum,
1589 5403 1947 5498 eumdemque
1991 5403 2113 5481 esse
2157 5438 2279 5479 eum
2385 5403 2534 5479 mine
2568 5421 2820 5491 inscripti
2868 5417 2995 5473 libri
3046 5427 3105 5471 ut
3153 5414 3372 5485 genuini
3417 5423 3546 5468 tunc
3589 5403 3911 5498 habebantin-

708 5487 940 5593 bidymo
966 5487 1355 5575 Alexandrino.
1384 5487 1584 5574 Fateor
1613 5520 1773 5573 alium
1803 5487 2017 5588 quoque
2046 5517 2283 5571 Alexau-
2380 5517 2546 5586 Atqui
2586 5515 2692 5574 hoc
2739 5487 2790 5568 ei
2836 5511 3072 5565 maxime
3110 5506 3400 5572 convenit,
3443 5518 3606 5575 quem
3648 5504 3699 5558 in
3736 5487 3912 5593 ρίῖεξίξζ

706 5577 925 5669 dritium
984 5612 1338 5681 scriptorem,
1394 5627 1585 5681 nempe
1636 5611 1696 5668 S.
1752 5577 2046 5682 Cyrillum,
2095 5608 2285 5662 eodem
2383 5577 2615 5676 aliisque
2697 5602 3058 5672 scriptoribus
3121 5598 3358 5654 ethnicis
3441 5602 3712 5651 versatum

711 5705 876 5760 modo
903 5706 969 5758 de
1000 5702 1110 5758 Deo
1141 5702 1377 5757 locutum
1409 5674 1595 5774 postea
1618 5718 1761 5767 esse,
1786 5674 1846 5756 ut
1871 5674 2051 5755 monui
2083 5710 2199 5754 not.
2227 5698 2285 5764 2,
2383 5674 2638 5763 constat,
2693 5692 2997 5765 cujusmodi
3064 5690 3168 5744 fuit
3221 5688 3501 5759 Didymus,
3559 5683 3698 5753 Ergo
3744 5674 3913 5774 tantum

713 5758 842 5865 pag.
870 5795 963 5860 59,
996 5810 1119 5848 cum
1150 5794 1316 5849 Deum
1344 5758 1541 5866 et'ipse
1571 5758 1760 5866 aperte
1789 5793 1986 5849 dixerit
2015 5758 2286 5861 dtpevéon,
2389 5791 2569 5853 abest,
2598 5758 2657 5840 ut
2686 5758 2791 5841 hoc
2821 5785 3061 5854 opinioni
3097 5791 3297 5836 nostra
3326 5758 3622 5849 quidquam
3655 5758 3912 5866 ofﬁciat,

714 5838 842 5865 .-«.,-
870 5838 963 5860 νν,
1150 5838 1316 5849 νυν-υ
1346 5838 1398 5851 υ.
1429 5838 1541 5866 ..νυν
1571 5838 1759 5866 ...ιν-η.
1791 5838 1986 5849 ..η-υ--
2017 5838 2286 5861 νΓἾ---μ
2389 5838 2569 5853 nm.
2604 5838 2654 5840 η
2830 5838 2872 5854 κ.
2898 5838 2925 5839 η
2958 5838 2961 5839 ν
3344 5838 3360 5849 .
3480 5838 3492 5847 .

710 5889 808 5943 sed
838 5888 1145 5958 huiusmodi
1183 5887 1509 5945 locutionem
1537 5905 1603 5946 es
1637 5890 1863 5959 Didyme
1888 5886 2147 5957 Cyrillum
2170 5900 2288 5940 mu-
2390 5881 2581 5953 petius
2610 5879 2726 5935 haec
2761 5878 2900 5933 ratio
2940 5892 3047 5932 non
3080 5889 3324 5931 seorsum
3356 5872 3573 5943 quidem
3607 5870 3819 5932 sumpta.
3838 5838 3912 5902 δαί
