  <div class='ocr_page' id='page_1' title='image "/cluster/home/n/w/nwhite01/storage/ocr_20150623/39/coo.31924054869361/088.png"; bbox 0 0 4092 6404; ppageno 0'>
   <div class='ocr_carea' id='block_1_1' title="bbox 146 394 2370 471">
    <p class='ocr_par' dir='ltr' id='par_1_1' title="bbox 146 394 2370 471">
     <span class='ocr_line' id='line_1_1' title="bbox 146 394 2370 471; baseline 0.007 -20"><span class='ocrx_word' id='word_1_1' title='bbox 146 394 220 452; x_wconf 81' lang='lat' dir='ltr'><strong>Ilii</strong></span> <span class='ocrx_word' id='word_1_2' title='bbox 1434 411 2007 471; x_wconf 76' lang='lat' dir='ltr'><strong>COMMENTARIUS.</strong></span> <span class='ocrx_word' id='word_1_3' title='bbox 2049 443 2120 454; x_wconf 91' lang='lat'><strong>—</strong></span> <span class='ocrx_word' id='word_1_4' title='bbox 2156 411 2284 469; x_wconf 86' lang='lat' dir='ltr'><strong>LIB.</strong></span> <span class='ocrx_word' id='word_1_5' title='bbox 2327 412 2370 466; x_wconf 91' lang='grc' dir='ltr'><strong>Ι.</strong></span> 
     </span>
    </p>
   </div>
   <div class='ocr_carea' id='block_1_2' title="bbox 3433 413 3542 469">
    <p class='ocr_par' dir='ltr' id='par_1_2' title="bbox 3433 413 3542 469">
     <span class='ocr_line' id='line_1_2' title="bbox 3433 413 3542 469; baseline 0.009 -1"><span class='ocrx_word' id='word_1_6' title='bbox 3433 413 3542 469; x_wconf 77' lang='grc'><strong>162</strong></span> 
     </span>
    </p>
   </div>
   <div class='ocr_carea' id='block_1_3' title="bbox 149 513 3541 599">
    <p class='ocr_par' dir='ltr' id='par_1_3' title="bbox 149 513 3541 599">
     <span class='ocr_line' id='line_1_3' title="bbox 149 513 3541 599; baseline 0.004 -32"><span class='ocrx_word' id='word_1_7' title='bbox 149 513 248 568; x_wconf 81' lang='lat' dir='ltr'><strong>aliis</strong></span> <span class='ocrx_word' id='word_1_8' title='bbox 279 517 695 587; x_wconf 73' lang='lat' dir='ltr'><strong>coniecturis</strong></span> <span class='ocrx_word' id='word_1_9' title='bbox 722 567 749 591; x_wconf 76' lang='lat'><strong>,</strong></span> <span class='ocrx_word' id='word_1_10' title='bbox 795 544 885 584; x_wconf 85' lang='lat' dir='ltr'><strong>ac</strong></span> <span class='ocrx_word' id='word_1_11' title='bbox 942 528 1245 583; x_wconf 88' lang='lat' dir='ltr'><strong>rationibus</strong></span> <span class='ocrx_word' id='word_1_12' title='bbox 1273 525 1456 594; x_wconf 88' lang='lat' dir='ltr'><strong>juncta</strong></span> <span class='ocrx_word' id='word_1_13' title='bbox 1509 527 1841 581; x_wconf 86' lang='lat' dir='ltr'><strong>sententiam</strong></span> <span class='ocrx_word' id='word_1_14' title='bbox 1874 539 1919 588; x_wconf 72' lang='grc' dir='ltr'>Α</span> <span class='ocrx_word' id='word_1_15' title='bbox 1951 539 2056 576; x_wconf 92' lang='lat' dir='ltr'><strong>non</strong></span> <span class='ocrx_word' id='word_1_16' title='bbox 2101 539 2225 576; x_wconf 87' lang='lat' dir='ltr'><strong>raro</strong></span> <span class='ocrx_word' id='word_1_17' title='bbox 2265 522 2578 590; x_wconf 81' lang='lat' dir='ltr'><strong>uirumque,</strong></span> <span class='ocrx_word' id='word_1_18' title='bbox 2630 523 2759 578; x_wconf 90' lang='lat' dir='ltr'><strong>dum</strong></span> <span class='ocrx_word' id='word_1_19' title='bbox 2811 525 3106 596; x_wconf 73' lang='lat' dir='ltr'><strong>Scriptura:</strong></span> <span class='ocrx_word' id='word_1_20' title='bbox 3146 526 3261 583; x_wconf 88' lang='lat' dir='ltr'><strong>loca</strong></span> <span class='ocrx_word' id='word_1_21' title='bbox 3312 527 3541 599; x_wconf 71' lang='lat' dir='ltr'><strong>allegat.</strong></span> 
     </span>
    </p>
   </div>
   <div class='ocr_carea' id='block_1_4' title="bbox 156 616 1223 681">
    <p class='ocr_par' dir='ltr' id='par_1_4' title="bbox 156 616 1223 681">
     <span class='ocr_line' id='line_1_4' title="bbox 156 616 1223 681; baseline 0.008 -19"><span class='ocrx_word' id='word_1_22' title='bbox 156 618 378 662; x_wconf 81' lang='lat' dir='ltr'><strong>nostram</strong></span> <span class='ocrx_word' id='word_1_23' title='bbox 411 616 988 681; x_wconf 81' lang='lat' dir='ltr'><strong>probabiliorem</strong></span> <span class='ocrx_word' id='word_1_24' title='bbox 1023 620 1223 674; x_wconf 88' lang='lat' dir='ltr'><strong>reddat.</strong></span> 
     </span>
    </p>
   </div>
   <div class='ocr_carea' id='block_1_5' title="bbox 164 722 1848 803">
    <p class='ocr_par' dir='ltr' id='par_1_5' title="bbox 164 722 1848 803">
     <span class='ocr_line' id='line_1_5' title="bbox 164 722 1848 803; baseline 0.002 -21"><span class='ocrx_word' id='word_1_25' title='bbox 164 722 278 780; x_wconf 72' lang='lat' dir='ltr'><strong>Cu.</strong></span> <span class='ocrx_word' id='word_1_26' title='bbox 309 722 470 778; x_wconf 61' lang='lat' dir='ltr'><strong>XlV.</strong></span> <span class='ocrx_word' id='word_1_27' title='bbox 533 728 999 799; x_wconf 74' lang='lat' dir='ltr'><strong>Origenianas</strong></span> <span class='ocrx_word' id='word_1_28' title='bbox 1047 734 1327 787; x_wconf 78' lang='lat' dir='ltr'><strong>locutiones</strong></span> <span class='ocrx_word' id='word_1_29' title='bbox 1370 733 1522 786; x_wconf 81' lang='lat' dir='ltr'><strong>habet</strong></span> <span class='ocrx_word' id='word_1_30' title='bbox 1577 732 1848 803; x_wconf 74' lang='lat' dir='ltr'><strong>theologus</strong></span> 
     </span>
    </p>
   </div>
   <div class='ocr_carea' id='block_1_6' title="bbox 575 804 1238 874">
    <p class='ocr_par' dir='ltr' id='par_1_6' title="bbox 575 804 1238 874">
     <span class='ocr_line' id='line_1_6' title="bbox 575 804 1238 874; baseline 0.008 -22"><span class='ocrx_word' id='word_1_31' title='bbox 575 815 812 855; x_wconf 79' lang='lat' dir='ltr'><strong>noster</strong></span> <span class='ocrx_word' id='word_1_32' title='bbox 860 816 924 856; x_wconf 78' lang='lat' dir='ltr'><strong>ut</strong></span> <span class='ocrx_word' id='word_1_33' title='bbox 968 804 1238 874; x_wconf 78' lang='lat' dir='ltr'><strong>Didymus.</strong></span> 
     </span>
    </p>
   </div>
   <div class='ocr_carea' id='block_1_7' title="bbox 261 892 1852 967">
    <p class='ocr_par' dir='ltr' id='par_1_7' title="bbox 261 892 1852 967">
     <span class='ocr_line' id='line_1_7' title="bbox 261 892 1852 967; baseline -0.001 -21"><span class='ocrx_word' id='word_1_34' title='bbox 261 892 692 958; x_wconf 76' lang='lat' dir='ltr'><strong>Apertissimum</strong></span> <span class='ocrx_word' id='word_1_35' title='bbox 729 895 1022 966; x_wconf 73' lang='lat' dir='ltr'><strong>Origenie</strong></span> <span class='ocrx_word' id='word_1_36' title='bbox 1047 906 1482 967; x_wconf 79' lang='lat' dir='ltr'><strong>propugnatorem</strong></span> <span class='ocrx_word' id='word_1_37' title='bbox 1509 905 1665 949; x_wconf 89' lang='lat' dir='ltr'><strong>vocat</strong></span> <span class='ocrx_word' id='word_1_38' title='bbox 1694 893 1852 964; x_wconf 84' lang='lat' dir='ltr'><strong>Didy-</strong></span> 
     </span>
    </p>
   </div>
   <div class='ocr_carea' id='block_1_8' title="bbox 208 982 1850 1055">
    <p class='ocr_par' dir='ltr' id='par_1_8' title="bbox 208 982 1850 1055">
     <span class='ocr_line' id='line_1_8' title="bbox 208 982 1850 1055; baseline 0.001 -18"><span class='ocrx_word' id='word_1_39' title='bbox 208 1000 344 1037; x_wconf 82' lang='lat' dir='ltr'><strong>mum</strong></span> <span class='ocrx_word' id='word_1_40' title='bbox 381 982 842 1055; x_wconf 69' lang='lat' dir='ltr'><strong>ﬁieronymus.</strong></span> <span class='ocrx_word' id='word_1_41' title='bbox 894 986 1022 1054; x_wconf 85' lang='lat' dir='ltr'><strong>Quo</strong></span> <span class='ocrx_word' id='word_1_42' title='bbox 1052 997 1230 1040; x_wconf 87' lang='lat' dir='ltr'><strong>autem</strong></span> <span class='ocrx_word' id='word_1_43' title='bbox 1277 1001 1439 1041; x_wconf 88' lang='lat' dir='ltr'><strong>sensu</strong></span> <span class='ocrx_word' id='word_1_44' title='bbox 1477 987 1530 1040; x_wconf 95' lang='lat' dir='ltr'><strong>id</strong></span> <span class='ocrx_word' id='word_1_45' title='bbox 1578 984 1850 1053; x_wconf 83' lang='lat' dir='ltr'><strong>accipien-</strong></span> 
     </span>
    </p>
   </div>
   <div class='ocr_carea' id='block_1_9' title="bbox 226 1078 1845 1150">
    <p class='ocr_par' dir='ltr' id='par_1_9' title="bbox 226 1078 1845 1150">
     <span class='ocr_line' id='line_1_9' title="bbox 226 1078 1845 1150; baseline 0.001 -20"><span class='ocrx_word' id='word_1_46' title='bbox 226 1078 343 1130; x_wconf 81' lang='lat' dir='ltr'><strong>dum</strong></span> <span class='ocrx_word' id='word_1_47' title='bbox 365 1078 458 1140; x_wconf 86' lang='lat' dir='ltr'><strong>sit,</strong></span> <span class='ocrx_word' id='word_1_48' title='bbox 488 1092 706 1145; x_wconf 66' lang='lat' dir='ltr'><strong>quaeve</strong></span> <span class='ocrx_word' id='word_1_49' title='bbox 735 1080 898 1145; x_wconf 86' lang='lat' dir='ltr'><strong>sint,</strong></span> <span class='ocrx_word' id='word_1_50' title='bbox 929 1091 1025 1134; x_wconf 90' lang='lat' dir='ltr'><strong>aut</strong></span> <span class='ocrx_word' id='word_1_51' title='bbox 1051 1079 1238 1150; x_wconf 85' lang='lat' dir='ltr'><strong>quales</strong></span> <span class='ocrx_word' id='word_1_52' title='bbox 1263 1079 1516 1150; x_wconf 86' lang='lat' dir='ltr'><strong>Origenis</strong></span> <span class='ocrx_word' id='word_1_53' title='bbox 1541 1080 1845 1147; x_wconf 83' lang='lat' dir='ltr'><strong>opiniones,</strong></span> 
     </span>
    </p>
   </div>
   <div class='ocr_carea' id='block_1_10' title="bbox 229 1169 1844 1244">
    <p class='ocr_par' dir='ltr' id='par_1_10' title="bbox 229 1169 1844 1244">
     <span class='ocr_line' id='line_1_10' title="bbox 229 1169 1844 1244; baseline 0.004 -27"><span class='ocrx_word' id='word_1_54' title='bbox 229 1170 411 1237; x_wconf 79' lang='lat' dir='ltr'><strong>quibus</strong></span> <span class='ocrx_word' id='word_1_55' title='bbox 457 1169 791 1225; x_wconf 71' lang='lat' dir='ltr'><strong>adhaeserit</strong></span> <span class='ocrx_word' id='word_1_56' title='bbox 848 1171 1154 1244; x_wconf 82' lang='lat' dir='ltr'><strong>Didymus,</strong></span> <span class='ocrx_word' id='word_1_57' title='bbox 1193 1187 1298 1226; x_wconf 89' lang='lat' dir='ltr'><strong>non</strong></span> <span class='ocrx_word' id='word_1_58' title='bbox 1345 1172 1616 1241; x_wconf 91' lang='lat' dir='ltr'><strong>inquiram</strong></span> <span class='ocrx_word' id='word_1_59' title='bbox 1666 1175 1844 1224; x_wconf 89' lang='lat' dir='ltr'><strong>modo.</strong></span> 
     </span>
    </p>
   </div>
   <div class='ocr_carea' id='block_1_11' title="bbox 240 1262 1846 1332">
    <p class='ocr_par' dir='ltr' id='par_1_11' title="bbox 240 1262 1846 1332">
     <span class='ocr_line' id='line_1_11' title="bbox 240 1262 1846 1332; baseline 0 -16"><span class='ocrx_word' id='word_1_60' title='bbox 240 1264 365 1316; x_wconf 83' lang='lat' dir='ltr'><strong>Illud</strong></span> <span class='ocrx_word' id='word_1_61' title='bbox 399 1263 527 1315; x_wconf 86' lang='lat' dir='ltr'><strong>mihi</strong></span> <span class='ocrx_word' id='word_1_62' title='bbox 559 1265 620 1314; x_wconf 85' lang='lat' dir='ltr'><strong>in</strong></span> <span class='ocrx_word' id='word_1_63' title='bbox 658 1278 937 1332; x_wconf 62' lang='lat' dir='ltr'><strong>praesens</strong></span> <span class='ocrx_word' id='word_1_64' title='bbox 975 1262 1197 1331; x_wconf 84' lang='lat' dir='ltr'><strong>suﬂicit,</strong></span> <span class='ocrx_word' id='word_1_65' title='bbox 1229 1273 1287 1316; x_wconf 89' lang='lat' dir='ltr'><strong>ut</strong></span> <span class='ocrx_word' id='word_1_66' title='bbox 1311 1265 1765 1332; x_wconf 79' lang='lat' dir='ltr'><strong>quemadmodum</strong></span> <span class='ocrx_word' id='word_1_67' title='bbox 1795 1264 1846 1316; x_wconf 93' lang='lat' dir='ltr'><strong>in</strong></span> 
     </span>
    </p>
   </div>
   <div class='ocr_carea' id='block_1_12' title="bbox 242 1358 1850 1429">
    <p class='ocr_par' dir='ltr' id='par_1_12' title="bbox 242 1358 1850 1429">
     <span class='ocr_line' id='line_1_12' title="bbox 242 1358 1850 1429; baseline -0.002 -17"><span class='ocrx_word' id='word_1_68' title='bbox 242 1360 476 1429; x_wconf 73' lang='lat' dir='ltr'><strong>Didytno,</strong></span> <span class='ocrx_word' id='word_1_69' title='bbox 511 1359 591 1412; x_wconf 86' lang='lat' dir='ltr'><strong>ita</strong></span> <span class='ocrx_word' id='word_1_70' title='bbox 621 1368 685 1414; x_wconf 84' lang='lat' dir='ltr'><strong>et</strong></span> <span class='ocrx_word' id='word_1_71' title='bbox 732 1359 794 1412; x_wconf 90' lang='lat' dir='ltr'><strong>in</strong></span> <span class='ocrx_word' id='word_1_72' title='bbox 838 1358 1095 1428; x_wconf 82' lang='lat' dir='ltr'><strong>theologo</strong></span> <span class='ocrx_word' id='word_1_73' title='bbox 1127 1369 1315 1412; x_wconf 85' lang='lat' dir='ltr'><strong>nostro</strong></span> <span class='ocrx_word' id='word_1_74' title='bbox 1345 1358 1521 1412; x_wconf 68' lang='lat' dir='ltr'><strong>multa:</strong></span> <span class='ocrx_word' id='word_1_75' title='bbox 1555 1365 1850 1410; x_wconf 82' lang='lat' dir='ltr'><strong>occurrant</strong></span> 
     </span>
    </p>
   </div>
   <div class='ocr_carea' id='block_1_13' title="bbox 237 1449 1846 1520">
    <p class='ocr_par' dir='ltr' id='par_1_13' title="bbox 237 1449 1846 1520">
     <span class='ocr_line' id='line_1_13' title="bbox 237 1449 1846 1520; baseline -0.001 -17"><span class='ocrx_word' id='word_1_76' title='bbox 237 1468 300 1504; x_wconf 81' lang='lat' dir='ltr'><strong>ex</strong></span> <span class='ocrx_word' id='word_1_77' title='bbox 338 1453 398 1504; x_wconf 88' lang='lat' dir='ltr'><strong>iis</strong></span> <span class='ocrx_word' id='word_1_78' title='bbox 426 1451 850 1513; x_wconf 85' lang='lat' dir='ltr'><strong>locutionibns,</strong></span> <span class='ocrx_word' id='word_1_79' title='bbox 899 1466 1034 1520; x_wconf 90' lang='lat' dir='ltr'><strong>quas</strong></span> <span class='ocrx_word' id='word_1_80' title='bbox 1081 1451 1134 1504; x_wconf 94' lang='lat' dir='ltr'><strong>in</strong></span> <span class='ocrx_word' id='word_1_81' title='bbox 1171 1451 1364 1504; x_wconf 78' lang='lat' dir='ltr'><strong>Ilulino</strong></span> <span class='ocrx_word' id='word_1_82' title='bbox 1405 1450 1760 1518; x_wconf 81' lang='lat' dir='ltr'><strong>Aquileiensi,</strong></span> <span class='ocrx_word' id='word_1_83' title='bbox 1794 1449 1846 1502; x_wconf 93' lang='lat' dir='ltr'><strong>in</strong></span> 
     </span>
    </p>
   </div>
   <div class='ocr_carea' id='block_1_14' title="bbox 232 1540 1848 1613">
    <p class='ocr_par' dir='ltr' id='par_1_14' title="bbox 232 1540 1848 1613">
     <span class='ocr_line' id='line_1_14' title="bbox 232 1540 1848 1613; baseline -0.003 -16"><span class='ocrx_word' id='word_1_84' title='bbox 232 1543 438 1598; x_wconf 76' lang='lat' dir='ltr'><strong>Joanne</strong></span> <span class='ocrx_word' id='word_1_85' title='bbox 481 1544 768 1613; x_wconf 85' lang='lat' dir='ltr'><strong>episcopo</strong></span> <span class='ocrx_word' id='word_1_86' title='bbox 816 1541 1333 1613; x_wconf 60' lang='lat' dir='ltr'><strong>llierosolymitano,</strong></span> <span class='ocrx_word' id='word_1_87' title='bbox 1379 1544 1608 1611; x_wconf 84' lang='lat' dir='ltr'><strong>aliisque</strong></span> <span class='ocrx_word' id='word_1_88' title='bbox 1638 1552 1694 1594; x_wconf 94' lang='lat' dir='ltr'><strong>ut</strong></span> <span class='ocrx_word' id='word_1_89' title='bbox 1725 1540 1848 1594; x_wconf 89' lang='lat' dir='ltr'><strong>Ori-</strong></span> 
     </span>
    </p>
   </div>
   <div class='ocr_carea' id='block_1_15' title="bbox 235 1633 1849 1705">
    <p class='ocr_par' dir='ltr' id='par_1_15' title="bbox 235 1633 1849 1705">
     <span class='ocr_line' id='line_1_15' title="bbox 235 1633 1849 1705; baseline -0.001 -19"><span class='ocrx_word' id='word_1_90' title='bbox 235 1638 505 1705; x_wconf 84' lang='lat' dir='ltr'><strong>genianas</strong></span> <span class='ocrx_word' id='word_1_91' title='bbox 541 1638 871 1690; x_wconf 72' lang='lat' dir='ltr'><strong>insectatus</strong></span> <span class='ocrx_word' id='word_1_92' title='bbox 900 1645 984 1690; x_wconf 91' lang='lat' dir='ltr'><strong>est</strong></span> <span class='ocrx_word' id='word_1_93' title='bbox 1013 1633 1373 1704; x_wconf 83' lang='lat' dir='ltr'><strong>Hieronymus</strong></span> <span class='ocrx_word' id='word_1_94' title='bbox 1404 1635 1541 1703; x_wconf 86' lang='lat' dir='ltr'><strong>ipse,</strong></span> <span class='ocrx_word' id='word_1_95' title='bbox 1575 1633 1849 1702; x_wconf 84' lang='lat' dir='ltr'><strong>Theophi-</strong></span> 
     </span>
    </p>
   </div>
   <div class='ocr_carea' id='block_1_16' title="bbox 234 1726 1843 1794">
    <p class='ocr_par' dir='ltr' id='par_1_16' title="bbox 234 1726 1843 1794">
     <span class='ocr_line' id='line_1_16' title="bbox 234 1726 1843 1794; baseline 0 -16"><span class='ocrx_word' id='word_1_96' title='bbox 234 1727 321 1780; x_wconf 84' lang='lat' dir='ltr'><strong>lus</strong></span> <span class='ocrx_word' id='word_1_97' title='bbox 372 1727 836 1791; x_wconf 76' lang='lat' dir='ltr'><strong>Alexandrinus,</strong></span> <span class='ocrx_word' id='word_1_98' title='bbox 900 1737 953 1780; x_wconf 93' lang='lat' dir='ltr'><strong>et</strong></span> <span class='ocrx_word' id='word_1_99' title='bbox 1005 1728 1094 1780; x_wconf 89' lang='lat' dir='ltr'><strong>alii</strong></span> <span class='ocrx_word' id='word_1_100' title='bbox 1146 1726 1352 1782; x_wconf 87' lang='lat' dir='ltr'><strong>Patres.</strong></span> <span class='ocrx_word' id='word_1_101' title='bbox 1408 1731 1479 1780; x_wconf 82' lang='lat' dir='ltr'><strong>At</strong></span> <span class='ocrx_word' id='word_1_102' title='bbox 1533 1726 1843 1794; x_wconf 89' lang='lat' dir='ltr'><strong>hujusmodi</strong></span> 
     </span>
    </p>
   </div>
   <div class='ocr_carea' id='block_1_17' title="bbox 237 1819 1847 1890">
    <p class='ocr_par' dir='ltr' id='par_1_17' title="bbox 237 1819 1847 1890">
     <span class='ocr_line' id='line_1_17' title="bbox 237 1819 1847 1890; baseline -0.001 -17"><span class='ocrx_word' id='word_1_103' title='bbox 237 1821 422 1888; x_wconf 85' lang='lat' dir='ltr'><strong>reipsa</strong></span> <span class='ocrx_word' id='word_1_104' title='bbox 452 1830 591 1873; x_wconf 88' lang='lat' dir='ltr'><strong>sunt</strong></span> <span class='ocrx_word' id='word_1_105' title='bbox 639 1821 829 1888; x_wconf 91' lang='lat' dir='ltr'><strong>primo</strong></span> <span class='ocrx_word' id='word_1_106' title='bbox 859 1835 977 1888; x_wconf 76' lang='lat' dir='ltr'><strong>qua:</strong></span> <span class='ocrx_word' id='word_1_107' title='bbox 1002 1823 1068 1874; x_wconf 90' lang='lat' dir='ltr'><strong>de</strong></span> <span class='ocrx_word' id='word_1_108' title='bbox 1105 1823 1335 1890; x_wconf 78' lang='lat' dir='ltr'><strong>imagine</strong></span> <span class='ocrx_word' id='word_1_109' title='bbox 1375 1820 1468 1872; x_wconf 95' lang='lat' dir='ltr'><strong>Dei</strong></span> <span class='ocrx_word' id='word_1_110' title='bbox 1516 1820 1584 1872; x_wconf 88' lang='lat' dir='ltr'><strong>ab</strong></span> <span class='ocrx_word' id='word_1_111' title='bbox 1629 1819 1847 1872; x_wconf 86' lang='lat' dir='ltr'><strong>homine</strong></span> 
     </span>
    </p>
   </div>
   <div class='ocr_carea' id='block_1_18' title="bbox 241 1888 2159 1980">
    <p class='ocr_par' dir='ltr' id='par_1_18' title="bbox 241 1888 2159 1980">
     <span class='ocr_line' id='line_1_18' title="bbox 241 1888 2159 1980; baseline -0.001 -17"><span class='ocrx_word' id='word_1_112' title='bbox 241 1928 342 1980; x_wconf 81' lang='lat' dir='ltr'><strong>per</strong></span> <span class='ocrx_word' id='word_1_113' title='bbox 374 1921 680 1980; x_wconf 78' lang='lat' dir='ltr'><strong>peccatum</strong></span> <span class='ocrx_word' id='word_1_114' title='bbox 705 1915 908 1965; x_wconf 86' lang='lat' dir='ltr'><strong>amissa</strong></span> <span class='ocrx_word' id='word_1_115' title='bbox 940 1913 1096 1966; x_wconf 91' lang='lat' dir='ltr'><strong>docet</strong></span> <span class='ocrx_word' id='word_1_116' title='bbox 1124 1888 1312 1965; x_wconf 77' lang='lat' dir='ltr'><strong>auctor</strong></span> <span class='ocrx_word' id='word_1_117' title='bbox 1335 1920 1521 1965; x_wconf 83' lang='lat' dir='ltr'><strong>noster</strong></span> <span class='ocrx_word' id='word_1_118' title='bbox 1549 1924 1670 1978; x_wconf 82' lang='lat' dir='ltr'><strong>pag.</strong></span> <span class='ocrx_word' id='word_1_119' title='bbox 1699 1907 1806 1962; x_wconf 75' lang='lat'><strong>255</strong></span> <span class='ocrx_word' id='word_1_120' title='bbox 1831 1927 1844 1974; x_wconf 93' lang='lat'><strong>;</strong></span> <span class='ocrx_word' id='word_1_121' title='bbox 1882 1888 1924 1946; x_wconf 75' lang='grc' dir='ltr'><strong>Β</strong></span> <span class='ocrx_word' id='word_1_122' title='bbox 1953 1904 2097 1955; x_wconf 77' lang='lat' dir='ltr'><strong>enim</strong></span> <span class='ocrx_word' id='word_1_123' title='bbox 2146 1920 2159 1955; x_wconf 77' lang='grc' dir='ltr'><strong>ε</strong></span> 
     </span>
    </p>
   </div>
   <div class='ocr_carea' id='block_1_19' title="bbox 241 2002 1842 2075">
    <p class='ocr_par' dir='ltr' id='par_1_19' title="bbox 241 2002 1842 2075">
     <span class='ocr_line' id='line_1_19' title="bbox 241 2002 1842 2075; baseline -0.002 -18"><span class='ocrx_word' id='word_1_124' title='bbox 241 2008 444 2060; x_wconf 76' lang='lat' dir='ltr'><strong>deinde</strong></span> <span class='ocrx_word' id='word_1_125' title='bbox 494 2021 629 2075; x_wconf 74' lang='lat' dir='ltr'><strong>quae</strong></span> <span class='ocrx_word' id='word_1_126' title='bbox 682 2004 883 2072; x_wconf 59' lang='lat' dir='ltr'><strong>sa&#39;pins</strong></span> <span class='ocrx_word' id='word_1_127' title='bbox 926 2005 1114 2059; x_wconf 88' lang='lat' dir='ltr'><strong>scribit</strong></span> <span class='ocrx_word' id='word_1_128' title='bbox 1175 2005 1240 2057; x_wconf 85' lang='lat' dir='ltr'><strong>de</strong></span> <span class='ocrx_word' id='word_1_129' title='bbox 1288 2002 1571 2071; x_wconf 86' lang='lat' dir='ltr'><strong>apatlteia,</strong></span> <span class='ocrx_word' id='word_1_130' title='bbox 1629 2002 1681 2055; x_wconf 88' lang='lat' dir='ltr'><strong>id</strong></span> <span class='ocrx_word' id='word_1_131' title='bbox 1737 2011 1842 2061; x_wconf 85' lang='lat' dir='ltr'><strong>est.</strong></span> 
     </span>
    </p>
   </div>
   <div class='ocr_carea' id='block_1_20' title="bbox 242 2095 1852 2165">
    <p class='ocr_par' dir='ltr' id='par_1_20' title="bbox 242 2095 1852 2165">
     <span class='ocr_line' id='line_1_20' title="bbox 242 2095 1852 2165; baseline -0.002 -14"><span class='ocrx_word' id='word_1_132' title='bbox 242 2099 772 2165; x_wconf 79' lang='lat' dir='ltr'><strong>imperturbatione,</strong></span> <span class='ocrx_word' id='word_1_133' title='bbox 802 2105 892 2150; x_wconf 90' lang='lat' dir='ltr'><strong>aut</strong></span> <span class='ocrx_word' id='word_1_134' title='bbox 916 2096 1256 2150; x_wconf 89' lang='lat' dir='ltr'><strong>immunitate</strong></span> <span class='ocrx_word' id='word_1_135' title='bbox 1283 2112 1310 2148; x_wconf 90' lang='lat' dir='ltr'><strong>a</strong></span> <span class='ocrx_word' id='word_1_136' title='bbox 1347 2095 1852 2163; x_wconf 82' lang='lat' dir='ltr'><strong>perturbationibus</strong></span> 
     </span>
    </p>
   </div>
   <div class='ocr_carea' id='block_1_21' title="bbox 240 2187 1852 2259">
    <p class='ocr_par' dir='ltr' id='par_1_21' title="bbox 240 2187 1852 2259">
     <span class='ocr_line' id='line_1_21' title="bbox 240 2187 1852 2259; baseline -0.002 -15"><span class='ocrx_word' id='word_1_137' title='bbox 240 2193 461 2256; x_wconf 78' lang='lat' dir='ltr'><strong>animi,</strong></span> <span class='ocrx_word' id='word_1_138' title='bbox 520 2206 672 2259; x_wconf 84' lang='lat' dir='ltr'><strong>quas</strong></span> <span class='ocrx_word' id='word_1_139' title='bbox 722 2191 880 2259; x_wconf 79' lang='lat' dir='ltr'><strong>vulgo</strong></span> <span class='ocrx_word' id='word_1_140' title='bbox 932 2189 1197 2257; x_wconf 73' lang='lat' dir='ltr'><strong>passiones</strong></span> <span class='ocrx_word' id='word_1_141' title='bbox 1249 2189 1471 2252; x_wconf 91' lang='lat' dir='ltr'><strong>dicunt;</strong></span> <span class='ocrx_word' id='word_1_142' title='bbox 1525 2202 1589 2241; x_wconf 91' lang='lat' dir='ltr'><strong>ac</strong></span> <span class='ocrx_word' id='word_1_143' title='bbox 1637 2187 1852 2241; x_wconf 90' lang='lat' dir='ltr'><strong>demum</strong></span> 
     </span>
    </p>
   </div>
   <div class='ocr_carea' id='block_1_22' title="bbox 242 2281 1852 2353">
    <p class='ocr_par' dir='ltr' id='par_1_22' title="bbox 242 2281 1852 2353">
     <span class='ocr_line' id='line_1_22' title="bbox 242 2281 1852 2353; baseline -0.002 -17"><span class='ocrx_word' id='word_1_144' title='bbox 242 2286 398 2353; x_wconf 81' lang='lat' dir='ltr'><strong>quod</strong></span> <span class='ocrx_word' id='word_1_145' title='bbox 447 2300 618 2353; x_wconf 83' lang='lat' dir='ltr'><strong>pagg.</strong></span> <span class='ocrx_word' id='word_1_146' title='bbox 655 2282 727 2336; x_wconf 68' lang='grc' dir='ltr'><strong>’ὀὶ</strong></span> <span class='ocrx_word' id='word_1_147' title='bbox 755 2293 812 2335; x_wconf 90' lang='lat' dir='ltr'><strong>et</strong></span> <span class='ocrx_word' id='word_1_148' title='bbox 847 2281 939 2335; x_wconf 84' lang='grc'><strong>151</strong></span> <span class='ocrx_word' id='word_1_149' title='bbox 976 2281 1236 2346; x_wconf 84' lang='lat' dir='ltr'><strong>allirmat,</strong></span> <span class='ocrx_word' id='word_1_150' title='bbox 1273 2297 1393 2334; x_wconf 91' lang='lat' dir='ltr'><strong>cum</strong></span> <span class='ocrx_word' id='word_1_151' title='bbox 1430 2282 1480 2334; x_wconf 93' lang='lat' dir='ltr'><strong>in</strong></span> <span class='ocrx_word' id='word_1_152' title='bbox 1515 2281 1602 2333; x_wconf 90' lang='lat' dir='ltr'><strong>illa</strong></span> <span class='ocrx_word' id='word_1_153' title='bbox 1637 2281 1852 2350; x_wconf 88' lang='lat' dir='ltr'><strong>quidem</strong></span> 
     </span>
    </p>
   </div>
   <div class='ocr_carea' id='block_1_23' title="bbox 242 2375 1855 2442">
    <p class='ocr_par' dir='ltr' id='par_1_23' title="bbox 242 2375 1855 2442">
     <span class='ocr_line' id='line_1_23' title="bbox 242 2375 1855 2442; baseline -0.002 -12"><span class='ocrx_word' id='word_1_154' title='bbox 242 2382 331 2430; x_wconf 81' lang='lat' dir='ltr'><strong>ait</strong></span> <span class='ocrx_word' id='word_1_155' title='bbox 366 2398 378 2431; x_wconf 93' lang='lat'>:</span> <span class='ocrx_word' id='word_1_156' title='bbox 415 2376 742 2442; x_wconf 77' lang='lat' dir='ltr'><strong>Quicunque</strong></span> <span class='ocrx_word' id='word_1_157' title='bbox 767 2377 974 2428; x_wconf 88' lang='lat' dir='ltr'><strong>initium</strong></span> <span class='ocrx_word' id='word_1_158' title='bbox 1006 2377 1176 2428; x_wconf 82' lang='lat' dir='ltr'><strong>dicere</strong></span> <span class='ocrx_word' id='word_1_159' title='bbox 1202 2375 1482 2437; x_wconf 87' lang='lat' dir='ltr'><strong>voluerint,</strong></span> <span class='ocrx_word' id='word_1_160' title='bbox 1506 2377 1666 2442; x_wconf 75' lang='lat' dir='ltr'><strong>ﬁnem</strong></span> <span class='ocrx_word' id='word_1_161' title='bbox 1694 2375 1855 2427; x_wconf 90' lang='lat' dir='ltr'><strong>etiam</strong></span> 
     </span>
    </p>
   </div>
   <div class='ocr_carea' id='block_1_24' title="bbox 241 2467 1856 2537">
    <p class='ocr_par' dir='ltr' id='par_1_24' title="bbox 241 2467 1856 2537">
     <span class='ocr_line' id='line_1_24' title="bbox 241 2467 1856 2537; baseline -0.001 -15"><span class='ocrx_word' id='word_1_162' title='bbox 241 2473 589 2536; x_wconf 77' lang='lat' dir='ltr'><strong>conﬁtentur</strong></span> <span class='ocrx_word' id='word_1_163' title='bbox 621 2485 642 2521; x_wconf 91' lang='lat'><em>:</em></span> <span class='ocrx_word' id='word_1_164' title='bbox 681 2470 734 2522; x_wconf 92' lang='lat' dir='ltr'><strong>in</strong></span> <span class='ocrx_word' id='word_1_165' title='bbox 775 2469 872 2522; x_wconf 89' lang='lat' dir='ltr'><strong>hac</strong></span> <span class='ocrx_word' id='word_1_166' title='bbox 902 2485 1025 2523; x_wconf 89' lang='lat' dir='ltr'><strong>vero</strong></span> <span class='ocrx_word' id='word_1_167' title='bbox 1054 2487 1067 2521; x_wconf 90' lang='lat'><strong>:</strong></span> <span class='ocrx_word' id='word_1_168' title='bbox 1098 2467 1236 2522; x_wconf 88' lang='lat' dir='ltr'><strong>Nam</strong></span> <span class='ocrx_word' id='word_1_169' title='bbox 1269 2484 1443 2522; x_wconf 79' lang='lat' dir='ltr'><strong>revera</strong></span> <span class='ocrx_word' id='word_1_170' title='bbox 1469 2467 1724 2537; x_wconf 82' lang='lat' dir='ltr'><strong>quidquid</strong></span> <span class='ocrx_word' id='word_1_171' title='bbox 1752 2468 1856 2521; x_wconf 88' lang='lat' dir='ltr'><strong>ini-</strong></span> 
     </span>
    </p>
   </div>
   <div class='ocr_carea' id='block_1_25' title="bbox 232 2560 1294 2628">
    <p class='ocr_par' dir='ltr' id='par_1_25' title="bbox 232 2560 1294 2628">
     <span class='ocr_line' id='line_1_25' title="bbox 232 2560 1294 2628; baseline 0.001 -14"><span class='ocrx_word' id='word_1_172' title='bbox 232 2565 389 2615; x_wconf 73' lang='lat' dir='ltr'><strong>tium</strong></span> <span class='ocrx_word' id='word_1_173' title='bbox 421 2563 660 2628; x_wconf 83' lang='lat' dir='ltr'><strong>accepit,</strong></span> <span class='ocrx_word' id='word_1_174' title='bbox 700 2560 902 2613; x_wconf 82' lang='lat' dir='ltr'><strong>habebit</strong></span> <span class='ocrx_word' id='word_1_175' title='bbox 929 2561 1082 2613; x_wconf 89' lang='lat' dir='ltr'><strong>etiam</strong></span> <span class='ocrx_word' id='word_1_176' title='bbox 1117 2561 1294 2628; x_wconf 72' lang='lat' dir='ltr'><strong>linem.</strong></span> 
     </span>
    </p>
   </div>
   <div class='ocr_carea' id='block_1_26' title="bbox 321 2649 1856 2720">
    <p class='ocr_par' dir='ltr' id='par_1_26' title="bbox 321 2649 1856 2720">
     <span class='ocr_line' id='line_1_26' title="bbox 321 2649 1856 2720; baseline -0.003 -11"><span class='ocrx_word' id='word_1_177' title='bbox 321 2655 540 2709; x_wconf 78' lang='lat' dir='ltr'><strong>Fateor</strong></span> <span class='ocrx_word' id='word_1_178' title='bbox 574 2663 690 2705; x_wconf 89' lang='lat' dir='ltr'><strong>tres</strong></span> <span class='ocrx_word' id='word_1_179' title='bbox 724 2653 883 2706; x_wconf 86' lang='lat' dir='ltr'><strong>hasce</strong></span> <span class='ocrx_word' id='word_1_180' title='bbox 909 2653 1142 2720; x_wconf 74' lang='lat' dir='ltr'><strong>theologi</strong></span> <span class='ocrx_word' id='word_1_181' title='bbox 1174 2651 1366 2718; x_wconf 84' lang='lat' dir='ltr'><strong>nostri,</strong></span> <span class='ocrx_word' id='word_1_182' title='bbox 1394 2650 1637 2720; x_wconf 88' lang='lat' dir='ltr'><strong>aliasque</strong></span> <span class='ocrx_word' id='word_1_183' title='bbox 1667 2649 1856 2718; x_wconf 79' lang='lat' dir='ltr'><strong>hujus-</strong></span> 
     </span>
    </p>
   </div>
   <div class='ocr_carea' id='block_1_27' title="bbox 230 2745 1853 2814">
    <p class='ocr_par' dir='ltr' id='par_1_27' title="bbox 230 2745 1853 2814">
     <span class='ocr_line' id='line_1_27' title="bbox 230 2745 1853 2814; baseline -0.001 -15"><span class='ocrx_word' id='word_1_184' title='bbox 230 2748 407 2799; x_wconf 78' lang='lat' dir='ltr'><strong>Inodi</strong></span> <span class='ocrx_word' id='word_1_185' title='bbox 444 2746 756 2800; x_wconf 89' lang='lat' dir='ltr'><strong>locutiones</strong></span> <span class='ocrx_word' id='word_1_186' title='bbox 788 2754 936 2798; x_wconf 90' lang='lat' dir='ltr'><strong>recto</strong></span> <span class='ocrx_word' id='word_1_187' title='bbox 973 2759 1134 2797; x_wconf 86' lang='lat' dir='ltr'><strong>sensu</strong></span> <span class='ocrx_word' id='word_1_188' title='bbox 1172 2745 1340 2812; x_wconf 82' lang='lat' dir='ltr'><strong>accipi</strong></span> <span class='ocrx_word' id='word_1_189' title='bbox 1382 2758 1562 2814; x_wconf 85' lang='lat' dir='ltr'><strong>posse,</strong></span> <span class='ocrx_word' id='word_1_190' title='bbox 1592 2760 1652 2798; x_wconf 87' lang='lat' dir='ltr'><strong>ac</strong></span> <span class='ocrx_word' id='word_1_191' title='bbox 1681 2745 1853 2811; x_wconf 88' lang='lat' dir='ltr'><strong>reipsa</strong></span> 
     </span>
    </p>
   </div>
   <div class='ocr_carea' id='block_1_28' title="bbox 230 2837 1853 2908">
    <p class='ocr_par' dir='ltr' id='par_1_28' title="bbox 230 2837 1853 2908">
     <span class='ocr_line' id='line_1_28' title="bbox 230 2837 1853 2908; baseline 0 -18"><span class='ocrx_word' id='word_1_192' title='bbox 230 2842 320 2892; x_wconf 79' lang='lat' dir='ltr'><strong>ab</strong></span> <span class='ocrx_word' id='word_1_193' title='bbox 371 2840 500 2891; x_wconf 81' lang='lat' dir='ltr'><strong>aliis</strong></span> <span class='ocrx_word' id='word_1_194' title='bbox 547 2837 806 2891; x_wconf 83' lang='lat' dir='ltr'><strong>Patribus</strong></span> <span class='ocrx_word' id='word_1_195' title='bbox 838 2853 956 2891; x_wconf 85' lang='lat' dir='ltr'><strong>esse</strong></span> <span class='ocrx_word' id='word_1_196' title='bbox 998 2837 1291 2892; x_wconf 79' lang='lat' dir='ltr'><strong>adhibitus.</strong></span> <span class='ocrx_word' id='word_1_197' title='bbox 1336 2839 1405 2890; x_wconf 83' lang='lat' dir='ltr'><strong>At</strong></span> <span class='ocrx_word' id='word_1_198' title='bbox 1444 2855 1508 2891; x_wconf 90' lang='lat' dir='ltr'><strong>ne</strong></span> <span class='ocrx_word' id='word_1_199' title='bbox 1549 2839 1599 2891; x_wconf 93' lang='lat' dir='ltr'><strong>in</strong></span> <span class='ocrx_word' id='word_1_200' title='bbox 1643 2837 1853 2908; x_wconf 84' lang='lat' dir='ltr'><strong>Didymi</strong></span> 
     </span>
    </p>
   </div>
   <div class='ocr_carea' id='block_1_29' title="bbox 225 2930 1856 3003">
    <p class='ocr_par' dir='ltr' id='par_1_29' title="bbox 225 2930 1856 3003">
     <span class='ocr_line' id='line_1_29' title="bbox 225 2930 1856 3003; baseline -0.001 -17"><span class='ocrx_word' id='word_1_201' title='bbox 225 2935 488 3003; x_wconf 84' lang='lat' dir='ltr'><strong>quidem</strong></span> <span class='ocrx_word' id='word_1_202' title='bbox 536 2930 801 2999; x_wconf 82' lang='lat' dir='ltr'><strong>cperibus</strong></span> <span class='ocrx_word' id='word_1_203' title='bbox 844 2945 962 2998; x_wconf 73' lang='lat' dir='ltr'><strong>qua:</strong></span> <span class='ocrx_word' id='word_1_204' title='bbox 1003 2941 1252 2996; x_wconf 89' lang='lat' dir='ltr'><strong>exstant,</strong></span> <span class='ocrx_word' id='word_1_205' title='bbox 1311 2931 1419 2984; x_wconf 88' lang='lat' dir='ltr'><strong>ulla</strong></span> <span class='ocrx_word' id='word_1_206' title='bbox 1483 2933 1716 2985; x_wconf 79' lang='lat' dir='ltr'><strong>fortasse</strong></span> <span class='ocrx_word' id='word_1_207' title='bbox 1772 2939 1856 2985; x_wconf 91' lang='lat' dir='ltr'><strong>est</strong></span> 
     </span>
    </p>
   </div>
   <div class='ocr_carea' id='block_1_30' title="bbox 233 3022 1854 3094">
    <p class='ocr_par' dir='ltr' id='par_1_30' title="bbox 233 3022 1854 3094">
     <span class='ocr_line' id='line_1_30' title="bbox 233 3022 1854 3094; baseline -0.002 -14"><span class='ocrx_word' id='word_1_208' title='bbox 233 3026 608 3094; x_wconf 83' lang='lat' dir='ltr'><strong>Origeniana</strong></span> <span class='ocrx_word' id='word_1_209' title='bbox 667 3022 866 3075; x_wconf 91' lang='lat' dir='ltr'><strong>locutio</strong></span> <span class='ocrx_word' id='word_1_210' title='bbox 891 3061 905 3086; x_wconf 95' lang='lat'><strong>,</strong></span> <span class='ocrx_word' id='word_1_211' title='bbox 941 3037 1103 3091; x_wconf 90' lang='lat' dir='ltr'><strong>quam</strong></span> <span class='ocrx_word' id='word_1_212' title='bbox 1143 3022 1408 3077; x_wconf 82' lang='lat' dir='ltr'><strong>catbolice</strong></span> <span class='ocrx_word' id='word_1_213' title='bbox 1447 3023 1718 3091; x_wconf 84' lang='lat' dir='ltr'><strong>explicare</strong></span> <span class='ocrx_word' id='word_1_214' title='bbox 1755 3037 1854 3076; x_wconf 88' lang='lat' dir='ltr'><strong>ne-</strong></span> 
     </span>
    </p>
   </div>
   <div class='ocr_carea' id='block_1_31' title="bbox 238 3115 1855 3184">
    <p class='ocr_par' dir='ltr' id='par_1_31' title="bbox 238 3115 1855 3184">
     <span class='ocr_line' id='line_1_31' title="bbox 238 3115 1855 3184; baseline 0.003 -18"><span class='ocrx_word' id='word_1_215' title='bbox 238 3132 581 3183; x_wconf 79' lang='lat' dir='ltr'><strong>queamus:</strong></span> <span class='ocrx_word' id='word_1_216' title='bbox 614 3131 754 3182; x_wconf 88' lang='lat' dir='ltr'><strong>quas</strong></span> <span class='ocrx_word' id='word_1_217' title='bbox 792 3131 919 3168; x_wconf 88' lang='lat' dir='ltr'><strong>vero</strong></span> <span class='ocrx_word' id='word_1_218' title='bbox 959 3116 1010 3169; x_wconf 93' lang='lat' dir='ltr'><strong>in</strong></span> <span class='ocrx_word' id='word_1_219' title='bbox 1052 3115 1298 3183; x_wconf 84' lang='lat' dir='ltr'><strong>tbeologo</strong></span> <span class='ocrx_word' id='word_1_220' title='bbox 1332 3126 1517 3171; x_wconf 90' lang='lat' dir='ltr'><strong>nostro</strong></span> <span class='ocrx_word' id='word_1_221' title='bbox 1555 3117 1855 3184; x_wconf 88' lang='lat' dir='ltr'><strong>reperimus</strong></span> 
     </span>
    </p>
   </div>
   <div class='ocr_carea' id='block_1_32' title="bbox 247 3208 1920 3304">
    <p class='ocr_par' dir='ltr' id='par_1_32' title="bbox 247 3208 1920 3304">
     <span class='ocr_line' id='line_1_32' title="bbox 247 3208 1920 3304; baseline -0.002 -39"><span class='ocrx_word' id='word_1_222' title='bbox 247 3211 690 3280; x_wconf 76' lang='lat' dir='ltr'><strong>Origenismum</strong></span> <span class='ocrx_word' id='word_1_223' title='bbox 734 3208 1038 3262; x_wconf 84' lang='lat' dir='ltr'><strong>redolentcs</strong></span> <span class='ocrx_word' id='word_1_224' title='bbox 1062 3248 1076 3272; x_wconf 91' lang='lat'><strong>,</strong></span> <span class='ocrx_word' id='word_1_225' title='bbox 1114 3209 1398 3276; x_wconf 86' lang='lat' dir='ltr'><strong>plerasque</strong></span> <span class='ocrx_word' id='word_1_226' title='bbox 1433 3219 1490 3261; x_wconf 91' lang='lat' dir='ltr'><strong>ut</strong></span> <span class='ocrx_word' id='word_1_227' title='bbox 1524 3209 1847 3279; x_wconf 84' lang='lat' dir='ltr'><strong>Origeniana</strong></span> <span class='ocrx_word' id='word_1_228' title='bbox 1879 3247 1920 3304; x_wconf 66' lang='grc' dir='ltr'>Ο</span> 
     </span>
    </p>
   </div>
   <div class='ocr_carea' id='block_1_33' title="bbox 253 3299 1851 3370">
    <p class='ocr_par' dir='ltr' id='par_1_33' title="bbox 253 3299 1851 3370">
     <span class='ocr_line' id='line_1_33' title="bbox 253 3299 1851 3370; baseline 0.001 -17"><span class='ocrx_word' id='word_1_229' title='bbox 253 3303 391 3354; x_wconf 77' lang='lat' dir='ltr'><strong>labe</strong></span> <span class='ocrx_word' id='word_1_230' title='bbox 426 3301 666 3354; x_wconf 82' lang='lat' dir='ltr'><strong>infectas</strong></span> <span class='ocrx_word' id='word_1_231' title='bbox 694 3300 760 3353; x_wconf 86' lang='lat' dir='ltr'><strong>ab</strong></span> <span class='ocrx_word' id='word_1_232' title='bbox 802 3299 1161 3370; x_wconf 82' lang='lat' dir='ltr'><strong>Hieronymo,</strong></span> <span class='ocrx_word' id='word_1_233' title='bbox 1191 3300 1382 3354; x_wconf 86' lang='lat' dir='ltr'><strong>aliisve</strong></span> <span class='ocrx_word' id='word_1_234' title='bbox 1427 3301 1640 3354; x_wconf 89' lang='lat' dir='ltr'><strong>habitas</strong></span> <span class='ocrx_word' id='word_1_235' title='bbox 1681 3301 1851 3355; x_wconf 80' lang='lat' dir='ltr'><strong>fuisse</strong></span> 
     </span>
    </p>
   </div>
   <div class='ocr_carea' id='block_1_34' title="bbox 254 3392 1850 3461">
    <p class='ocr_par' dir='ltr' id='par_1_34' title="bbox 254 3392 1850 3461">
     <span class='ocr_line' id='line_1_34' title="bbox 254 3392 1850 3461; baseline -0.001 -13"><span class='ocrx_word' id='word_1_236' title='bbox 254 3395 482 3448; x_wconf 76' lang='lat' dir='ltr'><strong>ostendi</strong></span> <span class='ocrx_word' id='word_1_237' title='bbox 517 3395 571 3445; x_wconf 92' lang='lat' dir='ltr'><strong>in</strong></span> <span class='ocrx_word' id='word_1_238' title='bbox 606 3392 776 3456; x_wconf 89' lang='lat' dir='ltr'><strong>notis,</strong></span> <span class='ocrx_word' id='word_1_239' title='bbox 809 3402 864 3444; x_wconf 94' lang='lat' dir='ltr'><strong>ut</strong></span> <span class='ocrx_word' id='word_1_240' title='bbox 899 3393 1121 3461; x_wconf 88' lang='lat' dir='ltr'><strong>proinde</strong></span> <span class='ocrx_word' id='word_1_241' title='bbox 1146 3392 1278 3445; x_wconf 84' lang='lat' dir='ltr'><strong>nihil</strong></span> <span class='ocrx_word' id='word_1_242' title='bbox 1314 3408 1454 3446; x_wconf 93' lang='lat' dir='ltr'><strong>nunc</strong></span> <span class='ocrx_word' id='word_1_243' title='bbox 1487 3402 1654 3446; x_wconf 86' lang='lat' dir='ltr'><strong>restet</strong></span> <span class='ocrx_word' id='word_1_244' title='bbox 1680 3392 1850 3458; x_wconf 86' lang='lat' dir='ltr'><strong>aliud,</strong></span> 
     </span>
    </p>
   </div>
   <div class='ocr_carea' id='block_1_35' title="bbox 255 3484 1854 3554">
    <p class='ocr_par' dir='ltr' id='par_1_35' title="bbox 255 3484 1854 3554">
     <span class='ocr_line' id='line_1_35' title="bbox 255 3484 1854 3554; baseline -0.001 -15"><span class='ocrx_word' id='word_1_245' title='bbox 255 3487 372 3540; x_wconf 85' lang='lat' dir='ltr'><strong>nisi</strong></span> <span class='ocrx_word' id='word_1_246' title='bbox 413 3498 472 3538; x_wconf 87' lang='lat' dir='ltr'><strong>ut</strong></span> <span class='ocrx_word' id='word_1_247' title='bbox 506 3486 574 3539; x_wconf 86' lang='lat' dir='ltr'><strong>de</strong></span> <span class='ocrx_word' id='word_1_248' title='bbox 602 3485 899 3545; x_wconf 82' lang='lat' dir='ltr'><strong>sententia,</strong></span> <span class='ocrx_word' id='word_1_249' title='bbox 936 3500 1093 3552; x_wconf 89' lang='lat' dir='ltr'><strong>quam</strong></span> <span class='ocrx_word' id='word_1_250' title='bbox 1123 3500 1244 3554; x_wconf 83' lang='lat' dir='ltr'><strong>pag.</strong></span> <span class='ocrx_word' id='word_1_251' title='bbox 1277 3484 1348 3537; x_wconf 73' lang='lat'><strong>5&#39;2</strong></span> <span class='ocrx_word' id='word_1_252' title='bbox 1392 3495 1446 3538; x_wconf 91' lang='lat' dir='ltr'><strong>et</strong></span> <span class='ocrx_word' id='word_1_253' title='bbox 1504 3485 1597 3539; x_wconf 81' lang='grc'>151</span> <span class='ocrx_word' id='word_1_254' title='bbox 1637 3496 1854 3540; x_wconf 75' lang='lat' dir='ltr'><strong>exstare</strong></span> 
     </span>
    </p>
   </div>
   <div class='ocr_carea' id='block_1_36' title="bbox 255 3576 1854 3647">
    <p class='ocr_par' dir='ltr' id='par_1_36' title="bbox 255 3576 1854 3647">
     <span class='ocr_line' id='line_1_36' title="bbox 255 3576 1854 3647; baseline 0.002 -17"><span class='ocrx_word' id='word_1_255' title='bbox 255 3578 411 3642; x_wconf 76' lang='lat' dir='ltr'><strong>dixi,</strong></span> <span class='ocrx_word' id='word_1_256' title='bbox 445 3577 659 3644; x_wconf 90' lang='lat' dir='ltr'><strong>aliquid</strong></span> <span class='ocrx_word' id='word_1_257' title='bbox 709 3576 940 3639; x_wconf 87' lang='lat' dir='ltr'><strong>addam;</strong></span> <span class='ocrx_word' id='word_1_258' title='bbox 979 3577 1107 3629; x_wconf 90' lang='lat' dir='ltr'><strong>nihil</strong></span> <span class='ocrx_word' id='word_1_259' title='bbox 1140 3579 1283 3631; x_wconf 88' lang='lat' dir='ltr'><strong>enim</strong></span> <span class='ocrx_word' id='word_1_260' title='bbox 1337 3579 1402 3632; x_wconf 87' lang='lat' dir='ltr'><strong>de</strong></span> <span class='ocrx_word' id='word_1_261' title='bbox 1450 3577 1560 3647; x_wconf 90' lang='lat' dir='ltr'><strong>ipsa</strong></span> <span class='ocrx_word' id='word_1_262' title='bbox 1611 3579 1661 3630; x_wconf 85' lang='lat' dir='ltr'><strong>iit</strong></span> <span class='ocrx_word' id='word_1_263' title='bbox 1712 3580 1854 3633; x_wconf 90' lang='lat' dir='ltr'><strong>notis</strong></span> 
     </span>
    </p>
   </div>
   <div class='ocr_carea' id='block_1_37' title="bbox 255 3667 1852 3739">
    <p class='ocr_par' dir='ltr' id='par_1_37' title="bbox 255 3667 1852 3739">
     <span class='ocr_line' id='line_1_37' title="bbox 255 3667 1852 3739; baseline 0.003 -19"><span class='ocrx_word' id='word_1_264' title='bbox 255 3671 477 3722; x_wconf 83' lang='lat' dir='ltr'><strong>dictum</strong></span> <span class='ocrx_word' id='word_1_265' title='bbox 511 3667 633 3722; x_wconf 77' lang='lat' dir='ltr'><strong>fuit.</strong></span> <span class='ocrx_word' id='word_1_266' title='bbox 687 3667 740 3720; x_wconf 93' lang='lat' dir='ltr'><strong>In</strong></span> <span class='ocrx_word' id='word_1_267' title='bbox 786 3667 1107 3737; x_wconf 86' lang='lat' dir='ltr'><strong>Origenistis</strong></span> <span class='ocrx_word' id='word_1_268' title='bbox 1140 3670 1304 3737; x_wconf 81' lang='lat' dir='ltr'><strong>igitur</strong></span> <span class='ocrx_word' id='word_1_269' title='bbox 1339 3672 1476 3724; x_wconf 89' lang='lat' dir='ltr'><strong>banc</strong></span> <span class='ocrx_word' id='word_1_270' title='bbox 1510 3685 1727 3739; x_wconf 87' lang='lat' dir='ltr'><strong>quoque</strong></span> <span class='ocrx_word' id='word_1_271' title='bbox 1765 3686 1852 3724; x_wconf 81' lang='lat' dir='ltr'><strong>re-</strong></span> 
     </span>
    </p>
   </div>
   <div class='ocr_carea' id='block_1_38' title="bbox 259 3760 1854 3828">
    <p class='ocr_par' dir='ltr' id='par_1_38' title="bbox 259 3760 1854 3828">
     <span class='ocr_line' id='line_1_38' title="bbox 259 3760 1854 3828; baseline 0.001 -14"><span class='ocrx_word' id='word_1_272' title='bbox 259 3762 598 3828; x_wconf 83' lang='lat' dir='ltr'><strong>prehensam</strong></span> <span class='ocrx_word' id='word_1_273' title='bbox 630 3760 800 3816; x_wconf 80' lang='lat' dir='ltr'><strong>fuisse</strong></span> <span class='ocrx_word' id='word_1_274' title='bbox 828 3763 988 3816; x_wconf 85' lang='lat' dir='ltr'><strong>didici</strong></span> <span class='ocrx_word' id='word_1_275' title='bbox 1019 3779 1049 3814; x_wconf 90' lang='lat' dir='ltr'><strong>e</strong></span> <span class='ocrx_word' id='word_1_276' title='bbox 1081 3762 1138 3818; x_wconf 91' lang='lat' dir='ltr'><strong>S.</strong></span> <span class='ocrx_word' id='word_1_277' title='bbox 1169 3761 1463 3816; x_wconf 86' lang='lat' dir='ltr'><strong>Anastasio</strong></span> <span class='ocrx_word' id='word_1_278' title='bbox 1495 3762 1726 3826; x_wconf 85' lang='lat' dir='ltr'><strong>Sinaita,</strong></span> <span class='ocrx_word' id='word_1_279' title='bbox 1761 3762 1854 3828; x_wconf 89' lang='lat' dir='ltr'><strong>qui</strong></span> 
     </span>
    </p>
   </div>
   <div class='ocr_carea' id='block_1_39' title="bbox 259 3853 1851 3926">
    <p class='ocr_par' dir='ltr' id='par_1_39' title="bbox 259 3853 1851 3926">
     <span class='ocr_line' id='line_1_39' title="bbox 259 3853 1851 3926; baseline 0.001 -19"><span class='ocrx_word' id='word_1_280' title='bbox 259 3858 320 3907; x_wconf 87' lang='lat' dir='ltr'><strong>in</strong></span> <span class='ocrx_word' id='word_1_281' title='bbox 369 3854 591 3924; x_wconf 84' lang='lat' dir='ltr'><strong>llodego</strong></span> <span class='ocrx_word' id='word_1_282' title='bbox 635 3856 776 3924; x_wconf 83' lang='lat' dir='ltr'><strong>apud</strong></span> <span class='ocrx_word' id='word_1_283' title='bbox 816 3853 1130 3909; x_wconf 79' lang='lat' dir='ltr'><strong>Gretscrum</strong></span> <span class='ocrx_word' id='word_1_284' title='bbox 1171 3866 1300 3908; x_wconf 92' lang='lat' dir='ltr'><strong>tom.</strong></span> <span class='ocrx_word' id='word_1_285' title='bbox 1340 3854 1500 3920; x_wconf 77' lang='lat' dir='ltr'><strong>XIV,</strong></span> <span class='ocrx_word' id='word_1_286' title='bbox 1540 3871 1662 3926; x_wconf 86' lang='lat' dir='ltr'><strong>pag.</strong></span> <span class='ocrx_word' id='word_1_287' title='bbox 1717 3855 1851 3918; x_wconf 76' lang='grc'><strong>149,</strong></span> 
     </span>
    </p>
   </div>
   <div class='ocr_carea' id='block_1_40' title="bbox 254 3946 1855 4015">
    <p class='ocr_par' dir='ltr' id='par_1_40' title="bbox 254 3946 1855 4015">
     <span class='ocr_line' id='line_1_40' title="bbox 254 3946 1855 4015; baseline 0.001 -16"><span class='ocrx_word' id='word_1_288' title='bbox 254 3949 386 3999; x_wconf 68' lang='lat' dir='ltr'><strong>haec</strong></span> <span class='ocrx_word' id='word_1_289' title='bbox 435 3946 661 4015; x_wconf 85' lang='lat' dir='ltr'><strong>scripsit</strong></span> <span class='ocrx_word' id='word_1_290' title='bbox 711 3963 723 3998; x_wconf 91' lang='lat'>:</span> <span class='ocrx_word' id='word_1_291' title='bbox 784 3963 802 3995; x_wconf 77' lang='grc' dir='ltr'><strong>ι</strong></span> <span class='ocrx_word' id='word_1_292' title='bbox 833 3946 922 3998; x_wconf 84' lang='lat' dir='ltr'><strong>Ait</strong></span> <span class='ocrx_word' id='word_1_293' title='bbox 958 3956 1176 4002; x_wconf 87' lang='lat' dir='ltr'><strong>sanctus</strong></span> <span class='ocrx_word' id='word_1_294' title='bbox 1217 3946 1446 4000; x_wconf 85' lang='lat' dir='ltr'><strong>Basilius</strong></span> <span class='ocrx_word' id='word_1_295' title='bbox 1499 3962 1748 4001; x_wconf 86' lang='lat' dir='ltr'><strong>sermone</strong></span> <span class='ocrx_word' id='word_1_296' title='bbox 1799 3947 1855 4001; x_wconf 86' lang='lat' dir='ltr'><strong>in</strong></span> 
     </span>
    </p>
   </div>
   <div class='ocr_carea' id='block_1_41' title="bbox 257 4033 1852 4105">
    <p class='ocr_par' dir='ltr' id='par_1_41' title="bbox 257 4033 1852 4105">
     <span class='ocr_line' id='line_1_41' title="bbox 257 4033 1852 4105; baseline 0.001 -17"><span class='ocrx_word' id='word_1_297' title='bbox 257 4036 651 4088; x_wconf 72' lang='lat' dir='ltr'><strong>Hexaemeron</strong></span> <span class='ocrx_word' id='word_1_298' title='bbox 691 4048 709 4086; x_wconf 90' lang='lat'><em>:</em></span> <span class='ocrx_word' id='word_1_299' title='bbox 752 4033 916 4087; x_wconf 84' lang='lat' dir='ltr'><strong>Omne</strong></span> <span class='ocrx_word' id='word_1_300' title='bbox 956 4037 1085 4088; x_wconf 85' lang='lat' dir='ltr'><strong>illud</strong></span> <span class='ocrx_word' id='word_1_301' title='bbox 1130 4036 1268 4104; x_wconf 87' lang='lat' dir='ltr'><strong>quod</strong></span> <span class='ocrx_word' id='word_1_302' title='bbox 1312 4037 1628 4105; x_wconf 82' lang='lat' dir='ltr'><strong>principium</strong></span> <span class='ocrx_word' id='word_1_303' title='bbox 1679 4037 1852 4105; x_wconf 87' lang='lat' dir='ltr'><strong>habet,</strong></span> 
     </span>
    </p>
   </div>
   <div class='ocr_carea' id='block_1_42' title="bbox 257 4127 1852 4193">
    <p class='ocr_par' dir='ltr' id='par_1_42' title="bbox 257 4127 1852 4193">
     <span class='ocr_line' id='line_1_42' title="bbox 257 4127 1852 4193; baseline 0.004 -14"><span class='ocrx_word' id='word_1_304' title='bbox 257 4130 463 4180; x_wconf 70' lang='lat' dir='ltr'><strong>habere</strong></span> <span class='ocrx_word' id='word_1_305' title='bbox 493 4128 678 4178; x_wconf 82' lang='lat' dir='ltr'><strong>itidem</strong></span> <span class='ocrx_word' id='word_1_306' title='bbox 702 4127 880 4193; x_wconf 82' lang='lat' dir='ltr'><strong>ﬁnem.</strong></span> <span class='ocrx_word' id='word_1_307' title='bbox 907 4167 918 4178; x_wconf 96' lang='lat'><strong>.</strong></span> <span class='ocrx_word' id='word_1_308' title='bbox 949 4166 964 4180; x_wconf 95' lang='lat'><strong>.</strong></span> <span class='ocrx_word' id='word_1_309' title='bbox 992 4165 1006 4179; x_wconf 96' lang='lat'><strong>.</strong></span> <span class='ocrx_word' id='word_1_310' title='bbox 1040 4127 1190 4192; x_wconf 88' lang='lat' dir='ltr'><strong>Quod</strong></span> <span class='ocrx_word' id='word_1_311' title='bbox 1227 4129 1432 4182; x_wconf 91' lang='lat' dir='ltr'><strong>dictum</strong></span> <span class='ocrx_word' id='word_1_312' title='bbox 1459 4130 1654 4183; x_wconf 89' lang='lat' dir='ltr'><strong>crebro</strong></span> <span class='ocrx_word' id='word_1_313' title='bbox 1697 4130 1852 4185; x_wconf 90' lang='lat' dir='ltr'><strong>nobis</strong></span> 
     </span>
    </p>
   </div>
   <div class='ocr_carea' id='block_1_43' title="bbox 259 4217 1857 4291">
    <p class='ocr_par' dir='ltr' id='par_1_43' title="bbox 259 4217 1857 4291">
     <span class='ocr_line' id='line_1_43' title="bbox 259 4217 1857 4291; baseline 0.003 -19"><span class='ocrx_word' id='word_1_314' title='bbox 259 4220 551 4288; x_wconf 82' lang='lat' dir='ltr'><strong>objiciunt</strong></span> <span class='ocrx_word' id='word_1_315' title='bbox 569 4219 847 4273; x_wconf 84' lang='lat' dir='ltr'><strong>vanissimi</strong></span> <span class='ocrx_word' id='word_1_316' title='bbox 881 4217 1216 4288; x_wconf 68' lang='lat' dir='ltr'><strong>Origenistte,</strong></span> <span class='ocrx_word' id='word_1_317' title='bbox 1243 4230 1299 4273; x_wconf 90' lang='lat' dir='ltr'><strong>ut</strong></span> <span class='ocrx_word' id='word_1_318' title='bbox 1323 4221 1444 4275; x_wconf 92' lang='lat' dir='ltr'><strong>inde</strong></span> <span class='ocrx_word' id='word_1_319' title='bbox 1475 4221 1857 4291; x_wconf 64' lang='lat' dir='ltr'><strong>praeexsisten-</strong></span> 
     </span>
    </p>
   </div>
   <div class='ocr_carea' id='block_1_44' title="bbox 265 4310 1847 4382">
    <p class='ocr_par' dir='ltr' id='par_1_44' title="bbox 265 4310 1847 4382">
     <span class='ocr_line' id='line_1_44' title="bbox 265 4310 1847 4382; baseline 0.004 -22"><span class='ocrx_word' id='word_1_320' title='bbox 265 4311 401 4361; x_wconf 80' lang='lat' dir='ltr'><strong>tiam</strong></span> <span class='ocrx_word' id='word_1_321' title='bbox 434 4310 744 4363; x_wconf 85' lang='lat' dir='ltr'><strong>animarum</strong></span> <span class='ocrx_word' id='word_1_322' title='bbox 783 4310 834 4362; x_wconf 90' lang='lat' dir='ltr'><strong>in</strong></span> <span class='ocrx_word' id='word_1_323' title='bbox 870 4311 1023 4364; x_wconf 68' lang='lat' dir='ltr'><strong>cadis</strong></span> <span class='ocrx_word' id='word_1_324' title='bbox 1057 4324 1183 4366; x_wconf 86' lang='lat' dir='ltr'><strong>ante</strong></span> <span class='ocrx_word' id='word_1_325' title='bbox 1211 4326 1440 4382; x_wconf 86' lang='lat' dir='ltr'><strong>corpora</strong></span> <span class='ocrx_word' id='word_1_326' title='bbox 1474 4314 1796 4367; x_wconf 80' lang='lat' dir='ltr'><strong>extendant.</strong></span> <span class='ocrx_word' id='word_1_327' title='bbox 1828 4331 1847 4366; x_wconf 73' lang='grc' dir='ltr'><strong>ι</strong></span> 
     </span>
    </p>
   </div>
   <div class='ocr_carea' id='block_1_45' title="bbox 265 4400 1855 4473">
    <p class='ocr_par' dir='ltr' id='par_1_45' title="bbox 265 4400 1855 4473">
     <span class='ocr_line' id='line_1_45' title="bbox 265 4400 1855 4473; baseline 0.006 -20"><span class='ocrx_word' id='word_1_328' title='bbox 265 4400 350 4454; x_wconf 76' lang='lat' dir='ltr'><strong>lt:</strong></span> <span class='ocrx_word' id='word_1_329' title='bbox 381 4404 729 4456; x_wconf 77' lang='lat' dir='ltr'><strong>Anastasius.</strong></span> <span class='ocrx_word' id='word_1_330' title='bbox 766 4403 873 4472; x_wconf 83' lang='lat' dir='ltr'><strong>Ego</strong></span> <span class='ocrx_word' id='word_1_331' title='bbox 903 4419 1030 4457; x_wconf 84' lang='lat' dir='ltr'><strong>vero</strong></span> <span class='ocrx_word' id='word_1_332' title='bbox 1056 4419 1177 4457; x_wconf 91' lang='lat' dir='ltr'><strong>cum</strong></span> <span class='ocrx_word' id='word_1_333' title='bbox 1212 4408 1397 4468; x_wconf 87' lang='lat' dir='ltr'><strong>verba,</strong></span> <span class='ocrx_word' id='word_1_334' title='bbox 1425 4420 1549 4473; x_wconf 77' lang='lat' dir='ltr'><strong>qnze</strong></span> <span class='ocrx_word' id='word_1_335' title='bbox 1583 4407 1628 4458; x_wconf 87' lang='lat' dir='ltr'><strong>is</strong></span> <span class='ocrx_word' id='word_1_336' title='bbox 1655 4407 1855 4462; x_wconf 70' lang='lat' dir='ltr'><strong>Basilio</strong></span> 
     </span>
    </p>
   </div>
   <div class='ocr_carea' id='block_1_46' title="bbox 268 4494 1856 4560">
    <p class='ocr_par' dir='ltr' id='par_1_46' title="bbox 268 4494 1856 4560">
     <span class='ocr_line' id='line_1_46' title="bbox 268 4494 1856 4560; baseline 0.003 -13"><span class='ocrx_word' id='word_1_337' title='bbox 268 4495 486 4560; x_wconf 80' lang='lat' dir='ltr'><strong>tribuit,</strong></span> <span class='ocrx_word' id='word_1_338' title='bbox 529 4495 582 4548; x_wconf 92' lang='lat' dir='ltr'><strong>in</strong></span> <span class='ocrx_word' id='word_1_339' title='bbox 619 4494 799 4548; x_wconf 88' lang='lat' dir='ltr'><strong>Basilii</strong></span> <span class='ocrx_word' id='word_1_340' title='bbox 829 4497 1063 4550; x_wconf 88' lang='lat' dir='ltr'><strong>bomiliis</strong></span> <span class='ocrx_word' id='word_1_341' title='bbox 1095 4499 1147 4549; x_wconf 87' lang='lat' dir='ltr'><strong>in</strong></span> <span class='ocrx_word' id='word_1_342' title='bbox 1175 4495 1535 4550; x_wconf 75' lang='lat' dir='ltr'><strong>Hexaemeron</strong></span> <span class='ocrx_word' id='word_1_343' title='bbox 1567 4514 1671 4551; x_wconf 93' lang='lat' dir='ltr'><strong>non</strong></span> <span class='ocrx_word' id='word_1_344' title='bbox 1707 4499 1856 4552; x_wconf 86' lang='lat' dir='ltr'><strong>inve-</strong></span> 
     </span>
    </p>
   </div>
   <div class='ocr_carea' id='block_1_47' title="bbox 271 4586 1932 4658">
    <p class='ocr_par' dir='ltr' id='par_1_47' title="bbox 271 4586 1932 4658">
     <span class='ocr_line' id='line_1_47' title="bbox 271 4586 1932 4658; baseline 0.003 -20"><span class='ocrx_word' id='word_1_345' title='bbox 271 4588 472 4648; x_wconf 84' lang='lat' dir='ltr'><strong>nerim,</strong></span> <span class='ocrx_word' id='word_1_346' title='bbox 515 4598 698 4640; x_wconf 87' lang='lat' dir='ltr'><strong>utrum</strong></span> <span class='ocrx_word' id='word_1_347' title='bbox 731 4602 793 4641; x_wconf 90' lang='lat' dir='ltr'><strong>ea</strong></span> <span class='ocrx_word' id='word_1_348' title='bbox 828 4586 1007 4641; x_wconf 84' lang='lat' dir='ltr'><strong>Basilii</strong></span> <span class='ocrx_word' id='word_1_349' title='bbox 1036 4589 1164 4652; x_wconf 85' lang='lat' dir='ltr'><strong>sint,</strong></span> <span class='ocrx_word' id='word_1_350' title='bbox 1195 4589 1404 4658; x_wconf 87' lang='lat' dir='ltr'><strong>ignoro.</strong></span> <span class='ocrx_word' id='word_1_351' title='bbox 1441 4589 1546 4644; x_wconf 89' lang='lat' dir='ltr'><strong>Sed</strong></span> <span class='ocrx_word' id='word_1_352' title='bbox 1577 4592 1767 4644; x_wconf 88' lang='lat' dir='ltr'><strong>eadem</strong></span> <span class='ocrx_word' id='word_1_353' title='bbox 1798 4590 1849 4644; x_wconf 93' lang='lat' dir='ltr'><strong>in</strong></span> <span class='ocrx_word' id='word_1_354' title='bbox 1880 4591 1932 4652; x_wconf 82' lang='grc' dir='ltr'>ι)</span> 
     </span>
    </p>
   </div>
   <div class='ocr_carea' id='block_1_48' title="bbox 275 4676 1358 4745">
    <p class='ocr_par' dir='ltr' id='par_1_48' title="bbox 275 4676 1358 4745">
     <span class='ocr_line' id='line_1_48' title="bbox 275 4676 1358 4745; baseline 0.004 -19"><span class='ocrx_word' id='word_1_355' title='bbox 275 4676 537 4745; x_wconf 75' lang='lat' dir='ltr'><strong>tbeologo</strong></span> <span class='ocrx_word' id='word_1_356' title='bbox 566 4686 753 4729; x_wconf 88' lang='lat' dir='ltr'><strong>nostro</strong></span> <span class='ocrx_word' id='word_1_357' title='bbox 783 4691 997 4732; x_wconf 76' lang='lat' dir='ltr'><strong>exstare</strong></span> <span class='ocrx_word' id='word_1_358' title='bbox 1022 4689 1228 4731; x_wconf 89' lang='lat' dir='ltr'><strong>certum</strong></span> <span class='ocrx_word' id='word_1_359' title='bbox 1254 4688 1358 4733; x_wconf 82' lang='lat' dir='ltr'><strong>est.</strong></span> 
     </span>
    </p>
   </div>
   <div class='ocr_carea' id='block_1_49' title="bbox 351 4768 1854 4840">
    <p class='ocr_par' dir='ltr' id='par_1_49' title="bbox 351 4768 1854 4840">
     <span class='ocr_line' id='line_1_49' title="bbox 351 4768 1854 4840; baseline 0.005 -22"><span class='ocrx_word' id='word_1_360' title='bbox 351 4768 506 4832; x_wconf 82' lang='lat' dir='ltr'><strong>Quod</strong></span> <span class='ocrx_word' id='word_1_361' title='bbox 543 4783 674 4821; x_wconf 77' lang='lat' dir='ltr'><strong>vero</strong></span> <span class='ocrx_word' id='word_1_362' title='bbox 707 4769 968 4824; x_wconf 83' lang='lat' dir='ltr'><strong>hactenus</strong></span> <span class='ocrx_word' id='word_1_363' title='bbox 993 4770 1103 4824; x_wconf 82' lang='lat' dir='ltr'><strong>dixi</strong></span> <span class='ocrx_word' id='word_1_364' title='bbox 1147 4772 1211 4825; x_wconf 90' lang='lat' dir='ltr'><strong>de</strong></span> <span class='ocrx_word' id='word_1_365' title='bbox 1245 4770 1588 4840; x_wconf 87' lang='lat' dir='ltr'><strong>Origenianis</strong></span> <span class='ocrx_word' id='word_1_366' title='bbox 1621 4769 1854 4825; x_wconf 84' lang='lat' dir='ltr'><strong>locutio-</strong></span> 
     </span>
    </p>
   </div>
   <div class='ocr_carea' id='block_1_50' title="bbox 283 4858 1856 4931">
    <p class='ocr_par' dir='ltr' id='par_1_50' title="bbox 283 4858 1856 4931">
     <span class='ocr_line' id='line_1_50' title="bbox 283 4858 1856 4931; baseline 0.004 -23"><span class='ocrx_word' id='word_1_367' title='bbox 283 4859 476 4922; x_wconf 86' lang='lat' dir='ltr'><strong>nibus,</strong></span> <span class='ocrx_word' id='word_1_368' title='bbox 511 4858 563 4911; x_wconf 77' lang='lat' dir='ltr'><strong>id</strong></span> <span class='ocrx_word' id='word_1_369' title='bbox 603 4860 778 4926; x_wconf 87' lang='lat' dir='ltr'><strong>ipsum</strong></span> <span class='ocrx_word' id='word_1_370' title='bbox 808 4867 872 4915; x_wconf 87' lang='lat' dir='ltr'><strong>de</strong></span> <span class='ocrx_word' id='word_1_371' title='bbox 920 4861 988 4916; x_wconf 89' lang='lat' dir='ltr'><strong>iis</strong></span> <span class='ocrx_word' id='word_1_372' title='bbox 1031 4861 1232 4915; x_wconf 89' lang='lat' dir='ltr'><strong>dictum</strong></span> <span class='ocrx_word' id='word_1_373' title='bbox 1268 4864 1409 4925; x_wconf 86' lang='lat' dir='ltr'><strong>volo,</strong></span> <span class='ocrx_word' id='word_1_374' title='bbox 1444 4878 1564 4931; x_wconf 78' lang='lat' dir='ltr'><strong>qua:</strong></span> <span class='ocrx_word' id='word_1_375' title='bbox 1604 4873 1727 4930; x_wconf 75' lang='lat' dir='ltr'><strong>post</strong></span> <span class='ocrx_word' id='word_1_376' title='bbox 1764 4863 1856 4917; x_wconf 85' lang='lat' dir='ltr'><strong>Di-</strong></span> 
     </span>
    </p>
   </div>
   <div class='ocr_carea' id='block_1_51' title="bbox 283 4951 1856 5025">
    <p class='ocr_par' dir='ltr' id='par_1_51' title="bbox 283 4951 1856 5025">
     <span class='ocr_line' id='line_1_51' title="bbox 283 4951 1856 5025; baseline 0.005 -25"><span class='ocrx_word' id='word_1_377' title='bbox 283 4951 429 5016; x_wconf 78' lang='lat' dir='ltr'><strong>dymi</strong></span> <span class='ocrx_word' id='word_1_378' title='bbox 470 4951 684 5003; x_wconf 90' lang='lat' dir='ltr'><strong>obitum</strong></span> <span class='ocrx_word' id='word_1_379' title='bbox 719 4951 1015 5022; x_wconf 75' lang='lat' dir='ltr'><strong>Pelagiana:</strong></span> <span class='ocrx_word' id='word_1_380' title='bbox 1058 4964 1152 5006; x_wconf 91' lang='lat' dir='ltr'><strong>aut</strong></span> <span class='ocrx_word' id='word_1_381' title='bbox 1189 4954 1638 5025; x_wconf 59' lang='lat' dir='ltr'><strong>Semipelagiana&#39;</strong></span> <span class='ocrx_word' id='word_1_382' title='bbox 1673 4955 1856 5009; x_wconf 73' lang='lat' dir='ltr'><strong>vet-ari</strong></span> 
     </span>
    </p>
   </div>
   <div class='ocr_carea' id='block_1_52' title="bbox 287 5044 1856 5114">
    <p class='ocr_par' dir='ltr' id='par_1_52' title="bbox 287 5044 1856 5114">
     <span class='ocr_line' id='line_1_52' title="bbox 287 5044 1856 5114; baseline 0.003 -22"><span class='ocrx_word' id='word_1_383' title='bbox 287 5052 590 5110; x_wconf 70' lang='lat' dir='ltr'><strong>(ceperunt,</strong></span> <span class='ocrx_word' id='word_1_384' title='bbox 628 5059 855 5113; x_wconf 72' lang='lat' dir='ltr'><strong>quaeque</strong></span> <span class='ocrx_word' id='word_1_385' title='bbox 884 5062 912 5098; x_wconf 91' lang='lat' dir='ltr'><strong>a</strong></span> <span class='ocrx_word' id='word_1_386' title='bbox 951 5044 1199 5114; x_wconf 86' lang='lat' dir='ltr'><strong>theologo</strong></span> <span class='ocrx_word' id='word_1_387' title='bbox 1228 5055 1414 5098; x_wconf 84' lang='lat' dir='ltr'><strong>nostro</strong></span> <span class='ocrx_word' id='word_1_388' title='bbox 1447 5047 1574 5099; x_wconf 82' lang='lat' dir='ltr'><strong>item</strong></span> <span class='ocrx_word' id='word_1_389' title='bbox 1613 5055 1671 5098; x_wconf 91' lang='lat' dir='ltr'><strong>ut</strong></span> <span class='ocrx_word' id='word_1_390' title='bbox 1699 5064 1727 5097; x_wconf 69' lang='grc' dir='ltr'><strong>ιι</strong></span> <span class='ocrx_word' id='word_1_391' title='bbox 1762 5045 1856 5097; x_wconf 80' lang='lat' dir='ltr'><strong>Di-</strong></span> 
     </span>
    </p>
   </div>
   <div class='ocr_carea' id='block_1_53' title="bbox 289 5134 1859 5206">
    <p class='ocr_par' dir='ltr' id='par_1_53' title="bbox 289 5134 1859 5206">
     <span class='ocr_line' id='line_1_53' title="bbox 289 5134 1859 5206; baseline 0.006 -24"><span class='ocrx_word' id='word_1_392' title='bbox 289 5135 450 5201; x_wconf 72' lang='lat' dir='ltr'><strong>dymo</strong></span> <span class='ocrx_word' id='word_1_393' title='bbox 474 5148 742 5204; x_wconf 70' lang='lat' dir='ltr'><strong>usurpata:</strong></span> <span class='ocrx_word' id='word_1_394' title='bbox 764 5146 890 5191; x_wconf 91' lang='lat' dir='ltr'><strong>sunt</strong></span> <span class='ocrx_word' id='word_1_395' title='bbox 914 5154 928 5190; x_wconf 90' lang='lat'>:</span> <span class='ocrx_word' id='word_1_396' title='bbox 957 5134 1256 5204; x_wconf 69' lang='lat' dir='ltr'><strong>cuiusmodi</strong></span> <span class='ocrx_word' id='word_1_397' title='bbox 1284 5147 1371 5190; x_wconf 90' lang='lat' dir='ltr'><strong>est</strong></span> <span class='ocrx_word' id='word_1_398' title='bbox 1395 5137 1506 5203; x_wconf 89' lang='lat' dir='ltr'><strong>illa,</strong></span> <span class='ocrx_word' id='word_1_399' title='bbox 1536 5153 1638 5206; x_wconf 90' lang='lat' dir='ltr'><strong>qua</strong></span> <span class='ocrx_word' id='word_1_400' title='bbox 1667 5151 1859 5192; x_wconf 86' lang='lat' dir='ltr'><strong>auctor</strong></span> 
     </span>
    </p>
   </div>
   <div class='ocr_carea' id='block_1_54' title="bbox 291 5229 1857 5300">
    <p class='ocr_par' dir='ltr' id='par_1_54' title="bbox 291 5229 1857 5300">
     <span class='ocr_line' id='line_1_54' title="bbox 291 5229 1857 5300; baseline 0.003 -20"><span class='ocrx_word' id='word_1_401' title='bbox 291 5239 479 5281; x_wconf 81' lang='lat' dir='ltr'><strong>noster</strong></span> <span class='ocrx_word' id='word_1_402' title='bbox 517 5229 588 5282; x_wconf 82' lang='lat' dir='ltr'><strong>ait</strong></span> <span class='ocrx_word' id='word_1_403' title='bbox 627 5244 748 5300; x_wconf 87' lang='lat' dir='ltr'><strong>pag.</strong></span> <span class='ocrx_word' id='word_1_404' title='bbox 787 5229 924 5296; x_wconf 73' lang='lat'><strong>270,</strong></span> <span class='ocrx_word' id='word_1_405' title='bbox 955 5231 1112 5300; x_wconf 82' lang='lat' dir='ltr'><strong>ﬁdem</strong></span> <span class='ocrx_word' id='word_1_406' title='bbox 1157 5250 1188 5286; x_wconf 87' lang='lat' dir='ltr'><strong>a</strong></span> <span class='ocrx_word' id='word_1_407' title='bbox 1238 5232 1385 5287; x_wconf 79' lang='lat' dir='ltr'><strong>nobis</strong></span> <span class='ocrx_word' id='word_1_408' title='bbox 1425 5233 1668 5300; x_wconf 84' lang='lat' dir='ltr'><strong>incipere.</strong></span> <span class='ocrx_word' id='word_1_409' title='bbox 1723 5231 1857 5286; x_wconf 85' lang='lat' dir='ltr'><strong>Nam</strong></span> 
     </span>
    </p>
   </div>
   <div class='ocr_carea' id='block_1_55' title="bbox 288 5326 1856 5396">
    <p class='ocr_par' dir='ltr' id='par_1_55' title="bbox 288 5326 1856 5396">
     <span class='ocr_line' id='line_1_55' title="bbox 288 5326 1856 5396; baseline 0.001 -18"><span class='ocrx_word' id='word_1_410' title='bbox 288 5326 411 5378; x_wconf 68' lang='lat' dir='ltr'><strong>ista:</strong></span> <span class='ocrx_word' id='word_1_411' title='bbox 445 5342 656 5396; x_wconf 86' lang='lat' dir='ltr'><strong>quoque</strong></span> <span class='ocrx_word' id='word_1_412' title='bbox 691 5328 831 5382; x_wconf 89' lang='lat' dir='ltr'><strong>inter</strong></span> <span class='ocrx_word' id='word_1_413' title='bbox 865 5326 1223 5396; x_wconf 87' lang='lat' dir='ltr'><strong>Origenianas</strong></span> <span class='ocrx_word' id='word_1_414' title='bbox 1278 5329 1554 5383; x_wconf 82' lang='lat' dir='ltr'><strong>recenseri</strong></span> <span class='ocrx_word' id='word_1_415' title='bbox 1593 5337 1856 5396; x_wconf 89' lang='lat' dir='ltr'><strong>possunt,</strong></span> 
     </span>
    </p>
   </div>
   <div class='ocr_carea' id='block_1_56' title="bbox 280 5416 1860 5490">
    <p class='ocr_par' dir='ltr' id='par_1_56' title="bbox 280 5416 1860 5490">
     <span class='ocr_line' id='line_1_56' title="bbox 280 5416 1860 5490; baseline 0.002 -21"><span class='ocrx_word' id='word_1_416' title='bbox 280 5433 486 5487; x_wconf 72' lang='lat' dir='ltr'><strong>quippe</strong></span> <span class='ocrx_word' id='word_1_417' title='bbox 520 5435 656 5489; x_wconf 83' lang='lat' dir='ltr'><strong>quas</strong></span> <span class='ocrx_word' id='word_1_418' title='bbox 703 5428 895 5474; x_wconf 88' lang='lat' dir='ltr'><strong>auctor</strong></span> <span class='ocrx_word' id='word_1_419' title='bbox 930 5429 1114 5473; x_wconf 87' lang='lat' dir='ltr'><strong>noster</strong></span> <span class='ocrx_word' id='word_1_420' title='bbox 1150 5434 1214 5474; x_wconf 87' lang='lat' dir='ltr'><strong>ex</strong></span> <span class='ocrx_word' id='word_1_421' title='bbox 1245 5416 1480 5490; x_wconf 80' lang='lat' dir='ltr'><strong>Origene</strong></span> <span class='ocrx_word' id='word_1_422' title='bbox 1515 5419 1860 5490; x_wconf 68' lang='lat' dir='ltr'><strong>,desumpsit,</strong></span> 
     </span>
    </p>
   </div>
   <div class='ocr_carea' id='block_1_57' title="bbox 279 5506 1097 5578">
    <p class='ocr_par' dir='ltr' id='par_1_57' title="bbox 279 5506 1097 5578">
     <span class='ocr_line' id='line_1_57' title="bbox 279 5506 1097 5578; baseline -0.002 -17"><span class='ocrx_word' id='word_1_423' title='bbox 279 5520 340 5561; x_wconf 70' lang='lat' dir='ltr'><strong>at</strong></span> <span class='ocrx_word' id='word_1_424' title='bbox 371 5510 554 5562; x_wconf 86' lang='lat' dir='ltr'><strong>monui</strong></span> <span class='ocrx_word' id='word_1_425' title='bbox 587 5519 701 5563; x_wconf 93' lang='lat' dir='ltr'><strong>not.</strong></span> <span class='ocrx_word' id='word_1_426' title='bbox 737 5509 789 5574; x_wconf 80' lang='grc'>1,</span> <span class='ocrx_word' id='word_1_427' title='bbox 822 5522 944 5578; x_wconf 82' lang='lat' dir='ltr'><strong>pag.</strong></span> <span class='ocrx_word' id='word_1_428' title='bbox 971 5506 1097 5560; x_wconf 75' lang='lat'><strong>‘270.</strong></span> 
     </span>
    </p>
   </div>
   <div class='ocr_carea' id='block_1_58' title="bbox 275 5619 1860 5694">
    <p class='ocr_par' dir='ltr' id='par_1_58' title="bbox 275 5619 1860 5694">
     <span class='ocr_line' id='line_1_58' title="bbox 275 5619 1860 5694; baseline 0.001 -18"><span class='ocrx_word' id='word_1_429' title='bbox 275 5621 476 5694; x_wconf 71' lang='lat' dir='ltr'><strong>[XXV]</strong></span> <span class='ocrx_word' id='word_1_430' title='bbox 514 5621 648 5694; x_wconf 57' lang='lat' dir='ltr'><strong>Car.</strong></span> <span class='ocrx_word' id='word_1_431' title='bbox 693 5619 806 5676; x_wconf 74' lang='lat' dir='ltr'><strong>XV.</strong></span> <span class='ocrx_word' id='word_1_432' title='bbox 845 5621 1014 5676; x_wconf 83' lang='lat' dir='ltr'><strong>Iidem</strong></span> <span class='ocrx_word' id='word_1_433' title='bbox 1045 5624 1098 5675; x_wconf 84' lang='lat' dir='ltr'><strong>in</strong></span> <span class='ocrx_word' id='word_1_434' title='bbox 1121 5621 1354 5690; x_wconf 84' lang='lat' dir='ltr'><strong>theologo</strong></span> <span class='ocrx_word' id='word_1_435' title='bbox 1384 5633 1585 5694; x_wconf 10' lang='lat' dir='ltr'><strong>fnestra,</strong></span> <span class='ocrx_word' id='word_1_436' title='bbox 1618 5634 1775 5693; x_wconf 85' lang='lat' dir='ltr'><strong>atque</strong></span> <span class='ocrx_word' id='word_1_437' title='bbox 1805 5624 1860 5677; x_wconf 85' lang='lat' dir='ltr'><strong>in</strong></span> 
     </span>
    </p>
   </div>
   <div class='ocr_carea' id='block_1_59' title="bbox 538 5693 1574 5764">
    <p class='ocr_par' dir='ltr' id='par_1_59' title="bbox 538 5693 1574 5764">
     <span class='ocr_line' id='line_1_59' title="bbox 538 5693 1574 5764; baseline 0.001 -19"><span class='ocrx_word' id='word_1_438' title='bbox 538 5693 769 5764; x_wconf 78' lang='lat' dir='ltr'><strong>Didyme</strong></span> <span class='ocrx_word' id='word_1_439' title='bbox 791 5706 1068 5746; x_wconf 79' lang='lat' dir='ltr'><strong>occurrunt</strong></span> <span class='ocrx_word' id='word_1_440' title='bbox 1094 5696 1352 5748; x_wconf 73' lang='lat' dir='ltr'><strong>memoriae</strong></span> <span class='ocrx_word' id='word_1_441' title='bbox 1372 5693 1574 5762; x_wconf 72' lang='lat' dir='ltr'><strong>lapsus.</strong></span> 
     </span>
    </p>
   </div>
   <div class='ocr_carea' id='block_1_60' title="bbox 350 5784 1858 5857">
    <p class='ocr_par' dir='ltr' id='par_1_60' title="bbox 350 5784 1858 5857">
     <span class='ocr_line' id='line_1_60' title="bbox 350 5784 1858 5857; baseline 0.003 -19"><span class='ocrx_word' id='word_1_442' title='bbox 350 5784 424 5840; x_wconf 69' lang='lat' dir='ltr'><strong>Ne</strong></span> <span class='ocrx_word' id='word_1_443' title='bbox 459 5787 588 5841; x_wconf 86' lang='lat' dir='ltr'><strong>illud</strong></span> <span class='ocrx_word' id='word_1_444' title='bbox 631 5789 850 5856; x_wconf 87' lang='lat' dir='ltr'><strong>quidem</strong></span> <span class='ocrx_word' id='word_1_445' title='bbox 888 5787 1039 5856; x_wconf 89' lang='lat' dir='ltr'><strong>parvi</strong></span> <span class='ocrx_word' id='word_1_446' title='bbox 1082 5785 1384 5841; x_wconf 75' lang='lat' dir='ltr'><strong>faciendum</strong></span> <span class='ocrx_word' id='word_1_447' title='bbox 1413 5799 1519 5853; x_wconf 87' lang='lat' dir='ltr'><strong>est,</strong></span> <span class='ocrx_word' id='word_1_448' title='bbox 1558 5789 1700 5857; x_wconf 92' lang='lat' dir='ltr'><strong>quod</strong></span> <span class='ocrx_word' id='word_1_449' title='bbox 1735 5803 1858 5842; x_wconf 89' lang='lat' dir='ltr'><strong>cum</strong></span> 
     </span>
    </p>
   </div>
   <div class='ocr_carea' id='block_1_61' title="bbox 277 5877 1855 5954">
    <p class='ocr_par' dir='ltr' id='par_1_61' title="bbox 277 5877 1855 5954">
     <span class='ocr_line' id='line_1_61' title="bbox 277 5877 1855 5954; baseline 0.001 -22"><span class='ocrx_word' id='word_1_450' title='bbox 277 5877 335 5932; x_wconf 80' lang='lat' dir='ltr'><strong>in</strong></span> <span class='ocrx_word' id='word_1_451' title='bbox 366 5879 631 5952; x_wconf 83' lang='lat' dir='ltr'><strong>scriptore</strong></span> <span class='ocrx_word' id='word_1_452' title='bbox 678 5889 894 5948; x_wconf 88' lang='lat' dir='ltr'><strong>nostro,</strong></span> <span class='ocrx_word' id='word_1_453' title='bbox 933 5889 1045 5935; x_wconf 84' lang='lat' dir='ltr'><strong>tum</strong></span> <span class='ocrx_word' id='word_1_454' title='bbox 1097 5880 1151 5934; x_wconf 90' lang='lat' dir='ltr'><strong>in</strong></span> <span class='ocrx_word' id='word_1_455' title='bbox 1183 5879 1425 5954; x_wconf 74' lang='lat' dir='ltr'><strong>Didymo</strong></span> <span class='ocrx_word' id='word_1_456' title='bbox 1473 5881 1855 5945; x_wconf 82' lang='lat' dir='ltr'><strong>animadverti,</strong></span> 
     </span>
    </p>
   </div>
   <div class='ocr_carea' id='block_1_62' title="bbox 1953 613 3545 689">
    <p class='ocr_par' dir='ltr' id='par_1_62' title="bbox 1953 613 3545 689">
     <span class='ocr_line' id='line_1_62' title="bbox 1953 613 3545 689; baseline 0.005 -24"><span class='ocrx_word' id='word_1_457' title='bbox 1953 615 2231 667; x_wconf 74' lang='lat' dir='ltr'><strong>memoria:</strong></span> <span class='ocrx_word' id='word_1_458' title='bbox 2279 614 2409 666; x_wconf 85' lang='lat' dir='ltr'><strong>vitio</strong></span> <span class='ocrx_word' id='word_1_459' title='bbox 2457 613 2665 682; x_wconf 87' lang='lat' dir='ltr'><strong>lapsum</strong></span> <span class='ocrx_word' id='word_1_460' title='bbox 2716 630 2859 670; x_wconf 84' lang='lat' dir='ltr'><strong>esse.</strong></span> <span class='ocrx_word' id='word_1_461' title='bbox 2898 616 2964 670; x_wconf 86' lang='lat' dir='ltr'><strong>Et</strong></span> <span class='ocrx_word' id='word_1_462' title='bbox 2995 619 3140 687; x_wconf 90' lang='lat' dir='ltr'><strong>quod</strong></span> <span class='ocrx_word' id='word_1_463' title='bbox 3193 620 3389 673; x_wconf 91' lang='lat' dir='ltr'><strong>attinet</strong></span> <span class='ocrx_word' id='word_1_464' title='bbox 3418 621 3545 689; x_wconf 90' lang='lat' dir='ltr'><strong>qui-</strong></span> 
     </span>
    </p>
   </div>
   <div class='ocr_carea' id='block_1_63' title="bbox 1954 707 3544 782">
    <p class='ocr_par' dir='ltr' id='par_1_63' title="bbox 1954 707 3544 782">
     <span class='ocr_line' id='line_1_63' title="bbox 1954 707 3544 782; baseline 0.004 -22"><span class='ocrx_word' id='word_1_465' title='bbox 1954 709 2076 760; x_wconf 88' lang='lat' dir='ltr'><strong>dem</strong></span> <span class='ocrx_word' id='word_1_466' title='bbox 2135 709 2201 760; x_wconf 88' lang='lat' dir='ltr'><strong>ad</strong></span> <span class='ocrx_word' id='word_1_467' title='bbox 2258 707 2571 774; x_wconf 86' lang='lat' dir='ltr'><strong>theologum</strong></span> <span class='ocrx_word' id='word_1_468' title='bbox 2626 719 2909 772; x_wconf 91' lang='lat' dir='ltr'><strong>nostrum,</strong></span> <span class='ocrx_word' id='word_1_469' title='bbox 2971 711 3180 782; x_wconf 86' lang='lat' dir='ltr'><strong>singula</strong></span> <span class='ocrx_word' id='word_1_470' title='bbox 3236 712 3544 780; x_wconf 71' lang='lat' dir='ltr'><strong>huiusmodi</strong></span> 
     </span>
    </p>
   </div>
   <div class='ocr_carea' id='block_1_64' title="bbox 1951 797 3545 873">
    <p class='ocr_par' dir='ltr' id='par_1_64' title="bbox 1951 797 3545 873">
     <span class='ocr_line' id='line_1_64' title="bbox 1951 797 3545 873; baseline 0.003 -22"><span class='ocrx_word' id='word_1_471' title='bbox 1951 805 2132 851; x_wconf 77' lang='lat' dir='ltr'><strong>errata&quot;</strong></span> <span class='ocrx_word' id='word_1_472' title='bbox 2169 797 2460 868; x_wconf 74' lang='lat' dir='ltr'><strong>diligenter</strong></span> <span class='ocrx_word' id='word_1_473' title='bbox 2485 801 2603 870; x_wconf 89' lang='lat' dir='ltr'><strong>ipse</strong></span> <span class='ocrx_word' id='word_1_474' title='bbox 2635 801 2688 853; x_wconf 92' lang='lat' dir='ltr'><strong>in</strong></span> <span class='ocrx_word' id='word_1_475' title='bbox 2737 802 3056 872; x_wconf 82' lang='lat' dir='ltr'><strong>paginarum</strong></span> <span class='ocrx_word' id='word_1_476' title='bbox 3096 804 3341 873; x_wconf 80' lang='lat' dir='ltr'><strong>margine</strong></span> <span class='ocrx_word' id='word_1_477' title='bbox 3373 805 3545 858; x_wconf 88' lang='lat' dir='ltr'><strong>adno-</strong></span> 
     </span>
    </p>
   </div>
   <div class='ocr_carea' id='block_1_65' title="bbox 1953 889 3548 951">
    <p class='ocr_par' dir='ltr' id='par_1_65' title="bbox 1953 889 3548 951">
     <span class='ocr_line' id='line_1_65' title="bbox 1953 889 3548 951; baseline 0.007 -11"><span class='ocrx_word' id='word_1_478' title='bbox 1953 889 2058 940; x_wconf 83' lang='lat' dir='ltr'><strong>tavi</strong></span> <span class='ocrx_word' id='word_1_479' title='bbox 2097 905 2112 951; x_wconf 89' lang='lat'><strong>;</strong></span> <span class='ocrx_word' id='word_1_480' title='bbox 2153 889 2318 942; x_wconf 91' lang='lat' dir='ltr'><strong>multa</strong></span> <span class='ocrx_word' id='word_1_481' title='bbox 2359 891 2526 944; x_wconf 87' lang='lat' dir='ltr'><strong>etiam</strong></span> <span class='ocrx_word' id='word_1_482' title='bbox 2565 891 2618 944; x_wconf 92' lang='lat' dir='ltr'><strong>in</strong></span> <span class='ocrx_word' id='word_1_483' title='bbox 2664 908 2839 944; x_wconf 88' lang='lat' dir='ltr'><strong>rerum</strong></span> <span class='ocrx_word' id='word_1_484' title='bbox 2886 892 3070 947; x_wconf 84' lang='lat' dir='ltr'><strong>Indice</strong></span> <span class='ocrx_word' id='word_1_485' title='bbox 3101 895 3168 948; x_wconf 89' lang='lat' dir='ltr'><strong>ad</strong></span> <span class='ocrx_word' id='word_1_486' title='bbox 3210 911 3396 950; x_wconf 81' lang='lat' dir='ltr'><strong>vocem</strong></span> <span class='ocrx_word' id='word_1_487' title='bbox 3430 897 3548 951; x_wconf 78' lang='lat' dir='ltr'><strong>Me-</strong></span> 
     </span>
    </p>
   </div>
   <div class='ocr_carea' id='block_1_66' title="bbox 1950 984 2594 1038">
    <p class='ocr_par' dir='ltr' id='par_1_66' title="bbox 1950 984 2594 1038">
     <span class='ocr_line' id='line_1_66' title="bbox 1950 984 2594 1038; baseline -0.003 0"><span class='ocrx_word' id='word_1_488' title='bbox 1950 985 2134 1038; x_wconf 77' lang='lat' dir='ltr'><strong>moria:</strong></span> <span class='ocrx_word' id='word_1_489' title='bbox 2173 984 2411 1038; x_wconf 84' lang='lat' dir='ltr'><strong>indicata</strong></span> <span class='ocrx_word' id='word_1_490' title='bbox 2444 995 2594 1036; x_wconf 92' lang='lat' dir='ltr'><strong>sunt.</strong></span> 
     </span>
    </p>
   </div>
   <div class='ocr_carea' id='block_1_67' title="bbox 2023 1075 3544 1151">
    <p class='ocr_par' dir='ltr' id='par_1_67' title="bbox 2023 1075 3544 1151">
     <span class='ocr_line' id='line_1_67' title="bbox 2023 1075 3544 1151; baseline 0.003 -21"><span class='ocrx_word' id='word_1_491' title='bbox 2023 1078 2176 1142; x_wconf 80' lang='lat' dir='ltr'><strong>Quod</strong></span> <span class='ocrx_word' id='word_1_492' title='bbox 2212 1087 2393 1131; x_wconf 86' lang='lat' dir='ltr'><strong>autem</strong></span> <span class='ocrx_word' id='word_1_493' title='bbox 2422 1086 2634 1146; x_wconf 89' lang='lat' dir='ltr'><strong>spectat</strong></span> <span class='ocrx_word' id='word_1_494' title='bbox 2676 1076 2742 1130; x_wconf 89' lang='lat' dir='ltr'><strong>ad</strong></span> <span class='ocrx_word' id='word_1_495' title='bbox 2772 1075 3080 1148; x_wconf 86' lang='lat' dir='ltr'><strong>Didymnm.</strong></span> <span class='ocrx_word' id='word_1_496' title='bbox 3121 1080 3223 1135; x_wconf 90' lang='lat' dir='ltr'><strong>etsi</strong></span> <span class='ocrx_word' id='word_1_497' title='bbox 3265 1081 3544 1151; x_wconf 87' lang='lat' dir='ltr'><strong>pleraque,</strong></span> 
     </span>
    </p>
   </div>
   <div class='ocr_carea' id='block_1_68' title="bbox 1951 1166 3543 1236">
    <p class='ocr_par' dir='ltr' id='par_1_68' title="bbox 1951 1166 3543 1236">
     <span class='ocr_line' id='line_1_68' title="bbox 1951 1166 3543 1236; baseline 0.003 -16"><span class='ocrx_word' id='word_1_498' title='bbox 1951 1177 2040 1221; x_wconf 89' lang='lat' dir='ltr'><strong>aut</strong></span> <span class='ocrx_word' id='word_1_499' title='bbox 2090 1168 2294 1234; x_wconf 90' lang='lat' dir='ltr'><strong>omnia,</strong></span> <span class='ocrx_word' id='word_1_500' title='bbox 2333 1183 2454 1236; x_wconf 63' lang='lat' dir='ltr'><strong>qua:</strong></span> <span class='ocrx_word' id='word_1_501' title='bbox 2495 1175 2734 1229; x_wconf 80' lang='lat' dir='ltr'><strong>exstant,</strong></span> <span class='ocrx_word' id='word_1_502' title='bbox 2767 1166 2915 1220; x_wconf 87' lang='lat' dir='ltr'><strong>illius</strong></span> <span class='ocrx_word' id='word_1_503' title='bbox 2955 1182 3121 1236; x_wconf 89' lang='lat' dir='ltr'><strong>opera</strong></span> <span class='ocrx_word' id='word_1_504' title='bbox 3169 1169 3342 1222; x_wconf 90' lang='lat' dir='ltr'><strong>tribus</strong></span> <span class='ocrx_word' id='word_1_505' title='bbox 3387 1171 3543 1224; x_wconf 84' lang='lat' dir='ltr'><strong>hisce</strong></span> 
     </span>
    </p>
   </div>
   <div class='ocr_carea' id='block_1_69' title="bbox 1950 1257 3546 1327">
    <p class='ocr_par' dir='ltr' id='par_1_69' title="bbox 1950 1257 3546 1327">
     <span class='ocr_line' id='line_1_69' title="bbox 1950 1257 3546 1327; baseline 0.001 -13"><span class='ocrx_word' id='word_1_506' title='bbox 1950 1261 2017 1314; x_wconf 88' lang='lat' dir='ltr'><strong>de</strong></span> <span class='ocrx_word' id='word_1_507' title='bbox 2053 1257 2322 1312; x_wconf 87' lang='lat' dir='ltr'><strong>Trinitate</strong></span> <span class='ocrx_word' id='word_1_508' title='bbox 2355 1257 2507 1312; x_wconf 89' lang='lat' dir='ltr'><strong>libris</strong></span> <span class='ocrx_word' id='word_1_509' title='bbox 2535 1259 2784 1312; x_wconf 84' lang='lat' dir='ltr'><strong>breviora</strong></span> <span class='ocrx_word' id='word_1_510' title='bbox 2826 1260 2954 1321; x_wconf 92' lang='lat' dir='ltr'><strong>sint,</strong></span> <span class='ocrx_word' id='word_1_511' title='bbox 3010 1260 3323 1327; x_wconf 88' lang='lat' dir='ltr'><strong>hujusmodi</strong></span> <span class='ocrx_word' id='word_1_512' title='bbox 3365 1271 3546 1318; x_wconf 88' lang='lat' dir='ltr'><strong>tamen</strong></span> 
     </span>
    </p>
   </div>
   <div class='ocr_carea' id='block_1_70' title="bbox 1949 1349 3545 1422">
    <p class='ocr_par' dir='ltr' id='par_1_70' title="bbox 1949 1349 3545 1422">
     <span class='ocr_line' id='line_1_70' title="bbox 1949 1349 3545 1422; baseline 0.003 -19"><span class='ocrx_word' id='word_1_513' title='bbox 1949 1351 2130 1420; x_wconf 88' lang='lat' dir='ltr'><strong>lapsus</strong></span> <span class='ocrx_word' id='word_1_514' title='bbox 2166 1350 2219 1404; x_wconf 91' lang='lat' dir='ltr'><strong>in</strong></span> <span class='ocrx_word' id='word_1_515' title='bbox 2255 1351 2320 1404; x_wconf 86' lang='lat' dir='ltr'><strong>iis</strong></span> <span class='ocrx_word' id='word_1_516' title='bbox 2354 1366 2572 1419; x_wconf 87' lang='lat' dir='ltr'><strong>quoque</strong></span> <span class='ocrx_word' id='word_1_517' title='bbox 2616 1349 2969 1417; x_wconf 64' lang='lat' dir='ltr'><strong>deprehendi.</strong></span> <span class='ocrx_word' id='word_1_518' title='bbox 3011 1350 3108 1413; x_wconf 88' lang='lat' dir='ltr'><strong>Ita,</strong></span> <span class='ocrx_word' id='word_1_519' title='bbox 3161 1353 3308 1406; x_wconf 85' lang='lat' dir='ltr'><strong>verbi</strong></span> <span class='ocrx_word' id='word_1_520' title='bbox 3346 1353 3545 1422; x_wconf 88' lang='lat' dir='ltr'><strong>gratia,</strong></span> 
     </span>
    </p>
   </div>
   <div class='ocr_carea' id='block_1_71' title="bbox 1951 1440 3542 1514">
    <p class='ocr_par' dir='ltr' id='par_1_71' title="bbox 1951 1440 3542 1514">
     <span class='ocr_line' id='line_1_71' title="bbox 1951 1440 3542 1514; baseline 0.003 -20"><span class='ocrx_word' id='word_1_521' title='bbox 1951 1444 2002 1495; x_wconf 92' lang='lat' dir='ltr'><strong>in</strong></span> <span class='ocrx_word' id='word_1_522' title='bbox 2045 1443 2183 1496; x_wconf 91' lang='lat' dir='ltr'><strong>libro</strong></span> <span class='ocrx_word' id='word_1_523' title='bbox 2221 1444 2340 1494; x_wconf 88' lang='lat' dir='ltr'><strong>adv.</strong></span> <span class='ocrx_word' id='word_1_524' title='bbox 2380 1440 2709 1495; x_wconf 76' lang='lat' dir='ltr'><strong>Manicha’os</strong></span> <span class='ocrx_word' id='word_1_525' title='bbox 2747 1457 2868 1511; x_wconf 87' lang='lat' dir='ltr'><strong>pag.</strong></span> <span class='ocrx_word' id='word_1_526' title='bbox 2909 1442 3033 1507; x_wconf 74' lang='lat'><strong>207,</strong></span> <span class='ocrx_word' id='word_1_527' title='bbox 3075 1456 3362 1514; x_wconf 87' lang='lat' dir='ltr'><strong>postquam</strong></span> <span class='ocrx_word' id='word_1_528' title='bbox 3392 1457 3542 1500; x_wconf 88' lang='lat' dir='ltr'><strong>attn-</strong></span> 
     </span>
    </p>
   </div>
   <div class='ocr_carea' id='block_1_72' title="bbox 1951 1533 3538 1602">
    <p class='ocr_par' dir='ltr' id='par_1_72' title="bbox 1951 1533 3538 1602">
     <span class='ocr_line' id='line_1_72' title="bbox 1951 1533 3538 1602; baseline 0.004 -16"><span class='ocrx_word' id='word_1_529' title='bbox 1951 1534 2009 1586; x_wconf 89' lang='lat' dir='ltr'><strong>lit</strong></span> <span class='ocrx_word' id='word_1_530' title='bbox 2045 1550 2109 1588; x_wconf 86' lang='lat' dir='ltr'><strong>ex</strong></span> <span class='ocrx_word' id='word_1_531' title='bbox 2155 1533 2322 1588; x_wconf 84' lang='lat' dir='ltr'><strong>Paulo</strong></span> <span class='ocrx_word' id='word_1_532' title='bbox 2368 1534 2482 1586; x_wconf 76' lang='lat' dir='ltr'><strong>haec</strong></span> <span class='ocrx_word' id='word_1_533' title='bbox 2529 1535 2718 1598; x_wconf 83' lang='lat' dir='ltr'><strong>verba,</strong></span> <span class='ocrx_word' id='word_1_534' title='bbox 2763 1533 2832 1587; x_wconf 88' lang='lat' dir='ltr'><strong>Ut</strong></span> <span class='ocrx_word' id='word_1_535' title='bbox 2878 1536 2943 1587; x_wconf 82' lang='lat' dir='ltr'><strong>sit</strong></span> <span class='ocrx_word' id='word_1_536' title='bbox 2982 1547 3189 1601; x_wconf 79' lang='lat' dir='ltr'><strong>sancta,</strong></span> <span class='ocrx_word' id='word_1_537' title='bbox 3227 1547 3281 1590; x_wconf 89' lang='lat' dir='ltr'><strong>ct</strong></span> <span class='ocrx_word' id='word_1_538' title='bbox 3321 1551 3538 1602; x_wconf 72' lang='lat' dir='ltr'><strong>caetera,</strong></span> 
     </span>
    </p>
   </div>
   <div class='ocr_carea' id='block_1_73' title="bbox 1947 1609 3544 1696">
    <p class='ocr_par' dir='ltr' id='par_1_73' title="bbox 1947 1609 3544 1696">
     <span class='ocr_line' id='line_1_73' title="bbox 1947 1609 3544 1696; baseline 0.003 -17"><span class='ocrx_word' id='word_1_539' title='bbox 1947 1643 2067 1694; x_wconf 79' lang='lat' dir='ltr'><strong>qua:</strong></span> <span class='ocrx_word' id='word_1_540' title='bbox 2095 1609 2316 1680; x_wconf 71' lang='lat' dir='ltr'><strong>exstatit</strong></span> <span class='ocrx_word' id='word_1_541' title='bbox 2359 1629 2411 1680; x_wconf 91' lang='lat' dir='ltr'><strong>in</strong></span> <span class='ocrx_word' id='word_1_542' title='bbox 2451 1627 2549 1696; x_wconf 85' lang='lat' dir='ltr'><strong>Ep.</strong></span> <span class='ocrx_word' id='word_1_543' title='bbox 2584 1627 2600 1679; x_wconf 92' lang='lat' dir='ltr'><strong>I</strong></span> <span class='ocrx_word' id='word_1_544' title='bbox 2669 1629 2735 1680; x_wconf 88' lang='lat' dir='ltr'><strong>ad</strong></span> <span class='ocrx_word' id='word_1_545' title='bbox 2793 1626 3129 1693; x_wconf 90' lang='lat' dir='ltr'><strong>Corinthios,</strong></span> <span class='ocrx_word' id='word_1_546' title='bbox 3168 1633 3354 1684; x_wconf 87' lang='lat' dir='ltr'><strong>statim</strong></span> <span class='ocrx_word' id='word_1_547' title='bbox 3414 1633 3544 1686; x_wconf 89' lang='lat' dir='ltr'><strong>sub-</strong></span> 
     </span>
    </p>
   </div>
   <div class='ocr_carea' id='block_1_74' title="bbox 1944 1717 3542 1788">
    <p class='ocr_par' dir='ltr' id='par_1_74' title="bbox 1944 1717 3542 1788">
     <span class='ocr_line' id='line_1_74' title="bbox 1944 1717 3542 1788; baseline 0.005 -18"><span class='ocrx_word' id='word_1_548' title='bbox 1944 1718 2168 1788; x_wconf 89' lang='lat' dir='ltr'><strong>jungit:</strong></span> <span class='ocrx_word' id='word_1_549' title='bbox 2212 1718 2328 1771; x_wconf 90' lang='lat' dir='ltr'><strong>lmo</strong></span> <span class='ocrx_word' id='word_1_550' title='bbox 2368 1721 2522 1772; x_wconf 89' lang='lat' dir='ltr'><strong>etiam</strong></span> <span class='ocrx_word' id='word_1_551' title='bbox 2568 1719 2624 1771; x_wconf 89' lang='lat' dir='ltr'><strong>in</strong></span> <span class='ocrx_word' id='word_1_552' title='bbox 2673 1717 2910 1787; x_wconf 76' lang='lat' dir='ltr'><strong>Epistula</strong></span> <span class='ocrx_word' id='word_1_553' title='bbox 2981 1722 3050 1774; x_wconf 88' lang='lat' dir='ltr'><strong>ad</strong></span> <span class='ocrx_word' id='word_1_554' title='bbox 3089 1720 3408 1784; x_wconf 83' lang='lat' dir='ltr'><strong>Corinthios,</strong></span> <span class='ocrx_word' id='word_1_555' title='bbox 3437 1735 3542 1778; x_wconf 86' lang='lat' dir='ltr'><strong>etc.</strong></span> 
     </span>
    </p>
   </div>
   <div class='ocr_carea' id='block_1_75' title="bbox 1949 1810 3547 1880">
    <p class='ocr_par' dir='ltr' id='par_1_75' title="bbox 1949 1810 3547 1880">
     <span class='ocr_line' id='line_1_75' title="bbox 1949 1810 3547 1880; baseline 0.006 -19"><span class='ocrx_word' id='word_1_556' title='bbox 1949 1811 2090 1876; x_wconf 85' lang='lat' dir='ltr'><strong>Quin</strong></span> <span class='ocrx_word' id='word_1_557' title='bbox 2119 1810 2380 1864; x_wconf 88' lang='lat' dir='ltr'><strong>continuo</strong></span> <span class='ocrx_word' id='word_1_558' title='bbox 2426 1821 2548 1879; x_wconf 86' lang='lat' dir='ltr'><strong>post</strong></span> <span class='ocrx_word' id='word_1_559' title='bbox 2598 1812 2712 1864; x_wconf 65' lang='lat' dir='ltr'><strong>haec</strong></span> <span class='ocrx_word' id='word_1_560' title='bbox 2757 1812 2922 1866; x_wconf 79' lang='lat' dir='ltr'><strong>verba</strong></span> <span class='ocrx_word' id='word_1_561' title='bbox 2962 1828 3152 1869; x_wconf 90' lang='lat' dir='ltr'><strong>rursus</strong></span> <span class='ocrx_word' id='word_1_562' title='bbox 3192 1814 3435 1880; x_wconf 89' lang='lat' dir='ltr'><strong>labitur;</strong></span> <span class='ocrx_word' id='word_1_563' title='bbox 3470 1819 3547 1871; x_wconf 88' lang='lat' dir='ltr'><strong>ait</strong></span> 
     </span>
    </p>
   </div>
   <div class='ocr_carea' id='block_1_76' title="bbox 2213 1900 3548 1978">
    <p class='ocr_par' dir='ltr' id='par_1_76' title="bbox 2213 1900 3548 1978">
     <span class='ocr_line' id='line_1_76' title="bbox 2213 1900 3548 1978; baseline 0.006 -24"><span class='ocrx_word' id='word_1_564' title='bbox 2213 1900 2281 1955; x_wconf 84' lang='lat' dir='ltr'><strong>Et</strong></span> <span class='ocrx_word' id='word_1_565' title='bbox 2328 1903 2492 1970; x_wconf 85' lang='lat' dir='ltr'><strong>paulo</strong></span> <span class='ocrx_word' id='word_1_566' title='bbox 2529 1915 2642 1971; x_wconf 78' lang='lat' dir='ltr'><strong>post</strong></span> <span class='ocrx_word' id='word_1_567' title='bbox 2677 1905 2886 1957; x_wconf 82' lang='lat' dir='ltr'><strong>eosdem</strong></span> <span class='ocrx_word' id='word_1_568' title='bbox 2916 1903 3276 1978; x_wconf 87' lang='lat' dir='ltr'><strong>(Corinthios)</strong></span> <span class='ocrx_word' id='word_1_569' title='bbox 3316 1908 3548 1978; x_wconf 85' lang='lat' dir='ltr'><strong>alloqui-</strong></span> 
     </span>
    </p>
   </div>
   <div class='ocr_carea' id='block_1_77' title="bbox 1954 1996 3546 2069">
    <p class='ocr_par' dir='ltr' id='par_1_77' title="bbox 1954 1996 3546 2069">
     <span class='ocr_line' id='line_1_77' title="bbox 1954 1996 3546 2069; baseline 0.005 -24"><span class='ocrx_word' id='word_1_570' title='bbox 1954 2005 2061 2057; x_wconf 89' lang='lat' dir='ltr'><strong>tur,</strong></span> <span class='ocrx_word' id='word_1_571' title='bbox 2095 2005 2245 2060; x_wconf 87' lang='lat' dir='ltr'><strong>etc.;</strong></span> <span class='ocrx_word' id='word_1_572' title='bbox 2284 1998 2449 2048; x_wconf 75' lang='lat' dir='ltr'><strong>verba</strong></span> <span class='ocrx_word' id='word_1_573' title='bbox 2489 1996 2661 2057; x_wconf 86' lang='lat' dir='ltr'><strong>enim,</strong></span> <span class='ocrx_word' id='word_1_574' title='bbox 2703 2011 2823 2064; x_wconf 62' lang='lat' dir='ltr'><strong>quae</strong></span> <span class='ocrx_word' id='word_1_575' title='bbox 2875 1996 2922 2050; x_wconf 90' lang='lat' dir='ltr'><strong>is</strong></span> <span class='ocrx_word' id='word_1_576' title='bbox 2965 1996 3182 2065; x_wconf 88' lang='lat' dir='ltr'><strong>allegat.</strong></span> <span class='ocrx_word' id='word_1_577' title='bbox 3229 2015 3336 2053; x_wconf 91' lang='lat' dir='ltr'><strong>non</strong></span> <span class='ocrx_word' id='word_1_578' title='bbox 3383 2001 3546 2069; x_wconf 86' lang='lat' dir='ltr'><strong>paulo</strong></span> 
     </span>
    </p>
   </div>
   <div class='ocr_carea' id='block_1_78' title="bbox 1953 2083 3548 2156">
    <p class='ocr_par' dir='ltr' id='par_1_78' title="bbox 1953 2083 3548 2156">
     <span class='ocr_line' id='line_1_78' title="bbox 1953 2083 3548 2156; baseline 0.005 -21"><span class='ocrx_word' id='word_1_579' title='bbox 1953 2095 2088 2152; x_wconf 81' lang='lat' dir='ltr'><strong>post,</strong></span> <span class='ocrx_word' id='word_1_580' title='bbox 2127 2087 2219 2137; x_wconf 86' lang='lat' dir='ltr'><strong>sed</strong></span> <span class='ocrx_word' id='word_1_581' title='bbox 2257 2083 2418 2152; x_wconf 87' lang='lat' dir='ltr'><strong>paulo</strong></span> <span class='ocrx_word' id='word_1_582' title='bbox 2441 2097 2590 2147; x_wconf 90' lang='lat' dir='ltr'><strong>ante,</strong></span> <span class='ocrx_word' id='word_1_583' title='bbox 2626 2085 2733 2138; x_wconf 92' lang='lat' dir='ltr'><strong>imo</strong></span> <span class='ocrx_word' id='word_1_584' title='bbox 2769 2088 3018 2155; x_wconf 82' lang='lat' dir='ltr'><strong>proxime</strong></span> <span class='ocrx_word' id='word_1_585' title='bbox 3052 2089 3299 2156; x_wconf 88' lang='lat' dir='ltr'><strong>superius</strong></span> <span class='ocrx_word' id='word_1_586' title='bbox 3329 2099 3548 2144; x_wconf 84' lang='lat' dir='ltr'><strong>exstant</strong></span> 
     </span>
    </p>
   </div>
   <div class='ocr_carea' id='block_1_79' title="bbox 1955 2174 3546 2243">
    <p class='ocr_par' dir='ltr' id='par_1_79' title="bbox 1955 2174 3546 2243">
     <span class='ocr_line' id='line_1_79' title="bbox 1955 2174 3546 2243; baseline 0.005 -17"><span class='ocrx_word' id='word_1_587' title='bbox 1955 2177 2096 2243; x_wconf 87' lang='lat' dir='ltr'><strong>apud</strong></span> <span class='ocrx_word' id='word_1_588' title='bbox 2153 2175 2400 2229; x_wconf 88' lang='lat' dir='ltr'><strong>Paulum.</strong></span> <span class='ocrx_word' id='word_1_589' title='bbox 2464 2174 2642 2230; x_wconf 90' lang='lat' dir='ltr'><strong>Simili</strong></span> <span class='ocrx_word' id='word_1_590' title='bbox 2691 2179 2851 2231; x_wconf 91' lang='lat' dir='ltr'><strong>modo</strong></span> <span class='ocrx_word' id='word_1_591' title='bbox 2913 2180 2964 2231; x_wconf 93' lang='lat' dir='ltr'><strong>in</strong></span> <span class='ocrx_word' id='word_1_592' title='bbox 3029 2182 3437 2235; x_wconf 78' lang='lat' dir='ltr'><strong>commentariis</strong></span> <span class='ocrx_word' id='word_1_593' title='bbox 3490 2182 3546 2234; x_wconf 77' lang='lat' dir='ltr'><strong>in</strong></span> 
     </span>
    </p>
   </div>
   <div class='ocr_carea' id='block_1_80' title="bbox 1955 2267 3543 2341">
    <p class='ocr_par' dir='ltr' id='par_1_80' title="bbox 1955 2267 3543 2341">
     <span class='ocr_line' id='line_1_80' title="bbox 1955 2267 3543 2341; baseline 0.004 -22"><span class='ocrx_word' id='word_1_594' title='bbox 1955 2267 2086 2320; x_wconf 82' lang='lat' dir='ltr'><strong>Acta</strong></span> <span class='ocrx_word' id='word_1_595' title='bbox 2128 2268 2511 2336; x_wconf 75' lang='lat' dir='ltr'><strong>apostolorum,</strong></span> <span class='ocrx_word' id='word_1_596' title='bbox 2547 2285 2778 2338; x_wconf 87' lang='lat' dir='ltr'><strong>quorum</strong></span> <span class='ocrx_word' id='word_1_597' title='bbox 2821 2273 3338 2325; x_wconf 85' lang='lat' dir='ltr'><strong>connnentariorum</strong></span> <span class='ocrx_word' id='word_1_598' title='bbox 3375 2289 3543 2341; x_wconf 87' lang='lat' dir='ltr'><strong>pauca</strong></span> 
     </span>
    </p>
   </div>
   <div class='ocr_carea' id='block_1_81' title="bbox 1958 2359 3544 2432">
    <p class='ocr_par' dir='ltr' id='par_1_81' title="bbox 1958 2359 3544 2432">
     <span class='ocr_line' id='line_1_81' title="bbox 1958 2359 3544 2432; baseline 0.003 -19"><span class='ocrx_word' id='word_1_599' title='bbox 1958 2360 2262 2428; x_wconf 84' lang='lat' dir='ltr'><strong>fragmenta</strong></span> <span class='ocrx_word' id='word_1_600' title='bbox 2294 2359 2526 2415; x_wconf 84' lang='lat' dir='ltr'><strong>Wolﬁus</strong></span> <span class='ocrx_word' id='word_1_601' title='bbox 2554 2363 2743 2425; x_wconf 88' lang='lat' dir='ltr'><strong>edidit,</strong></span> <span class='ocrx_word' id='word_1_602' title='bbox 2789 2361 2982 2417; x_wconf 85' lang='lat' dir='ltr'><strong>Petrus</strong></span> <span class='ocrx_word' id='word_1_603' title='bbox 3025 2379 3124 2432; x_wconf 91' lang='lat' dir='ltr'><strong>pro</strong></span> <span class='ocrx_word' id='word_1_604' title='bbox 3152 2363 3321 2418; x_wconf 87' lang='lat' dir='ltr'><strong>Paulo</strong></span> <span class='ocrx_word' id='word_1_605' title='bbox 3366 2366 3544 2418; x_wconf 63' lang='lat' dir='ltr'><strong>nomio</strong></span> 
     </span>
    </p>
   </div>
   <div class='ocr_carea' id='block_1_82' title="bbox 1954 2453 3546 2526">
    <p class='ocr_par' dir='ltr' id='par_1_82' title="bbox 1954 2453 3546 2526">
     <span class='ocr_line' id='line_1_82' title="bbox 1954 2453 3546 2526; baseline 0.004 -20"><span class='ocrx_word' id='word_1_606' title='bbox 1954 2465 2117 2506; x_wconf 86' lang='lat' dir='ltr'><strong>natur</strong></span> <span class='ocrx_word' id='word_1_607' title='bbox 2186 2469 2308 2524; x_wconf 90' lang='lat' dir='ltr'><strong>pag.</strong></span> <span class='ocrx_word' id='word_1_608' title='bbox 2379 2454 2451 2508; x_wconf 77' lang='lat'><strong>‘23</strong></span> <span class='ocrx_word' id='word_1_609' title='bbox 2545 2465 2676 2508; x_wconf 86' lang='lat' dir='ltr'><strong>tom.</strong></span> <span class='ocrx_word' id='word_1_610' title='bbox 2745 2453 2810 2508; x_wconf 86' lang='lat' dir='ltr'><strong>IV</strong></span> <span class='ocrx_word' id='word_1_611' title='bbox 2860 2456 3246 2510; x_wconf 85' lang='lat' dir='ltr'><strong>Anecdotorum</strong></span> <span class='ocrx_word' id='word_1_612' title='bbox 3303 2457 3546 2526; x_wconf 75' lang='lat' dir='ltr'><strong>ejusdem</strong></span> 
     </span>
    </p>
   </div>
   <div class='ocr_carea' id='block_1_83' title="bbox 1952 2544 3548 2618">
    <p class='ocr_par' dir='ltr' id='par_1_83' title="bbox 1952 2544 3548 2618">
     <span class='ocr_line' id='line_1_83' title="bbox 1952 2544 3548 2618; baseline 0.002 -18"><span class='ocrx_word' id='word_1_613' title='bbox 1952 2544 2162 2600; x_wconf 85' lang='lat' dir='ltr'><strong>Wollii.</strong></span> <span class='ocrx_word' id='word_1_614' title='bbox 2193 2545 2247 2598; x_wconf 93' lang='lat' dir='ltr'><strong>In</strong></span> <span class='ocrx_word' id='word_1_615' title='bbox 2281 2545 2418 2600; x_wconf 89' lang='lat' dir='ltr'><strong>libro</strong></span> <span class='ocrx_word' id='word_1_616' title='bbox 2447 2546 2611 2600; x_wconf 88' lang='lat' dir='ltr'><strong>etiam</strong></span> <span class='ocrx_word' id='word_1_617' title='bbox 2645 2547 2720 2600; x_wconf 88' lang='lat' dir='ltr'><strong>De</strong></span> <span class='ocrx_word' id='word_1_618' title='bbox 2757 2545 2850 2615; x_wconf 87' lang='lat' dir='ltr'><strong>Sp.</strong></span> <span class='ocrx_word' id='word_1_619' title='bbox 2877 2559 3061 2600; x_wconf 84' lang='lat' dir='ltr'><strong>sancto</strong></span> <span class='ocrx_word' id='word_1_620' title='bbox 3087 2547 3239 2616; x_wconf 88' lang='lat' dir='ltr'><strong>plura</strong></span> <span class='ocrx_word' id='word_1_621' title='bbox 3265 2563 3333 2601; x_wconf 86' lang='lat' dir='ltr'><strong>ex</strong></span> <span class='ocrx_word' id='word_1_622' title='bbox 3360 2549 3548 2618; x_wconf 88' lang='lat' dir='ltr'><strong>hujus-</strong></span> 
     </span>
    </p>
   </div>
   <div class='ocr_carea' id='block_1_84' title="bbox 1956 2637 3547 2702">
    <p class='ocr_par' dir='ltr' id='par_1_84' title="bbox 1956 2637 3547 2702">
     <span class='ocr_line' id='line_1_84' title="bbox 1956 2637 3547 2702; baseline 0.003 -13"><span class='ocrx_word' id='word_1_623' title='bbox 1956 2639 2099 2690; x_wconf 90' lang='lat' dir='ltr'><strong>modi</strong></span> <span class='ocrx_word' id='word_1_624' title='bbox 2165 2638 2364 2691; x_wconf 86' lang='lat' dir='ltr'><strong>erratis</strong></span> <span class='ocrx_word' id='word_1_625' title='bbox 2411 2637 2614 2702; x_wconf 84' lang='lat' dir='ltr'><strong>inveni,</strong></span> <span class='ocrx_word' id='word_1_626' title='bbox 2677 2654 2741 2691; x_wconf 90' lang='lat' dir='ltr'><strong>ac</strong></span> <span class='ocrx_word' id='word_1_627' title='bbox 2793 2640 2860 2692; x_wconf 88' lang='lat' dir='ltr'><strong>de</strong></span> <span class='ocrx_word' id='word_1_628' title='bbox 2918 2638 2985 2692; x_wconf 91' lang='lat' dir='ltr'><strong>iis</strong></span> <span class='ocrx_word' id='word_1_629' title='bbox 3048 2637 3304 2693; x_wconf 89' lang='lat' dir='ltr'><strong>lectorem</strong></span> <span class='ocrx_word' id='word_1_630' title='bbox 3362 2641 3547 2694; x_wconf 85' lang='lat' dir='ltr'><strong>monui</strong></span> 
     </span>
    </p>
   </div>
   <div class='ocr_carea' id='block_1_85' title="bbox 1956 2729 3549 2800">
    <p class='ocr_par' dir='ltr' id='par_1_85' title="bbox 1956 2729 3549 2800">
     <span class='ocr_line' id='line_1_85' title="bbox 1956 2729 3549 2800; baseline -0.001 -16"><span class='ocrx_word' id='word_1_631' title='bbox 1956 2746 2078 2800; x_wconf 88' lang='lat' dir='ltr'><strong>pag.</strong></span> <span class='ocrx_word' id='word_1_632' title='bbox 2110 2731 2165 2793; x_wconf 84' lang='grc'><strong>’5,</strong></span> <span class='ocrx_word' id='word_1_633' title='bbox 2196 2741 2309 2784; x_wconf 91' lang='lat' dir='ltr'><strong>not.</strong></span> <span class='ocrx_word' id='word_1_634' title='bbox 2341 2732 2395 2797; x_wconf 73' lang='lat'><strong>9.,</strong></span> <span class='ocrx_word' id='word_1_635' title='bbox 2429 2742 2482 2785; x_wconf 86' lang='lat' dir='ltr'><strong>et</strong></span> <span class='ocrx_word' id='word_1_636' title='bbox 2510 2747 2631 2800; x_wconf 88' lang='lat' dir='ltr'><strong>pag.</strong></span> <span class='ocrx_word' id='word_1_637' title='bbox 2661 2729 2750 2796; x_wconf 70' lang='lat'><strong>6‘2,</strong></span> <span class='ocrx_word' id='word_1_638' title='bbox 2778 2742 2890 2784; x_wconf 90' lang='lat' dir='ltr'><strong>not.</strong></span> <span class='ocrx_word' id='word_1_639' title='bbox 2934 2732 2989 2784; x_wconf 78' lang='lat'><strong>‘2.</strong></span> <span class='ocrx_word' id='word_1_640' title='bbox 3025 2731 3248 2784; x_wconf 89' lang='lat' dir='ltr'><strong>Demum</strong></span> <span class='ocrx_word' id='word_1_641' title='bbox 3290 2733 3342 2785; x_wconf 90' lang='lat' dir='ltr'><strong>in</strong></span> <span class='ocrx_word' id='word_1_642' title='bbox 3376 2731 3549 2784; x_wconf 77' lang='lat' dir='ltr'><strong>Endr-</strong></span> 
     </span>
    </p>
   </div>
   <div class='ocr_carea' id='block_1_86' title="bbox 1956 2822 3548 2893">
    <p class='ocr_par' dir='ltr' id='par_1_86' title="bbox 1956 2822 3548 2893">
     <span class='ocr_line' id='line_1_86' title="bbox 1956 2822 3548 2893; baseline 0.003 -19"><span class='ocrx_word' id='word_1_643' title='bbox 1956 2824 2248 2877; x_wconf 71' lang='lat' dir='ltr'><strong>rationibus</strong></span> <span class='ocrx_word' id='word_1_644' title='bbox 2296 2824 2349 2876; x_wconf 87' lang='lat' dir='ltr'><strong>in</strong></span> <span class='ocrx_word' id='word_1_645' title='bbox 2400 2822 2674 2892; x_wconf 78' lang='lat' dir='ltr'><strong>Epistolas</strong></span> <span class='ocrx_word' id='word_1_646' title='bbox 2717 2822 3006 2876; x_wconf 76' lang='lat' dir='ltr'><strong>catholicas</strong></span> <span class='ocrx_word' id='word_1_647' title='bbox 3049 2823 3282 2893; x_wconf 87' lang='lat' dir='ltr'><strong>plurima</strong></span> <span class='ocrx_word' id='word_1_648' title='bbox 3329 2826 3548 2892; x_wconf 87' lang='lat' dir='ltr'><strong>quidem</strong></span> 
     </span>
    </p>
   </div>
   <div class='ocr_carea' id='block_1_87' title="bbox 1957 2913 3552 2982">
    <p class='ocr_par' dir='ltr' id='par_1_87' title="bbox 1957 2913 3552 2982">
     <span class='ocr_line' id='line_1_87' title="bbox 1957 2913 3552 2982; baseline 0.001 -16"><span class='ocrx_word' id='word_1_649' title='bbox 1957 2915 2255 2982; x_wconf 70' lang='lat' dir='ltr'><strong>Scriptura:</strong></span> <span class='ocrx_word' id='word_1_650' title='bbox 2293 2914 2601 2967; x_wconf 87' lang='lat' dir='ltr'><strong>testimonia</strong></span> <span class='ocrx_word' id='word_1_651' title='bbox 2637 2913 2877 2981; x_wconf 79' lang='lat' dir='ltr'><strong>profert,</strong></span> <span class='ocrx_word' id='word_1_652' title='bbox 2912 2916 3006 2968; x_wconf 88' lang='lat' dir='ltr'><strong>sed</strong></span> <span class='ocrx_word' id='word_1_653' title='bbox 3061 2915 3146 2968; x_wconf 76' lang='lat' dir='ltr'><strong>vix</strong></span> <span class='ocrx_word' id='word_1_654' title='bbox 3197 2916 3425 2980; x_wconf 86' lang='lat' dir='ltr'><strong>duobus,</strong></span> <span class='ocrx_word' id='word_1_655' title='bbox 3455 2917 3552 2968; x_wconf 79' lang='lat' dir='ltr'><strong>tri-</strong></span> 
     </span>
    </p>
   </div>
   <div class='ocr_carea' id='block_1_88' title="bbox 1954 3006 3549 3077">
    <p class='ocr_par' dir='ltr' id='par_1_88' title="bbox 1954 3006 3549 3077">
     <span class='ocr_line' id='line_1_88' title="bbox 1954 3006 3549 3077; baseline 0.002 -17"><span class='ocrx_word' id='word_1_656' title='bbox 1954 3006 2122 3062; x_wconf 86' lang='lat' dir='ltr'><strong>busve</strong></span> <span class='ocrx_word' id='word_1_657' title='bbox 2165 3009 2214 3060; x_wconf 93' lang='lat' dir='ltr'><strong>in</strong></span> <span class='ocrx_word' id='word_1_658' title='bbox 2264 3007 2396 3062; x_wconf 89' lang='lat' dir='ltr'><strong>locis</strong></span> <span class='ocrx_word' id='word_1_659' title='bbox 2455 3008 2624 3062; x_wconf 90' lang='lat' dir='ltr'><strong>libros</strong></span> <span class='ocrx_word' id='word_1_660' title='bbox 2677 3009 2940 3074; x_wconf 88' lang='lat' dir='ltr'><strong>nominat,</strong></span> <span class='ocrx_word' id='word_1_661' title='bbox 2995 3025 3062 3063; x_wconf 87' lang='lat' dir='ltr'><strong>ex</strong></span> <span class='ocrx_word' id='word_1_662' title='bbox 3096 3009 3294 3077; x_wconf 91' lang='lat' dir='ltr'><strong>quibus</strong></span> <span class='ocrx_word' id='word_1_663' title='bbox 3347 3025 3409 3063; x_wconf 88' lang='lat' dir='ltr'><strong>ea</strong></span> <span class='ocrx_word' id='word_1_664' title='bbox 3452 3012 3549 3063; x_wconf 86' lang='lat' dir='ltr'><strong>de-</strong></span> 
     </span>
    </p>
   </div>
   <div class='ocr_carea' id='block_1_89' title="bbox 1953 3102 3550 3170">
    <p class='ocr_par' dir='ltr' id='par_1_89' title="bbox 1953 3102 3550 3170">
     <span class='ocr_line' id='line_1_89' title="bbox 1953 3102 3550 3170; baseline 0.001 -16"><span class='ocrx_word' id='word_1_665' title='bbox 1953 3114 2164 3170; x_wconf 88' lang='lat' dir='ltr'><strong>sumpta</strong></span> <span class='ocrx_word' id='word_1_666' title='bbox 2217 3113 2365 3165; x_wconf 89' lang='lat' dir='ltr'><strong>sunt,</strong></span> <span class='ocrx_word' id='word_1_667' title='bbox 2399 3102 2556 3168; x_wconf 80' lang='lat' dir='ltr'><strong>quasi</strong></span> <span class='ocrx_word' id='word_1_668' title='bbox 2624 3111 2881 3155; x_wconf 76' lang='lat' dir='ltr'><strong>vereatur</strong></span> <span class='ocrx_word' id='word_1_669' title='bbox 2917 3118 2982 3155; x_wconf 85' lang='lat' dir='ltr'><strong>ne</strong></span> <span class='ocrx_word' id='word_1_670' title='bbox 3029 3103 3081 3154; x_wconf 92' lang='lat' dir='ltr'><strong>in</strong></span> <span class='ocrx_word' id='word_1_671' title='bbox 3123 3102 3425 3170; x_wconf 81' lang='lat' dir='ltr'><strong>hujusmodi</strong></span> <span class='ocrx_word' id='word_1_672' title='bbox 3462 3117 3550 3155; x_wconf 77' lang='lat' dir='ltr'><strong>cr-</strong></span> 
     </span>
    </p>
   </div>
   <div class='ocr_carea' id='block_1_90' title="bbox 1955 3192 3552 3260">
    <p class='ocr_par' dir='ltr' id='par_1_90' title="bbox 1955 3192 3552 3260">
     <span class='ocr_line' id='line_1_90' title="bbox 1955 3192 3552 3260; baseline 0.001 -16"><span class='ocrx_word' id='word_1_673' title='bbox 1955 3203 2070 3244; x_wconf 88' lang='lat' dir='ltr'><strong>rata</strong></span> <span class='ocrx_word' id='word_1_674' title='bbox 2104 3192 2304 3246; x_wconf 88' lang='lat' dir='ltr'><strong>incidat</strong></span> <span class='ocrx_word' id='word_1_675' title='bbox 2347 3208 2358 3246; x_wconf 93' lang='lat'>:</span> <span class='ocrx_word' id='word_1_676' title='bbox 2406 3207 2592 3245; x_wconf 89' lang='lat' dir='ltr'><strong>verum</strong></span> <span class='ocrx_word' id='word_1_677' title='bbox 2625 3206 2814 3245; x_wconf 87' lang='lat' dir='ltr'><strong>omnes</strong></span> <span class='ocrx_word' id='word_1_678' title='bbox 2850 3192 3125 3245; x_wconf 78' lang='lat' dir='ltr'><strong>memoria:</strong></span> <span class='ocrx_word' id='word_1_679' title='bbox 3164 3193 3344 3260; x_wconf 83' lang='lat' dir='ltr'><strong>lapsus</strong></span> <span class='ocrx_word' id='word_1_680' title='bbox 3380 3193 3552 3245; x_wconf 86' lang='lat' dir='ltr'><strong>vitare</strong></span> 
     </span>
    </p>
   </div>
   <div class='ocr_carea' id='block_1_91' title="bbox 1957 3284 3552 3353">
    <p class='ocr_par' dir='ltr' id='par_1_91' title="bbox 1957 3284 3552 3353">
     <span class='ocr_line' id='line_1_91' title="bbox 1957 3284 3552 3353; baseline -0.001 -17"><span class='ocrx_word' id='word_1_681' title='bbox 1957 3301 2061 3339; x_wconf 91' lang='lat' dir='ltr'><strong>non</strong></span> <span class='ocrx_word' id='word_1_682' title='bbox 2115 3284 2324 3353; x_wconf 87' lang='lat' dir='ltr'><strong>potuit;</strong></span> <span class='ocrx_word' id='word_1_683' title='bbox 2380 3299 2664 3352; x_wconf 76' lang='lat' dir='ltr'><strong>exponens</strong></span> <span class='ocrx_word' id='word_1_684' title='bbox 2723 3285 2867 3336; x_wconf 88' lang='lat' dir='ltr'><strong>enim</strong></span> <span class='ocrx_word' id='word_1_685' title='bbox 2912 3294 3167 3352; x_wconf 85' lang='lat' dir='ltr'><strong>quartum</strong></span> <span class='ocrx_word' id='word_1_686' title='bbox 3219 3295 3388 3352; x_wconf 87' lang='lat' dir='ltr'><strong>caput</strong></span> <span class='ocrx_word' id='word_1_687' title='bbox 3435 3284 3552 3352; x_wconf 86' lang='lat' dir='ltr'><strong>epi-</strong></span> 
     </span>
    </p>
   </div>
   <div class='ocr_carea' id='block_1_92' title="bbox 1955 3374 3550 3445">
    <p class='ocr_par' dir='ltr' id='par_1_92' title="bbox 1955 3374 3550 3445">
     <span class='ocr_line' id='line_1_92' title="bbox 1955 3374 3550 3445; baseline -0.001 -17"><span class='ocrx_word' id='word_1_688' title='bbox 1955 3375 2105 3428; x_wconf 80' lang='lat' dir='ltr'><strong>stola:</strong></span> <span class='ocrx_word' id='word_1_689' title='bbox 2164 3375 2182 3426; x_wconf 92' lang='lat' dir='ltr'><strong>l</strong></span> <span class='ocrx_word' id='word_1_690' title='bbox 2228 3374 2396 3438; x_wconf 78' lang='lat' dir='ltr'><strong>Petri,</strong></span> <span class='ocrx_word' id='word_1_691' title='bbox 2480 3375 2680 3445; x_wconf 76' lang='lat' dir='ltr'><strong>allegat</strong></span> <span class='ocrx_word' id='word_1_692' title='bbox 2725 3387 2978 3428; x_wconf 87' lang='lat' dir='ltr'><strong>octavum</strong></span> <span class='ocrx_word' id='word_1_693' title='bbox 3034 3375 3360 3428; x_wconf 84' lang='lat' dir='ltr'><strong>versiculum</strong></span> <span class='ocrx_word' id='word_1_694' title='bbox 3412 3377 3550 3443; x_wconf 83' lang='lat' dir='ltr'><strong>capi-</strong></span> 
     </span>
    </p>
   </div>
   <div class='ocr_carea' id='block_1_93' title="bbox 1959 3465 3552 3535">
    <p class='ocr_par' dir='ltr' id='par_1_93' title="bbox 1959 3465 3552 3535">
     <span class='ocr_line' id='line_1_93' title="bbox 1959 3465 3552 3535; baseline 0.002 -17"><span class='ocrx_word' id='word_1_695' title='bbox 1959 3465 2025 3520; x_wconf 89' lang='lat' dir='ltr'><strong>tis</strong></span> <span class='ocrx_word' id='word_1_696' title='bbox 2066 3482 2096 3519; x_wconf 94' lang='lat' dir='ltr'><strong>v</strong></span> <span class='ocrx_word' id='word_1_697' title='bbox 2141 3465 2394 3535; x_wconf 78' lang='lat' dir='ltr'><strong>Epistula:</strong></span> <span class='ocrx_word' id='word_1_698' title='bbox 2436 3467 2502 3520; x_wconf 88' lang='lat' dir='ltr'><strong>ad</strong></span> <span class='ocrx_word' id='word_1_699' title='bbox 2537 3466 2830 3532; x_wconf 76' lang='lat' dir='ltr'><strong>Romanos,</strong></span> <span class='ocrx_word' id='word_1_700' title='bbox 2895 3477 3005 3519; x_wconf 92' lang='lat' dir='ltr'><strong>tum</strong></span> <span class='ocrx_word' id='word_1_701' title='bbox 3043 3466 3160 3520; x_wconf 59' lang='lat' dir='ltr'><strong>huic</strong></span> <span class='ocrx_word' id='word_1_702' title='bbox 3187 3467 3338 3520; x_wconf 89' lang='lat' dir='ltr'><strong>addit</strong></span> <span class='ocrx_word' id='word_1_703' title='bbox 3372 3491 3382 3521; x_wconf 83' lang='grc'><strong>;</strong></span> <span class='ocrx_word' id='word_1_704' title='bbox 3425 3485 3443 3518; x_wconf 81' lang='grc' dir='ltr'><strong>ι</strong></span> <span class='ocrx_word' id='word_1_705' title='bbox 3487 3467 3552 3521; x_wconf 81' lang='lat' dir='ltr'><strong>Et</strong></span> 
     </span>
    </p>
   </div>
   <div class='ocr_carea' id='block_1_94' title="bbox 1957 3556 3548 3627">
    <p class='ocr_par' dir='ltr' id='par_1_94' title="bbox 1957 3556 3548 3627">
     <span class='ocr_line' id='line_1_94' title="bbox 1957 3556 3548 3627; baseline 0 -17"><span class='ocrx_word' id='word_1_706' title='bbox 1957 3574 2080 3611; x_wconf 87' lang='lat' dir='ltr'><strong>mox</strong></span> <span class='ocrx_word' id='word_1_707' title='bbox 2114 3560 2190 3611; x_wconf 89' lang='lat' dir='ltr'><strong>ait</strong></span> <span class='ocrx_word' id='word_1_708' title='bbox 2226 3576 2239 3611; x_wconf 89' lang='lat'><strong>:</strong></span> <span class='ocrx_word' id='word_1_709' title='bbox 2272 3557 2376 3611; x_wconf 86' lang='lat' dir='ltr'><strong>Pro</strong></span> <span class='ocrx_word' id='word_1_710' title='bbox 2403 3559 2596 3626; x_wconf 83' lang='lat' dir='ltr'><strong>impiis.</strong></span> <span class='ocrx_word' id='word_1_711' title='bbox 2624 3577 2642 3610; x_wconf 74' lang='grc' dir='ltr'><strong>ι</strong></span> <span class='ocrx_word' id='word_1_712' title='bbox 2676 3556 2838 3623; x_wconf 83' lang='lat' dir='ltr'><strong>Quasi</strong></span> <span class='ocrx_word' id='word_1_713' title='bbox 2865 3559 2980 3612; x_wconf 70' lang='lat' dir='ltr'><strong>haec</strong></span> <span class='ocrx_word' id='word_1_714' title='bbox 3003 3560 3188 3622; x_wconf 87' lang='lat' dir='ltr'><strong>verba,</strong></span> <span class='ocrx_word' id='word_1_715' title='bbox 3216 3575 3312 3627; x_wconf 86' lang='lat' dir='ltr'><strong>pro</strong></span> <span class='ocrx_word' id='word_1_716' title='bbox 3346 3559 3548 3625; x_wconf 72' lang='lat' dir='ltr'><strong>impiis,</strong></span> 
     </span>
    </p>
   </div>
   <div class='ocr_carea' id='block_1_95' title="bbox 1955 3647 3550 3718">
    <p class='ocr_par' dir='ltr' id='par_1_95' title="bbox 1955 3647 3550 3718">
     <span class='ocr_line' id='line_1_95' title="bbox 1955 3647 3550 3718; baseline 0.001 -16"><span class='ocrx_word' id='word_1_717' title='bbox 1955 3658 2077 3718; x_wconf 89' lang='lat' dir='ltr'><strong>post</strong></span> <span class='ocrx_word' id='word_1_718' title='bbox 2115 3658 2366 3700; x_wconf 86' lang='lat' dir='ltr'><strong>octavum</strong></span> <span class='ocrx_word' id='word_1_719' title='bbox 2415 3647 2745 3702; x_wconf 73' lang='lat' dir='ltr'><strong>versiculum</strong></span> <span class='ocrx_word' id='word_1_720' title='bbox 2791 3655 3112 3714; x_wconf 85' lang='lat' dir='ltr'><strong>sequantur,</strong></span> <span class='ocrx_word' id='word_1_721' title='bbox 3168 3664 3293 3702; x_wconf 91' lang='lat' dir='ltr'><strong>cum</strong></span> <span class='ocrx_word' id='word_1_722' title='bbox 3334 3661 3550 3704; x_wconf 78' lang='lat' dir='ltr'><strong>exstent</strong></span> 
     </span>
    </p>
   </div>
   <div class='ocr_carea' id='block_1_96' title="bbox 1958 3739 2932 3809">
    <p class='ocr_par' dir='ltr' id='par_1_96' title="bbox 1958 3739 2932 3809">
     <span class='ocr_line' id='line_1_96' title="bbox 1958 3739 2932 3809; baseline 0.001 -16"><span class='ocrx_word' id='word_1_723' title='bbox 1958 3741 2224 3793; x_wconf 86' lang='lat' dir='ltr'><strong>versiculo</strong></span> <span class='ocrx_word' id='word_1_724' title='bbox 2257 3749 2414 3794; x_wconf 78' lang='lat' dir='ltr'><strong>sexto</strong></span> <span class='ocrx_word' id='word_1_725' title='bbox 2443 3739 2689 3809; x_wconf 84' lang='lat' dir='ltr'><strong>ejusdem</strong></span> <span class='ocrx_word' id='word_1_726' title='bbox 2713 3739 2932 3808; x_wconf 87' lang='lat' dir='ltr'><strong>capitis.</strong></span> 
     </span>
    </p>
   </div>
   <div class='ocr_carea' id='block_1_97' title="bbox 2031 3831 3536 3902">
    <p class='ocr_par' dir='ltr' id='par_1_97' title="bbox 2031 3831 3536 3902">
     <span class='ocr_line' id='line_1_97' title="bbox 2031 3831 3536 3902; baseline 0.001 -17"><span class='ocrx_word' id='word_1_727' title='bbox 2031 3833 2134 3885; x_wconf 86' lang='lat' dir='ltr'><strong>Sed</strong></span> <span class='ocrx_word' id='word_1_728' title='bbox 2176 3839 2229 3885; x_wconf 77' lang='lat' dir='ltr'><strong>et</strong></span> <span class='ocrx_word' id='word_1_729' title='bbox 2273 3833 2434 3885; x_wconf 87' lang='lat' dir='ltr'><strong>aliam</strong></span> <span class='ocrx_word' id='word_1_730' title='bbox 2477 3831 2712 3901; x_wconf 86' lang='lat' dir='ltr'><strong>adjicere</strong></span> <span class='ocrx_word' id='word_1_731' title='bbox 2762 3833 2939 3902; x_wconf 89' lang='lat' dir='ltr'><strong>placet</strong></span> <span class='ocrx_word' id='word_1_732' title='bbox 2979 3833 3536 3897; x_wconf 81' lang='lat' dir='ltr'><strong>animadversionem,</strong></span> 
     </span>
    </p>
   </div>
   <div class='ocr_carea' id='block_1_98' title="bbox 1957 3921 3548 3992">
    <p class='ocr_par' dir='ltr' id='par_1_98' title="bbox 1957 3921 3548 3992">
     <span class='ocr_line' id='line_1_98' title="bbox 1957 3921 3548 3992; baseline 0.003 -19"><span class='ocrx_word' id='word_1_733' title='bbox 1957 3937 2077 3989; x_wconf 76' lang='lat' dir='ltr'><strong>qua:</strong></span> <span class='ocrx_word' id='word_1_734' title='bbox 2132 3921 2299 3990; x_wconf 88' lang='lat' dir='ltr'><strong>pluris</strong></span> <span class='ocrx_word' id='word_1_735' title='bbox 2355 3923 2533 3976; x_wconf 87' lang='lat' dir='ltr'><strong>adhuc</strong></span> <span class='ocrx_word' id='word_1_736' title='bbox 2578 3922 2824 3976; x_wconf 84' lang='lat' dir='ltr'><strong>facienda</strong></span> <span class='ocrx_word' id='word_1_737' title='bbox 2874 3933 3002 3988; x_wconf 88' lang='lat' dir='ltr'><strong>est;</strong></span> <span class='ocrx_word' id='word_1_738' title='bbox 3049 3923 3231 3992; x_wconf 89' lang='lat' dir='ltr'><strong>aliqua</strong></span> <span class='ocrx_word' id='word_1_739' title='bbox 3282 3925 3425 3977; x_wconf 91' lang='lat' dir='ltr'><strong>enim</strong></span> <span class='ocrx_word' id='word_1_740' title='bbox 3481 3941 3548 3978; x_wconf 83' lang='lat' dir='ltr'><strong>cx</strong></span> 
     </span>
    </p>
   </div>
   <div class='ocr_carea' id='block_1_99' title="bbox 1958 4010 3551 4083">
    <p class='ocr_par' dir='ltr' id='par_1_99' title="bbox 1958 4010 3551 4083">
     <span class='ocr_line' id='line_1_99' title="bbox 1958 4010 3551 4083; baseline 0.003 -19"><span class='ocrx_word' id='word_1_741' title='bbox 1958 4010 2111 4064; x_wconf 85' lang='lat' dir='ltr'><strong>hisce</strong></span> <span class='ocrx_word' id='word_1_742' title='bbox 2155 4011 2350 4064; x_wconf 86' lang='lat' dir='ltr'><strong>erratis</strong></span> <span class='ocrx_word' id='word_1_743' title='bbox 2407 4028 2514 4064; x_wconf 91' lang='lat' dir='ltr'><strong>non</strong></span> <span class='ocrx_word' id='word_1_744' title='bbox 2563 4013 2723 4067; x_wconf 90' lang='lat' dir='ltr'><strong>modo</strong></span> <span class='ocrx_word' id='word_1_745' title='bbox 2767 4012 2985 4078; x_wconf 86' lang='lat' dir='ltr'><strong>similia,</strong></span> <span class='ocrx_word' id='word_1_746' title='bbox 3031 4015 3124 4067; x_wconf 89' lang='lat' dir='ltr'><strong>sed</strong></span> <span class='ocrx_word' id='word_1_747' title='bbox 3159 4015 3345 4068; x_wconf 87' lang='lat' dir='ltr'><strong>eadem</strong></span> <span class='ocrx_word' id='word_1_748' title='bbox 3390 4015 3551 4083; x_wconf 85' lang='lat' dir='ltr'><strong>plane</strong></span> 
     </span>
    </p>
   </div>
   <div class='ocr_carea' id='block_1_100' title="bbox 1958 4102 3544 4174">
    <p class='ocr_par' dir='ltr' id='par_1_100' title="bbox 1958 4102 3544 4174">
     <span class='ocr_line' id='line_1_100' title="bbox 1958 4102 3544 4174; baseline 0.002 -18"><span class='ocrx_word' id='word_1_749' title='bbox 1958 4102 2013 4157; x_wconf 78' lang='lat' dir='ltr'><strong>in</strong></span> <span class='ocrx_word' id='word_1_750' title='bbox 2076 4112 2309 4172; x_wconf 90' lang='lat' dir='ltr'><strong>utroque</strong></span> <span class='ocrx_word' id='word_1_751' title='bbox 2361 4114 2582 4157; x_wconf 89' lang='lat' dir='ltr'><strong>auctore</strong></span> <span class='ocrx_word' id='word_1_752' title='bbox 2635 4119 2756 4159; x_wconf 88' lang='lat' dir='ltr'><strong>esse</strong></span> <span class='ocrx_word' id='word_1_753' title='bbox 2811 4106 3071 4173; x_wconf 89' lang='lat' dir='ltr'><strong>comperi.</strong></span> <span class='ocrx_word' id='word_1_754' title='bbox 3150 4105 3262 4171; x_wconf 88' lang='lat' dir='ltr'><strong>Ita,</strong></span> <span class='ocrx_word' id='word_1_755' title='bbox 3310 4107 3544 4174; x_wconf 83' lang='lat' dir='ltr'><strong>exempli</strong></span> 
     </span>
    </p>
   </div>
   <div class='ocr_carea' id='block_1_101' title="bbox 1957 4195 3544 4267">
    <p class='ocr_par' dir='ltr' id='par_1_101' title="bbox 1957 4195 3544 4267">
     <span class='ocr_line' id='line_1_101' title="bbox 1957 4195 3544 4267; baseline 0.001 -18"><span class='ocrx_word' id='word_1_756' title='bbox 1957 4197 2151 4267; x_wconf 84' lang='lat' dir='ltr'><strong>gratia,</strong></span> <span class='ocrx_word' id='word_1_757' title='bbox 2190 4197 2337 4250; x_wconf 74' lang='lat' dir='ltr'><strong>l’auli</strong></span> <span class='ocrx_word' id='word_1_758' title='bbox 2363 4199 2548 4262; x_wconf 84' lang='lat' dir='ltr'><strong>verba,</strong></span> <span class='ocrx_word' id='word_1_759' title='bbox 2580 4195 2648 4250; x_wconf 90' lang='lat' dir='ltr'><strong>Ut</strong></span> <span class='ocrx_word' id='word_1_760' title='bbox 2683 4198 2749 4250; x_wconf 86' lang='lat' dir='ltr'><strong>sit</strong></span> <span class='ocrx_word' id='word_1_761' title='bbox 2777 4210 2961 4252; x_wconf 80' lang='lat' dir='ltr'><strong>sancta</strong></span> <span class='ocrx_word' id='word_1_762' title='bbox 2995 4215 3231 4267; x_wconf 88' lang='lat' dir='ltr'><strong>corpore,</strong></span> <span class='ocrx_word' id='word_1_763' title='bbox 3258 4210 3302 4252; x_wconf 90' lang='lat' dir='ltr'><strong>et</strong></span> <span class='ocrx_word' id='word_1_764' title='bbox 3331 4199 3544 4266; x_wconf 81' lang='lat' dir='ltr'><strong>spiritu,</strong></span> 
     </span>
    </p>
   </div>
   <div class='ocr_carea' id='block_1_102' title="bbox 1961 4290 3548 4361">
    <p class='ocr_par' dir='ltr' id='par_1_102' title="bbox 1961 4290 3548 4361">
     <span class='ocr_line' id='line_1_102' title="bbox 1961 4290 3548 4361; baseline 0.001 -18"><span class='ocrx_word' id='word_1_765' title='bbox 1961 4290 2238 4359; x_wconf 86' lang='lat' dir='ltr'><strong>theologus</strong></span> <span class='ocrx_word' id='word_1_766' title='bbox 2274 4291 2490 4359; x_wconf 86' lang='lat' dir='ltr'><strong>quidem</strong></span> <span class='ocrx_word' id='word_1_767' title='bbox 2525 4302 2728 4355; x_wconf 86' lang='lat' dir='ltr'><strong>noster,</strong></span> <span class='ocrx_word' id='word_1_768' title='bbox 2785 4308 2910 4361; x_wconf 86' lang='lat' dir='ltr'><strong>pag.</strong></span> <span class='ocrx_word' id='word_1_769' title='bbox 2948 4291 3071 4356; x_wconf 80' lang='grc'><strong>160,</strong></span> <span class='ocrx_word' id='word_1_770' title='bbox 3117 4293 3338 4360; x_wconf 88' lang='lat' dir='ltr'><strong>reperiri</strong></span> <span class='ocrx_word' id='word_1_771' title='bbox 3373 4292 3449 4344; x_wconf 87' lang='lat' dir='ltr'><strong>ait</strong></span> <span class='ocrx_word' id='word_1_772' title='bbox 3495 4293 3548 4344; x_wconf 92' lang='lat' dir='ltr'><strong>in</strong></span> 
     </span>
    </p>
   </div>
   <div class='ocr_carea' id='block_1_103' title="bbox 1957 4381 3548 4452">
    <p class='ocr_par' dir='ltr' id='par_1_103' title="bbox 1957 4381 3548 4452">
     <span class='ocr_line' id='line_1_103' title="bbox 1957 4381 3548 4452; baseline 0.001 -17"><span class='ocrx_word' id='word_1_773' title='bbox 1957 4381 2195 4451; x_wconf 82' lang='lat' dir='ltr'><strong>Epistula</strong></span> <span class='ocrx_word' id='word_1_774' title='bbox 2245 4384 2310 4435; x_wconf 90' lang='lat' dir='ltr'><strong>ad</strong></span> <span class='ocrx_word' id='word_1_775' title='bbox 2360 4382 2649 4447; x_wconf 60' lang='lat' dir='ltr'><strong>llebrzcos,</strong></span> <span class='ocrx_word' id='word_1_776' title='bbox 2705 4399 2830 4437; x_wconf 91' lang='lat' dir='ltr'><strong>cum</strong></span> <span class='ocrx_word' id='word_1_777' title='bbox 2881 4394 3098 4437; x_wconf 73' lang='lat' dir='ltr'><strong>exstent</strong></span> <span class='ocrx_word' id='word_1_778' title='bbox 3155 4384 3208 4436; x_wconf 93' lang='lat' dir='ltr'><strong>in</strong></span> <span class='ocrx_word' id='word_1_779' title='bbox 3260 4385 3433 4452; x_wconf 90' lang='lat' dir='ltr'><strong>prima</strong></span> <span class='ocrx_word' id='word_1_780' title='bbox 3481 4385 3548 4437; x_wconf 90' lang='lat' dir='ltr'><strong>ad</strong></span> 
     </span>
    </p>
   </div>
   <div class='ocr_carea' id='block_1_104' title="bbox 1958 4472 3551 4544">
    <p class='ocr_par' dir='ltr' id='par_1_104' title="bbox 1958 4472 3551 4544">
     <span class='ocr_line' id='line_1_104' title="bbox 1958 4472 3551 4544; baseline 0 -17"><span class='ocrx_word' id='word_1_781' title='bbox 1958 4473 2293 4529; x_wconf 79' lang='lat' dir='ltr'><strong>Corinthios.</strong></span> <span class='ocrx_word' id='word_1_782' title='bbox 2348 4472 2610 4544; x_wconf 87' lang='lat' dir='ltr'><strong>Didymus</strong></span> <span class='ocrx_word' id='word_1_783' title='bbox 2653 4489 2785 4528; x_wconf 83' lang='lat' dir='ltr'><strong>vero</strong></span> <span class='ocrx_word' id='word_1_784' title='bbox 2822 4474 2873 4527; x_wconf 93' lang='lat' dir='ltr'><strong>in</strong></span> <span class='ocrx_word' id='word_1_785' title='bbox 2925 4475 3060 4529; x_wconf 90' lang='lat' dir='ltr'><strong>libro</strong></span> <span class='ocrx_word' id='word_1_786' title='bbox 3086 4477 3333 4528; x_wconf 76' lang='lat' dir='ltr'><strong>adversus</strong></span> <span class='ocrx_word' id='word_1_787' title='bbox 3375 4474 3551 4528; x_wconf 80' lang='lat' dir='ltr'><strong>Illoni-</strong></span> 
     </span>
    </p>
   </div>
   <div class='ocr_carea' id='block_1_105' title="bbox 1959 4563 3548 4632">
    <p class='ocr_par' dir='ltr' id='par_1_105' title="bbox 1959 4563 3548 4632">
     <span class='ocr_line' id='line_1_105' title="bbox 1959 4563 3548 4632; baseline 0.001 -14"><span class='ocrx_word' id='word_1_788' title='bbox 1959 4568 2133 4618; x_wconf 68' lang='lat' dir='ltr'><strong>charos</strong></span> <span class='ocrx_word' id='word_1_789' title='bbox 2179 4567 2369 4620; x_wconf 85' lang='lat' dir='ltr'><strong>eadem</strong></span> <span class='ocrx_word' id='word_1_790' title='bbox 2406 4564 2568 4618; x_wconf 89' lang='lat' dir='ltr'><strong>verba</strong></span> <span class='ocrx_word' id='word_1_791' title='bbox 2626 4565 2705 4618; x_wconf 86' lang='lat' dir='ltr'><strong>sic</strong></span> <span class='ocrx_word' id='word_1_792' title='bbox 2745 4563 2924 4631; x_wconf 78' lang='lat' dir='ltr'><strong>allert,</strong></span> <span class='ocrx_word' id='word_1_793' title='bbox 2959 4574 3016 4617; x_wconf 95' lang='lat' dir='ltr'><strong>ut</strong></span> <span class='ocrx_word' id='word_1_794' title='bbox 3055 4579 3117 4616; x_wconf 89' lang='lat' dir='ltr'><strong>ea</strong></span> <span class='ocrx_word' id='word_1_795' title='bbox 3151 4579 3253 4618; x_wconf 91' lang='lat' dir='ltr'><strong>non</strong></span> <span class='ocrx_word' id='word_1_796' title='bbox 3288 4565 3338 4616; x_wconf 93' lang='lat' dir='ltr'><strong>in</strong></span> <span class='ocrx_word' id='word_1_797' title='bbox 3376 4566 3548 4632; x_wconf 86' lang='lat' dir='ltr'><strong>prima</strong></span> 
     </span>
    </p>
   </div>
   <div class='ocr_carea' id='block_1_106' title="bbox 1958 4654 3550 4718">
    <p class='ocr_par' dir='ltr' id='par_1_106' title="bbox 1958 4654 3550 4718">
     <span class='ocr_line' id='line_1_106' title="bbox 1958 4654 3550 4718; baseline 0.001 -10"><span class='ocrx_word' id='word_1_798' title='bbox 1958 4656 2024 4708; x_wconf 88' lang='lat' dir='ltr'><strong>ad</strong></span> <span class='ocrx_word' id='word_1_799' title='bbox 2049 4654 2363 4708; x_wconf 86' lang='lat' dir='ltr'><strong>Corinthios</strong></span> <span class='ocrx_word' id='word_1_800' title='bbox 2393 4665 2612 4708; x_wconf 82' lang='lat' dir='ltr'><strong>exstare</strong></span> <span class='ocrx_word' id='word_1_801' title='bbox 2656 4654 2909 4718; x_wconf 88' lang='lat' dir='ltr'><strong>allirmet,</strong></span> <span class='ocrx_word' id='word_1_802' title='bbox 2949 4655 3041 4708; x_wconf 90' lang='lat' dir='ltr'><strong>sed</strong></span> <span class='ocrx_word' id='word_1_803' title='bbox 3083 4655 3189 4707; x_wconf 91' lang='lat' dir='ltr'><strong>alio</strong></span> <span class='ocrx_word' id='word_1_804' title='bbox 3225 4655 3278 4708; x_wconf 91' lang='lat' dir='ltr'><strong>in</strong></span> <span class='ocrx_word' id='word_1_805' title='bbox 3317 4657 3454 4718; x_wconf 91' lang='lat' dir='ltr'><strong>loco,</strong></span> <span class='ocrx_word' id='word_1_806' title='bbox 3493 4668 3550 4710; x_wconf 94' lang='lat' dir='ltr'><strong>ut</strong></span> 
     </span>
    </p>
   </div>
   <div class='ocr_carea' id='block_1_107' title="bbox 1960 4747 3547 4819">
    <p class='ocr_par' dir='ltr' id='par_1_107' title="bbox 1960 4747 3547 4819">
     <span class='ocr_line' id='line_1_107' title="bbox 1960 4747 3547 4819; baseline 0.001 -17"><span class='ocrx_word' id='word_1_807' title='bbox 1960 4749 2142 4802; x_wconf 89' lang='lat' dir='ltr'><strong>monui</strong></span> <span class='ocrx_word' id='word_1_808' title='bbox 2189 4764 2311 4817; x_wconf 83' lang='lat' dir='ltr'><strong>pag.</strong></span> <span class='ocrx_word' id='word_1_809' title='bbox 2366 4747 2486 4811; x_wconf 83' lang='lat' dir='ltr'><strong>I60,</strong></span> <span class='ocrx_word' id='word_1_810' title='bbox 2539 4759 2652 4800; x_wconf 90' lang='lat' dir='ltr'><strong>not.</strong></span> <span class='ocrx_word' id='word_1_811' title='bbox 2706 4747 2793 4800; x_wconf 90' lang='grc'><strong>10.</strong></span> <span class='ocrx_word' id='word_1_812' title='bbox 2853 4748 3043 4802; x_wconf 85' lang='lat' dir='ltr'><strong>Simile</strong></span> <span class='ocrx_word' id='word_1_813' title='bbox 3085 4747 3213 4818; x_wconf 90' lang='lat' dir='ltr'><strong>quid</strong></span> <span class='ocrx_word' id='word_1_814' title='bbox 3264 4764 3384 4819; x_wconf 82' lang='lat' dir='ltr'><strong>pag.</strong></span> <span class='ocrx_word' id='word_1_815' title='bbox 3422 4750 3547 4817; x_wconf 80' lang='lat'><strong>588,</strong></span> 
     </span>
    </p>
   </div>
   <div class='ocr_carea' id='block_1_108' title="bbox 1959 4837 2918 4902">
    <p class='ocr_par' dir='ltr' id='par_1_108' title="bbox 1959 4837 2918 4902">
     <span class='ocr_line' id='line_1_108' title="bbox 1959 4837 2918 4902; baseline 0 -12"><span class='ocrx_word' id='word_1_816' title='bbox 1959 4848 2072 4890; x_wconf 88' lang='lat' dir='ltr'><strong>not.</strong></span> <span class='ocrx_word' id='word_1_817' title='bbox 2108 4837 2160 4902; x_wconf 90' lang='lat'><strong>9,</strong></span> <span class='ocrx_word' id='word_1_818' title='bbox 2199 4851 2252 4892; x_wconf 89' lang='lat' dir='ltr'><strong>et</strong></span> <span class='ocrx_word' id='word_1_819' title='bbox 2283 4838 2412 4892; x_wconf 68' lang='lat' dir='ltr'><strong>alibi</strong></span> <span class='ocrx_word' id='word_1_820' title='bbox 2441 4840 2786 4892; x_wconf 88' lang='lat' dir='ltr'><strong>observatum</strong></span> <span class='ocrx_word' id='word_1_821' title='bbox 2814 4847 2918 4890; x_wconf 78' lang='lat' dir='ltr'><strong>est.</strong></span> 
     </span>
    </p>
   </div>
   <div class='ocr_carea' id='block_1_109' title="bbox 1959 4975 3548 5051">
    <p class='ocr_par' dir='ltr' id='par_1_109' title="bbox 1959 4975 3548 5051">
     <span class='ocr_line' id='line_1_109' title="bbox 1959 4975 3548 5051; baseline 0.001 -19"><span class='ocrx_word' id='word_1_822' title='bbox 1959 4977 2090 5032; x_wconf 76' lang='lat' dir='ltr'><strong>CAP.</strong></span> <span class='ocrx_word' id='word_1_823' title='bbox 2115 4977 2252 5031; x_wconf 71' lang='lat' dir='ltr'><strong>XVI.</strong></span> <span class='ocrx_word' id='word_1_824' title='bbox 2276 4975 2533 5029; x_wconf 77' lang='lat' dir='ltr'><strong>Memoria</strong></span> <span class='ocrx_word' id='word_1_825' title='bbox 2557 4984 2732 5030; x_wconf 86' lang='lat' dir='ltr'><strong>tamen</strong></span> <span class='ocrx_word' id='word_1_826' title='bbox 2757 4976 2981 5046; x_wconf 84' lang='lat' dir='ltr'><strong>pollebat</strong></span> <span class='ocrx_word' id='word_1_827' title='bbox 3001 4977 3261 5048; x_wconf 86' lang='lat' dir='ltr'><strong>singulari</strong></span> <span class='ocrx_word' id='word_1_828' title='bbox 3281 4979 3548 5051; x_wconf 79' lang='lat' dir='ltr'><strong>theologus</strong></span> 
     </span>
    </p>
   </div>
   <div class='ocr_carea' id='block_1_110' title="bbox 2470 5051 3046 5116">
    <p class='ocr_par' dir='ltr' id='par_1_110' title="bbox 2470 5051 3046 5116">
     <span class='ocr_line' id='line_1_110' title="bbox 2470 5051 3046 5116; baseline 0.003 -18"><span class='ocrx_word' id='word_1_829' title='bbox 2470 5059 2644 5100; x_wconf 80' lang='lat' dir='ltr'><strong>noster</strong></span> <span class='ocrx_word' id='word_1_830' title='bbox 2675 5060 2726 5099; x_wconf 89' lang='lat' dir='ltr'><strong>ut</strong></span> <span class='ocrx_word' id='word_1_831' title='bbox 2766 5051 3046 5116; x_wconf 79' lang='lat' dir='ltr'><strong>Didymus.</strong></span> 
     </span>
    </p>
   </div>
   <div class='ocr_carea' id='block_1_111' title="bbox 2033 5140 3551 5210">
    <p class='ocr_par' dir='ltr' id='par_1_111' title="bbox 2033 5140 3551 5210">
     <span class='ocr_line' id='line_1_111' title="bbox 2033 5140 3551 5210; baseline 0.001 -14"><span class='ocrx_word' id='word_1_832' title='bbox 2033 5141 2139 5196; x_wconf 86' lang='lat' dir='ltr'><strong>Sed</strong></span> <span class='ocrx_word' id='word_1_833' title='bbox 2172 5158 2294 5196; x_wconf 91' lang='lat' dir='ltr'><strong>cum</strong></span> <span class='ocrx_word' id='word_1_834' title='bbox 2336 5155 2488 5208; x_wconf 85' lang='lat' dir='ltr'><strong>opere</strong></span> <span class='ocrx_word' id='word_1_835' title='bbox 2513 5140 2567 5192; x_wconf 91' lang='lat' dir='ltr'><strong>in</strong></span> <span class='ocrx_word' id='word_1_836' title='bbox 2601 5140 2754 5210; x_wconf 87' lang='lat' dir='ltr'><strong>longo</strong></span> <span class='ocrx_word' id='word_1_837' title='bbox 2789 5140 2872 5209; x_wconf 74' lang='lat' dir='ltr'><strong>fas</strong></span> <span class='ocrx_word' id='word_1_838' title='bbox 2903 5142 2973 5195; x_wconf 90' lang='lat' dir='ltr'><strong>sit</strong></span> <span class='ocrx_word' id='word_1_839' title='bbox 3002 5144 3245 5209; x_wconf 88' lang='lat' dir='ltr'><strong>obrepere</strong></span> <span class='ocrx_word' id='word_1_840' title='bbox 3283 5160 3551 5208; x_wconf 72' lang='lat' dir='ltr'><strong>somnum,</strong></span> 
     </span>
    </p>
   </div>
   <div class='ocr_carea' id='block_1_112' title="bbox 1961 5235 3553 5306">
    <p class='ocr_par' dir='ltr' id='par_1_112' title="bbox 1961 5235 3553 5306">
     <span class='ocr_line' id='line_1_112' title="bbox 1961 5235 3553 5306; baseline 0.001 -16"><span class='ocrx_word' id='word_1_841' title='bbox 1961 5247 2021 5290; x_wconf 91' lang='lat' dir='ltr'><strong>ut</strong></span> <span class='ocrx_word' id='word_1_842' title='bbox 2045 5236 2272 5290; x_wconf 81' lang='lat' dir='ltr'><strong>Flaccus</strong></span> <span class='ocrx_word' id='word_1_843' title='bbox 2299 5235 2395 5297; x_wconf 89' lang='lat' dir='ltr'><strong>ait,</strong></span> <span class='ocrx_word' id='word_1_844' title='bbox 2428 5235 2623 5287; x_wconf 91' lang='lat' dir='ltr'><strong>mirum</strong></span> <span class='ocrx_word' id='word_1_845' title='bbox 2654 5235 2853 5289; x_wconf 90' lang='lat' dir='ltr'><strong>nemini</strong></span> <span class='ocrx_word' id='word_1_846' title='bbox 2883 5235 3049 5289; x_wconf 92' lang='lat' dir='ltr'><strong>vidcri</strong></span> <span class='ocrx_word' id='word_1_847' title='bbox 3084 5235 3263 5300; x_wconf 66' lang='lat' dir='ltr'><strong>debet,</strong></span> <span class='ocrx_word' id='word_1_848' title='bbox 3290 5238 3434 5306; x_wconf 88' lang='lat' dir='ltr'><strong>quod</strong></span> <span class='ocrx_word' id='word_1_849' title='bbox 3459 5255 3553 5291; x_wconf 86' lang='lat' dir='ltr'><strong>att-</strong></span> 
     </span>
    </p>
   </div>
   <div class='ocr_carea' id='block_1_113' title="bbox 1963 5328 3552 5397">
    <p class='ocr_par' dir='ltr' id='par_1_113' title="bbox 1963 5328 3552 5397">
     <span class='ocr_line' id='line_1_113' title="bbox 1963 5328 3552 5397; baseline 0 -12"><span class='ocrx_word' id='word_1_850' title='bbox 1963 5340 2168 5385; x_wconf 76' lang='lat' dir='ltr'><strong>ctorem</strong></span> <span class='ocrx_word' id='word_1_851' title='bbox 2203 5339 2468 5390; x_wconf 87' lang='lat' dir='ltr'><strong>nostrum,</strong></span> <span class='ocrx_word' id='word_1_852' title='bbox 2496 5329 2621 5380; x_wconf 91' lang='lat' dir='ltr'><strong>dum</strong></span> <span class='ocrx_word' id='word_1_853' title='bbox 2656 5328 3069 5382; x_wconf 84' lang='lat' dir='ltr'><strong>innumerabilia</strong></span> <span class='ocrx_word' id='word_1_854' title='bbox 3092 5331 3220 5383; x_wconf 88' lang='lat' dir='ltr'><strong>citat</strong></span> <span class='ocrx_word' id='word_1_855' title='bbox 3253 5329 3552 5397; x_wconf 76' lang='lat' dir='ltr'><strong>Scriptura:</strong></span> 
     </span>
    </p>
   </div>
   <div class='ocr_carea' id='block_1_114' title="bbox 1963 5419 3551 5491">
    <p class='ocr_par' dir='ltr' id='par_1_114' title="bbox 1963 5419 3551 5491">
     <span class='ocr_line' id='line_1_114' title="bbox 1963 5419 3551 5491; baseline -0.001 -15"><span class='ocrx_word' id='word_1_856' title='bbox 1963 5423 2104 5487; x_wconf 92' lang='lat' dir='ltr'><strong>loca,</strong></span> <span class='ocrx_word' id='word_1_857' title='bbox 2151 5421 2412 5475; x_wconf 83' lang='lat' dir='ltr'><strong>nietnoria</strong></span> <span class='ocrx_word' id='word_1_858' title='bbox 2473 5419 2746 5474; x_wconf 90' lang='lat' dir='ltr'><strong>interdum</strong></span> <span class='ocrx_word' id='word_1_859' title='bbox 2804 5419 3062 5475; x_wconf 82' lang='lat' dir='ltr'><strong>felellerit</strong></span> <span class='ocrx_word' id='word_1_860' title='bbox 3113 5442 3125 5475; x_wconf 88' lang='lat'><strong>:</strong></span> <span class='ocrx_word' id='word_1_861' title='bbox 3183 5420 3314 5475; x_wconf 89' lang='lat' dir='ltr'><strong>illud</strong></span> <span class='ocrx_word' id='word_1_862' title='bbox 3369 5421 3551 5491; x_wconf 91' lang='lat' dir='ltr'><strong>potius</strong></span> 
     </span>
    </p>
   </div>
   <div class='ocr_carea' id='block_1_115' title="bbox 1961 5511 3554 5582">
    <p class='ocr_par' dir='ltr' id='par_1_115' title="bbox 1961 5511 3554 5582">
     <span class='ocr_line' id='line_1_115' title="bbox 1961 5511 3554 5582; baseline -0.003 -12"><span class='ocrx_word' id='word_1_863' title='bbox 1961 5528 2156 5570; x_wconf 89' lang='lat' dir='ltr'><strong>omnes</strong></span> <span class='ocrx_word' id='word_1_864' title='bbox 2190 5513 2554 5575; x_wconf 86' lang='lat' dir='ltr'><strong>mirabuntur,</strong></span> <span class='ocrx_word' id='word_1_865' title='bbox 2593 5521 2742 5565; x_wconf 89' lang='lat' dir='ltr'><strong>tanta</strong></span> <span class='ocrx_word' id='word_1_866' title='bbox 2779 5527 2902 5566; x_wconf 90' lang='lat' dir='ltr'><strong>eum</strong></span> <span class='ocrx_word' id='word_1_867' title='bbox 2943 5513 3202 5566; x_wconf 89' lang='lat' dir='ltr'><strong>memoria</strong></span> <span class='ocrx_word' id='word_1_868' title='bbox 3235 5511 3458 5582; x_wconf 88' lang='lat' dir='ltr'><strong>pollere,</strong></span> <span class='ocrx_word' id='word_1_869' title='bbox 3493 5522 3554 5580; x_wconf 82' lang='lat' dir='ltr'><strong>ut</strong></span> 
     </span>
    </p>
   </div>
   <div class='ocr_carea' id='block_1_116' title="bbox 1964 5604 3542 5673">
    <p class='ocr_par' dir='ltr' id='par_1_116' title="bbox 1964 5604 3542 5673">
     <span class='ocr_line' id='line_1_116' title="bbox 1964 5604 3542 5673; baseline -0.003 -11"><span class='ocrx_word' id='word_1_870' title='bbox 1964 5612 2072 5662; x_wconf 87' lang='lat' dir='ltr'><strong>tam</strong></span> <span class='ocrx_word' id='word_1_871' title='bbox 2140 5605 2309 5659; x_wconf 89' lang='lat' dir='ltr'><strong>multa</strong></span> <span class='ocrx_word' id='word_1_872' title='bbox 2370 5613 2576 5673; x_wconf 67' lang='lat' dir='ltr'><strong>praesto</strong></span> <span class='ocrx_word' id='word_1_873' title='bbox 2623 5619 2838 5672; x_wconf 88' lang='lat' dir='ltr'><strong>semper</strong></span> <span class='ocrx_word' id='word_1_874' title='bbox 2895 5604 3096 5658; x_wconf 86' lang='lat' dir='ltr'><strong>habeat</strong></span> <span class='ocrx_word' id='word_1_875' title='bbox 3135 5605 3430 5658; x_wconf 86' lang='lat' dir='ltr'><strong>Bibliorum</strong></span> <span class='ocrx_word' id='word_1_876' title='bbox 3471 5615 3542 5659; x_wconf 88' lang='lat' dir='ltr'><strong>te-</strong></span> 
     </span>
    </p>
   </div>
   <div class='ocr_carea' id='block_1_117' title="bbox 1962 5696 3551 5766">
    <p class='ocr_par' dir='ltr' id='par_1_117' title="bbox 1962 5696 3551 5766">
     <span class='ocr_line' id='line_1_117' title="bbox 1962 5696 3551 5766; baseline -0.001 -14"><span class='ocrx_word' id='word_1_877' title='bbox 1962 5697 2241 5754; x_wconf 89' lang='lat' dir='ltr'><strong>stimonia.</strong></span> <span class='ocrx_word' id='word_1_878' title='bbox 2287 5697 2357 5748; x_wconf 88' lang='lat' dir='ltr'><strong>At</strong></span> <span class='ocrx_word' id='word_1_879' title='bbox 2388 5697 2439 5749; x_wconf 91' lang='lat' dir='ltr'><strong>id</strong></span> <span class='ocrx_word' id='word_1_880' title='bbox 2478 5699 2650 5765; x_wconf 90' lang='lat' dir='ltr'><strong>ipsum</strong></span> <span class='ocrx_word' id='word_1_881' title='bbox 2707 5696 2932 5766; x_wconf 84' lang='lat' dir='ltr'><strong>Didyme</strong></span> <span class='ocrx_word' id='word_1_882' title='bbox 2970 5696 3340 5751; x_wconf 82' lang='lat' dir='ltr'><strong>Alexandrino</strong></span> <span class='ocrx_word' id='word_1_883' title='bbox 3367 5697 3551 5765; x_wconf 90' lang='lat' dir='ltr'><strong>appri-</strong></span> 
     </span>
    </p>
   </div>
   <div class='ocr_carea' id='block_1_118' title="bbox 1967 5788 3550 5857">
    <p class='ocr_par' dir='ltr' id='par_1_118' title="bbox 1967 5788 3550 5857">
     <span class='ocr_line' id='line_1_118' title="bbox 1967 5788 3550 5857; baseline -0.001 -15"><span class='ocrx_word' id='word_1_884' title='bbox 1967 5804 2052 5842; x_wconf 89' lang='lat' dir='ltr'><strong>me</strong></span> <span class='ocrx_word' id='word_1_885' title='bbox 2114 5788 2404 5857; x_wconf 86' lang='lat' dir='ltr'><strong>congruit,</strong></span> <span class='ocrx_word' id='word_1_886' title='bbox 2457 5789 2598 5857; x_wconf 90' lang='lat' dir='ltr'><strong>quod</strong></span> <span class='ocrx_word' id='word_1_887' title='bbox 2659 5788 2807 5841; x_wconf 85' lang='lat' dir='ltr'><strong>illum</strong></span> <span class='ocrx_word' id='word_1_888' title='bbox 2866 5791 3130 5843; x_wconf 85' lang='lat' dir='ltr'><strong>memoria</strong></span> <span class='ocrx_word' id='word_1_889' title='bbox 3199 5802 3550 5857; x_wconf 76' lang='lat' dir='ltr'><strong>summopere</strong></span> 
     </span>
    </p>
   </div>
   <div class='ocr_carea' id='block_1_119' title="bbox 1966 5881 3546 5949">
    <p class='ocr_par' dir='ltr' id='par_1_119' title="bbox 1966 5881 3546 5949">
     <span class='ocr_line' id='line_1_119' title="bbox 1966 5881 3546 5949; baseline -0.001 -14"><span class='ocrx_word' id='word_1_890' title='bbox 1966 5881 2202 5938; x_wconf 76' lang='lat' dir='ltr'><strong>valuisse</strong></span> <span class='ocrx_word' id='word_1_891' title='bbox 2232 5895 2355 5937; x_wconf 85' lang='lat' dir='ltr'><strong>cum</strong></span> <span class='ocrx_word' id='word_1_892' title='bbox 2382 5897 2573 5938; x_wconf 88' lang='lat' dir='ltr'><strong>omnes</strong></span> <span class='ocrx_word' id='word_1_893' title='bbox 2604 5898 2708 5938; x_wconf 91' lang='lat' dir='ltr'><strong>uno</strong></span> <span class='ocrx_word' id='word_1_894' title='bbox 2732 5897 2827 5938; x_wconf 86' lang='lat' dir='ltr'><strong>ore</strong></span> <span class='ocrx_word' id='word_1_895' title='bbox 2856 5889 3124 5940; x_wconf 85' lang='lat' dir='ltr'><strong>testentur</strong></span> <span class='ocrx_word' id='word_1_896' title='bbox 3153 5893 3387 5949; x_wconf 83' lang='lat' dir='ltr'><strong>veteres,</strong></span> <span class='ocrx_word' id='word_1_897' title='bbox 3431 5892 3546 5937; x_wconf 89' lang='lat' dir='ltr'><strong>tum</strong></span> 
     </span>
    </p>
   </div>
  </div>
