4092 6400
611 366 715 422 16⁸5

2043 362 2131 417 DE
2178 361 2440 417 DIDYMO

3738 364 3836 421 161

612 482 722 552 ejus
753 495 917 551 opera
954 480 1300 546 conﬁrment,
1344 480 1579 534 maxime
1625 495 1751 535 vero
1782 480 1918 533 liber
1953 478 2026 532 De
2057 479 2181 547 Spi-
2209 486 2255 540 Α
2298 476 2410 545 ejus
2438 475 2489 528 in
2513 472 2697 536 vobis;
2729 472 2917 526 Latina
2956 488 3083 527 vero
3112 471 3307 538 Biblia,
3335 490 3542 542 propter
3568 476 3835 532 inhabitan-

612 575 714 624 ritu
748 581 954 633 sancto,
987 568 1370 623 Enurrationes
1405 571 1459 623 in
1489 568 1756 635 Epistolas
1789 569 2092 631 catholicas.
2123 580 2178 623 et

612 678 727 732 qua:
759 671 1045 728 supersunt
1070 660 1368 730 fragmenta
1393 663 1903 716 commentariorum
1934 661 2101 729 ipsius
2127 655 2181 714 in

613 768 760 809 sacra
793 752 960 806 Biblia
1009 769 1022 805 :
1066 752 1370 818 huiusmodi
1427 752 1572 807 enim
1625 752 1790 806 libros
1835 768 1862 804 a
1903 767 2047 806 caeco
2099 753 2183 805 di-

612 844 748 901 ctari
785 844 1030 913 potuisse
1065 843 1150 896 vix
1189 844 1241 896 in
1271 844 1511 896 animum
1548 843 1946 905 induceremus,
1981 843 2082 895 nisi
2115 859 2183 896 ex

614 936 925 991 Indubitatis
981 944 1259 988 constaret
1316 934 1680 989 monumentis
1740 950 1861 987 eum
1913 948 2016 987 non
2071 935 2184 988 hzec

615 1027 804 1090 modo,
853 1040 1042 1079 verum
1087 1024 1194 1077 alia
1243 1024 1401 1094 longe
1447 1024 1621 1094 plura,
1668 1024 1796 1086 imo,
1827 1034 1887 1077 ut
1920 1023 2184 1093 llierony-

615 1132 735 1170 mus
782 1116 1059 1185 loquitur,
1106 1116 1509 1168 innumerabilia
1554 1129 1715 1184 opera
1754 1115 2007 1168 dictasse.
2052 1114 2184 1169 Novi

613 1205 861 1273 equidem
913 1202 1103 1272 primis
1149 1204 1405 1258 Ecclesia:
1436 1205 1649 1261 saeculis
1706 1205 1968 1274 plurimos
2021 1206 2186 1260 fuisse

613 1298 971 1364 Christianos,
1002 1298 1092 1367 qui
1132 1298 1312 1350 divina
1355 1297 1625 1351 volumina
1657 1309 1916 1351 nocturna
1963 1299 2186 1350 diurna-

614 1404 722 1459 que
779 1404 939 1442 manu
1004 1398 1282 1443 versantes
1356 1388 1668 1441 memoriter
1717 1404 1782 1441 ea
1848 1389 2182 1442 ediscebant.

615 1484 753 1548 Quin
787 1481 965 1551 plures
997 1481 1160 1534 etiam
1201 1479 1474 1533 exstitisse
1494 1494 1597 1531 non
1636 1477 1940 1541 iuliciabor,
1971 1479 2067 1546 qui
2106 1478 2195 1531 iu-‘

618 1588 765 1647 tegra
797 1574 968 1628 Biblia
1020 1572 1248 1626 lldeliter
1280 1572 1398 1625 sine
1436 1572 1639 1639 scripto
1681 1571 1915 1623 recitare
1941 1576 2185 1637 possent,

614 1679 674 1722 ut
703 1667 816 1720 vult
847 1676 1034 1719 auctor
1058 1665 1438 1732 Antiquitatum
1462 1661 1681 1716 Critices
1706 1671 1834 1715 tom.
1864 1660 1906 1724 1,
1935 1675 1999 1715 ac
2026 1659 2188 1715 Joan-

616 1776 710 1814 nes
756 1759 999 1829 Lyronus
1045 1757 1345 1810 monachus
1388 1756 1451 1809 S.
1488 1754 1660 1808 Mauri
1701 1763 1833 1808 tom.
1890 1752 1957 1806 IIl
1994 1752 2187 1806 Rerum

2292 577 2417 630 tem,
2447 575 2552 618 etc.
2588 581 2603 629 ;
2635 563 2913 631 theologus
2954 573 3132 616 autem
3164 573 3347 617 noster
3377 580 3478 617 non
3509 566 3676 618 solum
3699 568 3831 635 legit,

2285 675 2377 727 per
2415 656 2824 721 inltabitantem,
2854 656 2949 709 sed
2982 664 3037 709 et
3061 656 3286 709 alteram
3317 656 3601 711 lectionem
3645 669 3702 712 ut
3731 660 3829 712 Ma-

2286 748 2637 804 cedonianam
2686 747 2963 813 improbat
3002 763 3015 799 :
3066 756 3121 799 at
3161 744 3421 816 Didymus
3461 749 3620 802 etiam
3650 749 3699 802 iu
3727 749 3832 805 libr.

2289 842 2364 895 De
2420 840 2620 907 Spiritu
2662 851 2845 893 sancto
2885 839 3036 910 legit,
3083 857 3176 908 per
3223 841 3621 906 inhabitantem,
3655 852 3708 896 ut
3740 844 3833 898 dixi

2286 951 2412 1004 pag.
2458 932 2583 1000 180,
2636 942 2752 987 not.
2794 932 2846 986 5.
2893 932 3098 998 Tertio,
3141 941 3332 1005 auctor
3360 944 3547 988 uoster
3579 950 3697 1003 pag.
3722 935 3835 1001 247,

2289 1027 2568 1081 haereticos
2648 1025 2949 1093 redarguit,
2979 1025 3122 1093 quod
3159 1025 3211 1078 in
3243 1024 3539 1080 Bililiorum
3581 1028 3836 1096 exempla-

2290 1118 2442 1172 ribus
2486 1134 2551 1172 ex
2580 1116 2813 1185 quodam
2866 1117 3033 1170 Amos
3072 1117 3348 1186 prophetae
3393 1117 3509 1171 loco
3548 1132 3728 1171 vocem
3758 1135 3837 1188 ego

2288 1208 2658 1274 abstulerint;
2732 1208 2991 1277 Didymus
3061 1223 3188 1262 vero
3251 1209 3498 1265 eumdem
3583 1210 3839 1279 prephetae

2288 1308 2491 1352 textum
2541 1297 2775 1351 all'erens
2829 1297 2882 1349 in
2926 1297 3066 1350 libro
3101 1296 3178 1350 De
3225 1296 3429 1364 Spiritu
3489 1311 3673 1353 sancto
3707 1316 3836 1353 nutu.

2289 1388 2357 1442 M
2391 1399 2443 1443 et
2483 1388 2570 1451 59,
2616 1396 2771 1442 cavet
2817 1403 2885 1442 ne
2929 1389 3140 1443 omittat
3164 1390 3451 1444 dictionem
3488 1407 3602 1459 ego.
3636 1390 3836 1456 Quarto,

2288 1496 2409 1533 cum
2443 1482 2582 1549 apud
2613 1480 2876 1534 Joannem
2917 1496 3035 1548 cap.
3065 1495 3104 1544 ι,
3133 1497 3275 1535 vers.
3321 1481 3409 1548 18,
3437 1497 3628 1536 omnes
3664 1484 3837 1536 editio.

2293 1588 2392 1626 nes
2441 1583 2548 1625 tam
2607 1570 2830 1636 Griecze,
2881 1587 3040 1640 quam
3089 1571 3313 1637 Latinae,
3361 1573 3471 1627 imo
3505 1585 3559 1627 et
3616 1573 3832 1627 Alexan-

2291 1662 2479 1715 drinus
2521 1663 2689 1715 codex
2743 1663 2954 1724 habent,
3002 1660 3311 1732 Unigenitus
3342 1662 3536 1729 Filius,
3578 1665 3666 1733 qui
3706 1678 3770 1718 est
3797 1668 3840 1716 in

2287 1752 2408 1806 sinu
2440 1750 2619 1805 Patris
2650 1754 2755 1821 ipse
2819 1756 3123 1818 enarravit;
3161 1756 3439 1825 theologus
3470 1766 3649 1811 tamen
3679 1770 3840 1812 noster

614 1851 959 1919 singularium
992 1848 1061 1901 ad
1088 1848 1313 1912 litteras,
1363 1846 1738 1914 historiamque
1761 1846 2127 1913 spectantium,
2156 1860 2184 1898 a
2217 1835 2260 1889 Β
2287 1859 2410 1913 pag.
2446 1842 2536 1907 76,
2587 1852 2645 1896 et
2694 1843 2818 1897 alibi
2862 1859 2959 1912 pro
2993 1843 3302 1915 Unigenitus
3342 1845 3519 1901 Filius
3555 1847 3680 1919 legit
3725 1849 3839 1903 Uni-

612 1943 731 1997 viro
774 1941 986 1995 clariss.
1037 1939 1199 1994 Casio
1257 1939 1549 1993 Innocente
1593 1936 1853 1991 Ansaldio
1901 1937 2185 2007 allegatus.

612 2034 684 2086 At
744 2031 1022 2101 theologus
1077 2040 1263 2085 noster
1329 2045 1434 2084 non
1513 2037 1717 2083 tantum
1787 2044 1972 2083 sacros
2025 2030 2189 2083 libros

614 2125 850 2177 maxima
878 2124 1065 2176 saltem
1097 2137 1163 2175 ex
1190 2132 1343 2190 parte
1379 2122 1641 2175 memoria
1676 2122 1916 2174 tenuisse
1951 2123 2185 2187 videtur,

615 2227 802 2265 verum
836 2211 1001 2265 etiam
1037 2210 1220 2264 omnia
1260 2210 1553 2277 Scriptura:
1589 2210 1724 2269 loca.
1761 2226 1880 2277 quae
1920 2212 2036 2263 usui
2069 2227 2189 2267 esse

614 2302 1429 2373 p0ssent,quotiescuuquettsui
1445 2300 1662 2373 [XXVI]
1690 2303 1865 2356 futura
1890 2315 2063 2368 erant,
2081 2322 2188 2374 prta

619 2392 794 2446 oculis
852 2391 1060 2445 habuit.
1107 2390 1264 2443 Aliud
1323 2399 1506 2442 autem
1555 2402 1638 2444 est
1695 2388 1975 2457 Psalmos,
2037 2392 2185 2446 verbi

616 2497 804 2549 causa,
825 2491 921 2536 aut
959 2482 1165 2550 integra
1213 2479 1380 2534 Biblia
1428 2481 1499 2534 ita
1549 2482 1805 2535 memoria
1843 2484 2097 2547 retinere,
2128 2493 2189 2537 ut

620 2575 736 2629 hac
786 2574 840 2628 iu
883 2572 1114 2628 ecclesia
1155 2573 1241 2628 vel
1280 2573 1578 2627 dormitans
1622 2575 1931 2627 memoriter
1960 2576 2188 2630 recitare

616 2664 847 2729 valcas;
897 2663 1041 2716 aliud
1085 2677 1213 2716 vero
1259 2677 1326 2716 ex
1378 2661 1872 2718 innumerabilibus
1924 2676 2184 2733 praeterea

623 2756 1025 2825 Scripturarum
1073 2754 1401 2808 teStimoniis
1462 2769 1525 2807 ea
1581 2768 1797 2821 semper
1838 2755 1889 2807 in
1935 2766 2183 2825 promptu

616 2847 820 2902 habere
840 2856 1003 2915 atque
1028 2843 1238 2911 aﬂ‘erre,
1272 2861 1391 2913 quae
1418 2845 1484 2898 ad
1522 2860 1633 2898 rem
1679 2845 1896 2898 faciant.
1932 2844 2064 2898 Illud
2092 2862 2186 2900 ex-

614 2937 863 2993 cellentis
899 2937 1171 2992 memoria:
1197 2947 1323 3004 est;
1356 2938 1458 2991 hoc
1485 2952 1635 2998 vero,
1675 2947 1732 2990 ut
1759 2939 2005 3006 equidem
2042 2940 2187 2992 arbi-

612 3038 750 3096 trur,
788 3028 1263 3084 excellentissima:
1304 3044 1415 3082 :ac
1464 3029 1593 3082 illud
1637 3030 1853 3097 quidem
1903 3031 2182 3100 Didymum

612 3121 793 3177 facere
827 3121 1066 3189 potuisse
1095 3121 1226 3174 satis
1257 3119 1534 3189 probabile
1566 3130 1687 3185 est;
1727 3121 1827 3175 hoc
1863 3136 1990 3175 vero
2023 3121 2181 3176 theo-

609 3213 790 3284 logum
822 3223 1088 3277 nostrum,
1118 3228 1212 3267 seu
1239 3212 1519 3285 Didymum
1553 3213 1725 3282 ipsum
1752 3214 1944 3269 iecisse
1971 3223 2180 3268 certum

608 3321 675 3362 ac
701 3305 1045 3361 manifestum
1084 3314 1187 3360 est.

609 3397 740 3453 CAP.
764 3396 926 3451 XVII.
959 3395 1171 3450 Eaedem
1214 3395 1273 3465 in_
1301 3393 1537 3463 tlteologo
1579 3406 1757 3449 nostra
1779 3436 1792 3457 ,
1823 3409 1976 3465 atque
2010 3400 2063 3450 in
2100 3396 2186 3450 Di-

679 3471 834 3537 dyme
860 3467 1211 3532 quorumdam
1242 3463 1532 3533 Scriptum
1570 3476 1803 3519 textuum
1844 3463 2110 3521 lectiones.

680 3579 931 3649 Magnam
980 3578 1151 3632 fuisse
1193 3577 1401 3648 Didymi
1441 3588 1601 3633 aetate
1639 3581 1691 3632 In
1737 3578 1939 3634 Graecis
1974 3580 2179 3635 Biblio-

608 3687 728 3727 rum
763 3669 1161 3740 exetuplaribus
1182 3683 1274 3722 aut
1302 3670 1613 3735 lectionum,
1638 3681 1731 3723 aut
1767 3673 2180 3727 translationum

607 3762 951 3825 varietatem,
990 3774 1148 3813 nemo
1190 3759 1404 3813 nescius
1433 3768 1537 3822 est,
1570 3771 1626 3812 ut
1657 3762 1906 3828 superius
1934 3762 2179 3817 dicebam

607 3867 733 3922 cap.
762 3849 903 3905 VIII.
942 3851 1232 3905 Videamus
1265 3865 1418 3918 ergo,
1448 3861 1627 3903 utrum
1662 3851 1944 3921 theologus
1971 3866 2178 3918 noster,

610 3956 676 3998 ac
725 3942 983 4011 Didymus
1015 3942 1232 3996 easdem
1271 3940 1598 3995 Biblicorum
1646 3950 1886 3996 textuum
1923 3945 2182 4001 lectiones

608 4033 782 4091 secuti
823 4033 970 4099 sint;
1019 4033 1063 4087 si
1114 4033 1258 4087 enim
1308 4034 1526 4087 easdem
1590 4035 1729 4103 apud
1762 4045 2051 4105 utrumque
2081 4039 2180 4092 de-

607 4110 1083 4197 prehenderimus,
1106 4125 1211 4178 erit.
1238 4123 1341 4178 hoc
1364 4138 1579 4193 quoque
1618 4140 1722 4178 non
1750 4124 1863 4180 leve
1895 4126 2177 4195 indicium,

604 4217 750 4289 quod
772 4216 1015 4287 opinioni
1039 4224 1239 4270 nostrae
1262 4214 1606 4286 sutTragetur.
1632 4215 1833 4270 Verum
1859 4234 1963 4287 non
1988 4235 2179 4277 omnes

609 4308 764 4379 parvi
805 4307 969 4362 etiam
1005 4308 1259 4363 momenti
1289 4307 1573 4361 varietates
1618 4308 1955 4363 attendendaa
2003 4320 2128 4364 sunt
2160 4329 2175 4379 ;

603 4414 748 4470 saepe
784 4400 929 4454 enim
970 4399 1234 4468 contingit
1273 4406 1336 4453 ut
1396 4414 1560 4451 unum
1613 4399 1974 4469 eamdemque
2020 4401 2177 4457 Scri-

2288 1936 2493 2004 genitus
2543 1934 2681 1988 Deus
2722 1950 2741 1988 :
2787 1935 3069 2008 Didymum
3110 1953 3239 1993 vero
3298 1939 3495 2010 legisse
3555 1940 3839 2012 Unigenitus

2290 2027 2453 2090 Deus,
2481 2028 2729 2095 quamvis
2774 2039 2923 2083 certo
2971 2032 3199 2097 probare
3236 2046 3524 2101 nequeam,
3562 2036 3700 2103 ῳωά
3738 2034 3840 2088 nul-

2290 2117 2373 2171 lus
2421 2131 2564 2171 nunc
2621 2128 2905 2173 succurrat
2953 2121 3123 2185 locus,
3184 2122 3236 2175 in
3290 2138 3398 2192 quo
3446 2133 3657 2179 textum
3710 2126 3837 2181 hunc

2288 2210 2495 2274 all'erat,
2525 2210 2625 2265 hoc
2654 2222 2828 2266 tamen
2854 2214 3010 2267 modo
3030 2224 3082 2267 et
3111 2230 3233 2268 eum
3261 2214 3454 2285 legisse
3482 2219 3700 2286 opinor,
3738 2235 3837 2272 cunt

2288 2301 2409 2369 ejus
2442 2317 2657 2371 quoque
2684 2318 2982 2371 praecessor
3010 2303 3270 2373 Origenes
3300 2307 3598 2361 catechista
3631 2308 3842 2362 Alexan-

2290 2390 2478 2444 (Irinus
2521 2393 2707 2445 eadem
2771 2394 2982 2447 ratione
3033 2392 3244 2462 legerit,
3295 2406 3352 2449 ut
3405 2398 3516 2451 dist
3589 2414 3709 2468 pag.
3760 2399 3837 2461 76,

2289 2490 2401 2536 not.
2439 2481 2489 2536 5.
2528 2483 2787 2553 Denique,
2829 2484 3084 2538 lectorem
3133 2501 3284 2557 rogo,
3321 2498 3379 2542 ut
3417 2503 3478 2543 ea
3529 2491 3708 2545 videat
3736 2506 3839 2559 qua:

2286 2590 2409 2646 pag.
2450 2576 2664 2644 quidem
2711 2577 2838 2642 216,
2878 2588 2989 2631 ιιοι.
3024 2579 3078 2640 1,
3121 2580 3311 2649 scripsi
3346 2581 3413 2636 de
3444 2582 3596 2637 Pauli
3640 2585 3838 2648 verbis,

2288 2662 2509 2732 Spiritui
2538 2664 2629 2719 Dei
2654 2670 2977 2732 servientes;
3013 2669 3138 2723 alibi
3171 2685 3294 2724 vero
3321 2672 3388 2727 de
3422 2674 3546 2727 aliis
3582 2675 3836 2729 testibus:

2285 2771 2385 2825 ego
2405 2758 2547 2811 enim
2573 2774 2694 2812 cum
2715 2774 2904 2815 verear
2934 2777 2999 2815 ne
3028 2761 3237 2831 longior
3269 2764 3397 2831 siin,
3426 2766 3531 2820 alia
3559 2766 3840 2836 liujusmodi

2286 2848 2527 2917 exempla
2556 2848 2643 2903 hic
2674 2847 2868 2904 allerre
2900 2854 3247 2920 supersedeo.

2354 2938 2434 2992 Ae
2469 2938 2594 2992 illud
2623 2941 2800 3009 potius
2842 2942 3002 3004 addo,
3058 2943 3126 2997 ab
3165 2954 3385 2999 auctore
3424 2947 3645 3015 quidem
3677 2960 3842 3004 nostro

2285 3024 2577 3096 Scriptum
2616 3029 2733 3085 loca
2765 3031 2842 3085 sic
2873 3047 3018 3101 saepe
3055 3031 3256 3099 all‘erri,
3290 3044 3346 3088 ut
3381 3040 3662 3092 sententiae
3689 3039 3841 3106 magis

2285 3119 2583 3183 adlitereat,
2649 3138 2808 3190 quam
2874 3126 3112 3189 verbis;
3182 3137 3236 3180 at
3285 3129 3469 3183 eadem
3535 3147 3596 3185 se
3658 3133 3842 3186 ratione

2286 3212 2518 3281 gessisse
2553 3213 2836 3285 Didymum
2876 3216 2921 3270 is
2962 3219 3257 3286 comperiet
3288 3222 3379 3288 qui
3419 3221 3654 3276 Biblicos
3683 3234 3841 3278 textus

2286 3303 2355 3358 ab
2415 3320 2480 3360 eo
2534 3305 2795 3376 allegatos
2853 3302 2974 3363 cum
3023 3309 3227 3367 Griecis
3298 3311 3485 3369 Bibliis
3544 3316 3839 3369 contulerit.

2282 3396 2536 3451 Attamen
2584 3414 2704 3451 cum
2750 3400 2851 3453 hoc
2905 3402 3075 3471 ipsum
3114 3418 3218 3457 non
3265 3419 3391 3458 raro
3433 3407 3500 3460 ab
3545 3408 3666 3463 aliis
3695 3411 3840 3463 etiam

2282 3486 2483 3541 factum
2537 3504 2658 3543 esse
2708 3490 3022 3556 videamus,
3061 3508 3165 3546 non
3198 3505 3374 3563 potest
3416 3513 3512 3565 pro
3555 3510 3679 3553 nota
3715 3516 3839 3570 qua-

2282 3579 2404 3631 dam
2432 3578 2638 3644 haberi,
2658 3596 2763 3650 qua
2790 3582 3046 3652 Didymus
3071 3600 3101 3638 a
3132 3587 3355 3657 reliquis
3389 3588 3650 3646 Patribus
3682 3608 3843 3648 secer-

2282 3674 2443 3719 natur

2280 3776 2408 3831 CAP.
2437 3776 2617 3833 XVIII.
2636 3777 2860 3862 Easdem
2884 3793 3095 3862 uterque
3109 3786 3543 3862 aﬂ'ertgcertorum
3568 3793 3841 3862 Scriptura

2701 3859 2932 3905 textuum
2962 3858 3429 3923 interpretationes.

2350 3963 2739 4019 Alexandrinos
2800 3969 3122 4023 catechistas
3171 3971 3462 4039 allegoriis,
3520 3975 3648 4030 dum
3690 3977 3829 4033 Scri-

2288 4064 2481 4122 pturas
2530 4053 3050 4125 interpretabantur,
3115 4060 3408 4117 delectatos
3471 4080 3595 4121 esse
3658 4080 3841 4125 norunt

2281 4143 2537 4213 theologi.
2575 4144 2650 4199 De
2678 4145 2903 4215 Didyuio
2934 4162 3112 4202 autem
3146 4162 3329 4205 nostro
3363 4157 3612 4223 equidem
3645 4176 3705 4213 ea
3738 4175 3838 4229 pne

2278 4231 2449 4285 oculis
2497 4232 2720 4299 habens,
2769 4248 2890 4302 quae
2935 4236 2989 4290 in
3037 4237 3207 4305 ipsius
3255 4242 3534 4310 operibus,
3577 4258 3670 4300 aut
3711 4248 3840 4317 trag-

2279 4324 2475 4378 mentis
2524 4326 2813 4379 observare
2866 4342 2954 4382 me
3006 4330 3245 4395 memini,
3294 4333 3393 4385 tria
3458 4335 3573 4388 haec
3615 4348 3840 4393 statuere

2278 4429 2439 4483 posse
2469 4414 2598 4468 mihi
2657 4416 2863 4470 videor.
2896 4416 2935 4469 I.
2976 4417 3108 4471 Eum
3159 4421 3247 4473 ubi
3302 4422 3589 4481 haereticos
3632 4428 3836 4493 refellit,

603 4501 775 4559 plura;
806 4490 982 4545 locum
1027 4505 1172 4545 nunc
1199 4505 1308 4544 uno
1339 4491 1498 4545 modo
1524 4489 1724 4558 legant,
1758 4507 1902 4545 nunc
1934 4493 2065 4561 alio,
2091 4494 2174 4549 vel
2204 4514 2250 4568 ι)
2280 4518 2385 4557 non
2442 4502 2724 4571 allegorias
2773 4506 2967 4558 sectari
3013 4510 3377 4565 consuevisse.
3420 4516 3513 4567 sed
3541 4531 3605 4569 ex
3633 4489 3835 4571 litterati

602 4584 746 4652 quod
774 4583 1086 4637 memoriter
1109 4583 1294 4645 citent,
1336 4580 1420 4636 vel
1449 4585 1589 4652 quod
1614 4584 1887 4648 minimas,
1929 4587 2171 4640 minimi-

602 4685 708 4739 que
763 4672 919 4739 pretii
982 4672 1374 4742 discrepnntias
1431 4672 1727 4742 negligant,
1788 4675 1872 4728 vel
1952 4677 2171 4731 demum

602 4760 746 4829 quod
796 4762 955 4814 modo
1000 4777 1162 4815 unam
1206 4762 1491 4816 lectionem
1555 4764 1708 4832 sequi
1755 4765 1964 4830 malint,
2012 4768 2170 4823 modo

602 4851 786 4905 aliam.
827 4852 1076 4906 Attamen
1124 4854 1374 4922 qumdam
1411 4864 1539 4908 tunc
1588 4864 1746 4909 erant
1787 4857 1840 4909 in
1876 4855 2168 4912 Bibliorum

601 4942 878 4996 codicibus
907 4943 1223 5007 varietates,
1246 4959 1380 5011 quas
1408 4945 1666 5013 peculiari
1702 4947 2170 5004 animadversione

601 5034 791 5101 dignas
851 5047 1064 5087 censeo.
1136 5033 1251 5099 Ita,
1311 5036 1541 5104 exempli
1605 5040 1813 5107 gratia,
1871 5039 2057 5095 Primo
2114 5043 2167 5095 in

602 5120 772 5191 Epist.
803 5122 842 5176 II
869 5124 935 5176 ad
958 5123 1171 5189 Thess,
1201 5139 1320 5193 cap.
1348 5141 1410 5188 tt,
1444 5141 1584 5180 vers.
1618 5128 1703 5195 I5,
1729 5129 1914 5184 (ira-ca
1953 5132 2167 5200 quidem

600 5213 766 5268 editio
809 5214 993 5277 habet,
1032 5213 1137 5266 ἀπ’
1169 5215 1373 5284 ἀρχῆς,
1403 5216 1451 5268 id
1488 5226 1569 5270 est
1608 5222 1671 5270 ab
1699 5221 1882 5281 initio;
1911 5220 2169 5292 Didymus

599 5319 728 5359 vero
767 5305 818 5358 in
849 5304 985 5358 libro
1006 5304 1080 5357 De
1109 5303 1313 5372 Spiritu
1346 5317 1527 5360 sancto
1550 5308 1674 5378 legit
1706 5311 1976 5381 ἀπαρχήν,
2010 5314 2059 5367 id
2085 5323 2169 5368 est

596 5397 894 5466 primitias;
923 5405 977 5449 at
1020 5407 1208 5450 auctor
1239 5412 1452 5466 quoque
1492 5410 1679 5453 110ster
1716 5402 1844 5471 legit
1875 5405 2163 5470 primitias,

601 5498 660 5541 ut
701 5488 809 5541 dixi
859 5502 979 5557 pag.
1028 5487 1151 5551 125,
1199 5498 1310 5543 ιιοι.
1357 5491 1412 5545 4.
1463 5488 1729 5556 Secundo,
1779 5497 1829 5546 in
1870 5495 2043 5563 Epist.
2098 5499 2167 5552 ad

598 5575 869 5631 Dotnanos
924 5592 1044 5646 cap.
1093 5593 1212 5643 vttt,
1247 5594 1386 5633 vers.
1418 5579 1507 5643 11,
1539 5582 1708 5635 codex
1737 5583 2160 5652 Alexandrinus,

596 5674 654 5721 et
682 5664 867 5721 Graeca
901 5669 1067 5722 editio
1097 5670 1329 5723 habent:
1362 5685 1460 5739 per
1484 5671 1862 5727 inhabitantem
1903 5674 2166 5745 Spiritum

669 5772 693 5803 ⁸
726 5774 747 5827 1
784 5773 908 5830 Cor.
944 5793 998 5842 κ,
1054 5777 1141 5830 11.

2277 4593 2575 4662 Scriptura:
2599 4609 2760 4648 sensu
2805 4605 3118 4663 argumenta
3159 4608 3343 4668 petere
3378 4603 3445 4656 ad
3482 4620 3574 4659 eos
3608 4605 3833 4678 [XXVII]

2273 4683 2644 4737 confutandos.
2680 4682 2746 4739 II.
2770 4681 2905 4738 Dum
2931 4685 3142 4742 Veteris
3174 4688 3504 4749 Testamenti
3531 4696 3715 4759 libros,
3751 4709 3835 4749 aut

2276 4782 2462 4827 textus
2495 4773 2825 4842 explicabat,
2855 4775 3127 4846 allegoriis
3157 4781 3443 4838 indulsisse
3486 4804 3499 4839 :
3535 4800 3831 4857 pr0pterea,

2274 4863 2334 4918 ut
2396 4866 2615 4932 opinor,
2687 4869 2827 4934 quod
2899 4872 3075 4923 omnia
3139 4874 3195 4926 in
3245 4873 3419 4944 ﬁgura
3477 4883 3835 4951 contingebant

2272 4954 2515 5009 llebraais
2541 4956 2584 5011 ⁸.
2621 4956 2711 5011 111.
2742 4959 2801 5011 In
2828 4958 2961 5013 Novi
2998 4960 3323 5020 Testamenti
3353 4970 3531 5024 verbis
3571 4988 3695 5027 raro
3719 4989 3833 5026 eum

2272 5046 2557 5114 allegorias
2636 5052 2969 5117 expiscatum
3021 5068 3171 5121 esse,
3242 5060 3336 5113 sed
3390 5059 3603 5117 litterali
3659 5064 3833 5119 sensui

2270 5138 2622 5207 plerumque,
2653 5148 2748 5192 aut
2769 5141 2886 5196 fere
2916 5159 3130 5213 semper
3158 5148 3471 5205 adhaesisse.

2339 5225 2408 5279 At
2451 5230 2549 5280 tria
2580 5229 2693 5283 haec
2725 5231 2835 5298 ipsa
2873 5234 2925 5286 in
2957 5234 3206 5303 theologo
3245 5240 3407 5292 etiam
3440 5256 3625 5298 nOStro
3651 5244 3831 5298 obser-

2270 5315 2410 5369 vavi.
2467 5318 2616 5371 Sicut
2646 5320 2789 5410 enim
2840 5321 3099 5392 Didymus
3134 5327 3185 5379 in
3221 5327 3358 5383 libro
3403 5328 3475 5383 De
3508 5331 3602 5400 Sp.
3657 5343 3831 5387 sancto

2269 5405 2679 5461 Macedonianos
2730 5405 3076 5468 validissimis
3127 5417 3371 5472 confutat
3421 5426 3752 5490 argumentis
3803 5439 3833 5477 e

2271 5494 2490 5550 litterali
2546 5498 2840 5566 Scriptura:
2899 5518 3058 5560 sensu
3118 5509 3381 5577 deductis,
3439 5514 3514 5567 ita
3560 5526 3613 5569 et
3657 5526 3833 5570 noster

2268 5588 2503 5651 scriptor
2548 5592 2814 5657 Arianos,
2870 5594 3265 5665 Eunomianos,
3303 5602 3715 5663 Macedoniattos
3758 5609 3832 5660 sic

2269 5679 2499 5747 refellit,
2550 5691 2607 5735 ut
2642 5681 2758 5738 fere
2790 5688 2972 5743 omnia
3007 5704 3322 5762 argumenta
3351 5712 3382 5751 e
3418 5696 3711 5768 Scripturis
3742 5697 3829 5753 Iitr
