  <div class='ocr_page' id='page_1' title='image "/cluster/home/n/w/nwhite01/storage/ocr_20150623/39/coo.31924054869361/090.png"; bbox 0 0 4092 6462; ppageno 0'>
   <div class='ocr_carea' id='block_1_1' title="bbox 308 327 1949 397">
    <p class='ocr_par' dir='ltr' id='par_1_1' title="bbox 308 327 1949 397">
     <span class='ocr_line' id='line_1_1' title="bbox 308 327 1949 397; baseline 0.006 -14"><span class='ocrx_word' id='word_1_1' title='bbox 308 327 395 385; x_wconf 79' lang='grc'><strong>165</strong></span> <span class='ocrx_word' id='word_1_2' title='bbox 1557 339 1949 397; x_wconf 73' lang='lat' dir='ltr'><strong>COMMENTAI</strong></span> 
     </span>
    </p>
   </div>
   <div class='ocr_carea' id='block_1_2' title="bbox 2049 327 3644 397">
    <p class='ocr_par' dir='ltr' id='par_1_2' title="bbox 2049 335 3644 397">
     <span class='ocr_line' id='line_1_2' title="bbox 2049 335 3644 397; baseline 0.004 -6"><span class='ocrx_word' id='word_1_3' title='bbox 2049 339 2119 394; x_wconf 71' lang='lat' dir='ltr'><strong>IS.</strong></span> <span class='ocrx_word' id='word_1_4' title='bbox 2160 369 2231 382; x_wconf 75' lang='grc' dir='ltr'><strong>ο-</strong></span> <span class='ocrx_word' id='word_1_5' title='bbox 2271 338 2398 393; x_wconf 83' lang='lat' dir='ltr'><strong>LIB.</strong></span> <span class='ocrx_word' id='word_1_6' title='bbox 2439 335 2480 395; x_wconf 89' lang='lat' dir='ltr'><strong>l.</strong></span> <span class='ocrx_word' id='word_1_7' title='bbox 3530 338 3644 397; x_wconf 67' lang='grc'>’166</span> 
     </span>
    </p>
   </div>
   <div class='ocr_carea' id='block_1_3' title="bbox 307 450 3640 533">
    <p class='ocr_par' dir='ltr' id='par_1_3' title="bbox 307 450 3640 533">
     <span class='ocr_line' id='line_1_3' title="bbox 307 450 3640 533; baseline 0.003 -30"><span class='ocrx_word' id='word_1_8' title='bbox 307 450 541 508; x_wconf 75' lang='lat' dir='ltr'><strong>letaliter</strong></span> <span class='ocrx_word' id='word_1_9' title='bbox 577 458 941 526; x_wconf 74' lang='lat' dir='ltr'><strong>explicatis</strong></span> <span class='ocrx_word' id='word_1_10' title='bbox 996 462 1230 519; x_wconf 91' lang='lat' dir='ltr'><strong>derivet.</strong></span> <span class='ocrx_word' id='word_1_11' title='bbox 1273 463 1346 519; x_wconf 84' lang='lat' dir='ltr'><strong>Ac</strong></span> <span class='ocrx_word' id='word_1_12' title='bbox 1374 463 1824 533; x_wconf 82' lang='lat' dir='ltr'><strong>quemadmodum</strong></span> <span class='ocrx_word' id='word_1_13' title='bbox 1878 460 1964 514; x_wconf 78' lang='grc' dir='ltr'><strong>υἱ·</strong></span> <span class='ocrx_word' id='word_1_14' title='bbox 1994 466 2039 520; x_wconf 83' lang='grc' dir='ltr'><strong>Α</strong></span> <span class='ocrx_word' id='word_1_15' title='bbox 2066 459 2156 524; x_wconf 86' lang='lat' dir='ltr'><strong>qui</strong></span> <span class='ocrx_word' id='word_1_16' title='bbox 2191 469 2434 512; x_wconf 83' lang='lat' dir='ltr'><strong>venturus</strong></span> <span class='ocrx_word' id='word_1_17' title='bbox 2467 473 2519 510; x_wconf 80' lang='lat' dir='ltr'><strong>ss</strong></span> <span class='ocrx_word' id='word_1_18' title='bbox 2546 456 2630 509; x_wconf 80' lang='lat'><strong>“?</strong></span> <span class='ocrx_word' id='word_1_19' title='bbox 2657 470 2819 526; x_wconf 90' lang='lat' dir='ltr'><strong>quam</strong></span> <span class='ocrx_word' id='word_1_20' title='bbox 2852 456 3018 511; x_wconf 93' lang='lat' dir='ltr'><strong>habet</strong></span> <span class='ocrx_word' id='word_1_21' title='bbox 3057 471 3179 525; x_wconf 87' lang='lat' dir='ltr'><strong>pag.</strong></span> <span class='ocrx_word' id='word_1_22' title='bbox 3214 455 3303 520; x_wconf 84' lang='lat'><strong>2|,</strong></span> <span class='ocrx_word' id='word_1_23' title='bbox 3352 456 3493 511; x_wconf 89' lang='lat' dir='ltr'><strong>haud</strong></span> <span class='ocrx_word' id='word_1_24' title='bbox 3521 457 3640 512; x_wconf 87' lang='lat' dir='ltr'><strong>scio</strong></span> 
     </span>
    </p>
   </div>
   <div class='ocr_carea' id='block_1_4' title="bbox 313 542 3644 624">
    <p class='ocr_par' dir='ltr' id='par_1_4' title="bbox 313 542 3644 624">
     <span class='ocr_line' id='line_1_4' title="bbox 313 542 3644 624; baseline 0.002 -28"><span class='ocrx_word' id='word_1_25' title='bbox 313 542 492 614; x_wconf 74' lang='lat' dir='ltr'><strong>dymus</strong></span> <span class='ocrx_word' id='word_1_26' title='bbox 511 548 809 620; x_wconf 85' lang='lat' dir='ltr'><strong>quinque</strong></span> <span class='ocrx_word' id='word_1_27' title='bbox 854 554 1329 624; x_wconf 71' lang='lat' dir='ltr'><strong>Explanationum</strong></span> <span class='ocrx_word' id='word_1_28' title='bbox 1360 555 1523 610; x_wconf 90' lang='lat' dir='ltr'><strong>libros</strong></span> <span class='ocrx_word' id='word_1_29' title='bbox 1549 557 1605 609; x_wconf 86' lang='lat' dir='ltr'><strong>in</strong></span> <span class='ocrx_word' id='word_1_30' title='bbox 1640 553 1959 608; x_wconf 82' lang='lat' dir='ltr'><strong>Zachariam</strong></span> <span class='ocrx_word' id='word_1_31' title='bbox 2066 567 2133 606; x_wconf 88' lang='lat' dir='ltr'><strong>au</strong></span> <span class='ocrx_word' id='word_1_32' title='bbox 2175 550 2356 605; x_wconf 87' lang='lat' dir='ltr'><strong>multis</strong></span> <span class='ocrx_word' id='word_1_33' title='bbox 2383 549 2627 604; x_wconf 83' lang='lat' dir='ltr'><strong>arridere</strong></span> <span class='ocrx_word' id='word_1_34' title='bbox 2652 557 2835 619; x_wconf 91' lang='lat' dir='ltr'><strong>queat.</strong></span> <span class='ocrx_word' id='word_1_35' title='bbox 2861 549 2998 615; x_wconf 88' lang='lat' dir='ltr'><strong>Quin</strong></span> <span class='ocrx_word' id='word_1_36' title='bbox 3041 548 3207 603; x_wconf 88' lang='lat' dir='ltr'><strong>etiam</strong></span> <span class='ocrx_word' id='word_1_37' title='bbox 3236 549 3458 603; x_wconf 89' lang='lat' dir='ltr'><strong>levicula</strong></span> <span class='ocrx_word' id='word_1_38' title='bbox 3487 564 3644 603; x_wconf 79' lang='lat' dir='ltr'><strong>com-</strong></span> 
     </span>
    </p>
   </div>
   <div class='ocr_carea' id='block_1_5' title="bbox 318 635 3645 716">
    <p class='ocr_par' dir='ltr' id='par_1_5' title="bbox 318 635 3645 716">
     <span class='ocr_line' id='line_1_5' title="bbox 318 635 3645 716; baseline 0.002 -28"><span class='ocrx_word' id='word_1_39' title='bbox 318 635 382 689; x_wconf 85' lang='lat' dir='ltr'><strong>ita</strong></span> <span class='ocrx_word' id='word_1_40' title='bbox 420 636 710 705; x_wconf 82' lang='lat' dir='ltr'><strong>dictavit,</strong></span> <span class='ocrx_word' id='word_1_41' title='bbox 760 642 1149 716; x_wconf 74' lang='lat' dir='ltr'><strong>Hieronymo</strong></span> <span class='ocrx_word' id='word_1_42' title='bbox 1182 655 1341 711; x_wconf 84' lang='lat' dir='ltr'><strong>teste,</strong></span> <span class='ocrx_word' id='word_1_43' title='bbox 1375 662 1431 700; x_wconf 87' lang='lat' dir='ltr'><strong>ut</strong></span> <span class='ocrx_word' id='word_1_44' title='bbox 1474 657 1585 701; x_wconf 88' lang='lat' dir='ltr'><strong>tota</strong></span> <span class='ocrx_word' id='word_1_45' title='bbox 1630 663 1809 700; x_wconf 89' lang='lat' dir='ltr'><strong>eorum</strong></span> <span class='ocrx_word' id='word_1_46' title='bbox 1876 645 1963 711; x_wconf 60' lang='grc' dir='ltr'><strong>ἐξ-</strong></span> <span class='ocrx_word' id='word_1_47' title='bbox 2067 643 2307 714; x_wconf 88' lang='lat' dir='ltr'><strong>pluribus</strong></span> <span class='ocrx_word' id='word_1_48' title='bbox 2355 641 2679 696; x_wconf 91' lang='lat' dir='ltr'><strong>videbuntur</strong></span> <span class='ocrx_word' id='word_1_49' title='bbox 2720 656 2840 710; x_wconf 64' lang='lat' dir='ltr'><strong>quae</strong></span> <span class='ocrx_word' id='word_1_50' title='bbox 2894 651 3191 695; x_wconf 89' lang='lat' dir='ltr'><strong>occurrunt</strong></span> <span class='ocrx_word' id='word_1_51' title='bbox 3244 656 3364 711; x_wconf 90' lang='lat' dir='ltr'><strong>pag.</strong></span> <span class='ocrx_word' id='word_1_52' title='bbox 3412 640 3540 704; x_wconf 74' lang='grc'><strong>545,</strong></span> <span class='ocrx_word' id='word_1_53' title='bbox 3575 641 3645 696; x_wconf 89' lang='lat' dir='ltr'><strong>de</strong></span> 
     </span>
    </p>
   </div>
   <div class='ocr_carea' id='block_1_6' title="bbox 220 712 3641 806">
    <p class='ocr_par' dir='ltr' id='par_1_6' title="bbox 220 712 3641 806">
     <span class='ocr_line' id='line_1_6' title="bbox 220 712 3641 806; baseline 0.001 -24"><span class='ocrx_word' id='word_1_54' title='bbox 220 712 229 725; x_wconf 68' lang='grc'><em>’</em></span> <span class='ocrx_word' id='word_1_55' title='bbox 321 725 513 799; x_wconf 55' lang='lat' dir='ltr'><strong>limat;</strong></span> <span class='ocrx_word' id='word_1_56' title='bbox 530 730 875 801; x_wconf 75' lang='lat' dir='ltr'><strong>allegorica</strong></span> <span class='ocrx_word' id='word_1_57' title='bbox 894 712 1113 805; x_wconf 66' lang='lat' dir='ltr'><strong>luerit,</strong></span> <span class='ocrx_word' id='word_1_58' title='bbox 1141 750 1185 791; x_wconf 87' lang='lat' dir='ltr'><strong>et</strong></span> <span class='ocrx_word' id='word_1_59' title='bbox 1215 740 1443 795; x_wconf 71' lang='lat' dir='ltr'><strong>historice</strong></span> <span class='ocrx_word' id='word_1_60' title='bbox 1474 741 1563 793; x_wconf 79' lang='lat' dir='ltr'><strong>vix</strong></span> <span class='ocrx_word' id='word_1_61' title='bbox 1593 756 1759 806; x_wconf 88' lang='lat' dir='ltr'><strong>pauca</strong></span> <span class='ocrx_word' id='word_1_62' title='bbox 1786 740 1965 806; x_wconf 85' lang='lat' dir='ltr'><strong>tetige—</strong></span> <span class='ocrx_word' id='word_1_63' title='bbox 2062 712 2243 790; x_wconf 78' lang='lat' dir='ltr'><strong>verbis</strong></span> <span class='ocrx_word' id='word_1_64' title='bbox 2299 732 2523 789; x_wconf 83' lang='lat' dir='ltr'><strong>Joannis</strong></span> <span class='ocrx_word' id='word_1_65' title='bbox 2581 732 2835 802; x_wconf 86' lang='lat' dir='ltr'><strong>Theologi</strong></span> <span class='ocrx_word' id='word_1_66' title='bbox 2896 752 2908 787; x_wconf 94' lang='lat'>:</span> <span class='ocrx_word' id='word_1_67' title='bbox 2962 730 3032 784; x_wconf 87' lang='lat' dir='ltr'><strong>Et</strong></span> <span class='ocrx_word' id='word_1_68' title='bbox 3075 732 3298 786; x_wconf 83' lang='lat' dir='ltr'><strong>Verbum</strong></span> <span class='ocrx_word' id='word_1_69' title='bbox 3331 746 3445 787; x_wconf 86' lang='lat' dir='ltr'><strong>erat</strong></span> <span class='ocrx_word' id='word_1_70' title='bbox 3498 745 3641 802; x_wconf 80' lang='lat' dir='ltr'><strong>apud</strong></span> 
     </span>
    </p>
   </div>
   <div class='ocr_carea' id='block_1_7' title="bbox 330 822 3642 900">
    <p class='ocr_par' dir='ltr' id='par_1_7' title="bbox 330 822 3642 900">
     <span class='ocr_line' id='line_1_7' title="bbox 330 822 3642 900; baseline 0.002 -29"><span class='ocrx_word' id='word_1_71' title='bbox 330 830 444 881; x_wconf 81' lang='grc' dir='ltr'>τιιιι,</span> <span class='ocrx_word' id='word_1_72' title='bbox 478 822 559 873; x_wconf 78' lang='lat' dir='ltr'><strong>ita</strong></span> <span class='ocrx_word' id='word_1_73' title='bbox 585 822 931 896; x_wconf 82' lang='lat' dir='ltr'><strong>theologus</strong></span> <span class='ocrx_word' id='word_1_74' title='bbox 971 840 1161 882; x_wconf 90' lang='lat' dir='ltr'><strong>noster</strong></span> <span class='ocrx_word' id='word_1_75' title='bbox 1184 829 1272 883; x_wconf 88' lang='lat' dir='ltr'><strong>lib.</strong></span> <span class='ocrx_word' id='word_1_76' title='bbox 1303 845 1364 893; x_wconf 90' lang='grc' dir='ltr'>ιι,</span> <span class='ocrx_word' id='word_1_77' title='bbox 1391 845 1513 900; x_wconf 88' lang='lat' dir='ltr'><strong>cap.</strong></span> <span class='ocrx_word' id='word_1_78' title='bbox 1550 830 1639 895; x_wconf 76' lang='grc'>14,</span> <span class='ocrx_word' id='word_1_79' title='bbox 1675 831 1856 898; x_wconf 82' lang='lat' dir='ltr'><strong>plures</strong></span> <span class='ocrx_word' id='word_1_80' title='bbox 1884 830 1962 883; x_wconf 62' lang='grc' dir='ltr'><strong>σοὶ-</strong></span> <span class='ocrx_word' id='word_1_81' title='bbox 2063 826 2232 881; x_wconf 89' lang='lat' dir='ltr'><strong>Deum</strong></span> <span class='ocrx_word' id='word_1_82' title='bbox 2257 828 2320 882; x_wconf 82' lang='grc'><strong>¹².</strong></span> <span class='ocrx_word' id='word_1_83' title='bbox 2369 825 2637 881; x_wconf 84' lang='lat' dir='ltr'><strong>Nonnulla</strong></span> <span class='ocrx_word' id='word_1_84' title='bbox 2687 841 2816 880; x_wconf 90' lang='lat' dir='ltr'><strong>vero</strong></span> <span class='ocrx_word' id='word_1_85' title='bbox 2860 825 2962 879; x_wconf 87' lang='lat' dir='ltr'><strong>alia</strong></span> <span class='ocrx_word' id='word_1_86' title='bbox 3004 826 3244 894; x_wconf 80' lang='lat' dir='ltr'><strong>eiusdem</strong></span> <span class='ocrx_word' id='word_1_87' title='bbox 3283 825 3498 895; x_wconf 80' lang='lat' dir='ltr'><strong>generis</strong></span> <span class='ocrx_word' id='word_1_88' title='bbox 3537 841 3642 897; x_wconf 79' lang='lat' dir='ltr'><strong>non</strong></span> 
     </span>
    </p>
   </div>
   <div class='ocr_carea' id='block_1_8' title="bbox 344 910 3646 991">
    <p class='ocr_par' dir='ltr' id='par_1_8' title="bbox 344 910 3646 991">
     <span class='ocr_line' id='line_1_8' title="bbox 344 910 3646 991; baseline 0.001 -26"><span class='ocrx_word' id='word_1_89' title='bbox 344 910 438 965; x_wconf 71' lang='lat' dir='ltr'><strong>null</strong></span> <span class='ocrx_word' id='word_1_90' title='bbox 462 910 771 968; x_wconf 68' lang='lat' dir='ltr'><strong>lacuaria:</strong></span> <span class='ocrx_word' id='word_1_91' title='bbox 808 918 1007 982; x_wconf 85' lang='lat' dir='ltr'><strong>ipsius</strong></span> <span class='ocrx_word' id='word_1_92' title='bbox 1035 926 1212 974; x_wconf 85' lang='lat' dir='ltr'><strong>textus</strong></span> <span class='ocrx_word' id='word_1_93' title='bbox 1242 920 1482 990; x_wconf 78' lang='lat' dir='ltr'><strong>allegatis</strong></span> <span class='ocrx_word' id='word_1_94' title='bbox 1524 922 1578 974; x_wconf 91' lang='lat' dir='ltr'><strong>in</strong></span> <span class='ocrx_word' id='word_1_95' title='bbox 1617 922 1850 991; x_wconf 89' lang='lat' dir='ltr'><strong>quadam</strong></span> <span class='ocrx_word' id='word_1_96' title='bbox 1880 923 1963 975; x_wconf 91' lang='lat' dir='ltr'><strong>di-</strong></span> <span class='ocrx_word' id='word_1_97' title='bbox 2064 919 2391 981; x_wconf 87' lang='lat' dir='ltr'><strong>iudicamus,</strong></span> <span class='ocrx_word' id='word_1_98' title='bbox 2419 917 2561 987; x_wconf 90' lang='lat' dir='ltr'><strong>quod</strong></span> <span class='ocrx_word' id='word_1_99' title='bbox 2606 915 2721 970; x_wconf 82' lang='lat' dir='ltr'><strong>fieri</strong></span> <span class='ocrx_word' id='word_1_100' title='bbox 2763 916 2920 970; x_wconf 79' lang='lat' dir='ltr'><strong>facile</strong></span> <span class='ocrx_word' id='word_1_101' title='bbox 2957 918 3143 985; x_wconf 88' lang='lat' dir='ltr'><strong>possit,</strong></span> <span class='ocrx_word' id='word_1_102' title='bbox 3177 924 3234 969; x_wconf 91' lang='lat' dir='ltr'><strong>ut</strong></span> <span class='ocrx_word' id='word_1_103' title='bbox 3265 930 3384 985; x_wconf 81' lang='lat' dir='ltr'><strong>quae</strong></span> <span class='ocrx_word' id='word_1_104' title='bbox 3424 930 3453 968; x_wconf 89' lang='lat' dir='ltr'><strong>a</strong></span> <span class='ocrx_word' id='word_1_105' title='bbox 3490 916 3646 969; x_wconf 86' lang='lat' dir='ltr'><strong>nobis</strong></span> 
     </span>
    </p>
   </div>
   <div class='ocr_carea' id='block_1_9' title="bbox 358 1005 3641 1080">
    <p class='ocr_par' dir='ltr' id='par_1_9' title="bbox 358 1005 3641 1080">
     <span class='ocr_line' id='line_1_9' title="bbox 358 1005 3641 1080; baseline 0.001 -22"><span class='ocrx_word' id='word_1_106' title='bbox 358 1005 640 1074; x_wconf 76' lang='lat' dir='ltr'><strong>gressione.</strong></span> <span class='ocrx_word' id='word_1_107' title='bbox 710 1007 1045 1078; x_wconf 74' lang='lat' dir='ltr'><strong>allegorice</strong></span> <span class='ocrx_word' id='word_1_108' title='bbox 1090 1024 1274 1066; x_wconf 89' lang='lat' dir='ltr'><strong>omnes</strong></span> <span class='ocrx_word' id='word_1_109' title='bbox 1322 1013 1733 1080; x_wconf 88' lang='lat' dir='ltr'><strong>interpretatur,</strong></span> <span class='ocrx_word' id='word_1_110' title='bbox 1774 1030 1839 1069; x_wconf 91' lang='lat' dir='ltr'><strong>ac</strong></span> <span class='ocrx_word' id='word_1_111' title='bbox 1895 1029 1961 1069; x_wconf 89' lang='lat' dir='ltr'><strong>ea</strong></span> <span class='ocrx_word' id='word_1_112' title='bbox 2063 1011 2224 1075; x_wconf 85' lang='lat' dir='ltr'><strong>levia,</strong></span> <span class='ocrx_word' id='word_1_113' title='bbox 2255 1011 2443 1064; x_wconf 90' lang='lat' dir='ltr'><strong>eadem</strong></span> <span class='ocrx_word' id='word_1_114' title='bbox 2494 1010 2561 1064; x_wconf 89' lang='lat' dir='ltr'><strong>ab</strong></span> <span class='ocrx_word' id='word_1_115' title='bbox 2592 1008 2862 1079; x_wconf 89' lang='lat' dir='ltr'><strong>aliquibus</strong></span> <span class='ocrx_word' id='word_1_116' title='bbox 2894 1009 3078 1074; x_wconf 81' lang='lat' dir='ltr'><strong>gravia</strong></span> <span class='ocrx_word' id='word_1_117' title='bbox 3132 1008 3455 1061; x_wconf 86' lang='lat' dir='ltr'><strong>habeantur.</strong></span> <span class='ocrx_word' id='word_1_118' title='bbox 3505 1007 3641 1061; x_wconf 91' lang='lat' dir='ltr'><strong>Illud</strong></span> 
     </span>
    </p>
   </div>
   <div class='ocr_carea' id='block_1_10' title="bbox 370 1097 3644 1173">
    <p class='ocr_par' dir='ltr' id='par_1_10' title="bbox 370 1097 3644 1173">
     <span class='ocr_line' id='line_1_10' title="bbox 370 1097 3644 1173; baseline 0.001 -22"><span class='ocrx_word' id='word_1_119' title='bbox 370 1097 573 1152; x_wconf 64' lang='lat' dir='ltr'><strong>iurasse</strong></span> <span class='ocrx_word' id='word_1_120' title='bbox 605 1099 665 1152; x_wconf 88' lang='lat' dir='ltr'><strong>in</strong></span> <span class='ocrx_word' id='word_1_121' title='bbox 703 1101 1123 1170; x_wconf 88' lang='lat' dir='ltr'><strong>compendium</strong></span> <span class='ocrx_word' id='word_1_122' title='bbox 1162 1102 1373 1173; x_wconf 83' lang='lat' dir='ltr'><strong>redigit,</strong></span> <span class='ocrx_word' id='word_1_123' title='bbox 1410 1118 1529 1173; x_wconf 71' lang='lat' dir='ltr'><strong>qure</strong></span> <span class='ocrx_word' id='word_1_124' title='bbox 1564 1104 1617 1157; x_wconf 92' lang='lat' dir='ltr'><strong>in</strong></span> <span class='ocrx_word' id='word_1_125' title='bbox 1650 1104 1756 1158; x_wconf 85' lang='lat' dir='ltr'><strong>illis</strong></span> <span class='ocrx_word' id='word_1_126' title='bbox 1782 1104 1964 1172; x_wconf 71' lang='lat' dir='ltr'><strong>expla-</strong></span> <span class='ocrx_word' id='word_1_127' title='bbox 2065 1118 2193 1157; x_wconf 90' lang='lat' dir='ltr'><strong>vero</strong></span> <span class='ocrx_word' id='word_1_128' title='bbox 2209 1101 2423 1156; x_wconf 79' lang='lat' dir='ltr'><strong>dilliteri</strong></span> <span class='ocrx_word' id='word_1_129' title='bbox 2456 1117 2614 1156; x_wconf 88' lang='lat' dir='ltr'><strong>nemo</strong></span> <span class='ocrx_word' id='word_1_130' title='bbox 2641 1111 2837 1169; x_wconf 85' lang='lat' dir='ltr'><strong>potest,</strong></span> <span class='ocrx_word' id='word_1_131' title='bbox 2860 1102 2996 1155; x_wconf 90' lang='lat' dir='ltr'><strong>duos</strong></span> <span class='ocrx_word' id='word_1_132' title='bbox 3010 1101 3199 1156; x_wconf 89' lang='lat' dir='ltr'><strong>saltem</strong></span> <span class='ocrx_word' id='word_1_133' title='bbox 3218 1116 3286 1154; x_wconf 82' lang='lat' dir='ltr'><strong>ex</strong></span> <span class='ocrx_word' id='word_1_134' title='bbox 3318 1100 3644 1169; x_wconf 87' lang='lat' dir='ltr'><strong>apocryphis</strong></span> 
     </span>
    </p>
   </div>
   <div class='ocr_carea' id='block_1_11' title="bbox 383 1190 3642 1265">
    <p class='ocr_par' dir='ltr' id='par_1_11' title="bbox 383 1190 3642 1265">
     <span class='ocr_line' id='line_1_11' title="bbox 383 1190 3642 1265; baseline 0.001 -22"><span class='ocrx_word' id='word_1_135' title='bbox 383 1191 657 1244; x_wconf 74' lang='lat' dir='ltr'><strong>nationibus</strong></span> <span class='ocrx_word' id='word_1_136' title='bbox 684 1191 884 1247; x_wconf 79' lang='lat' dir='ltr'><strong>fusius</strong></span> <span class='ocrx_word' id='word_1_137' title='bbox 908 1194 1243 1248; x_wconf 87' lang='lat' dir='ltr'><strong>disseruerat</strong></span> <span class='ocrx_word' id='word_1_138' title='bbox 1272 1212 1286 1249; x_wconf 90' lang='lat'><strong>:</strong></span> <span class='ocrx_word' id='word_1_139' title='bbox 1319 1194 1445 1248; x_wconf 83' lang='lat' dir='ltr'><strong>alibi</strong></span> <span class='ocrx_word' id='word_1_140' title='bbox 1476 1210 1604 1249; x_wconf 89' lang='lat' dir='ltr'><strong>vero</strong></span> <span class='ocrx_word' id='word_1_141' title='bbox 1631 1197 1828 1265; x_wconf 67' lang='lat' dir='ltr'><strong>saepius</strong></span> <span class='ocrx_word' id='word_1_142' title='bbox 1856 1195 1961 1248; x_wconf 90' lang='lat' dir='ltr'><strong>alia</strong></span> <span class='ocrx_word' id='word_1_143' title='bbox 2072 1196 2286 1250; x_wconf 76' lang='lat' dir='ltr'><strong>Veteris</strong></span> <span class='ocrx_word' id='word_1_144' title='bbox 2325 1193 2655 1249; x_wconf 84' lang='lat' dir='ltr'><strong>Testamenti</strong></span> <span class='ocrx_word' id='word_1_145' title='bbox 2701 1194 2855 1248; x_wconf 82' lang='lat' dir='ltr'><strong>libris</strong></span> <span class='ocrx_word' id='word_1_146' title='bbox 2898 1195 2965 1247; x_wconf 86' lang='lat' dir='ltr'><strong>ab</strong></span> <span class='ocrx_word' id='word_1_147' title='bbox 2994 1194 3112 1263; x_wconf 91' lang='lat' dir='ltr'><strong>ipso</strong></span> <span class='ocrx_word' id='word_1_148' title='bbox 3143 1193 3325 1256; x_wconf 88' lang='lat' dir='ltr'><strong>citari,</strong></span> <span class='ocrx_word' id='word_1_149' title='bbox 3360 1192 3551 1247; x_wconf 91' lang='lat' dir='ltr'><strong>librum</strong></span> <span class='ocrx_word' id='word_1_150' title='bbox 3576 1190 3642 1246; x_wconf 92' lang='lat' dir='ltr'><strong>Ill</strong></span> 
     </span>
    </p>
   </div>
   <div class='ocr_carea' id='block_1_12' title="bbox 386 1281 3641 1356">
    <p class='ocr_par' dir='ltr' id='par_1_12' title="bbox 386 1281 3641 1356">
     <span class='ocr_line' id='line_1_12' title="bbox 386 1281 3641 1356; baseline 0.001 -21"><span class='ocrx_word' id='word_1_151' title='bbox 386 1282 572 1336; x_wconf 77' lang='lat' dir='ltr'><strong>Veteris</strong></span> <span class='ocrx_word' id='word_1_152' title='bbox 598 1281 964 1338; x_wconf 84' lang='lat' dir='ltr'><strong>Testamenti</strong></span> <span class='ocrx_word' id='word_1_153' title='bbox 991 1284 1109 1338; x_wconf 88' lang='lat' dir='ltr'><strong>loca</strong></span> <span class='ocrx_word' id='word_1_154' title='bbox 1139 1285 1422 1355; x_wconf 78' lang='lat' dir='ltr'><strong>allegorice</strong></span> <span class='ocrx_word' id='word_1_155' title='bbox 1444 1286 1682 1354; x_wconf 79' lang='lat' dir='ltr'><strong>exponit.</strong></span> <span class='ocrx_word' id='word_1_156' title='bbox 1714 1287 1959 1350; x_wconf 83' lang='lat' dir='ltr'><strong>Demunt,</strong></span> <span class='ocrx_word' id='word_1_157' title='bbox 2063 1288 2264 1353; x_wconf 76' lang='lat' dir='ltr'><strong>Esdrzr,</strong></span> <span class='ocrx_word' id='word_1_158' title='bbox 2295 1303 2346 1356; x_wconf 93' lang='lat' dir='ltr'><strong>p.</strong></span> <span class='ocrx_word' id='word_1_159' title='bbox 2369 1286 2493 1349; x_wconf 67' lang='lat'><strong>294,</strong></span> <span class='ocrx_word' id='word_1_160' title='bbox 2521 1294 2575 1341; x_wconf 92' lang='lat' dir='ltr'><strong>et</strong></span> <span class='ocrx_word' id='word_1_161' title='bbox 2592 1287 2891 1342; x_wconf 89' lang='lat' dir='ltr'><strong>orationem</strong></span> <span class='ocrx_word' id='word_1_162' title='bbox 2906 1285 3189 1345; x_wconf 73' lang='lat' dir='ltr'><strong>Manassis.</strong></span> <span class='ocrx_word' id='word_1_163' title='bbox 3221 1300 3273 1353; x_wconf 92' lang='lat' dir='ltr'><strong>p.</strong></span> <span class='ocrx_word' id='word_1_164' title='bbox 3303 1284 3407 1340; x_wconf 79' lang='lat'><strong>599</strong></span> <span class='ocrx_word' id='word_1_165' title='bbox 3435 1293 3489 1339; x_wconf 92' lang='lat' dir='ltr'><strong>et</strong></span> <span class='ocrx_word' id='word_1_166' title='bbox 3516 1284 3641 1338; x_wconf 76' lang='grc'><strong>4⁸54.</strong></span> 
     </span>
    </p>
   </div>
   <div class='ocr_carea' id='block_1_13' title="bbox 385 1373 3645 1449">
    <p class='ocr_par' dir='ltr' id='par_1_13' title="bbox 385 1373 3645 1449">
     <span class='ocr_line' id='line_1_13' title="bbox 385 1373 3645 1449; baseline 0.001 -23"><span class='ocrx_word' id='word_1_167' title='bbox 385 1384 433 1426; x_wconf 89' lang='grc' dir='ltr'><strong>ιιι</strong></span> <span class='ocrx_word' id='word_1_168' title='bbox 478 1374 527 1427; x_wconf 90' lang='lat' dir='ltr'><strong>in</strong></span> <span class='ocrx_word' id='word_1_169' title='bbox 563 1373 841 1446; x_wconf 80' lang='lat' dir='ltr'><strong>Didymo,</strong></span> <span class='ocrx_word' id='word_1_170' title='bbox 882 1376 962 1430; x_wconf 92' lang='lat' dir='ltr'><strong>ita</strong></span> <span class='ocrx_word' id='word_1_171' title='bbox 999 1385 1053 1430; x_wconf 92' lang='lat' dir='ltr'><strong>et</strong></span> <span class='ocrx_word' id='word_1_172' title='bbox 1086 1376 1141 1431; x_wconf 92' lang='lat' dir='ltr'><strong>in</strong></span> <span class='ocrx_word' id='word_1_173' title='bbox 1185 1385 1405 1431; x_wconf 86' lang='lat' dir='ltr'><strong>auctore</strong></span> <span class='ocrx_word' id='word_1_174' title='bbox 1436 1388 1624 1433; x_wconf 90' lang='lat' dir='ltr'><strong>nostro</strong></span> <span class='ocrx_word' id='word_1_175' title='bbox 1670 1392 1958 1448; x_wconf 77' lang='lat' dir='ltr'><strong>perpauca,</strong></span> <span class='ocrx_word' id='word_1_176' title='bbox 2134 1382 2204 1436; x_wconf 82' lang='lat' dir='ltr'><strong>At</strong></span> <span class='ocrx_word' id='word_1_177' title='bbox 2229 1381 2427 1437; x_wconf 88' lang='lat' dir='ltr'><strong>similia</strong></span> <span class='ocrx_word' id='word_1_178' title='bbox 2463 1379 2619 1448; x_wconf 86' lang='lat' dir='ltr'><strong>plane</strong></span> <span class='ocrx_word' id='word_1_179' title='bbox 2644 1379 2698 1432; x_wconf 92' lang='lat' dir='ltr'><strong>in</strong></span> <span class='ocrx_word' id='word_1_180' title='bbox 2740 1378 2965 1449; x_wconf 89' lang='lat' dir='ltr'><strong>Didymo</strong></span> <span class='ocrx_word' id='word_1_181' title='bbox 2992 1377 3156 1431; x_wconf 89' lang='lat' dir='ltr'><strong>etiam</strong></span> <span class='ocrx_word' id='word_1_182' title='bbox 3184 1377 3380 1444; x_wconf 88' lang='lat' dir='ltr'><strong>reperi.</strong></span> <span class='ocrx_word' id='word_1_183' title='bbox 3412 1376 3469 1431; x_wconf 89' lang='lat' dir='ltr'><strong>In</strong></span> <span class='ocrx_word' id='word_1_184' title='bbox 3504 1376 3645 1430; x_wconf 87' lang='lat' dir='ltr'><strong>libro</strong></span> 
     </span>
    </p>
   </div>
   <div class='ocr_carea' id='block_1_14' title="bbox 380 1464 3638 1544">
    <p class='ocr_par' dir='ltr' id='par_1_14' title="bbox 380 1464 3638 1544">
     <span class='ocr_line' id='line_1_14' title="bbox 380 1464 3638 1544; baseline 0.001 -26"><span class='ocrx_word' id='word_1_185' title='bbox 380 1466 430 1519; x_wconf 93' lang='lat' dir='ltr'><strong>ni</strong></span> <span class='ocrx_word' id='word_1_186' title='bbox 460 1467 633 1531; x_wconf 82' lang='lat' dir='ltr'><strong>fallor,</strong></span> <span class='ocrx_word' id='word_1_187' title='bbox 663 1477 977 1523; x_wconf 88' lang='lat' dir='ltr'><strong>occurrunt</strong></span> <span class='ocrx_word' id='word_1_188' title='bbox 1008 1467 1141 1524; x_wconf 82' lang='lat' dir='ltr'><strong>Novi</strong></span> <span class='ocrx_word' id='word_1_189' title='bbox 1173 1468 1500 1525; x_wconf 87' lang='lat' dir='ltr'><strong>Tcstamenti</strong></span> <span class='ocrx_word' id='word_1_190' title='bbox 1529 1469 1644 1525; x_wconf 88' lang='lat' dir='ltr'><strong>loca</strong></span> <span class='ocrx_word' id='word_1_191' title='bbox 1674 1470 1963 1542; x_wconf 87' lang='lat' dir='ltr'><strong>allegorice</strong></span> <span class='ocrx_word' id='word_1_192' title='bbox 2062 1476 2277 1544; x_wconf 84' lang='lat' dir='ltr'><strong>quidem</strong></span> <span class='ocrx_word' id='word_1_193' title='bbox 2314 1472 2387 1527; x_wconf 91' lang='lat' dir='ltr'><strong>De</strong></span> <span class='ocrx_word' id='word_1_194' title='bbox 2414 1470 2618 1539; x_wconf 81' lang='lat' dir='ltr'><strong>Spiritu</strong></span> <span class='ocrx_word' id='word_1_195' title='bbox 2645 1480 2825 1525; x_wconf 89' lang='lat' dir='ltr'><strong>sancto</strong></span> <span class='ocrx_word' id='word_1_196' title='bbox 2853 1464 3190 1540; x_wconf 80' lang='lat' dir='ltr'><strong>gravissimis</strong></span> <span class='ocrx_word' id='word_1_197' title='bbox 3219 1467 3638 1524; x_wconf 84' lang='lat' dir='ltr'><strong>Macedonianos</strong></span> 
     </span>
    </p>
   </div>
   <div class='ocr_carea' id='block_1_15' title="bbox 377 1557 3634 1637">
    <p class='ocr_par' dir='ltr' id='par_1_15' title="bbox 377 1557 3634 1637">
     <span class='ocr_line' id='line_1_15' title="bbox 377 1557 3634 1637; baseline -0.005 -9"><span class='ocrx_word' id='word_1_198' title='bbox 377 1557 679 1627; x_wconf 68' lang='grc' dir='ltr'>ειριιωιε.</span> <span class='ocrx_word' id='word_1_199' title='bbox 2068 1565 2348 1637; x_wconf 82' lang='lat' dir='ltr'><strong>redarguit</strong></span> <span class='ocrx_word' id='word_1_200' title='bbox 2412 1563 2735 1628; x_wconf 85' lang='lat' dir='ltr'><strong>rationibus,</strong></span> <span class='ocrx_word' id='word_1_201' title='bbox 2795 1572 2959 1632; x_wconf 88' lang='lat' dir='ltr'><strong>atque</strong></span> <span class='ocrx_word' id='word_1_202' title='bbox 3018 1562 3094 1614; x_wconf 85' lang='lat' dir='ltr'><strong>ita</strong></span> <span class='ocrx_word' id='word_1_203' title='bbox 3164 1560 3459 1630; x_wconf 75' lang='lat' dir='ltr'><strong>Scripturte</strong></span> <span class='ocrx_word' id='word_1_204' title='bbox 3519 1560 3634 1614; x_wconf 88' lang='lat' dir='ltr'><strong>loca</strong></span> 
     </span>
    </p>
   </div>
   <div class='ocr_carea' id='block_1_16' title="bbox 453 1648 3639 1727">
    <p class='ocr_par' dir='ltr' id='par_1_16' title="bbox 453 1648 3639 1727">
     <span class='ocr_line' id='line_1_16' title="bbox 453 1648 3639 1727; baseline 0 -25"><span class='ocrx_word' id='word_1_205' title='bbox 453 1649 680 1715; x_wconf 84' lang='lat' dir='ltr'><strong>Verum,</strong></span> <span class='ocrx_word' id='word_1_206' title='bbox 713 1651 864 1719; x_wconf 88' lang='lat' dir='ltr'><strong>quod</strong></span> <span class='ocrx_word' id='word_1_207' title='bbox 907 1651 1081 1723; x_wconf 88' lang='lat' dir='ltr'><strong>magis</strong></span> <span class='ocrx_word' id='word_1_208' title='bbox 1108 1653 1403 1707; x_wconf 89' lang='lat' dir='ltr'><strong>notandum</strong></span> <span class='ocrx_word' id='word_1_209' title='bbox 1448 1660 1555 1717; x_wconf 88' lang='lat' dir='ltr'><strong>est,</strong></span> <span class='ocrx_word' id='word_1_210' title='bbox 1586 1653 1763 1708; x_wconf 65' lang='lat' dir='ltr'><strong>multae</strong></span> <span class='ocrx_word' id='word_1_211' title='bbox 1792 1653 1846 1707; x_wconf 90' lang='lat' dir='ltr'><strong>in</strong></span> <span class='ocrx_word' id='word_1_212' title='bbox 1879 1655 1961 1709; x_wconf 89' lang='lat' dir='ltr'><strong>his</strong></span> <span class='ocrx_word' id='word_1_213' title='bbox 2062 1659 2261 1727; x_wconf 81' lang='lat' dir='ltr'><strong>ubique</strong></span> <span class='ocrx_word' id='word_1_214' title='bbox 2289 1656 2399 1711; x_wconf 89' lang='lat' dir='ltr'><strong>fere</strong></span> <span class='ocrx_word' id='word_1_215' title='bbox 2436 1656 2657 1724; x_wconf 80' lang='lat' dir='ltr'><strong>exponit</strong></span> <span class='ocrx_word' id='word_1_216' title='bbox 2692 1663 2750 1707; x_wconf 91' lang='lat' dir='ltr'><strong>ut</strong></span> <span class='ocrx_word' id='word_1_217' title='bbox 2796 1652 3104 1723; x_wconf 83' lang='lat' dir='ltr'><strong>theologum</strong></span> <span class='ocrx_word' id='word_1_218' title='bbox 3144 1652 3318 1706; x_wconf 89' lang='lat' dir='ltr'><strong>decet.</strong></span> <span class='ocrx_word' id='word_1_219' title='bbox 3361 1648 3639 1722; x_wconf 77' lang='lat' dir='ltr'><strong>[XXVIII]</strong></span> 
     </span>
    </p>
   </div>
   <div class='ocr_carea' id='block_1_17' title="bbox 378 1740 3638 1818">
    <p class='ocr_par' dir='ltr' id='par_1_17' title="bbox 378 1740 3638 1818">
     <span class='ocr_line' id='line_1_17' title="bbox 378 1740 3638 1818; baseline -0 -23"><span class='ocrx_word' id='word_1_220' title='bbox 378 1740 457 1795; x_wconf 82' lang='lat' dir='ltr'><strong>De</strong></span> <span class='ocrx_word' id='word_1_221' title='bbox 491 1740 763 1797; x_wconf 85' lang='lat' dir='ltr'><strong>Triaitate</strong></span> <span class='ocrx_word' id='word_1_222' title='bbox 794 1744 949 1799; x_wconf 89' lang='lat' dir='ltr'><strong>libris</strong></span> <span class='ocrx_word' id='word_1_223' title='bbox 972 1756 1268 1799; x_wconf 82' lang='lat' dir='ltr'><strong>occurrunt</strong></span> <span class='ocrx_word' id='word_1_224' title='bbox 1293 1756 1533 1799; x_wconf 81' lang='lat' dir='ltr'><strong>textuum</strong></span> <span class='ocrx_word' id='word_1_225' title='bbox 1557 1745 1848 1815; x_wconf 62' lang='lat' dir='ltr'><strong>Scriptura</strong></span> <span class='ocrx_word' id='word_1_226' title='bbox 1873 1747 1958 1799; x_wconf 83' lang='lat' dir='ltr'><strong>in-</strong></span> <span class='ocrx_word' id='word_1_227' title='bbox 1994 1810 2028 1818; x_wconf 92' lang='lat'><em>_</em></span> <span class='ocrx_word' id='word_1_228' title='bbox 2065 1750 2171 1805; x_wconf 87' lang='lat' dir='ltr'><strong>Sed</strong></span> <span class='ocrx_word' id='word_1_229' title='bbox 2199 1747 2505 1818; x_wconf 80' lang='lat' dir='ltr'><strong>explicatio,</strong></span> <span class='ocrx_word' id='word_1_230' title='bbox 2544 1761 2703 1814; x_wconf 87' lang='lat' dir='ltr'><strong>quam</strong></span> <span class='ocrx_word' id='word_1_231' title='bbox 2736 1760 2886 1797; x_wconf 91' lang='lat' dir='ltr'><strong>num.</strong></span> <span class='ocrx_word' id='word_1_232' title='bbox 2918 1743 2988 1798; x_wconf 86' lang='lat'><strong>50</strong></span> <span class='ocrx_word' id='word_1_233' title='bbox 3013 1743 3236 1797; x_wconf 86' lang='lat' dir='ltr'><strong>adhibet</strong></span> <span class='ocrx_word' id='word_1_234' title='bbox 3260 1742 3442 1796; x_wconf 78' lang='lat' dir='ltr'><strong>verbis</strong></span> <span class='ocrx_word' id='word_1_235' title='bbox 3467 1741 3638 1805; x_wconf 64' lang='lat' dir='ltr'><strong>Isaiae,</strong></span> 
     </span>
    </p>
   </div>
   <div class='ocr_carea' id='block_1_18' title="bbox 380 1810 3640 1911">
    <p class='ocr_par' dir='ltr' id='par_1_18' title="bbox 380 1810 3640 1911">
     <span class='ocr_line' id='line_1_18' title="bbox 380 1810 3640 1911; baseline 0.001 -30"><span class='ocrx_word' id='word_1_236' title='bbox 380 1835 831 1901; x_wconf 84' lang='lat' dir='ltr'><strong>terpretationes,</strong></span> <span class='ocrx_word' id='word_1_237' title='bbox 866 1851 1002 1907; x_wconf 90' lang='lat' dir='ltr'><strong>quas</strong></span> <span class='ocrx_word' id='word_1_238' title='bbox 1031 1837 1075 1889; x_wconf 89' lang='lat' dir='ltr'><strong>si</strong></span> <span class='ocrx_word' id='word_1_239' title='bbox 1108 1852 1230 1890; x_wconf 87' lang='lat' dir='ltr'><strong>cum</strong></span> <span class='ocrx_word' id='word_1_240' title='bbox 1262 1837 1328 1892; x_wconf 91' lang='lat' dir='ltr'><strong>iis</strong></span> <span class='ocrx_word' id='word_1_241' title='bbox 1359 1810 1734 1910; x_wconf 80' lang='lat' dir='ltr'><strong>comparemus</strong></span> <span class='ocrx_word' id='word_1_242' title='bbox 1760 1857 1878 1911; x_wconf 70' lang='lat' dir='ltr'><strong>qua:</strong></span> <span class='ocrx_word' id='word_1_243' title='bbox 1905 1843 1957 1897; x_wconf 90' lang='lat' dir='ltr'><strong>in</strong></span> <span class='ocrx_word' id='word_1_244' title='bbox 1992 1810 2035 1865; x_wconf 73' lang='grc' dir='ltr'><strong>Β</strong></span> <span class='ocrx_word' id='word_1_245' title='bbox 2061 1810 2393 1910; x_wconf 63' lang='grc' dir='ltr'><strong>ϐοηρνεξιαηε</strong></span> <span class='ocrx_word' id='word_1_246' title='bbox 2421 1810 2634 1891; x_wconf 62' lang='grc' dir='ltr'><strong>άεέειέω</strong></span> <span class='ocrx_word' id='word_1_247' title='bbox 2667 1834 2903 1903; x_wconf 77' lang='lat' dir='ltr'><strong>Moysem</strong></span> <span class='ocrx_word' id='word_1_248' title='bbox 2932 1833 3000 1898; x_wconf 78' lang='grc'><strong>⁸³,</strong></span> <span class='ocrx_word' id='word_1_249' title='bbox 3029 1834 3083 1887; x_wconf 90' lang='lat' dir='ltr'><strong>in</strong></span> <span class='ocrx_word' id='word_1_250' title='bbox 3114 1833 3312 1901; x_wconf 85' lang='lat' dir='ltr'><strong>quibus</strong></span> <span class='ocrx_word' id='word_1_251' title='bbox 3345 1830 3508 1885; x_wconf 85' lang='lat' dir='ltr'><strong>Mosis</strong></span> <span class='ocrx_word' id='word_1_252' title='bbox 3542 1846 3640 1885; x_wconf 91' lang='lat' dir='ltr'><strong>no-</strong></span> 
     </span>
    </p>
   </div>
   <div class='ocr_carea' id='block_1_19' title="bbox 376 1919 3637 2002">
    <p class='ocr_par' dir='ltr' id='par_1_19' title="bbox 376 1919 3637 2002">
     <span class='ocr_line' id='line_1_19' title="bbox 376 1919 3637 2002; baseline 0 -27"><span class='ocrx_word' id='word_1_253' title='bbox 376 1920 917 1993; x_wconf 83' lang='lat' dir='ltr'><strong>Didymoleguntur,</strong></span> <span class='ocrx_word' id='word_1_254' title='bbox 950 1926 1165 1981; x_wconf 86' lang='lat' dir='ltr'><strong>easdem</strong></span> <span class='ocrx_word' id='word_1_255' title='bbox 1196 1941 1317 1982; x_wconf 89' lang='lat' dir='ltr'><strong>esse</strong></span> <span class='ocrx_word' id='word_1_256' title='bbox 1353 1929 1678 1995; x_wconf 88' lang='lat' dir='ltr'><strong>invenimus,</strong></span> <span class='ocrx_word' id='word_1_257' title='bbox 1707 1940 1765 1985; x_wconf 88' lang='lat' dir='ltr'><strong>ut</strong></span> <span class='ocrx_word' id='word_1_258' title='bbox 1792 1933 1960 2002; x_wconf 90' lang='lat' dir='ltr'><strong>pluri-</strong></span> <span class='ocrx_word' id='word_1_259' title='bbox 2061 1933 2208 1987; x_wconf 89' lang='lat' dir='ltr'><strong>mine</strong></span> <span class='ocrx_word' id='word_1_260' title='bbox 2261 1930 2484 2001; x_wconf 82' lang='lat' dir='ltr'><strong>intelligi</strong></span> <span class='ocrx_word' id='word_1_261' title='bbox 2537 1929 2698 1986; x_wconf 89' lang='lat' dir='ltr'><strong>etiam</strong></span> <span class='ocrx_word' id='word_1_262' title='bbox 2752 1940 2912 1997; x_wconf 87' lang='lat' dir='ltr'><strong>posse</strong></span> <span class='ocrx_word' id='word_1_263' title='bbox 2964 1925 3041 1979; x_wconf 89' lang='lat' dir='ltr'><strong>ait</strong></span> <span class='ocrx_word' id='word_1_264' title='bbox 3090 1925 3266 1994; x_wconf 84' lang='lat' dir='ltr'><strong>legem</strong></span> <span class='ocrx_word' id='word_1_265' title='bbox 3318 1919 3637 1986; x_wconf 80' lang='lat' dir='ltr'><strong>Mosaicam,</strong></span> 
     </span>
    </p>
   </div>
   <div class='ocr_carea' id='block_1_20' title="bbox 376 2012 3639 2094">
    <p class='ocr_par' dir='ltr' id='par_1_20' title="bbox 376 2012 3639 2094">
     <span class='ocr_line' id='line_1_20' title="bbox 376 2012 3639 2094; baseline 0.001 -29"><span class='ocrx_word' id='word_1_266' title='bbox 376 2012 484 2066; x_wconf 87' lang='lat' dir='ltr'><strong>mis</strong></span> <span class='ocrx_word' id='word_1_267' title='bbox 514 2014 572 2065; x_wconf 87' lang='lat' dir='ltr'><strong>in</strong></span> <span class='ocrx_word' id='word_1_268' title='bbox 603 2015 750 2069; x_wconf 87' lang='lat' dir='ltr'><strong>notis</strong></span> <span class='ocrx_word' id='word_1_269' title='bbox 773 2017 976 2070; x_wconf 89' lang='lat' dir='ltr'><strong>monui.</strong></span> <span class='ocrx_word' id='word_1_270' title='bbox 1018 2015 1152 2070; x_wconf 82' lang='lat' dir='ltr'><strong>Nam</strong></span> <span class='ocrx_word' id='word_1_271' title='bbox 1203 2015 1243 2081; x_wconf 90' lang='grc' dir='ltr'>Ι,</span> <span class='ocrx_word' id='word_1_272' title='bbox 1300 2017 1466 2074; x_wconf 83' lang='lat' dir='ltr'><strong>Joelis</strong></span> <span class='ocrx_word' id='word_1_273' title='bbox 1515 2021 1697 2087; x_wconf 90' lang='lat' dir='ltr'><strong>verba,</strong></span> <span class='ocrx_word' id='word_1_274' title='bbox 1729 2024 1959 2094; x_wconf 83' lang='lat' dir='ltr'><strong>exempli</strong></span> <span class='ocrx_word' id='word_1_275' title='bbox 2060 2026 2204 2082; x_wconf 87' lang='lat' dir='ltr'><strong>haud</strong></span> <span class='ocrx_word' id='word_1_276' title='bbox 2229 2027 2343 2080; x_wconf 89' lang='lat' dir='ltr'><strong>scio</strong></span> <span class='ocrx_word' id='word_1_277' title='bbox 2370 2040 2437 2078; x_wconf 92' lang='lat' dir='ltr'><strong>an</strong></span> <span class='ocrx_word' id='word_1_278' title='bbox 2474 2022 2721 2093; x_wconf 89' lang='lat' dir='ltr'><strong>ejusdem</strong></span> <span class='ocrx_word' id='word_1_279' title='bbox 2755 2036 2875 2074; x_wconf 82' lang='lat' dir='ltr'><strong>cum</strong></span> <span class='ocrx_word' id='word_1_280' title='bbox 2910 2018 3124 2073; x_wconf 67' lang='lat' dir='ltr'><strong>caeteris</strong></span> <span class='ocrx_word' id='word_1_281' title='bbox 3168 2014 3639 2085; x_wconf 81' lang='lat' dir='ltr'><strong>interpretationi-</strong></span> 
     </span>
    </p>
   </div>
   <div class='ocr_carea' id='block_1_21' title="bbox 373 2103 3636 2185">
    <p class='ocr_par' dir='ltr' id='par_1_21' title="bbox 373 2103 3636 2185">
     <span class='ocr_line' id='line_1_21' title="bbox 373 2103 3636 2185; baseline 0.001 -29"><span class='ocrx_word' id='word_1_282' title='bbox 373 2105 577 2171; x_wconf 85' lang='lat' dir='ltr'><strong>gratia,</strong></span> <span class='ocrx_word' id='word_1_283' title='bbox 605 2103 900 2174; x_wconf 66' lang='lat' dir='ltr'><strong>Eﬂ&#39;undam</strong></span> <span class='ocrx_word' id='word_1_284' title='bbox 930 2107 993 2160; x_wconf 85' lang='lat' dir='ltr'><strong>de</strong></span> <span class='ocrx_word' id='word_1_285' title='bbox 1022 2108 1223 2177; x_wconf 85' lang='lat' dir='ltr'><strong>Spiritu</strong></span> <span class='ocrx_word' id='word_1_286' title='bbox 1258 2127 1369 2165; x_wconf 90' lang='lat' dir='ltr'><strong>meo</strong></span> <span class='ocrx_word' id='word_1_287' title='bbox 1401 2128 1556 2181; x_wconf 80' lang='lat' dir='ltr'><strong>super</strong></span> <span class='ocrx_word' id='word_1_288' title='bbox 1595 2130 1796 2169; x_wconf 87' lang='lat' dir='ltr'><strong>omnem</strong></span> <span class='ocrx_word' id='word_1_289' title='bbox 1834 2132 1958 2170; x_wconf 84' lang='lat' dir='ltr'><strong>car-</strong></span> <span class='ocrx_word' id='word_1_290' title='bbox 2059 2119 2161 2173; x_wconf 89' lang='lat' dir='ltr'><strong>bus</strong></span> <span class='ocrx_word' id='word_1_291' title='bbox 2215 2116 2287 2171; x_wconf 91' lang='lat' dir='ltr'><strong>sit</strong></span> <span class='ocrx_word' id='word_1_292' title='bbox 2314 2114 2615 2185; x_wconf 87' lang='lat' dir='ltr'><strong>gravitatis.</strong></span> <span class='ocrx_word' id='word_1_293' title='bbox 2658 2114 2737 2167; x_wconf 85' lang='lat' dir='ltr'><strong>Ac</strong></span> <span class='ocrx_word' id='word_1_294' title='bbox 2784 2111 2912 2166; x_wconf 90' lang='lat' dir='ltr'><strong>illud</strong></span> <span class='ocrx_word' id='word_1_295' title='bbox 2948 2122 3165 2180; x_wconf 83' lang='lat' dir='ltr'><strong>quoque</strong></span> <span class='ocrx_word' id='word_1_296' title='bbox 3214 2122 3320 2161; x_wconf 90' lang='lat' dir='ltr'><strong>non</strong></span> <span class='ocrx_word' id='word_1_297' title='bbox 3375 2105 3509 2162; x_wconf 88' lang='lat' dir='ltr'><strong>satis</strong></span> <span class='ocrx_word' id='word_1_298' title='bbox 3544 2106 3636 2159; x_wconf 80' lang='lat' dir='ltr'><strong>lir-</strong></span> 
     </span>
    </p>
   </div>
   <div class='ocr_carea' id='block_1_22' title="bbox 374 2198 1955 2276">
    <p class='ocr_par' dir='ltr' id='par_1_22' title="bbox 374 2198 1955 2276">
     <span class='ocr_line' id='line_1_22' title="bbox 374 2198 1955 2276; baseline 0.009 -27"><span class='ocrx_word' id='word_1_299' title='bbox 374 2198 563 2261; x_wconf 68' lang='lat' dir='ltr'><strong>nem’,</strong></span> <span class='ocrx_word' id='word_1_300' title='bbox 591 2200 785 2252; x_wconf 88' lang='lat' dir='ltr'><strong>eodem</strong></span> <span class='ocrx_word' id='word_1_301' title='bbox 814 2200 967 2253; x_wconf 91' lang='lat' dir='ltr'><strong>modo</strong></span> <span class='ocrx_word' id='word_1_302' title='bbox 1004 2200 1235 2271; x_wconf 74' lang='lat' dir='ltr'><strong>eXplicat</strong></span> <span class='ocrx_word' id='word_1_303' title='bbox 1258 2202 1520 2272; x_wconf 84' lang='lat' dir='ltr'><strong>Didymus</strong></span> <span class='ocrx_word' id='word_1_304' title='bbox 1544 2204 1638 2258; x_wconf 91' lang='lat' dir='ltr'><strong>lib.</strong></span> <span class='ocrx_word' id='word_1_305' title='bbox 1676 2205 1751 2259; x_wconf 89' lang='lat' dir='ltr'><strong>De</strong></span> <span class='ocrx_word' id='word_1_306' title='bbox 1773 2206 1867 2276; x_wconf 88' lang='lat' dir='ltr'><strong>Sp.</strong></span> <span class='ocrx_word' id='word_1_307' title='bbox 1896 2206 1955 2263; x_wconf 91' lang='lat' dir='ltr'><strong>S.</strong></span> 
     </span>
    </p>
   </div>
   <div class='ocr_carea' id='block_1_23' title="bbox 2059 2199 3634 2274">
    <p class='ocr_par' dir='ltr' id='par_1_23' title="bbox 2059 2199 3634 2274">
     <span class='ocr_line' id='line_1_23' title="bbox 2059 2199 3634 2274; baseline -0.008 -10"><span class='ocrx_word' id='word_1_308' title='bbox 2059 2225 2204 2264; x_wconf 93' lang='lat' dir='ltr'><strong>mum</strong></span> <span class='ocrx_word' id='word_1_309' title='bbox 2249 2209 2518 2262; x_wconf 88' lang='lat' dir='ltr'><strong>videbitur</strong></span> <span class='ocrx_word' id='word_1_310' title='bbox 2549 2206 2785 2274; x_wconf 84' lang='lat' dir='ltr'><strong>cuipiam</strong></span> <span class='ocrx_word' id='word_1_311' title='bbox 2833 2205 2976 2273; x_wconf 91' lang='lat' dir='ltr'><strong>quod</strong></span> <span class='ocrx_word' id='word_1_312' title='bbox 3025 2202 3104 2256; x_wconf 86' lang='lat' dir='ltr'><strong>ait</strong></span> <span class='ocrx_word' id='word_1_313' title='bbox 3138 2201 3189 2255; x_wconf 91' lang='lat' dir='ltr'><strong>in</strong></span> <span class='ocrx_word' id='word_1_314' title='bbox 3225 2199 3634 2255; x_wconf 82' lang='lat' dir='ltr'><strong>commentariis</strong></span> 
     </span>
    </p>
   </div>
   <div class='ocr_carea' id='block_1_24' title="bbox 375 2287 3635 2367">
    <p class='ocr_par' dir='ltr' id='par_1_24' title="bbox 375 2287 3635 2367">
     <span class='ocr_line' id='line_1_24' title="bbox 375 2287 3635 2367; baseline 0.002 -26"><span class='ocrx_word' id='word_1_315' title='bbox 375 2304 536 2343; x_wconf 85' lang='lat' dir='ltr'><strong>num.</strong></span> <span class='ocrx_word' id='word_1_316' title='bbox 570 2289 664 2352; x_wconf 87' lang='grc'><strong>11,</strong></span> <span class='ocrx_word' id='word_1_317' title='bbox 699 2305 763 2345; x_wconf 87' lang='lat' dir='ltr'><strong>ac</strong></span> <span class='ocrx_word' id='word_1_318' title='bbox 806 2291 1080 2362; x_wconf 89' lang='lat' dir='ltr'><strong>theologus</strong></span> <span class='ocrx_word' id='word_1_319' title='bbox 1117 2302 1299 2347; x_wconf 89' lang='lat' dir='ltr'><strong>noster</strong></span> <span class='ocrx_word' id='word_1_320' title='bbox 1342 2310 1465 2365; x_wconf 82' lang='lat' dir='ltr'><strong>pag.</strong></span> <span class='ocrx_word' id='word_1_321' title='bbox 1510 2297 1628 2350; x_wconf 89' lang='grc'>117.</span> <span class='ocrx_word' id='word_1_322' title='bbox 1662 2296 1723 2353; x_wconf 93' lang='lat' dir='ltr'><strong>ll.</strong></span> <span class='ocrx_word' id='word_1_323' title='bbox 1767 2299 1959 2355; x_wconf 69' lang='lat' dir='ltr'><strong>Psaltis</strong></span> <span class='ocrx_word' id='word_1_324' title='bbox 2058 2299 2123 2353; x_wconf 88' lang='lat' dir='ltr'><strong>ad</strong></span> <span class='ocrx_word' id='word_1_325' title='bbox 2171 2314 2288 2367; x_wconf 86' lang='lat' dir='ltr'><strong>cap.</strong></span> <span class='ocrx_word' id='word_1_326' title='bbox 2326 2296 2694 2359; x_wconf 80' lang='lat' dir='ltr'><strong>vnActorum,</strong></span> <span class='ocrx_word' id='word_1_327' title='bbox 2731 2304 2876 2348; x_wconf 86' lang='lat' dir='ltr'><strong>torno</strong></span> <span class='ocrx_word' id='word_1_328' title='bbox 2909 2293 2974 2346; x_wconf 92' lang='lat' dir='ltr'><strong>lV</strong></span> <span class='ocrx_word' id='word_1_329' title='bbox 3004 2292 3390 2345; x_wconf 87' lang='lat' dir='ltr'><strong>Anecdotorum</strong></span> <span class='ocrx_word' id='word_1_330' title='bbox 3428 2287 3635 2347; x_wconf 70' lang='lat' dir='ltr'><strong>Wollii.</strong></span> 
     </span>
    </p>
   </div>
   <div class='ocr_carea' id='block_1_25' title="bbox 377 2380 1961 2457">
    <p class='ocr_par' dir='ltr' id='par_1_25' title="bbox 377 2380 1961 2457">
     <span class='ocr_line' id='line_1_25' title="bbox 377 2380 1961 2457; baseline 0.009 -25"><span class='ocrx_word' id='word_1_331' title='bbox 377 2383 574 2443; x_wconf 75' lang='lat' dir='ltr'><strong>verba,</strong></span> <span class='ocrx_word' id='word_1_332' title='bbox 608 2380 889 2449; x_wconf 85' lang='lat' dir='ltr'><strong>Signatum</strong></span> <span class='ocrx_word' id='word_1_333' title='bbox 915 2396 988 2436; x_wconf 87' lang='lat' dir='ltr'><strong>est</strong></span> <span class='ocrx_word' id='word_1_334' title='bbox 1018 2400 1171 2455; x_wconf 88' lang='lat' dir='ltr'><strong>super</strong></span> <span class='ocrx_word' id='word_1_335' title='bbox 1194 2403 1287 2440; x_wconf 86' lang='lat' dir='ltr'><strong>nos</strong></span> <span class='ocrx_word' id='word_1_336' title='bbox 1316 2388 1488 2442; x_wconf 82' lang='lat' dir='ltr'><strong>lumen</strong></span> <span class='ocrx_word' id='word_1_337' title='bbox 1519 2392 1691 2446; x_wconf 81' lang='lat' dir='ltr'><strong>vultus</strong></span> <span class='ocrx_word' id='word_1_338' title='bbox 1721 2395 1819 2457; x_wconf 88' lang='lat' dir='ltr'><strong>tui,</strong></span> <span class='ocrx_word' id='word_1_339' title='bbox 1851 2395 1961 2446; x_wconf 86' lang='lat' dir='ltr'><strong>Do-</strong></span> 
     </span>
    </p>
   </div>
   <div class='ocr_carea' id='block_1_26' title="bbox 370 2473 1950 2558">
    <p class='ocr_par' dir='ltr' id='par_1_26' title="bbox 370 2473 1950 2558">
     <span class='ocr_line' id='line_1_26' title="bbox 370 2473 1950 2558; baseline 0.009 -33"><span class='ocrx_word' id='word_1_340' title='bbox 370 2473 523 2525; x_wconf 63' lang='lat' dir='ltr'><strong>mine</strong></span> <span class='ocrx_word' id='word_1_341' title='bbox 545 2473 592 2538; x_wconf 80' lang='grc'><strong>⁸,</strong></span> <span class='ocrx_word' id='word_1_342' title='bbox 623 2485 818 2529; x_wconf 78' lang='lat' dir='ltr'><strong>auctor</strong></span> <span class='ocrx_word' id='word_1_343' title='bbox 840 2486 1022 2529; x_wconf 88' lang='lat' dir='ltr'><strong>noster</strong></span> <span class='ocrx_word' id='word_1_344' title='bbox 1042 2480 1107 2532; x_wconf 88' lang='lat' dir='ltr'><strong>de</strong></span> <span class='ocrx_word' id='word_1_345' title='bbox 1140 2478 1342 2549; x_wconf 89' lang='lat' dir='ltr'><strong>Spiritu</strong></span> <span class='ocrx_word' id='word_1_346' title='bbox 1374 2491 1560 2536; x_wconf 88' lang='lat' dir='ltr'><strong>sancto</strong></span> <span class='ocrx_word' id='word_1_347' title='bbox 1584 2487 1805 2553; x_wconf 79' lang='lat' dir='ltr'><strong>exponit</strong></span> <span class='ocrx_word' id='word_1_348' title='bbox 1829 2500 1950 2558; x_wconf 88' lang='lat' dir='ltr'><strong>pag.</strong></span> 
     </span>
    </p>
   </div>
   <div class='ocr_carea' id='block_1_27' title="bbox 366 2565 1953 2646">
    <p class='ocr_par' dir='ltr' id='par_1_27' title="bbox 366 2565 1953 2646">
     <span class='ocr_line' id='line_1_27' title="bbox 366 2565 1953 2646; baseline 0.009 -29"><span class='ocrx_word' id='word_1_349' title='bbox 366 2565 508 2630; x_wconf 67' lang='lat'><strong>278,</strong></span> <span class='ocrx_word' id='word_1_350' title='bbox 540 2566 846 2636; x_wconf 88' lang='lat' dir='ltr'><strong>eademque</strong></span> <span class='ocrx_word' id='word_1_351' title='bbox 877 2571 1086 2625; x_wconf 88' lang='lat' dir='ltr'><strong>ratione</strong></span> <span class='ocrx_word' id='word_1_352' title='bbox 1119 2570 1208 2625; x_wconf 88' lang='lat' dir='ltr'><strong>illa</strong></span> <span class='ocrx_word' id='word_1_353' title='bbox 1245 2574 1458 2641; x_wconf 89' lang='lat' dir='ltr'><strong>accepit</strong></span> <span class='ocrx_word' id='word_1_354' title='bbox 1490 2574 1747 2645; x_wconf 84' lang='lat' dir='ltr'><strong>Didymus</strong></span> <span class='ocrx_word' id='word_1_355' title='bbox 1785 2576 1953 2646; x_wconf 93' lang='lat' dir='ltr'><strong>pluri-</strong></span> 
     </span>
    </p>
   </div>
   <div class='ocr_carea' id='block_1_28' title="bbox 370 2655 1955 2738">
    <p class='ocr_par' dir='ltr' id='par_1_28' title="bbox 370 2655 1955 2738">
     <span class='ocr_line' id='line_1_28' title="bbox 370 2655 1955 2738; baseline 0.011 -31"><span class='ocrx_word' id='word_1_356' title='bbox 370 2655 487 2709; x_wconf 79' lang='lat' dir='ltr'><strong>bus</strong></span> <span class='ocrx_word' id='word_1_357' title='bbox 522 2660 580 2710; x_wconf 90' lang='lat' dir='ltr'><strong>in</strong></span> <span class='ocrx_word' id='word_1_358' title='bbox 615 2657 770 2724; x_wconf 89' lang='lat' dir='ltr'><strong>locis,</strong></span> <span class='ocrx_word' id='word_1_359' title='bbox 798 2668 856 2714; x_wconf 90' lang='lat' dir='ltr'><strong>ut</strong></span> <span class='ocrx_word' id='word_1_360' title='bbox 886 2661 993 2717; x_wconf 84' lang='lat' dir='ltr'><strong>dixi</strong></span> <span class='ocrx_word' id='word_1_361' title='bbox 1022 2663 1221 2717; x_wconf 90' lang='lat' dir='ltr'><strong>ibidem</strong></span> <span class='ocrx_word' id='word_1_362' title='bbox 1252 2673 1364 2717; x_wconf 87' lang='lat' dir='ltr'><strong>not.</strong></span> <span class='ocrx_word' id='word_1_363' title='bbox 1394 2666 1447 2718; x_wconf 87' lang='lat'><strong>6.</strong></span> <span class='ocrx_word' id='word_1_364' title='bbox 1479 2663 1566 2719; x_wconf 85' lang='grc' dir='ltr'><strong>ΙΙΙ.</strong></span> <span class='ocrx_word' id='word_1_365' title='bbox 1594 2665 1691 2721; x_wconf 89' lang='lat' dir='ltr'><strong>Ubi</strong></span> <span class='ocrx_word' id='word_1_366' title='bbox 1720 2667 1955 2738; x_wconf 88' lang='lat' dir='ltr'><strong>Scripto-</strong></span> 
     </span>
    </p>
   </div>
   <div class='ocr_carea' id='block_1_29' title="bbox 366 2750 1955 2826">
    <p class='ocr_par' dir='ltr' id='par_1_29' title="bbox 366 2750 1955 2826">
     <span class='ocr_line' id='line_1_29' title="bbox 366 2750 1955 2826; baseline 0.01 -23"><span class='ocrx_word' id='word_1_367' title='bbox 366 2763 470 2804; x_wconf 78' lang='lat' dir='ltr'><strong>res</strong></span> <span class='ocrx_word' id='word_1_368' title='bbox 505 2750 724 2806; x_wconf 76' lang='lat' dir='ltr'><strong>Veteris</strong></span> <span class='ocrx_word' id='word_1_369' title='bbox 747 2753 1073 2811; x_wconf 86' lang='lat' dir='ltr'><strong>Testamenti</strong></span> <span class='ocrx_word' id='word_1_370' title='bbox 1106 2757 1377 2813; x_wconf 79' lang='lat' dir='ltr'><strong>brachium</strong></span> <span class='ocrx_word' id='word_1_371' title='bbox 1408 2760 1537 2826; x_wconf 88' lang='lat' dir='ltr'><strong>Dei,</strong></span> <span class='ocrx_word' id='word_1_372' title='bbox 1568 2772 1661 2815; x_wconf 89' lang='lat' dir='ltr'><strong>aut</strong></span> <span class='ocrx_word' id='word_1_373' title='bbox 1687 2762 1955 2819; x_wconf 72' lang='lat' dir='ltr'><strong>dexteram</strong></span> 
     </span>
    </p>
   </div>
   <div class='ocr_carea' id='block_1_30' title="bbox 370 2838 1951 2924">
    <p class='ocr_par' dir='ltr' id='par_1_30' title="bbox 370 2838 1951 2924">
     <span class='ocr_line' id='line_1_30' title="bbox 370 2838 1951 2924; baseline 0.013 -33"><span class='ocrx_word' id='word_1_374' title='bbox 370 2838 481 2893; x_wconf 86' lang='lat' dir='ltr'><strong>Dei</strong></span> <span class='ocrx_word' id='word_1_375' title='bbox 526 2842 835 2909; x_wconf 87' lang='lat' dir='ltr'><strong>nominant,</strong></span> <span class='ocrx_word' id='word_1_376' title='bbox 873 2846 1131 2918; x_wconf 82' lang='lat' dir='ltr'><strong>Didymus</strong></span> <span class='ocrx_word' id='word_1_377' title='bbox 1175 2847 1369 2904; x_wconf 87' lang='lat' dir='ltr'><strong>Filium</strong></span> <span class='ocrx_word' id='word_1_378' title='bbox 1422 2850 1512 2906; x_wconf 89' lang='lat' dir='ltr'><strong>Dei</strong></span> <span class='ocrx_word' id='word_1_379' title='bbox 1546 2854 1951 2924; x_wconf 88' lang='lat' dir='ltr'><strong>interpretatur,</strong></span> 
     </span>
    </p>
   </div>
   <div class='ocr_carea' id='block_1_31' title="bbox 2058 2374 3638 2461">
    <p class='ocr_par' dir='ltr' id='par_1_31' title="bbox 2058 2374 3638 2461">
     <span class='ocr_line' id='line_1_31' title="bbox 2058 2374 3638 2461; baseline -0.008 -16"><span class='ocrx_word' id='word_1_380' title='bbox 2058 2406 2250 2461; x_wconf 91' lang='lat' dir='ltr'><strong>nempe</strong></span> <span class='ocrx_word' id='word_1_381' title='bbox 2302 2374 2464 2444; x_wconf 86' lang='lat' dir='ltr'><strong>verba</strong></span> <span class='ocrx_word' id='word_1_382' title='bbox 2521 2386 2855 2450; x_wconf 88' lang='lat' dir='ltr'><strong>Salomonis,</strong></span> <span class='ocrx_word' id='word_1_383' title='bbox 2908 2400 3029 2455; x_wconf 63' lang='lat' dir='ltr'><strong>quae</strong></span> <span class='ocrx_word' id='word_1_384' title='bbox 3083 2390 3302 2437; x_wconf 81' lang='lat' dir='ltr'><strong>exstant</strong></span> <span class='ocrx_word' id='word_1_385' title='bbox 3343 2382 3397 2434; x_wconf 91' lang='lat' dir='ltr'><strong>iu</strong></span> <span class='ocrx_word' id='word_1_386' title='bbox 3441 2378 3638 2434; x_wconf 69' lang='lat' dir='ltr'><strong>Grmca</strong></span> 
     </span>
    </p>
   </div>
   <div class='ocr_carea' id='block_1_32' title="bbox 2059 2469 3634 2545">
    <p class='ocr_par' dir='ltr' id='par_1_32' title="bbox 2059 2469 3634 2545">
     <span class='ocr_line' id='line_1_32' title="bbox 2059 2469 3634 2545; baseline -0.008 -9"><span class='ocrx_word' id='word_1_387' title='bbox 2059 2480 2469 2536; x_wconf 86' lang='lat' dir='ltr'><strong>Proverbiorum</strong></span> <span class='ocrx_word' id='word_1_388' title='bbox 2518 2477 2869 2532; x_wconf 86' lang='lat' dir='ltr'><strong>translatione</strong></span> <span class='ocrx_word' id='word_1_389' title='bbox 2920 2490 3041 2545; x_wconf 91' lang='lat' dir='ltr'><strong>cap.</strong></span> <span class='ocrx_word' id='word_1_390' title='bbox 3073 2489 3127 2539; x_wconf 92' lang='lat' dir='ltr'><strong>v,</strong></span> <span class='ocrx_word' id='word_1_391' title='bbox 3187 2469 3270 2527; x_wconf 89' lang='lat' dir='ltr'><strong>Ne</strong></span> <span class='ocrx_word' id='word_1_392' title='bbox 3315 2472 3511 2525; x_wconf 87' lang='lat' dir='ltr'><strong>mullus</strong></span> <span class='ocrx_word' id='word_1_393' title='bbox 3560 2471 3634 2524; x_wconf 89' lang='lat' dir='ltr'><strong>sis</strong></span> 
     </span>
    </p>
   </div>
   <div class='ocr_carea' id='block_1_33' title="bbox 2058 2563 3631 2635">
    <p class='ocr_par' dir='ltr' id='par_1_33' title="bbox 2058 2563 3631 2635">
     <span class='ocr_line' id='line_1_33' title="bbox 2058 2563 3631 2635; baseline -0.004 -11"><span class='ocrx_word' id='word_1_394' title='bbox 2058 2588 2173 2626; x_wconf 87' lang='lat' dir='ltr'><strong>cum</strong></span> <span class='ocrx_word' id='word_1_395' title='bbox 2225 2571 2433 2635; x_wconf 88' lang='lat' dir='ltr'><strong>aliena,</strong></span> <span class='ocrx_word' id='word_1_396' title='bbox 2491 2570 2559 2624; x_wconf 90' lang='lat' dir='ltr'><strong>de</strong></span> <span class='ocrx_word' id='word_1_397' title='bbox 2609 2583 2778 2623; x_wconf 86' lang='lat' dir='ltr'><strong>uxore</strong></span> <span class='ocrx_word' id='word_1_398' title='bbox 2816 2569 3014 2622; x_wconf 89' lang='lat' dir='ltr'><strong>marito</strong></span> <span class='ocrx_word' id='word_1_399' title='bbox 3056 2565 3244 2633; x_wconf 88' lang='lat' dir='ltr'><strong>juncta</strong></span> <span class='ocrx_word' id='word_1_400' title='bbox 3298 2563 3473 2633; x_wconf 90' lang='lat' dir='ltr'><strong>accipi</strong></span> <span class='ocrx_word' id='word_1_401' title='bbox 3523 2577 3631 2619; x_wconf 88' lang='lat' dir='ltr'><strong>non</strong></span> 
     </span>
    </p>
   </div>
   <div class='ocr_carea' id='block_1_34' title="bbox 2057 2658 3633 2731">
    <p class='ocr_par' dir='ltr' id='par_1_34' title="bbox 2057 2658 3633 2731">
     <span class='ocr_line' id='line_1_34' title="bbox 2057 2658 3633 2731; baseline -0.006 -12"><span class='ocrx_word' id='word_1_402' title='bbox 2057 2677 2237 2731; x_wconf 88' lang='lat' dir='ltr'><strong>posse,</strong></span> <span class='ocrx_word' id='word_1_403' title='bbox 2264 2663 2357 2716; x_wconf 89' lang='lat' dir='ltr'><strong>sed</strong></span> <span class='ocrx_word' id='word_1_404' title='bbox 2389 2662 2455 2717; x_wconf 83' lang='lat' dir='ltr'><strong>de</strong></span> <span class='ocrx_word' id='word_1_405' title='bbox 2485 2661 2828 2716; x_wconf 90' lang='lat' dir='ltr'><strong>ethnicorum</strong></span> <span class='ocrx_word' id='word_1_406' title='bbox 2858 2660 3119 2729; x_wconf 87' lang='lat' dir='ltr'><strong>sapientia</strong></span> <span class='ocrx_word' id='word_1_407' title='bbox 3150 2658 3463 2727; x_wconf 86' lang='lat' dir='ltr'><strong>accipienda</strong></span> <span class='ocrx_word' id='word_1_408' title='bbox 3490 2662 3633 2711; x_wconf 84' lang='lat' dir='ltr'><strong>esse.</strong></span> 
     </span>
    </p>
   </div>
   <div class='ocr_carea' id='block_1_35' title="bbox 2054 2747 3636 2822">
    <p class='ocr_par' dir='ltr' id='par_1_35' title="bbox 2054 2747 3636 2822">
     <span class='ocr_line' id='line_1_35' title="bbox 2054 2747 3636 2822; baseline -0.004 -12"><span class='ocrx_word' id='word_1_409' title='bbox 2054 2754 2309 2810; x_wconf 84' lang='lat' dir='ltr'><strong>Levicula</strong></span> <span class='ocrx_word' id='word_1_410' title='bbox 2350 2765 2502 2809; x_wconf 87' lang='lat' dir='ltr'><strong>certe</strong></span> <span class='ocrx_word' id='word_1_411' title='bbox 2540 2763 2625 2807; x_wconf 89' lang='lat' dir='ltr'><strong>est</strong></span> <span class='ocrx_word' id='word_1_412' title='bbox 2671 2751 2962 2822; x_wconf 84' lang='lat' dir='ltr'><strong>explicatio</strong></span> <span class='ocrx_word' id='word_1_413' title='bbox 2994 2750 3082 2805; x_wconf 90' lang='lat' dir='ltr'><strong>illa</strong></span> <span class='ocrx_word' id='word_1_414' title='bbox 3139 2750 3452 2813; x_wconf 86' lang='lat' dir='ltr'><strong>verborum,</strong></span> <span class='ocrx_word' id='word_1_415' title='bbox 3503 2747 3636 2813; x_wconf 79' lang='lat' dir='ltr'><strong>Quis</strong></span> 
     </span>
    </p>
   </div>
   <div class='ocr_carea' id='block_1_36' title="bbox 2053 2838 3639 2911">
    <p class='ocr_par' dir='ltr' id='par_1_36' title="bbox 2053 2838 3639 2911">
     <span class='ocr_line' id='line_1_36' title="bbox 2053 2838 3639 2911; baseline -0.008 -9"><span class='ocrx_word' id='word_1_416' title='bbox 2053 2847 2280 2902; x_wconf 90' lang='lat' dir='ltr'><strong>ostendit</strong></span> <span class='ocrx_word' id='word_1_417' title='bbox 2303 2846 2447 2898; x_wconf 84' lang='lat' dir='ltr'><strong>nobis</strong></span> <span class='ocrx_word' id='word_1_418' title='bbox 2474 2844 2607 2898; x_wconf 88' lang='lat' dir='ltr'><strong>bona</strong></span> <span class='ocrx_word' id='word_1_419' title='bbox 2636 2842 2711 2896; x_wconf 69' lang='lat' dir='ltr'><strong>u*?</strong></span> <span class='ocrx_word' id='word_1_420' title='bbox 2730 2857 2890 2911; x_wconf 88' lang='lat' dir='ltr'><strong>quam</strong></span> <span class='ocrx_word' id='word_1_421' title='bbox 2933 2841 3035 2895; x_wconf 87' lang='lat' dir='ltr'><strong>etsi</strong></span> <span class='ocrx_word' id='word_1_422' title='bbox 3067 2855 3132 2895; x_wconf 82' lang='lat' dir='ltr'><strong>ex</strong></span> <span class='ocrx_word' id='word_1_423' title='bbox 3164 2838 3389 2894; x_wconf 88' lang='lat' dir='ltr'><strong>aliorum</strong></span> <span class='ocrx_word' id='word_1_424' title='bbox 3420 2849 3639 2892; x_wconf 85' lang='lat' dir='ltr'><strong>senten-</strong></span> 
     </span>
    </p>
   </div>
   <div class='ocr_carea' id='block_1_37' title="bbox 365 2930 1949 3009">
    <p class='ocr_par' dir='ltr' id='par_1_37' title="bbox 365 2933 1949 3009">
     <span class='ocr_line' id='line_1_37' title="bbox 365 2933 1949 3009; baseline 0.012 -25"><span class='ocrx_word' id='word_1_425' title='bbox 365 2943 436 2984; x_wconf 85' lang='lat' dir='ltr'><strong>nt</strong></span> <span class='ocrx_word' id='word_1_426' title='bbox 458 2933 583 2987; x_wconf 86' lang='lat' dir='ltr'><strong>dixi</strong></span> <span class='ocrx_word' id='word_1_427' title='bbox 617 2947 731 2990; x_wconf 91' lang='lat' dir='ltr'><strong>not.</strong></span> <span class='ocrx_word' id='word_1_428' title='bbox 763 2936 798 2991; x_wconf 88' lang='lat'><strong>6</strong></span> <span class='ocrx_word' id='word_1_429' title='bbox 842 2953 961 3009; x_wconf 88' lang='lat' dir='ltr'><strong>pag.</strong></span> <span class='ocrx_word' id='word_1_430' title='bbox 996 2942 1084 3000; x_wconf 73' lang='lat'><strong>15-.</strong></span> <span class='ocrx_word' id='word_1_431' title='bbox 1108 2941 1245 2995; x_wconf 93' lang='lat' dir='ltr'><strong>idem</strong></span> <span class='ocrx_word' id='word_1_432' title='bbox 1269 2958 1398 2998; x_wconf 88' lang='lat' dir='ltr'><strong>vero</strong></span> <span class='ocrx_word' id='word_1_433' title='bbox 1420 2943 1553 3000; x_wconf 90' lang='lat' dir='ltr'><strong>facit</strong></span> <span class='ocrx_word' id='word_1_434' title='bbox 1582 2947 1743 3001; x_wconf 91' lang='lat' dir='ltr'><strong>theol.</strong></span> <span class='ocrx_word' id='word_1_435' title='bbox 1773 2959 1949 3004; x_wconf 86' lang='lat' dir='ltr'><strong>noster</strong></span> 
     </span>
    </p>
   </div>
   <div class='ocr_carea' id='block_1_38' title="bbox 2049 2930 3636 3009">
    <p class='ocr_par' dir='ltr' id='par_1_38' title="bbox 2051 2930 3636 3005">
     <span class='ocr_line' id='line_1_38' title="bbox 2051 2930 3636 3005; baseline -0.006 -12"><span class='ocrx_word' id='word_1_436' title='bbox 2051 2940 2126 2994; x_wconf 89' lang='lat' dir='ltr'><strong>tia</strong></span> <span class='ocrx_word' id='word_1_437' title='bbox 2178 2937 2405 3003; x_wconf 81' lang='lat' dir='ltr'><strong>alferat,</strong></span> <span class='ocrx_word' id='word_1_438' title='bbox 2436 2952 2541 2991; x_wconf 93' lang='lat' dir='ltr'><strong>non</strong></span> <span class='ocrx_word' id='word_1_439' title='bbox 2585 2934 2790 3005; x_wconf 87' lang='lat' dir='ltr'><strong>respuit</strong></span> <span class='ocrx_word' id='word_1_440' title='bbox 2834 2945 3015 2988; x_wconf 88' lang='lat' dir='ltr'><strong>tamen</strong></span> <span class='ocrx_word' id='word_1_441' title='bbox 3052 2931 3104 2986; x_wconf 91' lang='lat' dir='ltr'><strong>in</strong></span> <span class='ocrx_word' id='word_1_442' title='bbox 3152 2931 3457 3001; x_wconf 81' lang='lat' dir='ltr'><strong>fragmento</strong></span> <span class='ocrx_word' id='word_1_443' title='bbox 3492 2930 3636 2999; x_wconf 89' lang='lat' dir='ltr'><strong>quod</strong></span> 
     </span>
    </p>
   </div>
   <div class='ocr_carea' id='block_1_39' title="bbox 364 3023 1955 3107">
    <p class='ocr_par' dir='ltr' id='par_1_39' title="bbox 364 3023 1955 3107">
     <span class='ocr_line' id='line_1_39' title="bbox 364 3023 1955 3107; baseline 0.009 -29"><span class='ocrx_word' id='word_1_444' title='bbox 364 3023 431 3078; x_wconf 81' lang='lat' dir='ltr'><strong>in</strong></span> <span class='ocrx_word' id='word_1_445' title='bbox 463 3026 664 3080; x_wconf 82' lang='lat' dir='ltr'><strong>eadem</strong></span> <span class='ocrx_word' id='word_1_446' title='bbox 702 3029 912 3097; x_wconf 81' lang='lat' dir='ltr'><strong>pagina.</strong></span> <span class='ocrx_word' id='word_1_447' title='bbox 946 3028 1035 3085; x_wconf 90' lang='lat' dir='ltr'><strong>IV.</strong></span> <span class='ocrx_word' id='word_1_448' title='bbox 1082 3031 1282 3087; x_wconf 87' lang='lat' dir='ltr'><strong>Christi</strong></span> <span class='ocrx_word' id='word_1_449' title='bbox 1312 3036 1474 3089; x_wconf 91' lang='lat' dir='ltr'><strong>verba</strong></span> <span class='ocrx_word' id='word_1_450' title='bbox 1495 3074 1510 3097; x_wconf 95' lang='lat'><strong>,</strong></span> <span class='ocrx_word' id='word_1_451' title='bbox 1554 3035 1672 3091; x_wconf 78' lang='lat' dir='ltr'><strong>Non</strong></span> <span class='ocrx_word' id='word_1_452' title='bbox 1701 3039 1816 3092; x_wconf 83' lang='lat' dir='ltr'><strong>veni</strong></span> <span class='ocrx_word' id='word_1_453' title='bbox 1858 3056 1955 3107; x_wconf 78' lang='lat' dir='ltr'><strong>pa-</strong></span> 
     </span>
    </p>
   </div>
   <div class='ocr_carea' id='block_1_40' title="bbox 2052 3020 3634 3101">
    <p class='ocr_par' dir='ltr' id='par_1_40' title="bbox 2052 3020 3634 3101">
     <span class='ocr_line' id='line_1_40' title="bbox 2052 3020 3634 3101; baseline -0.007 -15"><span class='ocrx_word' id='word_1_454' title='bbox 2052 3031 2193 3086; x_wconf 89' lang='lat' dir='ltr'><strong>edidi</strong></span> <span class='ocrx_word' id='word_1_455' title='bbox 2227 3045 2351 3101; x_wconf 87' lang='lat' dir='ltr'><strong>pag.</strong></span> <span class='ocrx_word' id='word_1_456' title='bbox 2394 3028 2521 3093; x_wconf 89' lang='lat'><strong>278,</strong></span> <span class='ocrx_word' id='word_1_457' title='bbox 2570 3037 2685 3083; x_wconf 90' lang='lat' dir='ltr'><strong>not.</strong></span> <span class='ocrx_word' id='word_1_458' title='bbox 2719 3026 2753 3080; x_wconf 90' lang='lat'><strong>6</strong></span> <span class='ocrx_word' id='word_1_459' title='bbox 2823 3024 3203 3080; x_wconf 86' lang='lat' dir='ltr'><strong>Leviusculum</strong></span> <span class='ocrx_word' id='word_1_460' title='bbox 3234 3023 3418 3077; x_wconf 90' lang='lat' dir='ltr'><strong>itidem</strong></span> <span class='ocrx_word' id='word_1_461' title='bbox 3461 3020 3634 3075; x_wconf 84' lang='lat' dir='ltr'><strong>videri</strong></span> 
     </span>
    </p>
   </div>
   <div class='ocr_carea' id='block_1_41' title="bbox 369 3112 3628 3226">
    <p class='ocr_par' dir='ltr' id='par_1_41' title="bbox 369 3112 3628 3226">
     <span class='ocr_line' id='line_1_41' title="bbox 369 3112 3628 3226; baseline -0.002 -56"><span class='ocrx_word' id='word_1_462' title='bbox 369 3133 487 3170; x_wconf 79' lang='lat' dir='ltr'><strong>cem</strong></span> <span class='ocrx_word' id='word_1_463' title='bbox 550 3120 782 3184; x_wconf 75' lang='lat' dir='ltr'><strong>mittere,</strong></span> <span class='ocrx_word' id='word_1_464' title='bbox 816 3124 905 3174; x_wconf 80' lang='lat' dir='ltr'><strong>sed</strong></span> <span class='ocrx_word' id='word_1_465' title='bbox 960 3123 1192 3193; x_wconf 84' lang='lat' dir='ltr'><strong>gladium</strong></span> <span class='ocrx_word' id='word_1_466' title='bbox 1220 3125 1275 3191; x_wconf 77' lang='lat'><strong>’,</strong></span> <span class='ocrx_word' id='word_1_467' title='bbox 1328 3128 1408 3182; x_wconf 87' lang='lat' dir='ltr'><strong>sic</strong></span> <span class='ocrx_word' id='word_1_468' title='bbox 1464 3129 1713 3201; x_wconf 87' lang='lat' dir='ltr'><strong>intelligit</strong></span> <span class='ocrx_word' id='word_1_469' title='bbox 1767 3142 1952 3187; x_wconf 82' lang='lat' dir='ltr'><strong>auctor</strong></span> <span class='ocrx_word' id='word_1_470' title='bbox 1978 3163 2024 3226; x_wconf 63' lang='grc' dir='ltr'><strong>Β</strong></span> <span class='ocrx_word' id='word_1_471' title='bbox 2056 3130 2234 3191; x_wconf 86' lang='lat' dir='ltr'><strong>potest</strong></span> <span class='ocrx_word' id='word_1_472' title='bbox 2267 3122 2408 3191; x_wconf 89' lang='lat' dir='ltr'><strong>quod</strong></span> <span class='ocrx_word' id='word_1_473' title='bbox 2445 3120 2582 3189; x_wconf 87' lang='lat' dir='ltr'><strong>apud</strong></span> <span class='ocrx_word' id='word_1_474' title='bbox 2614 3118 2856 3172; x_wconf 88' lang='lat' dir='ltr'><strong>Nicetam</strong></span> <span class='ocrx_word' id='word_1_475' title='bbox 2888 3114 3306 3169; x_wconf 84' lang='lat' dir='ltr'><strong>Heracleensem</strong></span> <span class='ocrx_word' id='word_1_476' title='bbox 3339 3112 3392 3165; x_wconf 92' lang='lat' dir='ltr'><strong>in</strong></span> <span class='ocrx_word' id='word_1_477' title='bbox 3434 3120 3628 3166; x_wconf 83' lang='lat' dir='ltr'><strong>catena</strong></span> 
     </span>
    </p>
   </div>
   <div class='ocr_carea' id='block_1_42' title="bbox 371 3212 1949 3291">
    <p class='ocr_par' dir='ltr' id='par_1_42' title="bbox 371 3212 1949 3291">
     <span class='ocr_line' id='line_1_42' title="bbox 371 3212 1949 3291; baseline 0.01 -30"><span class='ocrx_word' id='word_1_478' title='bbox 371 3221 572 3263; x_wconf 68' lang='lat' dir='ltr'><strong>uomet-</strong></span> <span class='ocrx_word' id='word_1_479' title='bbox 610 3224 733 3280; x_wconf 85' lang='lat' dir='ltr'><strong>pag.</strong></span> <span class='ocrx_word' id='word_1_480' title='bbox 767 3212 890 3277; x_wconf 75' lang='grc'>147,</span> <span class='ocrx_word' id='word_1_481' title='bbox 921 3224 980 3267; x_wconf 86' lang='grc' dir='ltr'><strong>ιιι</strong></span> <span class='ocrx_word' id='word_1_482' title='bbox 1020 3229 1212 3270; x_wconf 90' lang='lat' dir='ltr'><strong>nomen</strong></span> <span class='ocrx_word' id='word_1_483' title='bbox 1239 3217 1402 3287; x_wconf 84' lang='lat' dir='ltr'><strong>gladii</strong></span> <span class='ocrx_word' id='word_1_484' title='bbox 1430 3219 1696 3287; x_wconf 87' lang='lat' dir='ltr'><strong>significet</strong></span> <span class='ocrx_word' id='word_1_485' title='bbox 1740 3222 1949 3291; x_wconf 87' lang='lat' dir='ltr'><strong>sapien-</strong></span> 
     </span>
    </p>
   </div>
   <div class='ocr_carea' id='block_1_43' title="bbox 376 3297 1947 3367">
    <p class='ocr_par' dir='ltr' id='par_1_43' title="bbox 376 3297 1947 3367">
     <span class='ocr_line' id='line_1_43' title="bbox 376 3297 1947 3367; baseline 0.01 -20"><span class='ocrx_word' id='word_1_486' title='bbox 376 3298 531 3362; x_wconf 72' lang='lat' dir='ltr'><strong>tiam,</strong></span> <span class='ocrx_word' id='word_1_487' title='bbox 568 3313 675 3366; x_wconf 80' lang='lat' dir='ltr'><strong>qua</strong></span> <span class='ocrx_word' id='word_1_488' title='bbox 708 3297 937 3367; x_wconf 73' lang='lat' dir='ltr'><strong>Spiritus</strong></span> <span class='ocrx_word' id='word_1_489' title='bbox 980 3312 1190 3357; x_wconf 86' lang='lat' dir='ltr'><strong>sanctus</strong></span> <span class='ocrx_word' id='word_1_490' title='bbox 1234 3304 1492 3359; x_wconf 81' lang='lat' dir='ltr'><strong>obdurato</strong></span> <span class='ocrx_word' id='word_1_491' title='bbox 1534 3309 1696 3360; x_wconf 89' lang='lat' dir='ltr'><strong>corda</strong></span> <span class='ocrx_word' id='word_1_492' title='bbox 1740 3309 1947 3364; x_wconf 83' lang='lat' dir='ltr'><strong>incidit.</strong></span> 
     </span>
    </p>
   </div>
   <div class='ocr_carea' id='block_1_44' title="bbox 379 3385 1952 3470">
    <p class='ocr_par' dir='ltr' id='par_1_44' title="bbox 379 3385 1952 3470">
     <span class='ocr_line' id='line_1_44' title="bbox 379 3385 1952 3470; baseline 0.007 -29"><span class='ocrx_word' id='word_1_493' title='bbox 379 3385 559 3441; x_wconf 77' lang='lat' dir='ltr'><strong>Simili</strong></span> <span class='ocrx_word' id='word_1_494' title='bbox 588 3391 749 3444; x_wconf 88' lang='lat' dir='ltr'><strong>modo</strong></span> <span class='ocrx_word' id='word_1_495' title='bbox 772 3390 1026 3463; x_wconf 87' lang='lat' dir='ltr'><strong>Didymus</strong></span> <span class='ocrx_word' id='word_1_496' title='bbox 1052 3397 1103 3447; x_wconf 88' lang='lat' dir='ltr'><strong>iu</strong></span> <span class='ocrx_word' id='word_1_497' title='bbox 1128 3393 1568 3451; x_wconf 85' lang='lat' dir='ltr'><strong>Enarrationibus</strong></span> <span class='ocrx_word' id='word_1_498' title='bbox 1600 3400 1665 3452; x_wconf 88' lang='lat' dir='ltr'><strong>ad</strong></span> <span class='ocrx_word' id='word_1_499' title='bbox 1709 3408 1868 3470; x_wconf 90' lang='lat' dir='ltr'><strong>caput</strong></span> <span class='ocrx_word' id='word_1_500' title='bbox 1897 3416 1952 3455; x_wconf 85' lang='lat' dir='ltr'><strong>tv</strong></span> 
     </span>
    </p>
   </div>
   <div class='ocr_carea' id='block_1_45' title="bbox 379 3476 1953 3561">
    <p class='ocr_par' dir='ltr' id='par_1_45' title="bbox 379 3476 1953 3561">
     <span class='ocr_line' id='line_1_45' title="bbox 379 3476 1953 3561; baseline 0.011 -31"><span class='ocrx_word' id='word_1_501' title='bbox 379 3476 634 3547; x_wconf 72' lang='lat' dir='ltr'><strong>Epistolte</strong></span> <span class='ocrx_word' id='word_1_502' title='bbox 658 3478 844 3536; x_wconf 80' lang='lat' dir='ltr'><strong>Jacobi</strong></span> <span class='ocrx_word' id='word_1_503' title='bbox 879 3500 892 3536; x_wconf 88' lang='lat'><strong>:</strong></span> <span class='ocrx_word' id='word_1_504' title='bbox 930 3482 1151 3540; x_wconf 84' lang='lat' dir='ltr'><strong>Veniens</strong></span> <span class='ocrx_word' id='word_1_505' title='bbox 1209 3486 1365 3541; x_wconf 85' lang='lat' dir='ltr'><strong>Jesus</strong></span> <span class='ocrx_word' id='word_1_506' title='bbox 1398 3488 1668 3560; x_wconf 81' lang='lat' dir='ltr'><strong>(inquit).</strong></span> <span class='ocrx_word' id='word_1_507' title='bbox 1700 3528 1716 3545; x_wconf 93' lang='lat'><strong>.</strong></span> <span class='ocrx_word' id='word_1_508' title='bbox 1746 3529 1761 3544; x_wconf 96' lang='lat'><strong>.</strong></span> <span class='ocrx_word' id='word_1_509' title='bbox 1793 3530 1807 3544; x_wconf 94' lang='lat'><strong>.</strong></span> <span class='ocrx_word' id='word_1_510' title='bbox 1835 3492 1953 3561; x_wconf 85' lang='lat' dir='ltr'><strong>gla-</strong></span> 
     </span>
    </p>
   </div>
   <div class='ocr_carea' id='block_1_46' title="bbox 376 3570 1951 3649">
    <p class='ocr_par' dir='ltr' id='par_1_46' title="bbox 376 3570 1951 3649">
     <span class='ocr_line' id='line_1_46' title="bbox 376 3570 1951 3649; baseline 0.011 -30"><span class='ocrx_word' id='word_1_511' title='bbox 376 3570 529 3621; x_wconf 70' lang='lat' dir='ltr'><strong>dium</strong></span> <span class='ocrx_word' id='word_1_512' title='bbox 571 3574 714 3625; x_wconf 72' lang='lat' dir='ltr'><strong>misit</strong></span> <span class='ocrx_word' id='word_1_513' title='bbox 741 3574 799 3626; x_wconf 85' lang='lat' dir='ltr'><strong>in</strong></span> <span class='ocrx_word' id='word_1_514' title='bbox 838 3583 1053 3631; x_wconf 88' lang='lat' dir='ltr'><strong>terram.</strong></span> <span class='ocrx_word' id='word_1_515' title='bbox 1097 3576 1277 3632; x_wconf 85' lang='lat' dir='ltr'><strong>Sermo</strong></span> <span class='ocrx_word' id='word_1_516' title='bbox 1327 3595 1569 3649; x_wconf 86' lang='lat' dir='ltr'><strong>namque,</strong></span> <span class='ocrx_word' id='word_1_517' title='bbox 1620 3592 1666 3634; x_wconf 90' lang='lat' dir='ltr'><strong>et</strong></span> <span class='ocrx_word' id='word_1_518' title='bbox 1707 3583 1951 3638; x_wconf 81' lang='lat' dir='ltr'><strong>doctrina</strong></span> 
     </span>
    </p>
   </div>
   <div class='ocr_carea' id='block_1_47' title="bbox 376 3658 1951 3741">
    <p class='ocr_par' dir='ltr' id='par_1_47' title="bbox 376 3658 1951 3741">
     <span class='ocr_line' id='line_1_47' title="bbox 376 3658 1951 3741; baseline 0.009 -29"><span class='ocrx_word' id='word_1_519' title='bbox 376 3658 526 3713; x_wconf 66' lang='lat' dir='ltr'><strong>illius</strong></span> <span class='ocrx_word' id='word_1_520' title='bbox 551 3661 761 3725; x_wconf 70' lang='lat' dir='ltr'><strong>dividit,</strong></span> <span class='ocrx_word' id='word_1_521' title='bbox 793 3675 842 3717; x_wconf 85' lang='lat' dir='ltr'><strong>et</strong></span> <span class='ocrx_word' id='word_1_522' title='bbox 869 3666 1105 3736; x_wconf 81' lang='lat' dir='ltr'><strong>abjungit</strong></span> <span class='ocrx_word' id='word_1_523' title='bbox 1137 3685 1169 3720; x_wconf 89' lang='lat' dir='ltr'><strong>a</strong></span> <span class='ocrx_word' id='word_1_524' title='bbox 1202 3672 1444 3735; x_wconf 79' lang='lat' dir='ltr'><strong>terrenis,</strong></span> <span class='ocrx_word' id='word_1_525' title='bbox 1478 3684 1632 3741; x_wconf 87' lang='lat' dir='ltr'><strong>atque</strong></span> <span class='ocrx_word' id='word_1_526' title='bbox 1658 3674 1951 3727; x_wconf 84' lang='lat' dir='ltr'><strong>materiali-</strong></span> 
     </span>
    </p>
   </div>
   <div class='ocr_carea' id='block_1_48' title="bbox 379 3748 1951 3833">
    <p class='ocr_par' dir='ltr' id='par_1_48' title="bbox 379 3748 1951 3833">
     <span class='ocr_line' id='line_1_48' title="bbox 379 3748 1951 3833; baseline 0.01 -30"><span class='ocrx_word' id='word_1_527' title='bbox 379 3748 483 3805; x_wconf 69' lang='lat' dir='ltr'><strong>btts</strong></span> <span class='ocrx_word' id='word_1_528' title='bbox 511 3753 683 3807; x_wconf 83' lang='lat' dir='ltr'><strong>rebus.</strong></span> <span class='ocrx_word' id='word_1_529' title='bbox 720 3754 784 3809; x_wconf 86' lang='lat' dir='ltr'><strong>V.</strong></span> <span class='ocrx_word' id='word_1_530' title='bbox 820 3754 989 3812; x_wconf 87' lang='lat' dir='ltr'><strong>Verba</strong></span> <span class='ocrx_word' id='word_1_531' title='bbox 1035 3759 1205 3825; x_wconf 87' lang='lat' dir='ltr'><strong>Pauli,</strong></span> <span class='ocrx_word' id='word_1_532' title='bbox 1249 3762 1416 3831; x_wconf 76' lang='lat' dir='ltr'><strong>Elegit</strong></span> <span class='ocrx_word' id='word_1_533' title='bbox 1460 3779 1554 3817; x_wconf 87' lang='lat' dir='ltr'><strong>nos</strong></span> <span class='ocrx_word' id='word_1_534' title='bbox 1592 3764 1644 3816; x_wconf 87' lang='lat' dir='ltr'><strong>in</strong></span> <span class='ocrx_word' id='word_1_535' title='bbox 1675 3764 1786 3833; x_wconf 87' lang='lat' dir='ltr'><strong>ipso</strong></span> <span class='ocrx_word' id='word_1_536' title='bbox 1830 3777 1951 3820; x_wconf 88' lang='lat' dir='ltr'><strong>ante</strong></span> 
     </span>
    </p>
   </div>
   <div class='ocr_carea' id='block_1_49' title="bbox 372 3845 1952 3925">
    <p class='ocr_par' dir='ltr' id='par_1_49' title="bbox 372 3845 1952 3925">
     <span class='ocr_line' id='line_1_49' title="bbox 372 3845 1952 3925; baseline 0.009 -31"><span class='ocrx_word' id='word_1_537' title='bbox 372 3845 811 3899; x_wconf 65' lang='lat' dir='ltr'><strong>mirationem</strong></span> <span class='ocrx_word' id='word_1_538' title='bbox 847 3850 1028 3902; x_wconf 88' lang='lat' dir='ltr'><strong>mundi</strong></span> <span class='ocrx_word' id='word_1_539' title='bbox 1053 3850 1120 3915; x_wconf 84' lang='lat'><strong>&#39;°,</strong></span> <span class='ocrx_word' id='word_1_540' title='bbox 1146 3852 1210 3905; x_wconf 89' lang='lat' dir='ltr'><strong>de</strong></span> <span class='ocrx_word' id='word_1_541' title='bbox 1235 3851 1328 3906; x_wconf 86' lang='lat' dir='ltr'><strong>Dei</strong></span> <span class='ocrx_word' id='word_1_542' title='bbox 1362 3854 1700 3923; x_wconf 65' lang='lat' dir='ltr'><strong>praescientia</strong></span> <span class='ocrx_word' id='word_1_543' title='bbox 1731 3857 1952 3925; x_wconf 84' lang='lat' dir='ltr'><strong>exponit</strong></span> 
     </span>
    </p>
   </div>
   <div class='ocr_carea' id='block_1_50' title="bbox 373 3933 1949 4013">
    <p class='ocr_par' dir='ltr' id='par_1_50' title="bbox 373 3933 1949 4013">
     <span class='ocr_line' id='line_1_50' title="bbox 373 3933 1949 4013; baseline 0.01 -29"><span class='ocrx_word' id='word_1_544' title='bbox 373 3933 673 4004; x_wconf 72' lang='lat' dir='ltr'><strong>theologus</strong></span> <span class='ocrx_word' id='word_1_545' title='bbox 710 3948 891 3991; x_wconf 86' lang='lat' dir='ltr'><strong>noster</strong></span> <span class='ocrx_word' id='word_1_546' title='bbox 948 3956 1065 4010; x_wconf 87' lang='lat' dir='ltr'><strong>pag.</strong></span> <span class='ocrx_word' id='word_1_547' title='bbox 1102 3942 1197 3995; x_wconf 72' lang='lat' dir='ltr'><strong>3M</strong></span> <span class='ocrx_word' id='word_1_548' title='bbox 1225 3959 1238 4007; x_wconf 92' lang='lat'>;</span> <span class='ocrx_word' id='word_1_549' title='bbox 1271 3947 1566 4013; x_wconf 85' lang='lat' dir='ltr'><strong>eademque</strong></span> <span class='ocrx_word' id='word_1_550' title='bbox 1610 3946 1818 4000; x_wconf 87' lang='lat' dir='ltr'><strong>ratione</strong></span> <span class='ocrx_word' id='word_1_551' title='bbox 1858 3946 1949 3999; x_wconf 85' lang='lat' dir='ltr'><strong>illa</strong></span> 
     </span>
    </p>
   </div>
   <div class='ocr_carea' id='block_1_51' title="bbox 376 4023 1947 4099">
    <p class='ocr_par' dir='ltr' id='par_1_51' title="bbox 376 4023 1947 4099">
     <span class='ocr_line' id='line_1_51' title="bbox 376 4023 1947 4099; baseline 0.01 -24"><span class='ocrx_word' id='word_1_552' title='bbox 376 4023 643 4095; x_wconf 85' lang='lat' dir='ltr'><strong>intelligit</strong></span> <span class='ocrx_word' id='word_1_553' title='bbox 674 4026 932 4099; x_wconf 85' lang='lat' dir='ltr'><strong>Didymus</strong></span> <span class='ocrx_word' id='word_1_554' title='bbox 964 4032 1016 4085; x_wconf 90' lang='lat' dir='ltr'><strong>in</strong></span> <span class='ocrx_word' id='word_1_555' title='bbox 1050 4032 1508 4099; x_wconf 76' lang='lat' dir='ltr'><strong>Enarrationibus,</strong></span> <span class='ocrx_word' id='word_1_556' title='bbox 1543 4045 1602 4089; x_wconf 92' lang='lat' dir='ltr'><strong>ut</strong></span> <span class='ocrx_word' id='word_1_557' title='bbox 1632 4036 1826 4091; x_wconf 90' lang='lat' dir='ltr'><strong>ibidem</strong></span> <span class='ocrx_word' id='word_1_558' title='bbox 1859 4037 1947 4091; x_wconf 86' lang='lat' dir='ltr'><strong>in-</strong></span> 
     </span>
    </p>
   </div>
   <div class='ocr_carea' id='block_1_52' title="bbox 380 4115 1951 4198">
    <p class='ocr_par' dir='ltr' id='par_1_52' title="bbox 380 4115 1951 4198">
     <span class='ocr_line' id='line_1_52' title="bbox 380 4115 1951 4198; baseline 0.011 -32"><span class='ocrx_word' id='word_1_559' title='bbox 380 4115 597 4169; x_wconf 80' lang='lat' dir='ltr'><strong>dicavi.</strong></span> <span class='ocrx_word' id='word_1_560' title='bbox 632 4116 877 4183; x_wconf 86' lang='lat' dir='ltr'><strong>Demum,</strong></span> <span class='ocrx_word' id='word_1_561' title='bbox 912 4137 978 4174; x_wconf 89' lang='lat' dir='ltr'><strong>ne</strong></span> <span class='ocrx_word' id='word_1_562' title='bbox 1011 4124 1219 4193; x_wconf 85' lang='lat' dir='ltr'><strong>singula</strong></span> <span class='ocrx_word' id='word_1_563' title='bbox 1258 4126 1480 4180; x_wconf 78' lang='lat' dir='ltr'><strong>alferam</strong></span> <span class='ocrx_word' id='word_1_564' title='bbox 1502 4167 1517 4193; x_wconf 91' lang='lat'><strong>,</strong></span> <span class='ocrx_word' id='word_1_565' title='bbox 1558 4127 1782 4198; x_wconf 86' lang='lat' dir='ltr'><strong>legenda</strong></span> <span class='ocrx_word' id='word_1_566' title='bbox 1822 4138 1951 4183; x_wconf 87' lang='lat' dir='ltr'><strong>sunt</strong></span> 
     </span>
    </p>
   </div>
   <div class='ocr_carea' id='block_1_53' title="bbox 367 4206 1944 4289">
    <p class='ocr_par' dir='ltr' id='par_1_53' title="bbox 367 4206 1944 4289">
     <span class='ocr_line' id='line_1_53' title="bbox 367 4206 1944 4289; baseline 0.007 -31"><span class='ocrx_word' id='word_1_567' title='bbox 367 4206 710 4276; x_wconf 67' lang='lat' dir='ltr'><strong>quascripsi</strong></span> <span class='ocrx_word' id='word_1_568' title='bbox 728 4210 947 4280; x_wconf 84' lang='lat' dir='ltr'><strong>pag.50,</strong></span> <span class='ocrx_word' id='word_1_569' title='bbox 966 4222 1075 4266; x_wconf 91' lang='lat' dir='ltr'><strong>not.</strong></span> <span class='ocrx_word' id='word_1_570' title='bbox 1094 4214 1150 4277; x_wconf 85' lang='lat'><strong>2,</strong></span> <span class='ocrx_word' id='word_1_571' title='bbox 1170 4229 1290 4284; x_wconf 86' lang='lat' dir='ltr'><strong>pag.</strong></span> <span class='ocrx_word' id='word_1_572' title='bbox 1312 4214 1403 4281; x_wconf 88' lang='lat'><strong>28,</strong></span> <span class='ocrx_word' id='word_1_573' title='bbox 1436 4226 1547 4271; x_wconf 92' lang='lat' dir='ltr'><strong>not.</strong></span> <span class='ocrx_word' id='word_1_574' title='bbox 1569 4217 1624 4280; x_wconf 81' lang='lat'><strong>&#39;5,</strong></span> <span class='ocrx_word' id='word_1_575' title='bbox 1660 4233 1780 4289; x_wconf 84' lang='lat' dir='ltr'><strong>pag.</strong></span> <span class='ocrx_word' id='word_1_576' title='bbox 1820 4217 1944 4284; x_wconf 82' lang='lat' dir='ltr'><strong>l27,</strong></span> 
     </span>
    </p>
   </div>
   <div class='ocr_carea' id='block_1_54' title="bbox 370 4299 1943 4378">
    <p class='ocr_par' dir='ltr' id='par_1_54' title="bbox 370 4299 1943 4378">
     <span class='ocr_line' id='line_1_54' title="bbox 370 4299 1943 4378; baseline 0.01 -27"><span class='ocrx_word' id='word_1_577' title='bbox 370 4313 431 4351; x_wconf 79' lang='grc' dir='ltr'>ιι.</span> <span class='ocrx_word' id='word_1_578' title='bbox 449 4299 509 4361; x_wconf 80' lang='lat'><strong>3,</strong></span> <span class='ocrx_word' id='word_1_579' title='bbox 524 4313 650 4370; x_wconf 81' lang='lat' dir='ltr'><strong>pag.</strong></span> <span class='ocrx_word' id='word_1_580' title='bbox 681 4300 799 4365; x_wconf 87' lang='grc'>177,</span> <span class='ocrx_word' id='word_1_581' title='bbox 829 4312 939 4358; x_wconf 88' lang='grc' dir='ltr'>ιιοι.</span> <span class='ocrx_word' id='word_1_582' title='bbox 964 4304 1018 4369; x_wconf 88' lang='lat'><strong>2,</strong></span> <span class='ocrx_word' id='word_1_583' title='bbox 1035 4320 1157 4376; x_wconf 87' lang='lat' dir='ltr'><strong>pag.</strong></span> <span class='ocrx_word' id='word_1_584' title='bbox 1174 4307 1296 4373; x_wconf 82' lang='grc'>185,</span> <span class='ocrx_word' id='word_1_585' title='bbox 1322 4318 1434 4362; x_wconf 87' lang='grc' dir='ltr'>ιιοι.</span> <span class='ocrx_word' id='word_1_586' title='bbox 1459 4306 1514 4375; x_wconf 88' lang='lat'><strong>6,</strong></span> <span class='ocrx_word' id='word_1_587' title='bbox 1540 4323 1591 4378; x_wconf 93' lang='lat' dir='ltr'><strong>p.</strong></span> <span class='ocrx_word' id='word_1_588' title='bbox 1615 4309 1871 4374; x_wconf 75' lang='lat' dir='ltr'><strong>232,aot.</strong></span> <span class='ocrx_word' id='word_1_589' title='bbox 1886 4314 1943 4378; x_wconf 83' lang='lat'><strong>5,</strong></span> 
     </span>
    </p>
   </div>
   <div class='ocr_carea' id='block_1_55' title="bbox 370 4389 1941 4471">
    <p class='ocr_par' dir='ltr' id='par_1_55' title="bbox 370 4389 1941 4471">
     <span class='ocr_line' id='line_1_55' title="bbox 370 4389 1941 4471; baseline 0.01 -29"><span class='ocrx_word' id='word_1_590' title='bbox 370 4405 499 4461; x_wconf 80' lang='lat' dir='ltr'><strong>pag.</strong></span> <span class='ocrx_word' id='word_1_591' title='bbox 532 4389 668 4455; x_wconf 84' lang='lat'><strong>277,</strong></span> <span class='ocrx_word' id='word_1_592' title='bbox 702 4403 812 4447; x_wconf 91' lang='lat' dir='ltr'><strong>not.</strong></span> <span class='ocrx_word' id='word_1_593' title='bbox 852 4394 906 4460; x_wconf 88' lang='lat'><strong>6,</strong></span> <span class='ocrx_word' id='word_1_594' title='bbox 942 4411 1062 4465; x_wconf 88' lang='lat' dir='ltr'><strong>pag.</strong></span> <span class='ocrx_word' id='word_1_595' title='bbox 1097 4396 1221 4462; x_wconf 78' lang='lat'><strong>252,</strong></span> <span class='ocrx_word' id='word_1_596' title='bbox 1256 4411 1369 4454; x_wconf 91' lang='lat' dir='ltr'><strong>not.</strong></span> <span class='ocrx_word' id='word_1_597' title='bbox 1398 4399 1452 4465; x_wconf 89' lang='grc'><strong>7,</strong></span> <span class='ocrx_word' id='word_1_598' title='bbox 1485 4411 1541 4453; x_wconf 90' lang='lat' dir='ltr'><strong>et</strong></span> <span class='ocrx_word' id='word_1_599' title='bbox 1566 4401 1687 4456; x_wconf 88' lang='lat' dir='ltr'><strong>alibi</strong></span> <span class='ocrx_word' id='word_1_600' title='bbox 1719 4404 1941 4471; x_wconf 87' lang='lat' dir='ltr'><strong>passim.</strong></span> 
     </span>
    </p>
   </div>
   <div class='ocr_carea' id='block_1_56' title="bbox 2059 3203 3632 3282">
    <p class='ocr_par' dir='ltr' id='par_1_56' title="bbox 2059 3203 3632 3282">
     <span class='ocr_line' id='line_1_56' title="bbox 2059 3203 3632 3282; baseline -0.008 -13"><span class='ocrx_word' id='word_1_601' title='bbox 2059 3231 2160 3271; x_wconf 88' lang='lat' dir='ltr'><strong>ms.</strong></span> <span class='ocrx_word' id='word_1_602' title='bbox 2198 3216 2251 3268; x_wconf 88' lang='lat' dir='ltr'><strong>in</strong></span> <span class='ocrx_word' id='word_1_603' title='bbox 2277 3213 2469 3268; x_wconf 86' lang='lat' dir='ltr'><strong>Jobum</strong></span> <span class='ocrx_word' id='word_1_604' title='bbox 2515 3212 2616 3282; x_wconf 82' lang='lat' dir='ltr'><strong>legi</strong></span> <span class='ocrx_word' id='word_1_605' title='bbox 2651 3215 2719 3266; x_wconf 90' lang='lat' dir='ltr'><strong>ad</strong></span> <span class='ocrx_word' id='word_1_606' title='bbox 2762 3218 2924 3279; x_wconf 88' lang='lat' dir='ltr'><strong>caput</strong></span> <span class='ocrx_word' id='word_1_607' title='bbox 2967 3225 3005 3267; x_wconf 89' lang='grc' dir='ltr'>ι.</span> <span class='ocrx_word' id='word_1_608' title='bbox 3049 3221 3192 3262; x_wconf 86' lang='lat' dir='ltr'><strong>vers.</strong></span> <span class='ocrx_word' id='word_1_609' title='bbox 3227 3205 3283 3260; x_wconf 88' lang='lat'><strong>2.</strong></span> <span class='ocrx_word' id='word_1_610' title='bbox 3323 3205 3456 3260; x_wconf 79' lang='lat' dir='ltr'><strong>Cum</strong></span> <span class='ocrx_word' id='word_1_611' title='bbox 3486 3203 3632 3258; x_wconf 90' lang='lat' dir='ltr'><strong>enim</strong></span> 
     </span>
    </p>
   </div>
   <div class='ocr_carea' id='block_1_57' title="bbox 2052 3288 3633 3375">
    <p class='ocr_par' dir='ltr' id='par_1_57' title="bbox 2052 3288 3633 3375">
     <span class='ocr_line' id='line_1_57' title="bbox 2052 3288 3633 3375; baseline -0.009 -13"><span class='ocrx_word' id='word_1_612' title='bbox 2052 3305 2190 3362; x_wconf 77' lang='lat' dir='ltr'><strong>Jobo</strong></span> <span class='ocrx_word' id='word_1_613' title='bbox 2228 3315 2420 3375; x_wconf 85' lang='lat' dir='ltr'><strong>septem</strong></span> <span class='ocrx_word' id='word_1_614' title='bbox 2461 3304 2620 3373; x_wconf 82' lang='lat' dir='ltr'><strong>ﬁlios,</strong></span> <span class='ocrx_word' id='word_1_615' title='bbox 2670 3319 2733 3355; x_wconf 88' lang='lat' dir='ltr'><strong>ac</strong></span> <span class='ocrx_word' id='word_1_616' title='bbox 2783 3288 2886 3355; x_wconf 73' lang='grc' dir='ltr'><strong>η’εέ</strong></span> <span class='ocrx_word' id='word_1_617' title='bbox 2927 3299 3070 3367; x_wconf 83' lang='lat' dir='ltr'><strong>ﬁlias</strong></span> <span class='ocrx_word' id='word_1_618' title='bbox 3110 3298 3279 3352; x_wconf 82' lang='lat' dir='ltr'><strong>fuisse</strong></span> <span class='ocrx_word' id='word_1_619' title='bbox 3325 3304 3511 3350; x_wconf 89' lang='lat' dir='ltr'><strong>narret</strong></span> <span class='ocrx_word' id='word_1_620' title='bbox 3560 3295 3633 3349; x_wconf 93' lang='lat' dir='ltr'><strong>ibi</strong></span> 
     </span>
    </p>
   </div>
   <div class='ocr_carea' id='block_1_58' title="bbox 2054 3388 3634 3466">
    <p class='ocr_par' dir='ltr' id='par_1_58' title="bbox 2054 3388 3634 3466">
     <span class='ocr_line' id='line_1_58' title="bbox 2054 3388 3634 3466; baseline -0.008 -14"><span class='ocrx_word' id='word_1_621' title='bbox 2054 3413 2210 3453; x_wconf 88' lang='lat' dir='ltr'><strong>sacer</strong></span> <span class='ocrx_word' id='word_1_622' title='bbox 2232 3397 2487 3466; x_wconf 88' lang='lat' dir='ltr'><strong>scriptor,</strong></span> <span class='ocrx_word' id='word_1_623' title='bbox 2516 3395 2771 3466; x_wconf 87' lang='lat' dir='ltr'><strong>Didymus</strong></span> <span class='ocrx_word' id='word_1_624' title='bbox 2795 3393 2936 3448; x_wconf 91' lang='lat' dir='ltr'><strong>binis</strong></span> <span class='ocrx_word' id='word_1_625' title='bbox 2956 3393 3103 3446; x_wconf 87' lang='lat' dir='ltr'><strong>hisce</strong></span> <span class='ocrx_word' id='word_1_626' title='bbox 3129 3390 3372 3444; x_wconf 89' lang='lat' dir='ltr'><strong>numeris</strong></span> <span class='ocrx_word' id='word_1_627' title='bbox 3402 3388 3634 3459; x_wconf 84' lang='lat' dir='ltr'><strong>mystice</strong></span> 
     </span>
    </p>
   </div>
   <div class='ocr_carea' id='block_1_59' title="bbox 2053 3478 3631 3555">
    <p class='ocr_par' dir='ltr' id='par_1_59' title="bbox 2053 3478 3631 3555">
     <span class='ocr_line' id='line_1_59' title="bbox 2053 3478 3631 3555; baseline -0.006 -15"><span class='ocrx_word' id='word_1_628' title='bbox 2053 3487 2290 3555; x_wconf 88' lang='lat' dir='ltr'><strong>acceptis</strong></span> <span class='ocrx_word' id='word_1_629' title='bbox 2322 3495 2514 3554; x_wconf 85' lang='lat' dir='ltr'><strong>septem</strong></span> <span class='ocrx_word' id='word_1_630' title='bbox 2545 3484 2782 3553; x_wconf 77' lang='lat' dir='ltr'><strong>Spiritus</strong></span> <span class='ocrx_word' id='word_1_631' title='bbox 2810 3484 2984 3536; x_wconf 87' lang='lat' dir='ltr'><strong>sancti</strong></span> <span class='ocrx_word' id='word_1_632' title='bbox 3020 3483 3159 3536; x_wconf 91' lang='lat' dir='ltr'><strong>dona</strong></span> <span class='ocrx_word' id='word_1_633' title='bbox 3184 3519 3199 3546; x_wconf 90' lang='lat'><strong>,</strong></span> <span class='ocrx_word' id='word_1_634' title='bbox 3236 3493 3299 3533; x_wconf 89' lang='lat' dir='ltr'><strong>ac</strong></span> <span class='ocrx_word' id='word_1_635' title='bbox 3328 3478 3631 3532; x_wconf 87' lang='lat' dir='ltr'><strong>divinarum</strong></span> 
     </span>
    </p>
   </div>
   <div class='ocr_carea' id='block_1_60' title="bbox 2053 3569 3632 3646">
    <p class='ocr_par' dir='ltr' id='par_1_60' title="bbox 2053 3569 3632 3646">
     <span class='ocr_line' id='line_1_60' title="bbox 2053 3569 3632 3646; baseline -0.006 -15"><span class='ocrx_word' id='word_1_636' title='bbox 2053 3592 2403 3646; x_wconf 87' lang='lat' dir='ltr'><strong>personarum</strong></span> <span class='ocrx_word' id='word_1_637' title='bbox 2444 3577 2734 3628; x_wconf 84' lang='lat' dir='ltr'><strong>trinitatem</strong></span> <span class='ocrx_word' id='word_1_638' title='bbox 2776 3572 3045 3642; x_wconf 81' lang='lat' dir='ltr'><strong>designari</strong></span> <span class='ocrx_word' id='word_1_639' title='bbox 3098 3572 3193 3635; x_wconf 89' lang='lat' dir='ltr'><strong>ait,</strong></span> <span class='ocrx_word' id='word_1_640' title='bbox 3238 3570 3328 3625; x_wconf 83' lang='grc' dir='ltr'>ἴνα</span> <span class='ocrx_word' id='word_1_641' title='bbox 3366 3569 3632 3641; x_wconf 85' lang='grc' dir='ltr'><strong>μάθωμεν</strong></span> 
     </span>
    </p>
   </div>
   <div class='ocr_carea' id='block_1_61' title="bbox 2050 3658 3633 3742">
    <p class='ocr_par' dir='ltr' id='par_1_61' title="bbox 2050 3658 3633 3742">
     <span class='ocr_line' id='line_1_61' title="bbox 2050 3658 3633 3742; baseline -0.006 -19"><span class='ocrx_word' id='word_1_642' title='bbox 2050 3670 2150 3742; x_wconf 82' lang='grc' dir='ltr'><strong>τὴν</strong></span> <span class='ocrx_word' id='word_1_643' title='bbox 2184 3671 2244 3722; x_wconf 86' lang='grc' dir='ltr'><strong>ὲν</strong></span> <span class='ocrx_word' id='word_1_644' title='bbox 2293 3668 2485 3740; x_wconf 77' lang='grc' dir='ltr'><strong>Τριώδι</strong></span> <span class='ocrx_word' id='word_1_645' title='bbox 2514 3668 2697 3722; x_wconf 77' lang='grc' dir='ltr'><strong>πίστιν</strong></span> <span class='ocrx_word' id='word_1_646' title='bbox 2727 3667 2827 3736; x_wconf 81' lang='grc' dir='ltr'><strong>τῆς</strong></span> <span class='ocrx_word' id='word_1_647' title='bbox 2857 3664 3088 3735; x_wconf 78' lang='grc' dir='ltr'><strong>ἑϐδόμης</strong></span> <span class='ocrx_word' id='word_1_648' title='bbox 3118 3664 3338 3735; x_wconf 79' lang='grc' dir='ltr'><strong>χάριτος</strong></span> <span class='ocrx_word' id='word_1_649' title='bbox 3368 3658 3510 3717; x_wconf 85' lang='grc' dir='ltr'><strong>εἶναι</strong></span> <span class='ocrx_word' id='word_1_650' title='bbox 3536 3661 3633 3733; x_wconf 86' lang='grc' dir='ltr'><strong>δη-</strong></span> 
     </span>
    </p>
   </div>
   <div class='ocr_carea' id='block_1_62' title="bbox 2054 3752 3629 3830">
    <p class='ocr_par' dir='ltr' id='par_1_62' title="bbox 2054 3752 3629 3830">
     <span class='ocr_line' id='line_1_62' title="bbox 2054 3752 3629 3830; baseline -0.004 -17"><span class='ocrx_word' id='word_1_651' title='bbox 2054 3758 2337 3830; x_wconf 79' lang='grc' dir='ltr'><strong>μιουργόν,</strong></span> <span class='ocrx_word' id='word_1_652' title='bbox 2364 3759 2415 3812; x_wconf 90' lang='lat' dir='ltr'><strong>id</strong></span> <span class='ocrx_word' id='word_1_653' title='bbox 2454 3767 2558 3822; x_wconf 87' lang='lat' dir='ltr'><strong>est,</strong></span> <span class='ocrx_word' id='word_1_654' title='bbox 2600 3768 2654 3809; x_wconf 87' lang='lat' dir='ltr'><strong>ut</strong></span> <span class='ocrx_word' id='word_1_655' title='bbox 2686 3757 2971 3818; x_wconf 84' lang='lat' dir='ltr'><strong>discamus,</strong></span> <span class='ocrx_word' id='word_1_656' title='bbox 2998 3756 3159 3824; x_wconf 78' lang='lat' dir='ltr'><strong>ﬁdem</strong></span> <span class='ocrx_word' id='word_1_657' title='bbox 3205 3772 3309 3823; x_wconf 88' lang='lat' dir='ltr'><strong>qua</strong></span> <span class='ocrx_word' id='word_1_658' title='bbox 3347 3755 3402 3807; x_wconf 89' lang='lat' dir='ltr'><strong>in</strong></span> <span class='ocrx_word' id='word_1_659' title='bbox 3447 3752 3629 3807; x_wconf 86' lang='lat' dir='ltr'><strong>Trini-</strong></span> 
     </span>
    </p>
   </div>
   <div class='ocr_carea' id='block_1_63' title="bbox 2050 3845 3626 3915">
    <p class='ocr_par' dir='ltr' id='par_1_63' title="bbox 2050 3845 3626 3915">
     <span class='ocr_line' id='line_1_63' title="bbox 2050 3845 3626 3915; baseline -0.001 -14"><span class='ocrx_word' id='word_1_660' title='bbox 2050 3858 2207 3901; x_wconf 88' lang='lat' dir='ltr'><strong>tatem</strong></span> <span class='ocrx_word' id='word_1_661' title='bbox 2229 3849 2508 3911; x_wconf 85' lang='lat' dir='ltr'><strong>credimus,</strong></span> <span class='ocrx_word' id='word_1_662' title='bbox 2539 3845 2884 3913; x_wconf 82' lang='lat' dir='ltr'><strong>septemplicis</strong></span> <span class='ocrx_word' id='word_1_663' title='bbox 2910 3847 3102 3915; x_wconf 78' lang='lat' dir='ltr'><strong>gratite</strong></span> <span class='ocrx_word' id='word_1_664' title='bbox 3149 3846 3453 3899; x_wconf 77' lang='lat' dir='ltr'><strong>creatricem</strong></span> <span class='ocrx_word' id='word_1_665' title='bbox 3496 3860 3626 3899; x_wconf 82' lang='lat' dir='ltr'><strong>esse.</strong></span> 
     </span>
    </p>
   </div>
   <div class='ocr_carea' id='block_1_64' title="bbox 2050 3938 3623 4007">
    <p class='ocr_par' dir='ltr' id='par_1_64' title="bbox 2050 3938 3623 4007">
     <span class='ocr_line' id='line_1_64' title="bbox 2050 3938 3623 4007; baseline -0.004 -13"><span class='ocrx_word' id='word_1_666' title='bbox 2050 3939 2431 3995; x_wconf 85' lang='lat' dir='ltr'><strong>Leviusculum</strong></span> <span class='ocrx_word' id='word_1_667' title='bbox 2463 3941 2721 4007; x_wconf 88' lang='lat' dir='ltr'><strong>denique,</strong></span> <span class='ocrx_word' id='word_1_668' title='bbox 2756 3947 2816 3992; x_wconf 91' lang='lat' dir='ltr'><strong>ut</strong></span> <span class='ocrx_word' id='word_1_669' title='bbox 2845 3938 2950 3992; x_wconf 89' lang='lat' dir='ltr'><strong>alia</strong></span> <span class='ocrx_word' id='word_1_670' title='bbox 2983 3938 3235 3991; x_wconf 88' lang='lat' dir='ltr'><strong>nonnulla</strong></span> <span class='ocrx_word' id='word_1_671' title='bbox 3278 3947 3623 4005; x_wconf 73' lang='lat' dir='ltr'><strong>pranereant,</strong></span> 
     </span>
    </p>
   </div>
   <div class='ocr_carea' id='block_1_65' title="bbox 2049 4027 3629 4098">
    <p class='ocr_par' dir='ltr' id='par_1_65' title="bbox 2049 4027 3629 4098">
     <span class='ocr_line' id='line_1_65' title="bbox 2049 4027 3629 4098; baseline -0.003 -13"><span class='ocrx_word' id='word_1_672' title='bbox 2049 4030 2104 4085; x_wconf 92' lang='lat' dir='ltr'><strong>id</strong></span> <span class='ocrx_word' id='word_1_673' title='bbox 2135 4031 2319 4095; x_wconf 88' lang='lat' dir='ltr'><strong>etiam,</strong></span> <span class='ocrx_word' id='word_1_674' title='bbox 2349 4029 2402 4084; x_wconf 93' lang='lat' dir='ltr'><strong>ni</strong></span> <span class='ocrx_word' id='word_1_675' title='bbox 2438 4029 2615 4095; x_wconf 88' lang='lat' dir='ltr'><strong>fallor,</strong></span> <span class='ocrx_word' id='word_1_676' title='bbox 2642 4043 2746 4095; x_wconf 73' lang='grc' dir='ltr'><strong>εει,</strong></span> <span class='ocrx_word' id='word_1_677' title='bbox 2771 4029 2915 4098; x_wconf 84' lang='lat' dir='ltr'><strong>quod</strong></span> <span class='ocrx_word' id='word_1_678' title='bbox 2948 4044 3015 4083; x_wconf 91' lang='lat' dir='ltr'><strong>ex</strong></span> <span class='ocrx_word' id='word_1_679' title='bbox 3047 4027 3482 4083; x_wconf 83' lang='lat' dir='ltr'><strong>Enorrationibus</strong></span> <span class='ocrx_word' id='word_1_680' title='bbox 3505 4042 3629 4081; x_wconf 90' lang='lat' dir='ltr'><strong>mox</strong></span> 
     </span>
    </p>
   </div>
   <div class='ocr_carea' id='block_1_66' title="bbox 2050 4122 2361 4178">
    <p class='ocr_par' dir='ltr' id='par_1_66' title="bbox 2050 4122 2361 4178">
     <span class='ocr_line' id='line_1_66' title="bbox 2050 4122 2361 4178; baseline 0 -1"><span class='ocrx_word' id='word_1_681' title='bbox 2050 4122 2361 4178; x_wconf 85' lang='lat' dir='ltr'><strong>all&#39;eremus.</strong></span> 
     </span>
    </p>
   </div>
   <div class='ocr_carea' id='block_1_67' title="bbox 2118 4211 3627 4287">
    <p class='ocr_par' dir='ltr' id='par_1_67' title="bbox 2118 4211 3627 4287">
     <span class='ocr_line' id='line_1_67' title="bbox 2118 4211 3627 4287; baseline -0.005 -17"><span class='ocrx_word' id='word_1_682' title='bbox 2118 4218 2270 4283; x_wconf 79' lang='lat' dir='ltr'><strong>Quod</strong></span> <span class='ocrx_word' id='word_1_683' title='bbox 2323 4231 2451 4271; x_wconf 88' lang='lat' dir='ltr'><strong>vero</strong></span> <span class='ocrx_word' id='word_1_684' title='bbox 2512 4216 2823 4287; x_wconf 83' lang='lat' dir='ltr'><strong>apocrypha</strong></span> <span class='ocrx_word' id='word_1_685' title='bbox 2874 4213 3084 4270; x_wconf 86' lang='lat' dir='ltr'><strong>Veteris</strong></span> <span class='ocrx_word' id='word_1_686' title='bbox 3121 4222 3213 4268; x_wconf 90' lang='lat' dir='ltr'><strong>aut</strong></span> <span class='ocrx_word' id='word_1_687' title='bbox 3259 4211 3391 4268; x_wconf 83' lang='lat' dir='ltr'><strong>Novi</strong></span> <span class='ocrx_word' id='word_1_688' title='bbox 3439 4211 3627 4266; x_wconf 87' lang='lat' dir='ltr'><strong>Testa-</strong></span> 
     </span>
    </p>
   </div>
   <div class='ocr_carea' id='block_1_68' title="bbox 2047 4304 3628 4382">
    <p class='ocr_par' dir='ltr' id='par_1_68' title="bbox 2047 4304 3628 4382">
     <span class='ocr_line' id='line_1_68' title="bbox 2047 4304 3628 4382; baseline -0.005 -17"><span class='ocrx_word' id='word_1_689' title='bbox 2047 4310 2211 4365; x_wconf 89' lang='lat' dir='ltr'><strong>menti</strong></span> <span class='ocrx_word' id='word_1_690' title='bbox 2235 4310 2536 4378; x_wconf 89' lang='lat' dir='ltr'><strong>opusculaa</strong></span> <span class='ocrx_word' id='word_1_691' title='bbox 2568 4311 2790 4382; x_wconf 88' lang='lat' dir='ltr'><strong>Didymo</strong></span> <span class='ocrx_word' id='word_1_692' title='bbox 2817 4309 2983 4364; x_wconf 88' lang='lat' dir='ltr'><strong>etiam</strong></span> <span class='ocrx_word' id='word_1_693' title='bbox 3019 4311 3181 4362; x_wconf 85' lang='lat' dir='ltr'><strong>citata</strong></span> <span class='ocrx_word' id='word_1_694' title='bbox 3212 4304 3480 4361; x_wconf 85' lang='lat' dir='ltr'><strong>interdum</strong></span> <span class='ocrx_word' id='word_1_695' title='bbox 3509 4304 3628 4358; x_wconf 85' lang='lat' dir='ltr'><strong>fue-</strong></span> 
     </span>
    </p>
   </div>
   <div class='ocr_carea' id='block_1_69' title="bbox 2047 4394 3626 4468">
    <p class='ocr_par' dir='ltr' id='par_1_69' title="bbox 2047 4394 3626 4468">
     <span class='ocr_line' id='line_1_69' title="bbox 2047 4394 3626 4468; baseline -0.003 -14"><span class='ocrx_word' id='word_1_696' title='bbox 2047 4402 2176 4465; x_wconf 90' lang='lat' dir='ltr'><strong>rint,</strong></span> <span class='ocrx_word' id='word_1_697' title='bbox 2209 4402 2383 4456; x_wconf 91' lang='lat' dir='ltr'><strong>tribus</strong></span> <span class='ocrx_word' id='word_1_698' title='bbox 2421 4404 2651 4456; x_wconf 77' lang='lat' dir='ltr'><strong>ostendo</strong></span> <span class='ocrx_word' id='word_1_699' title='bbox 2705 4401 2990 4468; x_wconf 78' lang='lat' dir='ltr'><strong>exemplis.</strong></span> <span class='ocrx_word' id='word_1_700' title='bbox 3048 4397 3180 4451; x_wconf 83' lang='lat' dir='ltr'><strong>Nam</strong></span> <span class='ocrx_word' id='word_1_701' title='bbox 3213 4394 3255 4460; x_wconf 92' lang='lat' dir='ltr'><strong>l,</strong></span> <span class='ocrx_word' id='word_1_702' title='bbox 3298 4396 3436 4465; x_wconf 89' lang='lat' dir='ltr'><strong>apud</strong></span> <span class='ocrx_word' id='word_1_703' title='bbox 3468 4394 3626 4449; x_wconf 86' lang='lat' dir='ltr'><strong>Nice-</strong></span> 
     </span>
    </p>
   </div>
   <div class='ocr_carea' id='block_1_70' title="bbox 366 4481 3625 4563">
    <p class='ocr_par' dir='ltr' id='par_1_70' title="bbox 366 4481 3625 4563">
     <span class='ocr_line' id='line_1_70' title="bbox 366 4481 3625 4563; baseline -0.001 -25"><span class='ocrx_word' id='word_1_704' title='bbox 366 4483 506 4538; x_wconf 67' lang='grc' dir='ltr'><strong>(σιν.</strong></span> <span class='ocrx_word' id='word_1_705' title='bbox 555 4481 703 4538; x_wconf 73' lang='lat' dir='ltr'><strong>XIX.</strong></span> <span class='ocrx_word' id='word_1_706' title='bbox 741 4483 1131 4563; x_wconf 79' lang='lat' dir='ltr'><strong>Frigidiuscula</strong></span> <span class='ocrx_word' id='word_1_707' title='bbox 1159 4494 1419 4560; x_wconf 68' lang='lat' dir='ltr'><strong>quaedam,</strong></span> <span class='ocrx_word' id='word_1_708' title='bbox 1459 4506 1550 4546; x_wconf 89' lang='lat' dir='ltr'><strong>aut</strong></span> <span class='ocrx_word' id='word_1_709' title='bbox 1579 4505 1718 4547; x_wconf 87' lang='lat' dir='ltr'><strong>certe</strong></span> <span class='ocrx_word' id='word_1_710' title='bbox 1746 4495 1942 4549; x_wconf 80' lang='lat' dir='ltr'><strong>leviora</strong></span> <span class='ocrx_word' id='word_1_711' title='bbox 1975 4509 2019 4563; x_wconf 82' lang='grc' dir='ltr'>ι)</span> <span class='ocrx_word' id='word_1_712' title='bbox 2050 4498 2156 4542; x_wconf 88' lang='lat' dir='ltr'><strong>tam</strong></span> <span class='ocrx_word' id='word_1_713' title='bbox 2195 4490 2249 4543; x_wconf 89' lang='lat' dir='ltr'><strong>in</strong></span> <span class='ocrx_word' id='word_1_714' title='bbox 2281 4486 2485 4543; x_wconf 87' lang='lat' dir='ltr'><strong>Catena</strong></span> <span class='ocrx_word' id='word_1_715' title='bbox 2522 4486 2826 4544; x_wconf 70' lang='lat' dir='ltr'><strong>Graecorum</strong></span> <span class='ocrx_word' id='word_1_716' title='bbox 2872 4487 3094 4542; x_wconf 85' lang='lat' dir='ltr'><strong>Patrum</strong></span> <span class='ocrx_word' id='word_1_717' title='bbox 3122 4488 3177 4540; x_wconf 88' lang='lat' dir='ltr'><strong>in</strong></span> <span class='ocrx_word' id='word_1_718' title='bbox 3204 4485 3271 4540; x_wconf 93' lang='lat' dir='ltr'><strong>B.</strong></span> <span class='ocrx_word' id='word_1_719' title='bbox 3309 4482 3433 4549; x_wconf 77' lang='lat' dir='ltr'><strong>Job,</strong></span> <span class='ocrx_word' id='word_1_720' title='bbox 3476 4482 3625 4537; x_wconf 74' lang='lat' dir='ltr'><strong>Lon—</strong></span> 
     </span>
    </p>
   </div>
   <div class='ocr_carea' id='block_1_71' title="bbox 856 4558 1464 4629">
    <p class='ocr_par' dir='ltr' id='par_1_71' title="bbox 856 4558 1464 4629">
     <span class='ocr_line' id='line_1_71' title="bbox 856 4558 1464 4629; baseline 0.016 -21"><span class='ocrx_word' id='word_1_721' title='bbox 856 4558 1005 4611; x_wconf 78' lang='lat' dir='ltr'><strong>habet</strong></span> <span class='ocrx_word' id='word_1_722' title='bbox 1033 4558 1238 4629; x_wconf 75' lang='lat' dir='ltr'><strong>uterque</strong></span> <span class='ocrx_word' id='word_1_723' title='bbox 1263 4572 1464 4618; x_wconf 83' lang='lat' dir='ltr'><strong>auctor.</strong></span> 
     </span>
    </p>
   </div>
   <div class='ocr_carea' id='block_1_72' title="bbox 438 4643 1948 4724">
    <p class='ocr_par' dir='ltr' id='par_1_72' title="bbox 438 4643 1948 4724">
     <span class='ocr_line' id='line_1_72' title="bbox 438 4643 1948 4724; baseline 0.01 -25"><span class='ocrx_word' id='word_1_724' title='bbox 438 4643 568 4700; x_wconf 82' lang='lat' dir='ltr'><strong>Etsi</strong></span> <span class='ocrx_word' id='word_1_725' title='bbox 611 4655 803 4701; x_wconf 85' lang='lat' dir='ltr'><strong>auctor</strong></span> <span class='ocrx_word' id='word_1_726' title='bbox 832 4660 1015 4703; x_wconf 88' lang='lat' dir='ltr'><strong>noster</strong></span> <span class='ocrx_word' id='word_1_727' title='bbox 1062 4652 1253 4707; x_wconf 85' lang='lat' dir='ltr'><strong>validis</strong></span> <span class='ocrx_word' id='word_1_728' title='bbox 1302 4655 1637 4724; x_wconf 85' lang='lat' dir='ltr'><strong>plerumque,</strong></span> <span class='ocrx_word' id='word_1_729' title='bbox 1680 4658 1789 4711; x_wconf 90' lang='lat' dir='ltr'><strong>imo</strong></span> <span class='ocrx_word' id='word_1_730' title='bbox 1832 4656 1948 4714; x_wconf 87' lang='lat' dir='ltr'><strong>fere</strong></span> 
     </span>
    </p>
   </div>
   <div class='ocr_carea' id='block_1_73' title="bbox 368 4740 1948 4815">
    <p class='ocr_par' dir='ltr' id='par_1_73' title="bbox 368 4740 1948 4815">
     <span class='ocr_line' id='line_1_73' title="bbox 368 4740 1948 4815; baseline 0.009 -24"><span class='ocrx_word' id='word_1_731' title='bbox 368 4752 600 4807; x_wconf 82' lang='lat' dir='ltr'><strong>semper</strong></span> <span class='ocrx_word' id='word_1_732' title='bbox 632 4740 968 4809; x_wconf 87' lang='lat' dir='ltr'><strong>argumentis</strong></span> <span class='ocrx_word' id='word_1_733' title='bbox 1022 4742 1301 4799; x_wconf 78' lang='lat' dir='ltr'><strong>haereticos</strong></span> <span class='ocrx_word' id='word_1_734' title='bbox 1354 4744 1596 4802; x_wconf 79' lang='lat' dir='ltr'><strong>refellere</strong></span> <span class='ocrx_word' id='word_1_735' title='bbox 1643 4748 1845 4815; x_wconf 87' lang='lat' dir='ltr'><strong>soleat,</strong></span> <span class='ocrx_word' id='word_1_736' title='bbox 1882 4764 1948 4806; x_wconf 89' lang='lat' dir='ltr'><strong>ac</strong></span> 
     </span>
    </p>
   </div>
   <div class='ocr_carea' id='block_1_74' title="bbox 372 4828 1947 4904">
    <p class='ocr_par' dir='ltr' id='par_1_74' title="bbox 372 4828 1947 4904">
     <span class='ocr_line' id='line_1_74' title="bbox 372 4828 1947 4904; baseline 0.006 -22"><span class='ocrx_word' id='word_1_737' title='bbox 372 4844 437 4882; x_wconf 86' lang='lat' dir='ltr'><strong>ea</strong></span> <span class='ocrx_word' id='word_1_738' title='bbox 470 4828 741 4893; x_wconf 83' lang='lat' dir='ltr'><strong>scribere,</strong></span> <span class='ocrx_word' id='word_1_739' title='bbox 771 4844 888 4899; x_wconf 70' lang='lat' dir='ltr'><strong>qua:</strong></span> <span class='ocrx_word' id='word_1_740' title='bbox 920 4846 1132 4900; x_wconf 85' lang='lat' dir='ltr'><strong>gravem</strong></span> <span class='ocrx_word' id='word_1_741' title='bbox 1168 4834 1466 4904; x_wconf 86' lang='lat' dir='ltr'><strong>theologum</strong></span> <span class='ocrx_word' id='word_1_742' title='bbox 1496 4835 1711 4902; x_wconf 89' lang='lat' dir='ltr'><strong>decent,</strong></span> <span class='ocrx_word' id='word_1_743' title='bbox 1743 4838 1947 4893; x_wconf 84' lang='lat' dir='ltr'><strong>nihilo-</strong></span> 
     </span>
    </p>
   </div>
   <div class='ocr_carea' id='block_1_75' title="bbox 375 4921 1948 4998">
    <p class='ocr_par' dir='ltr' id='par_1_75' title="bbox 375 4921 1948 4998">
     <span class='ocr_line' id='line_1_75' title="bbox 375 4921 1948 4998; baseline 0.007 -26"><span class='ocrx_word' id='word_1_744' title='bbox 375 4921 563 4975; x_wconf 70' lang='lat' dir='ltr'><strong>minus</strong></span> <span class='ocrx_word' id='word_1_745' title='bbox 590 4935 761 4989; x_wconf 85' lang='lat' dir='ltr'><strong>pauca</strong></span> <span class='ocrx_word' id='word_1_746' title='bbox 784 4921 1025 4990; x_wconf 65' lang='lat' dir='ltr'><strong>quaedam</strong></span> <span class='ocrx_word' id='word_1_747' title='bbox 1053 4923 1103 4975; x_wconf 93' lang='lat' dir='ltr'><strong>in</strong></span> <span class='ocrx_word' id='word_1_748' title='bbox 1132 4939 1198 4978; x_wconf 90' lang='lat' dir='ltr'><strong>eo</strong></span> <span class='ocrx_word' id='word_1_749' title='bbox 1225 4923 1477 4994; x_wconf 89' lang='lat' dir='ltr'><strong>leguntur</strong></span> <span class='ocrx_word' id='word_1_750' title='bbox 1505 4942 1645 4995; x_wconf 71' lang='lat' dir='ltr'><strong>quae,</strong></span> <span class='ocrx_word' id='word_1_751' title='bbox 1680 4944 1800 4982; x_wconf 81' lang='lat' dir='ltr'><strong>uico</strong></span> <span class='ocrx_word' id='word_1_752' title='bbox 1827 4929 1948 4998; x_wconf 84' lang='lat' dir='ltr'><strong>qui-</strong></span> 
     </span>
    </p>
   </div>
   <div class='ocr_carea' id='block_1_76' title="bbox 376 5012 1942 5084">
    <p class='ocr_par' dir='ltr' id='par_1_76' title="bbox 376 5012 1942 5084">
     <span class='ocr_line' id='line_1_76' title="bbox 376 5012 1942 5084; baseline 0.007 -20"><span class='ocrx_word' id='word_1_753' title='bbox 376 5012 737 5081; x_wconf 82' lang='lat' dir='ltr'><strong>demjudicio,</strong></span> <span class='ocrx_word' id='word_1_754' title='bbox 766 5014 1127 5084; x_wconf 88' lang='lat' dir='ltr'><strong>frigidiuscula</strong></span> <span class='ocrx_word' id='word_1_755' title='bbox 1153 5028 1301 5083; x_wconf 88' lang='lat' dir='ltr'><strong>sunt,</strong></span> <span class='ocrx_word' id='word_1_756' title='bbox 1328 5028 1422 5071; x_wconf 88' lang='lat' dir='ltr'><strong>aut</strong></span> <span class='ocrx_word' id='word_1_757' title='bbox 1443 5030 1592 5072; x_wconf 87' lang='lat' dir='ltr'><strong>certe</strong></span> <span class='ocrx_word' id='word_1_758' title='bbox 1626 5019 1942 5075; x_wconf 88' lang='lat' dir='ltr'><strong>leviuscula.</strong></span> 
     </span>
    </p>
   </div>
   <div class='ocr_carea' id='block_1_77' title="bbox 379 5103 1948 5180">
    <p class='ocr_par' dir='ltr' id='par_1_77' title="bbox 379 5103 1948 5180">
     <span class='ocr_line' id='line_1_77' title="bbox 379 5103 1948 5180; baseline 0.009 -25"><span class='ocrx_word' id='word_1_759' title='bbox 379 5103 693 5171; x_wconf 74' lang='lat' dir='ltr'><strong>Huiusmodi</strong></span> <span class='ocrx_word' id='word_1_760' title='bbox 728 5121 851 5162; x_wconf 88' lang='lat' dir='ltr'><strong>esse</strong></span> <span class='ocrx_word' id='word_1_761' title='bbox 896 5108 1086 5176; x_wconf 90' lang='lat' dir='ltr'><strong>opinor</strong></span> <span class='ocrx_word' id='word_1_762' title='bbox 1126 5112 1265 5179; x_wconf 87' lang='lat' dir='ltr'><strong>quod</strong></span> <span class='ocrx_word' id='word_1_763' title='bbox 1315 5126 1439 5180; x_wconf 85' lang='lat' dir='ltr'><strong>pag.</strong></span> <span class='ocrx_word' id='word_1_764' title='bbox 1489 5110 1595 5166; x_wconf 71' lang='lat'><strong>264</strong></span> <span class='ocrx_word' id='word_1_765' title='bbox 1645 5113 1838 5168; x_wconf 88' lang='lat' dir='ltr'><strong>scribit</strong></span> <span class='ocrx_word' id='word_1_766' title='bbox 1880 5115 1948 5170; x_wconf 89' lang='lat' dir='ltr'><strong>de</strong></span> 
     </span>
    </p>
   </div>
   <div class='ocr_carea' id='block_1_78' title="bbox 379 5195 1947 5272">
    <p class='ocr_par' dir='ltr' id='par_1_78' title="bbox 379 5195 1947 5272">
     <span class='ocr_line' id='line_1_78' title="bbox 379 5195 1947 5272; baseline 0.008 -25"><span class='ocrx_word' id='word_1_767' title='bbox 379 5195 593 5251; x_wconf 74' lang='lat' dir='ltr'><strong>nomine</strong></span> <span class='ocrx_word' id='word_1_768' title='bbox 621 5198 951 5269; x_wconf 61' lang='lat' dir='ltr'><strong>captare:ch</strong></span> <span class='ocrx_word' id='word_1_769' title='bbox 999 5215 1326 5270; x_wconf 85' lang='lat' dir='ltr'><strong>numeroque</strong></span> <span class='ocrx_word' id='word_1_770' title='bbox 1369 5217 1541 5270; x_wconf 85' lang='lat' dir='ltr'><strong>DCCCI,</strong></span> <span class='ocrx_word' id='word_1_771' title='bbox 1574 5217 1731 5272; x_wconf 86' lang='lat' dir='ltr'><strong>quem</strong></span> <span class='ocrx_word' id='word_1_772' title='bbox 1779 5220 1846 5258; x_wconf 82' lang='lat' dir='ltr'><strong>ex</strong></span> <span class='ocrx_word' id='word_1_773' title='bbox 1881 5218 1947 5259; x_wconf 88' lang='lat' dir='ltr'><strong>eo</strong></span> 
     </span>
    </p>
   </div>
   <div class='ocr_carea' id='block_1_79' title="bbox 380 5289 1947 5363">
    <p class='ocr_par' dir='ltr' id='par_1_79' title="bbox 380 5289 1947 5363">
     <span class='ocr_line' id='line_1_79' title="bbox 380 5289 1947 5363; baseline 0.007 -24"><span class='ocrx_word' id='word_1_774' title='bbox 380 5289 608 5353; x_wconf 68' lang='lat' dir='ltr'><strong>potuine,</strong></span> <span class='ocrx_word' id='word_1_775' title='bbox 638 5292 764 5345; x_wconf 88' lang='lat' dir='ltr'><strong>item</strong></span> <span class='ocrx_word' id='word_1_776' title='bbox 802 5301 861 5344; x_wconf 88' lang='lat' dir='ltr'><strong>ut</strong></span> <span class='ocrx_word' id='word_1_777' title='bbox 894 5306 961 5344; x_wconf 83' lang='lat' dir='ltr'><strong>ex</strong></span> <span class='ocrx_word' id='word_1_778' title='bbox 990 5289 1163 5344; x_wconf 91' lang='lat' dir='ltr'><strong>literis</strong></span> <span class='ocrx_word' id='word_1_779' title='bbox 1201 5308 1257 5357; x_wconf 85' lang='grc' dir='ltr'>α,</span> <span class='ocrx_word' id='word_1_780' title='bbox 1291 5302 1345 5347; x_wconf 90' lang='lat' dir='ltr'><strong>et</strong></span> <span class='ocrx_word' id='word_1_781' title='bbox 1371 5312 1417 5346; x_wconf 88' lang='grc' dir='ltr'>ω</span> <span class='ocrx_word' id='word_1_782' title='bbox 1442 5309 1661 5363; x_wconf 86' lang='lat' dir='ltr'><strong>magno,</strong></span> <span class='ocrx_word' id='word_1_783' title='bbox 1699 5294 1819 5349; x_wconf 89' lang='lat' dir='ltr'><strong>elici</strong></span> <span class='ocrx_word' id='word_1_784' title='bbox 1848 5296 1947 5350; x_wconf 80' lang='lat' dir='ltr'><strong>ob-</strong></span> 
     </span>
    </p>
   </div>
   <div class='ocr_carea' id='block_1_80' title="bbox 374 5381 1946 5455">
    <p class='ocr_par' dir='ltr' id='par_1_80' title="bbox 374 5381 1946 5455">
     <span class='ocr_line' id='line_1_80' title="bbox 374 5381 1946 5455; baseline 0.004 -23"><span class='ocrx_word' id='word_1_785' title='bbox 374 5390 570 5434; x_wconf 75' lang='lat' dir='ltr'><strong>servat.</strong></span> <span class='ocrx_word' id='word_1_786' title='bbox 596 5381 809 5455; x_wconf 80' lang='lat' dir='ltr'><strong>Frigida</strong></span> <span class='ocrx_word' id='word_1_787' title='bbox 834 5383 1009 5438; x_wconf 87' lang='lat' dir='ltr'><strong>etiam</strong></span> <span class='ocrx_word' id='word_1_788' title='bbox 1039 5382 1285 5436; x_wconf 88' lang='lat' dir='ltr'><strong>videntur</strong></span> <span class='ocrx_word' id='word_1_789' title='bbox 1312 5398 1430 5453; x_wconf 78' lang='lat' dir='ltr'><strong>qua:</strong></span> <span class='ocrx_word' id='word_1_790' title='bbox 1452 5400 1574 5454; x_wconf 84' lang='lat' dir='ltr'><strong>pag.</strong></span> <span class='ocrx_word' id='word_1_791' title='bbox 1618 5384 1688 5439; x_wconf 88' lang='grc'>18</span> <span class='ocrx_word' id='word_1_792' title='bbox 1723 5396 1946 5441; x_wconf 81' lang='lat' dir='ltr'><strong>exstant</strong></span> 
     </span>
    </p>
   </div>
   <div class='ocr_carea' id='block_1_81' title="bbox 372 5470 1941 5546">
    <p class='ocr_par' dir='ltr' id='par_1_81' title="bbox 372 5470 1941 5546">
     <span class='ocr_line' id='line_1_81' title="bbox 372 5470 1941 5546; baseline 0.005 -21"><span class='ocrx_word' id='word_1_793' title='bbox 372 5470 442 5525; x_wconf 81' lang='lat' dir='ltr'><strong>de</strong></span> <span class='ocrx_word' id='word_1_794' title='bbox 479 5470 668 5532; x_wconf 81' lang='lat' dir='ltr'><strong>Latinis</strong></span> <span class='ocrx_word' id='word_1_795' title='bbox 708 5475 1022 5536; x_wconf 83' lang='lat' dir='ltr'><strong>vocabulis,</strong></span> <span class='ocrx_word' id='word_1_796' title='bbox 1072 5472 1205 5526; x_wconf 83' lang='lat' dir='ltr'><strong>Plus</strong></span> <span class='ocrx_word' id='word_1_797' title='bbox 1251 5492 1408 5545; x_wconf 81' lang='lat' dir='ltr'><strong>quant</strong></span> <span class='ocrx_word' id='word_1_798' title='bbox 1448 5478 1729 5546; x_wconf 80' lang='lat' dir='ltr'><strong>perfectus.</strong></span> <span class='ocrx_word' id='word_1_799' title='bbox 1768 5476 1941 5533; x_wconf 87' lang='lat' dir='ltr'><strong>Inter-</strong></span> 
     </span>
    </p>
   </div>
   <div class='ocr_carea' id='block_1_82' title="bbox 364 5563 1942 5637">
    <p class='ocr_par' dir='ltr' id='par_1_82' title="bbox 364 5563 1942 5637">
     <span class='ocr_line' id='line_1_82' title="bbox 364 5563 1942 5637; baseline 0.001 -14"><span class='ocrx_word' id='word_1_800' title='bbox 364 5569 578 5633; x_wconf 75' lang='lat' dir='ltr'><strong>pretatio</strong></span> <span class='ocrx_word' id='word_1_801' title='bbox 616 5583 804 5628; x_wconf 86' lang='lat' dir='ltr'><strong>autem</strong></span> <span class='ocrx_word' id='word_1_802' title='bbox 847 5566 1153 5623; x_wconf 84' lang='lat' dir='ltr'><strong>verborum</strong></span> <span class='ocrx_word' id='word_1_803' title='bbox 1196 5563 1415 5621; x_wconf 82' lang='lat' dir='ltr'><strong>Joannis</strong></span> <span class='ocrx_word' id='word_1_804' title='bbox 1455 5567 1730 5637; x_wconf 71' lang='lat' dir='ltr'><strong>Baptisltn,</strong></span> <span class='ocrx_word' id='word_1_805' title='bbox 1768 5568 1847 5623; x_wconf 85' lang='lat' dir='ltr'><strong>Tu</strong></span> <span class='ocrx_word' id='word_1_806' title='bbox 1888 5586 1942 5625; x_wconf 83' lang='lat' dir='ltr'><strong>es</strong></span> 
     </span>
    </p>
   </div>
   <div class='ocr_carea' id='block_1_83' title="bbox 408 5678 1310 5761">
    <p class='ocr_par' dir='ltr' id='par_1_83' title="bbox 408 5678 1310 5761">
     <span class='ocr_line' id='line_1_83' title="bbox 408 5678 1310 5761; baseline -0.018 -11"><span class='ocrx_word' id='word_1_807' title='bbox 408 5688 554 5750; x_wconf 80' lang='lat' dir='ltr'><strong>’Joél</strong></span> <span class='ocrx_word' id='word_1_808' title='bbox 592 5709 653 5761; x_wconf 89' lang='grc' dir='ltr'>ιι,</span> <span class='ocrx_word' id='word_1_809' title='bbox 700 5687 799 5761; x_wconf 80' lang='lat'><strong>28.</strong></span> <span class='ocrx_word' id='word_1_810' title='bbox 880 5683 913 5761; x_wconf 59' lang='grc' dir='ltr'><strong><em>ξ</em></strong></span> <span class='ocrx_word' id='word_1_811' title='bbox 944 5678 1107 5761; x_wconf 72' lang='lat' dir='ltr'><strong>Psal._</strong></span> <span class='ocrx_word' id='word_1_812' title='bbox 1144 5695 1216 5747; x_wconf 91' lang='lat' dir='ltr'><strong>tv,</strong></span> <span class='ocrx_word' id='word_1_813' title='bbox 1257 5683 1310 5735; x_wconf 94' lang='lat'><strong>7.</strong></span> 
     </span>
    </p>
   </div>
   <div class='ocr_carea' id='block_1_84' title="bbox 321 5751 1123 5843">
    <p class='ocr_par' dir='ltr' id='par_1_84' title="bbox 321 5751 1123 5843">
     <span class='ocr_line' id='line_1_84' title="bbox 321 5751 1123 5843; baseline -0.025 -16"><span class='ocrx_word' id='word_1_814' title='bbox 321 5774 464 5843; x_wconf 74' lang='grc' dir='ltr'>ιιιιι,</span> <span class='ocrx_word' id='word_1_815' title='bbox 496 5767 583 5829; x_wconf 78' lang='grc'><strong>12.</strong></span> <span class='ocrx_word' id='word_1_816' title='bbox 637 5751 721 5799; x_wconf 73' lang='grc'><strong>’⁸³</strong></span> <span class='ocrx_word' id='word_1_817' title='bbox 747 5755 917 5818; x_wconf 80' lang='lat' dir='ltr'><strong>PsaI.</strong></span> <span class='ocrx_word' id='word_1_818' title='bbox 955 5765 1043 5822; x_wconf 77' lang='lat' dir='ltr'><strong>tv,</strong></span> <span class='ocrx_word' id='word_1_819' title='bbox 1073 5751 1123 5805; x_wconf 85' lang='lat'><strong>6.</strong></span> 
     </span>
    </p>
   </div>
   <div class='ocr_carea' id='block_1_85' title="bbox 2044 4578 3622 4649">
    <p class='ocr_par' dir='ltr' id='par_1_85' title="bbox 2044 4578 3622 4649">
     <span class='ocr_line' id='line_1_85' title="bbox 2044 4578 3622 4649; baseline -0.002 -13"><span class='ocrx_word' id='word_1_820' title='bbox 2044 4582 2158 4636; x_wconf 90' lang='lat' dir='ltr'><strong>diui</strong></span> <span class='ocrx_word' id='word_1_821' title='bbox 2196 4598 2338 4637; x_wconf 88' lang='lat' dir='ltr'><strong>anno</strong></span> <span class='ocrx_word' id='word_1_822' title='bbox 2380 4583 2515 4637; x_wconf 74' lang='grc'>1657</span> <span class='ocrx_word' id='word_1_823' title='bbox 2544 4585 2708 4647; x_wconf 90' lang='lat' dir='ltr'><strong>edita,</strong></span> <span class='ocrx_word' id='word_1_824' title='bbox 2744 4582 2937 4635; x_wconf 87' lang='lat' dir='ltr'><strong>librutn</strong></span> <span class='ocrx_word' id='word_1_825' title='bbox 3005 4580 3247 4634; x_wconf 76' lang='lat' dir='ltr'><strong>Pastoris</strong></span> <span class='ocrx_word' id='word_1_826' title='bbox 3277 4578 3470 4649; x_wconf 88' lang='lat' dir='ltr'><strong>allegat</strong></span> <span class='ocrx_word' id='word_1_827' title='bbox 3500 4594 3622 4649; x_wconf 86' lang='lat' dir='ltr'><strong>pag.</strong></span> 
     </span>
    </p>
   </div>
   <div class='ocr_carea' id='block_1_86' title="bbox 2043 4668 3619 4743">
    <p class='ocr_par' dir='ltr' id='par_1_86' title="bbox 2043 4668 3619 4743">
     <span class='ocr_line' id='line_1_86' title="bbox 2043 4668 3619 4743; baseline -0.001 -17"><span class='ocrx_word' id='word_1_828' title='bbox 2043 4672 2151 4727; x_wconf 84' lang='lat'><strong>202</strong></span> <span class='ocrx_word' id='word_1_829' title='bbox 2184 4691 2198 4728; x_wconf 91' lang='lat'>:</span> <span class='ocrx_word' id='word_1_830' title='bbox 2239 4673 2330 4743; x_wconf 90' lang='lat' dir='ltr'><strong>qui</strong></span> <span class='ocrx_word' id='word_1_831' title='bbox 2365 4683 2543 4729; x_wconf 86' lang='lat' dir='ltr'><strong>tamen</strong></span> <span class='ocrx_word' id='word_1_832' title='bbox 2574 4675 2642 4727; x_wconf 91' lang='lat' dir='ltr'><strong>ab</strong></span> <span class='ocrx_word' id='word_1_833' title='bbox 2676 4672 2972 4727; x_wconf 87' lang='lat' dir='ltr'><strong>Athanasio</strong></span> <span class='ocrx_word' id='word_1_834' title='bbox 3001 4686 3215 4741; x_wconf 89' lang='lat' dir='ltr'><strong>quoque</strong></span> <span class='ocrx_word' id='word_1_835' title='bbox 3255 4680 3386 4725; x_wconf 90' lang='lat' dir='ltr'><strong>tom.</strong></span> <span class='ocrx_word' id='word_1_836' title='bbox 3426 4668 3467 4736; x_wconf 91' lang='lat' dir='ltr'><strong>l,</strong></span> <span class='ocrx_word' id='word_1_837' title='bbox 3497 4684 3619 4740; x_wconf 87' lang='lat' dir='ltr'><strong>pag.</strong></span> 
     </span>
    </p>
   </div>
   <div class='ocr_carea' id='block_1_87' title="bbox 2045 4760 3624 4835">
    <p class='ocr_par' dir='ltr' id='par_1_87' title="bbox 2045 4760 3624 4835">
     <span class='ocr_line' id='line_1_87' title="bbox 2045 4760 3624 4835; baseline -0.001 -19"><span class='ocrx_word' id='word_1_838' title='bbox 2045 4763 2172 4828; x_wconf 80' lang='lat'><strong>895,</strong></span> <span class='ocrx_word' id='word_1_839' title='bbox 2205 4775 2260 4819; x_wconf 90' lang='lat' dir='ltr'><strong>et</strong></span> <span class='ocrx_word' id='word_1_840' title='bbox 2285 4764 2412 4818; x_wconf 91' lang='lat' dir='ltr'><strong>alibi</strong></span> <span class='ocrx_word' id='word_1_841' title='bbox 2449 4764 2713 4835; x_wconf 89' lang='lat' dir='ltr'><strong>allegatus</strong></span> <span class='ocrx_word' id='word_1_842' title='bbox 2757 4763 2951 4818; x_wconf 88' lang='lat' dir='ltr'><strong>fuerat.</strong></span> <span class='ocrx_word' id='word_1_843' title='bbox 2981 4760 3047 4816; x_wconf 90' lang='lat' dir='ltr'><strong>Il.</strong></span> <span class='ocrx_word' id='word_1_844' title='bbox 3095 4762 3148 4815; x_wconf 91' lang='lat' dir='ltr'><strong>In</strong></span> <span class='ocrx_word' id='word_1_845' title='bbox 3182 4761 3624 4815; x_wconf 78' lang='lat' dir='ltr'><strong>Enarrationibus</strong></span> 
     </span>
    </p>
   </div>
   <div class='ocr_carea' id='block_1_88' title="bbox 2045 4851 3617 4923">
    <p class='ocr_par' dir='ltr' id='par_1_88' title="bbox 2045 4851 3617 4923">
     <span class='ocr_line' id='line_1_88' title="bbox 2045 4851 3617 4923; baseline 0 -18"><span class='ocrx_word' id='word_1_846' title='bbox 2045 4854 2112 4905; x_wconf 88' lang='lat' dir='ltr'><strong>ad</strong></span> <span class='ocrx_word' id='word_1_847' title='bbox 2157 4866 2275 4922; x_wconf 86' lang='lat' dir='ltr'><strong>cap.</strong></span> <span class='ocrx_word' id='word_1_848' title='bbox 2325 4869 2386 4907; x_wconf 93' lang='grc' dir='ltr'><strong>ιιι</strong></span> <span class='ocrx_word' id='word_1_849' title='bbox 2418 4853 2668 4923; x_wconf 67' lang='lat' dir='ltr'><strong>Epistolas</strong></span> <span class='ocrx_word' id='word_1_850' title='bbox 2701 4851 2973 4908; x_wconf 82' lang='lat' dir='ltr'><strong>[Joannis</strong></span> <span class='ocrx_word' id='word_1_851' title='bbox 3011 4851 3377 4922; x_wconf 86' lang='lat' dir='ltr'><strong>apocryphum</strong></span> <span class='ocrx_word' id='word_1_852' title='bbox 3421 4851 3617 4905; x_wconf 89' lang='lat' dir='ltr'><strong>librum</strong></span> 
     </span>
    </p>
   </div>
   <div class='ocr_carea' id='block_1_89' title="bbox 2045 4944 3620 5016">
    <p class='ocr_par' dir='ltr' id='par_1_89' title="bbox 2045 4944 3620 5016">
     <span class='ocr_line' id='line_1_89' title="bbox 2045 4944 3620 5016; baseline -0.001 -18"><span class='ocrx_word' id='word_1_853' title='bbox 2045 4944 2199 5009; x_wconf 89' lang='lat' dir='ltr'><strong>citat,</strong></span> <span class='ocrx_word' id='word_1_854' title='bbox 2237 4947 2326 5014; x_wconf 91' lang='lat' dir='ltr'><strong>qui</strong></span> <span class='ocrx_word' id='word_1_855' title='bbox 2362 4944 2771 5014; x_wconf 77' lang='grc' dir='ltr'><strong>λεπτοτὲνεσις,</strong></span> <span class='ocrx_word' id='word_1_856' title='bbox 2820 4955 2914 4999; x_wconf 89' lang='lat' dir='ltr'><strong>aut</strong></span> <span class='ocrx_word' id='word_1_857' title='bbox 2969 4945 3369 5016; x_wconf 73' lang='grc' dir='ltr'><strong>μικρογένεσις,</strong></span> <span class='ocrx_word' id='word_1_858' title='bbox 3414 4944 3463 4997; x_wconf 92' lang='lat' dir='ltr'><strong>id</strong></span> <span class='ocrx_word' id='word_1_859' title='bbox 3514 4953 3620 5007; x_wconf 87' lang='lat' dir='ltr'><strong>est,</strong></span> 
     </span>
    </p>
   </div>
   <div class='ocr_carea' id='block_1_90' title="bbox 2042 5034 3592 5107">
    <p class='ocr_par' dir='ltr' id='par_1_90' title="bbox 2042 5034 3592 5107">
     <span class='ocr_line' id='line_1_90' title="bbox 2042 5034 3592 5107; baseline 0 -19"><span class='ocrx_word' id='word_1_860' title='bbox 2042 5050 2203 5104; x_wconf 84' lang='lat' dir='ltr'><strong>parva</strong></span> <span class='ocrx_word' id='word_1_861' title='bbox 2234 5036 2468 5103; x_wconf 86' lang='lat' dir='ltr'><strong>Genesis,</strong></span> <span class='ocrx_word' id='word_1_862' title='bbox 2514 5037 2966 5107; x_wconf 82' lang='lat' dir='ltr'><strong>nuncupabatur:</strong></span> <span class='ocrx_word' id='word_1_863' title='bbox 2998 5038 3113 5090; x_wconf 66' lang='lat' dir='ltr'><strong>haec</strong></span> <span class='ocrx_word' id='word_1_864' title='bbox 3140 5036 3283 5091; x_wconf 89' lang='lat' dir='ltr'><strong>enim</strong></span> <span class='ocrx_word' id='word_1_865' title='bbox 3327 5035 3397 5088; x_wconf 91' lang='lat' dir='ltr'><strong>ibi</strong></span> <span class='ocrx_word' id='word_1_866' title='bbox 3432 5034 3592 5102; x_wconf 87' lang='lat' dir='ltr'><strong>legun</strong></span> 
     </span>
    </p>
   </div>
   <div class='ocr_carea' id='block_1_91' title="bbox 2044 5126 3616 5198">
    <p class='ocr_par' dir='ltr' id='par_1_91' title="bbox 2044 5126 3616 5198">
     <span class='ocr_line' id='line_1_91' title="bbox 2044 5126 3616 5198; baseline -0.003 -17"><span class='ocrx_word' id='word_1_867' title='bbox 2044 5135 2132 5181; x_wconf 87' lang='lat' dir='ltr'><strong>tur</strong></span> <span class='ocrx_word' id='word_1_868' title='bbox 2162 5144 2177 5182; x_wconf 91' lang='lat'><strong>:</strong></span> <span class='ocrx_word' id='word_1_869' title='bbox 2212 5127 2355 5181; x_wconf 88' lang='lat' dir='ltr'><strong>Nam</strong></span> <span class='ocrx_word' id='word_1_870' title='bbox 2388 5139 2435 5182; x_wconf 83' lang='lat' dir='ltr'><strong>et</strong></span> <span class='ocrx_word' id='word_1_871' title='bbox 2467 5129 2523 5181; x_wconf 88' lang='lat' dir='ltr'><strong>in</strong></span> <span class='ocrx_word' id='word_1_872' title='bbox 2574 5128 2705 5183; x_wconf 88' lang='lat' dir='ltr'><strong>libro</strong></span> <span class='ocrx_word' id='word_1_873' title='bbox 2744 5129 2835 5196; x_wconf 87' lang='lat' dir='ltr'><strong>qui</strong></span> <span class='ocrx_word' id='word_1_874' title='bbox 2877 5127 3266 5198; x_wconf 82' lang='lat' dir='ltr'><strong>LeptOgenesis</strong></span> <span class='ocrx_word' id='word_1_875' title='bbox 3296 5126 3616 5194; x_wconf 85' lang='lat' dir='ltr'><strong>appellatur,</strong></span> 
     </span>
    </p>
   </div>
   <div class='ocr_carea' id='block_1_92' title="bbox 2043 5219 3619 5290">
    <p class='ocr_par' dir='ltr' id='par_1_92' title="bbox 2043 5219 3619 5290">
     <span class='ocr_line' id='line_1_92' title="bbox 2043 5219 3619 5290; baseline -0.001 -18"><span class='ocrx_word' id='word_1_876' title='bbox 2043 5219 2119 5272; x_wconf 85' lang='lat' dir='ltr'><strong>ita</strong></span> <span class='ocrx_word' id='word_1_877' title='bbox 2161 5220 2375 5289; x_wconf 86' lang='lat' dir='ltr'><strong>legitur,</strong></span> <span class='ocrx_word' id='word_1_878' title='bbox 2400 5222 2526 5290; x_wconf 85' lang='lat' dir='ltr'><strong>quia</strong></span> <span class='ocrx_word' id='word_1_879' title='bbox 2562 5219 2699 5275; x_wconf 86' lang='lat' dir='ltr'><strong>Cain</strong></span> <span class='ocrx_word' id='word_1_880' title='bbox 2730 5221 2921 5287; x_wconf 85' lang='lat' dir='ltr'><strong>lapide,</strong></span> <span class='ocrx_word' id='word_1_881' title='bbox 2974 5230 3065 5274; x_wconf 86' lang='lat' dir='ltr'><strong>aut</strong></span> <span class='ocrx_word' id='word_1_882' title='bbox 3113 5220 3254 5288; x_wconf 86' lang='lat' dir='ltr'><strong>ligno</strong></span> <span class='ocrx_word' id='word_1_883' title='bbox 3305 5221 3619 5287; x_wconf 81' lang='lat' dir='ltr'><strong>percusserit</strong></span> 
     </span>
    </p>
   </div>
   <div class='ocr_carea' id='block_1_93' title="bbox 2043 5306 3614 5378">
    <p class='ocr_par' dir='ltr' id='par_1_93' title="bbox 2043 5306 3614 5378">
     <span class='ocr_line' id='line_1_93' title="bbox 2043 5306 3614 5378; baseline 0.002 -21"><span class='ocrx_word' id='word_1_884' title='bbox 2043 5306 2172 5360; x_wconf 86' lang='lat' dir='ltr'><strong>Abel</strong></span> <span class='ocrx_word' id='word_1_885' title='bbox 2199 5320 2219 5358; x_wconf 84' lang='lat'><strong>.&#39;</strong></span> <span class='ocrx_word' id='word_1_886' title='bbox 2242 5310 2380 5363; x_wconf 86' lang='lat' dir='ltr'><strong>unde</strong></span> <span class='ocrx_word' id='word_1_887' title='bbox 2412 5312 2766 5376; x_wconf 85' lang='lat' dir='ltr'><strong>deputandum</strong></span> <span class='ocrx_word' id='word_1_888' title='bbox 2792 5328 2893 5364; x_wconf 85' lang='lat' dir='ltr'><strong>non</strong></span> <span class='ocrx_word' id='word_1_889' title='bbox 2919 5320 3017 5372; x_wconf 89' lang='lat' dir='ltr'><strong>est,</strong></span> <span class='ocrx_word' id='word_1_890' title='bbox 3046 5310 3379 5378; x_wconf 82' lang='lat' dir='ltr'><strong>percussione</strong></span> <span class='ocrx_word' id='word_1_891' title='bbox 3402 5311 3505 5362; x_wconf 83' lang='lat' dir='ltr'><strong>dict</strong></span> <span class='ocrx_word' id='word_1_892' title='bbox 3526 5325 3614 5363; x_wconf 85' lang='lat' dir='ltr'><strong>so-</strong></span> 
     </span>
    </p>
   </div>
   <div class='ocr_carea' id='block_1_94' title="bbox 2043 5394 3616 5469">
    <p class='ocr_par' dir='ltr' id='par_1_94' title="bbox 2043 5394 3616 5469">
     <span class='ocr_line' id='line_1_94' title="bbox 2043 5394 3616 5469; baseline 0.003 -23"><span class='ocrx_word' id='word_1_893' title='bbox 2043 5394 2308 5451; x_wconf 90' lang='lat' dir='ltr'><strong>lummodo</strong></span> <span class='ocrx_word' id='word_1_894' title='bbox 2337 5400 2455 5466; x_wconf 81' lang='lat' dir='ltr'><strong>ﬁeri</strong></span> <span class='ocrx_word' id='word_1_895' title='bbox 2492 5402 2706 5463; x_wconf 82' lang='lat' dir='ltr'><strong>uulnus,</strong></span> <span class='ocrx_word' id='word_1_896' title='bbox 2735 5404 2824 5454; x_wconf 88' lang='lat' dir='ltr'><strong>sed</strong></span> <span class='ocrx_word' id='word_1_897' title='bbox 2868 5401 3102 5453; x_wconf 77' lang='lat' dir='ltr'><strong>absolute</strong></span> <span class='ocrx_word' id='word_1_898' title='bbox 3136 5416 3340 5453; x_wconf 88' lang='lat' dir='ltr'><strong>omnem</strong></span> <span class='ocrx_word' id='word_1_899' title='bbox 3381 5399 3616 5469; x_wconf 88' lang='lat' dir='ltr'><strong>plagam,</strong></span> 
     </span>
    </p>
   </div>
   <div class='ocr_carea' id='block_1_95' title="bbox 2039 5488 3617 5560">
    <p class='ocr_par' dir='ltr' id='par_1_95' title="bbox 2039 5488 3617 5560">
     <span class='ocr_line' id='line_1_95' title="bbox 2039 5488 3617 5560; baseline 0.001 -21"><span class='ocrx_word' id='word_1_900' title='bbox 2039 5502 2157 5556; x_wconf 70' lang='lat' dir='ltr'><strong>qua:</strong></span> <span class='ocrx_word' id='word_1_901' title='bbox 2179 5488 2545 5544; x_wconf 87' lang='lat' dir='ltr'><strong>lacerationem</strong></span> <span class='ocrx_word' id='word_1_902' title='bbox 2577 5492 2703 5560; x_wconf 83' lang='lat' dir='ltr'><strong>facit</strong></span> <span class='ocrx_word' id='word_1_903' title='bbox 2734 5492 2787 5544; x_wconf 87' lang='lat' dir='ltr'><strong>in</strong></span> <span class='ocrx_word' id='word_1_904' title='bbox 2815 5506 3050 5547; x_wconf 76' lang='lat' dir='ltr'><strong>corpore.</strong></span> <span class='ocrx_word' id='word_1_905' title='bbox 3078 5489 3165 5543; x_wconf 92' lang='lat' dir='ltr'><strong>lll.</strong></span> <span class='ocrx_word' id='word_1_906' title='bbox 3198 5490 3252 5543; x_wconf 95' lang='lat' dir='ltr'><strong>lu</strong></span> <span class='ocrx_word' id='word_1_907' title='bbox 3277 5501 3617 5549; x_wconf 79' lang='lat' dir='ltr'><strong>commenta-</strong></span> 
     </span>
    </p>
   </div>
   <div class='ocr_carea' id='block_1_96' title="bbox 2045 5577 3619 5652">
    <p class='ocr_par' dir='ltr' id='par_1_96' title="bbox 2045 5577 3619 5652">
     <span class='ocr_line' id='line_1_96' title="bbox 2045 5577 3619 5652; baseline 0 -24"><span class='ocrx_word' id='word_1_908' title='bbox 2045 5577 2142 5632; x_wconf 90' lang='lat' dir='ltr'><strong>riis</strong></span> <span class='ocrx_word' id='word_1_909' title='bbox 2177 5581 2242 5633; x_wconf 84' lang='lat' dir='ltr'><strong>ad</strong></span> <span class='ocrx_word' id='word_1_910' title='bbox 2297 5593 2459 5652; x_wconf 88' lang='lat' dir='ltr'><strong>caput</strong></span> <span class='ocrx_word' id='word_1_911' title='bbox 2485 5599 2578 5638; x_wconf 88' lang='lat' dir='ltr'><strong>VIII</strong></span> <span class='ocrx_word' id='word_1_912' title='bbox 2633 5584 2913 5647; x_wconf 76' lang='lat' dir='ltr'><strong>Actorum,</strong></span> <span class='ocrx_word' id='word_1_913' title='bbox 2952 5592 3081 5636; x_wconf 89' lang='lat' dir='ltr'><strong>tom.</strong></span> <span class='ocrx_word' id='word_1_914' title='bbox 3125 5579 3190 5634; x_wconf 82' lang='lat' dir='ltr'><strong>IV</strong></span> <span class='ocrx_word' id='word_1_915' title='bbox 3236 5578 3619 5634; x_wconf 79' lang='lat' dir='ltr'><strong>Anecdotorum</strong></span> 
     </span>
    </p>
   </div>
   <div class='ocr_carea' id='block_1_97' title="bbox 1408 5682 3621 5768">
    <p class='ocr_par' dir='ltr' id='par_1_97' title="bbox 1408 5682 3621 5768">
     <span class='ocr_line' id='line_1_97' title="bbox 1408 5682 3621 5768; baseline 0.004 -28"><span class='ocrx_word' id='word_1_916' title='bbox 1408 5682 1429 5714; x_wconf 86' lang='grc'><strong>⁹</strong></span> <span class='ocrx_word' id='word_1_917' title='bbox 1454 5682 1642 5740; x_wconf 77' lang='lat' dir='ltr'><strong>Matth.</strong></span> <span class='ocrx_word' id='word_1_918' title='bbox 1681 5699 1735 5752; x_wconf 78' lang='grc' dir='ltr'>ιι,</span> <span class='ocrx_word' id='word_1_919' title='bbox 1770 5685 1858 5742; x_wconf 70' lang='grc'><strong>51.</strong></span> <span class='ocrx_word' id='word_1_920' title='bbox 1939 5687 1981 5720; x_wconf 80' lang='grc'><strong>¹⁰</strong></span> <span class='ocrx_word' id='word_1_921' title='bbox 2015 5687 2214 5763; x_wconf 84' lang='lat' dir='ltr'><strong>Ephes.</strong></span> <span class='ocrx_word' id='word_1_922' title='bbox 2266 5714 2305 5765; x_wconf 88' lang='lat' dir='ltr'><strong>I,</strong></span> <span class='ocrx_word' id='word_1_923' title='bbox 2356 5697 2409 5753; x_wconf 75' lang='grc'><strong>4.</strong></span> <span class='ocrx_word' id='word_1_924' title='bbox 2488 5700 2527 5731; x_wconf 83' lang='grc'><strong>¹¹</strong></span> <span class='ocrx_word' id='word_1_925' title='bbox 2561 5698 2749 5754; x_wconf 87' lang='lat' dir='ltr'><strong>Matth.</strong></span> <span class='ocrx_word' id='word_1_926' title='bbox 2774 5713 2849 5767; x_wconf 75' lang='lat' dir='ltr'><strong>XI,</strong></span> <span class='ocrx_word' id='word_1_927' title='bbox 2872 5698 2923 5752; x_wconf 79' lang='grc'><strong>5.</strong></span> <span class='ocrx_word' id='word_1_928' title='bbox 2972 5695 3192 5768; x_wconf 80' lang='lat' dir='ltr'><strong>“_Joan.</strong></span> <span class='ocrx_word' id='word_1_929' title='bbox 3246 5694 3339 5762; x_wconf 84' lang='grc' dir='ltr'>ι,1</span> <span class='ocrx_word' id='word_1_930' title='bbox 3442 5692 3489 5725; x_wconf 72' lang='grc'><strong>⁸³</strong></span> <span class='ocrx_word' id='word_1_931' title='bbox 3514 5690 3621 5748; x_wconf 80' lang='lat' dir='ltr'><strong>lsa°</strong></span> 
     </span>
    </p>
   </div>
  </div>
