4092 6388
595 303 700 358 167

2034 311 2117 365 DE
2162 311 2420 367 DIDYIIO
3038 364 3044 369 .
3717 311 3799 364 ισς

593 418 778 473 ινυιηῑ
811 436 930 488 pag.
1075 442 1090 478 :
1135 423 1275 489 Quia
1307 441 1445 488 t'ero,
1483 427 1675 493 inquit,
1712 431 1764 482 in
1795 433 2065 482 canonicis
2105 433 2173 482 li-
2204 437 2246 490 Α
2280 448 2341 482 ac
2374 432 2627 484 rhetorica
2655 431 2904 497 facundia
2936 429 3118 493 procul
3147 428 3350 480 abesse.
3384 426 3587 479 Demum
3633 427 3737 478 illud
3756 437 3800 482 ct

590 511 696 562 bris
735 528 838 565 non
868 515 1202 580 exprimitur.
1235 533 1337 581 quo
1389 521 1669 577 nerreuerit
1715 520 2012 588 (Enocbns
2035 523 2078 592 ),
2121 523 2177 577 in

589 605 901 670 apocryphis
945 607 998 658 in
1026 608 1335 674 paradisum
1361 610 1599 662 sublatus
1629 623 1972 667 memoratur.

589 692 720 746 CAP.
752 693 873 748 XX.
905 694 1143 773 Plurima
1183 699 1452 773 theologus
1487 710 1668 773 noster
1685 701 1798 753 loca
1839 702 1989 754 habet
2022 713 2176 773 atque

661 777 969 841 argumenta
1018 768 1439 841 tispersimilia,
1493 787 1610 838 qua:
1657 772 1709 822 in
1749 773 1904 825 editis
1965 768 2176 841 Didymi

627 859 635 867 -
661 834 903 900 operibus
929 838 1282 901 reperiuntur.

662 965 836 1032 Quam
863 967 1092 1037 plurima
1127 971 1178 1022 in
1219 970 1468 1036 theologo
1497 983 1683 1025 nostro
1709 973 1823 1025 loca
1856 989 1974 1026 esse
2007 986 2171 1044 atque

591 1070 910 1128 argumenta
956 1061 1022 1116 iis
1053 1062 1208 1117 valde
1239 1063 1441 1128 atlinia,
1468 1081 1587 1133 qum
1620 1067 1669 1117 in
1705 1067 1910 1137 Didymi
1945 1084 2173 1135 opuscu-

591 1150 679 1209 lis.
717 1152 1058 1223 maximeque
1109 1157 1160 1207 in
1207 1155 1344 1209 libro
1395 1155 1467 1208 De
1519 1157 1719 1224 Spiritu
1765 1170 1945 1212 sancto
1977 1177 2171 1213 occur-

590 1255 736 1308 runt,
769 1256 925 1298 extra
976 1261 1191 1300 omnem
1243 1251 1673 1302 controversiam
1709 1255 1940 1318 positum
1977 1265 2078 1306 est.
2116 1254 2170 1308 ld

589 1337 732 1389 enim
780 1338 981 1404 passim
1015 1338 1227 1392 ostendi
1281 1340 1332 1392 in
1390 1341 1549 1394 notis.
1597 1341 1670 1393 Νι
1723 1357 1852 1394 vero
1892 1359 2011 1410 qua:
2057 1345 2168 1412 jam

591 1428 810 1494 scripsi,
849 1445 1034 1484 rursus
1080 1432 1258 1485 dicere
1293 1449 1478 1500 cogar,
1507 1435 1760 1488 lectorem
1792 1452 1944 1506 rogo,
1982 1447 2038 1491 ιιι
2073 1440 2169 1493 has

589 1531 894 1586 percurrat,
940 1539 1002 1576 ac
1040 1539 1133 1578 eas
1164 1527 1462 1591 prmsertim
1510 1543 1630 1594 qua:
1661 1538 1868 1579 exstant
1910 1545 1937 1580 a
1973 1531 2167 1596 pagina

590 1607 693 1660 160
723 1610 787 1660 ad
828 1610 946 1664 I70.
978 1611 1094 1666 Jam
1125 1628 1251 1664 vero
1281 1624 1482 1668 tantam
1513 1613 1726 1684 quoque
1759 1619 2165 1672 similitudinem

589 1697 846 1752 indicium
869 1715 992 1755 esse
1011 1704 1206 1769 opinor
1231 1718 1335 1756 non
1358 1709 1832 1765 contemnemlum.
1860 1724 1966 1775 quo
1999 1709 2163 1760 nostri

2282 520 2393 587 ipse
2421 523 2552 589 petit
2589 521 2785 574 ibidem
2830 537 2976 574 ιιιιιιι,
3013 520 3102 584 63,
3134 530 3191 570 ιιι
3230 519 3316 585 qui
3359 521 3464 584 ejus
3495 518 3703 570 volumen
3735 517 3799 569 (e-

2277 627 2396 677 gere
2450 611 2705 673 voluerit,
2757 614 2966 663 mundat
3023 626 3076 661 se
3121 611 3183 661 ab
3228 610 3370 661 omni
3409 626 3551 675 apere
3586 611 3723 672 malo,
3762 621 3801 663 et

2281 701 2688 766 cogitationibus
2738 702 2996 768 pessimis.
3048 701 3299 754 Potestne
3343 699 3505 765 major
3543 703 3632 752 hac
3667 703 3804 758 etiam

2282 790 2332 843 in
2373 806 2428 844 re
2469 793 2607 844 inter
2639 803 2924 859 utrumque
2954 792 3292 845 intercedere
3326 791 3626 844 similitudo.

2385 882 2514 936 CAP.
2550 883 2712 936 XXII.
2750 881 3030 951 Utriusque
3062 882 3229 952 stylus
3263 884 3394 934 idem
3425 883 3618 934 omnino
3647 894 3730 935 est.

2348 972 2504 1026 Aliud
2553 989 2692 1026 ltllttc
2722 984 3098 1042 argumentum
3142 989 3208 1026 ex
3242 974 3477 1026 auctoris
3524 974 3694 1029 nostri.
3728 973 3805 1026 Di-

2278 1063 2531 1132 dymique
2579 1065 2718 1132 ston
2750 1065 3036 1117 deductum
3072 1065 3429 1131 adjiciendum
3469 1074 3567 1117 est.
3600 1065 3694 1116 Sed
3726 1083 3805 1117 an-

2279 1162 2496 1221 tequam
2527 1156 2577 1207 id
2611 1155 2824 1218 faciam,
2863 1171 3103 1222 qumrerc
3133 1170 3354 1210 necesse
3398 1166 3500 1222 est,
3536 1169 3700 1210 utrum
3736 1157 3809 1211 Di-

2275 1244 2468 1313 dymus
2519 1245 2777 1313 eloquens
2814 1260 2878 1298 ac
2917 1247 3150 1301 disertus
3194 1245 3298 1300 dici
3335 1257 3511 1316 queat.
3551 1247 3654 1313 Qua
3688 1249 3732 1299 in
3761 1262 3808 1302 re

2275 1337 2450 1390 dicam
2502 1337 2731 1404 ingenue
2771 1338 2912 1406 quod
2948 1339 3143 1391 sentio.
3179 1339 3438 1408 Equidem
3469 1339 3607 1392 illum
3641 1340 3810 1392 doctis-

2273 1427 2468 1480 simum
2499 1426 2684 1494 fuisse,
2713 1439 2874 1498 atque
2907 1430 2958 1481 in
2997 1428 3293 1496 Scriptura:
3327 1432 3614 1499 przesertim
3637 1431 3806 1494 studio,

2271 1530 2324 1571 et
2361 1519 2804 1587 interpretatione
2839 1529 2947 1573 tam
2979 1530 3251 1575 versatum
3281 1538 3439 1591 quam
3474 1523 3562 1591 qui
3589 1522 3808 1584 maxime,

2273 1609 2500 1664 libenter
2550 1613 2821 1676 concedo;
2857 1613 2984 1682 quin
3033 1613 3234 1678 multis,
3271 1615 3444 1681 iisque
3478 1614 3711 1684 gravibus
3737 1629 3810 1665 ra-

2273 1703 2509 1757 tionibus
2569 1704 2850 1757 hmreticos
2885 1705 2952 1758 ab
3001 1719 3064 1757 eo
3128 1705 3317 1766 refelli,
3355 1705 3476 1772 jure
3524 1720 3672 1758 nemo
3707 1704 3812 1758 inli-

585 1790 766 1856 operis
799 1801 988 1845 auctor
1019 1794 1321 1858 delegatur,
1362 1811 1425 1849 ac
1453 1813 1592 1852 unus
1629 1770 1890 1867 idemque
1920 1803 2042 1855 culn
2083 1805 2158 1856 Di-

2278 1793 2407 1847 ciari
2447 1803 2639 1862 potest.
2662 1792 2766 1846 Sed
2791 1795 2836 1848 si
2870 1796 2936 1848 de
2959 1809 3021 1848 ea
3055 1794 3359 1864 eloquentia
3389 1811 3565 1851 sermo
3585 1796 3649 1849 sit
3674 1810 3810 1864 quant

587 1883 747 1949 dytno
786 1899 907 1938 esse
952 1885 1241 1940 indicetur.
1278 1889 1349 1942 At
1384 1893 1577 1958 potuit.
1623 1893 1854 1961 inquies,
1893 1896 2174 1964 theologus

585 1971 686 2027 iste
723 1975 1000 2044 Didymum
1030 1978 1250 2033 imitari.
1284 1981 1399 2035 Non
1434 1984 1684 2039 dilllteor.
1713 1985 1820 2039 Sed
1859 1988 2041 2054 primo
2068 2007 2170 2043 non

585 2063 715 2118 iilud
739 2081 881 2122 nunc
907 2071 1188 2136 quaritur,
1219 2073 1347 2140 quid
1380 2074 1494 2127 fieri
1534 2077 1756 2128 omnino
1789 2080 2045 2141 potuerit.
2078 2083 2170 2134 sed

583 2155 714 2224 quid
750 2160 1086 2227 probabilius
1138 2162 1228 2219 sit.
1281 2163 1482 2218 Deinde
1531 2165 1602 2218 ita
1640 2169 1883 2235 quautam
1940 2172 2169 2238 theologi

589 2251 762 2302 nostri
795 2251 908 2306 loca
937 2255 1262 2322 quibusdam
1300 2256 1510 2325 Didymi
1552 2259 1683 2312 locis
1709 2261 1904 2313 similia
1936 2276 2081 2327 sunt,
2116 2274 2171 2318 ut

582 2355 726 2406 sa-pe
771 2346 970 2397 eaedem
1021 2345 1312 2413 utrobique
1358 2346 1621 2403 lectiones
1675 2336 2168 2420 deprchentlantur,

585 2433 742 2484 iith-m
789 2433 1086 2504 Scriptura;
1139 2447 1315 2493 textus
1369 2457 1490 2494 cum
1547 2443 1733 2496 iisdem
1766 2444 2165 2507 additamensis,

583 2518 744 2574 iidem
779 2525 1054 2581 memoria:
1085 2525 1286 2593 lapsus,
1327 2531 1465 2583 idem
1502 2531 1734 2598 denique
1764 2534 1954 2602 stylus,
1986 2551 2047 2588 ac
2077 2551 2167 2588 ra-

581 2611 873 2666 tiocinandi
911 2613 1100 2669 modus
1133 2636 1146 2670 :
1187 2634 1306 2686 quae
1350 2621 1528 2672 omnia
1565 2632 1622 2674 ut
1653 2623 1702 2674 in
1734 2623 1942 2678 ιΙιιυΙιιιε
1971 2637 2164 2683 aucto-

584 2705 736 2759 ribus
766 2715 874 2759 tam
906 2708 1100 2762 similia
1145 2712 1277 2775 sint,
1318 2715 1403 2766 vix
1437 2715 1550 2768 fieri
1579 2732 1737 2784 posse
1765 2719 1996 2774 videtur.

579 2795 710 2852 CAP.
773 2798 916 2853 XXI.
983 2800 1270 2879 Utriusque
1337 2809 1533 2879 scripta
1610 2822 1873 2863 auctorem
1937 2813 2164 2879 produnt

971 2873 1164 2926 eisdem
1212 2877 1442 2929 moribus
1474 2883 1773 2944 prmtlitunt.

645 2978 951 3034 ‘Videndum
988 2999 1132 3037 nunc
1163 2987 1348 3048 etiam,
1377 2989 1571 3057 quibus
1603 2991 1843 3043 moribus
1878 2996 2160 3060 prteditum

577 3083 637 3122 se
664 3070 854 3136 prodat
890 3082 1119 3142 uterque
1149 3087 1373 3141 auctor;
1418 3079 1530 3131 fieri
1579 3080 1720 3132 enim
1761 3092 1935 3147 potest
1971 3095 2026 3136 ut
2061 3085 2156 3136 ali-
2187 3108 2227 3162 ρ

575 3159 717 3228 quod
769 3171 824 3215 et
853 3162 939 3216 isti
971 3165 1126 3219 nobis
1166 3167 1420 3220 indicium
1458 3168 1889 3224 subministrant.
1925 3173 2055 3239 Quae
2102 3175 2154 3228 in

576 3250 830 3321 theologo
879 3255 1096 3322 quidem
1153 3251 1592 3322 nostro'notavi,
1648 3258 1760 3312 hmc.
1817 3262 2154 3329 potissimum

574 3352 698 3397 sunt
731 3363 745 3398 :
788 3344 827 3401 Ι.
853 3347 1104 3402 Summus
1149 3364 1248 3416 pro
1283 3351 1546 3404 catholica
1600 3351 1651 3402 in
1701 3350 2021 3408 Trinitatem
2055 3353 2158 3408 fide

573 3439 724 3492 zelus
765 3441 817 3492 in
864 3447 975 3492 toto
1019 3454 1181 3506 opere
1215 3439 1424 3501 elucet,
1464 3441 1806 3510 maximeque
1852 3458 1971 3511 pag.
2025 3442 2153 3509 202,

575 3530 666 3586 ubi
695 3541 942 3598 paratum
989 3545 1047 3584 se
1073 3546 1195 3584 esse
1223 3531 1504 3598 profitetur
1535 3549 1736 3585 onmem
1761 3533 1991 3586 laborem
2023 3545 2157 3588 stre-

572 3639 694 3682 nue.
721 3638 781 3672 ac
809 3622 1121 3687 periculum,
1147 3622 1192 3673 si
1219 3638 1347 3688 opus
1381 3622 1559 3688 fuerit,
1587 3625 1762 3676 subire
1794 3642 1885 3686 pro
1909 3627 2006 3678 hac
2028 3626 2150 3692 ﬁde.

571 3713 635 3768 II.
675 3714 749 3766 De
781 3728 839 3766 se
880 3713 997 3782 ipso
1046 3715 1158 3766 haec
1197 3714 1305 3766 fere
1336 3716 1519 3766 scribit
1558 3731 1682 3780 pag.
1715 3717 1819 3768 235
1859 3733 1870 3768 :
1925 3718 2155 3773 Maxime

573 3804 719 3857 nobis
744 3814 851 3856 toto
876 3804 995 3856 vita:
1023 3805 1267 3866 decursu,
1294 3817 1346 3856 ut
1366 3807 1511 3858 nobis
1536 3807 1743 3873 quidem
1771 3809 1991 3871 videtur,
2013 3827 2154 3863 cura!

569 3894 696 3963 fuit,
733 3905 787 3947 ut
836 3895 990 3948 nihil.
1051 3935 1064 3948 .
1117 3935 1130 3947 .
1167 3900 1629 3964 pronuntiaremus
1675 3897 1894 3971 [XXIX]
1937 3918 2002 3955 er-
2031 3904 2154 3955 odio

567 3987 623 4040 in
656 4001 986 4056 quemquam,
1020 3995 1069 4039 et
1115 3988 1407 4039 convicium
1456 3990 1742 4054 quodlibet.
1799 3995 2005 4044 tametsi
2049 4011 2152 4047 non

566 4077 848 4145 injustam,
891 4077 1190 4131 vitavimus.
1232 4076 1578 4132 lll.l)emisse
1607 4095 1669 4132 ac
1714 4086 1956 4136 modeste
1999 4085 2065 4138 de
2094 4100 2153 4139 se

567 4169 684 4240 ipse
716 4171 901 4237 sentit,
935 4185 999 4226 ac
1033 4171 1286 4240 loquitur,
1323 4175 1447 4228 dum
1481 4192 1539 4230 se
1579 4179 1908 4240 indisertum,
1939 4195 2001 4233 ac
2031 4198 2151 4248 pec-

565 4273 795 4315 eatorem
826 4273 986 4315 vocat
1018 4278 1138 4332 pag.
1185 4265 1307 4328 519,
1344 4277 1504 4334 atque
1538 4270 1810 4338 indignum
1850 4287 1972 4339 pag.
2024 4273 2147 4327 104.

565 4351 654 4408 IV.
691 4353 791 4418 Qui
821 4355 886 4408 de
913 4354 1193 4408 divinitate
1225 4356 1490 4412 disserere
1517 4360 1666 4424 velit,
1698 4362 1745 4414 ei
1789 4364 2147 4418 necessariam

2282 1885 2332 1936 in
2367 1884 2622 1946 Isocrate,
2651 1885 2702 1938 in
2725 1885 3105 1948 Demosthene,
3146 1886 3197 1938 in
3231 1885 3512 1947 Eschine,
3531 1895 3682 1955 atque
3702 1886 3812 1939 adeo

2285 1975 2337 2026 in
2373 1973 2588 2037 Basilio,
2619 1975 2670 2027 in
2701 1973 2904 2028 Joanne
2943 1974 3351 2045 Chrysostomo,
3372 1976 3426 2028 in
3458 1975 3702 2043 Gregorio
3731 1976 3811 2028 Na-

2275 2069 2531 2121 zianzcno
2578 2067 2922 2135 suspicimus,
2979 2068 3046 2122 ab
3093 2068 3193 2122 hac
3235 2069 3392 2134 longe
3447 2070 3612 2139 ipsum
3655 2072 3812 2123 abesse

2272 2159 2548 2212 existimo.
2581 2158 2838 2224 Quamvis
2861 2160 3002 2213 enim
3038 2159 3284 2214 Graecum
3316 2163 3592 2230 exemplar
3624 2161 3731 2214 libri
3751 2160 3813 2213 De

2274 2251 2473 2321 Spiritu
2537 2262 2719 2305 sancto
2759 2263 2920 2320 atque
2980 2252 3391 2306 Enarrationum
3429 2253 3706 2315 interierit,
3749 2261 3812 2304 ta-

2272 2361 2392 2397 men
2423 2361 2487 2397 ex
2538 2343 2726 2397 Latina
2764 2345 2954 2398 horum
3005 2361 3228 2412 operum
3292 2347 3746 2414 interpretatione,
3769 2351 3814 2396 et

2269 2449 2333 2488 ex
2368 2434 2571 2489 Grmcis
2603 2452 2722 2504 quae
2755 2447 3046 2505 supersunt
3070 2435 3186 2502 ejus
3209 2439 3506 2505 opusculis,
3533 2447 3685 2505 atque
3725 2437 3814 2488 fra-

2269 2529 2501 2594 gmentis
2533 2543 2642 2581 rem
2678 2529 2750 2582 ita
2779 2546 2899 2583 esse
2939 2530 3306 2598 intelligimus.
3340 2529 3490 2584 Talis
3517 2530 3711 2584 scilicet
3740 2527 3816 2580 Di-

2268 2617 2413 2684 dymi
2475 2619 2647 2671 oratio
2694 2621 2906 2674 videtur
2954 2621 3107 2684 mihi,
3139 2622 3311 2690 qualis
3361 2623 3600 2675 auctoris
3647 2619 3811 2673 nostri.

2272 2707 2406 2761 Nam
2456 2709 2803 2764 doctissimus
2845 2723 2897 2764 et
2934 2712 3033 2764 iste
3078 2722 3180 2774 est,
3238 2723 3289 2766 et
3345 2713 3395 2766 in
3445 2713 3812 2780 Scripturarum

2269 2814 2462 2867 campo
2511 2802 2706 2854 mirum
2757 2802 2809 2855 in
2867 2805 3080 2856 modum
3130 2806 3484 2868 exercitatus,
3523 2814 3728 2859 strenue
3770 2803 3815 2855 in

2266 2891 2609 2946 adversarios
2661 2893 2920 2954 decertat,
2952 2895 3396 2964 gravissimisque
3443 2906 3501 2950 ιιι
3555 2897 3815 2966 plurimum

2267 2985 2604 3052 argumentis
2636 3000 2729 3039 eos
2761 2986 3024 3050 confutat,
3071 2997 3232 3056 atque
3280 2987 3552 3057 profligat.
3604 2989 3702 3042 Sed
3751 2989 3818 3038 fa-

2267 3076 2497 3142 cundus,
2525 3077 2784 3141 disertus,
2819 3079 3077 3146 eloquens
3107 3094 3226 3133 meo
3265 3080 3488 3148 quidem
3513 3080 3706 3149 judicio
3731 3078 3817 3132 dici

2263 3169 2467 3234 nequit.

2331 3259 2399 3310 At
2435 3269 2700 3312 emunt-ta:
2749 3260 2895 3313 naris
2930 3261 3010 3313 vir
3063 3260 3446 3331 Hieronymus,
3503 3261 3731 3329 inquies,
3775 3259 3817 3311 in

2260 3345 2498 3413 Epistula
2559 3349 2627 3400 84
2675 3349 2740 3400 ad
2795 3348 3204 3402 Pamtnachium
3247 3360 3300 3403 et
3360 3351 3657 3414 Oceanum,
3697 3348 3819 3414 Quid

2259 3439 2602 3505 prudentior.
2666 3439 2775 3500 ait,
2845 3440 3085 3503 doctior,
3133 3443 3463 3510 eloquentior
3511 3441 3726 3495 Eusebio
3767 3454 3820 3491 ac

2261 3530 2538 3599 Didymo?
2569 3530 2824 3584 Socrates
2851 3547 2976 3584 vero
3009 3534 3097 3585 lib.
3136 3549 3209 3599 tv,
3255 3550 3373 3602 cap.
3417 3535 3512 3595 25,
3561 3535 3820 3602 ἐλλόγιμον

2259 3622 2430 3688 ipsmn
2471 3622 2750 3692 Didymum
2786 3636 2963 3686 vocat,
2998 3623 3101 3678 hoc
3138 3635 3242 3691 est,
3278 3636 3334 3680 ut
3370 3630 3536 3682 vertit
3577 3627 3819 3688 Valesius,

2255 3713 2675 3765 disertissimum.

2326 3801 2543 3858 Fateor.
2587 3804 2782 3856 Verum
2835 3801 3061 3858 Ruﬁnus
3107 3820 3321 3873 quoque
3371 3807 3422 3858 in
3475 3806 3614 3860 Hist.
3655 3805 3819 3860 eerles.

2257 3894 2370 3947 Iure
2403 3893 2469 3947 de
2505 3894 2726 3963 Didytuo
2759 3904 2985 3948 testatus
3011 3906 3113 3952 est.
3150 3896 3326 3950 Etiam
3358 3916 3500 3952 nunc
3553 3902 3606 3952 iu
3648 3914 3819 3967 magna

2258 3984 2610 4035 admiratione
2657 3984 2914 4036 habentur
2967 3983 3200 4053 (Didymi
3255 3988 3464 4055 opera).
3513 3985 3622 4039 Nos
3665 3996 3820 4037 tamen

2252 4077 2342 4144 qui
2378 4087 2422 4128 et
2459 4077 2588 4129 vitae
2618 4079 2754 4129 vocis
2795 4075 2908 4144 ejus
2950 4093 3014 4128 ex
3051 4090 3200 4143 parte
3250 4078 3426 4146 aliqua
3458 4080 3654 4148 [uilitas
3681 4078 3821 4130 audi-

2253 4178 2411 4229 tores,
2444 4179 2490 4220 et
2531 4185 2616 4228 ea,
2648 4184 2766 4236 qute
2809 4186 2840 4220 α
2883 4169 3150 4221 nonnullis
3195 4171 3399 4222 dicente
3437 4189 3500 4223 eo
3551 4172 3816 4236 descripta,

2251 4260 2471 4327 legimus
2516 4261 2667 4326 longe
2702 4260 2959 4326 majorem
2998 4262 3246 4327 gratiam,
3294 4272 3340 4312 et
3387 4263 3624 4314 divinum
3663 4260 3817 4314 nescio

2251 4351 2399 4418 quid,
2429 4366 2490 4401 ac
2518 4367 2678 4416 supra
2718 4352 3005 4402 humanam
3044 4367 3217 4404 vocent
3249 4369 3466 4416 sonans,
3499 4357 3552 4405 in
3584 4353 3686 4407 illis
3711 4368 3816 4404 ma-

565 4458 687 4498 esse
727 4445 882 4498 docet
911 4459 1032 4513 pag.
1080 4446 1200 4510 105,
1251 4462 1355 4500 non
1405 4449 1567 4503 modo
1613 4451 2008 4516 eruditionem,
2051 4457 2143 4510 sed

2258 4440 2329 4508 gis
2381 4441 2728 4502 sermonibus,
2785 4440 2875 4508 qui
2927 4443 2990 4494 de
3049 4457 3136 4494 ore
3170 4442 3346 4507 jipsius
3407 4445 3816 4512 proferebantur,

564 4533 816 4602 pietatem
847 4550 1080 4602 quoque,
1119 4535 1254 4589 bona
1296 4553 1480 4606 opera,
1513 4554 1576 4594 ac
1611 4542 2037 4596 meditationem.

633 4622 915 4692 Didymum
953 4629 1111 4678 modo
1139 4645 1259 4680 cum
1291 4629 1596 4695 hujusmodi
1644 4641 1888 4694 auctore.
1921 4635 2135 4701 qualem

564 4713 972 4781 descripsimus,
1002 4731 1399 4784 comparemus.
1433 4721 1720 4776 LMasinto
1749 4740 1845 4792 pro
1876 4727 2140 4781 catholica

566 4805 634 4856 de
668 4805 932 4860 Trinitate
957 4810 1201 4861 doctrina
1235 4812 1351 4864 zelo
1374 4828 1494 4866 eum
1529 4815 1920 4870 inflammatum
1955 4818 2142 4884 luisse,

563 4910 788 4950 necesse
818 4913 922 4950 non
953 4909 1037 4951 est
1064 4902 1347 4956 ostendere
1380 4921 1392 4954 :
1442 4907 1576 4957 adeo
1612 4906 1892 4960 manifesta
1942 4921 2027 4962 res
2063 4919 2145 4964 est

563 5001 685 5039 cum
733 5001 798 5040 ex
853 4989 1104 5042 omnibus
1139 4990 1256 5058 ejus
1287 4994 1564 5059 Operibus,
1608 5005 1722 5049 tum
1782 5013 1845 5052 ev
1896 5008 2140 5053 veterum

567 5079 903 5132 testimoniis.
941 5078 1004 5133 ll.
1033 5081 1074 5133 A
1103 5084 1294 5149 quovis
1323 5087 1593 5146 convicio.
1629 5090 1770 5155 quod
1820 5090 1990 5157 probo
2025 5091 2142 5145 viro

566 5165 840 5234 indignum
878 5167 970 5229 sit,
1007 5169 1079 5222 ita
1111 5171 1414 5234 abhorruit,
1439 5183 1497 5225 ut
1533 5176 1583 5228 in
1626 5175 1762 5230 libro
1811 5176 1890 5230 De
1935 5177 2142 5246 Spiritu

560 5266 743 5310 sancto
805 5256 1206 5323 Macedonium,
1275 5277 1339 5317 ac
1396 5263 1828 5332 Macedonianos,
1880 5273 2142 5321 adversus

558 5364 697 5418 quos
724 5367 788 5404 ex
827 5351 1071 5420 professo
1094 5355 1305 5418 scribit,
1338 5373 1403 5410 ne
1430 5359 1594 5411 semel
1621 5361 1838 5428 quidem
1871 5362 2138 5425 nominet,

562 5451 618 5490 ut
652 5456 771 5510 pag.
816 5441 920 5496 175
978 5455 1088 5498 ιιοι.
1142 5445 1165 5497 I
1220 5449 1597 5502 animadverti.
1658 5449 1742 5503 III.
1790 5450 2033 5506 Demisse
2086 5463 2142 5506 et

563 5531 734 5596 ipsum
777 5534 843 5586 de
883 5548 941 5588 se
993 5537 1261 5600 sensisse,
1313 5551 1376 5591 ac
1407 5537 1642 5592 locutum
1671 5556 1791 5595 esse
1821 5552 2032 5596 constat
2073 5558 2139 5598 ex

563 5638 710 5676 ιιιιιιι.
749 5624 818 5679 38
851 5635 902 5679 et
946 5627 1015 5680 65
1059 5628 1295 5696 ejusdem
1349 5631 1470 5684 libri
1506 5651 1520 5685 :
1568 5635 1854 5702 utrobique
1901 5637 2044 5688 enim
2080 5652 2139 5693 se

563 5714 869 5770 indisertum
903 5733 1022 5774 esse
1067 5719 1286 5784 fatetur,
1328 5733 1488 5792 atque
1525 5725 1588 5778 ab
1619 5725 1812 5795 eloquii
1847 5737 2136 5795 venustate,

2249 4533 2574 4598 agnovimus.
2610 4531 2742 4584 Cum
2779 4533 2958 4600 itaque
3004 4548 3143 4600 sche
3180 4536 3497 4603 contingere
3530 4537 3816 4596 videamus,

2252 4627 2311 4670 ut
2339 4619 2502 4686 aliqui
2549 4619 2762 4688 ingenio
2801 4621 3032 4687 praediti,
3069 4622 3197 4675 dum
3253 4623 3575 4692 loquuntur,
3617 4624 3816 4678 facundi

2250 4712 2555 4772 videantur,
2615 4711 2722 4763 imo
2763 4711 3034 4764 interdum
3094 4715 3268 4780 reipsa
3325 4719 3470 4777 sint,
3536 4716 3677 4784 iique
3726 4711 3817 4780 ipsi

2245 4819 2366 4855 cmn
2389 4801 2656 4854 calamum
2681 4802 3042 4870 prehendunt,
3065 4801 3312 4866 ﬂaccida,
3335 4815 3428 4858 aut
3457 4806 3624 4858 etiam
3651 4806 3818 4871 inepta

2245 4895 2525 4957 scribant,
2581 4895 2653 4948 ita
2697 4896 2810 4948 lieri
2861 4903 3058 4963 potest.
3115 4905 3172 4947 ιιι
3222 4896 3508 4965 Didymum
3563 4897 3818 4949 dicentem

2245 4989 2459 5057 quidem
2497 4989 2578 5041 vis
2613 4990 2808 5057 ingenii
2863 4999 3024 5057 atque
3074 4989 3238 5042 animi
3279 4990 3357 5043 sic
3392 4990 3726 5049 incenderet,
3767 4997 3821 5037 ut

2244 5082 2499 5151 eloquens
2547 5082 2845 5144 videretur,
2907 5091 2962 5134 et
3015 5081 3186 5147 foret;
3241 5081 3571 5135 scribentem
3624 5090 3819 5139 autem,

2245 5188 2341 5226 seu
2399 5173 2576 5240 potius
2625 5173 2918 5225 dictantem
2975 5173 3139 5226 ardor
3190 5172 3280 5226 ille
3328 5173 3494 5225 animi
3549 5172 3817 5232 deﬁceret,

2243 5281 2415 5330 eaque
2451 5267 2515 5317 de
2541 5280 2706 5319 causa
2735 5263 2852 5331 ejus
2885 5263 3227 5319 ﬂaccesceret
3264 5266 3461 5319 oratio.

2310 5357 2579 5411 Cmterum
2619 5357 2760 5426 quod
2789 5367 2999 5424 spectat
3031 5358 3096 5409 ad
3133 5356 3450 5427 Hieronymi
3493 5357 3560 5410 de
3604 5355 3821 5423 Didymo

2237 5449 2526 5516 judicium,
2583 5449 2627 5502 is
2671 5460 2761 5501 aut
2802 5449 3034 5502 Eusebio
3079 5450 3379 5510 duntaxat,
3432 5465 3539 5500 non
3603 5445 3822 5515 Didymo

2243 5543 2605 5611 eloquentiam
2645 5543 2882 5595 tribuere
2922 5542 3223 5595 censendus
3252 5553 3358 5605 est,
3409 5553 3503 5594 aut
3537 5540 3818 5595 dicendum

2242 5637 2442 5704 potius.
2488 5635 2831 5702 eloquentem
2867 5637 2935 5688 ab
2987 5637 3103 5703 ipso
3136 5637 3319 5688 vocari
3365 5635 3676 5704 Didymum,
3720 5641 3816 5680 non

2244 5725 2387 5796 quod
2415 5727 2532 5794 ejus
2561 5727 2760 5794 scripta
2793 5741 2917 5781 cum
2946 5728 3162 5796 scriptis
3197 5727 3530 5784 disertorum
3564 5728 3814 5787 virorum,
