4092 6434
312 407 374 464 169

1529 415 2096 474 COMMENTARIUS.
2141 448 2211 458 ——
2250 417 2378 473 LIB.
2425 420 2466 473 Ι.

3541 425 3641 481 ΙΤο

312 543 398 596 quos
433 534 618 604 paulo
677 547 845 594 ante
908 539 1071 602 dixi,
1121 538 1417 606 comparari
1452 536 1678 607 possint.
1731 536 1827 592 sed
1868 534 1949 588 vel

2062 549 2208 600 gasse
2237 535 2310 588 ait
2340 537 2466 599 τοὺς
2505 535 2969 609 ὲλλογιμωτὲρους
2996 538 3106 592 τῶν
3131 539 3446 594 ἐπισκόπων
3499 541 3638 596 Num

314 630 462 692 propter
488 624 772 681 allatam
833 644 918 684 ex
973 629 1186 684 Ruﬁno
1218 627 1495 694 rationem,
1527 627 1612 682 vel
1645 627 1769 695 quia
1797 627 1943 697 quod

317 713 382 767 sibi
421 719 705 786 preponit
768 719 1102 793 Didymus,
1151 719 1203 775 id
1244 719 1403 774 multa
1459 719 1726 787 doctrina,
1775 718 1945 788 pluri-

321 804 472 876 busque
529 810 750 864 modis
818 822 888 867 et
948 810 1317 884 argumentis,
1389 811 1562 881 iisque
1615 810 1853 866 robustis
1892 820 1948 864 et

329 899 590 958 dicacibus
670 905 1023 959 ostendere
1098 903 1474 971 consueverit,
1538 918 1602 958 ac
1654 901 1947 956 lectoribus

337 990 931 1067 iiXXIpersuadere.
981 996 1119 1050 Nam
1153 995 1511 1067 Hieronymus
1543 995 1658 1064 ipse
1707 994 1758 1048 in
1806 1011 1945 1064 pra:-

347 1086 508 1143 Iatione
533 1087 669 1143 libri
714 1088 810 1144 De
850 1088 1074 1158 Spiritu
1111 1099 1294 1144 sancto
1331 1099 1605 1144 auctorem
1663 1089 1780 1159 ejus
1817 1103 1947 1156 ope-

355 1181 407 1234 ris
439 1179 720 1251 Didymum
760 1183 1028 1252 appellat
1069 1183 1369 1252 imperitum
1413 1197 1676 1246 sermone,
1707 1182 1798 1235 sed
1842 1197 1946 1235 non

353 1271 554 1323 scientia.
587 1271 746 1338 Quin
789 1274 923 1344 ipse
979 1273 1238 1344 Didymus
1276 1287 1372 1341 pro
1416 1288 1504 1340 ea,
1540 1287 1644 1341 qua
1686 1272 1946 1342 pri-editus

355 1364 759 1426 erat,modestia
801 1365 1049 1420 candide
1084 1366 1132 1419 id
1165 1364 1364 1419 fatetur
1395 1364 1446 1418 in
1478 1374 1722 1418 extremo
1753 1364 1942 1418 eodem

355 1451 485 1517 libro,
518 1453 608 1508 ubi
641 1455 934 1524 impressa
961 1455 1179 1525 quidem
1200 1454 1530 1526 exemplaria
1564 1455 1680 1510 haec
1713 1453 1940 1509 habent:

354 1543 484 1601 Sicut
514 1548 654 1600 enim
689 1547 917 1612 pietatis
941 1564 1148 1602 sensum
1185 1549 1332 1601 nobis
1377 1547 1631 1601 audacter
1652 1547 1816 1617 juxta
1848 1563 1944 1600 no-

353 1647 501 1689 stram
553 1637 954 1690 conscientiam
1005 1637 1364 1698 vindicamus;
1395 1635 1472 1688 ita
1503 1643 1760 1702 quantum
1786 1635 1849 1686 de
1885 1649 1943 1686 eo

353 1725 486 1796 loqui
517 1729 772 1793 pertinet,
809 1738 1130 1783 venustatem
1159 1728 1474 1781 rhetoricam
1508 1726 1940 1794 facundiamque,

349 1825 496 1886 juxta
549 1822 986 1885 consequentiam
1047 1832 1344 1890 textumque
1400 1819 1695 1876 sermonis.
1761 1816 1944 1887 procul

2049 637 2376 682 convocatos
2420 629 2488 682 ab
2533 629 2830 684 Athanasio
2868 631 3179 700 putabimus
3209 647 3304 686 eos
3356 635 3640 704 episcopos

2048 715 2140 785 qui
2189 716 2573 786 eloquentiores
2625 718 2822 782 forent,
2888 735 2956 775 an
3014 722 3107 791 qui
3169 723 3514 793 insigniores,
3549 736 3641 779 aut

2049 809 2294 864 doctrina
2350 811 2808 867 excellentiores?
2849 815 3110 884 Origenes
3161 831 3377 886 quoque
3415 828 3543 871 tom.
3599 818 3639 882 I,

2047 918 2167 973 pag.
2195 901 2284 965 50,
2325 902 2541 971 inquit:
2591 902 2928 975 Ἐλλογίμων
2974 907 3262 976 αἱρέσεων,
3297 909 3399 962 hoc
3433 918 3516 963 cst
3559 909 3641 961 in-

2051 995 2340 1064 signiorum
2372 1005 2671 1049 sectarum:
2699 1008 2752 1051 et
2781 1000 2919 1067 apud
2949 999 3120 1066 ipsum
3149 999 3337 1056 Celsus
3367 1017 3488 1071 pag.
3512 1002 3638 1065 558,

2046 1086 2349 1160 ὲλλογίμοις
2371 1091 2620 1163 ἀνδράσι,
2667 1092 2719 1146 id
2761 1099 2846 1146 est
2885 1092 3056 1145 doctis
3087 1092 3440 1162 viris.ltaque
3488 1093 3638 1146 ἐλλό-

2045 1195 2208 1252 γιμος
2242 1182 2420 1237 Suidze
2457 1183 2673 1252 quidem
2706 1193 2790 1238 est
2831 1183 3036 1254 τίμιος,
3069 1183 3366 1256 σεϐάσμιος
3390 1200 3403 1213 ο
3435 1186 3639 1239 auctori

2047 1279 2225 1324 autem
2255 1271 2462 1339 Lexici,
2505 1274 2648 1344 quod
2679 1289 2780 1328 ms.
2837 1284 3015 1328 exstat
3041 1276 3092 1329 in
3123 1275 3225 1329 MO
3267 1275 3512 1331 Naniano
3547 1293 3644 1333 co-

2047 1361 2184 1430 dice,
2211 1363 2498 1436 ὲλλόγιμος
2525 1369 2816 1436 exponitur
2849 1367 3049 1436 λόγιος,
3075 1367 3376 1437 ἀξιόλογος.

2118 1455 2246 1511 Haec
2300 1459 2462 1513 habui
2502 1474 2624 1528 quze
2657 1460 2897 1516 dicerem
2934 1460 3004 1516 de
3050 1461 3263 1533 Didymi
3309 1462 3639 1532 eloquentia.

2044 1547 2114 1602 At
2146 1550 2189 1604 si
2225 1551 2348 1619 quis
2397 1566 2518 1606 eum
2560 1553 2820 1607 disertum
2863 1567 2984 1608 esse
3019 1555 3338 1621 contendat,
3391 1557 3641 1626 equidem

2047 1644 2413 1699 contentionis
2441 1645 2677 1700 vitandae
2722 1661 2887 1700 causa
2937 1660 3043 1700 non
3091 1648 3422 1716 repugnabo,
3485 1651 3644 1704 motio

2049 1738 2227 1786 tamen
2279 1734 2411 1786 mihi
2463 1741 2517 1788 et
2568 1735 2680 1803 ipse
2731 1736 3019 1800 concedat,
3081 1751 3199 1789 eam
3249 1737 3642 1807 eloquentiam,

2046 1836 2205 1892 quam
2229 1824 2279 1878 in
2312 1823 2450 1879 libro
2469 1825 2546 1879 De
2578 1826 2785 1894 Spiritu
2808 1836 3010 1892 sancto,
3031 1827 3082 1881 in
3106 1825 3572 1892 Enarrationibus,
3592 1833 3643 1884 in

351 1885 528 1966 obesse
577 1914 900 1981 simpliciter
949 1885 1272 1981 conﬁtemur:
1303 1910 1480 1965 Studii
1535 1911 1721 1980 quippe
1761 1885 1943 1962 nostri
1974 1885 2018 1940 Β
2053 1885 2189 1970 libro
2241 1917 2492 1970 adversus
2549 1885 2874 1973 Μᾷηεειιωοε
2929 1885 3248 1986 admiratur,
3301 1921 3352 1973 in
3401 1885 3644 1992 theologi

352 2006 471 2073 fuit,
526 2005 594 2058 de
625 2003 920 2072 Scripturis
964 2005 1160 2058 sanctis
1207 2003 1572 2073 diﬂ'erentibus
1604 2004 1690 2072 pie
1752 2000 1949 2055 intelli-

349 2115 470 2168 gere
511 2112 635 2168 qua:
679 2099 878 2166 scripta
907 2106 1048 2163 sunt,
1085 2107 1130 2150 et
1178 2096 1495 2164 imperitiam
1547 2109 1950 2161 mensuramque

351 2190 520 2244 nostri
565 2206 674 2243 non
728 2189 970 2259 ignorare
1019 2189 1293 2244 sermonis.
1333 2186 1439 2242 Sed
1485 2187 1768 2256 legendum
1822 2195 1951 2255 puto

351 2299 421 2337 ex
459 2292 658 2338 nostro
691 2284 876 2338 codice
911 2298 1012 2337 ms.
1053 2298 1195 2353 smpe
1226 2285 1278 2336 in
1325 2283 1466 2337 notis
1502 2297 1534 2337 a
1567 2296 1651 2336 me
1683 2281 1900 2336 laudato
1933 2297 1949 2336 :

352 2372 506 2427 Sicut
559 2375 702 2428 enim
747 2375 952 2442 pietatis
989 2390 1197 2427 sensum
1255 2373 1402 2427 nobis
1481 2372 1736 2426 audacter
1789 2373 1952 2440 juxta

351 2477 602 2518 nostram
658 2465 1026 2519 conscientiam
1068 2464 1435 2528 vindicamus;
1471 2465 1544 2516 ita
1577 2472 1836 2534 quantum
1882 2467 1952 2518 ad

344 2557 565 2622 eloquii
625 2558 845 2626 pertinet
883 2565 1232 2620 venustatem,
1289 2566 1335 2610 et
1393 2557 1709 2610 rhetoricam
1759 2555 1952 2626 facun-

343 2651 533 2717 diam,
590 2662 646 2705 et
687 2651 1102 2721 consequentiam
1153 2661 1452 2722 textumque
1519 2650 1808 2716 sermonis,
1859 2667 1953 2705 nos

344 2744 557 2807 procul
602 2744 779 2800 abesse
817 2742 1126 2813 simpliciter
1158 2742 1488 2811 conﬁtemur,
1523 2751 1578 2795 et
1611 2725 1866 2812 reliqua,
1896 2751 1955 2796 ut

343 2837 644 2907 superius.

433 2930 602 2996 Quod
625 2931 670 2982 si
703 2927 836 2981 male
865 2941 962 2981 nos
1002 2925 1194 2981 mereri
1236 2926 1301 2980 de
1341 2925 1568 2995 Didymo
1597 2925 1719 2995 quis
1763 2925 1955 2982 existi-

348 3032 497 3084 met,
527 3024 660 3076 dum
700 3020 1010 3090 imperitiam
1056 3017 1308 3072 sermonis
1353 3017 1410 3072 in
1443 3018 1558 3086 ipso
1589 3018 1955 3089 agnoscimus,

348 3116 514 3170 norit
552 3129 662 3167 non
700 3113 970 3166 modicam.
991 3111 1040 3164 ei
1080 3111 1290 3165 Iaudem
1339 3125 1367 3163 a
1404 3110 1558 3164 nobis
1590 3111 1774 3171 tribui,
1834 3125 1956 3165 cum

353 3208 507 3262 inter
561 3222 658 3260 eos
724 3205 867 3258 illum
934 3217 1316 3269 numeramus,
1369 3217 1505 3273 quos
1569 3203 1699 3258 dicit
1753 3201 2031 3292 Psaltesc

353 3300 605 3352 eruditos
646 3298 801 3350 corde
826 3297 879 3349 in
919 3296 1234 3363 sapientia”
1261 3313 1275 3348 :
1304 3295 1419 3349 hare
1453 3293 1596 3348 enim
1641 3294 1755 3364 ipse
1802 3294 1963 3362 Didy-

358 3408 486 3444 mus
522 3392 580 3443 in
621 3398 810 3444 catena
838 3389 1170 3443 Corderiana
1213 3395 1346 3441 tom.
1373 3386 1435 3451 II,
1471 3401 1595 3456 pag.
1631 3385 1754 3452 865,
1789 3386 1964 3456 expli-

355 3490 449 3535 cat
513 3482 574 3536 in
623 3482 768 3535 hunc
803 3480 1021 3533 modum
1058 3500 1070 3535 :
1111 3496 1129 3530 ι
1171 3477 1341 3532 Porro
1395 3476 1552 3531 corde
1591 3478 1832 3530 eruditus
1881 3485 1966 3532 est

357 3587 415 3623 In
450 3572 727 3639 sapientia
756 3570 849 3639 qui
885 3569 1180 3623 secundum
1216 3577 1450 3621 mentem
1485 3582 1548 3621 ac
1589 3566 1851 3622 rationem
1884 3583 1966 3623 sa.

362 3662 528 3731 piens
569 3661 764 3726 evasit,
801 3658 1017 3715 tametsi
1089 3657 1362 3730 prolatitio
1415 3672 1667 3712 sermone
1710 3659 1962 3724 aberret;

368 3756 447 3809 ita
486 3765 549 3809 ut
572 3769 702 3810 vere
731 3755 890 3810 etiam
927 3752 1109 3807 dicere
1137 3752 1309 3820 possit
1337 3766 1353 3804 :
1388 3747 1509 3804 Etsi
1555 3751 1825 3817 imperitus
1855 3766 1968 3804 ser-

363 3865 551 3916 mone,
598 3864 704 3902 non
755 3857 929 3902 tamen
979 3847 1220 3902 scientia.
1280 3864 1298 3897 ι
1350 3843 1506 3899 Norit
1550 3854 1808 3914 praeterea
1859 3859 1963 3898 non

360 3942 539 3994 modo
572 3939 910 3995 Victorinum
957 3949 1248 4010 martyrem
1279 3939 1576 4008 imperitum
1615 3950 1853 3988 sermone
1877 3948 1968 3987 vo-

352 4033 486 4086 cari
517 4035 593 4085 ab
633 4031 958 4102 Hieronymo
1009 4043 1142 4085 tom.
1171 4027 1261 4097 IV,
1288 4046 1412 4099 pag.
1441 4028 1497 4093 6,
1523 4028 1656 4082 edit.
1685 4025 1967 4081 Veronen-

357 4128 468 4191 sis,
506 4127 609 4180 sed
636 4127 705 4180 de
733 4125 992 4194 propheta
1018 4138 1234 4193 quoque
1262 4123 1341 4176 sic
1363 4135 1487 4175 eum
1518 4117 1665 4188 loqui
1706 4126 1837 4170 tom.
1873 4115 1967 4184 VI,

357 4237 498 4292 pag.
533 4219 686 4274 222:
717 4221 798 4274 Ex
835 4220 930 4273 hoc
977 4233 1191 4272 numero
1221 4224 1493 4284 pastorum
1526 4211 1687 4280 Amos
1709 4209 1967 4278 propheta

364 4314 498 4379 (uit,
565 4313 841 4382 imperitus
893 4323 1150 4371 sermone,
1202 4306 1292 4360 sed
1348 4319 1452 4358 non
1511 4303 1754 4357 scientia.
1827 4301 1968 4368 Quid

365 4404 538 4472 plura
562 4406 588 4456 τ
618 4402 818 4458 Paulus
845 4402 961 4471 ipse
990 4400 1044 4454 in
1090 4398 1134 4452 II
1168 4398 1234 4453 ad
1259 4397 1411 4463 Cor.,
1449 4411 1569 4464 cap.
1607 4410 1683 4462 xl,
1719 4409 1862 4449 vers.
1911 4392 1965 4457 6,

363 4495 686 4563 imperitum
703 4510 955 4556 sermone,
974 4495 1062 4547 sed
1085 4507 1188 4544 non
1203 4491 1420 4544 scientia
1439 4487 1794 4554 semetipsum
1816 4485 1967 4548 dicit,

2052 2007 2216 2060 etiam
2267 2009 2435 2062 nostri
2469 2023 2635 2078 opere
2665 2009 2902 2065 elucere.

2126 2095 2222 2150 His
2244 2096 2311 2151 de
2349 2098 2633 2167 utriusque
2659 2099 2799 2171 stylo
2847 2100 3149 2170 generatim
3179 2101 3361 2167 dictis,
3392 2105 3648 2161 enuclea-

2055 2190 2161 2244 tius
2191 2205 2336 2246 nunc
2379 2193 2446 2246 de
2486 2192 2674 2246 eadem
2726 2208 2786 2248 re
2827 2195 3095 2264 agendum
3143 2204 3245 2260 est,
3281 2211 3346 2250 ac
3387 2199 3646 2254 nonnulla

2054 2282 2370 2354 singillatim
2421 2284 2814 2340 consideranda
2847 2326 2862 2352 ,
2920 2295 2982 2341 ut
3046 2289 3216 2357 magis
3268 2303 3525 2359 appareat
3581 2309 3647 2349 ea

2055 2389 2216 2445 quam
2246 2377 2537 2444 qurerimus
2572 2377 2895 2432 similitudo.

2124 2467 2311 2523 Primo
2342 2470 2528 2540 itaque
2574 2487 2764 2541 parum
2799 2472 3103 2542 elegantem
3132 2489 3256 2528 esse
3279 2475 3516 2547 auctoris
3549 2488 3648 2530 no-

2055 2559 2154 2615 stri
2185 2562 2507 2626 orationem,
2539 2577 2698 2617 neruo
2725 2563 3056 2618 inliciabitur
3094 2566 3186 2634 qtti
3211 2566 3563 2635 elegantiam,
3591 2579 3651 2621 ut

2058 2654 2137 2710 sic
2167 2654 2378 2724 loquar,
2413 2655 2478 2710 de
2509 2654 2649 2710 facie
2677 2657 2843 2712 norit.
2873 2657 3014 2723 Quin
3063 2657 3180 2712 loca
3209 2660 3453 2729 quaedam
3487 2660 3541 2713 in
3585 2675 3651 2714 eo

2059 2746 2214 2800 valde
2254 2746 2530 2816 perplexa,
2583 2749 2826 2815 quaedam
2869 2750 3034 2802 etiam
3089 2750 3306 2804 horrida
3362 2753 3650 2814 vocabula,

2059 2839 2306 2908 quaedam
2341 2840 2524 2893 itidem
2558 2840 2780 2905 solmca,
2824 2850 2919 2894 aut
2961 2843 3309 2897 ὑποσόλοικα.
3371 2844 3651 2913 Inelegans

2060 2935 2162 2988 est,
2212 2934 2270 2982 ut
2307 2925 2523 2996 opinor,
2579 2928 2810 2998 exempli
2863 2929 3066 3000 gratia,
3109 2933 3333 2984 verbum
3366 2932 3650 3004 ἁγιοτρισ-

2063 3017 2380 3088 σολογῆσαι,
2412 3018 2625 3088 aliaque
2655 3019 2797 3074 haud
2828 3036 2998 3090 pauca
3033 3037 3100 3077 ex
3135 3023 3200 3076 iis
3239 3038 3357 3091 qum
3385 3024 3436 3076 in
3471 3040 3653 3076 vocum

2063 3105 2372 3162 Grmcarum
2402 3106 2588 3162 Indice
2627 3110 2899 3174 recensni,
2931 3117 2991 3162 ut
3026 3109 3185 3179 paulo
3205 3109 3366 3162 etiam
3400 3109 3650 3178 superius

2063 3198 2264 3251 dictum
2319 3197 2439 3253 fuit.
2503 3199 2772 3254 Soliecum
2823 3213 2951 3253 vero
2999 3209 3116 3263 est,
3163 3200 3211 3251 οἱ
3272 3199 3502 3264 ὅνειδοι,
3554 3215 3654 3268 pro

2067 3290 2136 3344 τὰ
2165 3291 2365 3362 ὀνείδη,
2389 3291 2471 3345 vel
2505 3306 2600 3361 pro
2629 3291 2676 3344 οἱ
2707 3290 3022 3360 ὀνειδισμοί.
3057 3289 3330 3344 Ξοιωοιιηι
3361 3299 3444 3344 est
3481 3291 3648 3345 etiam

2068 3385 2208 3453 quod
2244 3385 2441 3454 legitur
2469 3399 2594 3454 pag.
2630 3382 2722 3449 50,
2748 3383 2958 3454 Τριὰδα
2991 3381 3523 3453 ὀνειδιζούσης,ρι(;.,
3558 3398 3656 3452 pro

2065 3473 2451 3538 ὀνειδίζουσαν.

2137 3566 2209 3619 At
2243 3579 2420 3620 nonne
2469 3563 2668 3619 similia
2724 3564 2776 3618 in
2823 3562 3055 3634 Didyme
3107 3562 3446 3631 reperimus?
3474 3560 3656 3618 Salm-

2067 3673 2190 3712 cum
2216 3667 2298 3714 est
2322 3658 2464 3728 quod
2493 3659 2542 3710 in
2568 3657 2705 3712 libro
2739 3659 2858 3711 adv.
2888 3657 3209 3713 Manieha‘os
3248 3659 3443 3728 legitur
3468 3659 3654 3716 initio:

2068 3745 2228 3806 Οὗτοι
2305 3746 2661 3820 μεταϐάλλειν
2724 3745 2974 3819 [XXXI]
3049 3746 3325 3811 δύναντες.
3385 3747 3654 3802 δοιωοιιιη

2067 3841 2251 3896 itidem
2280 3839 2425 3910 quod
2459 3839 2508 3892 in
2540 3839 2725 3892 eadem
2759 3841 2952 3910 pagina
2977 3840 3155 3906 legere
3181 3841 3304 3893 licet
3333 3853 3348 3892 :
3397 3838 3533 3891 Ὑπὸ
3562 3837 3656 3892 τοῦ

2068 3933 2412 4004 Σωτῆρος...
2442 3930 2638 4000 λέγων,
2672 3946 2793 4000 pro,
2824 3931 3094 4000 λέγοντος.
3127 3931 3222 3985 llis
3258 3941 3441 3985 autem
3475 3930 3658 3985 allinia

2071 4024 2376 4078 invenimus
2406 4023 2458 4077 in
2504 4023 2714 4094 Didymi
2768 4021 3088 4092 fragmentis
3117 4033 3248 4077 tom.
3313 4021 3378 4076 IV
3419 4023 3660 4076 Anecdo-

2070 4127 2242 4170 torum
2270 4113 2453 4169 Wollii
2486 4115 2666 4180 editis,
2699 4122 2754 4170 et
2779 4115 2921 4185 apud
2952 4112 3270 4169 Catenarum
3304 4124 3583 4172 auctores.

2140 4208 2293 4275 Quod
2333 4209 2380 4263 si
2428 4221 2688 4277 reponas,
2733 4207 3076 4261 librariorum
3127 4205 3389 4272 inscitiae,
3431 4214 3526 4258 aut
3576 4205 3658 4258 in-

2071 4303 2236 4354 curia:
2292 4301 2464 4361 ,tribui
2510 4302 2630 4354 haec
2672 4315 2871 4370 posse,
2921 4301 3012 4370 qui
3083 4300 3428 4354 exaraveriut
3481 4297 3658 4365 λέγων

2071 4405 2170 4461 pro
2197 4391 2466 4460 λέγοντος,
2493 4403 2543 4446 et
2569 4391 2827 4456 δύναντες
2849 4408 2947 4462 pro
2973 4391 3248 4457 δύνανται,
3289 4400 3344 4445 et
3365 4393 3434 4444 ita
3462 4406 3658 4460 porro;

2071 4498 2135 4536 ea
2163 4484 2310 4537 dices
2339 4499 2459 4552 quae
2491 4485 2731 4552 aequitati
2779 4496 3144 4540 consentanea
3184 4493 3350 4548 sunt;
3400 4484 3494 4536 sed
3545 4484 3658 4535 haec

368 4603 439 4644 eo
486 4586 643 4657 quod
694 4587 896 4641 scilicet
951 4581 1376 4657 persuasibilibus
1417 4581 1661 4634 humana:
1696 4579 1969 4646 sapientia:
2003 4573 2260 4640 Deadem
2301 4575 2528 4642 aequitas
2583 4575 2900 4644 postulabit,
2935 4583 2994 4628 ut
3044 4574 3339 4628 soloecismi
3384 4573 3547 4626 etiam
3604 4575 3656 4626 in

369 4683 582 4747 verbis,
607 4690 667 4734 ut
698 4679 920 4750 ipsemet
949 4680 1046 4744 ait,
1080 4692 1183 4732 non
1207 4684 1470 4741 uteretur,
1495 4673 1849 4742 Grecamque
1891 4672 1970 4724 la-

366 4773 640 4827 cnndiam
682 4780 1070 4832 contemneret,
1102 4769 1266 4824 aliam
1309 4781 1441 4822 vero
1472 4767 1758 4835 quamdam
1797 4765 1969 4818 multo

365 4864 761 4918 sublimiorem
787 4870 1127 4916 sectaretur:
1149 4873 1255 4928 qua
1281 4858 1348 4912 de
1373 4871 1536 4911 causa
1569 4855 1766 4909 merito
1792 4853 1968 4924 ipsum

377 4947 675 5016 Din-Vsius
727 4953 1000 5023 Longinus
1045 4951 1207 5005 homo
1241 4948 1493 5005 ethnicus
1519 4946 1660 5002 inter
1704 4946 1823 5000 illos
1869 4961 1971 4999 nu-

378 5047 572 5092 ωεεηι
610 5045 693 5106 εδιί
725 5044 939 5100 sublimi
968 5041 1180 5098 dicendi
1222 5055 1421 5111 genere
1452 5038 1846 5094 excelluerunt.

456 5129 619 5196 Quod
668 5143 796 5183 vero
845 5136 1076 5206 pertinet
1126 5133 1196 5188 ad
1248 5133 1554 5195 Socratem,
1603 5139 1874 5199 nuncupat
1927 5129 1973 5184 is

381 5217 924 5289 quidemDidymum
950 5223 1272 5293 ἐλλόγιμον,
1321 5222 1414 5276 sed
1466 5235 1656 5274 vereor
1709 5229 1766 5272 ut
1815 5218 1974 5272 Valc-

380 5314 506 5365 siﬂs
536 5328 640 5365 non
677 5321 824 5364 reme
872 5309 944 5363 ibi
993 5310 1374 5382 interpretatus
1422 5313 1493 5366 sit
1528 5311 1974 5372 disertissimum;

374 5417 448 5456 ea
482 5403 631 5456 enim
663 5401 830 5455 dictio
857 5416 962 5455 non
997 5401 1257 5458 disertum
1287 5405 1446 5459 modo
1475 5404 1722 5464 denotat,
1754 5402 1848 5456 sed
1884 5402 1970 5454 in-

369 5495 590 5562 signem
607 5493 799 5556 etiam,
826 5501 881 5546 et
907 5493 1138 5561 doctum,
1170 5503 1229 5548 ut
1261 5510 1407 5549 reor.
1441 5494 1818 5550 'I‘beodoretus
1840 5506 1973 5546 sane

373 5585 433 5640 in
479 5583 631 5639 Hist.
671 5586 854 5638 eccles.
891 5585 983 5638 lib.
1021 5599 1106 5648 Iv,
1132 5598 1249 5654 cap.
1279 5585 1338 5648 2,
1375 5587 1726 5640 Athanasium
1749 5583 1975 5638 Joviano

373 5677 712 5752 imperatori
757 5677 1146 5746 expositionem
1205 5677 1329 5730 lidei
1389 5678 1679 5732 missurum
1746 5690 1974 5744 congre-

467 5880 513 5913 ⁸³
537 5879 680 5935 Psal.
715 5894 936 5942 Luxu,
973 5880 1060 5935 l2.

732 5971 990 6035 Ριτιιοι..
1037 5974 1156 6033 (in.
1222 5971 1525 6032 XXXIX.

2067 4667 2318 4738 theologo
2378 4677 2566 4722 nostro
2628 4678 2982 4722 occurrentes
3035 4667 3256 4721 librario
3324 4666 3655 4730 tribuantur,

2064 4759 2154 4828 qui
2186 4773 2468 4829 perperam
2503 4758 2815 4826 scripserit,
2855 4773 2942 4812 ex.
2973 4773 3056 4825 gr.
3115 4757 3164 4808 οἱ
3227 4755 3422 4808 ὄνειδοι
3456 4770 3552 4824 pro
3607 4754 3657 4806 οἱ

2065 4848 2380 4918 ὀνειδισμοί,
2412 4858 2467 4902 et
2493 4848 2858 4920 ὀνειδιζούσης
2890 4865 2986 4918 pro
3019 4849 3402 4913 ὀνειδίζουσαν.

2140 4939 2208 4994 II.
2251 4941 2334 4993 Ab
2368 4939 2472 4995 illis
2503 4956 2624 5009 qua:
2653 4957 2762 5011 pra:
2797 4942 3048 4995 manibus
3087 4942 3283 5005 habet,
3320 4941 3660 5010 argumentis

2077 5033 2378 5104 digreditur
2429 5033 2721 5101 aliquando
2750 5034 3010 5104 Didymus
3052 5035 3118 5088 ad
3148 5048 3264 5087 rem
3315 5050 3343 5087 a
3378 5033 3660 5102 proposito

2077 5129 2233 5199 plane
2262 5129 2516 5182 alienam.
2546 5127 2626 5183 Ita
2655 5130 2708 5183 in
2738 5129 2874 5184 libro
2899 5128 2977 5182 De
3003 5129 3213 5197 Spiritu
3240 5140 3444 5192 sancto,
3469 5143 3538 5183 ne
3567 5143 3660 5197 per

2077 5222 2257 5277 omnia
2297 5222 2413 5288 ejus
2466 5235 2630 5290 Opera
2693 5222 2996 5276 discurram
3027 5263 3040 5285 ,
3074 5231 3362 5292 postquam
3400 5236 3552 5274 num.
3593 5220 3660 5274 45

2079 5312 2230 5368 Isaia:
2255 5313 2429 5367 locum
2457 5312 2609 5367 valde
2639 5312 2859 5382 longum
2886 5313 3088 5379 attulit,
3117 5313 3169 5366 in
3201 5327 3310 5382 quo
3332 5327 3502 5381 pauca
3536 5322 3658 5365 tan—

2084 5406 2360 5458 tummodo
2411 5404 2477 5456 ad
2521 5405 2857 5474 propositum
2914 5403 3243 5472 pertinentia
3292 5403 3658 5472 reperiuntur,

2084 5506 2254 5550 totum
2282 5511 2406 5551 eum
2447 5495 2641 5560 locum,
2696 5496 2898 5551 oblitus
2934 5496 3101 5549 veluti
3137 5494 3443 5566 argumenti
3474 5533 3489 5558 ,
3546 5509 3657 5545 ani--

2083 5583 2327 5656 plissimo
2376 5586 2766 5640 connucntario
2829 5585 3062 5639 illustrat
3098 5601 3238 5640 :nec
3259 5600 3324 5640 eo
3377 5591 3661 5638 contentus

2085 5677 2308 5729 alteram
2339 5685 2554 5745 repente
2607 5677 2799 5732 inserit
2843 5691 2993 5729 num.
3029 5675 3098 5729 45
3139 5676 3548 5744 digressionem,
3607 5672 3663 5726 ia
