4004 6388
554 427 656 486 171
2002 428 2087 482 DIE
2127 426 2137 479 Ι

2244 426 2388 484 ΥΜΟ
3721 428 3811 485 172

550 565 658 624 qua
686 548 1012 605 Manicltteos
1038 547 1203 603 alium
1236 546 1406 603 Deum
1437 548 1640 603 bonum
1671 587 1687 613 ,
1722 547 1887 601 alium
1932 546 2137 615 justum
2168 549 2217 605 Α
2245 545 2384 599 rium
2409 546 2640 602 lectione
2658 549 2835 602 minus
2853 555 3067 602 versato
3090 546 3258 602 videri
3291 548 3509 616 potest),
3541 562 3808 617 nusquam,

554 647 822 713 ﬁngentes
888 639 1105 695 relellit.
1154 638 1473 707 Ilujusmodi
1518 653 1647 694 vero
1684 638 2048 709 digressiones
2077 636 2132 689 in
2247 638 2487 707 inquam,
2515 638 2786 694 hzereticis
2828 639 3018 710 objicit
3075 654 3174 694 nec
3239 638 3452 694 celebre
3486 636 3702 693 Ioannis
3729 650 3809 695 ca-

553 744 745 787 nostro
775 732 939 787 etiam
971 731 1224 801 theologo
1254 731 1491 785 inveniet
1518 729 1711 785 lector.
1754 729 1888 794 Nam
1928 744 1983 799 p.
2007 728 2143 794 295,
2246 731 2508 799 pitulum,
2550 730 2678 786 Tres
2698 742 2822 786 sunt
2848 732 2936 800 qui
2963 732 3317 785 testimonium
3355 730 3481 783 dant
3521 730 3577 784 in
3605 730 3726 783 calo
3751 729 3811 798 “,

556 825 711 881 verbi
743 827 942 894 gratia,
976 824 1145 878 Marci
1174 833 1384 879 textum
1418 822 1561 878 haud
1598 824 1817 879 brevem
1851 822 1923 877 ita
1973 822 2144 877 inter-
2247 832 2305 876 et
2339 822 2569 891 reliqua,
2600 837 2778 894 neque
2809 822 3009 877 Nicami
3037 821 3273 886 concilii,
3301 834 3476 892 neque
3515 818 3813 875 Constanti-

553 926 819 986 pretatur,
850 927 908 971 ut
947 933 1008 971 ea
1039 917 1204 971 etiam
1235 917 1488 985 explanet
1535 929 1655 984 qua
1684 915 1752 971 ad
1799 915 2138 985 propositum
2249 913 2549 982 nopolitani
2573 955 2591 982 ,
2622 915 2901 983 multoque
2934 914 3113 971 minus
3135 913 3362 968 alterius
3394 912 3708 982 cujusquam
3732 924 3812 974 sv-

556 1016 932 1077 argumentum
968 1007 1103 1062 nihil
1134 1008 1386 1063 attinent.
1420 1007 1497 1062 Ac
1526 1006 1703 1062 simile
1732 1007 1859 1076 quid
1904 1007 2146 1061 occurrit
2249 1005 2376 1059 nodi
2425 1004 2790 1061 definitiones.
2826 1005 3098 1061 Praeterea
3150 1011 3526 1076 argumentum
3560 1018 3626 1058 ex
3669 1003 3814 1057 tradi-

555 1113 679 1167 pag.
713 1097 840 1165 260,
890 1108 945 1153 et
972 1098 1342 1167 sequentibus,
1374 1097 1465 1153 ubi
1495 1095 1781 1154 Zachariae
1822 1098 2003 1153 locum
2066 1098 2147 1155 sic
2250 1098 2397 1153 tione
2427 1098 2652 1169 petitum
2686 1100 2905 1170 attingit
2951 1095 3202 1172 [XXXII]
3236 1096 3454 1167 quidem
3484 1095 3698 1163 alicubi,
3734 1095 3814 1150 sed

555 1187 812 1257 explicari
848 1187 1076 1254 videbis,
1126 1196 1185 1241 ut
1217 1187 1332 1257 jam
1376 1200 1483 1240 non
1520 1186 1828 1257 theologum
1868 1187 1935 1242 de
1975 1186 2149 1257 Spiri-
2249 1203 2355 1245 non
2395 1199 2575 1261 urget,
2610 1190 2737 1245 illud
2766 1202 2974 1245 tantum
3019 1191 3291 1246 haereticis
3332 1188 3497 1244 veluti
3538 1188 3712 1243 obiter
3738 1201 3818 1242 ex-

558 1286 650 1334 tus
685 1277 857 1334 sancti
910 1278 1195 1333 divinitate
1246 1287 1495 1348 agentem
1528 1278 1709 1350 legere
1764 1288 1816 1334 te
1841 1287 2021 1349 putes,
2048 1280 2146 1335 sed
2254 1281 2518 1351 probrare
2541 1291 2850 1347 contentus,
2885 1296 3074 1337 novam
3099 1296 3222 1336 esse
3250 1288 3439 1335 eorum
3487 1278 3774 1334 doctrinam
3799 1318 3814 1343 ,

559 1370 912 1440 interpretem
942 1371 1255 1440 Scripturas
1281 1370 1684 1438 explanantem.
1704 1369 1858 1438 Quod
1895 1371 2146 1442 paginam
2249 1374 2503 1443 ipsosque
2531 1389 2597 1429 ea:
2652 1377 2965 1428 inconcussa
3012 1373 3169 1427 domo
3201 1413 3217 1438 ,
3275 1382 3337 1426 ut
3416 1372 3532 1440 ipse
3598 1369 3816 1439 loquitur

556 1476 774 1531 quoque
795 1461 919 1529 515,
950 1462 1054 1516 alia
1069 1476 1213 1532 sque
1240 1461 1525 1517 nonnullas
1555 1461 1751 1529 legenti
1785 1464 2082 1531 continget.
2249 1481 2371 1537 pag.
2407 1465 2532 1529 174,
2579 1480 2772 1535 nempe
2798 1481 2866 1520 ex
2893 1463 3133 1520 Ecclesia
3154 1502 3171 1529 ,
3199 1477 3451 1534 egressos
3486 1474 3632 1517 esse.
3676 1461 3816 1516 Insu-

625 1554 714 1609 Ill.
757 1556 1045 1611 Dialectice
1093 1571 1157 1610 ac
1214 1556 1484 1611 subtiliter
1531 1555 1585 1610 in
1631 1555 1771 1611 libro
1814 1554 1893 1609 De
1943 1554 2147 1624 Spiritu
2251 1574 2349 1629 per
2374 1560 2623 1628 quamvis
2656 1573 2849 1612 omnes
2879 1556 2993 1612 fere
3015 1555 3314 1625 Scriptura!
3345 1554 3515 1610 libros
3559 1554 3707 1618 citet,
3752 1551 3810 1605 li-

557 1661 740 1702 sancto
774 1647 1034 1719 Didymus
1068 1648 1443 1711 ratiocinatur,
1494 1647 1596 1703 etsi
1640 1647 1713 1701 ibi
1771 1658 2087 1717 argumenta
2119 1661 2150 1701 e
2248 1651 2379 1706 bros
2444 1660 2623 1705 tamen
2670 1648 3125 1714 Machabzeorum,
3174 1648 3371 1702 librum
3409 1646 3620 1712 Iudith,
3670 1644 3809 1701 acli-

558 1740 854 1808 Scripturis
912 1750 1120 1795 tantum
1167 1742 1327 1796 ducta
1371 1738 1637 1811 proferat.
1692 1737 1750 1795 ld
1778 1741 1955 1810 ipsum
2015 1738 2149 1795 facit
2252 1743 2407 1796 brum
2454 1740 2650 1795 Esther
2702 1754 2977 1809 nunquam
3023 1739 3242 1809 allegat.
3301 1737 3456 1807 Saepe
3509 1737 3671 1791 etiam
3701 1734 3811 1790 dum

554 1840 608 1887 ει
637 1842 839 1887 1108181⁵.

625 1924 712 1980 IV.
756 1926 1043 1983 Vocabulis
1100 1936 1330 1996 uterque
1374 1926 1547 1982 utitur
1599 1926 1835 1982 maxime
1899 1925 2137 1997 propriis

553 2020 622 2073 ad
654 2018 990 2089 explicanda,
1026 2035 1120 2074 seu
1147 2018 1482 2089 designanda
1515 2018 1698 2088 potius
1743 2032 1863 2090 quae
1889 2019 1957 2073 ad
2002 2016 2146 2073 Tri-

553 2111 742 2167 nitatis
777 2112 1093 2182 mysterium
1130 2120 1399 2180 spectant.

566 2268 569 2275 λ
624 2198 689 2254 ν.
730 2200 807 2255 Ea
843 2200 1138 2269 Scriptura:
1186 2199 1322 2266 loca,
1384 2214 1451 2253 ex
1503 2199 1700 2268 quibus
1763 2200 2143 2257 haereticorum

552 2292 914 2359 ltlaspbemias
950 2290 1168 2357 refellit,
1196 2306 1360 2348 sensu
1391 2291 1590 2361 accipit
1641 2290 1759 2346 fere
1789 2306 2005 2363 semper
2038 2308 2143 2349 non

554 2384 807 2453 mystico,
866 2383 960 2437 sed
997 2382 1215 2437 litterali
1243 2423 1259 2448 ,
1300 2397 1407 2437 non
1447 2382 1709 2448 violento,
1759 2384 1857 2437 sed
1903 2384 2141 2439 naturali

553 2488 677 2529 cum
704 2473 982 2543 theologus
1008 2484 1209 2539 noster,
1243 2481 1354 2527 tum
1386 2472 1665 2543 Didymus.

626 2560 715 2616 VI.
755 2560 989 2616 Nimium
1038 2562 1249 2617 subtilis
1275 2577 1380 2617 non
1413 2572 1499 2617 est
1529 2560 1815 2632 Didymus,
1863 2562 1963 2617 etsi
1997 2564 2127 2617 sub—

554 2655 723 2710 tiliter
751 2669 815 2709 ac
843 2655 1125 2710 dialectice
1181 2663 1606 2724 argumentetur.
1664 2654 1973 2708 Eademque
2029 2656 2148 2710 laus

554 2746 805 2817 theologo
831 2756 1017 2801 nostro
1042 2747 1287 2802 debetur.

626 2836 742 2895 VII.
782 2838 854 2893 Se
906 2839 1078 2904 ipsum
1110 2838 1242 2892 citat
1276 2852 1381 2892 non
1437 2852 1563 2892 raro
1610 2837 1896 2909 theologus
1944 2847 2131 2893 noster

552 2929 682 2986 item
719 2939 776 2985 ut
804 2928 1098 3002 Didymus.
1128 2928 1367 2999 Uterque
1407 2930 1571 2985 etiam
1602 2930 1896 3000 scriptores
1919 2930 2097 2985 citans
2128 2969 2144 2996 ,

553 3031 648 3077 aut
678 3022 812 3077 alios
846 3021 1055 3091 aliquos
1083 3021 1390 3086 nominans,
1439 3022 1602 3075 breve
1629 3022 1868 3091 ipsorum
1902 3020 2135 3092 elogium

549 3115 755 3187 passim
786 3114 1051 3185 adjungit.
1077 3113 1322 3186 Uterque
1353 3115 1584 3170 lectores
1612 3115 1882 3169 interdum
1938 3114 2006 3169 ad
2039 3114 2142 3168 alia

552 3216 751 3276 praeter
785 3205 898 3274 illa,
929 3220 1052 3276 quae
1083 3205 1262 3272 affert,
1309 3205 1607 3274 Scriptum
1642 3206 1949 3260 testimonia
1996 3221 2144 3273 quaa-
2169 3237 2213 3295 ο

2254 1835 2368 1888 loca
2407 1851 2441 1889 e
2495 1834 2808 1904 Scriptura,
2870 1833 3060 1887 aliisve
3094 1831 3247 1887 libris
3302 1830 3480 1895 affert,
3509 1841 3810 1891 auctorum,

2250 1934 2343 1979 aut
2373 1925 2658 1989 librorum,
2690 1925 2834 1979 unde
2861 1926 3146 1993 desumpta
3181 1933 3328 1985 sunt,
3359 1922 3585 1976 nomina
3621 1919 3809 1974 reticet.

2246 2017 2400 2083 Quod
2430 2033 2559 2073 vero
2596 2017 2802 2087 majore
2828 2017 3043 2070 videtur
3087 2014 3563 2070 animadversione
3588 2012 3810 2083 dignmn,

2246 2110 2487 2164 Arianos
2538 2108 2781 2178 quidem,
2850 2106 3287 2170 hlacedonianos,
3347 2120 3414 2160 ac
3469 2104 3812 2158 Eunomianos

2248 2202 2530 2265 nominat,
2578 2200 2673 2256 sed
2704 2200 3193 2264 Setniarianorum,
3226 2202 3649 2261 Anomtnorum,
3683 2194 3810 2248 aliis-

2247 2308 2353 2365 que
2387 2293 2658 2349 similibus
2684 2294 3181 2365 nuncupationibus
3206 2306 3483 2361 nunquam
3516 2290 3701 2351 utitur,
3725 2287 3811 2342 etsi

2249 2358 2555 2451 hujusmodi
2598 2358 2884 2439 vocabula-
2911 2393 3110 2454 quarto
3138 2383 3302 2438 etiam
3337 2358 3599 2438 Ecclesia:
3629 2377 3812 2435 saeculo

2248 2475 2594 2539 invaluerint,
2623 2484 2681 2530 ut
2700 2490 2767 2531 ex
2804 2475 3110 2547 Epiphanio
3136 2484 3369 2539 constat,
3393 2473 3628 2543 aliisque
3654 2470 3810 2525 Patri-

2247 2569 2370 2625 bus.
2398 2567 2682 2622 Postremo
2711 2569 2878 2635 Aetii,
2916 2568 3257 2639 Apollinarii,
3290 2565 3534 2622 Marcelli
3560 2561 3810 2636 Ancyrani

2250 2666 2556 2721 nominibus
2611 2663 2827 2735 parcit;
2891 2661 3105 2717 etiamsi
3157 2660 3300 2716 enim
3350 2661 3569 2715 Aetium
3620 2657 3812 2729 quidem

2249 2774 2372 2827 pag.
2411 2758 2480 2813 l4
2530 2755 2808 2821 confutet,
2845 2756 2954 2809 imo
2990 2754 3108 2825 ejus
3148 2753 3313 2809 verba
3365 2751 3590 2818 afferat;
3639 2747 3815 2819 Apolli-

2248 2849 2384 2903 narii
2418 2864 2551 2904 vero
2596 2847 2846 2903 haeresim
2879 2856 3140 2900 memoret
3178 2859 3335 2915 pagg.
3370 2844 3476 2899 595
3506 2852 3566 2898 et
3602 2840 3702 2897 396
3723 2858 3738 2906 ;
3761 2852 3814 2890 ac

2248 2939 2558 2994 Marcellum
2617 2938 2864 3002 refellat,
2924 2944 2982 2991 ut
3045 2936 3343 2991 verisimile
3392 2944 3523 3002 est,
3585 2933 3809 2993 Iibr01,

2247 3047 2364 3100 cap.
2413 3032 2477 3086 51
2528 3048 2542 3086 :
2575 3030 2715 3086 Aetii
2754 3039 2964 3094 tamen,
3008 3028 3329 3099 Apollinarii
3360 3043 3425 3083 ac
3458 3025 3694 3081 Marcelli
3724 3036 3813 3077 no-

2249 3125 2392 3189 mina
2424 3138 2491 3178 ne
2520 3123 2688 3179 semel
2714 3123 2932 3194 quidem
2959 3131 3366 3177 commemorat.

2316 3212 2394 3266 lta
2428 3208 2644 3282 quidem
2681 3211 2964 3283 theologus
2993 3221 3180 3266 noster
3208 3225 3267 3265 se
3300 3208 3487 3281 gessit.
3520 3208 3658 3276 Quid
3700 3216 3810 3258 vero

553 3300 720 3351 renda
770 3298 1006 3363 excitat;
1054 3308 1240 3351 noster
1287 3297 1538 3367 quidem,
1587 3310 1769 3365 v.gr.,
1803 3311 1922 3367 pag.
1957 3295 2066 3350 227
2090 3307 2146 3352 et
2246 3300 2556 3373 Didymus?
2617 3300 2807 3359 Nonne
2862 3303 3025 3357 simili
3082 3302 3164 3357 his
3225 3317 3443 3373 quoque
3478 3299 3673 3353 modo?
3711 3295 3808 3348 lmo

547 3387 693 3457 344;
730 3388 991 3460 Didymus
1026 3405 1155 3446 vero
1188 3390 1241 3443 in
1288 3388 1424 3444 locis
1451 3403 1482 3442 a
1523 3404 1610 3444 me
1640 3404 1761 3460 pag.
1802 3387 1905 3443 227
1940 3389 2141 3462 allega-

546 3481 639 3536 tis.

623 3570 759 3626 VIII.
796 3571 1066 3627 Nonnulla
1097 3573 1295 3628 iterum
1335 3586 1400 3627 ac
1457 3572 1616 3627 tertio
1645 3571 1987 3627 inculcantur
2019 3586 2141 3628 cum

549 3664 605 3719 in
642 3663 779 3718 libro
804 3663 878 3717 De
910 3663 1111 3733 Spiritu
1140 3674 1348 3728 sancto,
1384 3674 1495 3716 tntn
1533 3664 1584 3717 in
1621 3664 1725 3717 hoc
1757 3677 1944 3731 opere.

629 3755 724 3811 IX.
784 3755 928 3810 Satis
992 3756 1151 3826 longa
1220 3755 1478 3811 exscribit
1543 3754 1813 3809 interdum
1880 3753 2140 3825 Didymus

552 3849 850 3918 Scriptura:
885 3848 1000 3903 loca
1023 3889 1038 3914 ,
1069 3847 1232 3918 idque
1264 3848 1381 3903 sine
1416 3861 1610 3916 magna
1660 3846 1984 3901 necessitate
2009 3886 2025 3912 ,
2079 3856 2141 3901 ut

550 3941 734 3997 monui
782 3957 906 4012 pag.
958 3942 1084 3997 547.
1147 3941 1204 3995 1d
1260 3941 1434 4011 ipsum
1486 3954 1515 3993 a
1574 3950 1761 3994 nostro
1821 3939 1937 3993 ﬁeri
1992 3948 2140 4009 patet

549 4045 674 4090 cum
704 4049 771 4089 ex
817 4036 1006 4090 eadem
1040 4050 1165 4105 pag.
1197 4035 1323 4103 517,
1349 4043 1461 4087 tum
1493 4048 1559 4088 ex
1587 4047 1744 4103 pagg.
1776 4031 1846 4087 56
1867 4072 1883 4099 ,
1912 4032 2002 4100 37,
2028 4031 2098 4086 44
2118 4074 2135 4100 ,

548 4128 641 4193 53,
678 4128 801 4193 194,
835 4128 941 4183 258
965 4138 1020 4182 et
1048 4125 1173 4182 585.

620 4221 863 4292 Denique
887 4220 1196 4275 dubitanter
1221 4218 1364 4289 loqui
1400 4229 1547 4273 amat
1586 4217 1871 4290 Didymus,
1906 4217 1983 4272 ita
2027 4217 2136 4273 sci-

548 4312 676 4367 licet
729 4321 791 4365 ut
835 4326 941 4364 non
971 4310 1101 4380 quid
1150 4312 1264 4380 ipse
1308 4311 1528 4377 sentiat,
1583 4308 1813 4364 definire
1842 4307 1991 4373 velit,
2041 4308 2134 4362 sed

548 4404 725 4473 aliqua
778 4403 969 4458 lectori
1027 4402 1386 4457 examinanda
1467 4409 1757 4472 proponat.
1827 4399 2000 4471 Hujus
2055 4400 2133 4454 rei

546 4493 788 4562 exempla
823 4480 893 4546 in‘
921 4491 1365 4548 Enarrationibus
1419 4492 1660 4546 invenies
1689 4505 1846 4562 pagg.
1897 4490 1987 4551 50.
2015 4489 2086 4545 54
2115 4528 2132 4555 ,

2243 3394 2433 3446 eodem
2461 3406 2706 3461 prorsus,
2740 3391 2793 3446 ni
2817 3390 2995 3446 fallor.
3037 3390 3116 3445 Ne
3157 3391 3271 3461 ipse
3326 3391 3550 3460 quidem
3605 3386 3809 3444 Joannis

2246 3484 2632 3551 testimonium,
2698 3484 2827 3540 Tres
2883 3494 3006 3539 sunt
3050 3494 3105 3539 et
3135 3494 3348 3551 cmtera,
3398 3498 3638 3553 unquam
3678 3478 3814 3535 affert

2244 3591 2420 3645 neque
2459 3576 2513 3630 in
2553 3574 3005 3630 Enarrationibus
3058 3576 3371 3645 inprimant
3410 3575 3580 3642 ipsius
3610 3569 3813 3627 Joannis

2248 3663 2571 3734 Epistulam;
2595 3681 2770 3738 neque
2801 3668 2854 3722 in
2887 3667 3026 3722 libro
3042 3665 3119 3719 De
3148 3664 3350 3735 Spiritu
3366 3674 3570 3729 sancto,
3602 3675 3699 3717 nec
3721 3657 3808 3712 ali-

2246 3758 2321 3812 bi.
2382 3757 2442 3813 Id
2494 3769 2674 3815 autem
2715 3774 2784 3815 ex
2821 3775 2887 3815 eo
2945 3759 3156 3815 factum
3202 3773 3309 3812 non
3359 3757 3571 3821 dubito,
3603 3751 3811 3825 quodin

2251 3850 2639 3906 Alexandrinis
2683 3849 2980 3907 Bibliorum
3039 3849 3442 3920 exemplaribus
3506 3855 3689 3903 textus
3738 3840 3814 3898 ille

2243 3944 2645 4000 desideraretur
2688 3966 2701 3999 :
2744 3960 2867 3999 cum
2910 3942 3129 3998 Arianis
3180 3956 3247 3996 ne
3281 3940 3350 3995 ab
3379 3938 3681 3994 Athanasio
3711 3933 3813 4004 qui-

2244 4038 2363 4089 dem
2398 4051 2636 4105 unquam
2670 4036 2916 4107 objectus
2954 4036 3045 4100 sit,
3073 4049 3173 4089 nec
3207 4035 3260 4088 in
3296 4032 3682 4094 Alexandrino,
3733 4024 3811 4096 qui

2239 4131 2508 4189 superest,
2566 4123 2755 4178 codice
2810 4123 3039 4194 legatur.
3100 4121 3310 4177 Nullius
3356 4136 3579 4191 quoque
3638 4114 3809 4190 synodi

2242 4216 2571 4270 mentionem
2601 4214 2765 4269 dllam
2800 4214 2931 4271 facit
2962 4216 3221 4286 Didymus
3252 4234 3267 4283 ;
3298 4215 3491 4278 satius,
3529 4223 3588 4267 ut
3615 4212 3810 4282 Opinor,

2238 4317 2361 4359 esse
2411 4305 2616 4361 ducens
2665 4319 2697 4360 e
2780 4304 3102 4374 Scripturis,
3164 4320 3392 4372 quarum
3450 4303 3807 4358 auctoritatem

2237 4400 2599 4471 agnoscebant
2632 4398 2901 4465 haeretici,
2927 4414 3088 4469 quam
3118 4413 3187 4454 ex
3217 4398 3607 4469 synodis,quas
3637 4390 3705 4445 illi
3731 4388 3811 4442 de—

2238 4490 2565 4564 spiciebant,
2623 4491 3019 4562 argumentari.
3072 4490 3224 4546 Hanc
3275 4492 3401 4546 item
3456 4489 3527 4543 ob
3583 4495 3805 4544 causam,

548 4585 639 4650 55,
697 4586 762 4639 71
789 4595 846 4640 et
885 4584 974 4647 88,
1019 4584 1361 4640 Bibliotheca:
1394 4582 1619 4637 Patrum
1671 4583 1926 4638 editionis
1974 4583 2123 4637 Pari-
2158 4578 2205 4635 D
2233 4586 2287 4639 ni
2319 4584 2494 4649 fallor,
2566 4599 2637 4638 ne
2692 4583 3040 4639 traditionem
3091 4584 3311 4654 quidem
3364 4593 3690 4652 magnopere
3727 4588 3810 4626 us-

547 4677 742 4732 siensis
772 4676 895 4728 anni
926 4675 1101 4739 16M;
1135 4676 1186 4729 in
1213 4674 1348 4728 libro
1375 4687 1554 4728 autem
1592 4672 1672 4728 De
1702 4673 1911 4742 Spiritu
1945 4681 2128 4726 sancto

546 4782 704 4837 pagg.
752 4766 872 4831 l60,
910 4766 1032 4831 161,
1064 4767 1189 4832 162,
1223 4768 1331 4822 liii
1360 4766 1614 4822 editionis
1645 4765 1996 4820 Veronensis.
2040 4763 2129 4819 Si-

548 4859 695 4911 milia
723 4872 852 4912 vero
904 4858 1149 4927 exempla
1213 4859 1265 4912 in
1317 4858 1565 4928 theolugo
1592 4867 1776 4912 nostro
1834 4866 2130 4911 occurrunt

547 4966 703 5020 pagg.
728 4949 1002 5015 198,26l,
1031 4950 1156 5014 271,
1189 4950 1296 5005 544
1326 4961 1380 5003 et
1403 4949 1530 5003 417.

543 5064 672 5117 Car.
713 5063 904 5119 XXIII.
945 5061 1220 5117 Notabiles
1253 5063 1496 5145 quietiam
1536 5065 1590 5118 in
1633 5072 1847 5133 utroque
1874 5061 2129 5133 scriptore

1165 5149 1490 5187 omtsstones.

615 5221 763 5276 Satis
803 5220 1002 5274 multas
1039 5218 1150 5290 jam
1182 5233 1249 5273 ex
1295 5219 1362 5273 iis
1390 5233 1509 5288 quae
1552 5219 1769 5289 scripsit
1810 5230 2005 5276 auctor
2031 5237 2131 5274 no-

545 5322 677 5377 ster,
726 5304 1067 5379 conjecturas
1111 5310 1420 5363 rationesve
1453 5309 1901 5379 deprompsimus.
1940 5309 2121 5376 Quid-

544 5402 599 5456 ni
645 5417 713 5458 ex
760 5402 845 5456 his
886 5400 1051 5456 etiam
1098 5409 1544 5471 argumentemur
1585 5414 1704 5469 quae
1748 5400 1864 5470 ipse
1910 5401 2125 5455 tacuit?

544 5505 670 5549 cum
724 5493 840 5548 haec
894 5507 1112 5563 quoque
1160 5507 1270 5547 non
1315 5491 1661 5546 mediocriter
1683 5489 1876 5559 juvent
1901 5506 2122 5547 causam

548 5598 745 5641 meam.
784 5582 1059 5653 Nusquam
1085 5585 1250 5655 igitur
1280 5584 1333 5638 in
1370 5583 1544 5638 tribus
1589 5582 1738 5637 hisce
1769 5581 1926 5639 libris
1959 5584 2123 5652 (quod

550 5676 744 5730 mirum
777 5674 1009 5744 cuipiam
1043 5675 1096 5728 in
1125 5684 1371 5729 veterum
1409 5672 1628 5727 Patrum
1671 5669 1884 5740 Didymi
1926 5686 2125 5744 suppa-

628 5858 672 5891 “
712 5853 731 5909 1
759 5853 917 5913 Joan.
947 5869 1003 5921 v,
1026 5853 1057 5907 7
1084 5866 1206 5923 sqq.

2235 4691 2396 4746 quam
2425 4684 2598 4745 urget,
2618 4675 2710 4730 sed
2733 4676 2913 4731 obiter
2935 4684 3146 4730 tantum
3177 4688 3296 4729 eam
3320 4672 3536 4744 attingit
3560 4688 3577 4725 :
3608 4679 3665 4724 ut
3691 4680 3805 4722 cum

2236 4768 2391 4822 initio
2442 4767 2564 4821 libri
2605 4766 2685 4823 De
2735 4767 2939 4837 Spiritu
2990 4777 3173 4821 sancto
3225 4767 3303 4821 sic
3353 4765 3647 4835 loquitur:
3688 4757 3809 4813 Haec

2234 4861 2299 4913 de
2327 4859 2529 4926 Spiritu
2554 4870 2737 4914 sancto
2780 4860 3060 4930 jactitant,
3089 4875 3208 4930 qua:
3238 4874 3401 4928 neque
3440 4860 3495 4911 in
3526 4843 3801 4922 Scriptm-is

2233 4951 2391 5016 lecta,
2445 4967 2608 5022 neque
2663 4969 2697 5005 a
2740 4968 3005 5024 quoquam
3059 4952 3539 5008 ecclesiasticorum
3590 4948 3803 4993 Nam”

2235 5051 2493 5111 usurpata
2571 5054 2713 5097 sunt.
2769 5042 3025 5099 Veterum
3090 5045 3235 5099 enim
3293 5044 3508 5099 Patrum
3565 5031 3803 5087 185lim0'

2242 5134 2330 5186 nia
2380 5132 2488 5186 illis
2566 5131 2843 5201 objectare
2902 5148 3361 5202 supervacaneum
3415 5122 3653 5184 fuisset:
3719 5102 3819 5202 (ιυὲ

2237 5225 2370 5278 alios
2420 5232 2617 5292 prmter
2670 5225 2883 5289 Arium,
2950 5225 3290 5283 Eunominm,
3320 5231 3383 5271 ac
3410 5200 3807 5269 Macedonium'

2229 5334 2293 5373 ne
2333 5317 2522 5370 audire
2552 5317 2761 5388 quidem
2804 5318 3061 5382 volebant,
3096 5325 3154 5369 ut
3194 5313 3270 5366 ait
3306 5309 3585 5379 theologus
3630 5310 3800 5359 noster

2229 5424 2352 5478 ρης.
2403 5406 2531 5475 ἓϐο,
2585 5408 2784 5477 quique
2815 5424 2938 5462 cum
2966 5422 3095 5463 suas
3124 5403 3404 5473 opiniones
3445 5399 3564 5452 fidei
3591 5396 3798 5449 Patrum

2232 5501 2597 5569 doctrinaeque
2631 5500 2941 5554 contrarias
3001 5512 3120 5552 esse
3166 5510 3270 5549 non
3316 5495 3672 5562 ignorarent,
3706 5482 3797 5538 Ca-

2233 5590 2464 5646 tholicos
2522 5591 2588 5645 ad
2643 5589 2982 5657 Scripturam
3046 5587 3214 5642 solam
3274 5580 3636 5654 provocabant
3670 5614 3686 5639 ,
3740 5576 3798 5626 ut

2234 5680 2418 5736 tnultis
2476 5690 2597 5751 post
2626 5681 2839 5737 smculis
2889 5680 3081 5736 nefarii
3135 5682 3393 5748 apostatze
3428 5672 3671 5727 fecerunt
3698 5663 3796 5719 Ltt'
