  <div class='ocr_page' id='page_1' title='image "/cluster/home/n/w/nwhite01/storage/ocr_20150623/39/coo.31924054869361/095.png"; bbox 0 0 4004 6406; ppageno 0'>
   <div class='ocr_carea' id='block_1_1' title="bbox 515 474 616 531">
    <p class='ocr_par' dir='ltr' id='par_1_1' title="bbox 515 474 616 531">
     <span class='ocr_line' id='line_1_1' title="bbox 515 474 616 531; baseline -0.05 0"><span class='ocrx_word' id='word_1_1' title='bbox 515 474 616 531; x_wconf 69' lang='lat'><strong>175&#39;</strong></span> 
     </span>
    </p>
   </div>
   <div class='ocr_carea' id='block_1_2' title="bbox 1952 461 3765 524">
    <p class='ocr_par' dir='ltr' id='par_1_2' title="bbox 1952 461 3765 524">
     <span class='ocr_line' id='line_1_2' title="bbox 1952 461 3765 524; baseline 0.003 -9"><span class='ocrx_word' id='word_1_2' title='bbox 1952 461 2038 515; x_wconf 87' lang='lat' dir='ltr'><strong>DE</strong></span> <span class='ocrx_word' id='word_1_3' title='bbox 2071 461 2328 517; x_wconf 76' lang='lat' dir='ltr'><strong>DlDYMO</strong></span> <span class='ocrx_word' id='word_1_4' title='bbox 3673 465 3765 524; x_wconf 76' lang='lat'><strong>176</strong></span> 
     </span>
    </p>
   </div>
   <div class='ocr_carea' id='block_1_3' title="bbox 509 549 3765 652">
    <p class='ocr_par' dir='ltr' id='par_1_3' title="bbox 509 549 3765 652">
     <span class='ocr_line' id='line_1_3' title="bbox 509 549 3765 652; baseline -0.005 -10"><span class='ocrx_word' id='word_1_5' title='bbox 509 579 1130 652; x_wconf 85' lang='lat' dir='ltr'><strong>Suntergohujusmodi.</strong></span> <span class='ocrx_word' id='word_1_6' title='bbox 1152 578 1190 633; x_wconf 94' lang='grc' dir='ltr'><strong>Ι.</strong></span> <span class='ocrx_word' id='word_1_7' title='bbox 1213 577 1471 649; x_wconf 80' lang='lat' dir='ltr'><strong>Didymus</strong></span> <span class='ocrx_word' id='word_1_8' title='bbox 1491 592 1520 631; x_wconf 86' lang='lat' dir='ltr'><strong>a</strong></span> <span class='ocrx_word' id='word_1_9' title='bbox 1538 577 1762 632; x_wconf 88' lang='lat' dir='ltr'><strong>Socrate</strong></span> <span class='ocrx_word' id='word_1_10' title='bbox 1781 549 2086 646; x_wconf 72' lang='grc' dir='ltr'><strong>ὲλλὸγιμοξ,</strong></span> <span class='ocrx_word' id='word_1_11' title='bbox 2127 581 2174 636; x_wconf 78' lang='grc' dir='ltr'>Α</span> <span class='ocrx_word' id='word_1_12' title='bbox 2204 577 2417 632; x_wconf 81' lang='lat' dir='ltr'><strong>videtur</strong></span> <span class='ocrx_word' id='word_1_13' title='bbox 2440 590 2563 632; x_wconf 90' lang='lat' dir='ltr'><strong>esse</strong></span> <span class='ocrx_word' id='word_1_14' title='bbox 2599 577 2895 631; x_wconf 87' lang='lat' dir='ltr'><strong>monachus</strong></span> <span class='ocrx_word' id='word_1_15' title='bbox 2925 551 3119 646; x_wconf 78' lang='lat' dir='ltr'><strong>aliquis</strong></span> <span class='ocrx_word' id='word_1_16' title='bbox 3146 577 3305 632; x_wconf 82' lang='lat' dir='ltr'><strong>medii</strong></span> <span class='ocrx_word' id='word_1_17' title='bbox 3336 578 3473 644; x_wconf 64' lang='lat' dir='ltr'><strong>aevi;</strong></span> <span class='ocrx_word' id='word_1_18' title='bbox 3513 593 3611 633; x_wconf 90' lang='lat' dir='ltr'><strong>nec</strong></span> <span class='ocrx_word' id='word_1_19' title='bbox 3633 582 3765 634; x_wconf 82' lang='lat' dir='ltr'><strong>enim</strong></span> 
     </span>
    </p>
   </div>
   <div class='ocr_carea' id='block_1_4' title="bbox 509 668 2084 742">
    <p class='ocr_par' dir='ltr' id='par_1_4' title="bbox 509 668 2084 742">
     <span class='ocr_line' id='line_1_4' title="bbox 509 668 2084 742; baseline -0.005 -12"><span class='ocrx_word' id='word_1_20' title='bbox 509 677 562 730; x_wconf 92' lang='lat' dir='ltr'><strong>id</strong></span> <span class='ocrx_word' id='word_1_21' title='bbox 595 683 679 729; x_wconf 89' lang='lat' dir='ltr'><strong>est</strong></span> <span class='ocrx_word' id='word_1_22' title='bbox 709 672 952 742; x_wconf 77' lang='lat' dir='ltr'><strong>eloquens</strong></span> <span class='ocrx_word' id='word_1_23' title='bbox 988 671 1165 724; x_wconf 85' lang='lat' dir='ltr'><strong>dictus</strong></span> <span class='ocrx_word' id='word_1_24' title='bbox 1189 679 1309 735; x_wconf 88' lang='lat' dir='ltr'><strong>est;</strong></span> <span class='ocrx_word' id='word_1_25' title='bbox 1366 668 1653 738; x_wconf 73' lang='lat' dir='ltr'><strong>theologus</strong></span> <span class='ocrx_word' id='word_1_26' title='bbox 1714 683 1844 723; x_wconf 85' lang='lat' dir='ltr'><strong>vero</strong></span> <span class='ocrx_word' id='word_1_27' title='bbox 1900 679 2084 723; x_wconf 90' lang='lat' dir='ltr'><strong>noster</strong></span> 
     </span>
    </p>
   </div>
   <div class='ocr_carea' id='block_1_5' title="bbox 509 758 2090 833">
    <p class='ocr_par' dir='ltr' id='par_1_5' title="bbox 509 758 2090 833">
     <span class='ocr_line' id='line_1_5' title="bbox 509 758 2090 833; baseline -0.007 -11"><span class='ocrx_word' id='word_1_28' title='bbox 509 783 615 822; x_wconf 90' lang='lat' dir='ltr'><strong>non</strong></span> <span class='ocrx_word' id='word_1_29' title='bbox 643 776 726 821; x_wconf 90' lang='lat' dir='ltr'><strong>est</strong></span> <span class='ocrx_word' id='word_1_30' title='bbox 751 764 1035 833; x_wconf 80' lang='lat' dir='ltr'><strong>ejusmodi.</strong></span> <span class='ocrx_word' id='word_1_31' title='bbox 1061 762 1123 818; x_wconf 88' lang='lat' dir='ltr'><strong>II.</strong></span> <span class='ocrx_word' id='word_1_32' title='bbox 1146 763 1309 817; x_wconf 91' lang='lat' dir='ltr'><strong>Deum</strong></span> <span class='ocrx_word' id='word_1_33' title='bbox 1327 770 1482 815; x_wconf 85' lang='lat' dir='ltr'><strong>vocat</strong></span> <span class='ocrx_word' id='word_1_34' title='bbox 1499 772 1686 816; x_wconf 88' lang='lat' dir='ltr'><strong>auctor</strong></span> <span class='ocrx_word' id='word_1_35' title='bbox 1702 761 1803 815; x_wconf 90' lang='lat' dir='ltr'><strong>iste</strong></span> <span class='ocrx_word' id='word_1_36' title='bbox 1819 758 2090 832; x_wconf 78' lang='grc' dir='ltr'><strong>ἀμεγέθη,</strong></span> 
     </span>
    </p>
   </div>
   <div class='ocr_carea' id='block_1_6' title="bbox 507 850 2091 924">
    <p class='ocr_par' dir='ltr' id='par_1_6' title="bbox 507 850 2091 924">
     <span class='ocr_line' id='line_1_6' title="bbox 507 850 2091 924; baseline -0.004 -12"><span class='ocrx_word' id='word_1_37' title='bbox 507 869 563 913; x_wconf 91' lang='lat' dir='ltr'><strong>et</strong></span> <span class='ocrx_word' id='word_1_38' title='bbox 596 857 856 922; x_wconf 82' lang='grc' dir='ltr'><strong>ἀνείδεον,</strong></span> <span class='ocrx_word' id='word_1_39' title='bbox 888 856 989 910; x_wconf 87' lang='lat' dir='ltr'><strong>hoc</strong></span> <span class='ocrx_word' id='word_1_40' title='bbox 1017 864 1100 909; x_wconf 88' lang='lat' dir='ltr'><strong>est</strong></span> <span class='ocrx_word' id='word_1_41' title='bbox 1129 853 1509 924; x_wconf 73' lang='lat' dir='ltr'><strong>magnitudinis</strong></span> <span class='ocrx_word' id='word_1_42' title='bbox 1526 860 1782 917; x_wconf 70' lang='lat' dir='ltr'><strong>expertem</strong></span> <span class='ocrx_word' id='word_1_43' title='bbox 1803 865 1861 904; x_wconf 86' lang='lat' dir='ltr'><strong>ac</strong></span> <span class='ocrx_word' id='word_1_44' title='bbox 1884 850 2091 918; x_wconf 73' lang='lat' dir='ltr'><strong>fornice.</strong></span> 
     </span>
    </p>
   </div>
   <div class='ocr_carea' id='block_1_7' title="bbox 509 943 2094 1009">
    <p class='ocr_par' dir='ltr' id='par_1_7' title="bbox 509 943 2094 1009">
     <span class='ocr_line' id='line_1_7' title="bbox 509 943 2094 1009; baseline -0.006 -1"><span class='ocrx_word' id='word_1_45' title='bbox 509 954 582 1008; x_wconf 82' lang='lat' dir='ltr'><strong>At</strong></span> <span class='ocrx_word' id='word_1_46' title='bbox 620 952 766 1008; x_wconf 87' lang='lat' dir='ltr'><strong>Petri</strong></span> <span class='ocrx_word' id='word_1_47' title='bbox 798 949 1088 1006; x_wconf 86' lang='lat' dir='ltr'><strong>Lombardi</strong></span> <span class='ocrx_word' id='word_1_48' title='bbox 1113 957 1195 1002; x_wconf 90' lang='lat' dir='ltr'><strong>est</strong></span> <span class='ocrx_word' id='word_1_49' title='bbox 1222 947 1412 1002; x_wconf 83' lang='lat' dir='ltr'><strong>isthaec</strong></span> <span class='ocrx_word' id='word_1_50' title='bbox 1456 945 1662 1000; x_wconf 92' lang='lat' dir='ltr'><strong>locutio</strong></span> <span class='ocrx_word' id='word_1_51' title='bbox 1685 984 1700 1009; x_wconf 97' lang='lat'><strong>,</strong></span> <span class='ocrx_word' id='word_1_52' title='bbox 1752 953 1844 998; x_wconf 88' lang='lat' dir='ltr'><strong>aut</strong></span> <span class='ocrx_word' id='word_1_53' title='bbox 1874 943 2094 999; x_wconf 74' lang='lat' dir='ltr'><strong>alterius</strong></span> 
     </span>
    </p>
   </div>
   <div class='ocr_carea' id='block_1_8' title="bbox 514 1032 2095 1114">
    <p class='ocr_par' dir='ltr' id='par_1_8' title="bbox 514 1032 2095 1114">
     <span class='ocr_line' id='line_1_8' title="bbox 514 1032 2095 1114; baseline -0.009 -14"><span class='ocrx_word' id='word_1_54' title='bbox 514 1044 796 1114; x_wconf 85' lang='lat' dir='ltr'><strong>cujusdam</strong></span> <span class='ocrx_word' id='word_1_55' title='bbox 829 1041 1060 1110; x_wconf 72' lang='lat' dir='ltr'><strong>theologi</strong></span> <span class='ocrx_word' id='word_1_56' title='bbox 1088 1037 1394 1093; x_wconf 86' lang='lat' dir='ltr'><strong>Lombardo</strong></span> <span class='ocrx_word' id='word_1_57' title='bbox 1423 1037 1694 1106; x_wconf 87' lang='lat' dir='ltr'><strong>supparis.</strong></span> <span class='ocrx_word' id='word_1_58' title='bbox 1724 1033 1810 1088; x_wconf 92' lang='lat' dir='ltr'><strong>lll.</strong></span> <span class='ocrx_word' id='word_1_59' title='bbox 1846 1032 2095 1088; x_wconf 82' lang='lat' dir='ltr'><strong>Vocabu-</strong></span> 
     </span>
    </p>
   </div>
   <div class='ocr_carea' id='block_1_9' title="bbox 513 1127 2093 1203">
    <p class='ocr_par' dir='ltr' id='par_1_9' title="bbox 513 1127 2093 1203">
     <span class='ocr_line' id='line_1_9' title="bbox 513 1127 2093 1203; baseline -0.008 -13"><span class='ocrx_word' id='word_1_60' title='bbox 513 1135 626 1189; x_wconf 85' lang='lat' dir='ltr'><strong>lum</strong></span> <span class='ocrx_word' id='word_1_61' title='bbox 655 1131 1008 1203; x_wconf 78' lang='grc' dir='ltr'><strong>ἀνεθελησία,</strong></span> <span class='ocrx_word' id='word_1_62' title='bbox 1055 1130 1198 1200; x_wconf 91' lang='lat' dir='ltr'><strong>quod</strong></span> <span class='ocrx_word' id='word_1_63' title='bbox 1259 1129 1347 1183; x_wconf 91' lang='lat' dir='ltr'><strong>hic</strong></span> <span class='ocrx_word' id='word_1_64' title='bbox 1411 1139 1601 1182; x_wconf 92' lang='lat' dir='ltr'><strong>auctor</strong></span> <span class='ocrx_word' id='word_1_65' title='bbox 1639 1127 1878 1190; x_wconf 73' lang='lat' dir='ltr'><strong>adhibet,</strong></span> <span class='ocrx_word' id='word_1_66' title='bbox 1927 1139 2093 1178; x_wconf 92' lang='lat' dir='ltr'><strong>unum</strong></span> 
     </span>
    </p>
   </div>
   <div class='ocr_carea' id='block_1_10' title="bbox 511 1218 2096 1294">
    <p class='ocr_par' dir='ltr' id='par_1_10' title="bbox 511 1218 2096 1294">
     <span class='ocr_line' id='line_1_10' title="bbox 511 1218 2096 1294; baseline -0.008 -13"><span class='ocrx_word' id='word_1_67' title='bbox 511 1236 598 1281; x_wconf 88' lang='lat' dir='ltr'><strong>est</strong></span> <span class='ocrx_word' id='word_1_68' title='bbox 622 1240 688 1280; x_wconf 82' lang='lat' dir='ltr'><strong>ex</strong></span> <span class='ocrx_word' id='word_1_69' title='bbox 729 1225 813 1287; x_wconf 89' lang='lat' dir='ltr'><strong>iis,</strong></span> <span class='ocrx_word' id='word_1_70' title='bbox 839 1239 960 1294; x_wconf 72' lang='lat' dir='ltr'><strong>quae</strong></span> <span class='ocrx_word' id='word_1_71' title='bbox 997 1222 1165 1276; x_wconf 88' lang='lat' dir='ltr'><strong>multo</strong></span> <span class='ocrx_word' id='word_1_72' title='bbox 1189 1228 1311 1289; x_wconf 91' lang='lat' dir='ltr'><strong>post</strong></span> <span class='ocrx_word' id='word_1_73' title='bbox 1337 1218 1550 1290; x_wconf 82' lang='lat' dir='ltr'><strong>Didymi</strong></span> <span class='ocrx_word' id='word_1_74' title='bbox 1578 1229 1794 1272; x_wconf 72' lang='lat' dir='ltr'><strong>amntem</strong></span> <span class='ocrx_word' id='word_1_75' title='bbox 1827 1221 2096 1270; x_wconf 89' lang='lat' dir='ltr'><strong>cuderuut</strong></span> 
     </span>
    </p>
   </div>
   <div class='ocr_carea' id='block_1_11' title="bbox 513 1312 2095 1383">
    <p class='ocr_par' dir='ltr' id='par_1_11' title="bbox 513 1312 2095 1383">
     <span class='ocr_line' id='line_1_11' title="bbox 513 1312 2095 1383; baseline -0.007 -11"><span class='ocrx_word' id='word_1_76' title='bbox 513 1318 851 1382; x_wconf 84' lang='lat' dir='ltr'><strong>scholastici;</strong></span> <span class='ocrx_word' id='word_1_77' title='bbox 898 1315 1167 1383; x_wconf 86' lang='lat' dir='ltr'><strong>signiﬁcat</strong></span> <span class='ocrx_word' id='word_1_78' title='bbox 1200 1313 1343 1366; x_wconf 91' lang='lat' dir='ltr'><strong>enim</strong></span> <span class='ocrx_word' id='word_1_79' title='bbox 1394 1312 1837 1372; x_wconf 85' lang='lat' dir='ltr'><strong>nonvoluntatem,</strong></span> <span class='ocrx_word' id='word_1_80' title='bbox 1874 1323 1970 1363; x_wconf 92' lang='lat' dir='ltr'><strong>seu</strong></span> <span class='ocrx_word' id='word_1_81' title='bbox 2001 1323 2095 1362; x_wconf 86' lang='lat' dir='ltr'><strong>no-</strong></span> 
     </span>
    </p>
   </div>
   <div class='ocr_carea' id='block_1_12' title="bbox 513 1401 2091 1476">
    <p class='ocr_par' dir='ltr' id='par_1_12' title="bbox 513 1401 2091 1476">
     <span class='ocr_line' id='line_1_12' title="bbox 513 1401 2091 1476; baseline -0.005 -14"><span class='ocrx_word' id='word_1_82' title='bbox 513 1411 786 1463; x_wconf 86' lang='lat' dir='ltr'><strong>luntatem.</strong></span> <span class='ocrx_word' id='word_1_83' title='bbox 813 1407 900 1462; x_wconf 89' lang='lat' dir='ltr'><strong>IV.</strong></span> <span class='ocrx_word' id='word_1_84' title='bbox 934 1407 1194 1476; x_wconf 86' lang='lat' dir='ltr'><strong>Didymus</strong></span> <span class='ocrx_word' id='word_1_85' title='bbox 1216 1405 1276 1457; x_wconf 82' lang='grc' dir='ltr'><strong>ὲν</strong></span> <span class='ocrx_word' id='word_1_86' title='bbox 1315 1403 1468 1476; x_wconf 83' lang='grc' dir='ltr'><strong>πάσῃ</strong></span> <span class='ocrx_word' id='word_1_87' title='bbox 1499 1402 1803 1466; x_wconf 81' lang='grc' dir='ltr'><strong>παιδεύσει,</strong></span> <span class='ocrx_word' id='word_1_88' title='bbox 1839 1401 1892 1455; x_wconf 94' lang='lat' dir='ltr'><strong>id</strong></span> <span class='ocrx_word' id='word_1_89' title='bbox 1930 1401 2091 1455; x_wconf 89' lang='lat' dir='ltr'><strong>estin</strong></span> 
     </span>
    </p>
   </div>
   <div class='ocr_carea' id='block_1_13' title="bbox 395 1493 2097 1563">
    <p class='ocr_par' dir='ltr' id='par_1_13' title="bbox 395 1493 2097 1563">
     <span class='ocr_line' id='line_1_13' title="bbox 395 1493 2097 1563; baseline -0.005 -7"><span class='ocrx_word' id='word_1_90' title='bbox 395 1542 407 1556; x_wconf 89' lang='lat'><strong>.</strong></span> <span class='ocrx_word' id='word_1_91' title='bbox 514 1505 657 1555; x_wconf 86' lang='lat' dir='ltr'><strong>omni</strong></span> <span class='ocrx_word' id='word_1_92' title='bbox 688 1501 956 1563; x_wconf 81' lang='lat' dir='ltr'><strong>doctrina,</strong></span> <span class='ocrx_word' id='word_1_93' title='bbox 988 1507 1235 1553; x_wconf 81' lang='lat' dir='ltr'><strong>versatus</strong></span> <span class='ocrx_word' id='word_1_94' title='bbox 1269 1505 1408 1562; x_wconf 86' lang='lat' dir='ltr'><strong>crat,</strong></span> <span class='ocrx_word' id='word_1_95' title='bbox 1464 1504 1601 1550; x_wconf 88' lang='lat' dir='ltr'><strong>teste</strong></span> <span class='ocrx_word' id='word_1_96' title='bbox 1652 1493 1876 1548; x_wconf 76' lang='lat' dir='ltr'><strong>Socrate</strong></span> <span class='ocrx_word' id='word_1_97' title='bbox 1903 1511 1919 1560; x_wconf 89' lang='lat'><strong>;</strong></span> <span class='ocrx_word' id='word_1_98' title='bbox 1945 1495 2097 1548; x_wconf 88' lang='lat' dir='ltr'><strong>theo-</strong></span> 
     </span>
    </p>
   </div>
   <div class='ocr_carea' id='block_1_14' title="bbox 516 1585 2096 1661">
    <p class='ocr_par' dir='ltr' id='par_1_14' title="bbox 516 1585 2096 1661">
     <span class='ocr_line' id='line_1_14' title="bbox 516 1585 2096 1661; baseline -0.006 -15"><span class='ocrx_word' id='word_1_99' title='bbox 516 1593 669 1661; x_wconf 84' lang='lat' dir='ltr'><strong>logus</strong></span> <span class='ocrx_word' id='word_1_100' title='bbox 699 1607 828 1645; x_wconf 84' lang='lat' dir='ltr'><strong>vero</strong></span> <span class='ocrx_word' id='word_1_101' title='bbox 855 1590 1008 1644; x_wconf 85' lang='lat' dir='ltr'><strong>hicce</strong></span> <span class='ocrx_word' id='word_1_102' title='bbox 1057 1603 1126 1642; x_wconf 90' lang='lat' dir='ltr'><strong>ne</strong></span> <span class='ocrx_word' id='word_1_103' title='bbox 1181 1587 1524 1658; x_wconf 69' lang='lat' dir='ltr'><strong>geographia:</strong></span> <span class='ocrx_word' id='word_1_104' title='bbox 1575 1587 1794 1655; x_wconf 83' lang='lat' dir='ltr'><strong>quidem</strong></span> <span class='ocrx_word' id='word_1_105' title='bbox 1826 1585 2096 1638; x_wconf 84' lang='lat' dir='ltr'><strong>elementa</strong></span> 
     </span>
    </p>
   </div>
   <div class='ocr_carea' id='block_1_15' title="bbox 517 1682 2090 1754">
    <p class='ocr_par' dir='ltr' id='par_1_15' title="bbox 517 1682 2090 1754">
     <span class='ocr_line' id='line_1_15' title="bbox 517 1682 2090 1754; baseline -0.006 -14"><span class='ocrx_word' id='word_1_106' title='bbox 517 1695 715 1740; x_wconf 88' lang='lat' dir='ltr'><strong>norat:</strong></span> <span class='ocrx_word' id='word_1_107' title='bbox 747 1684 1068 1754; x_wconf 85' lang='lat' dir='ltr'><strong>Golgotham</strong></span> <span class='ocrx_word' id='word_1_108' title='bbox 1101 1682 1244 1736; x_wconf 90' lang='lat' dir='ltr'><strong>enim</strong></span> <span class='ocrx_word' id='word_1_109' title='bbox 1281 1690 1518 1735; x_wconf 90' lang='lat' dir='ltr'><strong>montem</strong></span> <span class='ocrx_word' id='word_1_110' title='bbox 1545 1689 1702 1732; x_wconf 82' lang='lat' dir='ltr'><strong>teme</strong></span> <span class='ocrx_word' id='word_1_111' title='bbox 1738 1684 1976 1730; x_wconf 76' lang='lat' dir='ltr'><strong>centrum</strong></span> <span class='ocrx_word' id='word_1_112' title='bbox 2002 1691 2090 1730; x_wconf 87' lang='lat' dir='ltr'><strong>vo-</strong></span> 
     </span>
    </p>
   </div>
   <div class='ocr_carea' id='block_1_16' title="bbox 515 1767 2098 1847">
    <p class='ocr_par' dir='ltr' id='par_1_16' title="bbox 515 1767 2098 1847">
     <span class='ocr_line' id='line_1_16' title="bbox 515 1767 2098 1847; baseline -0.008 -14"><span class='ocrx_word' id='word_1_113' title='bbox 515 1789 627 1834; x_wconf 81' lang='lat' dir='ltr'><strong>cat.</strong></span> <span class='ocrx_word' id='word_1_114' title='bbox 657 1778 898 1847; x_wconf 86' lang='lat' dir='ltr'><strong>Denique</strong></span> <span class='ocrx_word' id='word_1_115' title='bbox 919 1792 1044 1832; x_wconf 91' lang='lat' dir='ltr'><strong>cum</strong></span> <span class='ocrx_word' id='word_1_116' title='bbox 1070 1774 1368 1846; x_wconf 83' lang='lat' dir='ltr'><strong>Orpheum,</strong></span> <span class='ocrx_word' id='word_1_117' title='bbox 1425 1772 1754 1826; x_wconf 79' lang='lat' dir='ltr'><strong>Mercurium</strong></span> <span class='ocrx_word' id='word_1_118' title='bbox 1796 1767 2098 1838; x_wconf 84' lang='lat' dir='ltr'><strong>Trismegi-</strong></span> 
     </span>
    </p>
   </div>
   <div class='ocr_carea' id='block_1_17' title="bbox 517 1859 2100 1937">
    <p class='ocr_par' dir='ltr' id='par_1_17' title="bbox 517 1859 2100 1937">
     <span class='ocr_line' id='line_1_17' title="bbox 517 1859 2100 1937; baseline -0.008 -12"><span class='ocrx_word' id='word_1_119' title='bbox 517 1883 683 1935; x_wconf 90' lang='lat' dir='ltr'><strong>stum,</strong></span> <span class='ocrx_word' id='word_1_120' title='bbox 717 1869 1029 1937; x_wconf 83' lang='lat' dir='ltr'><strong>Pindarum,</strong></span> <span class='ocrx_word' id='word_1_121' title='bbox 1071 1869 1314 1936; x_wconf 89' lang='lat' dir='ltr'><strong>aliosque</strong></span> <span class='ocrx_word' id='word_1_122' title='bbox 1337 1865 1590 1921; x_wconf 85' lang='lat' dir='ltr'><strong>ethnicos</strong></span> <span class='ocrx_word' id='word_1_123' title='bbox 1615 1863 1841 1933; x_wconf 77' lang='lat' dir='ltr'><strong>alleget,</strong></span> <span class='ocrx_word' id='word_1_124' title='bbox 1882 1869 1937 1916; x_wconf 90' lang='lat' dir='ltr'><strong>et</strong></span> <span class='ocrx_word' id='word_1_125' title='bbox 1977 1859 2100 1930; x_wconf 85' lang='lat' dir='ltr'><strong>qui-</strong></span> 
     </span>
    </p>
   </div>
   <div class='ocr_carea' id='block_1_18' title="bbox 2207 666 3769 737">
    <p class='ocr_par' dir='ltr' id='par_1_18' title="bbox 2207 666 3769 737">
     <span class='ocr_line' id='line_1_18' title="bbox 2207 666 3769 737; baseline 0 -15"><span class='ocrx_word' id='word_1_126' title='bbox 2207 669 2278 722; x_wconf 91' lang='lat' dir='ltr'><strong>ita</strong></span> <span class='ocrx_word' id='word_1_127' title='bbox 2311 683 2369 723; x_wconf 90' lang='lat' dir='ltr'><strong>se</strong></span> <span class='ocrx_word' id='word_1_128' title='bbox 2403 667 2660 737; x_wconf 77' lang='lat' dir='ltr'><strong>gessisset</strong></span> <span class='ocrx_word' id='word_1_129' title='bbox 2688 667 2829 722; x_wconf 90' lang='lat' dir='ltr'><strong>ullus</strong></span> <span class='ocrx_word' id='word_1_130' title='bbox 2857 681 2922 720; x_wconf 78' lang='lat' dir='ltr'><strong>ex</strong></span> <span class='ocrx_word' id='word_1_131' title='bbox 2957 666 3209 722; x_wconf 82' lang='lat' dir='ltr'><strong>Patribus</strong></span> <span class='ocrx_word' id='word_1_132' title='bbox 3252 669 3428 737; x_wconf 88' lang='lat' dir='ltr'><strong>quarti</strong></span> <span class='ocrx_word' id='word_1_133' title='bbox 3473 668 3672 722; x_wconf 65' lang='lat' dir='ltr'><strong>saeculi.</strong></span> <span class='ocrx_word' id='word_1_134' title='bbox 3698 667 3769 723; x_wconf 82' lang='lat' dir='ltr'><strong>Ita</strong></span> 
     </span>
    </p>
   </div>
   <div class='ocr_carea' id='block_1_19' title="bbox 2201 759 3768 828">
    <p class='ocr_par' dir='ltr' id='par_1_19' title="bbox 2201 759 3768 828">
     <span class='ocr_line' id='line_1_19' title="bbox 2201 759 3768 828; baseline -0.001 -14"><span class='ocrx_word' id='word_1_135' title='bbox 2201 759 2313 815; x_wconf 90' lang='lat' dir='ltr'><strong>ille.</strong></span> <span class='ocrx_word' id='word_1_136' title='bbox 2346 759 2583 814; x_wconf 85' lang='lat' dir='ltr'><strong>Primum</strong></span> <span class='ocrx_word' id='word_1_137' title='bbox 2615 767 2794 814; x_wconf 88' lang='lat' dir='ltr'><strong>atttem</strong></span> <span class='ocrx_word' id='word_1_138' title='bbox 2819 768 3195 827; x_wconf 81' lang='lat' dir='ltr'><strong>argumentum</strong></span> <span class='ocrx_word' id='word_1_139' title='bbox 3228 759 3464 813; x_wconf 90' lang='lat' dir='ltr'><strong>solutum</strong></span> <span class='ocrx_word' id='word_1_140' title='bbox 3500 769 3586 814; x_wconf 88' lang='lat' dir='ltr'><strong>est</strong></span> <span class='ocrx_word' id='word_1_141' title='bbox 3619 759 3768 828; x_wconf 90' lang='lat' dir='ltr'><strong>paulo</strong></span> 
     </span>
    </p>
   </div>
   <div class='ocr_carea' id='block_1_20' title="bbox 2200 849 3766 920">
    <p class='ocr_par' dir='ltr' id='par_1_20' title="bbox 2200 849 3766 920">
     <span class='ocr_line' id='line_1_20' title="bbox 2200 849 3766 920; baseline -0.001 -16"><span class='ocrx_word' id='word_1_142' title='bbox 2200 863 2350 905; x_wconf 83' lang='lat' dir='ltr'><strong>ante.</strong></span> <span class='ocrx_word' id='word_1_143' title='bbox 2376 851 2616 905; x_wconf 82' lang='lat' dir='ltr'><strong>Alterum</strong></span> <span class='ocrx_word' id='word_1_144' title='bbox 2635 849 2908 903; x_wconf 87' lang='lat' dir='ltr'><strong>inﬁrmum</strong></span> <span class='ocrx_word' id='word_1_145' title='bbox 2936 864 3056 904; x_wconf 87' lang='lat' dir='ltr'><strong>esse</strong></span> <span class='ocrx_word' id='word_1_146' title='bbox 3081 860 3262 920; x_wconf 83' lang='lat' dir='ltr'><strong>patet:</strong></span> <span class='ocrx_word' id='word_1_147' title='bbox 3287 850 3608 906; x_wconf 72' lang='lat' dir='ltr'><strong>vocabulum</strong></span> <span class='ocrx_word' id='word_1_148' title='bbox 3632 851 3766 904; x_wconf 89' lang='lat' dir='ltr'><strong>enim</strong></span> 
     </span>
    </p>
   </div>
   <div class='ocr_carea' id='block_1_21' title="bbox 2198 939 3772 1012">
    <p class='ocr_par' dir='ltr' id='par_1_21' title="bbox 2198 939 3772 1012">
     <span class='ocr_line' id='line_1_21' title="bbox 2198 939 3772 1012; baseline -0.001 -17"><span class='ocrx_word' id='word_1_149' title='bbox 2198 941 2483 1012; x_wconf 78' lang='grc' dir='ltr'><strong>ἀμεγέθης</strong></span> <span class='ocrx_word' id='word_1_150' title='bbox 2509 939 2613 994; x_wconf 86' lang='lat' dir='ltr'><strong>alia</strong></span> <span class='ocrx_word' id='word_1_151' title='bbox 2639 940 2882 1008; x_wconf 90' lang='lat' dir='ltr'><strong>quidem,</strong></span> <span class='ocrx_word' id='word_1_152' title='bbox 2921 939 3029 992; x_wconf 93' lang='lat' dir='ltr'><strong>imo</strong></span> <span class='ocrx_word' id='word_1_153' title='bbox 3058 941 3334 993; x_wconf 86' lang='lat' dir='ltr'><strong>contraria</strong></span> <span class='ocrx_word' id='word_1_154' title='bbox 3383 940 3772 1011; x_wconf 83' lang='lat' dir='ltr'><strong>signiﬁcatione</strong></span> 
     </span>
    </p>
   </div>
   <div class='ocr_carea' id='block_1_22' title="bbox 2196 1029 3769 1104">
    <p class='ocr_par' dir='ltr' id='par_1_22' title="bbox 2196 1029 3769 1104">
     <span class='ocr_line' id='line_1_22' title="bbox 2196 1029 3769 1104; baseline -0.001 -17"><span class='ocrx_word' id='word_1_155' title='bbox 2196 1049 2225 1087; x_wconf 88' lang='lat' dir='ltr'><strong>a</strong></span> <span class='ocrx_word' id='word_1_156' title='bbox 2261 1033 2500 1104; x_wconf 90' lang='lat' dir='ltr'><strong>Longino</strong></span> <span class='ocrx_word' id='word_1_157' title='bbox 2549 1031 2603 1086; x_wconf 89' lang='lat' dir='ltr'><strong>in</strong></span> <span class='ocrx_word' id='word_1_158' title='bbox 2639 1031 2777 1086; x_wconf 89' lang='lat' dir='ltr'><strong>libro</strong></span> <span class='ocrx_word' id='word_1_159' title='bbox 2806 1029 2948 1098; x_wconf 75' lang='grc' dir='ltr'><strong>Περὶ</strong></span> <span class='ocrx_word' id='word_1_160' title='bbox 2989 1030 3188 1099; x_wconf 70' lang='grc' dir='ltr'><strong>ὕψους</strong></span> <span class='ocrx_word' id='word_1_161' title='bbox 3233 1031 3534 1086; x_wconf 79' lang='lat' dir='ltr'><strong>adhibitum</strong></span> <span class='ocrx_word' id='word_1_162' title='bbox 3574 1031 3769 1094; x_wconf 83' lang='lat' dir='ltr'><strong>luerat,</strong></span> 
     </span>
    </p>
   </div>
   <div class='ocr_carea' id='block_1_23' title="bbox 2198 1120 3770 1198">
    <p class='ocr_par' dir='ltr' id='par_1_23' title="bbox 2198 1120 3770 1198">
     <span class='ocr_line' id='line_1_23' title="bbox 2198 1120 3770 1198; baseline -0.002 -16"><span class='ocrx_word' id='word_1_163' title='bbox 2198 1125 2389 1182; x_wconf 82' lang='lat' dir='ltr'><strong>eodem</strong></span> <span class='ocrx_word' id='word_1_164' title='bbox 2413 1132 2617 1185; x_wconf 88' lang='lat' dir='ltr'><strong>autem,</strong></span> <span class='ocrx_word' id='word_1_165' title='bbox 2643 1137 2752 1192; x_wconf 84' lang='lat' dir='ltr'><strong>quo</strong></span> <span class='ocrx_word' id='word_1_166' title='bbox 2780 1122 2832 1175; x_wconf 89' lang='lat' dir='ltr'><strong>itt</strong></span> <span class='ocrx_word' id='word_1_167' title='bbox 2862 1124 3010 1177; x_wconf 87' lang='lat' dir='ltr'><strong>hisce</strong></span> <span class='ocrx_word' id='word_1_168' title='bbox 3031 1121 3108 1175; x_wconf 88' lang='lat' dir='ltr'><strong>De</strong></span> <span class='ocrx_word' id='word_1_169' title='bbox 3145 1120 3600 1198; x_wconf 44' lang='lat' dir='ltr'><strong>Trinitate‘libris,</strong></span> <span class='ocrx_word' id='word_1_170' title='bbox 3620 1137 3770 1179; x_wconf 87' lang='lat' dir='ltr'><strong>sensu</strong></span> 
     </span>
    </p>
   </div>
   <div class='ocr_carea' id='block_1_24' title="bbox 2200 1212 3767 1286">
    <p class='ocr_par' dir='ltr' id='par_1_24' title="bbox 2200 1212 3767 1286">
     <span class='ocr_line' id='line_1_24' title="bbox 2200 1212 3767 1286; baseline -0.001 -15"><span class='ocrx_word' id='word_1_171' title='bbox 2200 1228 2528 1284; x_wconf 89' lang='lat' dir='ltr'><strong>usurpatum</strong></span> <span class='ocrx_word' id='word_1_172' title='bbox 2562 1213 2727 1270; x_wconf 67' lang='lat' dir='ltr'><strong>fuisse</strong></span> <span class='ocrx_word' id='word_1_173' title='bbox 2765 1215 2930 1269; x_wconf 82' lang='lat' dir='ltr'><strong>etiam</strong></span> <span class='ocrx_word' id='word_1_174' title='bbox 2959 1230 2987 1267; x_wconf 93' lang='lat' dir='ltr'><strong>a</strong></span> <span class='ocrx_word' id='word_1_175' title='bbox 3017 1212 3246 1286; x_wconf 80' lang='lat' dir='ltr'><strong>Didymo</strong></span> <span class='ocrx_word' id='word_1_176' title='bbox 3274 1214 3387 1283; x_wconf 86' lang='lat' dir='ltr'><strong>jam</strong></span> <span class='ocrx_word' id='word_1_177' title='bbox 3436 1217 3767 1269; x_wconf 78' lang='lat' dir='ltr'><strong>ostendimus</strong></span> 
     </span>
    </p>
   </div>
   <div class='ocr_carea' id='block_1_25' title="bbox 2196 1305 3771 1378">
    <p class='ocr_par' dir='ltr' id='par_1_25' title="bbox 2196 1305 3771 1378">
     <span class='ocr_line' id='line_1_25' title="bbox 2196 1305 3771 1378; baseline -0.003 -14"><span class='ocrx_word' id='word_1_178' title='bbox 2196 1309 2444 1377; x_wconf 86' lang='lat' dir='ltr'><strong>superius</strong></span> <span class='ocrx_word' id='word_1_179' title='bbox 2469 1323 2590 1378; x_wconf 87' lang='lat' dir='ltr'><strong>cap.</strong></span> <span class='ocrx_word' id='word_1_180' title='bbox 2643 1307 2728 1372; x_wconf 76' lang='grc'><strong>12,</strong></span> <span class='ocrx_word' id='word_1_181' title='bbox 2780 1306 3020 1376; x_wconf 89' lang='lat' dir='ltr'><strong>itemque</strong></span> <span class='ocrx_word' id='word_1_182' title='bbox 3059 1322 3180 1378; x_wconf 89' lang='lat' dir='ltr'><strong>pag.</strong></span> <span class='ocrx_word' id='word_1_183' title='bbox 3217 1305 3306 1373; x_wconf 79' lang='lat'><strong>39,</strong></span> <span class='ocrx_word' id='word_1_184' title='bbox 3347 1307 3437 1371; x_wconf 72' lang='lat'><strong>84,</strong></span> <span class='ocrx_word' id='word_1_185' title='bbox 3469 1307 3598 1361; x_wconf 71' lang='lat'><strong>“2.</strong></span> <span class='ocrx_word' id='word_1_186' title='bbox 3646 1307 3771 1362; x_wconf 70' lang='grc' dir='ltr'><strong>Τετ-</strong></span> 
     </span>
    </p>
   </div>
   <div class='ocr_carea' id='block_1_26' title="bbox 2199 1397 3772 1469">
    <p class='ocr_par' dir='ltr' id='par_1_26' title="bbox 2199 1397 3772 1469">
     <span class='ocr_line' id='line_1_26' title="bbox 2199 1397 3772 1469; baseline -0.002 -16"><span class='ocrx_word' id='word_1_187' title='bbox 2199 1401 2330 1454; x_wconf 93' lang='lat' dir='ltr'><strong>tium</strong></span> <span class='ocrx_word' id='word_1_188' title='bbox 2359 1399 2516 1468; x_wconf 89' lang='lat' dir='ltr'><strong>paulo</strong></span> <span class='ocrx_word' id='word_1_189' title='bbox 2555 1398 2803 1468; x_wconf 81' lang='lat' dir='ltr'><strong>superius</strong></span> <span class='ocrx_word' id='word_1_190' title='bbox 2844 1397 3099 1452; x_wconf 86' lang='lat' dir='ltr'><strong>diluimus</strong></span> <span class='ocrx_word' id='word_1_191' title='bbox 3127 1413 3244 1468; x_wconf 87' lang='lat' dir='ltr'><strong>cap.</strong></span> <span class='ocrx_word' id='word_1_192' title='bbox 3294 1397 3349 1462; x_wconf 88' lang='lat'><strong>8,</strong></span> <span class='ocrx_word' id='word_1_193' title='bbox 3399 1407 3455 1453; x_wconf 91' lang='lat' dir='ltr'><strong>et</strong></span> <span class='ocrx_word' id='word_1_194' title='bbox 3499 1413 3619 1469; x_wconf 92' lang='lat' dir='ltr'><strong>pag.</strong></span> <span class='ocrx_word' id='word_1_195' title='bbox 3656 1399 3772 1464; x_wconf 79' lang='lat' dir='ltr'><strong>l3l,</strong></span> 
     </span>
    </p>
   </div>
   <div class='ocr_carea' id='block_1_27' title="bbox 2202 1490 3772 1562">
    <p class='ocr_par' dir='ltr' id='par_1_27' title="bbox 2202 1490 3772 1562">
     <span class='ocr_line' id='line_1_27' title="bbox 2202 1490 3772 1562; baseline -0.003 -18"><span class='ocrx_word' id='word_1_196' title='bbox 2202 1501 2257 1545; x_wconf 90' lang='lat' dir='ltr'><strong>et</strong></span> <span class='ocrx_word' id='word_1_197' title='bbox 2289 1507 2475 1546; x_wconf 86' lang='lat' dir='ltr'><strong>rursus</strong></span> <span class='ocrx_word' id='word_1_198' title='bbox 2511 1506 2631 1562; x_wconf 86' lang='lat' dir='ltr'><strong>pag.</strong></span> <span class='ocrx_word' id='word_1_199' title='bbox 2689 1490 2829 1555; x_wconf 74' lang='lat' dir='ltr'><strong>N8;</strong></span> <span class='ocrx_word' id='word_1_200' title='bbox 2873 1502 3162 1560; x_wconf 82' lang='lat' dir='ltr'><strong>quartum,</strong></span> <span class='ocrx_word' id='word_1_201' title='bbox 3209 1507 3331 1560; x_wconf 90' lang='lat' dir='ltr'><strong>pag.</strong></span> <span class='ocrx_word' id='word_1_202' title='bbox 3383 1491 3489 1557; x_wconf 77' lang='lat'><strong>53;</strong></span> <span class='ocrx_word' id='word_1_203' title='bbox 3539 1493 3772 1560; x_wconf 86' lang='lat' dir='ltr'><strong>quintum</strong></span> 
     </span>
    </p>
   </div>
   <div class='ocr_carea' id='block_1_28' title="bbox 2197 1583 3775 1654">
    <p class='ocr_par' dir='ltr' id='par_1_28' title="bbox 2197 1583 3775 1654">
     <span class='ocr_line' id='line_1_28' title="bbox 2197 1583 3775 1654; baseline 0.001 -20"><span class='ocrx_word' id='word_1_204' title='bbox 2197 1585 2452 1653; x_wconf 90' lang='lat' dir='ltr'><strong>denique,</strong></span> <span class='ocrx_word' id='word_1_205' title='bbox 2508 1599 2625 1652; x_wconf 85' lang='lat' dir='ltr'><strong>pag.</strong></span> <span class='ocrx_word' id='word_1_206' title='bbox 2663 1583 2754 1649; x_wconf 90' lang='lat'><strong>69,</strong></span> <span class='ocrx_word' id='word_1_207' title='bbox 2807 1585 3050 1651; x_wconf 87' lang='lat' dir='ltr'><strong>atquein</strong></span> <span class='ocrx_word' id='word_1_208' title='bbox 3103 1585 3242 1640; x_wconf 68' lang='lat' dir='ltr'><strong>nctis</strong></span> <span class='ocrx_word' id='word_1_209' title='bbox 3272 1586 3338 1637; x_wconf 89' lang='lat' dir='ltr'><strong>ad</strong></span> <span class='ocrx_word' id='word_1_210' title='bbox 3381 1583 3450 1638; x_wconf 73' lang='grc'><strong>27</strong></span> <span class='ocrx_word' id='word_1_211' title='bbox 3487 1592 3652 1654; x_wconf 89' lang='lat' dir='ltr'><strong>caput</strong></span> <span class='ocrx_word' id='word_1_212' title='bbox 3696 1598 3775 1635; x_wconf 85' lang='lat' dir='ltr'><strong>se-</strong></span> 
     </span>
    </p>
   </div>
   <div class='ocr_carea' id='block_1_29' title="bbox 2198 1675 3777 1746">
    <p class='ocr_par' dir='ltr' id='par_1_29' title="bbox 2198 1675 3777 1746">
     <span class='ocr_line' id='line_1_29' title="bbox 2198 1675 3777 1746; baseline -0.001 -18"><span class='ocrx_word' id='word_1_213' title='bbox 2198 1677 2355 1730; x_wconf 89' lang='lat' dir='ltr'><strong>cundi</strong></span> <span class='ocrx_word' id='word_1_214' title='bbox 2403 1675 2548 1733; x_wconf 85' lang='lat' dir='ltr'><strong>libri.</strong></span> <span class='ocrx_word' id='word_1_215' title='bbox 2583 1676 2745 1746; x_wconf 86' lang='lat' dir='ltr'><strong>Lege,</strong></span> <span class='ocrx_word' id='word_1_216' title='bbox 2801 1692 3006 1746; x_wconf 73' lang='lat' dir='ltr'><strong>quaeso,</strong></span> <span class='ocrx_word' id='word_1_217' title='bbox 3047 1677 3225 1729; x_wconf 82' lang='lat' dir='ltr'><strong>omnia</strong></span> <span class='ocrx_word' id='word_1_218' title='bbox 3279 1677 3457 1730; x_wconf 70' lang='lat' dir='ltr'><strong>ltaacce</strong></span> <span class='ocrx_word' id='word_1_219' title='bbox 3487 1692 3608 1746; x_wconf 71' lang='lat' dir='ltr'><strong>qua:</strong></span> <span class='ocrx_word' id='word_1_220' title='bbox 3648 1676 3777 1728; x_wconf 84' lang='lat' dir='ltr'><strong>imii-</strong></span> 
     </span>
    </p>
   </div>
   <div class='ocr_carea' id='block_1_30' title="bbox 2199 1767 3774 1838">
    <p class='ocr_par' dir='ltr' id='par_1_30' title="bbox 2199 1767 3774 1838">
     <span class='ocr_line' id='line_1_30' title="bbox 2199 1767 3774 1838; baseline -0.001 -19"><span class='ocrx_word' id='word_1_221' title='bbox 2199 1767 2314 1820; x_wconf 82' lang='lat' dir='ltr'><strong>cavi</strong></span> <span class='ocrx_word' id='word_1_222' title='bbox 2351 1767 2508 1833; x_wconf 90' lang='lat' dir='ltr'><strong>loca;</strong></span> <span class='ocrx_word' id='word_1_223' title='bbox 2566 1768 2847 1838; x_wconf 85' lang='lat' dir='ltr'><strong>apparebit</strong></span> <span class='ocrx_word' id='word_1_224' title='bbox 2895 1773 3060 1833; x_wconf 86' lang='lat' dir='ltr'><strong>enim,</strong></span> <span class='ocrx_word' id='word_1_225' title='bbox 3113 1780 3171 1823; x_wconf 89' lang='grc' dir='ltr'><strong>ιιι</strong></span> <span class='ocrx_word' id='word_1_226' title='bbox 3205 1767 3439 1832; x_wconf 90' lang='lat' dir='ltr'><strong>conﬁdo,</strong></span> <span class='ocrx_word' id='word_1_227' title='bbox 3490 1768 3774 1821; x_wconf 78' lang='lat' dir='ltr'><strong>rationibus</strong></span> 
     </span>
    </p>
   </div>
   <div class='ocr_carea' id='block_1_31' title="bbox 2201 1859 3773 1922">
    <p class='ocr_par' dir='ltr' id='par_1_31' title="bbox 2201 1859 3773 1922">
     <span class='ocr_line' id='line_1_31' title="bbox 2201 1859 3773 1922; baseline -0.003 -9"><span class='ocrx_word' id='word_1_228' title='bbox 2201 1861 2269 1914; x_wconf 88' lang='lat' dir='ltr'><strong>ab</strong></span> <span class='ocrx_word' id='word_1_229' title='bbox 2294 1860 2608 1914; x_wconf 86' lang='lat' dir='ltr'><strong>adversario</strong></span> <span class='ocrx_word' id='word_1_230' title='bbox 2625 1859 2798 1915; x_wconf 84' lang='lat' dir='ltr'><strong>allatis</strong></span> <span class='ocrx_word' id='word_1_231' title='bbox 2822 1876 2926 1914; x_wconf 90' lang='lat' dir='ltr'><strong>non</strong></span> <span class='ocrx_word' id='word_1_232' title='bbox 2948 1860 3210 1914; x_wconf 84' lang='lat' dir='ltr'><strong>inﬁrmari</strong></span> <span class='ocrx_word' id='word_1_233' title='bbox 3234 1863 3564 1922; x_wconf 66' lang='lat' dir='ltr'><strong>sententiam</strong></span> <span class='ocrx_word' id='word_1_234' title='bbox 3590 1874 3773 1921; x_wconf 77' lang='lat' dir='ltr'><strong>meam,</strong></span> 
     </span>
    </p>
   </div>
   <div class='ocr_carea' id='block_1_32' title="bbox 516 1949 2663 2027">
    <p class='ocr_par' dir='ltr' id='par_1_32' title="bbox 516 1949 2663 2027">
     <span class='ocr_line' id='line_1_32' title="bbox 516 1949 2663 2027; baseline -0.005 -13"><span class='ocrx_word' id='word_1_235' title='bbox 516 1964 638 2015; x_wconf 89' lang='lat' dir='ltr'><strong>dem</strong></span> <span class='ocrx_word' id='word_1_236' title='bbox 663 1961 732 2016; x_wconf 89' lang='lat' dir='ltr'><strong>de</strong></span> <span class='ocrx_word' id='word_1_237' title='bbox 755 1971 1108 2016; x_wconf 90' lang='lat' dir='ltr'><strong>sacrosancto</strong></span> <span class='ocrx_word' id='word_1_238' title='bbox 1137 1957 1420 2013; x_wconf 73' lang='lat' dir='ltr'><strong>Trinitatis</strong></span> <span class='ocrx_word' id='word_1_239' title='bbox 1485 1956 1746 2027; x_wconf 88' lang='lat' dir='ltr'><strong>mysterio</strong></span> <span class='ocrx_word' id='word_1_240' title='bbox 1795 1953 2099 2024; x_wconf 85' lang='lat' dir='ltr'><strong>disputans,</strong></span> <span class='ocrx_word' id='word_1_241' title='bbox 2135 1953 2173 2006; x_wconf 85' lang='grc' dir='ltr'>Β</span> <span class='ocrx_word' id='word_1_242' title='bbox 2205 1951 2295 2004; x_wconf 82' lang='lat' dir='ltr'><strong>sed</strong></span> <span class='ocrx_word' id='word_1_243' title='bbox 2332 1949 2663 2004; x_wconf 85' lang='lat' dir='ltr'><strong>conﬁrmari.</strong></span> 
     </span>
    </p>
   </div>
   <div class='ocr_carea' id='block_1_33' title="bbox 1125 2160 1394 2176">
    <p class='ocr_par' dir='ltr' id='par_1_33' title="bbox 1125 2160 1394 2176">
     <span class='ocr_line' id='line_1_33' title="bbox 1125 2160 1394 2176; baseline -0.011 0"><span class='ocrx_word' id='word_1_244' title='bbox 1125 2160 1394 2176; x_wconf 50' lang='grc' dir='ltr'><strong>Μ</strong></span> 
     </span>
    </p>
   </div>
   <div class='ocr_carea' id='block_1_34' title="bbox 521 2161 1119 2186">
    <p class='ocr_par' dir='ltr' id='par_1_34' title="bbox 521 2161 1119 2186">
     <span class='ocr_line' id='line_1_34' title="bbox 521 2161 1119 2186; baseline -0.015 -5"><span class='ocrx_word' id='word_1_245' title='bbox 521 2161 1119 2186; x_wconf 38' lang='grc' dir='ltr'>,ψοφῇ</span> 
     </span>
    </p>
   </div>
   <div class='ocr_carea' id='block_1_35' title="bbox 2045 2155 2336 2168">
    <p class='ocr_par' dir='ltr' id='par_1_35' title="bbox 2045 2155 2336 2168">
     <span class='ocr_line' id='line_1_35' title="bbox 2045 2155 2336 2168; baseline -0.01 1"><span class='ocrx_word' id='word_1_246' title='bbox 2045 2155 2336 2168; x_wconf 68' lang='grc' dir='ltr'><strong>-υ--ι</strong></span> 
     </span>
    </p>
   </div>
   <div class='ocr_carea' id='block_1_36' title="bbox 2339 2155 2620 2168">
    <p class='ocr_par' dir='ltr' id='par_1_36' title="bbox 2339 2155 2620 2168">
     <span class='ocr_line' id='line_1_36' title="bbox 2339 2155 2620 2168; baseline -0.004 -2"><span class='ocrx_word' id='word_1_247' title='bbox 2339 2155 2620 2168; x_wconf 50' lang='lat' dir='ltr'><strong>——-—q</strong></span> 
     </span>
    </p>
   </div>
   <div class='ocr_carea' id='block_1_37' title="bbox 1601 2317 2695 2408">
    <p class='ocr_par' dir='ltr' id='par_1_37' title="bbox 1601 2317 2695 2408">
     <span class='ocr_line' id='line_1_37' title="bbox 1601 2317 2695 2408; baseline -0.003 -1"><span class='ocrx_word' id='word_1_248' title='bbox 1601 2321 1961 2407; x_wconf 79' lang='lat' dir='ltr'><strong>LIBER</strong></span> <span class='ocrx_word' id='word_1_249' title='bbox 2035 2317 2695 2408; x_wconf 80' lang='lat' dir='ltr'><strong>SECUNDUS.</strong></span> 
     </span>
    </p>
   </div>
   <div class='ocr_carea' id='block_1_38' title="bbox 1454 2532 2130 2580">
    <p class='ocr_par' dir='ltr' id='par_1_38' title="bbox 1454 2532 2130 2580">
     <span class='ocr_line' id='line_1_38' title="bbox 1454 2532 2130 2580; baseline -0.007 0"><span class='ocrx_word' id='word_1_250' title='bbox 1454 2535 1535 2580; x_wconf 82' lang='lat' dir='ltr'><strong>DE</strong></span> <span class='ocrx_word' id='word_1_251' title='bbox 1585 2533 1807 2579; x_wconf 81' lang='lat' dir='ltr'><strong>DIDYMI</strong></span> <span class='ocrx_word' id='word_1_252' title='bbox 1855 2532 2130 2577; x_wconf 77' lang='lat' dir='ltr'><strong>PLACITIS</strong></span> 
     </span>
    </p>
   </div>
   <div class='ocr_carea' id='block_1_39' title="bbox 591 2817 2101 2892">
    <p class='ocr_par' dir='ltr' id='par_1_39' title="bbox 591 2817 2101 2892">
     <span class='ocr_line' id='line_1_39' title="bbox 591 2817 2101 2892; baseline -0.005 -14"><span class='ocrx_word' id='word_1_253' title='bbox 591 2821 857 2892; x_wconf 86' lang='lat' dir='ltr'><strong>Quoniam</strong></span> <span class='ocrx_word' id='word_1_254' title='bbox 892 2822 1082 2884; x_wconf 88' lang='lat' dir='ltr'><strong>trium,</strong></span> <span class='ocrx_word' id='word_1_255' title='bbox 1109 2835 1244 2890; x_wconf 87' lang='lat' dir='ltr'><strong>quos</strong></span> <span class='ocrx_word' id='word_1_256' title='bbox 1269 2819 1324 2874; x_wconf 90' lang='lat' dir='ltr'><strong>itt</strong></span> <span class='ocrx_word' id='word_1_257' title='bbox 1352 2818 1526 2874; x_wconf 90' lang='lat' dir='ltr'><strong>lucem</strong></span> <span class='ocrx_word' id='word_1_258' title='bbox 1567 2835 1706 2874; x_wconf 91' lang='lat' dir='ltr'><strong>nunc</strong></span> <span class='ocrx_word' id='word_1_259' title='bbox 1730 2819 1961 2889; x_wconf 91' lang='lat' dir='ltr'><strong>primum</strong></span> <span class='ocrx_word' id='word_1_260' title='bbox 1984 2817 2101 2872; x_wconf 84' lang='lat' dir='ltr'><strong>edi-</strong></span> 
     </span>
    </p>
   </div>
   <div class='ocr_carea' id='block_1_40' title="bbox 523 2905 2098 2979">
    <p class='ocr_par' dir='ltr' id='par_1_40' title="bbox 523 2905 2098 2979">
     <span class='ocr_line' id='line_1_40' title="bbox 523 2905 2098 2979; baseline -0.005 -11"><span class='ocrx_word' id='word_1_261' title='bbox 523 2929 665 2974; x_wconf 90' lang='lat' dir='ltr'><strong>mus,</strong></span> <span class='ocrx_word' id='word_1_262' title='bbox 690 2914 951 2967; x_wconf 85' lang='lat' dir='ltr'><strong>librorum</strong></span> <span class='ocrx_word' id='word_1_263' title='bbox 977 2920 1249 2967; x_wconf 88' lang='lat' dir='ltr'><strong>auctorem</strong></span> <span class='ocrx_word' id='word_1_264' title='bbox 1273 2909 1442 2966; x_wconf 83' lang='lat' dir='ltr'><strong>luisse</strong></span> <span class='ocrx_word' id='word_1_265' title='bbox 1468 2909 1774 2979; x_wconf 87' lang='lat' dir='ltr'><strong>Didymum,</strong></span> <span class='ocrx_word' id='word_1_266' title='bbox 1810 2907 1968 2970; x_wconf 87' lang='lat' dir='ltr'><strong>satis,</strong></span> <span class='ocrx_word' id='word_1_267' title='bbox 1994 2905 2098 2960; x_wconf 91' lang='lat' dir='ltr'><strong>nisi</strong></span> 
     </span>
    </p>
   </div>
   <div class='ocr_carea' id='block_1_41' title="bbox 523 2997 2096 3073">
    <p class='ocr_par' dir='ltr' id='par_1_41' title="bbox 523 2997 2096 3073">
     <span class='ocr_line' id='line_1_41' title="bbox 523 2997 2096 3073; baseline -0.006 -13"><span class='ocrx_word' id='word_1_268' title='bbox 523 3020 646 3060; x_wconf 85' lang='lat' dir='ltr'><strong>mea</strong></span> <span class='ocrx_word' id='word_1_269' title='bbox 669 3018 758 3060; x_wconf 88' lang='lat' dir='ltr'><strong>me</strong></span> <span class='ocrx_word' id='word_1_270' title='bbox 781 3003 914 3059; x_wconf 82' lang='lat' dir='ltr'><strong>fallit</strong></span> <span class='ocrx_word' id='word_1_271' title='bbox 939 3003 1142 3072; x_wconf 91' lang='lat' dir='ltr'><strong>opinio,</strong></span> <span class='ocrx_word' id='word_1_272' title='bbox 1168 3002 1448 3073; x_wconf 82' lang='lat' dir='ltr'><strong>superiore</strong></span> <span class='ocrx_word' id='word_1_273' title='bbox 1489 2999 1628 3056; x_wconf 91' lang='lat' dir='ltr'><strong>libro</strong></span> <span class='ocrx_word' id='word_1_274' title='bbox 1658 3012 1937 3055; x_wconf 91' lang='lat' dir='ltr'><strong>ostensum</strong></span> <span class='ocrx_word' id='word_1_275' title='bbox 1969 2997 2096 3064; x_wconf 81' lang='lat' dir='ltr'><strong>fuit;</strong></span> 
     </span>
    </p>
   </div>
   <div class='ocr_carea' id='block_1_42' title="bbox 527 3089 2098 3162">
    <p class='ocr_par' dir='ltr' id='par_1_42' title="bbox 527 3089 2098 3162">
     <span class='ocr_line' id='line_1_42' title="bbox 527 3089 2098 3162; baseline -0.004 -14"><span class='ocrx_word' id='word_1_276' title='bbox 527 3099 595 3148; x_wconf 90' lang='lat' dir='ltr'><strong>de</strong></span> <span class='ocrx_word' id='word_1_277' title='bbox 636 3091 796 3162; x_wconf 90' lang='lat' dir='ltr'><strong>hujus</strong></span> <span class='ocrx_word' id='word_1_278' title='bbox 832 3092 930 3146; x_wconf 87' lang='lat' dir='ltr'><strong>viri</strong></span> <span class='ocrx_word' id='word_1_279' title='bbox 960 3090 1176 3162; x_wconf 83' lang='lat' dir='ltr'><strong>placitis</strong></span> <span class='ocrx_word' id='word_1_280' title='bbox 1214 3105 1506 3162; x_wconf 87' lang='lat' dir='ltr'><strong>parumper</strong></span> <span class='ocrx_word' id='word_1_281' title='bbox 1559 3104 1702 3144; x_wconf 85' lang='lat' dir='ltr'><strong>nunc</strong></span> <span class='ocrx_word' id='word_1_282' title='bbox 1745 3089 1891 3158; x_wconf 89' lang='lat' dir='ltr'><strong>loqui</strong></span> <span class='ocrx_word' id='word_1_283' title='bbox 1919 3102 2098 3157; x_wconf 74' lang='lat' dir='ltr'><strong>operte</strong></span> 
     </span>
    </p>
   </div>
   <div class='ocr_carea' id='block_1_43' title="bbox 523 3179 2100 3250">
    <p class='ocr_par' dir='ltr' id='par_1_43' title="bbox 523 3179 2100 3250">
     <span class='ocr_line' id='line_1_43' title="bbox 523 3179 2100 3250; baseline -0.003 -11"><span class='ocrx_word' id='word_1_284' title='bbox 523 3186 754 3250; x_wconf 88' lang='lat' dir='ltr'><strong>pretium</strong></span> <span class='ocrx_word' id='word_1_285' title='bbox 802 3200 924 3242; x_wconf 87' lang='lat' dir='ltr'><strong>esse</strong></span> <span class='ocrx_word' id='word_1_286' title='bbox 979 3185 1254 3249; x_wconf 80' lang='lat' dir='ltr'><strong>existimo,</strong></span> <span class='ocrx_word' id='word_1_287' title='bbox 1312 3181 1606 3238; x_wconf 81' lang='lat' dir='ltr'><strong>Francisce</strong></span> <span class='ocrx_word' id='word_1_288' title='bbox 1649 3181 1841 3237; x_wconf 82' lang='lat' dir='ltr'><strong>Carala</strong></span> <span class='ocrx_word' id='word_1_289' title='bbox 1903 3179 2100 3250; x_wconf 67' lang='lat' dir='ltr'><strong>praesul</strong></span> 
     </span>
    </p>
   </div>
   <div class='ocr_carea' id='block_1_44' title="bbox 524 3275 2102 3348">
    <p class='ocr_par' dir='ltr' id='par_1_44' title="bbox 524 3275 2102 3348">
     <span class='ocr_line' id='line_1_44' title="bbox 524 3275 2102 3348; baseline -0.005 -16"><span class='ocrx_word' id='word_1_290' title='bbox 524 3278 878 3348; x_wconf 89' lang='lat' dir='ltr'><strong>amplissime,</strong></span> <span class='ocrx_word' id='word_1_291' title='bbox 910 3291 974 3332; x_wconf 89' lang='lat' dir='ltr'><strong>ac</strong></span> <span class='ocrx_word' id='word_1_292' title='bbox 1003 3275 1282 3348; x_wconf 86' lang='lat' dir='ltr'><strong>pr0posito</strong></span> <span class='ocrx_word' id='word_1_293' title='bbox 1312 3287 1432 3329; x_wconf 92' lang='lat' dir='ltr'><strong>meo</strong></span> <span class='ocrx_word' id='word_1_294' title='bbox 1484 3286 1829 3341; x_wconf 90' lang='lat' dir='ltr'><strong>summopere</strong></span> <span class='ocrx_word' id='word_1_295' title='bbox 1872 3285 2102 3326; x_wconf 88' lang='lat' dir='ltr'><strong>consen-</strong></span> 
     </span>
    </p>
   </div>
   <div class='ocr_carea' id='block_1_45' title="bbox 520 3363 2103 3438">
    <p class='ocr_par' dir='ltr' id='par_1_45' title="bbox 520 3363 2103 3438">
     <span class='ocr_line' id='line_1_45' title="bbox 520 3363 2103 3438; baseline -0.003 -14"><span class='ocrx_word' id='word_1_296' title='bbox 520 3380 766 3427; x_wconf 83' lang='lat' dir='ltr'><strong>taneum.</strong></span> <span class='ocrx_word' id='word_1_297' title='bbox 801 3369 912 3425; x_wconf 84' lang='lat' dir='ltr'><strong>Etsi</strong></span> <span class='ocrx_word' id='word_1_298' title='bbox 950 3369 1093 3424; x_wconf 90' lang='lat' dir='ltr'><strong>enim</strong></span> <span class='ocrx_word' id='word_1_299' title='bbox 1123 3369 1306 3438; x_wconf 85' lang='lat' dir='ltr'><strong>plures</strong></span> <span class='ocrx_word' id='word_1_300' title='bbox 1336 3369 1402 3422; x_wconf 90' lang='lat' dir='ltr'><strong>de</strong></span> <span class='ocrx_word' id='word_1_301' title='bbox 1428 3363 1744 3437; x_wconf 85' lang='lat' dir='ltr'><strong>ipsiusvita,</strong></span> <span class='ocrx_word' id='word_1_302' title='bbox 1773 3363 2103 3433; x_wconf 83' lang='lat' dir='ltr'><strong>scriptisque</strong></span> 
     </span>
    </p>
   </div>
   <div class='ocr_carea' id='block_1_46' title="bbox 523 3455 2102 3530">
    <p class='ocr_par' dir='ltr' id='par_1_46' title="bbox 523 3455 2102 3530">
     <span class='ocr_line' id='line_1_46' title="bbox 523 3455 2102 3530; baseline -0.004 -17"><span class='ocrx_word' id='word_1_303' title='bbox 523 3459 736 3530; x_wconf 78' lang='lat' dir='ltr'><strong>egerint</strong></span> <span class='ocrx_word' id='word_1_304' title='bbox 760 3457 1145 3528; x_wconf 83' lang='lat' dir='ltr'><strong>perdiligenter</strong></span> <span class='ocrx_word' id='word_1_305' title='bbox 1167 3500 1182 3524; x_wconf 94' lang='lat'><strong>,</strong></span> <span class='ocrx_word' id='word_1_306' title='bbox 1213 3470 1372 3512; x_wconf 89' lang='lat' dir='ltr'><strong>nemo</strong></span> <span class='ocrx_word' id='word_1_307' title='bbox 1408 3465 1588 3510; x_wconf 90' lang='lat' dir='ltr'><strong>tamen</strong></span> <span class='ocrx_word' id='word_1_308' title='bbox 1613 3455 1878 3509; x_wconf 84' lang='lat' dir='ltr'><strong>hactenus</strong></span> <span class='ocrx_word' id='word_1_309' title='bbox 1899 3493 1915 3518; x_wconf 96' lang='lat'><strong>,</strong></span> <span class='ocrx_word' id='word_1_310' title='bbox 1939 3467 2102 3523; x_wconf 90' lang='lat' dir='ltr'><strong>quem</strong></span> 
     </span>
    </p>
   </div>
   <div class='ocr_carea' id='block_1_47' title="bbox 524 3546 2101 3616">
    <p class='ocr_par' dir='ltr' id='par_1_47' title="bbox 524 3546 2101 3616">
     <span class='ocr_line' id='line_1_47' title="bbox 524 3546 2101 3616; baseline -0.004 -13"><span class='ocrx_word' id='word_1_311' title='bbox 524 3548 730 3612; x_wconf 87' lang='lat' dir='ltr'><strong>norim,</strong></span> <span class='ocrx_word' id='word_1_312' title='bbox 759 3546 904 3602; x_wconf 88' lang='lat' dir='ltr'><strong>illius</strong></span> <span class='ocrx_word' id='word_1_313' title='bbox 919 3547 1202 3616; x_wconf 84' lang='lat' dir='ltr'><strong>opiniones</strong></span> <span class='ocrx_word' id='word_1_314' title='bbox 1222 3547 1356 3602; x_wconf 84' lang='lat' dir='ltr'><strong>satis</strong></span> <span class='ocrx_word' id='word_1_315' title='bbox 1379 3555 1636 3600; x_wconf 75' lang='lat' dir='ltr'><strong>accurate</strong></span> <span class='ocrx_word' id='word_1_316' title='bbox 1652 3554 1974 3614; x_wconf 88' lang='lat' dir='ltr'><strong>persecutus</strong></span> <span class='ocrx_word' id='word_1_317' title='bbox 1997 3551 2101 3598; x_wconf 90' lang='lat' dir='ltr'><strong>est.</strong></span> 
     </span>
    </p>
   </div>
   <div class='ocr_carea' id='block_1_48' title="bbox 523 3632 2104 3707">
    <p class='ocr_par' dir='ltr' id='par_1_48' title="bbox 523 3632 2104 3707">
     <span class='ocr_line' id='line_1_48' title="bbox 523 3632 2104 3707; baseline -0.002 -16"><span class='ocrx_word' id='word_1_318' title='bbox 523 3635 714 3706; x_wconf 82' lang='lat' dir='ltr'><strong>Itaque</strong></span> <span class='ocrx_word' id='word_1_319' title='bbox 735 3637 848 3701; x_wconf 88' lang='lat' dir='ltr'><strong>ipse</strong></span> <span class='ocrx_word' id='word_1_320' title='bbox 879 3637 1062 3707; x_wconf 86' lang='lat' dir='ltr'><strong>priora</strong></span> <span class='ocrx_word' id='word_1_321' title='bbox 1090 3637 1180 3690; x_wconf 88' lang='lat' dir='ltr'><strong>illa</strong></span> <span class='ocrx_word' id='word_1_322' title='bbox 1212 3637 1497 3701; x_wconf 86' lang='lat' dir='ltr'><strong>omittens,</strong></span> <span class='ocrx_word' id='word_1_323' title='bbox 1539 3635 1608 3690; x_wconf 90' lang='lat' dir='ltr'><strong>de</strong></span> <span class='ocrx_word' id='word_1_324' title='bbox 1635 3633 1932 3704; x_wconf 84' lang='lat' dir='ltr'><strong>postremis</strong></span> <span class='ocrx_word' id='word_1_325' title='bbox 1955 3632 2104 3688; x_wconf 88' lang='lat' dir='ltr'><strong>hisce</strong></span> 
     </span>
    </p>
   </div>
   <div class='ocr_carea' id='block_1_49' title="bbox 526 3723 2104 3796">
    <p class='ocr_par' dir='ltr' id='par_1_49' title="bbox 526 3723 2104 3796">
     <span class='ocr_line' id='line_1_49' title="bbox 526 3723 2104 3796; baseline 0 -16"><span class='ocrx_word' id='word_1_326' title='bbox 526 3729 790 3782; x_wconf 79' lang='lat' dir='ltr'><strong>duntaxat</strong></span> <span class='ocrx_word' id='word_1_327' title='bbox 823 3743 1001 3796; x_wconf 87' lang='lat' dir='ltr'><strong>agam,</strong></span> <span class='ocrx_word' id='word_1_328' title='bbox 1044 3742 1147 3783; x_wconf 90' lang='lat' dir='ltr'><strong>non</strong></span> <span class='ocrx_word' id='word_1_329' title='bbox 1175 3726 1318 3796; x_wconf 88' lang='lat' dir='ltr'><strong>quod</strong></span> <span class='ocrx_word' id='word_1_330' title='bbox 1345 3725 1583 3780; x_wconf 86' lang='lat' dir='ltr'><strong>arbitrer</strong></span> <span class='ocrx_word' id='word_1_331' title='bbox 1625 3732 1740 3779; x_wconf 90' lang='lat' dir='ltr'><strong>tuto</strong></span> <span class='ocrx_word' id='word_1_332' title='bbox 1764 3739 1864 3780; x_wconf 90' lang='lat' dir='ltr'><strong>nos</strong></span> <span class='ocrx_word' id='word_1_333' title='bbox 1903 3723 2104 3793; x_wconf 89' lang='lat' dir='ltr'><strong>ubique</strong></span> 
     </span>
    </p>
   </div>
   <div class='ocr_carea' id='block_1_50' title="bbox 522 3814 2105 3887">
    <p class='ocr_par' dir='ltr' id='par_1_50' title="bbox 522 3814 2105 3887">
     <span class='ocr_line' id='line_1_50' title="bbox 522 3814 2105 3887; baseline 0 -17"><span class='ocrx_word' id='word_1_334' title='bbox 522 3817 638 3886; x_wconf 84' lang='lat' dir='ltr'><strong>jam</strong></span> <span class='ocrx_word' id='word_1_335' title='bbox 665 3833 822 3886; x_wconf 88' lang='lat' dir='ltr'><strong>posse</strong></span> <span class='ocrx_word' id='word_1_336' title='bbox 846 3818 1123 3881; x_wconf 83' lang='lat' dir='ltr'><strong>incedere,</strong></span> <span class='ocrx_word' id='word_1_337' title='bbox 1143 3833 1207 3872; x_wconf 87' lang='lat' dir='ltr'><strong>ac</strong></span> <span class='ocrx_word' id='word_1_338' title='bbox 1259 3817 1428 3872; x_wconf 85' lang='lat' dir='ltr'><strong>veluti</strong></span> <span class='ocrx_word' id='word_1_339' title='bbox 1474 3815 1668 3887; x_wconf 84' lang='lat' dir='ltr'><strong>pedem</strong></span> <span class='ocrx_word' id='word_1_340' title='bbox 1717 3815 1881 3887; x_wconf 85' lang='lat' dir='ltr'><strong>ﬁgere</strong></span> <span class='ocrx_word' id='word_1_341' title='bbox 1904 3814 2105 3886; x_wconf 82' lang='lat' dir='ltr'><strong>(plera-</strong></span> 
     </span>
    </p>
   </div>
   <div class='ocr_carea' id='block_1_51' title="bbox 527 3905 2106 3982">
    <p class='ocr_par' dir='ltr' id='par_1_51' title="bbox 527 3905 2106 3982">
     <span class='ocr_line' id='line_1_51' title="bbox 527 3905 2106 3982; baseline -0.002 -18"><span class='ocrx_word' id='word_1_342' title='bbox 527 3926 636 3982; x_wconf 87' lang='lat' dir='ltr'><strong>que</strong></span> <span class='ocrx_word' id='word_1_343' title='bbox 666 3911 810 3967; x_wconf 89' lang='lat' dir='ltr'><strong>enim</strong></span> <span class='ocrx_word' id='word_1_344' title='bbox 845 3911 950 3965; x_wconf 89' lang='lat' dir='ltr'><strong>alia</strong></span> <span class='ocrx_word' id='word_1_345' title='bbox 1007 3909 1242 3979; x_wconf 86' lang='lat' dir='ltr'><strong>theologi</strong></span> <span class='ocrx_word' id='word_1_346' title='bbox 1303 3905 1528 3975; x_wconf 87' lang='lat' dir='ltr'><strong>hujusce</strong></span> <span class='ocrx_word' id='word_1_347' title='bbox 1582 3920 1750 3976; x_wconf 88' lang='lat' dir='ltr'><strong>opera</strong></span> <span class='ocrx_word' id='word_1_348' title='bbox 1800 3921 1868 3961; x_wconf 78' lang='lat' dir='ltr'><strong>ex</strong></span> <span class='ocrx_word' id='word_1_349' title='bbox 1911 3906 2106 3975; x_wconf 77' lang='lat' dir='ltr'><strong>quibus</strong></span> 
     </span>
    </p>
   </div>
   <div class='ocr_carea' id='block_1_52' title="bbox 529 4002 2102 4076">
    <p class='ocr_par' dir='ltr' id='par_1_52' title="bbox 529 4002 2102 4076">
     <span class='ocr_line' id='line_1_52' title="bbox 529 4002 2102 4076; baseline -0.003 -16"><span class='ocrx_word' id='word_1_350' title='bbox 529 4006 702 4075; x_wconf 88' lang='lat' dir='ltr'><strong>major</strong></span> <span class='ocrx_word' id='word_1_351' title='bbox 729 4016 913 4076; x_wconf 91' lang='lat' dir='ltr'><strong>posset</strong></span> <span class='ocrx_word' id='word_1_352' title='bbox 947 4005 1034 4060; x_wconf 82' lang='lat' dir='ltr'><strong>lux</strong></span> <span class='ocrx_word' id='word_1_353' title='bbox 1059 4005 1338 4075; x_wconf 79' lang='lat' dir='ltr'><strong>atlulgere,</strong></span> <span class='ocrx_word' id='word_1_354' title='bbox 1371 4002 1813 4073; x_wconf 87' lang='lat' dir='ltr'><strong>interciderunt),</strong></span> <span class='ocrx_word' id='word_1_355' title='bbox 1845 4003 1938 4058; x_wconf 87' lang='lat' dir='ltr'><strong>sed</strong></span> <span class='ocrx_word' id='word_1_356' title='bbox 1956 4002 2102 4073; x_wconf 88' lang='lat' dir='ltr'><strong>quod</strong></span> 
     </span>
    </p>
   </div>
   <div class='ocr_carea' id='block_1_53' title="bbox 530 4097 2104 4168">
    <p class='ocr_par' dir='ltr' id='par_1_53' title="bbox 530 4097 2104 4168">
     <span class='ocr_line' id='line_1_53' title="bbox 530 4097 2104 4168; baseline -0.001 -15"><span class='ocrx_word' id='word_1_357' title='bbox 530 4113 667 4153; x_wconf 87' lang='lat' dir='ltr'><strong>nova</strong></span> <span class='ocrx_word' id='word_1_358' title='bbox 694 4097 889 4154; x_wconf 81' lang='lat' dir='ltr'><strong>aﬂ‘erre</strong></span> <span class='ocrx_word' id='word_1_359' title='bbox 915 4114 1072 4168; x_wconf 82' lang='lat' dir='ltr'><strong>posse</strong></span> <span class='ocrx_word' id='word_1_360' title='bbox 1099 4099 1232 4153; x_wconf 87' lang='lat' dir='ltr'><strong>mihi</strong></span> <span class='ocrx_word' id='word_1_361' title='bbox 1265 4101 1473 4164; x_wconf 85' lang='lat' dir='ltr'><strong>videar,</strong></span> <span class='ocrx_word' id='word_1_362' title='bbox 1513 4113 1688 4168; x_wconf 84' lang='lat' dir='ltr'><strong>eaque</strong></span> <span class='ocrx_word' id='word_1_363' title='bbox 1719 4098 1818 4154; x_wconf 90' lang='lat' dir='ltr'><strong>tibi</strong></span> <span class='ocrx_word' id='word_1_364' title='bbox 1854 4097 2104 4153; x_wconf 82' lang='lat' dir='ltr'><strong>veritatis</strong></span> 
     </span>
    </p>
   </div>
   <div class='ocr_carea' id='block_1_54' title="bbox 530 4189 2100 4262">
    <p class='ocr_par' dir='ltr' id='par_1_54' title="bbox 530 4189 2100 4262">
     <span class='ocr_line' id='line_1_54' title="bbox 530 4189 2100 4262; baseline -0.001 -18"><span class='ocrx_word' id='word_1_365' title='bbox 530 4191 903 4246; x_wconf 87' lang='lat' dir='ltr'><strong>amantissimo</strong></span> <span class='ocrx_word' id='word_1_366' title='bbox 931 4207 1032 4245; x_wconf 92' lang='lat' dir='ltr'><strong>non</strong></span> <span class='ocrx_word' id='word_1_367' title='bbox 1057 4192 1283 4246; x_wconf 91' lang='lat' dir='ltr'><strong>omnino</strong></span> <span class='ocrx_word' id='word_1_368' title='bbox 1318 4192 1606 4262; x_wconf 87' lang='lat' dir='ltr'><strong>injucunda</strong></span> <span class='ocrx_word' id='word_1_369' title='bbox 1654 4190 1772 4246; x_wconf 78' lang='lat' dir='ltr'><strong>fore</strong></span> <span class='ocrx_word' id='word_1_370' title='bbox 1812 4189 2100 4246; x_wconf 88' lang='lat' dir='ltr'><strong>conlidam.</strong></span> 
     </span>
    </p>
   </div>
   <div class='ocr_carea' id='block_1_55' title="bbox 530 4280 2100 4347">
    <p class='ocr_par' dir='ltr' id='par_1_55' title="bbox 530 4280 2100 4347">
     <span class='ocr_line' id='line_1_55' title="bbox 530 4280 2100 4347; baseline -0.001 -11"><span class='ocrx_word' id='word_1_371' title='bbox 530 4281 606 4336; x_wconf 89' lang='lat' dir='ltr'><strong>lta</strong></span> <span class='ocrx_word' id='word_1_372' title='bbox 629 4284 770 4337; x_wconf 91' lang='lat' dir='ltr'><strong>enim</strong></span> <span class='ocrx_word' id='word_1_373' title='bbox 797 4283 881 4339; x_wconf 87' lang='lat' dir='ltr'><strong>his</strong></span> <span class='ocrx_word' id='word_1_374' title='bbox 907 4283 976 4337; x_wconf 90' lang='lat' dir='ltr'><strong>de</strong></span> <span class='ocrx_word' id='word_1_375' title='bbox 1032 4281 1192 4337; x_wconf 88' lang='lat' dir='ltr'><strong>rebus</strong></span> <span class='ocrx_word' id='word_1_376' title='bbox 1229 4283 1472 4338; x_wconf 84' lang='lat' dir='ltr'><strong>scribere</strong></span> <span class='ocrx_word' id='word_1_377' title='bbox 1522 4283 1736 4337; x_wconf 86' lang='lat' dir='ltr'><strong>animus</strong></span> <span class='ocrx_word' id='word_1_378' title='bbox 1782 4290 1887 4347; x_wconf 83' lang='lat' dir='ltr'><strong>est,</strong></span> <span class='ocrx_word' id='word_1_379' title='bbox 1917 4291 1977 4336; x_wconf 91' lang='lat' dir='ltr'><strong>ut</strong></span> <span class='ocrx_word' id='word_1_380' title='bbox 2006 4280 2100 4334; x_wconf 91' lang='lat' dir='ltr'><strong>Di-</strong></span> 
     </span>
    </p>
   </div>
   <div class='ocr_carea' id='block_1_56' title="bbox 527 4371 2100 4444">
    <p class='ocr_par' dir='ltr' id='par_1_56' title="bbox 527 4371 2100 4444">
     <span class='ocr_line' id='line_1_56' title="bbox 527 4371 2100 4444; baseline -0.001 -19"><span class='ocrx_word' id='word_1_381' title='bbox 527 4375 689 4444; x_wconf 81' lang='lat' dir='ltr'><strong>dymo</strong></span> <span class='ocrx_word' id='word_1_382' title='bbox 709 4374 1005 4444; x_wconf 83' lang='lat' dir='ltr'><strong>generatim</strong></span> <span class='ocrx_word' id='word_1_383' title='bbox 1033 4387 1131 4428; x_wconf 86' lang='lat' dir='ltr'><strong>nec</strong></span> <span class='ocrx_word' id='word_1_384' title='bbox 1167 4372 1346 4428; x_wconf 78' lang='lat' dir='ltr'><strong>lavere</strong></span> <span class='ocrx_word' id='word_1_385' title='bbox 1387 4383 1594 4428; x_wconf 86' lang='lat' dir='ltr'><strong>certum</strong></span> <span class='ocrx_word' id='word_1_386' title='bbox 1643 4371 1736 4439; x_wconf 89' lang='lat' dir='ltr'><strong>sit,</strong></span> <span class='ocrx_word' id='word_1_387' title='bbox 1777 4386 1951 4439; x_wconf 91' lang='lat' dir='ltr'><strong>neque</strong></span> <span class='ocrx_word' id='word_1_388' title='bbox 2005 4373 2100 4426; x_wconf 79' lang='lat' dir='ltr'><strong>ad-</strong></span> 
     </span>
    </p>
   </div>
   <div class='ocr_carea' id='block_1_57' title="bbox 2185 2529 2866 2576">
    <p class='ocr_par' dir='ltr' id='par_1_57' title="bbox 2185 2529 2866 2576">
     <span class='ocr_line' id='line_1_57' title="bbox 2185 2529 2866 2576; baseline -0.003 0"><span class='ocrx_word' id='word_1_389' title='bbox 2185 2531 2390 2576; x_wconf 76' lang='lat' dir='ltr'><strong>ATOUE</strong></span> <span class='ocrx_word' id='word_1_390' title='bbox 2443 2529 2866 2576; x_wconf 78' lang='lat' dir='ltr'><strong>OPINIONIBUS.</strong></span> 
     </span>
    </p>
   </div>
   <div class='ocr_carea' id='block_1_58' title="bbox 2205 2813 3772 2885">
    <p class='ocr_par' dir='ltr' id='par_1_58' title="bbox 2205 2813 3772 2885">
     <span class='ocr_line' id='line_1_58' title="bbox 2205 2813 3772 2885; baseline 0.004 -17"><span class='ocrx_word' id='word_1_391' title='bbox 2205 2815 2498 2870; x_wconf 79' lang='lat' dir='ltr'><strong>levioribus</strong></span> <span class='ocrx_word' id='word_1_392' title='bbox 2563 2827 2705 2868; x_wconf 89' lang='lat' dir='ltr'><strong>nunc</strong></span> <span class='ocrx_word' id='word_1_393' title='bbox 2763 2813 3000 2868; x_wconf 84' lang='lat' dir='ltr'><strong>breviter</strong></span> <span class='ocrx_word' id='word_1_394' title='bbox 3065 2815 3264 2878; x_wconf 86' lang='lat' dir='ltr'><strong>dicam,</strong></span> <span class='ocrx_word' id='word_1_395' title='bbox 3331 2814 3396 2870; x_wconf 87' lang='lat' dir='ltr'><strong>de</strong></span> <span class='ocrx_word' id='word_1_396' title='bbox 3446 2815 3772 2885; x_wconf 82' lang='lat' dir='ltr'><strong>gravioribus</strong></span> 
     </span>
    </p>
   </div>
   <div class='ocr_carea' id='block_1_59' title="bbox 2209 2908 2779 2976">
    <p class='ocr_par' dir='ltr' id='par_1_59' title="bbox 2209 2908 2779 2976">
     <span class='ocr_line' id='line_1_59' title="bbox 2209 2908 2779 2976; baseline -0.005 -16"><span class='ocrx_word' id='word_1_397' title='bbox 2209 2908 2378 2962; x_wconf 89' lang='lat' dir='ltr'><strong>lusius</strong></span> <span class='ocrx_word' id='word_1_398' title='bbox 2403 2908 2455 2960; x_wconf 92' lang='lat' dir='ltr'><strong>in</strong></span> <span class='ocrx_word' id='word_1_399' title='bbox 2484 2917 2779 2976; x_wconf 89' lang='lat' dir='ltr'><strong>posterum.</strong></span> 
     </span>
    </p>
   </div>
   <div class='ocr_carea' id='block_1_60' title="bbox 2276 2997 3771 3072">
    <p class='ocr_par' dir='ltr' id='par_1_60' title="bbox 2276 2997 3771 3072">
     <span class='ocr_line' id='line_1_60' title="bbox 2276 2997 3771 3072; baseline 0.001 -20"><span class='ocrx_word' id='word_1_400' title='bbox 2276 2997 2459 3052; x_wconf 86' lang='lat' dir='ltr'><strong>Primo</strong></span> <span class='ocrx_word' id='word_1_401' title='bbox 2493 2999 2658 3068; x_wconf 88' lang='lat' dir='ltr'><strong>igitur</strong></span> <span class='ocrx_word' id='word_1_402' title='bbox 2691 2997 2772 3052; x_wconf 92' lang='lat' dir='ltr'><strong>sic</strong></span> <span class='ocrx_word' id='word_1_403' title='bbox 2811 3011 2937 3050; x_wconf 92' lang='lat' dir='ltr'><strong>eum</strong></span> <span class='ocrx_word' id='word_1_404' title='bbox 2995 3006 3237 3054; x_wconf 89' lang='lat' dir='ltr'><strong>accusat.</strong></span> <span class='ocrx_word' id='word_1_405' title='bbox 3273 2997 3462 3053; x_wconf 80' lang='lat' dir='ltr'><strong>Nescio</strong></span> <span class='ocrx_word' id='word_1_406' title='bbox 3511 3017 3657 3072; x_wconf 82' lang='lat' dir='ltr'><strong>quos,</strong></span> <span class='ocrx_word' id='word_1_407' title='bbox 3703 3001 3771 3056; x_wconf 80' lang='lat' dir='ltr'><strong>il.-</strong></span> 
     </span>
    </p>
   </div>
   <div class='ocr_carea' id='block_1_61' title="bbox 2206 3091 3882 3168">
    <p class='ocr_par' dir='ltr' id='par_1_61' title="bbox 2206 3091 3882 3168">
     <span class='ocr_line' id='line_1_61' title="bbox 2206 3091 3882 3168; baseline 0 -22"><span class='ocrx_word' id='word_1_408' title='bbox 2206 3093 2340 3162; x_wconf 90' lang='lat' dir='ltr'><strong>quit,</strong></span> <span class='ocrx_word' id='word_1_409' title='bbox 2389 3091 2734 3158; x_wconf 86' lang='lat' dir='ltr'><strong>evangelistas</strong></span> <span class='ocrx_word' id='word_1_410' title='bbox 2774 3091 2941 3158; x_wconf 83' lang='lat' dir='ltr'><strong>carpit</strong></span> <span class='ocrx_word' id='word_1_411' title='bbox 2989 3092 3042 3145; x_wconf 93' lang='lat' dir='ltr'><strong>in</strong></span> <span class='ocrx_word' id='word_1_412' title='bbox 3083 3091 3102 3145; x_wconf 91' lang='grc' dir='ltr'><strong>Ι</strong></span> <span class='ocrx_word' id='word_1_413' title='bbox 3145 3093 3301 3148; x_wconf 75' lang='lat' dir='ltr'><strong>Joan.</strong></span> <span class='ocrx_word' id='word_1_414' title='bbox 3338 3092 3585 3168; x_wconf 75' lang='lat' dir='ltr'><strong>[XXXV]</strong></span> <span class='ocrx_word' id='word_1_415' title='bbox 3636 3095 3770 3164; x_wconf 88' lang='lat' dir='ltr'><strong>quasi</strong></span> <span class='ocrx_word' id='word_1_416' title='bbox 3880 3107 3882 3110; x_wconf 86' lang='lat'>&#39;</span> 
     </span>
    </p>
   </div>
   <div class='ocr_carea' id='block_1_62' title="bbox 2205 3182 3771 3256">
    <p class='ocr_par' dir='ltr' id='par_1_62' title="bbox 2205 3182 3771 3256">
     <span class='ocr_line' id='line_1_62' title="bbox 2205 3182 3771 3256; baseline 0.001 -19"><span class='ocrx_word' id='word_1_417' title='bbox 2205 3185 2434 3254; x_wconf 67' lang='lat' dir='ltr'><strong>antiquae</strong></span> <span class='ocrx_word' id='word_1_418' title='bbox 2490 3182 2589 3253; x_wconf 77' lang='lat' dir='ltr'><strong>legi</strong></span> <span class='ocrx_word' id='word_1_419' title='bbox 2643 3183 2798 3238; x_wconf 87' lang='lat' dir='ltr'><strong>nimis</strong></span> <span class='ocrx_word' id='word_1_420' title='bbox 2861 3184 3060 3239; x_wconf 87' lang='lat' dir='ltr'><strong>addicti</strong></span> <span class='ocrx_word' id='word_1_421' title='bbox 3130 3198 3386 3256; x_wconf 67' lang='lat' dir='ltr'><strong>prmeepta</strong></span> <span class='ocrx_word' id='word_1_422' title='bbox 3444 3205 3578 3243; x_wconf 72' lang='lat' dir='ltr'><strong>nova</strong></span> <span class='ocrx_word' id='word_1_423' title='bbox 3635 3203 3771 3253; x_wconf 88' lang='lat' dir='ltr'><strong>repu-</strong></span> 
     </span>
    </p>
   </div>
   <div class='ocr_carea' id='block_1_63' title="bbox 2204 3274 3768 3352">
    <p class='ocr_par' dir='ltr' id='par_1_63' title="bbox 2204 3274 3768 3352">
     <span class='ocr_line' id='line_1_63' title="bbox 2204 3274 3768 3352; baseline 0.001 -22"><span class='ocrx_word' id='word_1_424' title='bbox 2204 3277 2434 3330; x_wconf 85' lang='lat' dir='ltr'><strong>diarent.</strong></span> <span class='ocrx_word' id='word_1_425' title='bbox 2462 3274 2568 3331; x_wconf 92' lang='lat' dir='ltr'><strong>Sed</strong></span> <span class='ocrx_word' id='word_1_426' title='bbox 2599 3276 2852 3346; x_wconf 88' lang='lat' dir='ltr'><strong>equidem</strong></span> <span class='ocrx_word' id='word_1_427' title='bbox 2910 3278 3098 3344; x_wconf 89' lang='lat' dir='ltr'><strong>miror,</strong></span> <span class='ocrx_word' id='word_1_428' title='bbox 3144 3287 3203 3334; x_wconf 91' lang='lat' dir='ltr'><strong>ut</strong></span> <span class='ocrx_word' id='word_1_429' title='bbox 3229 3280 3404 3335; x_wconf 91' lang='lat' dir='ltr'><strong>dicam</strong></span> <span class='ocrx_word' id='word_1_430' title='bbox 3429 3281 3484 3336; x_wconf 87' lang='lat' dir='ltr'><strong>id</strong></span> <span class='ocrx_word' id='word_1_431' title='bbox 3519 3281 3659 3352; x_wconf 90' lang='lat' dir='ltr'><strong>quod</strong></span> <span class='ocrx_word' id='word_1_432' title='bbox 3693 3295 3768 3334; x_wconf 83' lang='lat' dir='ltr'><strong>res</strong></span> 
     </span>
    </p>
   </div>
   <div class='ocr_carea' id='block_1_64' title="bbox 2204 3368 3769 3442">
    <p class='ocr_par' dir='ltr' id='par_1_64' title="bbox 2204 3368 3769 3442">
     <span class='ocr_line' id='line_1_64' title="bbox 2204 3368 3769 3442; baseline 0.001 -18"><span class='ocrx_word' id='word_1_433' title='bbox 2204 3379 2289 3424; x_wconf 90' lang='lat' dir='ltr'><strong>est</strong></span> <span class='ocrx_word' id='word_1_434' title='bbox 2327 3368 2552 3440; x_wconf 84' lang='lat' dir='ltr'><strong>Didymo</strong></span> <span class='ocrx_word' id='word_1_435' title='bbox 2581 3369 2705 3424; x_wconf 86' lang='lat' dir='ltr'><strong>talia</strong></span> <span class='ocrx_word' id='word_1_436' title='bbox 2728 3368 2912 3438; x_wconf 92' lang='lat' dir='ltr'><strong>objici.</strong></span> <span class='ocrx_word' id='word_1_437' title='bbox 2956 3369 3134 3426; x_wconf 79' lang='lat' dir='ltr'><strong>Aﬂ&#39;ert</strong></span> <span class='ocrx_word' id='word_1_438' title='bbox 3158 3371 3228 3426; x_wconf 92' lang='lat' dir='ltr'><strong>ibi</strong></span> <span class='ocrx_word' id='word_1_439' title='bbox 3252 3369 3518 3442; x_wconf 85' lang='lat' dir='ltr'><strong>Didymus</strong></span> <span class='ocrx_word' id='word_1_440' title='bbox 3546 3378 3656 3442; x_wconf 84' lang='lat' dir='ltr'><strong>ipse</strong></span> <span class='ocrx_word' id='word_1_441' title='bbox 3669 3375 3769 3427; x_wconf 66' lang='lat' dir='ltr'><strong>hac</strong></span> 
     </span>
    </p>
   </div>
   <div class='ocr_carea' id='block_1_65' title="bbox 2205 3459 3769 3530">
    <p class='ocr_par' dir='ltr' id='par_1_65' title="bbox 2205 3459 3769 3530">
     <span class='ocr_line' id='line_1_65' title="bbox 2205 3459 3769 3530; baseline 0.001 -16"><span class='ocrx_word' id='word_1_442' title='bbox 2205 3459 2484 3530; x_wconf 71' lang='lat' dir='ltr'><strong>Epistolte,</strong></span> <span class='ocrx_word' id='word_1_443' title='bbox 2539 3475 2702 3530; x_wconf 90' lang='lat' dir='ltr'><strong>quam</strong></span> <span class='ocrx_word' id='word_1_444' title='bbox 2737 3461 3013 3530; x_wconf 78' lang='lat' dir='ltr'><strong>explanat,</strong></span> <span class='ocrx_word' id='word_1_445' title='bbox 3049 3464 3208 3517; x_wconf 80' lang='lat' dir='ltr'><strong>verba</strong></span> <span class='ocrx_word' id='word_1_446' title='bbox 3241 3479 3257 3518; x_wconf 89' lang='lat'><strong>:</strong></span> <span class='ocrx_word' id='word_1_447' title='bbox 3291 3462 3626 3530; x_wconf 78' lang='lat' dir='ltr'><strong>Charissimi,</strong></span> <span class='ocrx_word' id='word_1_448' title='bbox 3678 3479 3769 3517; x_wconf 74' lang='lat' dir='ltr'><strong>nos</strong></span> 
     </span>
    </p>
   </div>
   <div class='ocr_carea' id='block_1_66' title="bbox 2205 3553 3769 3622">
    <p class='ocr_par' dir='ltr' id='par_1_66' title="bbox 2205 3553 3769 3622">
     <span class='ocr_line' id='line_1_66' title="bbox 2205 3553 3769 3622; baseline 0.001 -16"><span class='ocrx_word' id='word_1_449' title='bbox 2205 3567 2398 3606; x_wconf 83' lang='lat' dir='ltr'><strong>nouum</strong></span> <span class='ocrx_word' id='word_1_450' title='bbox 2428 3553 2736 3606; x_wconf 88' lang='lat' dir='ltr'><strong>mandatum</strong></span> <span class='ocrx_word' id='word_1_451' title='bbox 2786 3555 2954 3607; x_wconf 84' lang='lat' dir='ltr'><strong>scribo</strong></span> <span class='ocrx_word' id='word_1_452' title='bbox 2989 3554 3126 3608; x_wconf 72' lang='lat' dir='ltr'><strong>vobis</strong></span> <span class='ocrx_word' id='word_1_453' title='bbox 3161 3555 3226 3622; x_wconf 83' lang='lat'><strong>&quot;’,</strong></span> <span class='ocrx_word' id='word_1_454' title='bbox 3280 3567 3385 3610; x_wconf 90' lang='lat' dir='ltr'><strong>etc.</strong></span> <span class='ocrx_word' id='word_1_455' title='bbox 3441 3555 3580 3609; x_wconf 87' lang='lat' dir='ltr'><strong>Tum</strong></span> <span class='ocrx_word' id='word_1_456' title='bbox 3615 3571 3672 3611; x_wconf 89' lang='lat' dir='ltr'><strong>ea</strong></span> <span class='ocrx_word' id='word_1_457' title='bbox 3700 3555 3769 3608; x_wconf 86' lang='lat' dir='ltr'><strong>sic</strong></span> 
     </span>
    </p>
   </div>
   <div class='ocr_carea' id='block_1_67' title="bbox 2205 3644 3768 3717">
    <p class='ocr_par' dir='ltr' id='par_1_67' title="bbox 2205 3644 3768 3717">
     <span class='ocr_line' id='line_1_67' title="bbox 2205 3644 3768 3717; baseline 0.001 -20"><span class='ocrx_word' id='word_1_458' title='bbox 2205 3644 2482 3712; x_wconf 76' lang='lat' dir='ltr'><strong>explicare</strong></span> <span class='ocrx_word' id='word_1_459' title='bbox 2515 3645 2859 3716; x_wconf 84' lang='lat' dir='ltr'><strong>aggreditur:</strong></span> <span class='ocrx_word' id='word_1_460' title='bbox 2895 3645 3034 3710; x_wconf 84' lang='lat' dir='ltr'><strong>Quia</strong></span> <span class='ocrx_word' id='word_1_461' title='bbox 3082 3646 3218 3716; x_wconf 81' lang='lat' dir='ltr'><strong>forte</strong></span> <span class='ocrx_word' id='word_1_462' title='bbox 3267 3648 3591 3717; x_wconf 72' lang='lat' dir='ltr'><strong>derogabaut</strong></span> <span class='ocrx_word' id='word_1_463' title='bbox 3620 3646 3768 3715; x_wconf 79' lang='lat' dir='ltr'><strong>aliqui</strong></span> 
     </span>
    </p>
   </div>
   <div class='ocr_carea' id='block_1_68' title="bbox 2211 3736 3770 3808">
    <p class='ocr_par' dir='ltr' id='par_1_68' title="bbox 2211 3736 3770 3808">
     <span class='ocr_line' id='line_1_68' title="bbox 2211 3736 3770 3808; baseline 0 -17"><span class='ocrx_word' id='word_1_464' title='bbox 2211 3736 2546 3807; x_wconf 65' lang='lat' dir='ltr'><strong>evangelista:</strong></span> <span class='ocrx_word' id='word_1_465' title='bbox 2601 3747 2725 3790; x_wconf 86' lang='lat' dir='ltr'><strong>tunc</strong></span> <span class='ocrx_word' id='word_1_466' title='bbox 2773 3739 3052 3804; x_wconf 73' lang='lat' dir='ltr'><strong>doctrinm,</strong></span> <span class='ocrx_word' id='word_1_467' title='bbox 3109 3749 3358 3808; x_wconf 84' lang='lat' dir='ltr'><strong>tanquam</strong></span> <span class='ocrx_word' id='word_1_468' title='bbox 3409 3741 3523 3794; x_wconf 81' lang='lat' dir='ltr'><strong>lteri</strong></span> <span class='ocrx_word' id='word_1_469' title='bbox 3547 3752 3594 3796; x_wconf 90' lang='lat' dir='ltr'><strong>et</strong></span> <span class='ocrx_word' id='word_1_470' title='bbox 3625 3753 3770 3805; x_wconf 84' lang='lat' dir='ltr'><strong>nuper</strong></span> 
     </span>
    </p>
   </div>
   <div class='ocr_carea' id='block_1_69' title="bbox 2206 3828 3769 3898">
    <p class='ocr_par' dir='ltr' id='par_1_69' title="bbox 2206 3828 3769 3898">
     <span class='ocr_line' id='line_1_69' title="bbox 2206 3828 3769 3898; baseline 0 -18"><span class='ocrx_word' id='word_1_471' title='bbox 2206 3828 2446 3894; x_wconf 80' lang='lat' dir='ltr'><strong>inceptte,</strong></span> <span class='ocrx_word' id='word_1_472' title='bbox 2485 3829 2634 3882; x_wconf 88' lang='lat' dir='ltr'><strong>docet</strong></span> <span class='ocrx_word' id='word_1_473' title='bbox 2665 3829 2792 3898; x_wconf 84' lang='lat' dir='ltr'><strong>quia</strong></span> <span class='ocrx_word' id='word_1_474' title='bbox 2819 3830 3132 3882; x_wconf 83' lang='lat' dir='ltr'><strong>mandatum</strong></span> <span class='ocrx_word' id='word_1_475' title='bbox 3167 3831 3346 3884; x_wconf 76' lang='lat' dir='ltr'><strong>scribit</strong></span> <span class='ocrx_word' id='word_1_476' title='bbox 3381 3847 3486 3884; x_wconf 91' lang='lat' dir='ltr'><strong>non</strong></span> <span class='ocrx_word' id='word_1_477' title='bbox 3510 3842 3631 3884; x_wconf 86' lang='lat' dir='ltr'><strong>tunc</strong></span> <span class='ocrx_word' id='word_1_478' title='bbox 3671 3829 3769 3898; x_wconf 86' lang='lat' dir='ltr'><strong>pri-</strong></span> 
     </span>
    </p>
   </div>
   <div class='ocr_carea' id='block_1_70' title="bbox 2205 3920 3767 3992">
    <p class='ocr_par' dir='ltr' id='par_1_70' title="bbox 2205 3920 3767 3992">
     <span class='ocr_line' id='line_1_70' title="bbox 2205 3920 3767 3992; baseline -0.001 -19"><span class='ocrx_word' id='word_1_479' title='bbox 2205 3921 2364 3973; x_wconf 87' lang='lat' dir='ltr'><strong>mitus</strong></span> <span class='ocrx_word' id='word_1_480' title='bbox 2391 3920 2690 3975; x_wconf 79' lang='lat' dir='ltr'><strong>hominibus</strong></span> <span class='ocrx_word' id='word_1_481' title='bbox 2715 3921 2922 3974; x_wconf 88' lang='lat' dir='ltr'><strong>datum.</strong></span> <span class='ocrx_word' id='word_1_482' title='bbox 2954 3921 3088 3987; x_wconf 85' lang='lat' dir='ltr'><strong>Quis</strong></span> <span class='ocrx_word' id='word_1_483' title='bbox 3135 3937 3300 3992; x_wconf 83' lang='lat' dir='ltr'><strong>porro</strong></span> <span class='ocrx_word' id='word_1_484' title='bbox 3331 3937 3436 3976; x_wconf 89' lang='lat' dir='ltr'><strong>non</strong></span> <span class='ocrx_word' id='word_1_485' title='bbox 3486 3923 3650 3984; x_wconf 88' lang='lat' dir='ltr'><strong>videt,</strong></span> <span class='ocrx_word' id='word_1_486' title='bbox 3681 3934 3767 3972; x_wconf 86' lang='lat' dir='ltr'><strong>vo-</strong></span> 
     </span>
    </p>
   </div>
   <div class='ocr_carea' id='block_1_71' title="bbox 2206 4008 3766 4080">
    <p class='ocr_par' dir='ltr' id='par_1_71' title="bbox 2206 4008 3766 4080">
     <span class='ocr_line' id='line_1_71' title="bbox 2206 4008 3766 4080; baseline -0.002 -16"><span class='ocrx_word' id='word_1_487' title='bbox 2206 4008 2476 4074; x_wconf 85' lang='lat' dir='ltr'><strong>cabulum,</strong></span> <span class='ocrx_word' id='word_1_488' title='bbox 2530 4011 2888 4080; x_wconf 67' lang='lat' dir='ltr'><strong>euangelista,</strong></span> <span class='ocrx_word' id='word_1_489' title='bbox 2950 4026 3056 4066; x_wconf 93' lang='lat' dir='ltr'><strong>non</strong></span> <span class='ocrx_word' id='word_1_490' title='bbox 3094 4027 3216 4066; x_wconf 90' lang='lat' dir='ltr'><strong>esse</strong></span> <span class='ocrx_word' id='word_1_491' title='bbox 3261 4013 3348 4068; x_wconf 90' lang='lat' dir='ltr'><strong>hic</strong></span> <span class='ocrx_word' id='word_1_492' title='bbox 3394 4013 3766 4068; x_wconf 81' lang='lat' dir='ltr'><strong>nominativum</strong></span> 
     </span>
    </p>
   </div>
   <div class='ocr_carea' id='block_1_72' title="bbox 2207 4101 3764 4176">
    <p class='ocr_par' dir='ltr' id='par_1_72' title="bbox 2207 4101 3764 4176">
     <span class='ocr_line' id='line_1_72' title="bbox 2207 4101 3764 4176; baseline -0.003 -20"><span class='ocrx_word' id='word_1_493' title='bbox 2207 4101 2470 4172; x_wconf 86' lang='lat' dir='ltr'><strong>pluralem</strong></span> <span class='ocrx_word' id='word_1_494' title='bbox 2501 4117 2689 4157; x_wconf 82' lang='lat' dir='ltr'><strong>casum</strong></span> <span class='ocrx_word' id='word_1_495' title='bbox 2722 4104 2910 4172; x_wconf 90' lang='lat' dir='ltr'><strong>(pudet</strong></span> <span class='ocrx_word' id='word_1_496' title='bbox 2935 4119 3042 4168; x_wconf 92' lang='lat' dir='ltr'><strong>me,</strong></span> <span class='ocrx_word' id='word_1_497' title='bbox 3077 4103 3266 4172; x_wconf 80' lang='lat' dir='ltr'><strong>lector,</strong></span> <span class='ocrx_word' id='word_1_498' title='bbox 3314 4107 3381 4160; x_wconf 88' lang='lat' dir='ltr'><strong>ad</strong></span> <span class='ocrx_word' id='word_1_499' title='bbox 3433 4104 3764 4176; x_wconf 84' lang='lat' dir='ltr'><strong>grammatica</strong></span> 
     </span>
    </p>
   </div>
   <div class='ocr_carea' id='block_1_73' title="bbox 2210 4195 3766 4268">
    <p class='ocr_par' dir='ltr' id='par_1_73' title="bbox 2210 4195 3766 4268">
     <span class='ocr_line' id='line_1_73' title="bbox 2210 4195 3766 4268; baseline -0.001 -21"><span class='ocrx_word' id='word_1_500' title='bbox 2210 4204 2262 4248; x_wconf 90' lang='lat' dir='ltr'><strong>te</strong></span> <span class='ocrx_word' id='word_1_501' title='bbox 2288 4195 2594 4264; x_wconf 88' lang='lat' dir='ltr'><strong>revocare),</strong></span> <span class='ocrx_word' id='word_1_502' title='bbox 2647 4196 2740 4250; x_wconf 87' lang='lat' dir='ltr'><strong>sed</strong></span> <span class='ocrx_word' id='word_1_503' title='bbox 2775 4210 2896 4250; x_wconf 89' lang='lat' dir='ltr'><strong>esse</strong></span> <span class='ocrx_word' id='word_1_504' title='bbox 2945 4197 3241 4265; x_wconf 86' lang='lat' dir='ltr'><strong>genitivum</strong></span> <span class='ocrx_word' id='word_1_505' title='bbox 3294 4198 3640 4268; x_wconf 88' lang='lat' dir='ltr'><strong>singularem,</strong></span> <span class='ocrx_word' id='word_1_506' title='bbox 3670 4207 3766 4266; x_wconf 88' lang='lat' dir='ltr'><strong>quo</strong></span> 
     </span>
    </p>
   </div>
   <div class='ocr_carea' id='block_1_74' title="bbox 2206 4281 3642 4357">
    <p class='ocr_par' dir='ltr' id='par_1_74' title="bbox 2206 4281 3642 4357">
     <span class='ocr_line' id='line_1_74' title="bbox 2206 4281 3642 4357; baseline 0.001 -19"><span class='ocrx_word' id='word_1_507' title='bbox 2206 4281 2440 4339; x_wconf 80' lang='lat' dir='ltr'><strong>Joannes</strong></span> <span class='ocrx_word' id='word_1_508' title='bbox 2466 4283 2583 4353; x_wconf 89' lang='lat' dir='ltr'><strong>ipse</strong></span> <span class='ocrx_word' id='word_1_509' title='bbox 2611 4283 2864 4353; x_wconf 61' lang='lat' dir='ltr'><strong>Epistolas</strong></span> <span class='ocrx_word' id='word_1_510' title='bbox 2899 4286 3040 4341; x_wconf 91' lang='lat' dir='ltr'><strong>illius</strong></span> <span class='ocrx_word' id='word_1_511' title='bbox 3071 4297 3257 4341; x_wconf 88' lang='lat' dir='ltr'><strong>auctor</strong></span> <span class='ocrx_word' id='word_1_512' title='bbox 3296 4287 3642 4357; x_wconf 84' lang='lat' dir='ltr'><strong>designatur?</strong></span> 
     </span>
    </p>
   </div>
   <div class='ocr_carea' id='block_1_75' title="bbox 2276 4373 3762 4446">
    <p class='ocr_par' dir='ltr' id='par_1_75' title="bbox 2276 4373 3762 4446">
     <span class='ocr_line' id='line_1_75' title="bbox 2276 4373 3762 4446; baseline -0.001 -18"><span class='ocrx_word' id='word_1_513' title='bbox 2276 4374 2368 4428; x_wconf 81' lang='lat' dir='ltr'><strong>Ait</strong></span> <span class='ocrx_word' id='word_1_514' title='bbox 2414 4375 2654 4429; x_wconf 84' lang='lat' dir='ltr'><strong>secundo</strong></span> <span class='ocrx_word' id='word_1_515' title='bbox 2715 4373 3053 4444; x_wconf 80' lang='lat' dir='ltr'><strong>Basnagius&#39;</strong></span> <span class='ocrx_word' id='word_1_516' title='bbox 3095 4394 3112 4427; x_wconf 85' lang='grc' dir='ltr'><strong>ι</strong></span> <span class='ocrx_word' id='word_1_517' title='bbox 3147 4375 3403 4431; x_wconf 82' lang='lat' dir='ltr'><strong>Homines</strong></span> <span class='ocrx_word' id='word_1_518' title='bbox 3455 4391 3664 4446; x_wconf 81' lang='lat' dir='ltr'><strong>pravos,</strong></span> <span class='ocrx_word' id='word_1_519' title='bbox 3714 4381 3762 4426; x_wconf 93' lang='lat' dir='ltr'><strong>et</strong></span> 
     </span>
    </p>
   </div>
   <div class='ocr_carea' id='block_1_76' title="bbox 527 4461 3762 4553">
    <p class='ocr_par' dir='ltr' id='par_1_76' title="bbox 527 4461 3762 4553">
     <span class='ocr_line' id='line_1_76' title="bbox 527 4461 3762 4553; baseline 0.001 -37"><span class='ocrx_word' id='word_1_520' title='bbox 527 4465 759 4528; x_wconf 88' lang='lat' dir='ltr'><strong>versari,</strong></span> <span class='ocrx_word' id='word_1_521' title='bbox 793 4466 890 4519; x_wconf 87' lang='lat' dir='ltr'><strong>sed</strong></span> <span class='ocrx_word' id='word_1_522' title='bbox 927 4463 1015 4517; x_wconf 90' lang='lat' dir='ltr'><strong>illa</strong></span> <span class='ocrx_word' id='word_1_523' title='bbox 1042 4461 1437 4526; x_wconf 87' lang='lat' dir='ltr'><strong>tantummodo,</strong></span> <span class='ocrx_word' id='word_1_524' title='bbox 1469 4477 1592 4533; x_wconf 68' lang='lat' dir='ltr'><strong>qua:</strong></span> <span class='ocrx_word' id='word_1_525' title='bbox 1637 4477 1766 4518; x_wconf 83' lang='lat' dir='ltr'><strong>vera</strong></span> <span class='ocrx_word' id='word_1_526' title='bbox 1823 4462 1982 4527; x_wconf 89' lang='lat' dir='ltr'><strong>mihi,</strong></span> <span class='ocrx_word' id='word_1_527' title='bbox 2007 4470 2101 4516; x_wconf 85' lang='lat' dir='ltr'><strong>aut</strong></span> <span class='ocrx_word' id='word_1_528' title='bbox 2133 4498 2178 4553; x_wconf 67' lang='grc' dir='ltr'>ι)</span> <span class='ocrx_word' id='word_1_529' title='bbox 2202 4465 2314 4536; x_wconf 89' lang='lat' dir='ltr'><strong>jam</strong></span> <span class='ocrx_word' id='word_1_530' title='bbox 2345 4476 2548 4524; x_wconf 62' lang='lat' dir='ltr'><strong>aeterno</strong></span> <span class='ocrx_word' id='word_1_531' title='bbox 2585 4468 2871 4524; x_wconf 88' lang='lat' dir='ltr'><strong>damnatos</strong></span> <span class='ocrx_word' id='word_1_532' title='bbox 2927 4471 3190 4542; x_wconf 88' lang='lat' dir='ltr'><strong>supplicio</strong></span> <span class='ocrx_word' id='word_1_533' title='bbox 3235 4471 3606 4538; x_wconf 73' lang='lat' dir='ltr'><strong>ptenitentiam</strong></span> <span class='ocrx_word' id='word_1_534' title='bbox 3648 4469 3762 4525; x_wconf 88' lang='lat' dir='ltr'><strong>olim</strong></span> 
     </span>
    </p>
   </div>
   <div class='ocr_carea' id='block_1_77' title="bbox 529 4555 3763 4632">
    <p class='ocr_par' dir='ltr' id='par_1_77' title="bbox 529 4555 3763 4632">
     <span class='ocr_line' id='line_1_77' title="bbox 529 4555 3763 4632; baseline 0.001 -23"><span class='ocrx_word' id='word_1_535' title='bbox 529 4555 906 4610; x_wconf 82' lang='lat' dir='ltr'><strong>verisimiliora</strong></span> <span class='ocrx_word' id='word_1_536' title='bbox 939 4555 1281 4619; x_wconf 79' lang='lat' dir='ltr'><strong>videbuntur,</strong></span> <span class='ocrx_word' id='word_1_537' title='bbox 1323 4555 1558 4610; x_wconf 80' lang='lat' dir='ltr'><strong>breviter</strong></span> <span class='ocrx_word' id='word_1_538' title='bbox 1589 4568 1909 4624; x_wconf 90' lang='lat' dir='ltr'><strong>proponere,</strong></span> <span class='ocrx_word' id='word_1_539' title='bbox 1941 4563 2104 4624; x_wconf 87' lang='lat' dir='ltr'><strong>atque</strong></span> <span class='ocrx_word' id='word_1_540' title='bbox 2211 4572 2452 4626; x_wconf 73' lang='lat' dir='ltr'><strong>acturos,</strong></span> <span class='ocrx_word' id='word_1_541' title='bbox 2482 4571 2540 4615; x_wconf 84' lang='grc' dir='ltr'><strong>ιιι</strong></span> <span class='ocrx_word' id='word_1_542' title='bbox 2590 4571 2646 4617; x_wconf 85' lang='lat' dir='ltr'><strong>et</strong></span> <span class='ocrx_word' id='word_1_543' title='bbox 2691 4562 2988 4628; x_wconf 63' lang='lat' dir='ltr'><strong>daemonas,</strong></span> <span class='ocrx_word' id='word_1_544' title='bbox 3018 4623 3028 4630; x_wconf 93' lang='lat'><em>_</em></span> <span class='ocrx_word' id='word_1_545' title='bbox 3058 4565 3358 4620; x_wconf 87' lang='lat' dir='ltr'><strong>credidit...</strong></span> <span class='ocrx_word' id='word_1_546' title='bbox 3409 4564 3655 4632; x_wconf 87' lang='lat' dir='ltr'><strong>Quinimo</strong></span> <span class='ocrx_word' id='word_1_547' title='bbox 3704 4561 3763 4614; x_wconf 86' lang='lat' dir='ltr'><strong>de</strong></span> 
     </span>
    </p>
   </div>
   <div class='ocr_carea' id='block_1_78' title="bbox 530 4645 2106 4716">
    <p class='ocr_par' dir='ltr' id='par_1_78' title="bbox 530 4645 2106 4716">
     <span class='ocr_line' id='line_1_78' title="bbox 530 4645 2106 4716; baseline 0 -17"><span class='ocrx_word' id='word_1_548' title='bbox 530 4647 781 4716; x_wconf 86' lang='lat' dir='ltr'><strong>amplecti</strong></span> <span class='ocrx_word' id='word_1_549' title='bbox 806 4664 822 4710; x_wconf 89' lang='lat'><strong>;</strong></span> <span class='ocrx_word' id='word_1_550' title='bbox 849 4662 968 4714; x_wconf 75' lang='lat' dir='ltr'><strong>qtae</strong></span> <span class='ocrx_word' id='word_1_551' title='bbox 1001 4658 1178 4702; x_wconf 90' lang='lat' dir='ltr'><strong>autem</strong></span> <span class='ocrx_word' id='word_1_552' title='bbox 1205 4648 1522 4702; x_wconf 89' lang='lat' dir='ltr'><strong>obscuriora</strong></span> <span class='ocrx_word' id='word_1_553' title='bbox 1551 4645 1751 4701; x_wconf 83' lang='lat' dir='ltr'><strong>iuerint</strong></span> <span class='ocrx_word' id='word_1_554' title='bbox 1779 4685 1796 4711; x_wconf 96' lang='lat'><strong>,</strong></span> <span class='ocrx_word' id='word_1_555' title='bbox 1832 4656 1995 4715; x_wconf 90' lang='lat' dir='ltr'><strong>atque</strong></span> <span class='ocrx_word' id='word_1_556' title='bbox 2025 4646 2106 4699; x_wconf 83' lang='lat' dir='ltr'><strong>in-</strong></span> 
     </span>
    </p>
   </div>
   <div class='ocr_carea' id='block_1_79' title="bbox 528 4733 2107 4804">
    <p class='ocr_par' dir='ltr' id='par_1_79' title="bbox 528 4733 2107 4804">
     <span class='ocr_line' id='line_1_79' title="bbox 528 4733 2107 4804; baseline 0.003 -20"><span class='ocrx_word' id='word_1_557' title='bbox 528 4743 702 4796; x_wconf 66' lang='lat' dir='ltr'><strong>curta,</strong></span> <span class='ocrx_word' id='word_1_558' title='bbox 723 4733 776 4785; x_wconf 90' lang='lat' dir='ltr'><strong>in</strong></span> <span class='ocrx_word' id='word_1_559' title='bbox 809 4734 984 4788; x_wconf 79' lang='lat' dir='ltr'><strong>modio</strong></span> <span class='ocrx_word' id='word_1_560' title='bbox 1012 4735 1335 4804; x_wconf 83' lang='lat' dir='ltr'><strong>relinquere.</strong></span> <span class='ocrx_word' id='word_1_561' title='bbox 1364 4737 1439 4790; x_wconf 80' lang='lat' dir='ltr'><strong>Ac</strong></span> <span class='ocrx_word' id='word_1_562' title='bbox 1491 4751 1562 4790; x_wconf 87' lang='lat' dir='ltr'><strong>ne</strong></span> <span class='ocrx_word' id='word_1_563' title='bbox 1602 4735 1786 4792; x_wconf 87' lang='lat' dir='ltr'><strong>multis</strong></span> <span class='ocrx_word' id='word_1_564' title='bbox 1839 4745 1892 4791; x_wconf 89' lang='lat' dir='ltr'><strong>te</strong></span> <span class='ocrx_word' id='word_1_565' title='bbox 1925 4735 2107 4789; x_wconf 86' lang='lat' dir='ltr'><strong>verbis</strong></span> 
     </span>
    </p>
   </div>
   <div class='ocr_carea' id='block_1_80' title="bbox 529 4827 2108 4893">
    <p class='ocr_par' dir='ltr' id='par_1_80' title="bbox 529 4827 2108 4893">
     <span class='ocr_line' id='line_1_80' title="bbox 529 4827 2108 4893; baseline 0.001 -13"><span class='ocrx_word' id='word_1_566' title='bbox 529 4828 792 4881; x_wconf 83' lang='lat' dir='ltr'><strong>inutiliter</strong></span> <span class='ocrx_word' id='word_1_567' title='bbox 815 4827 1556 4893; x_wconf 71' lang='lat' dir='ltr'><strong>uuncdetiucam,esordior</strong></span> <span class='ocrx_word' id='word_1_568' title='bbox 1605 4831 1789 4884; x_wconf 90' lang='lat' dir='ltr'><strong>statim</strong></span> <span class='ocrx_word' id='word_1_569' title='bbox 1853 4829 1906 4882; x_wconf 89' lang='lat' dir='ltr'><strong>in</strong></span> <span class='ocrx_word' id='word_1_570' title='bbox 1960 4829 2108 4882; x_wconf 89' lang='lat' dir='ltr'><strong>hunc</strong></span> 
     </span>
    </p>
   </div>
   <div class='ocr_carea' id='block_1_81' title="bbox 532 4923 770 4975">
    <p class='ocr_par' dir='ltr' id='par_1_81' title="bbox 532 4923 770 4975">
     <span class='ocr_line' id='line_1_81' title="bbox 532 4923 770 4975; baseline -0.008 0"><span class='ocrx_word' id='word_1_571' title='bbox 532 4923 770 4975; x_wconf 89' lang='lat' dir='ltr'><strong>modum.</strong></span> 
     </span>
    </p>
   </div>
   <div class='ocr_carea' id='block_1_82' title="bbox 530 5034 2106 5106">
    <p class='ocr_par' dir='ltr' id='par_1_82' title="bbox 530 5034 2106 5106">
     <span class='ocr_line' id='line_1_82' title="bbox 530 5034 2106 5106; baseline -0.003 -14"><span class='ocrx_word' id='word_1_572' title='bbox 530 5037 661 5092; x_wconf 73' lang='lat' dir='ltr'><strong>CAP.</strong></span> <span class='ocrx_word' id='word_1_573' title='bbox 701 5039 740 5091; x_wconf 87' lang='grc' dir='ltr'><strong>Ι.</strong></span> <span class='ocrx_word' id='word_1_574' title='bbox 782 5036 858 5091; x_wconf 81' lang='lat' dir='ltr'><strong>De</strong></span> <span class='ocrx_word' id='word_1_575' title='bbox 887 5038 1162 5092; x_wconf 81' lang='lat' dir='ltr'><strong>levioribus</strong></span> <span class='ocrx_word' id='word_1_576' title='bbox 1202 5037 1388 5091; x_wconf 82' lang='lat' dir='ltr'><strong>Jacobi</strong></span> <span class='ocrx_word' id='word_1_577' title='bbox 1441 5036 1691 5106; x_wconf 85' lang='lat' dir='ltr'><strong>Basnagii</strong></span> <span class='ocrx_word' id='word_1_578' title='bbox 1738 5037 1793 5089; x_wconf 88' lang='lat' dir='ltr'><strong>in</strong></span> <span class='ocrx_word' id='word_1_579' title='bbox 1827 5034 2106 5105; x_wconf 84' lang='lat' dir='ltr'><strong>Didymutn</strong></span> 
     </span>
    </p>
   </div>
   <div class='ocr_carea' id='block_1_83' title="bbox 1099 5108 1543 5160">
    <p class='ocr_par' dir='ltr' id='par_1_83' title="bbox 1099 5108 1543 5160">
     <span class='ocr_line' id='line_1_83' title="bbox 1099 5108 1543 5160; baseline 0 0"><span class='ocrx_word' id='word_1_580' title='bbox 1099 5108 1543 5160; x_wconf 87' lang='lat' dir='ltr'><strong>accusationibus.</strong></span> 
     </span>
    </p>
   </div>
   <div class='ocr_carea' id='block_1_84' title="bbox 607 5193 2106 5269">
    <p class='ocr_par' dir='ltr' id='par_1_84' title="bbox 607 5193 2106 5269">
     <span class='ocr_line' id='line_1_84' title="bbox 607 5193 2106 5269; baseline -0.005 -16"><span class='ocrx_word' id='word_1_581' title='bbox 607 5197 845 5253; x_wconf 88' lang='lat' dir='ltr'><strong>Plurima</strong></span> <span class='ocrx_word' id='word_1_582' title='bbox 884 5199 1168 5269; x_wconf 85' lang='lat' dir='ltr'><strong>Didymum</strong></span> <span class='ocrx_word' id='word_1_583' title='bbox 1211 5199 1264 5252; x_wconf 93' lang='lat' dir='ltr'><strong>in</strong></span> <span class='ocrx_word' id='word_1_584' title='bbox 1317 5195 1798 5260; x_wconf 79' lang='lat' dir='ltr'><strong>Enarrationibus,</strong></span> <span class='ocrx_word' id='word_1_585' title='bbox 1843 5203 2008 5264; x_wconf 91' lang='lat' dir='ltr'><strong>atque</strong></span> <span class='ocrx_word' id='word_1_586' title='bbox 2052 5193 2106 5247; x_wconf 91' lang='lat' dir='ltr'><strong>in</strong></span> 
     </span>
    </p>
   </div>
   <div class='ocr_carea' id='block_1_85' title="bbox 533 5289 2108 5356">
    <p class='ocr_par' dir='ltr' id='par_1_85' title="bbox 533 5289 2108 5356">
     <span class='ocr_line' id='line_1_85' title="bbox 533 5289 2108 5356; baseline -0.004 -12"><span class='ocrx_word' id='word_1_587' title='bbox 533 5291 670 5348; x_wconf 90' lang='lat' dir='ltr'><strong>libro</strong></span> <span class='ocrx_word' id='word_1_588' title='bbox 699 5291 821 5346; x_wconf 84' lang='lat' dir='ltr'><strong>adu.</strong></span> <span class='ocrx_word' id='word_1_589' title='bbox 869 5290 1214 5356; x_wconf 80' lang='lat' dir='ltr'><strong>Maniclucos,</strong></span> <span class='ocrx_word' id='word_1_590' title='bbox 1283 5289 1490 5342; x_wconf 86' lang='lat' dir='ltr'><strong>ueritati</strong></span> <span class='ocrx_word' id='word_1_591' title='bbox 1537 5290 1708 5341; x_wconf 81' lang='lat' dir='ltr'><strong>minus</strong></span> <span class='ocrx_word' id='word_1_592' title='bbox 1759 5297 2108 5340; x_wconf 75' lang='lat' dir='ltr'><strong>consentanea</strong></span> 
     </span>
    </p>
   </div>
   <div class='ocr_carea' id='block_1_86' title="bbox 530 5377 2110 5449">
    <p class='ocr_par' dir='ltr' id='par_1_86' title="bbox 530 5377 2110 5449">
     <span class='ocr_line' id='line_1_86' title="bbox 530 5377 2110 5449; baseline -0.007 -8"><span class='ocrx_word' id='word_1_593' title='bbox 530 5385 802 5449; x_wconf 85' lang='lat' dir='ltr'><strong>docuisse,</strong></span> <span class='ocrx_word' id='word_1_594' title='bbox 829 5384 1062 5438; x_wconf 82' lang='lat' dir='ltr'><strong>allirmat</strong></span> <span class='ocrx_word' id='word_1_595' title='bbox 1087 5385 1249 5438; x_wconf 90' lang='lat' dir='ltr'><strong>homo</strong></span> <span class='ocrx_word' id='word_1_596' title='bbox 1271 5382 1632 5437; x_wconf 77' lang='lat' dir='ltr'><strong>heterodoxus</strong></span> <span class='ocrx_word' id='word_1_597' title='bbox 1651 5378 1883 5434; x_wconf 84' lang='lat' dir='ltr'><strong>Jacobus</strong></span> <span class='ocrx_word' id='word_1_598' title='bbox 1906 5377 2110 5432; x_wconf 85' lang='lat' dir='ltr'><strong>Basna-</strong></span> 
     </span>
    </p>
   </div>
   <div class='ocr_carea' id='block_1_87' title="bbox 531 5469 2107 5548">
    <p class='ocr_par' dir='ltr' id='par_1_87' title="bbox 531 5469 2107 5548">
     <span class='ocr_line' id='line_1_87' title="bbox 531 5469 2107 5548; baseline -0.006 -14"><span class='ocrx_word' id='word_1_599' title='bbox 531 5480 651 5548; x_wconf 83' lang='lat' dir='ltr'><strong>gius</strong></span> <span class='ocrx_word' id='word_1_600' title='bbox 672 5488 820 5534; x_wconf 88' lang='lat' dir='ltr'><strong>tomo</strong></span> <span class='ocrx_word' id='word_1_601' title='bbox 851 5476 1198 5531; x_wconf 87' lang='lat' dir='ltr'><strong>lLectionum</strong></span> <span class='ocrx_word' id='word_1_602' title='bbox 1213 5475 1549 5542; x_wconf 85' lang='lat' dir='ltr'><strong>antiquarunt</strong></span> <span class='ocrx_word' id='word_1_603' title='bbox 1585 5470 1808 5537; x_wconf 82' lang='lat' dir='ltr'><strong>Canisii,</strong></span> <span class='ocrx_word' id='word_1_604' title='bbox 1843 5486 1964 5540; x_wconf 88' lang='lat' dir='ltr'><strong>pag.</strong></span> <span class='ocrx_word' id='word_1_605' title='bbox 1985 5469 2107 5536; x_wconf 68' lang='lat'><strong>199,</strong></span> 
     </span>
    </p>
   </div>
   <div class='ocr_carea' id='block_1_88' title="bbox 533 5561 2108 5636">
    <p class='ocr_par' dir='ltr' id='par_1_88' title="bbox 533 5561 2108 5636">
     <span class='ocr_line' id='line_1_88' title="bbox 533 5561 2108 5636; baseline -0.007 -9"><span class='ocrx_word' id='word_1_606' title='bbox 533 5570 910 5627; x_wconf 81' lang='lat' dir='ltr'><strong>ubieaomuia</strong></span> <span class='ocrx_word' id='word_1_607' title='bbox 943 5577 1357 5631; x_wconf 89' lang='lat' dir='ltr'><strong>commemorat,</strong></span> <span class='ocrx_word' id='word_1_608' title='bbox 1412 5567 1482 5620; x_wconf 91' lang='lat' dir='ltr'><strong>ob</strong></span> <span class='ocrx_word' id='word_1_609' title='bbox 1511 5578 1632 5636; x_wconf 73' lang='lat' dir='ltr'><strong>qua:</strong></span> <span class='ocrx_word' id='word_1_610' title='bbox 1683 5562 1875 5616; x_wconf 90' lang='lat' dir='ltr'><strong>merito</strong></span> <span class='ocrx_word' id='word_1_611' title='bbox 1936 5561 2108 5631; x_wconf 89' lang='lat' dir='ltr'><strong>ipsum</strong></span> 
     </span>
    </p>
   </div>
   <div class='ocr_carea' id='block_1_89' title="bbox 533 5647 2110 5728">
    <p class='ocr_par' dir='ltr' id='par_1_89' title="bbox 533 5647 2110 5728">
     <span class='ocr_line' id='line_1_89' title="bbox 533 5647 2110 5728; baseline -0.003 -20"><span class='ocrx_word' id='word_1_612' title='bbox 533 5655 782 5728; x_wconf 79' lang='lat' dir='ltr'><strong>redargui</strong></span> <span class='ocrx_word' id='word_1_613' title='bbox 817 5671 977 5726; x_wconf 89' lang='lat' dir='ltr'><strong>posse</strong></span> <span class='ocrx_word' id='word_1_614' title='bbox 1030 5655 1348 5710; x_wconf 86' lang='lat' dir='ltr'><strong>arbitratur.</strong></span> <span class='ocrx_word' id='word_1_615' title='bbox 1394 5652 1527 5708; x_wconf 88' lang='lat' dir='ltr'><strong>Cum</strong></span> <span class='ocrx_word' id='word_1_616' title='bbox 1575 5660 1753 5704; x_wconf 88' lang='lat' dir='ltr'><strong>autem</strong></span> <span class='ocrx_word' id='word_1_617' title='bbox 1804 5647 2110 5718; x_wconf 89' lang='lat' dir='ltr'><strong>hujusmodi</strong></span> 
     </span>
    </p>
   </div>
   <div class='ocr_carea' id='block_1_90' title="bbox 533 5742 2112 5815">
    <p class='ocr_par' dir='ltr' id='par_1_90' title="bbox 533 5742 2112 5815">
     <span class='ocr_line' id='line_1_90' title="bbox 533 5742 2112 5815; baseline -0.003 -12"><span class='ocrx_word' id='word_1_618' title='bbox 533 5750 940 5803; x_wconf 85' lang='lat' dir='ltr'><strong>accusationum</strong></span> <span class='ocrx_word' id='word_1_619' title='bbox 979 5749 1096 5802; x_wconf 73' lang='lat' dir='ltr'><strong>alia:</strong></span> <span class='ocrx_word' id='word_1_620' title='bbox 1119 5745 1352 5802; x_wconf 86' lang='lat' dir='ltr'><strong>leviores</strong></span> <span class='ocrx_word' id='word_1_621' title='bbox 1395 5746 1523 5810; x_wconf 89' lang='lat' dir='ltr'><strong>sint,</strong></span> <span class='ocrx_word' id='word_1_622' title='bbox 1556 5742 1833 5815; x_wconf 67' lang='lat' dir='ltr'><strong>graviores</strong></span> <span class='ocrx_word' id='word_1_623' title='bbox 1857 5742 1974 5798; x_wconf 78' lang='lat' dir='ltr'><strong>alite</strong></span> <span class='ocrx_word' id='word_1_624' title='bbox 2001 5759 2016 5808; x_wconf 90' lang='lat'><strong>;</strong></span> <span class='ocrx_word' id='word_1_625' title='bbox 2045 5743 2112 5799; x_wconf 86' lang='lat' dir='ltr'><strong>de</strong></span> 
     </span>
    </p>
   </div>
   <div class='ocr_carea' id='block_1_91' title="bbox 610 5923 1074 5994">
    <p class='ocr_par' dir='ltr' id='par_1_91' title="bbox 610 5923 1074 5994">
     <span class='ocr_line' id='line_1_91' title="bbox 610 5923 1074 5994; baseline 0.004 -15"><span class='ocrx_word' id='word_1_626' title='bbox 610 5927 650 5959; x_wconf 70' lang='grc' dir='ltr'>ι’</span> <span class='ocrx_word' id='word_1_627' title='bbox 681 5926 700 5980; x_wconf 92' lang='lat' dir='ltr'><strong>l</strong></span> <span class='ocrx_word' id='word_1_628' title='bbox 734 5923 885 5984; x_wconf 82' lang='lat' dir='ltr'><strong>Joan.</strong></span> <span class='ocrx_word' id='word_1_629' title='bbox 925 5947 982 5994; x_wconf 85' lang='lat' dir='ltr'><strong>ll,</strong></span> <span class='ocrx_word' id='word_1_630' title='bbox 1017 5931 1074 5981; x_wconf 84' lang='lat' dir='ltr'><strong>‘i.</strong></span> 
     </span>
    </p>
   </div>
   <div class='ocr_carea' id='block_1_92' title="bbox 2209 4652 3762 4724">
    <p class='ocr_par' dir='ltr' id='par_1_92' title="bbox 2209 4652 3762 4724">
     <span class='ocr_line' id='line_1_92' title="bbox 2209 4652 3762 4724; baseline -0.003 -20"><span class='ocrx_word' id='word_1_631' title='bbox 2209 4653 2564 4708; x_wconf 85' lang='lat' dir='ltr'><strong>conversione</strong></span> <span class='ocrx_word' id='word_1_632' title='bbox 2612 4652 2833 4717; x_wconf 90' lang='lat' dir='ltr'><strong>diaboli,</strong></span> <span class='ocrx_word' id='word_1_633' title='bbox 2868 4655 3024 4724; x_wconf 86' lang='lat' dir='ltr'><strong>quasi</strong></span> <span class='ocrx_word' id='word_1_634' title='bbox 3060 4653 3172 4722; x_wconf 85' lang='lat' dir='ltr'><strong>jam</strong></span> <span class='ocrx_word' id='word_1_635' title='bbox 3207 4653 3371 4722; x_wconf 79' lang='lat' dir='ltr'><strong>facta,</strong></span> <span class='ocrx_word' id='word_1_636' title='bbox 3397 4656 3538 4724; x_wconf 89' lang='lat' dir='ltr'><strong>loqui</strong></span> <span class='ocrx_word' id='word_1_637' title='bbox 3566 4655 3762 4708; x_wconf 83' lang='lat' dir='ltr'><strong>videtur</strong></span> 
     </span>
    </p>
   </div>
   <div class='ocr_carea' id='block_1_93' title="bbox 2209 4739 3764 4816">
    <p class='ocr_par' dir='ltr' id='par_1_93' title="bbox 2209 4739 3764 4816">
     <span class='ocr_line' id='line_1_93' title="bbox 2209 4739 3764 4816; baseline -0.015 -1"><span class='ocrx_word' id='word_1_638' title='bbox 2209 4745 2286 4814; x_wconf 66' lang='grc' dir='ltr'><strong>(δη</strong></span> <span class='ocrx_word' id='word_1_639' title='bbox 2320 4743 2421 4812; x_wconf 71' lang='grc' dir='ltr'><strong>ΕΡ·</strong></span> <span class='ocrx_word' id='word_1_640' title='bbox 2457 4742 2638 4809; x_wconf 74' lang='grc' dir='ltr'>Ιιιάαι,</span> <span class='ocrx_word' id='word_1_641' title='bbox 2671 4761 2723 4816; x_wconf 92' lang='lat' dir='ltr'><strong>p.</strong></span> <span class='ocrx_word' id='word_1_642' title='bbox 2755 4745 2846 4814; x_wconf 91' lang='lat'><strong>88)</strong></span> <span class='ocrx_word' id='word_1_643' title='bbox 2874 4765 2887 4800; x_wconf 90' lang='lat'>:</span> <span class='ocrx_word' id='word_1_644' title='bbox 2918 4743 3228 4800; x_wconf 76' lang='lat' dir='ltr'><strong>Ostenditur</strong></span> <span class='ocrx_word' id='word_1_645' title='bbox 3263 4751 3398 4801; x_wconf 89' lang='lat' dir='ltr'><strong>enim</strong></span> <span class='ocrx_word' id='word_1_646' title='bbox 3425 4763 3490 4801; x_wconf 75' lang='lat' dir='ltr'><strong>ea:</strong></span> <span class='ocrx_word' id='word_1_647' title='bbox 3521 4739 3764 4800; x_wconf 73' lang='lat' dir='ltr'><strong>communi</strong></span> 
     </span>
    </p>
   </div>
   <div class='ocr_carea' id='block_1_94' title="bbox 2208 4833 3762 4904">
    <p class='ocr_par' dir='ltr' id='par_1_94' title="bbox 2208 4833 3762 4904">
     <span class='ocr_line' id='line_1_94' title="bbox 2208 4833 3762 4904; baseline 0 -19"><span class='ocrx_word' id='word_1_648' title='bbox 2208 4849 2385 4896; x_wconf 85' lang='lat' dir='ltr'><strong>sensu,</strong></span> <span class='ocrx_word' id='word_1_649' title='bbox 2415 4849 2566 4901; x_wconf 72' lang='lat' dir='ltr'><strong>quem</strong></span> <span class='ocrx_word' id='word_1_650' title='bbox 2597 4834 2847 4888; x_wconf 76' lang='lat' dir='ltr'><strong>habemus</strong></span> <span class='ocrx_word' id='word_1_651' title='bbox 2871 4836 2934 4888; x_wconf 91' lang='lat' dir='ltr'><strong>de</strong></span> <span class='ocrx_word' id='word_1_652' title='bbox 2969 4836 3171 4889; x_wconf 87' lang='lat' dir='ltr'><strong>cunctis</strong></span> <span class='ocrx_word' id='word_1_653' title='bbox 3205 4836 3506 4900; x_wconf 83' lang='lat' dir='ltr'><strong>animabus,</strong></span> <span class='ocrx_word' id='word_1_654' title='bbox 3531 4833 3762 4904; x_wconf 62' lang='lat' dir='ltr'><strong>quoniam</strong></span> 
     </span>
    </p>
   </div>
   <div class='ocr_carea' id='block_1_95' title="bbox 2209 4915 3757 4997">
    <p class='ocr_par' dir='ltr' id='par_1_95' title="bbox 2209 4915 3757 4997">
     <span class='ocr_line' id='line_1_95' title="bbox 2209 4915 3757 4997; baseline 0.002 -23"><span class='ocrx_word' id='word_1_655' title='bbox 2209 4940 2324 4976; x_wconf 88' lang='lat' dir='ltr'><strong>eum</strong></span> <span class='ocrx_word' id='word_1_656' title='bbox 2349 4924 2453 4977; x_wconf 83' lang='lat' dir='ltr'><strong>sint</strong></span> <span class='ocrx_word' id='word_1_657' title='bbox 2491 4926 2639 4979; x_wconf 89' lang='lat' dir='ltr'><strong>liberi</strong></span> <span class='ocrx_word' id='word_1_658' title='bbox 2662 4927 2891 4991; x_wconf 88' lang='lat' dir='ltr'><strong>arbitrii,</strong></span> <span class='ocrx_word' id='word_1_659' title='bbox 2911 4937 2960 4980; x_wconf 87' lang='lat' dir='ltr'><strong>et</strong></span> <span class='ocrx_word' id='word_1_660' title='bbox 2988 4928 3256 4981; x_wconf 80' lang='lat' dir='ltr'><strong>conversio</strong></span> <span class='ocrx_word' id='word_1_661' title='bbox 3300 4929 3365 4982; x_wconf 90' lang='lat' dir='ltr'><strong>sit</strong></span> <span class='ocrx_word' id='word_1_662' title='bbox 3395 4927 3537 4997; x_wconf 84' lang='lat' dir='ltr'><strong>[acta</strong></span> <span class='ocrx_word' id='word_1_663' title='bbox 3555 4915 3757 4980; x_wconf 60' lang='lat' dir='ltr'><strong>diaboli.</strong></span> 
     </span>
    </p>
   </div>
   <div class='ocr_carea' id='block_1_96' title="bbox 2207 5010 3756 5088">
    <p class='ocr_par' dir='ltr' id='par_1_96' title="bbox 2207 5010 3756 5088">
     <span class='ocr_line' id='line_1_96' title="bbox 2207 5010 3756 5088; baseline 0 -22"><span class='ocrx_word' id='word_1_664' title='bbox 2207 5014 2346 5082; x_wconf 88' lang='lat' dir='ltr'><strong>quod</strong></span> <span class='ocrx_word' id='word_1_665' title='bbox 2380 5032 2483 5068; x_wconf 86' lang='lat' dir='ltr'><strong>non</strong></span> <span class='ocrx_word' id='word_1_666' title='bbox 2525 5019 2597 5069; x_wconf 66' lang='lat' dir='ltr'><strong>sit</strong></span> <span class='ocrx_word' id='word_1_667' title='bbox 2657 5018 2850 5070; x_wconf 81' lang='lat' dir='ltr'><strong>malus.</strong></span> <span class='ocrx_word' id='word_1_668' title='bbox 2880 5036 2898 5068; x_wconf 82' lang='grc' dir='ltr'><strong>ι</strong></span> <span class='ocrx_word' id='word_1_669' title='bbox 2957 5017 3061 5073; x_wconf 89' lang='lat' dir='ltr'><strong>Sed</strong></span> <span class='ocrx_word' id='word_1_670' title='bbox 3111 5018 3200 5072; x_wconf 83' lang='lat' dir='ltr'><strong>hic</strong></span> <span class='ocrx_word' id='word_1_671' title='bbox 3253 5033 3470 5088; x_wconf 88' lang='lat' dir='ltr'><strong>quoque</strong></span> <span class='ocrx_word' id='word_1_672' title='bbox 3505 5028 3555 5066; x_wconf 84' lang='lat' dir='ltr'><strong>te</strong></span> <span class='ocrx_word' id='word_1_673' title='bbox 3585 5010 3756 5068; x_wconf 74' lang='lat' dir='ltr'><strong>miror.</strong></span> 
     </span>
    </p>
   </div>
   <div class='ocr_carea' id='block_1_97' title="bbox 2212 5104 3758 5176">
    <p class='ocr_par' dir='ltr' id='par_1_97' title="bbox 2212 5104 3758 5176">
     <span class='ocr_line' id='line_1_97' title="bbox 2212 5104 3758 5176; baseline 0.002 -18"><span class='ocrx_word' id='word_1_674' title='bbox 2212 5105 2462 5176; x_wconf 83' lang='lat' dir='ltr'><strong>Basnagi,</strong></span> <span class='ocrx_word' id='word_1_675' title='bbox 2495 5122 2594 5162; x_wconf 92' lang='lat' dir='ltr'><strong>nec</strong></span> <span class='ocrx_word' id='word_1_676' title='bbox 2641 5107 2958 5163; x_wconf 86' lang='lat' dir='ltr'><strong>vocabulum</strong></span> <span class='ocrx_word' id='word_1_677' title='bbox 3013 5111 3281 5164; x_wconf 73' lang='lat' dir='ltr'><strong>conversio</strong></span> <span class='ocrx_word' id='word_1_678' title='bbox 3317 5104 3656 5166; x_wconf 77' lang='lat' dir='ltr'><strong>intellexisse,</strong></span> <span class='ocrx_word' id='word_1_679' title='bbox 3691 5108 3758 5161; x_wconf 71' lang='grc' dir='ltr'><strong>εἰς</strong></span> 
     </span>
    </p>
   </div>
   <div class='ocr_carea' id='block_1_98' title="bbox 2211 5196 3760 5270">
    <p class='ocr_par' dir='ltr' id='par_1_98' title="bbox 2211 5196 3760 5270">
     <span class='ocr_line' id='line_1_98' title="bbox 2211 5196 3760 5270; baseline -0.003 -20"><span class='ocrx_word' id='word_1_680' title='bbox 2211 5198 2351 5266; x_wconf 87' lang='lat' dir='ltr'><strong>qttod</strong></span> <span class='ocrx_word' id='word_1_681' title='bbox 2393 5198 2544 5267; x_wconf 89' lang='lat' dir='ltr'><strong>pejus</strong></span> <span class='ocrx_word' id='word_1_682' title='bbox 2583 5208 2687 5264; x_wconf 87' lang='lat' dir='ltr'><strong>est,</strong></span> <span class='ocrx_word' id='word_1_683' title='bbox 2742 5199 2950 5270; x_wconf 82' lang='lat' dir='ltr'><strong>Didymi</strong></span> <span class='ocrx_word' id='word_1_684' title='bbox 2993 5201 3153 5256; x_wconf 85' lang='lat' dir='ltr'><strong>verba</strong></span> <span class='ocrx_word' id='word_1_685' title='bbox 3187 5209 3293 5251; x_wconf 85' lang='lat' dir='ltr'><strong>tam</strong></span> <span class='ocrx_word' id='word_1_686' title='bbox 3339 5196 3624 5251; x_wconf 90' lang='lat' dir='ltr'><strong>inﬁdeliter</strong></span> <span class='ocrx_word' id='word_1_687' title='bbox 3651 5204 3760 5261; x_wconf 87' lang='lat' dir='ltr'><strong>pro-</strong></span> 
     </span>
    </p>
   </div>
   <div class='ocr_carea' id='block_1_99' title="bbox 2211 5286 3760 5345">
    <p class='ocr_par' dir='ltr' id='par_1_99' title="bbox 2211 5286 3760 5345">
     <span class='ocr_line' id='line_1_99' title="bbox 2211 5286 3760 5345; baseline -0.007 -3"><span class='ocrx_word' id='word_1_688' title='bbox 2211 5287 2371 5343; x_wconf 85' lang='lat' dir='ltr'><strong>lcrre.</strong></span> <span class='ocrx_word' id='word_1_689' title='bbox 2413 5289 2482 5343; x_wconf 84' lang='lat' dir='ltr'><strong>Ea</strong></span> <span class='ocrx_word' id='word_1_690' title='bbox 2516 5290 2594 5344; x_wconf 89' lang='lat' dir='ltr'><strong>sic</strong></span> <span class='ocrx_word' id='word_1_691' title='bbox 2628 5306 2689 5344; x_wconf 90' lang='lat' dir='ltr'><strong>se</strong></span> <span class='ocrx_word' id='word_1_692' title='bbox 2720 5291 2922 5345; x_wconf 85' lang='lat' dir='ltr'><strong>habent</strong></span> <span class='ocrx_word' id='word_1_693' title='bbox 2955 5306 2969 5343; x_wconf 91' lang='lat'><strong>:</strong></span> <span class='ocrx_word' id='word_1_694' title='bbox 3002 5290 3113 5344; x_wconf 86' lang='lat' dir='ltr'><strong>Nec</strong></span> <span class='ocrx_word' id='word_1_695' title='bbox 3158 5297 3233 5342; x_wconf 77' lang='lat' dir='ltr'><strong>est</strong></span> <span class='ocrx_word' id='word_1_696' title='bbox 3276 5286 3520 5340; x_wconf 87' lang='lat' dir='ltr'><strong>diabolus</strong></span> <span class='ocrx_word' id='word_1_697' title='bbox 3571 5295 3760 5339; x_wconf 76' lang='lat' dir='ltr'><strong>terrena</strong></span> 
     </span>
    </p>
   </div>
   <div class='ocr_carea' id='block_1_100' title="bbox 2210 5376 3758 5452">
    <p class='ocr_par' dir='ltr' id='par_1_100' title="bbox 2210 5376 3758 5452">
     <span class='ocr_line' id='line_1_100' title="bbox 2210 5376 3758 5452; baseline -0.001 -18"><span class='ocrx_word' id='word_1_698' title='bbox 2210 5383 2545 5447; x_wconf 85' lang='lat' dir='ltr'><strong>substantia;</strong></span> <span class='ocrx_word' id='word_1_699' title='bbox 2569 5383 2752 5436; x_wconf 84' lang='lat' dir='ltr'><strong>habuit</strong></span> <span class='ocrx_word' id='word_1_700' title='bbox 2793 5386 2929 5437; x_wconf 85' lang='lat' dir='ltr'><strong>enim</strong></span> <span class='ocrx_word' id='word_1_701' title='bbox 2957 5381 3242 5452; x_wconf 83' lang='lat' dir='ltr'><strong>aliquando</strong></span> <span class='ocrx_word' id='word_1_702' title='bbox 3277 5380 3508 5432; x_wconf 77' lang='lat' dir='ltr'><strong>diuinam</strong></span> <span class='ocrx_word' id='word_1_703' title='bbox 3535 5376 3758 5449; x_wconf 64' lang='lat' dir='ltr'><strong>gloriam.</strong></span> 
     </span>
    </p>
   </div>
   <div class='ocr_carea' id='block_1_101' title="bbox 2211 5463 3759 5537">
    <p class='ocr_par' dir='ltr' id='par_1_101' title="bbox 2211 5463 3759 5537">
     <span class='ocr_line' id='line_1_101' title="bbox 2211 5463 3759 5537; baseline -0.001 -13"><span class='ocrx_word' id='word_1_704' title='bbox 2211 5485 2257 5525; x_wconf 89' lang='lat' dir='ltr'><strong>et</strong></span> <span class='ocrx_word' id='word_1_705' title='bbox 2293 5484 2529 5526; x_wconf 83' lang='lat' dir='ltr'><strong>sanctam</strong></span> <span class='ocrx_word' id='word_1_706' title='bbox 2562 5473 2657 5528; x_wconf 88' lang='lat' dir='ltr'><strong>Dei</strong></span> <span class='ocrx_word' id='word_1_707' title='bbox 2691 5477 2988 5537; x_wconf 82' lang='lat' dir='ltr'><strong>scientiam,</strong></span> <span class='ocrx_word' id='word_1_708' title='bbox 3025 5475 3145 5527; x_wconf 81' lang='lat' dir='ltr'><strong>licet</strong></span> <span class='ocrx_word' id='word_1_709' title='bbox 3180 5487 3456 5526; x_wconf 73' lang='lat' dir='ltr'><strong>conversus</strong></span> <span class='ocrx_word' id='word_1_710' title='bbox 3483 5471 3548 5523; x_wconf 90' lang='lat' dir='ltr'><strong>de</strong></span> <span class='ocrx_word' id='word_1_711' title='bbox 3572 5463 3759 5534; x_wconf 65' lang='lat' dir='ltr'><strong>magni-</strong></span> 
     </span>
    </p>
   </div>
   <div class='ocr_carea' id='block_1_102' title="bbox 2215 5561 3759 5628">
    <p class='ocr_par' dir='ltr' id='par_1_102' title="bbox 2215 5561 3759 5628">
     <span class='ocr_line' id='line_1_102' title="bbox 2215 5561 3759 5628; baseline -0.005 -15"><span class='ocrx_word' id='word_1_712' title='bbox 2215 5563 2394 5615; x_wconf 86' lang='lat' dir='ltr'><strong>tudine</strong></span> <span class='ocrx_word' id='word_1_713' title='bbox 2423 5571 2573 5616; x_wconf 83' lang='lat' dir='ltr'><strong>tanta</strong></span> <span class='ocrx_word' id='word_1_714' title='bbox 2612 5565 2875 5618; x_wconf 88' lang='lat' dir='ltr'><strong>ceciderit.</strong></span> <span class='ocrx_word' id='word_1_715' title='bbox 2902 5563 3214 5619; x_wconf 85' lang='lat' dir='ltr'><strong>Ostenditur</strong></span> <span class='ocrx_word' id='word_1_716' title='bbox 3244 5561 3418 5628; x_wconf 85' lang='lat' dir='ltr'><strong>itaque</strong></span> <span class='ocrx_word' id='word_1_717' title='bbox 3449 5574 3514 5615; x_wconf 77' lang='lat' dir='ltr'><strong>ea:</strong></span> <span class='ocrx_word' id='word_1_718' title='bbox 3547 5567 3759 5612; x_wconf 77' lang='lat' dir='ltr'><strong>cantatu-</strong></span> 
     </span>
    </p>
   </div>
   <div class='ocr_carea' id='block_1_103' title="bbox 2214 5645 3756 5722">
    <p class='ocr_par' dir='ltr' id='par_1_103' title="bbox 2214 5645 3756 5722">
     <span class='ocr_line' id='line_1_103' title="bbox 2214 5645 3756 5722; baseline -0.003 -17"><span class='ocrx_word' id='word_1_719' title='bbox 2214 5653 2266 5705; x_wconf 89' lang='lat' dir='ltr'><strong>ni</strong></span> <span class='ocrx_word' id='word_1_720' title='bbox 2322 5669 2498 5713; x_wconf 87' lang='lat' dir='ltr'><strong>sensu.</strong></span> <span class='ocrx_word' id='word_1_721' title='bbox 2543 5670 2696 5722; x_wconf 85' lang='lat' dir='ltr'><strong>quem</strong></span> <span class='ocrx_word' id='word_1_722' title='bbox 2743 5653 2992 5709; x_wconf 72' lang='lat' dir='ltr'><strong>habemus</strong></span> <span class='ocrx_word' id='word_1_723' title='bbox 3032 5654 3096 5708; x_wconf 87' lang='lat' dir='ltr'><strong>de</strong></span> <span class='ocrx_word' id='word_1_724' title='bbox 3145 5654 3349 5706; x_wconf 82' lang='lat' dir='ltr'><strong>cunctis</strong></span> <span class='ocrx_word' id='word_1_725' title='bbox 3401 5645 3756 5704; x_wconf 72' lang='lat' dir='ltr'><strong>rationalibus.</strong></span> 
     </span>
    </p>
   </div>
   <div class='ocr_carea' id='block_1_104' title="bbox 2211 5733 3759 5815">
    <p class='ocr_par' dir='ltr' id='par_1_104' title="bbox 2211 5733 3759 5815">
     <span class='ocr_line' id='line_1_104' title="bbox 2211 5733 3759 5815; baseline -0.008 -17"><span class='ocrx_word' id='word_1_726' title='bbox 2211 5745 2482 5815; x_wconf 87' lang='lat' dir='ltr'><strong>quoniam,</strong></span> <span class='ocrx_word' id='word_1_727' title='bbox 2537 5762 2654 5800; x_wconf 85' lang='lat' dir='ltr'><strong>cum</strong></span> <span class='ocrx_word' id='word_1_728' title='bbox 2705 5748 2808 5802; x_wconf 87' lang='lat' dir='ltr'><strong>sint</strong></span> <span class='ocrx_word' id='word_1_729' title='bbox 2860 5745 3013 5802; x_wconf 83' lang='lat' dir='ltr'><strong>liberi</strong></span> <span class='ocrx_word' id='word_1_730' title='bbox 3048 5745 3279 5812; x_wconf 87' lang='lat' dir='ltr'><strong>arbitrii,</strong></span> <span class='ocrx_word' id='word_1_731' title='bbox 3317 5753 3365 5798; x_wconf 85' lang='lat' dir='ltr'><strong>et</strong></span> <span class='ocrx_word' id='word_1_732' title='bbox 3416 5738 3667 5798; x_wconf 71' lang='lat' dir='ltr'><strong>conversio</strong></span> <span class='ocrx_word' id='word_1_733' title='bbox 3700 5733 3759 5789; x_wconf 85' lang='lat' dir='ltr'><strong>sit</strong></span> 
     </span>
    </p>
   </div>
  </div>
