4004 6454
246 385 328 442 177
1531 407 2102 465 COMMENTARIUS.
2145 440 2213 449 —
2252 407 2380 466 LIB.
2423 410 2486 466 li.

3529 421 3673 474 l78'

244 506 369 573 facta
413 513 702 584 diaboli,
772 533 1019 578 natura
1065 539 1166 578 non
1212 524 1376 578 malus
1421 533 1520 578 est.
1561 522 1693 592 Cur,
1727 541 1934 595 qureso,
1965 530 2008 586 Α
2039 528 2257 598 dymmn
2293 546 2395 582 non
2430 532 2586 583 modo
2641 547 2744 586 non
2794 533 3024 599 inlicior,
3057 536 3148 588 sed
3180 545 3234 588 et
3270 537 3425 599 addo,
3465 537 3548 593 bis
3573 539 3626 594 id

249 603 417 659 addita
446 613 695 667 vocula
736 620 923 682 quod
970 617 1286 671 sententiam
1315 631 1525 672 omnem
1581 618 1930 687 perturbasli,

257 705 416 766 atque
440 700 508 754 in
541 700 869 760 Latinam
912 707 1299 778 Didymearutn
1331 708 1735 763 Enarrationum
1767 711 1934 766 inter-

267 792 680 862 pretationem,
739 815 894 868 qua:
946 801 1086 855 satis
1111 800 1391 869 ceteroqui
1435 815 1531 869 per
1558 816 1618 856 se
1657 801 1933 872 inelegans

286 896 390 947 est,
413 900 627 941 novum
660 890 1114 947 barbarismum
1179 892 1463 947 invexisti?
1493 893 1603 949 Cur
1633 894 1752 950 loco
1787 895 1934 950 vocis

273 961 684 1045 inﬂantibus,
742 997 890 1052 quze
959 993 1180 1040 naturas
1233 989 1440 1041 ratione
1494 1001 1600 1040 non
1648 986 1935 1044 destitutas

330 1074 556 1135 denotat,
589 1073 898 1146 subs-ngas
946 1091 1129 1132 vocem
1181 1077 1498 1135 animabus?
1545 1078 1654 1134 Cur
1701 1080 1935 1150 denique

344 1165 666 1231 vocabulum,
700 1181 944 1234 natura,
992 1171 1132 1240 quod
1179 1171 1327 1226 nullo
1365 1173 1524 1226 modo
1574 1173 1935 1228 omittendum

356 1267 484 1323 erat,
513 1257 792 1313 omisisti?
818 1258 1042 1313 Falsum
1095 1274 1224 1316 sane
1258 1269 1358 1322 est,
1385 1262 1650 1316 diabolum
1691 1281 1796 1318 non
1825 1282 1935 1319 esse

351 1350 578 1402 malum:
611 1350 709 1404 sed
760 1365 954 1404 verum
995 1361 1100 1413 est.
1135 1353 1402 1406 diabolum
1446 1372 1550 1407 non
1593 1371 1704 1408 esse
1741 1371 1933 1410 natura

345 1441 563 1495 malum.
601 1439 743 1494 Illud
792 1441 931 1497 falso
965 1445 1156 1498 tribuis
1195 1443 1455 1511 Didymo;
1491 1446 1595 1501 hoc
1646 1463 1772 1503 vere
1799 1449 1936 1504 dixit

345 1530 650 1600 Didymus:
682 1548 752 1585 eo
797 1533 943 1586 enim
977 1548 1138 1587 sensu
1173 1544 1334 1605 negat
1379 1519 1649 1592 diabolum
1685 1552 1808 1594 esse
1841 1556 1935 1594 na-

338 1631 468 1675 tura
505 1624 728 1688 malum,
763 1638 871 1692 quo
906 1635 1094 1678 natura
1130 1627 1323 1680 malum
1375 1643 1496 1682 eum
1529 1630 1778 1687 dicebant
1813 1635 1932 1688 Ma-

341 1713 573 1778 nicbai,
607 1730 746 1784 quos
793 1715 865 1769 ibi
907 1715 1100 1771 refellit
1145 1721 1427 1789 theologus
1461 1733 1645 1777 noster
1673 1741 1687 1778 :
1716 1725 1788 1777 ita
1824 1726 1931 1779 sci-

336 1807 477 1863 licet
511 1809 629 1864 vult
673 1811 848 1880 ipsum
898 1827 1016 1867 esse
1065 1812 1283 1881 malum,
1317 1825 1456 1869 utea:
1488 1815 1735 1873 electione
1762 1819 1935 1874 malus

2035 625 2103 672 ab
2128 636 2194 674 eo
2217 620 2470 674 allii-mari
2516 623 2566 676 in
2593 624 2674 676 bis
2703 625 2865 677 etiam
2901 624 2976 678 De
3014 625 3272 680 Trinitate
3304 628 3471 694 libris,
3496 645 3621 699 pag.

2035 711 2160 774 1157,
2187 722 2241 765 et
2275 727 2445 778 segni.
2501 713 2592 778 67,
2635 729 2728 768 seu
2783 730 2904 785 pag.
2969 716 3093 778 181,
3145 727 3258 770 not.
3332 716 3506 772 Tuum
3538 735 3626 773 er-

2034 817 2103 872 go
2134 803 2240 857 erit
2261 806 2569 870 ostendere,
2607 808 2658 859 td
2685 805 2819 860 falso
2847 807 2954 862 dici
2987 823 3000 859 :
3031 823 3131 877 ego
3157 824 3290 864 sane
3324 825 3428 879 qua
3458 811 3624 864 ratio-

2038 909 2106 949 ne
2134 896 2364 964 probare
2396 895 2501 951 hoc
2533 897 2733 966 possis.
2767 913 2872 952 non
2899 898 3076 960 video.
3109 897 3205 954 Sin
3242 910 3424 955 autem
3460 900 3625 972 Didy-

2034 986 2110 1041 mi
2140 1001 2246 1042 non
2281 989 2602 1043 sententiam
2652 990 2952 1059 redarguis,
2983 991 3077 1046 sed
3133 995 3622 1058 ratiocinationem,

2036 1077 2089 1132 id
2122 1077 2403 1148 redarguis
2454 1079 2597 1147 quod
2649 1094 2755 1134 non
2797 1079 3069 1148 intelligis.
3127 1079 3237 1137 Nec
3287 1083 3429 1138 enim
3459 1099 3622 1153 argu-

2034 1177 2327 1230 mentatur,
2365 1179 2423 1223 ut
2469 1179 2523 1222 tu
2572 1179 2751 1238 putas,
2800 1170 3060 1240 Didymus
3102 1171 3340 1226 adhunc
3380 1175 3620 1231 modum.

2033 1260 2200 1315 Jttdas
2248 1271 2364 1316 erat
2399 1263 2518 1317 ovis
2553 1261 2755 1316 Christi
2788 1281 2800 1316 :
2829 1279 2959 1333 ergo
3000 1279 3104 1317 non
3131 1274 3249 1318 erat
3291 1264 3483 1319 malus.
3514 1265 3622 1320 Sed

2035 1355 2138 1409 hoc
2173 1366 2349 1435 pacto.
2387 1355 2553 1409 ludas
2586 1366 2704 1410 erat
2749 1358 2868 1411 ovis
2912 1357 3308 1428 Christi2ergo
3353 1373 3456 1413 non
3505 1368 3626 1413 erat

2036 1457 2226 1501 natura
2256 1447 2452 1510 malus,
2485 1462 2644 1501 sensu
2677 1445 3006 1512 Mauicbwo;
3034 1449 3128 1522 sed
3163 1447 3334 1503 factus
3362 1459 3448 1504 est
3475 1459 3624 1517 post-

2035 1553 2099 1594 ea
2128 1538 2300 1594 malus
2346 1554 2413 1594 ex
2449 1541 2744 1594 mutatione
2801 1539 2985 1593 libera:
3025 1540 3334 1594 voluntatis.
3370 1539 3500 1606 Qua:
3537 1555 3626 1594 ar-

2036 1631 2368 1700 gumentatio
2401 1631 2470 1686 ab
2513 1645 2581 1686 eo
2622 1638 2832 1685 tantum
2867 1630 3069 1700 despici
3103 1608 3297 1699 potest,
3329 1632 3419 1700 qui
3447 1631 3623 1685 Mani-

2035 1725 2309 1778 chaorum
2333 1705 2838 1795 systema'ignoret.
2875 1724 2930 1778 Id
2966 1733 3147 1777 autem
3181 1738 3322 1777 nunc
3349 1736 3621 1794 exponere

2039 1828 2216 1868 meum
2245 1829 2348 1868 non
2373 1823 2477 1870 εει.

342 1901 534 1956 laetus
569 1903 665 1969 sit,
689 1877 792 1958 non
825 1921 891 1959 ea:
920 1907 1221 1962 necessitate
1267 1877 1471 1963 natura
1494 1926 1605 1965 sua:
1631 1911 1700 1965 sit
1735 1913 1929 1968 malus.
1967 1877 2012 1933 Β
2104 1901 2309 1970 Quam)
2345 1903 2628 1974 Didymum
2680 1903 2756 1958 ila
2815 1905 2990 1974 cal'l)il
3055 1903 3368 1974 Βδεηεείυει
3428 1923 3447 1958 ⁸
3478 1902 3625 1958 Im"

414 1992 581 2058 Quod
630 2011 762 2051 vero
805 2008 1010 2067 spectat
1047 1999 1112 2054 ad
1155 1999 1350 2056 diaboli
1389 2004 1797 2068 conversionem,
1847 2021 1930 2061 re-

343 2086 602 2144 ctissime
644 2103 768 2144 eam
809 2091 1023 2148 admisit
1069 2093 1324 2166 Didymus
1363 2109 1482 2150 cum
1513 2097 1564 2149 in
1600 2097 1764 2153 allato
1790 2098 1928 2164 loco,

343 2191 461 2234 tum
491 2181 547 2235 in
579 2197 768 2252 opere,
796 2184 931 2252 quod
963 2200 1106 2240 nunc
1140 2187 1264 2247 edo,
1298 2201 1418 2257 pag.
1456 2187 1560 2242 l50
1575 2201 1629 2244 et
1659 2194 1928 2260 sequenti,

347 2284 463 2326 tum
502 2274 722 2329 demum
751 2275 803 2329 ia
834 2276 969 2332 libro
1001 2275 1077 2330 De
1117 2275 1318 2347 Spiritu
1348 2291 1548 2338 sancto.
1583 2296 1732 2336 num.
1775 2284 1843 2338 12
1877 2297 1934 2339 et

347 2366 505 2420 alibi.
543 2366 658 2422 Nec
681 2369 822 2422 enim
847 2371 1133 2435 conversio,
1161 2384 1321 2438 quam
1349 2370 1537 2428 Gra'ce
1567 2375 1778 2447 τροπήν
1803 2378 1935 2432 dicit

345 2455 640 2528 Didymus,
670 2462 1024 2527 paenitentiam
1056 2464 1428 2520 tantummodo
1471 2465 1762 2534 signiticet.
1790 2479 1846 2522 ut
1877 2478 1932 2523 tu

343 2558 545 2618 putas,
570 2552 714 2619 quod
740 2561 949 2606 veteres
982 2551 1168 2608 Patres
1197 2563 1290 2608 aut
1325 2570 1427 2609 non
1455 2555 1667 2626 legeris,
1703 2571 1797 2614 aut
1824 2577 1930 2614 non

355 2639 740 2708 intellexeris;
772 2643 864 2696 sed
893 2657 1271 2712 quamcunque
1305 2644 1490 2710 animi,
1527 2657 1617 2702 aut
1647 2649 1936 2706 voluntatis

350 2731 743 2796 mutationem,
773 2732 884 2788 sive
909 2733 1048 2788 mala
1104 2735 1196 2788 tlat
1241 2750 1308 2790 ex
1359 2736 1523 2804 bona,
1552 2742 1934 2802 seu.vicissim

345 2821 501 2876 bona
554 2820 815 2878 adiciatur
863 2838 928 2877 ex
971 2823 1132 2878 mala.
1175 2823 1316 2880 Nihil
1352 2842 1483 2897 ergo
1525 2829 1671 2886 aliud
1715 2831 1829 2886 vult
1864 2834 1934 2889 ibi

347 2909 646 2980 Didymus,
681 2910 781 2964 nisi
820 2912 1088 2966 diabolum
1120 2929 1225 2970 non
1245 2931 1364 2971 esse
1392 2919 1670 2975 conditum
1711 2922 1934 2989 malum,

339 3002 446 3056 sed
505 3002 662 3071 prius
705 3002 868 3059 fuisse
905 3004 1124 3071 bonum,
1170 3017 1282 3062 tum
1319 3008 1521 3066 factum
1557 3025 1678 3068 esse
1714 3013 1934 3079 malum,

342 3093 594 3162 ideoque
629 3110 733 3149 non
769 3097 1091 3165 necessario,
1116 3098 1208 3153 sed
1243 3099 1432 3158 libere.

422 3184 624 3239 Tertio
650 3186 924 3256 Didymum
957 3191 1299 3258 reprehendit
1332 3191 1626 3265 Basnagius
1649 3194 1799 3253 hisce
1818 3214 1939 3254 ver-

347 3274 433 3329 bis
462 3291 476 3327 :
513 3291 532 3326 t
561 3273 755 3330 ludam
781 3279 1040 3347 Optimum
1072 3278 1240 3338 fuisse
1262 3298 1382 3338 cum
1400 3283 1692 3354 eligeretur
1718 3302 1748 3342 a
1779 3288 1940 3344 Chri—

349 3383 467 3438 sto,
506 3374 603 3427 sed
637 3383 822 3442 postea
851 3390 881 3427 a
931 3385 1081 3430 recto
1135 3379 1350 3433 tramite
1402 3379 1646 3436 deviasse
1681 3381 1944 3450 probabat

350 3480 422 3517 ex
455 3479 554 3527 eo,
586 3465 734 3534 quod
765 3466 1012 3521 Christus
1045 3469 1252 3524 miserit
1283 3485 1413 3526 oves
1455 3471 1598 3527 inter
1630 3473 1806 3542 lupos.
1849 3474 1945 3529 lu-

348 3557 460 3611 dai
503 3557 651 3612 enim
687 3558 900 3612 luerunt
941 3560 1014 3615 illi
1065 3576 1289 3632 rapaces
1319 3563 1458 3633 lupi;
1487 3579 1619 3620 oves
1660 3582 1788 3623 vero
1816 3584 1941 3638 apo-

345 3647 724 3704 stolizludas
773 3650 872 3704 fuit
937 3650 1088 3718 ovis;
1131 3653 1318 3709 debuit
1373 3657 1538 3727 igitur
1601 3658 1742 3713 inter
1776 3660 1946 3716 bonos

351 3741 658 3795 reeetiseri.
692 3759 712 3794 ι
745 3741 817 3796 lta
852 3741 1170 3814 Basnagius.
1203 3745 1396 3802 Verum
1428 3763 1536 3818 quo
1558 3751 1754 3806 melius
1785 3753 1943 3808 intel-

344 3830 611 3898 ﬁgamus,
643 3834 687 3887 si
718 3834 831 3889 ﬁeri
857 3845 1054 3905 potest,
1077 3839 1205 3907 quid
1236 3841 1307 3894 sit
1336 3841 1386 3894 id
1426 3843 1571 3911 quod
1601 3844 1649 3898 ei
1680 3860 1788 3898 non
1816 3861 1942 3914 pro-

341 3932 540 3994 batur,
573 3931 786 4004 Didymi
814 3935 977 3988 verba
1005 3937 1358 3991 exscribenda
1391 3949 1537 3993 sunt.
1566 3940 1616 3994 18
1644 3955 1776 4010 ergo
1808 3939 1945 3996 libro

341 4027 478 4077 adt.
527 4023 862 4087 Maniclueos,
919 4041 1040 4096 cap.
1087 4028 1174 4093 11,
1219 4030 1298 4083 sic
1346 4029 1584 4099 loquitur
1628 4046 1641 4081 :
1704 4049 1722 4081 r
1769 4030 1836 4086 Et
1879 4033 1945 4087 de

341 4115 501 4171 Juda
524 4119 784 4187 scriptum
814 4129 918 4182 est,
946 4121 1086 4190 quod
1129 4130 1273 4176 esset
1303 4123 1442 4176 (ilius
1473 4123 1814 4192 perditionis.
1847 4124 1939 4179 Sic

343 4210 510 4263 enim
535 4207 793 4265 Dominus
826 4211 893 4266 de
924 4228 989 4266 eo
1023 4212 1198 4270 dixit:
1233 4212 1402 4268 Nemo
1439 4229 1505 4269 ea;
1531 4215 1804 4284 discipulis
1819 4220 1945 4270 meis

342 4302 540 4368 periit,
586 4301 690 4355 nisi
716 4302 858 4372 [ilius
899 4305 1206 4371 perditionis
1232 4305 1296 4362 ⁸⁸.
1329 4306 1464 4360 Eum
1497 4311 1716 4363 vocavit
1768 4308 1947 4376 ﬁlium

345 4392 702 4460 perditionis,
731 4395 855 4464 quia
881 4395 1007 4450 fecit
1031 4410 1153 4464 qua:
1182 4397 1340 4468 digna
1371 4398 1590 4453 interitu
1614 4409 1770 4454 erant
1799 4416 1815 4453 :
1843 4414 1945 4453 non

343 4486 508 4539 enim
550 4499 676 4538 cum
705 4497 821 4541 erat
860 4501 998 4541 unus
1025 4501 1093 4542 ex
1119 4489 1404 4558 apostolis,
1437 4501 1494 4545 et
1525 4506 1630 4545 una
1666 4506 1789 4546 cum
1828 4491 1936 4546 illis

2031 2006 2125 2050 eas
2170 1993 2491 2061 sententias,
2523 2015 2542 2049 ι
2583 2009 2718 2064 quas
2783 2010 2979 2065 nempe
3029 2011 3095 2050 ex
3167 1996 3392 2068 Didymo
3467 1994 3624 2050 all‘ert

2034 2085 2092 2142 S.
2113 2084 2424 2153 Maximus,t
2449 2084 2642 2156 legitur
2659 2102 2762 2140 una
2785 2089 2870 2140 vix
2895 2089 3243 2154 admittenda,
3261 2103 3423 2158 quam
3447 2099 3622 2144 tamen

2034 2176 2298 2232 Maximus
2340 2177 2443 2232 sibi
2497 2177 2771 2248 prOpriam
2816 2178 2945 2234 l'acit
2975 2199 2988 2234 ε
3016 2178 3242 2233 Peccata
3277 2197 3379 2233 non
3426 2195 3491 2234 ex
3541 2197 3625 2233 vo-

2035 2270 2256 2335 luntate,
2295 2272 2380 2326 lea:
2420 2271 2700 2336 condonat,
2733 2282 2780 2325 et
2827 2272 2967 2325 Deus
3012 2288 3141 2340 pene
3179 2273 3418 2340 despicit,
3446 2283 3501 2326 ut
3529 2272 3623 2342 qui

2034 2364 2101 2417 sit
2132 2362 2356 2416 clemens
2384 2377 2446 2414 ac
2472 2362 2793 2426 misericors,
2811 2378 2904 2416 nec
2950 2361 3027 2417 vel
3056 2378 3257 2427 eorum,
3292 2377 3410 2433 qua:
3439 2361 3627 2417 volun-

2037 2456 2177 2508 taria
2204 2464 2351 2519 sunt,
2383 2454 2601 2508 immitis
2633 2453 2779 2508 ultor
2811 2455 3052 2510 exsistat.
3079 2473 3099 2508 ι
3127 2454 3396 2510 Hactenus
3424 2454 3626 2510 Basna-

2035 2549 2174 2617 gius.
2210 2547 2324 2617 Ego
2361 2562 2488 2601 vero
2518 2556 2811 2616 antequam
2836 2546 2957 2602 dico
2989 2548 3116 2617 quid
3151 2548 3405 2613 sentiam,
3436 2545 3625 2602 Graeca

2038 2640 2244 2711 Didymi
2293 2641 2454 2695 verba
2495 2640 2711 2709 profero
2740 2655 2770 2694 e
2810 2639 3028 2695 Maximi
3081 2655 3332 2694 sermone
3368 2639 3458 2706 55,
3497 2655 3624 2712 pag.

2037 2730 2163 2785 660.
2197 2729 2280 2786 Τὰ
2312 2730 2409 2802 μὲν
2433 2730 2670 2784 ἀκούσια
2695 2732 3090 2802 ἁμαρτήματα,
3124 2733 3314 2801 inquit,
3348 2732 3440 2785 καὶ
3465 2731 3626 2802 νόμος

2040 2827 2337 2895 συγχωρεῖ,
2377 2825 2473 2877 καὶ
2499 2823 2632 2887 Θεὸς
2664 2824 2881 2896 παρορᾷ
2910 2823 3290 2896 φιλάνθρωπος
3309 2822 3384 2877 ὢν
3410 2823 3505 2878 καὶ
3527 2822 3628 2876 οὐκ

2038 2915 2254 2988 ἀπηνὴς
2289 2916 2514 2970 καὶτῶν
2548 2915 2932 2972 ἑκουσίων.....
2968 2915 3193 2986 Reliqua
3225 2916 3624 2971 desiderantur.

2039 3007 2294 3064 Eamdem
2339 3019 2522 3062 autem
2570 3010 2895 3063 sententiam
2938 3009 3128 3063 eodem
3178 3009 3337 3062 modo
3377 3007 3536 3061 allert
3561 3022 3629 3063 ex

2041 3099 2266 3170 Didymo
2293 3097 2530 3156 Joannes
2573 3102 2941 3157 Damascenus
2995 3102 3048 3156 in
3079 3098 3386 3164 Paratlelis,
3423 3100 3505 3154 tit.
3533 3099 3625 3164 91,

1967 3226 2009 3285 C
2043 3206 2166 3262 pag.
2199 3192 2326 3255 5'20,
2360 3191 2465 3248 nisi
2511 3194 2657 3261 quod
2711 3207 2808 3262 pro
2849 3193 3116 3262 adjectivo
3147 3191 3412 3245 ἑκουσίων
3438 3192 3648 3286 1εείιυιῇ

2045 3285 2120 3340 ibi
2149 3283 2466 3338 adverbium
2498 3282 2788 3349 ἑκουσίως,
2822 3283 2873 3337 id
2893 3293 2978 3338 est
3005 3283 3317 3340 voluntarie.

2116 3374 2212 3431 llis
2241 3375 2554 3444 praemissis,
2585 3374 2758 3430 lateor
2797 3376 3047 3444 equidem
3075 3375 3428 3431 consuevisse
3455 3375 3630 3446 Didy-

2047 3485 2193 3524 tnum
2224 3469 2458 3524 divinam
2484 3467 2828 3522 clementiam
2855 3467 3012 3521 valde
3037 3467 3320 3533 extollere,
3356 3479 3414 3522 ut
3447 3483 3513 3523 ex
3545 3469 3630 3523 his

2049 3563 2212 3616 etiam
2248 3559 2325 3616 De
2365 3559 2626 3614 Trinitate
2652 3559 2810 3614 libris
2835 3561 3089 3629 cognosci
3132 3570 3327 3628 potest.
3360 3559 3466 3615 Sed
3495 3558 3632 3613 alla-

2055 3663 2164 3708 tam
2211 3670 2241 3708 a
2287 3653 2526 3709 Maximo
2575 3653 2899 3708 sententiam
2943 3653 3065 3722 jure
3105 3668 3264 3722 posse
3311 3653 3628 3722 reprehendi

2048 3745 2260 3801 inticias
2288 3761 2372 3801 eo.
2410 3745 2554 3801 Duas
2593 3759 2790 3815 nempe
2842 3745 2957 3814 ipsa
3001 3747 3166 3800 habet
3212 3756 3413 3815 partes.
3449 3745 3632 3801 l‘titna

2048 3839 2263 3908 quidem
2297 3839 2378 3893 sic
2435 3837 2504 3892 ad
2544 3838 2768 3893 verbum
2818 3840 3181 3892 convertenda
3217 3849 3301 3892 est
3331 3857 3345 3892 :
3375 3837 3630 3894 Involuu-

2048 3932 2188 3984 taria
2215 3931 2424 4001 quidem
2450 3939 2688 4001 peccata,
2723 3940 2770 3984 et
2806 3931 2891 3985 les
2914 3931 3263 3996 condonat,et
3297 3931 3437 3986 Deus
3477 3933 3635 3986 dissi-

2048 4024 2379 4088 mulat,cum
2413 4024 2478 4077 sit
2524 4023 2796 4092 benignus,
2849 4040 2952 4077 non
2989 4023 3241 4081 crudelis.
3287 4026 3358 4077 At
3401 4027 3523 4094 quis
3563 4024 3633 4078 ob

2051 4116 2168 4170 haec
2193 4114 2482 4187 Didymum
2520 4115 2826 4170 insimulet?
2848 4129 2972 4170 cum
3005 4117 3070 4169 de
3100 4117 3338 4187 peccatis
3361 4117 3630 4186 loquatur,

2047 4223 2169 4275 qua:
2205 4208 2315 4262 sint
2357 4207 2678 4274 simpliciter
2733 4205 3117 4274 iuvoluntaria,
3152 4223 3260 4263 non
3310 4209 3379 4264 de
3418 4207 3486 4264 iis
3514 4224 3635 4278 quae

2051 4299 2281 4368 theologi
2322 4299 2600 4369 appellant
2650 4300 2956 4354 voluntaria
2990 4303 3045 4354 in
3087 4316 3272 4357 causa.
3309 4299 3463 4367 Quod
3503 4317 3632 4355 vero

2049 4392 2242 4445 attinet
2271 4391 2338 4445 ad
2382 4391 2612 4444 alteram
2643 4395 2930 4447 sententiae
2960 4402 3193 4462 partem,
3223 4393 3346 4462 quis
3381 4408 3501 4448 eam
3534 4404 3631 4448 aut

2050 4481 2280 4549 probare
2324 4481 2486 4544 ausit,
2533 4491 2628 4536 aut
2678 4481 3010 4549 improbare,
3053 4495 3175 4536 cum
3221 4484 3294 4536 sit
3334 4485 3522 4536 mutila
3581 4494 3636 4538 et

345 4575 718 4632 ministrabat
762 4575 1046 4642 salvatori,
1087 4581 1211 4636 rans
1260 4593 1414 4648 erat;
1464 4582 1558 4636 sed
1603 4596 1727 4636 cum
1767 4582 1941 4637 racius
1975 4570 2019 4627 D
2050 4587 2211 4627 sensu
2259 4572 2488 4626 carens?
2523 4572 2884 4628 Combelisius
2932 4573 3176 4643 quidem,
3205 4574 3361 4643 cujus
3413 4574 3636 4628 transla-

347 4681 442 4724 εει
498 4668 742 4738 proditor
765 4669 884 4725 Filii
911 4671 1028 4735 Dei,
1067 4681 1120 4726 et
1145 4671 1410 4744 Magistri,
1441 4687 1629 4727 amans
1664 4682 1943 4742 argentum

350 4761 715 4828 perditionis.
745 4761 809 4816 Et
838 4764 962 4834 quia
989 4779 1094 4818 non
1133 4774 1254 4818 erat
1301 4773 1491 4818 natura
1519 4765 1709 4826 malus,
1745 4765 1948 4834 pariter

357 4868 502 4906 cuin
529 4852 657 4907 aliis
680 4853 955 4922 discipulis
975 4855 1227 4910 omnibus
1245 4855 1450 4909 audivit
1475 4871 1490 4906 :
1525 4854 1658 4908 Ecce
1681 4869 1774 4926 ego
1798 4855 1949 4907 mitto

360 4955 465 4990 eos
501 4953 754 5014 tanquam
787 4961 900 4998 ores
930 4946 984 4998 in
1013 4947 1182 4999 medio
1220 4944 1463 5014 luporum
1484 4945 1551 5000 ".
1589 4944 1648 5000 Si
1690 4945 1843 5014 lupos
1867 4944 1952 4998 di-

366 5031 448 5082 cit
483 5045 576 5086 eos
596 5035 685 5100 qui
722 5047 981 5105 peccant;
1009 5051 1140 5092 oves
1167 5051 1298 5092 vero
1327 5049 1444 5101 eos,
1471 5038 1562 5106 Qui
1603 5035 1787 5091 virtuti
1823 5050 1954 5106 ope-

375 5139 494 5176 ram
539 5127 971 5190 navant;.ludas
1009 5137 1186 5183 autem
1229 5139 1423 5182 natura
1469 5129 1644 5184 malus
1672 5139 1812 5193 erat,
1843 5145 1949 5183 non

376 5225 496 5267 erat
533 5217 648 5272 oris
685 5217 917 5283 Christi,
953 5219 1078 5287 quia
1108 5235 1213 5274 non
1247 5229 1331 5275 est
1357 5229 1515 5290 aptus
1544 5221 1612 5274 ad
1653 5221 1950 5275 vacandum

381 5308 551 5362 virtuti
583 5309 672 5381 qui
710 5319 909 5368 natura
947 5310 1122 5366 malus
1161 5321 1264 5367 est.
1293 5330 1312 5363 ι
1345 5311 1556 5366 Amabo
1594 5319 1666 5380 te,
1694 5309 1948 5381 Basnagi,

373 5399 497 5467 quid
520 5403 602 5459 bis
627 5405 682 5462 in
713 5403 910 5461 verbis
956 5403 1376 5471 reprehensione
1415 5403 1635 5473 dignum
1667 5405 1870 5473 putas?
1893 5405 1950 5458 Si

367 5491 482 5550 illud
515 5499 730 5556 crimini
773 5494 965 5553 vertis
997 5494 1245 5564 Didyme,
1287 5495 1432 5564 quod
1493 5495 1716 5558 dixerit,
1757 5495 1950 5551 Judam

344 5585 602 5674 [XXXVI]
630 5593 820 5650 fuisse
870 5589 1114 5649 bonum,
1146 5601 1268 5640 cum
1299 5596 1419 5640 erat
1449 5602 1592 5642 unus
1638 5602 1705 5642 ex
1732 5599 1949 5658 aposto-

324 5694 398 5765 lis,
429 5706 484 5752 et
509 5699 835 5761 antequam
879 5677 1179 5733 Dominum
1211 5681 1488 5748 proderet;
1529 5681 1579 5736 id
1615 5679 1818 5736 dixisse
1855 5679 1943 5734 Di-

361 5888 587 5950 κλωπ,
641 5890 802 5935 μη,
855 5863 958 5921 se.
1037 5860 1367 5927 ι’Μειιιιω,
1403 5865 1484 5918 l6.

2051 4663 2197 4716 tione
2244 4662 2412 4716 utitur
2452 4662 2770 4733 Basnagius,
2812 4664 2887 4717 ita
2937 4665 3262 4718 sententiam
3304 4666 3530 4734 periei-it
3577 4679 3637 4723 ut

2053 4754 2154 4822 ipsi
2185 4752 2406 4823 placuit.
2438 4752 2660 4808 Possem
2685 4769 2784 4824 ego
2808 4755 3000 4808 eodem
3023 4754 3146 4821 jure
3171 4755 3329 4810 aliter
3346 4771 3467 4810 eam
3487 4773 3636 4812 com-

2049 4846 2216 4914 plere,
2247 4859 2312 4897 ac
2341 4843 2542 4914 legere,
2567 4845 2798 4914 exempli
2831 4847 3004 4916 gratia
3030 4863 3044 4899 :
3075 4846 3184 4902 Καὶ
3230 4847 3341 4901 τῶν
3371 4849 3637 4903 ἑκουσίων

2047 4933 2290 5006 τιμωρός
2306 4935 2445 5001 ἐστι,
2470 4937 2521 4989 id
2543 4945 2646 5002 est,
2668 4946 2716 4989 et
2746 4937 3161 4992 voluntariorum
3186 4939 3376 4994 uindex
3402 4955 3500 4996 est.
3527 4941 3637 4994 Sed

2051 5027 2310 5097 quidquid
2364 5027 2434 5082 sit
2481 5027 2535 5082 id
2580 5028 2726 5097 quod
2780 5029 3019 5099 suppleri
3066 5041 3334 5098 oporteat,
3366 5031 3493 5086 illud
3539 5047 3638 5101 pro

2049 5130 2200 5174 certo
2229 5120 2429 5174 habere
2473 5135 2630 5190 posse
2675 5121 2808 5175 tnihi
2841 5125 3045 5187 videor,
3088 5138 3210 5178 cum
3267 5124 3383 5178 haec
3428 5123 3636 5193 Didymi

2051 5210 2322 5266 sententia
2377 5210 2614 5266 Maximo
2663 5227 2729 5267 ac
2779 5213 3134 5276 Damasceno,
3182 5229 3320 5283 quos
3371 5216 3636 5284 integram

2059 5303 2253 5373 legisse
2288 5303 2578 5358 verisimile
2624 5313 2728 5368 est,
2762 5307 2985 5375 probata
3019 5305 3207 5371 fuerit,
3255 5307 3398 5360 haud
3453 5308 3634 5376 magni

2057 5397 2262 5452 referre
2293 5397 2341 5451 si
2371 5410 2476 5450 non
2505 5397 2762 5466 probatur
2786 5397 3077 5469 Basuagio.
3108 5400 3214 5455 Sed
3247 5405 3316 5454 ab
3347 5401 3495 5455 hisce
3513 5400 3628 5468 jam

2057 5493 2209 5546 tricis
2274 5491 2505 5560 expediti
2557 5494 2625 5545 ad
2681 5493 2931 5562 graviora
2990 5505 3351 5558 transeamus,
3404 5495 3639 5565 reliquas

2055 5590 2305 5663 Basnagii
2345 5591 2399 5646 in
2443 5591 2726 5662 Didymutn
2775 5591 3148 5646 accusationes
3168 5593 3517 5644 memoraturi
3541 5605 3639 5645 suo

2056 5683 2194 5738 loco.
