4004 6406
485 383 590 438 £79

875 497 1003 552 CAP.
1043 497 1108 553 ll.
1135 497 1211 552 De
1241 498 1541 552 visibilitate
1569 499 1685 553 Dei.

561 590 727 643 Deum
771 603 800 642 a
842 590 1016 643 beatis
1047 591 1321 644 mentibus
1356 606 1475 644 cum
1506 592 1788 660 angelicis,
1827 600 1935 644 tum
1971 592 2066 644 bu-

499 681 698 744 manis,
734 696 829 749 per
860 681 1036 735 lumen
1081 681 1267 751 gloria:
1301 683 1545 736 intuitive
1571 683 1850 752 conspici;
1881 690 2068 738 earum

489 788 617 827 vero
656 773 960 837 animabus,
998 773 1087 842 qui
1132 775 1452 843 purgatione
1486 792 1589 829 non
1639 776 1933 844 indigeant,
1970 776 2069 829 hu—

483 865 723 932 jusmodi
755 865 1014 919 visionem
1060 876 1184 920 ante
1226 876 1526 920 extremum
1553 868 1739 936 judicii
1769 869 1909 923 diem
1941 883 2065 922 con-

490 956 608 1009 cedi
636 973 649 1008 :
687 959 794 1010 duo
827 968 950 1012 sunt
978 958 1256 1012 catholica:
1282 959 1534 1014 Ecclesia:
1559 960 1832 1030 dogmata,
1861 961 1924 1014 de
1949 961 2067 1030 qui-

491 1048 592 1102 bus
632 1050 758 1116 quid
793 1050 1075 1104 tradiderit
1109 1050 1390 1122 Didymus,
1416 1052 1705 1106 videndum
1738 1063 1842 1108 est.

564 1139 715 1204 Quod
744 1151 955 1209 spectat
997 1141 1062 1195 ad
1121 1144 1377 1210 primum,
1421 1159 1524 1197 non
1569 1158 1632 1197 ea
1693 1160 1834 1198 nunc
1879 1158 2066 1197 rursus

492 1245 809 1300 persequar,
841 1249 959 1301 quae
1005 1235 1222 1302 copiose
1281 1235 1414 1288 alias
1460 1235 1569 1288 dixi
1623 1235 1673 1287 in
1731 1235 1952 1301 epistola
1999 1233 2064 1286 ad

491 1321 700 1376 clariss.
735 1324 1013 1392 praesulem
1057 1323 1252 1378 Joann.
1299 1325 1616 1378 Arcbintum
1644 1342 1656 1375 :
1687 1325 2064 1392 sed-quascun-

490 1427 597 1484 que
628 1415 682 1467 in
721 1415 945 1484 Didymo
976 1415 1177 1479 notavi,
1213 1417 1278 1468 ad
1326 1429 1514 1468 novem
1575 1415 1750 1483 capita
1784 1430 2063 1478 revocans,

489 1507 679 1576 paucis
735 1523 846 1561 rem
884 1508 1135 1574 expedio.
1169 1508 1208 1562 I.
1244 1506 1408 1560 Deum
1436 1521 1464 1558 a
1491 1505 1633 1558 nulla
1691 1517 1870 1560 creata
1911 1507 2065 1561 intel-

491 1598 710 1668 ligentia
743 1601 1123 1667 comprehendi
1161 1615 1319 1668 posse
1369 1600 1550 1678 docet.
1579 1599 1631 1652 in
1693 1599 2065 1652 Enarrationi-

491 1690 585 1742 bus
620 1691 673 1742 in
718 1689 816 1758 Ep.
847 1693 872 1742 Ι
911 1690 1070 1744 Joan.
1106 1705 1224 1758 cap.
1255 1705 1293 1754 ι,
1332 1699 1385 1745 et
1427 1690 1562 1742 libro
1595 1705 1608 1741 I
1645 1687 1719 1741 De
1751 1687 1897 1742 Trin.
1939 1704 2060 1758 pag.

490 1781 583 1845 26,
622 1793 675 1836 et
707 1783 856 1836 alibi.
887 1782 944 1837 ll.
979 1782 1344 1836 Stultissimos
1390 1780 1754 1836 Eunomianos
1787 1779 1904 1834 l'use
1929 1795 2060 1834 con-

1927 378 2012 435 DE
2033 379 2288 436 DIDYMO

2102 501 2150 556 Α
2178 496 2263 549 nis
2302 514 2315 548 :
2346 495 2438 549 sed
2463 510 2526 548 ea
2556 496 2893 563 potissimum
2922 509 3041 564 qua'
3080 495 3198 550 lose
3243 512 3306 549 ac
3335 496 3756 566 locupletissimi:

3658 385 3756 442 £39

2181 589 2432 642 edisserit
2485 588 2550 640 ad
2599 599 2759 658 caput
2790 604 2843 641 iv
2877 588 3118 657 ejusdem
3182 587 3432 656 Epistulae
3475 605 3756 659 exponens

2187 680 2413 735 Joannis
2451 681 2610 734 verba
2645 699 2658 734 :
2701 680 2869 734 Deum
2922 697 3072 734 nemo
3119 681 3247 734 vidit
3292 697 3525 751 unquam
3542 683 3608 736 ³³.
3648 683 3758 754 Ego

2184 773 2329 826 enim
2361 771 2646 826 brevitatis
2678 788 2838 826 causa
2863 773 2978 826 haec
3003 787 3108 826 non
3132 771 3318 826 aﬂ‘ero.

2211 864 2398 930 -Quod
2440 878 2569 918 vero
2616 865 2681 917 ad
2731 863 2960 918 alterum
3006 865 3199 934 dogma
3248 867 3502 932 pertinet,
3548 869 3752 922 nullum

2179 955 2443 1009 hactenus
2478 955 2531 1008 in
2573 955 2800 1024 Didymo
2831 954 3005 1008 locum
3051 971 3135 1009 me
3168 958 3347 1026 legere
3389 957 3636 1019 memini,
3666 958 3754 1011 ubi

2184 1047 2471 1117 perspicue
2499 1047 2549 1101 id
2577 1045 2931 1101 conﬁrmetur
2955 1065 2969 1100 :
2999 1049 3098 1102 etsi
3127 1050 3269 1102 enim
3304 1061 3519 1105 creatas
3551 1052 3755 1106 intelli-

2174 1139 2387 1206 gentias
2415 1152 2538 1192 cum
2561 1136 2851 1206 angelicas,
2885 1147 2994 1192 tum
3029 1139 3295 1195 humanas
3344 1142 3484 1195 baud
3524 1145 3759 1200 obscure

2175 1228 2450 1293 admittat,
2493 1244 2612 1296 quas
2644 1229 2821 1282 beatae
2846 1227 2958 1295 jam
3005 1231 3146 1294 sint,
3195 1233 3494 1302 quibusque
3530 1236 3758 1303 proinde

2186 1321 2491 1375 beatiﬁcam
2522 1323 2782 1374 visionem
2817 1323 2884 1375 ab
2906 1338 2971 1376 eo
3004 1325 3163 1376 tribui
3193 1327 3450 1380 credibile
3479 1328 3581 1392 sit;
3613 1330 3755 1384 haud

2179 1416 2293 1467 scio
2352 1423 2529 1466 tamen
2576 1430 2642 1466 an
2702 1417 3012 1470 beatitatem
3068 1419 3371 1485 bujusmodi
3425 1436 3481 1474 re
3537 1421 3648 1490 ipsa
3698 1425 3752 1476 in

2179 1502 2425 1556 intuitiva
2458 1503 2548 1556 Dei
2571 1495 2799 1568 visidne,
2834 1521 2937 1574 qua
2964 1506 3075 1573 jam
3112 1510 3382 1572 fruantur,
3429 1511 3586 1564 sitam
3633 1527 3756 1566 esse

2174 1595 2406 1649 dilucide
2422 1594 2650 1674 aﬂirmet
2669 1597 2774 1650 ullo
2795 1599 2846 1650 in
2870 1597 3004 1652 loco.
3027 1599 3157 1653 Illud
3182 1609 3384 1654 tantum
3401 1603 3533 1665 scio,
3551 1604 3752 1658 mtllum

2173 1685 2446 1753 mihiejus
2485 1703 2650 1756 Opera
2693 1688 2892 1757 legenti
2940 1706 3108 1760 usque
3136 1693 3327 1767 adhuc
3385 1697 3752 1751 testimonium

2173 1779 2495 1840 oecurrisse,
2513 1781 2654 1848 quod
2667 1781 2935 1837 catholico
2953 1783 3076 1836 huic
3098 1783 3328 1854 dogmati
3344 1788 3569 1841 adversa
3579 1797 3751 1842 retur.

489 1873 628 1927 futat
658 1871 1012 1927 Enarratione
1058 1874 1113 1926 in
1159 1872 1257 1941 Ep.
1295 1889 1309 1926 ι
1349 1872 1509 1926 Joan.
1545 1888 1665 1942 cap.
1717 1887 1796 1933 ιιι,
1833 1873 1974 1939 quod
2012 1887 2072 1925 se
2103 1867 2146 1922 B
2247 1868 2512 1934 Quocirca
2557 1871 2693 1925 nihil
2750 1873 2896 1926 aliud
2951 1885 3151 1940 restat,
3199 1877 3301 1931 nisi
3351 1889 3409 1930 ut
3458 1881 3753 1948 praecipua,

492 1966 660 2020 Deum
722 1967 964 2034 perfecte
1007 1981 1333 2030 cognoscere
1372 1965 1724 2019 allirmarent.
1751 1963 1837 2018 III.
1869 1964 2071 2034 Corpo—

489 2058 596 2112 rcis
619 2057 788 2112 oculis
826 2059 993 2110 videri
1035 2057 1198 2111 Deum
1253 2073 1356 2110 non
1384 2072 1540 2126 posse
1578 2057 1738 2110 tradit
1769 2055 1965 2110 Enarr.
2001 2059 2070 2110 ad

487 2165 603 2216 cap.
636 2164 689 2202 IV
713 2151 814 2217 Ep.
847 2147 876 2200 1
909 2147 1156 2211 Joannis,
1184 2157 1238 2200 et
1275 2147 1366 2201 lib.
1404 2163 1462 2200 ιιι
1505 2146 1576 2200 De
1618 2148 1766 2201 Trin.
1822 2163 1941 2216 cap.
1980 2149 2068 2201 I6.

486 2239 576 2294 IV.
617 2241 780 2295 Deum
835 2243 901 2296 ab
945 2241 1148 2310 Moyse,
1203 2241 1530 2305 Abrabaino,
1576 2241 1710 2293 Isaia
1754 2241 1925 2294 visum
1966 2256 2068 2294 non

489 2349 610 2388 esse
641 2335 693 2387 in
727 2334 827 2388 hac
866 2334 992 2398 vita,
1034 2333 1214 2386 multis
1254 2333 1433 2387 verbis
1475 2336 1664 2402 probat
1712 2333 1778 2386 ad
1833 2343 2070 2398 caputtv

487 2424 787 2494 Epistolas]
837 2423 1079 2490 Joannis,
1131 2435 1448 2487 argumento
1529 2425 1652 2477 inde
1723 2424 2065 2492 potissimum

489 2520 679 2580 ducto,
739 2517 880 2586 quod
950 2515 1088 2570 Deus
1175 2517 1496 2569 sensibiliter
1587 2515 1754 2569 videri
1836 2524 2070 2584 nequeat

487 2609 731 2662 omnino.
766 2607 830 2664 V.
884 2605 1041 2661 Juxta
1068 2608 1349 2677 Didymum
1374 2606 1514 2659 aliud
1548 2616 1630 2659 est
1676 2606 1877 2670 videre,
1925 2606 2068 2660 aliud

491 2699 778 2768 inspicere,
821 2701 921 2754 etsi
961 2714 1342 2766 nonnunquam
1393 2698 1624 2752 alterum
1679 2707 1924 2752 sumatur
1968 2713 2068 2768 pro

487 2792 696 2858 altero;
737 2805 790 2846 et
824 2793 967 2846 aliud
992 2805 1076 2848 est
1103 2793 1458 2855 sensibiliter,
1503 2793 1649 2847 aliud
1683 2793 2066 2847 intellectuali-

488 2895 572 2940 ter
603 2884 891 2956 [XXXVII]
938 2887 1104 2939 Deum
1157 2886 1455 2954 percipere.
1509 2885 1598 2938 Sic
1637 2884 1780 2938 enim
1829 2885 2067 2953 loquitur

487 2979 554 3031 ad
590 2989 751 3047 caput
798 2994 813 3031 I
862 2977 964 3048 Ep.
1002 2977 1018 3032 1
1049 2976 1275 3032 Joannis
1305 2995 1320 3030 :
1354 2995 1372 3026 ι
1396 2975 1530 3043 Quia
1572 2991 1700 3030 vero
1753 2977 2065 3045 inspiciendi

485 3085 667 3125 sermo
695 3069 1112 3124 intellectualem
1147 3067 1414 3138 signiﬁcat
1441 3070 1862 3136 perceptionem,
1893 3070 2066 3121 mani-

495 3162 694 3217 restant
747 3163 908 3218 etiam
957 3163 1056 3217 hoc
1103 3159 1190 3214 illa
1232 3160 1432 3214 verba:
1463 3158 1614 3212 Beati
1651 3160 1845 3213 mundo
1880 3160 2061 3224 corde,

482 3255 728 3323 quoniam
747 3254 844 3319 ipsi
865 3253 1141 3320 inspicient
1175 3251 1340 3304 Deum
1362 3251 1430 3304 ³ο.
1461 3250 1584 3304 Ηίιξο
1609 3251 1789 3318 itaque
1810 3249 2062 3304 dill'eren-

487 3347 561 3400 tia
605 3347 814 3400 videndi
861 3355 916 3400 et
968 3345 1280 3413 inspiciendi
1351 3343 1432 3398 sic
1488 3352 1724 3410 maneat,
1791 3342 2063 3411 quomodo

483 3447 713 3506 utraque
764 3446 890 3492 sunt
931 3437 1110 3491 simul.
1169 3436 1300 3489 Nam
1363 3435 1656 3504 aliquando
1711 3434 2064 3504 intelligibilis

485 3531 748 3598 inspectio
802 3530 1018 3583 visionis
1071 3544 1203 3583 voce
1251 3528 1617 3598 signiﬁcatur;
1652 3537 1710 3580 ut
1754 3539 1836 3581 est
1881 3527 2008 3581 illud
2044 3542 2060 3578 :

489 3637 509 3671 ι
534 3620 638 3686 Qui
658 3621 791 3674 videt
825 3636 926 3686 me,
953 3619 1088 3672 videt
1124 3629 1171 3672 et
1216 3617 1540 3683 Patrem",s
1563 3633 1667 3672 non
1698 3615 1820 3686 quia
1845 3617 2060 3672 Patrem

484 3710 608 3778 quis
632 3708 802 3762 oculis
835 3708 1013 3762 carnis
1040 3709 1214 3772 vidit;
1251 3707 1499 3774 quisquis
1531 3707 1676 3760 enim
1723 3717 1808 3761 est
1833 3722 1900 3760 ex
1927 3706 2060 3772 Deo,

485 3803 629 3856 videt
665 3803 884 3854 Deum.»
911 3798 1000 3851 Vl.
1027 3800 1190 3852 Deum
1222 3812 1275 3850 et
1293 3797 1345 3851 iu
1366 3797 1663 3866 Scripturis
1687 3799 1867 3852 vocari
1892 3799 2060 3869 ἀόρα-

483 3910 600 3958 τον,
637 3894 688 3946 id
728 3904 811 3947 est
859 3893 1256 3955 inuisibilem",
1291 3906 1393 3945 nec
1439 3891 1507 3945 ab
1538 3893 1644 3946 ulla
1671 3903 1918 3946 creatura
1950 3895 2064 3948 sive

485 3986 753 4056 angelica,
789 3985 903 4038 sive
949 3985 1183 4037 humana
1218 3983 1383 4036 videri
1429 3996 1588 4051 posse
1622 3983 1823 4051 pluries
1849 3983 1930 4035 ait
1963 3999 1976 4035 :
2007 3991 2064 4035 ut

486 4075 578 4129 lib.
613 4091 628 4129 I
660 4075 735 4128 De
787 4073 934 4128 Trin.
970 4091 1089 4144 pag.
1135 4075 1226 4141 26,
1270 4075 1359 4128 lib.
1407 4091 1464 4139 ιι,
1503 4089 1624 4143 pag.
1677 4074 1799 4137 I91,
1829 4084 1883 4128 et
1911 4073 2059 4131 alibi.

484 4166 610 4222 Haec
661 4176 844 4221 autem
871 4165 1135 4221 catholico
1164 4181 1325 4224 sensu
1359 4166 1427 4219 ab
1449 4180 1512 4221 co
1546 4166 1673 4231 dici,
1725 4181 1848 4220 mox
1891 4181 2061 4236 appac

487 4259 643 4313 i-ebit.
699 4256 809 4310 VII.
860 4256 1276 4310 Manichaaorum
1343 4255 1564 4326 impiam
1612 4255 1920 4326 opinionem
1974 4271 2062 4311 re-

483 4349 617 4405 fellit
667 4350 732 4404 ad
787 4358 945 4420 caput
992 4363 1046 4402 ιν
1089 4348 1341 4417 Epistolas
1391 4347 1412 4401 l
1456 4347 1714 4412 Joannis,
1747 4349 1888 4415 quod
1929 4350 2062 4404 duos

482 4443 1018 4496 comminiscerentur
1081 4442 1246 4504 deos,
1307 4439 1534 4494 alterum
1591 4440 1800 4494 Veteris
1869 4438 2060 4494 Testa-

2173 1974 2290 2029 quze
2320 1961 2370 2012 in
2403 1959 2628 2029 Didymo
2667 1964 2849 2016 notavi
2894 1963 3011 2018 loca
3056 1967 3122 2020 de
3163 1965 3431 2034 justorum
3457 1979 3598 2022 statu
3633 1980 3753 2039 post

2175 2059 2426 2114 mortem,
2468 2051 2655 2106 lectori
2698 2053 3002 2109 exhibeam.
3033 2054 3071 2108 I.
3124 2057 3290 2127 Igitur
3332 2059 3753 2114 Millenariorum

2169 2142 2479 2208 Opinionem
2521 2156 2703 2213 aperte
2737 2147 2940 2214 respuit
2966 2149 3018 2200 in
3060 2147 3258 2202 Enarr.
3296 2152 3364 2202 ad
3390 2167 3505 2216 cap.
3540 2167 3553 2204 ι
3587 2151 3689 2220 Ep.
3720 2151 3752 2206 1

2171 2231 2345 2287 Petri.
2373 2233 2432 2287 Si
2454 2252 2574 2305 ergo
2607 2238 2661 2289 in
2693 2241 2857 2304 caelis,
2885 2239 3074 2308 inquit,
3103 2241 3345 2308 ﬁdelibus
3372 2243 3481 2296 liazc
3512 2255 3754 2298 servatur

2169 2330 2473 2394 Inereditas,
2505 2330 2696 2400 frivola
2733 2336 2974 2403 quantum
3010 2345 3058 2388 et
3089 2337 3262 2403 tepida
3285 2337 3556 2405 proferunt
3586 2339 3757 2408 aliqui

2168 2432 2411 2488 putantes
2465 2440 2580 2476 eam
2644 2441 2698 2477 se
2749 2429 3014 2492 percipere
3069 2427 3124 2479 in
3178 2436 3384 2480 terrena
3429 2428 3753 2481 Jerusalem.

2171 2513 2322 2568 Mille
2365 2518 2521 2569 annis
2557 2519 2865 2570 existimant
2893 2535 3003 2572 esse
3034 2519 3343 2573 deliciarum
3381 2524 3597 2586 pra’mia
3625 2539 3756 2590 pro-

2167 2608 2391 2673 prietate
2452 2620 2788 2676 recepturos,
2868 2623 2922 2664 et
2981 2611 3205 2682 reliqua.
3287 2612 3348 2667 II.
3403 2613 3596 2668 Omnes
3660 2617 3756 2684 qui

2168 2700 2454 2750 secundum
2487 2698 2751 2753 Christum
2772 2701 3051 2769 ﬁniuntur,
3087 2705 3140 2757 in
3164 2705 3389 2758 Abraha:
3411 2707 3586 2758 sinum
3622 2722 3753 2772 pro-

2167 2788 2333 2856 ﬁcisci
2375 2791 2450 2842 ait
2478 2793 2698 2857 ibidem,
2728 2803 2782 2846 et
2829 2793 2922 2848 lib.
2949 2809 3009 2848 ιιι
3059 2795 3138 2849 De
3172 2796 3425 2850 Trinitate
3457 2815 3574 2867 pag.
3619 2798 3751 2852 49.5.

2168 2879 2252 2933 Ill.
2294 2881 2481 2934 Siuum
2532 2885 2836 2954 bujusmodi
2877 2903 3071 2942 vocare
3121 2889 3333 2943 videtur
3381 2891 3548 2941 locum
3585 2893 3754 2944 tet/te-

2176 2987 2326 3025 renm
2363 2974 2415 3027 in
2451 2974 2752 3045 fragmento
2776 2980 2916 3044 quod
2945 2980 3207 3047 exscripsi
3238 2995 3302 3034 ex
3329 2983 3515 3051 pagina
3545 2981 3614 3035 92
3641 2999 3750 3037 ms.

2168 3065 2377 3118 codicis
2443 3066 2513 3119 ‘25
2591 3067 2766 3123 Graeci
2819 3070 3154 3126 bibliotheca:
3201 3071 3412 3128 Venetae
3468 3074 3523 3127 S.
3581 3074 3751 3130 Marci

2171 3156 2382 3209 titulum
2443 3157 2585 3212 hunc
2663 3176 2771 3227 prie
2837 3177 2893 3216 se
2950 3161 3218 3218 ferentis:
3265 3164 3514 3233 Ἐκλογαὶ
3572 3168 3754 3238 ἑρμη-

2165 3248 2326 3300 νειῶν
2371 3248 2451 3312 εἰς
2489 3251 2589 3313 τὰς
2623 3252 2931 3324 Παροιμίας
2977 3255 3320 3326 Σολομῶντος
3365 3257 3430 3310 ἐκ
3474 3258 3753 3327 διαφόρων

2167 3338 2452 3410 Πατέρων,
2503 3343 2554 3394 id
2589 3355 2693 3410 est,
2737 3343 2958 3399 Selectos
2987 3347 3439 3415 interpretationes
3483 3350 3538 3400 in
3575 3347 3754 3403 Para-

2167 3434 2311 3487 bolas
2365 3433 2666 3491 Salomonis
2743 3454 2807 3492 ea:
2869 3439 3084 3492 diversis
3158 3440 3405 3495 Patribus
3468 3451 3749 3510 excerptm.

2169 3523 2464 3594 Explicans
2495 3529 2638 3581 enim
2674 3528 2744 3583 ibi
2787 3529 3047 3600 Didymus
3089 3529 3392 3586 Salomonis
3435 3531 3633 3597 locum,
3662 3531 3753 3584 ὅτι

2166 3616 2348 3680 εὐθείς
2368 3619 2850 3690 κατασκηνώσουσι
2884 3623 3009 3694 γῆν,
3048 3623 3096 3676 id
3125 3633 3226 3687 est,
3253 3624 3373 3693 quia
3417 3625 3539 3677 recti
3581 3634 3754 3678 tento-

2166 3710 2246 3762 ria
2279 3709 2434 3778 ﬁgent
2480 3713 2533 3763 in
2576 3720 2736 3777 terra,
2773 3728 2892 3782 quas
2941 3723 3156 3768 exstant
3195 3730 3337 3770 vers.
3367 3717 3429 3768 2|
3475 3717 3668 3784 capitis
3704 3732 3751 3771 ιι

2166 3798 2621 3864 Proverbiorutn,
2673 3812 2726 3856 et
2788 3803 2948 3858 verba
3008 3805 3304 3872 respiciens
3355 3805 3554 3859 Christi
3604 3811 3749 3874 apud

2166 3889 2477 3945 Ilattbamm
2535 3893 2844 3961 inquientis,
2903 3895 3054 3949 Beati
3099 3899 3290 3959 mites,
3337 3899 3583 3966 quoniam
3647 3899 3751 3966 ipsi

2163 3982 2501 4049 possidebunt
2540 3992 2734 4035 terram
2784 3985 2850 4047 ³⁸,
2894 3985 2972 4038 sic
3021 3985 3254 4054 loquitur
3296 4002 3308 4038 :
3348 3987 3468 4039 Τῶν
3523 3988 3751 4058 πραέωι

2163 4071 2327 4134 τόπος
2355 4072 2596 4144 αἰθέριος
2627 4074 2702 4127 ὧν
2721 4091 2734 4104 ⁸
2767 4074 2843 4138 ὡς
2872 4075 3008 4146 πρὸς
3031 4076 3121 4129 τὸν
3150 4079 3542 4150 ὑπερκείμενον
3581 4081 3751 4151 οὐρα-

2164 4163 2286 4216 νὸν’
2341 4167 2412 4236 γῆ
2472 4165 2580 4217 τῶν
2618 4166 2907 4220 οἰκούντων
2955 4168 3120 4222 ἐστίν.
3165 4169 3254 4222 Ἐν
3300 4170 3433 4241 αὐτῇ
3463 4171 3640 4223 τοίνυν
3691 4173 3748 4224 οἱ

2165 4257 2360 4324 πραεῖς
2410 4256 2960 4326 κατασκηνὼσουσινο
3000 4259 3080 4322 εἰς
3124 4261 3284 4314 αὑτὸν
3329 4262 3748 4332 προσδεχόμενοι

2162 4348 2254 4401 τὸν
2285 4348 2510 4419 οὐρανὸν
2553 4350 2952 4420 ἐμφανισθῆναι
3006 4352 3082 4423 τῷ
3123 4352 3396 4424 προσώπῳ
3441 4355 3534 4407 τοῦ
3582 4353 3743 4409 Θεοῦ.

2163 4439 2346 4507 Μήπω
2375 4437 2484 4509 γὰρ
2516 4439 2625 4490 τῶν
2659 4439 3002 4507 ἐπαγγελιῶν
3036 4441 3291 4511 τυχόντες
3336 4443 3433 4496 οὐκ
3466 4442 3703 4495 οἰκοῦσιν
3725 4459 3744 4474 ·

484 4535 648 4589 menti
703 4535 992 4600 visibilem,
1043 4534 1268 4587 alterum
1337 4531 1470 4587 Novi
1545 4532 1876 4587 Testamenti
1923 4533 2058 4587 invi-

2167 4529 2300 4582 ἁλλὰ
2340 4529 2772 4600 κατασκηνοῦσιν
2795 4548 2810 4562 ο
2862 4531 2915 4585 id
2961 4541 3064 4596 est,
3104 4532 3315 4586 Milium
3347 4534 3490 4588 locus
3529 4551 3647 4587 cum
3674 4538 3746 4588 sit

483 4624 713 4678 sibilem.
749 4625 877 4678 Vill.
927 4624 1144 4694 Angelis
1197 4625 1390 4678 Filium
1443 4634 1567 4678 ante
1623 4622 2056 4679 Incarnationem

484 4715 651 4770 fuisse
695 4717 1039 4777 invisibilem,
1067 4733 1218 4786 teque
1259 4734 1323 4771 ac
1351 4719 1601 4782 Patrem;
1635 4728 1756 4787 post
1800 4718 2056 4772 Incarna-

486 4807 684 4860 tionem
722 4821 848 4859 vero
907 4807 974 4860 ab
1034 4808 1163 4873 ipsis
1211 4808 1383 4862 visum
1425 4823 1546 4862 esse
1585 4811 1762 4864 docet
1808 4810 1895 4863 lib.
1933 4826 1948 4864 ι
1982 4809 2059 4864 De

485 4892 633 4947 Trin.
664 4909 783 4962 pag.
826 4894 914 4956 84,
950 4909 1014 4947 ex
1048 4893 1192 4947 Pauli
1217 4895 1442 4962 apostoli
1473 4896 1801 4950 testimonio.
1831 4895 1961 4962 Quae
1984 4897 2056 4948 ita

485 4985 800 5052 accipienda
834 4985 1104 5048 existimo,
1136 4995 1194 5039 ut
1223 4987 1422 5040 vidisse
1471 4987 1721 5041 dicantur
1760 5004 1788 5040 a
1827 4987 2053 5057 Didymo

483 5078 655 5148 angeli
691 5077 886 5137 Filium
937 5079 1273 5131 incarnatum
1316 5089 1410 5132 aut
1438 5081 1712 5148 corporeis
1733 5080 1924 5144 oculis,
1961 5089 2054 5133 aut

483 5185 549 5224 eo
580 5171 739 5224 modo
763 5186 922 5238 quem
960 5171 1010 5223 in
1035 5171 1197 5222 citata
1231 5171 1295 5223 ad
1342 5169 1651 5226 Archintum
1700 5171 1923 5240 epistola
1955 5187 2052 5224 ex-

481 5261 698 5330 plicavi.
724 5261 815 5314 IX.
841 5260 1176 5316 Catholicam
1203 5261 1390 5328 dogma
1423 5269 1527 5311 tam
1563 5259 1707 5313 clare
1733 5261 1890 5313 tradit
1920 5260 2053 5312 mul-

484 5354 552 5407 tis
592 5352 644 5405 in
689 5352 842 5415 locis,
868 5353 1031 5405 Deum
1062 5367 1091 5403 a
1121 5351 1290 5405 beatis
1322 5352 1587 5404 mentibus
1636 5352 1798 5404 videri
1833 5353 2053 5414 docens,

483 5454 544 5497 ut
574 5443 752 5496 nullus
797 5443 926 5495 mihi
967 5455 1252 5508 superesse
1301 5441 1544 5492 videatur
1576 5437 1849 5492 dubitandi
1886 5439 2051 5492 locus.

481 5533 648 5603 Lege,
707 5547 910 5602 qiimso,
954 5547 1074 5601 qua:
1122 5533 1173 5583 in
1226 5532 1365 5584 hanc
1401 5548 1510 5601 rem
1557 5533 1716 5585 habet
1772 5531 1863 5584 lib.
1909 5547 1944 5582 ιι
1983 5531 2054 5585 De

483 5620 632 5677 Trin.
661 5639 781 5693 pag.
813 5622 908 5676 171
950 5633 1004 5677 et
1048 5620 1244 5685 2l6,et
1271 5625 1336 5674 ad
1371 5632 1530 5690 caput
1579 5637 1635 5673 ιιι
1665 5643 1668 5646 η
1697 5621 1792 5690 Ep.
1842 5620 1860 5672 I
1893 5620 2053 5674 Joan-

556 5833 601 5864 ὀ
624 5831 812 5889 Matth.
841 5848 892 5901 v,
917 5834 970 5890 8.
1048 5835 1090 5865 “
1126 5831 1281 5889 Joau.
1317 5848 1427 5903 xw,
1461 5834 1512 5890 9.
1591 5835 1634 5866 ”
1668 5832 1686 5887 Ι
1723 5831 1855 5888 Tim.
1893 5849 1928 5896 I,
1962 5834 2044 5888 17.

2124 5838 2167 5868 ²³
2197 5833 2348 5888 Jaan.
2382 5852 2417 5900 ι,
2459 5835 2538 5889 18.

2167 4624 2444 4684 ανιΙιενθιιδ,
2481 4633 2711 4687 respectu
2751 4625 3033 4689 superioris
3067 4624 3213 4688 caeli,
3256 4635 3394 4678 terra
3422 4637 3495 4679 est
3530 4627 3750 4682 illorum

2164 4712 2256 4779 qui
2284 4712 2356 4763 ibi
2388 4714 2646 4765 habitant.
2703 4711 2769 4766 In
2801 4715 2913 4780 ipsa
2945 4732 3065 4784 ergo
3101 4719 3253 4769 mites
3300 4722 3519 4770 tentoria
3559 4720 3746 4787 ﬁgent,

2163 4815 2518 4870 exspectantes
2541 4808 2666 4856 dum
2696 4805 2751 4856 in
2777 4806 2901 4857 caelo
2941 4805 3053 4873 ipso
3093 4818 3376 4875 appareant
3401 4823 3521 4860 ante
3553 4808 3748 4875 faciem

2129 4894 2262 4946 .Dei
2288 4910 2306 4946 :
2332 4911 2450 4947 cum
2491 4896 2629 4948 enim
2677 4897 2895 4948 necdum
2938 4900 3113 4966 adepti
3149 4901 3251 4952 sint
3298 4902 3744 4967 repromissiones,

2163 4987 2304 5038 inea
2334 5003 2434 5039 non
2469 4989 2728 5052 habitant,
2755 4989 2846 5040 sed
2878 4993 3101 5043 tentoria
3138 4992 3347 5044 habent.
3393 4991 3480 5045 IV.
3527 4988 3746 5044 Electos

2160 5077 2382 5132 salutem
2423 5081 2685 5147 primum,
2733 5081 2918 5135 deinde
2965 5099 3212 5135 coronam
3259 5081 3440 5151 gloriae
3495 5083 3748 5148 consequi

2163 5173 2320 5225 (locet
2355 5173 2405 5224 in
2437 5172 2572 5226 libro
2619 5173 2693 5226 De
2725 5173 2928 5241 Spiritu
2975 5185 3156 5228 sancto
3191 5189 3338 5228 num.
3393 5173 3447 5226 8.
3516 5171 3578 5224 V.
3609 5171 3742 5238 Eos,

2164 5263 2255 5332 qui
2291 5263 2402 5332 jam
2433 5280 2573 5318 nunc
2611 5267 2754 5318 beati
2789 5266 2917 5328 sint,
2951 5266 3185 5318 admittit
3219 5265 3269 5317 in
3301 5263 3745 5318 Enarrationilms

2162 5355 2230 5406 ad
2261 5366 2413 5420 caput
2470 5371 2506 5419 I,
2567 5373 2698 5410 vers.
2743 5357 2832 5420 12,
2868 5357 3038 5422 Epist.
3096 5355 3122 5408 ι
3161 5355 3327 5420 Petri,
3379 5357 3502 5409 dum
3557 5356 3624 5408 ad
3677 5371 3744 5409 ea

2163 5447 2348 5511 verba,
2383 5446 2448 5499 In
2484 5465 2599 5516 qua:
2641 5451 3012 5517 concupiscunt
3048 5449 3217 5517 angeli
3249 5447 3535 5516 prospicere
3559 5485 3573 5508 ,
3625 5445 3746 5499 haec

2161 5535 2348 5590 scribit
2378 5554 2390 5590 :
2421 5535 2544 5590 Non
2601 5539 2665 5590 ab
2719 5555 2775 5591 re
2824 5550 2896 5590 est
2954 5538 3112 5589 etiam
3167 5534 3389 5603 intelligi
3434 5535 3497 5586 de
3540 5533 3741 5585 sanctis

2162 5628 2394 5692 angelis,
2460 5637 2509 5680 et
2574 5629 2877 5696 simpliciter
2929 5629 3126 5680 cunctis
3180 5620 3514 5698 [XXXVIII]
3571 5626 3742 5679 beatis

2617 5836 2661 5866 "‘
2695 5833 2882 5889 Matth.
2927 5851 2975 5899 ν,
3015 5833 3067 5887 4.
