4004 6408
507 425 607 478 133

1917 422 2010 476 DE
2050 422 2307 478 DIDYMO

3674 420 3768 477 184

503 543 569 595 ab
618 540 937 595 hominibus
987 538 1281 606 injicratur,
1329 548 1382 592 ut
1433 555 1532 595 nos
1583 542 1649 594 ah
1682 540 1866 595 ollicio.
1910 540 2093 595 deter-
2120 544 2168 602 Α
2198 539 2345 612 [XL]
2389 539 2655 593 duntaxat.
2696 535 2958 607 Didymus
3003 533 3272 603 improbet
3301 533 3634 602 passibilem,
3663 534 3770 590 sive

503 640 681 687 ruant.
727 629 807 685 Ita
860 634 920 686 in
964 633 1156 685 eadem
1193 629 1577 694 Enarratione,
1619 633 1708 686 cui
1764 631 1949 686 notula
2002 630 2091 685 illa

501 721 750 790 apposita
800 733 924 786 est,
976 737 1098 791 cap.
1125 720 1180 786 ’5,
1216 736 1339 790 pag.
1382 721 1483 788 64,
1534 725 1623 777 ubi
1673 722 1822 778 Petri
1872 722 2090 778 verba:

503 813 668 882 Cujus
699 815 826 868 estis
857 813 1006 882 ﬁlice,
1039 815 1160 868 bene
1192 813 1465 883 facientes,
1501 831 1594 868 nec
1642 815 1877 869 timentes
1920 813 2091 868 ullam

503 907 943 980 perturbationem
978 906 1047 973 ’⁸,
1095 908 1351 972 explanat
1397 906 1451 960 in
1496 907 1641 961 hunc
1690 908 1954 961 modum:
1993 904 2093 959 In-

504 998 633 1049 vitat
670 997 937 1061 mulieres,
973 1014 1066 1066 per
1101 997 1238 1051 bona
1286 1014 1442 1067 opera
1491 1008 1712 1052 matrem
1747 997 1937 1051 habere
1984 997 2094 1053 Sa-

507 1103 640 1153 ram,
668 1097 717 1142 et
745 1105 901 1157 super
928 1090 1104 1143 omnia
1138 1089 1443 1153 consistere,
1476 1105 1569 1143 nec
1617 1088 1809 1142 habere
1849 1089 2092 1141 timorem

505 1180 694 1245 illum,
734 1194 887 1248 quem
931 1179 1316 1233 rationabiliter
1365 1179 1600 1249 perfecta
1649 1178 1884 1231 charitas
1933 1178 2096 1231 mittit

503 1273 682 1341 foras;
709 1273 956 1342 quoniam
979 1286 1142 1340 pinna:
1176 1275 1343 1340 magis
1362 1280 1458 1336 est,
1482 1288 1585 1325 non
1615 1269 1728 1324 Dei.
1772 1268 1926 1322 Hanc
1957 1271 2093 1322 enim

504 1380 598 1433 per
643 1365 820 1418 omnia
850 1363 1057 1416 divinus
1104 1363 1366 1417 interdicit
1406 1379 1594 1426 sermo,
1640 1361 1839 1415 alicubi
1883 1362 2095 1431 quidem

504 1457 682 1510 dicens
705 1470 725 1509 :
754 1471 771 1503 ι
797 1452 926 1519 Quis
948 1463 1045 1516 est,
1073 1462 1129 1506 ut
1159 1454 1344 1507 timeas
1366 1454 1629 1507 hominem
1668 1451 1942 1505 mortalem
1959 1451 2041 1504 ὀἳ
2065 1470 2083 1502 ι

504 1548 698 1603 alicubi
732 1558 905 1601 autem
930 1562 948 1601 :
971 1564 990 1597 ι
1020 1543 1203 1599 Nolite
1240 1545 1419 1599 timere
1447 1561 1533 1599 eos
1561 1545 1651 1609 qui
1693 1544 1938 1599 occidunt
1971 1559 2091 1597 cor-

504 1656 603 1706 pus
629 1640 713 1707 ³⁶;
741 1658 760 1691 ι
791 1651 839 1691 et
872 1637 980 1691 alia
1016 1639 1095 1692 his
1138 1637 1329 1691 uicina.
1364 1635 1430 1689 Et
1484 1635 1629 1706 apud
1668 1631 1935 1690 Joannem
1989 1632 2095 1687 Da-

508 1746 818 1787 tnascenum
848 1730 900 1783 in
939 1728 1222 1782 Parallelis
1252 1743 1376 1799 pag.
1402 1725 1529 1793 507,
1571 1727 1645 1780 ita
1681 1726 1922 1796 loquitur
1949 1725 2091 1779 idem

505 1819 805 1892 Didymus:
838 1819 986 1875 Fieri
1014 1836 1117 1875 non
1146 1829 1336 1889 potest,
1368 1828 1424 1873 ut
1450 1818 1541 1889 qui
1571 1834 1686 1872 uere
1727 1820 1869 1871 timet
1902 1816 2091 1881 Deum,

2197 630 2443 704 ἐμπαθῆ,
2489 646 2554 687 ac
2606 631 2673 685 de
2726 627 2818 683 illo
2853 627 3046 681 timore
3082 627 3459 680 tantummodo
3506 625 3769 695 loquatur,

2194 739 2303 794 quo
2359 722 2500 778 servi
2552 721 2804 777 dominos
2848 718 3002 789 juxta
3050 718 3362 788 Apostolum
3430 718 3627 773 timere
3680 718 3772 773 de-

2198 817 2363 881 bent,
2408 823 2501 869 aut
2545 829 2655 868 non
2706 814 2897 866 timere
2930 825 3179 881 {revera
3227 811 3371 865 enim
3422 822 3534 864 non
3573 819 3774 879 propter

2195 908 2429 970 uerbera,
2472 904 2566 960 sed
2604 913 2815 974 propter
2858 899 3130 956 Christum
3182 899 3345 957 heros
3385 897 3537 958 servi
3592 897 3772 953 timere

2194 996 2412 1052 debent.

2267 1088 2399 1142 Car.
2418 1084 2672 1142 lV.—De
2702 1085 2928 1141 hominis
2957 1083 3150 1155 spiritu
3181 1082 3247 1137 ab
3275 1082 3457 1137 anima
3481 1080 3708 1135 diuerso.

2270 1178 2551 1250 Didymum
2583 1177 2857 1245 redarguit
2888 1175 3202 1233 Gennadius
3236 1176 3289 1229 in
3334 1174 3477 1228 libro
3506 1171 3584 1227 De
3621 1170 3776 1227 eccle-

2196 1271 2426 1324 siasticis
2468 1269 2819 1339 dogmatibus,
2851 1268 2995 1338 quod
3023 1269 3232 1321 tertium
3257 1268 3314 1321 in
3347 1264 3651 1320 substantia
3683 1262 3774 1316 lto-

2197 1362 2352 1416 minis
2388 1363 2630 1432 spiritum
2670 1361 2987 1416 admiserit:
3020 1360 3113 1414 sed
3150 1359 3388 1429 spiritus,
3424 1355 3628 1426 inquit,
3668 1355 3775 1422 ipsa

2195 1462 2268 1506 est
2303 1452 2505 1517 anima,
2530 1468 2625 1521 pro
2654 1450 2882 1520 spiritali
2911 1462 3123 1516 natura,
3152 1449 3230 1505 uel
3257 1466 3352 1518 pro
3370 1465 3433 1505 eo
3455 1448 3601 1520 quod
3626 1446 3774 1516 spirct

2194 1544 2251 1598 in
2283 1559 2517 1614 corpore,
2541 1544 2761 1612 spiritus
2784 1543 3099 1614 appellatus.
3132 1541 3332 1612 Reipsa
3361 1556 3495 1596 vero
3524 1541 3627 1595 etsi
3660 1553 3773 1594 cum

2195 1636 2250 1690 itt
2272 1635 2407 1689 libro
2417 1635 2548 1689 Adv.
2565 1633 2905 1700 Manichteos,
2923 1643 3034 1688 tum
3054 1634 3107 1688 in
3123 1632 3262 1688 libro
3275 1631 3350 1686 De
3360 1632 3570 1702 Spiritu
3584 1640 3775 1692 sancto.

2197 1741 2344 1781 utrm.
2373 1726 2445 1782 54
2473 1727 2720 1781 docuerit
2754 1726 3034 1798 Didymus,
3078 1724 3344 1780 vocabulo
3389 1721 3622 1794 spiritus
3670 1721 3779 1775 ani-

2197 1835 2339 1873 mam
2386 1819 2655 1875 interdum
2691 1818 3016 1890 signiﬁcari;
3049 1819 3178 1888 quin
3213 1826 3391 1870 tamen
3450 1815 3559 1869 tria
3594 1815 3702 1885 ipse
3728 1812 3777 1867 iu

511 1915 846 1970 meticulosus
887 1915 976 1979 sit,
1003 1930 1121 1968 cum
1156 1914 1353 1967 dictum
1389 1913 1596 1982 fuerit:
1635 1931 1654 1964 ι
1688 1910 1891 1966 Praeter
1920 1912 2088 1975 ipsum
2124 1881 2165 1935 Β
2195 1911 2412 1967 homine
2448 1881 2791 1977 distinxerit,
2837 1881 3082 1981 corpus,-
3116 1909 3353 1964 animam
3400 1918 3459 1963 et
3498 1881 3775 1977 Spiritum,

508 2024 571 2062 ne
595 2009 780 2062 timeas
802 2008 989 2071 alium.
1014 2025 1034 2060 s

577 2099 708 2168 Quae
742 2116 864 2155 cum
902 2100 974 2154 ita
1024 2099 1157 2163 sint,
1190 2105 1414 2169 apparet
1454 2096 1592 2168 jam,
1623 2105 1683 2151 ut
1730 2109 1876 2163 reor,
1907 2094 2093 2149 rectis—

508 2192 643 2247 sime
672 2191 958 2263 Didymum
987 2191 1056 2246 de
1089 2192 1284 2246 timore
1330 2189 1514 2245 servili
1555 2188 1795 2244 locutum
1842 2201 1990 2242 esse.
2023 2187 2094 2238 At

510 2299 617 2339 non
652 2285 726 2338 ita
764 2284 1026 2354 loquitur,
1060 2283 1293 2352 inquies,
1330 2283 1384 2336 in
1420 2281 1562 2345 loco,
1591 2295 1751 2350 quem
1786 2278 2092 2334 notularum

511 2385 703 2431 auctor
734 2374 1106 2445 reprehendit.
1135 2374 1443 2444 Antequam
1482 2374 1872 2442 respondeam,
1911 2386 1976 2424 au
2018 2369 2095 2423 lo-

512 2483 636 2522 cum
684 2467 865 2537 ipsum
922 2467 1184 2530 all'cram,
1232 2466 1342 2522 duo
1390 2465 1828 2520 animadvertere
1878 2476 2098 2519 necesse

512 2571 596 2616 est
624 2577 641 2615 :
671 2561 848 2628 primo
899 2560 1284 2615 Enarrationes
1332 2558 1454 2615 illas
1500 2573 1620 2614 esse
1663 2572 1770 2612 non
1821 2556 1980 2611 modo
2014 2555 2098 2608 in-

516 2653 800 2723 eleganter
846 2667 1138 2708 conversas
1186 2666 1219 2707 e
1259 2650 1489 2717 Graeco,
1532 2664 1720 2705 verum
1773 2647 1939 2701 etiam
1986 2646 2102 2701 sive

519 2745 723 2801 vetusti
779 2746 1160 2813 amanuensis,
1203 2746 1317 2800 sive
1367 2740 1826 2816 typographorum
1869 2737 2100 2803 incuria,

518 2833 633 2888 sive
666 2834 771 2888 alia
807 2835 872 2888 de
902 2847 1092 2902 causa,
1127 2833 1338 2888 mendis
1370 2833 1644 2888 refertas:
1683 2830 1823 2884 hanc
1856 2828 2041 2897 itaque
2071 2840 2104 2881 a

520 2924 722 2982 lectore
768 2930 980 2984 veniam
1044 2939 1200 3001 peto,
1253 2940 1316 2986 ut
1368 2944 1492 2984 eum
1550 2927 1726 2982 locmn
1784 2941 1815 2981 a
1867 2940 1954 2981 me
1998 2939 2106 2980 non

519 3022 897 3078 omentationis
930 3038 1115 3089 causa,
1155 3025 1252 3079 sed
1299 3023 1441 3092 quod
1485 3022 1559 3076 ita
1593 3019 1893 3076 necessitas
1936 3017 2107 3081 ferat,

520 3113 865 3169 emendatum
906 3115 1088 3171 all'erri
1146 3117 1403 3186 patiatur.
1453 3114 1655 3169 Deinde
1700 3126 1843 3182 saepe
1895 3110 2111 3167 contin-

2192 2000 2431 2055 dubitari
2466 2000 2671 2070 nequit.
2713 1998 2782 2055 Ut
2823 2000 2968 2055 enim
3005 1999 3126 2054 libri
3179 2015 3240 2053 ιιι
3274 1997 3351 2052 De
3390 1995 3673 2060 Triititate,
3700 2009 3781 2048 ca-

2193 2100 2289 2165 put
2326 2092 2390 2148 51
2451 2091 2898 2164 praetermittam,
2946 2092 3036 2146 ubi
3093 2090 3421 2145 sententiam
3482 2087 3778 2158 huiusmodi

2195 2184 2397 2242 indicat
2424 2184 2624 2254 potius,
2641 2198 2801 2254 quam
2830 2182 3205 2252 amplectitur;
3235 2180 3587 2251 apertissime
3614 2191 3709 2248 pro
3724 2191 3782 2232 ea

2195 2287 2392 2349 pugnat
2424 2277 2478 2331 in
2504 2274 2644 2332 libro
2672 2274 2750 2329 De
2777 2274 2981 2343 Spiritu
3002 2287 3206 2339 sancto,
3233 2289 3382 2328 num.
3403 2272 3501 2337 54,
3526 2270 3597 2327 55
3622 2280 3674 2324 et
3700 2269 3781 2333 59,

2195 2372 2551 2440 eamdemque
2596 2368 2882 2423 manifesto
2930 2367 3170 2421 admittit
3204 2367 3344 2436 apud
3376 2363 3699 2419 Corderium
3729 2361 3781 2415 in

2197 2466 2396 2520 Catena
2424 2462 2490 2515 ad
2527 2475 2665 2516 vers.
2723 2458 2790 2513 ﬂ
2822 2457 3012 2529 psalmi
3043 2473 3094 2524 ι,
3124 2471 3252 2527 pag.
3278 2453 3418 2509 1002
3447 2472 3464 2508 :
3495 2452 3694 2507 etenim
3732 2450 3782 2504 in

2201 2556 2394 2612 Psaltis
2435 2553 2637 2618 verbis,
2669 2550 2873 2619 Spiritu
2902 2548 3182 2619 principali
3213 2545 3475 2615 conﬁrma
3510 2560 3612 2610 me,
3643 2541 3784 2597 intel-

2203 2647 2294 2717 ligi
2322 2660 2477 2716 posse
2501 2645 2571 2697 ait
2614 2642 2832 2697 nomine
2858 2639 3078 2709 spiritus
3103 2646 3196 2691 aut
3224 2636 3491 2704 Spiritum
3527 2642 3784 2695 sanctum,

2206 2749 2295 2793 aut
2321 2738 2384 2791 τὸ
2408 2734 2502 2790 τοῦ
2536 2732 2826 2805 ἀνθρώπου
2853 2729 3112 2802 (πνεῦμα)
3151 2729 3213 2782 τὸ
3240 2730 3299 2781 ὲν
3333 2724 3492 2796 αὐτῷ
3529 2723 3711 2794 ἕτερον
3732 2719 3785 2773 ὃν

2205 2827 2307 2899 τῆς
2335 2824 2430 2880 τοῦ
2457 2823 2751 2895 ἀνθρώπου
2802 2821 3014 2891 ψυχῆς,
3048 2819 3101 2873 id
3137 2827 3221 2872 est
3252 2816 3486 2870 hominis
3533 2814 3787 2884 spiritum,

2207 2920 2299 2994 qui
2325 2923 2378 2973 in
2408 2921 2520 2987 ipso
2553 2927 2650 2981 est,
2678 2915 2742 2969 ab
2777 2914 3002 2968 hominis
3032 2911 3215 2965 anima
3243 2908 3582 2963 distinctum.

2282 3013 2351 3067 At
2405 3010 2672 3065 sententia
2735 3003 3043 3074 huiusmodi
3110 3016 3218 3056 non
3275 2998 3567 3055 Gennadio
3625 2994 3786 3051 solum

2213 3103 2518 3173 displicuit,
2565 3102 2659 3156 sed
2701 3108 2758 3153 et
2809 3107 3004 3152 sancto
3053 3093 3258 3149 doctori
3301 3091 3561 3156 Thomas,
3608 3087 3696 3159 qui
3742 3087 3786 3139 in

521 3222 651 3280 gere
681 3210 977 3264 notandum
1005 3218 1107 3272 est,
1142 3221 1204 3264 ut
1233 3210 1286 3264 in
1319 3207 1547 3263 vetustis
1577 3204 1910 3261 membranis
1948 3217 2109 3258 voces

2217 3195 2613 3265 Explanatione
2645 3188 2899 3256 Epistula:
2941 3185 2968 3240 1
3006 3183 3163 3239 Pauli
3198 3183 3267 3237 ad
3299 3180 3544 3237 Thessal.
3572 3180 3638 3234 ad
3688 3178 3789 3232 hac

522 3297 664 3355 Deus
717 3314 781 3355 ac
808 3298 1069 3355 Dominus
1104 3301 1245 3354 inter
1289 3313 1349 3354 se
1385 3296 1812 3360 conlundantur,
1844 3293 2108 3364 quemad—

522 3389 742 3444 modum
773 3399 973 3445 norunt
1005 3391 1092 3460 qui
1127 3390 1180 3444 in
1216 3389 1284 3443 iis
1317 3388 1518 3444 versati
1554 3394 1716 3453 sunt;
1755 3387 1863 3440 imo
1913 3384 2111 3454 saepius

522 3479 725 3536 factum
754 3495 895 3549 esse,
930 3491 992 3537 ut
1024 3483 1114 3537 ubi
1149 3484 1482 3537 membrana:
1525 3479 1800 3533 habebant
1831 3476 2108 3539 Dominus,

527 3573 853 3642 typographi
885 3572 1264 3644 impresserint
1296 3571 1463 3638 Deus,
1501 3582 1556 3626 et
1596 3571 1873 3625 viceversa
1908 3584 1922 3621 :
1968 3566 2113 3637 quod

527 3668 971 3737 compendiarias
999 3668 1453 3739 utriusquevocis
1476 3667 1777 3736 scripturas
1808 3664 1975 3733 probe
2005 3680 2032 3716 a
2057 3677 2116 3718 se

529 3759 764 3815 invicem
795 3776 900 3816 non
941 3772 1309 3818 secernerent.
1353 3760 1450 3816 His
1494 3758 1764 3814 adnotatis
1794 3756 2002 3826 Didymi
2036 3754 2116 3809 lo-

534 3864 654 3903 cum
686 3851 956 3907 exscribo.
989 3850 1288 3922 Propositis
1313 3851 1497 3919 itaque
1527 3848 1673 3904 Petri
1707 3846 1929 3903 verbis:
1965 3844 2117 3900 Serui

535 3939 740 3994 obedite
769 3957 887 3994 cum
919 3943 1063 3996 omni
1096 3944 1284 3995 timore
1325 3938 1554 3993 dominis
1584 3938 1765 3992 vestris
1787 3936 1856 4001 ³³,
1886 3948 2018 3995 etc..
2044 3933 2117 3988 ita

537 4029 772 4099 loquitur
802 4032 1084 4102 theologus
1117 4041 1339 4086 uoster:
1368 4029 1492 4084 Non
1526 4028 1827 4099 passibilem
1880 4025 2120 4078 timorem

536 4136 709 4176 servos
748 4121 940 4176 habere
977 4122 1213 4193 pra’cipit
1253 4122 1392 4191 apud
1438 4120 1716 4183 dominos;
1752 4117 1836 4171 hic
1867 4122 2004 4170 enim
2040 4115 2117 4167 ir-

536 4213 890 4275 rationabilis,
920 4224 970 4267 et
1000 4213 1070 4267 ad
1100 4213 1494 4268 irrationabilia
1527 4211 1845 4265 constitutus
1873 4216 1987 4272 est;
2028 4205 2122 4259 sed

538 4319 655 4358 eum
698 4305 788 4375 qui
832 4322 951 4359 cum
995 4305 1299 4375 disciplina,
1328 4314 1377 4360 et
1414 4314 1552 4358 recta
1599 4301 1805 4354 ratione
1848 4296 2122 4360 consistit;

538 4394 690 4465 cujus
736 4396 1007 4465 proprium
1056 4405 1133 4450 est
1185 4393 1494 4450 reuerentia.
1547 4390 1652 4457 Qui
1706 4390 1848 4444 enim
1914 4396 2125 4457 propter

539 4487 808 4541 Christum
846 4499 892 4542 et
926 4489 1221 4542 doctrinam
1250 4487 1365 4558 ejus
1406 4485 1575 4541 Deum
1628 4483 1748 4554 (pro
1783 4480 1948 4535 Deum
1995 4488 2124 4547 puto

2211 3291 2375 3347 verba
2394 3287 2438 3319 ³³
2467 3304 2483 3341 :
2509 3282 2574 3338 Ut
2606 3285 2803 3352 integer
2830 3279 3047 3347 spiritus
3077 3283 3266 3337 vester,
3296 3284 3345 3328 et
3373 3273 3580 3339 anima,
3606 3281 3653 3325 et
3686 3283 3790 3321 cor-

2210 3401 2343 3456 pus.
2371 3419 2387 3436 .
2413 3420 2429 3435 .
2459 3417 2472 3434 .
2510 3388 2762 3438 servetur,
2791 3372 2870 3427 sic
2900 3370 3137 3439 loquitur
3165 3384 3182 3424 :
3217 3365 3511 3421 Occasione
3536 3363 3788 3418 uerborum

2213 3451 2439 3531 istorum
2465 3471 2714 3525 dixerunt
2756 3463 2997 3536 quidam,
3025 3462 3165 3532 quod
3201 3459 3259 3513 in
3291 3458 3508 3511 homine
3555 3451 3698 3509 aliud
3723 3462 3789 3504 est

2215 3567 2455 3637 spiritus,
2490 3573 2539 3617 et
2592 3558 2739 3614 aliud
2778 3557 2995 3619 anima;
3030 3562 3275 3621 ponentes
3315 3551 3450 3604 duas
3499 3549 3559 3602 in
3599 3542 3792 3600 homins

2217 3662 2423 3714 animas
2446 3669 2466 3709 :
2496 3668 2655 3709 unam
2688 3666 2806 3721 qua:
2851 3648 3089 3711 animat,
3124 3644 3285 3698 aliam
3327 3657 3445 3711 qua:
3517 3637 3788 3695 ratiocina-

2219 3762 2326 3807 tur.
2353 3749 2422 3803 Et
2459 3749 2570 3803 haec
2616 3752 2740 3799 sunt
2781 3740 3058 3811 reprobata
3083 3739 3137 3790 in
3172 3733 3564 3790 Ecclesiasticis
3601 3732 3792 3798 dogma.

2218 3842 2385 3897 tibus.
2419 3837 2571 3894 Unde
2629 3833 2905 3889 sciendum
2951 3828 3091 3892 quod
3128 3827 3239 3882 lucc
3275 3841 3379 3879 non
3430 3823 3681 3893 differunt
3722 3831 3793 3870 se-

2220 3932 2454 3990 cundum
2514 3927 2825 3991 essentiam,
2888 3924 2978 3978 sed
3044 3921 3331 3976 secundum
3378 3914 3690 3985 potentiam.
3733 3906 3791 3961 In

2221 4026 2399 4080 anima
2437 4022 2579 4077 enim
2634 4025 2817 4072 nostra
2864 4022 2989 4069 sunt
3035 4013 3280 4084 quatdam
3326 4009 3493 4074 uires,
3535 4020 3652 4076 qua
3685 4005 3793 4055 sunt

2223 4126 2369 4171 actus
2403 4110 2759 4180 corporalium
2814 4119 3167 4176 organorum,
3210 4103 3347 4156 sicut
3398 4108 3527 4153 sunt
3572 4090 3792 4166 potentia

2224 4206 2484 4262 sensitivre
2514 4203 2705 4273 partis.
2742 4200 2876 4253 Alia:
2913 4205 3035 4253 sunt
3078 4210 3196 4266 qua:
3234 4208 3342 4246 non
3383 4200 3505 4244 sunt
3544 4199 3690 4241 actus
3718 4191 3792 4234 ta-

2226 4301 2360 4354 lium
2408 4309 2757 4366 organorum,
2794 4295 2885 4346 sed
2927 4300 3048 4343 sunt
3097 4287 3379 4339 abstractas
3426 4281 3495 4334 ab
3539 4282 3635 4341 eis,
3673 4274 3792 4329 sicut

2226 4399 2349 4445 sunt
2410 4388 2655 4457 potentia:
2704 4381 3030 4437 intellectivat
3075 4377 3239 4448 partis
3280 4391 3300 4430 :
3344 4384 3392 4428 et
3442 4373 3529 4428 has
3566 4371 3795 4457 dicuntur

2227 4450 2465 4549 spiritus,
2486 4475 2636 4546 quasi
2671 4468 3068 4532 immateriales,
3094 4477 3143 4521 et
3170 4474 3429 4534 separatte
3457 4460 3632 4529 aliquo
3656 4450 3795 4508 modo

541 4581 803 4649 scriptum
847 4579 1016 4635 fuisse
1052 4581 1104 4635 in
1148 4579 1477 4635 membranis
1510 4578 1802 4634 dominum,
1838 4573 1889 4626 id
1931 4580 2016 4625 est
2045 4568 2128 4622 Ite-
2159 4562 2202 4619 Ι)
2231 4548 2262 4623 a
2292 4582 2530 4638 corpore,
2569 4566 2628 4617 in
2673 4573 2928 4633 quantum
2975 4575 3080 4613 non
3119 4565 3243 4612 sunt
3279 4563 3430 4608 actus
3466 4548 3794 4649 corporis:¢l

544 4669 696 4742 rum)
739 4672 917 4735 timet,
942 4690 1073 4729 ;cum
1129 4674 1412 4727 reverentia
1441 4671 1490 4725 ei
1538 4668 1799 4738 subjectus
1842 4675 1967 4720 est:
2008 4682 2127 4719 cum

546 4764 636 4816 ille
667 4764 757 4832 qui
793 4781 883 4832 per
933 4764 1048 4835 (aut
1098 4764 1363 4821 barbarus
1414 4765 1700 4832 interpres,
1742 4768 1836 4813 aut
1881 4759 2128 4813 indoctus

547 4854 800 4910 librarius
836 4857 1009 4925 posuit
1037 4873 1130 4925 per
1154 4870 1254 4925 pro
1277 4857 1508 4924 propter)
1532 4854 1764 4918 verbera,
1788 4850 1996 4919 aliaque
2021 4859 2131 4903 tor-

548 4956 723 5000 menta
752 4947 898 4999 timet
942 4946 1102 5000 Deum
1133 4945 1244 5018 (hic
1267 4960 1480 5014 quoque
1514 4960 1609 5013 pro
1650 4942 1814 4996 Deum
1848 4940 2128 5011 legendum

552 5048 680 5105 puto
737 5038 1072 5104 dominum),
1119 5037 1418 5106 passibilem
1471 5037 1708 5090 timorem
1764 5034 1951 5086 habere
1995 5034 2130 5086 videt

555 5126 687 5195 (pro
719 5126 858 5180 uidet
903 5127 1019 5196 lego
1068 5126 1317 5194 videtur).
1355 5125 1470 5179 Hac
1522 5123 1905 5194 signiﬁcatione
1938 5132 1988 5176 et
2026 5121 2134 5186 hic,

553 5229 671 5287 post
701 5221 828 5284 alia,
862 5221 1030 5273 utitur
1058 5222 1125 5273 ad
1167 5218 1390 5289 feminas
1428 5220 1607 5271 dicens
1631 5231 1650 5270 .'
1683 5234 1703 5269 t
1733 5214 2136 5272 Considerantes

558 5319 781 5367 uestram
826 5312 883 5364 in
938 5312 1123 5366 timore
1175 5319 1376 5365 castam
1437 5307 1968 5363 conversationem".
2002 5324 2020 5357 ι
2070 5304 2181 5358 Ει·

558 5405 855 5473 frequenter
880 5403 1161 5472 Scriptura
1195 5405 1306 5457 hac
1336 5404 1398 5456 de
1435 5405 1619 5455 timore
1645 5401 1740 5454 tali
1769 5401 1924 5453 modo
1959 5398 2136 5468 perlo-

556 5497 756 5568 quitur.
790 5494 867 5549 lta
896 5511 956 5550 se
986 5495 1148 5550 habet
1189 5493 1397 5565 Didymi
1430 5492 1581 5546 locus
1624 5505 1653 5543 a
1684 5503 1912 5544 censore
1956 5503 2141 5557 repre-

561 5585 787 5641 hensus.
814 5585 950 5653 Quid
1000 5595 1177 5640 autem
1221 5586 1470 5639 censoria
1504 5580 1711 5652 virgula
1759 5579 1977 5648 dignum
2014 5577 2143 5633 insit

564 5675 621 5731 in
655 5678 740 5731 his
775 5678 980 5741 verbis,
1012 5692 1120 5731 non
1160 5677 1315 5732 video
1350 5695 1363 5730 :
1398 5673 1697 5744 praesertim
1738 5686 1861 5726 cum
1895 5672 2144 5726 timorem

2233 4662 2484 4714 dicuntur
2519 4657 2677 4712 etiam
2706 4671 2943 4708 mens....
2974 4650 3039 4705 In
3072 4657 3329 4721 quantum
3375 4654 3552 4699 autem
3588 4640 3794 4695 animat.

2234 4753 2437 4806 dicitur
2473 4750 2676 4813 anima,
2716 4748 2842 4817 quia
2884 4745 2981 4799 hoc
3010 4752 3089 4797 est
3133 4741 3182 4795 ei
3218 4739 3512 4809 proprium.
3546 4733 3798 4789 Hactenus

2237 4841 2294 4898 S.
2323 4840 2582 4896 Thomas.

2309 4933 2430 4989 Jam
2462 4947 2593 4986 vero
2627 4928 2879 5000 quamvis
2924 4924 3053 4981 huic
3103 4920 3345 4992 opinioni
3399 4918 3679 4989 Didymum
3715 4904 3798 4961 ad-

2239 5027 2465 5083 haesisse
2515 5022 2900 5085 concedamus,
2947 5016 3093 5089 quod
3126 5030 3157 5069 a
3197 5014 3435 5076 nemine,
3480 5008 3570 5079 qui
3604 5005 3799 5060 sincere

2243 5128 2386 5190 agat,
2422 5114 2623 5187 negari,
2666 5121 2873 5183 potest;
2907 5107 3179 5179 aequitatis
3224 5115 3404 5160 tamen
3432 5114 3585 5155 amor
3620 5107 3681 5190 ac
3720 5102 3800 5190 νς·

2243 5172 2422 5266 riiatis
2458 5172 2522 5261 id
2540 5221 2569 5258 a
2594 5172 2749 5258 nobis
2783 5172 3050 5268 exposcit,
3081 5204 3142 5251 ut
3164 5190 3417 5249 nonnulla
3457 5188 3544 5242 hic
3573 5172 3800 5268 animad-

2242 5310 2459 5355 vertere
2526 5311 2593 5351 ne
2640 5294 2974 5355 omittamus,
3020 5305 3140 5358 quae
3188 5286 3365 5356 ipsum
3443 5280 3654 5333 valeant
3715 5266 3802 5323 ali-

2244 5401 2566 5463 quantumm
2610 5400 2892 5442 excusare.
2941 5381 3182 5436 Primum
3238 5378 3385 5430 enim
3416 5369 3722 5463 longissime
3762 5359 3801 5412 is

2248 5455 2421 5538 abluit
2474 5481 2543 5534 ab
2587 5480 2677 5532 illa
2732 5474 2960 5539 haeresi,
3010 5485 3175 5543 quam
3225 5464 3589 5537 Apollinarius
3631 5455 3799 5543 eadem

2252 5572 2368 5627 fere
2402 5570 2660 5640 opinione
2708 5568 2910 5621 abusus
2944 5559 3313 5631 excogitavit:
3352 5554 3590 5624 quicum
3629 5547 3677 5599 in
3719 5542 3803 5593 lto-

2252 5665 2401 5719 miue
2442 5638 2554 5716 tria
2593 5670 2648 5714 et
2694 5658 2811 5728 ipse
2857 5655 3250 5725 distingueret,
3288 5661 3509 5717 corpus,
3557 5638 3801 5695 animam,

643 5849 686 5882 ”
726 5848 913 5906 lPetr.
935 5867 1021 5917 tu,
1048 5850 1100 5904 6.
1176 5852 1219 5883 ’³
1260 5848 1362 5905 lsa.
1391 5863 1466 5914 ιι,
1498 5845 1580 5900 l2.
1655 5845 1699 5878 ³ο
1737 5842 1931 5899 Matth.
1960 5859 2014 5909 x,
2040 5841 2111 5897 28

2252 5839 2273 5896 l
2304 5837 2449 5895 Pctr.
2484 5850 2553 5901 ιι,
2581 5834 2664 5891 18.
2743 5835 2789 5866 ³³
2828 5835 2847 5890 1
2878 5832 3024 5888 Petr.
3055 5842 3115 5885 ιιι
3136 5824 3253 5894 ,16.
3333 5821 3379 5855 ³³
3411 5802 3797 5879 ιΤιιεεε.ν,25ο
