4004 6402
511 374 613 430 187

1999 377 2086 431 DE
2115 377 2372 434 DIDYMO
3668 381 3760 440 l88

511 487 704 550 Patre;
754 505 916 558 neque
967 489 1076 543 alia
1132 491 1433 545 substantia
1495 500 1570 546 est
1607 489 1840 560 Spiritus
1894 494 2062 545 sancti
2083 541 2099 566 ,
2127 495 2176 553 Α
2206 500 2331 556 tem,
2371 490 2486 544 sive
2516 488 2726 542 initium
2759 486 2922 543 lldei?
2977 486 3060 542 Ab
3094 501 3158 543 eo
3191 502 3343 556 sane,
3369 491 3465 560 qui
3491 499 3614 546 ante
3640 498 3763 548 scri-

505 591 697 649 prteter
729 581 784 634 id
811 583 951 650 quod
985 581 1145 635 datur
1177 585 1223 635 ei
1261 599 1293 636 a
1330 581 1494 636 Filio.

579 667 652 719 At
679 665 731 719 in
767 665 921 720 libris
952 665 1032 721 De
1071 665 1347 732 Trinitate,
1381 668 1622 736 inquies.
1655 668 1853 737 saepius
1888 669 1966 723 ait
2002 667 2093 722 Di-

507 756 700 826 dymus
734 755 997 825 Spiritum
1047 769 1295 814 sanctum
1336 773 1367 813 a
1400 757 1567 815 Patre
1617 761 1838 830 quidem
1897 775 2090 829 proce-

509 847 658 910 dere,
691 847 746 902 in
777 848 916 903 Filio
941 860 1123 904 autem
1154 859 1247 905 aut
1279 851 1419 921 apud
1449 851 1647 906 Filium
1699 868 1941 908 manere.
1985 851 2092 906 Ve-

514 953 636 992 rum
671 939 785 994 haec
810 945 937 994 item
980 951 1038 994 ut
1065 942 1168 996 alia
1199 941 1441 1010 ejusdem
1479 943 1646 1006 modi,
1674 958 1796 1012 quae
1843 957 2095 1012 regerere

511 1029 631 1096 quis
657 1040 859 1099 posset,
887 1031 1021 1085 satis
1049 1030 1156 1100 iam
1189 1040 1417 1088 tractata
1446 1033 1689 1087 acdiluta
1720 1044 1846 1088 sunt
1871 1049 1902 1087 a
1926 1050 2010 1088 me
2038 1035 2092 1088 in

512 1121 742 1189 epistola
768 1122 834 1175 ad
865 1125 1337 1192 praeclarissimum
1379 1125 1664 1196 praesulem
1691 1125 1954 1180 Joannem
1988 1129 2091 1180 Ar-

513 1214 772 1268 chintum.
810 1213 1016 1287 Nempe
1036 1217 1161 1270 dum
1195 1217 1271 1271 ait
1311 1218 1590 1289 Didymus,
1650 1218 1850 1272 Filium
1884 1236 2094 1273 manere

513 1308 654 1375 apud
686 1307 917 1373 Patrem,
963 1309 1094 1363 nihil
1125 1309 1269 1364 aliud
1308 1312 1442 1377 vult,
1494 1311 1598 1366 nisi
1655 1327 1772 1364 eam
1829 1311 2091 1373 indicare,

513 1411 674 1464 quam
731 1397 961 1468 theologi
998 1409 1192 1454 vocant
1241 1400 1549 1454 divinarum
1587 1416 1942 1470 personarum
1983 1404 2090 1454 cir-

513 1489 984 1544 cuminsessionem.
1021 1490 1184 1560 quue
1217 1507 1281 1546 ex
1331 1507 1396 1547 eo
1429 1493 1589 1548 etiam
1646 1496 1974 1548 conﬁrmare
2026 1495 2090 1547 li-

515 1585 622 1638 cet,
657 1579 795 1646 quod
831 1579 965 1633 libro
992 1596 1053 1644 ll,
1086 1597 1205 1650 pag.
1233 1581 1359 1645 500,
1397 1590 1582 1650 aperte
1624 1583 1788 1645 dicat,
1828 1581 2092 1651 Spiritum

517 1678 762 1722 sanctum
795 1685 1012 1725 manere
1039 1671 1179 1739 apud
1222 1671 1471 1736 Patrem;
1522 1687 1622 1726 nec
1647 1674 1789 1727 enim
1823 1675 1964 1742 apud
1995 1673 2095 1728 Pa-

517 1771 653 1814 trem
700 1762 770 1814 ita
832 1773 1015 1817 manet
1075 1761 1332 1832 profecto,
1391 1775 1449 1818 ut
1501 1765 1570 1819 ab
1605 1764 1719 1832 ipso
1773 1763 1934 1818 Patre
1982 1782 2090 1820 non

513 1853 788 1924 procedat.

900 1944 1029 1999 CAP.
1064 1945 1149 1998 Vl.
1193 1944 1268 1998 De
1295 1945 1472 1998 divina
1511 1946 1710 2014 gratia.

584 2033 717 2088 Cum
769 2044 894 2088 ante
964 2046 1205 2100 exortas,
1272 2037 1628 2091 damnatasve
1681 2036 2094 2107 Pelagianorum

515 2142 579 2180 ac
639 2127 1191 2197 Semipelagianorum
1254 2130 1488 2184 luereses
1555 2130 1752 2184 obierit
1815 2131 2094 2202 Didymus,

519 2219 712 2273 mirum
750 2221 952 2274 nemini
981 2221 1152 2274 videri
1189 2221 1367 2285 debet,
1405 2221 1450 2276 si
1491 2222 1562 2275 ita
1605 2230 1763 2277 caute
1808 2222 1876 2276 de
1916 2224 2095 2276 divina

521 2313 691 2378 gratia
723 2311 939 2367 locutus
971 2314 1168 2381 ubique
1193 2329 1299 2368 non
1344 2314 1438 2378 sit,
1469 2323 1526 2366 ut
1556 2314 1592 2368 ii
1642 2315 1732 2383 qui
1769 2324 1889 2384 post
1947 2315 2099 2370 Pela-

517 2404 676 2471 giana
722 2411 959 2471 tempora
999 2406 1352 2473 scripserunt.
1414 2405 1680 2461 Nimirum
1738 2406 1990 2461 nonnulla
2041 2409 2095 2461 in

517 2506 584 2545 eo
623 2493 847 2562 reperiri
878 2495 1105 2548 candide
1140 2495 1336 2560 fateor,
1359 2511 1478 2565 qua:
1507 2497 1551 2551 si
1582 2497 1791 2566 quinto,
1825 2506 1918 2550 aut
1947 2508 2098 2552 sexto

519 2585 776 2641 Ecclesize
806 2589 1002 2642 saeculo
1048 2591 1246 2643 dictata
1286 2589 1482 2655 forent,
1530 2592 1618 2645 vix
1649 2606 1712 2646 ac
1761 2607 1829 2645 ne
1859 2591 1948 2645 vix
1979 2593 2099 2660 qui-

520 2676 642 2730 dem
695 2693 725 2731 a
799 2678 1321 2749 Semipelagianismi
1379 2682 1501 2735 labe
1573 2681 1832 2736 immunia
1885 2684 2099 2739 sincero

524 2769 774 2839 theologo
807 2770 977 2824 videri
1011 2783 1256 2840 possent.
1300 2773 1498 2828 Verum
1536 2789 1678 2844 saepe
1722 2776 2002 2845 contingit,
2041 2786 2100 2830 ut

519 2877 624 2915 una
665 2863 961 2932 eademque
1017 2864 1218 2919 locutio
1265 2881 1368 2921 non
1421 2867 1664 2922 eamdem
1721 2883 1936 2936 semper
1989 2870 2096 2922 vim

522 2953 751 3018 habeat,
796 2970 860 3008 ac
891 2955 1240 3020 sententiam,
1272 2957 1365 3010 sed
1397 2958 1629 3012 diversis
1663 2960 1996 3027 temporibus
2021 2960 2100 3015 di-

521 3061 680 3100 verso
716 3049 875 3103 modo
928 3052 1244 3121 accipiatur.
1280 3052 1416 3118 Quid
1463 3068 1591 3122 ergo
1649 3053 1928 3119 miremur,
1960 3054 2002 3106 si
2035 3055 2101 3107 de

522 3155 588 3193 eo
620 3141 836 3209 quidem
881 3144 1115 3198 maxime
1164 3144 1428 3200 sollicitus
1478 3160 1694 3215 semper
1725 3145 1888 3201 fuerit
1933 3147 2098 3218 Didy-
2127 3171 2168 3228 ρ

522 3245 663 3292 mus,
715 3239 774 3285 ut
807 3233 1013 3287 arbitrii
1051 3234 1355 3289 libertatem
1413 3245 1703 3300 astrueret,
1743 3252 1971 3307 eamque
2023 3239 2098 3290 ita

520 3323 837 3389 defenderit,
868 3336 923 3380 ut
952 3329 1146 3383 divinae
1185 3329 1372 3399 gratim
1401 3331 1780 3385 necessitatem
1814 3347 1919 3384 non
1951 3346 2098 3384 sem-

521 3429 617 3483 per
646 3431 902 3484 expresse
947 3421 1261 3483 nominarit,
1292 3421 1385 3474 sed
1417 3420 1603 3474 lectori
1639 3421 1930 3490 aliquando
1961 3421 2096 3474 sub-

524 3505 920 3574 intelligendam
985 3510 1298 3578 reliquerit;
1367 3527 1490 3566 cum
1544 3527 1606 3566 ea
1657 3510 1902 3566 ﬂoruerit
1963 3522 2100 3566 tem-

521 3605 754 3666 pestate,
781 3613 884 3666 qua
937 3598 1213 3654 Manicliazi
1257 3601 1478 3670 quidem
1526 3601 1831 3658 libertatem
1891 3603 2102 3658 arbitrii

525 3689 593 3741 de
631 3689 807 3742 medio
860 3688 1106 3745 tollentes
1167 3691 1460 3746 Ecclesiain
1505 3695 1794 3759 vexabant,
1852 3693 2103 3763 Pelagius

524 3794 654 3834 vero
708 3779 1007 3835 libertatem
1051 3783 1259 3837 arbitrii
1305 3785 1466 3838 nimis
1517 3784 1843 3849 extollendo,
1895 3786 2092 3840 divinze

526 3871 713 3940 gratia:
741 3872 808 3926 ad
848 3874 986 3928 bona
1017 3889 1081 3928 ac
1115 3875 1370 3929 salularia
1413 3890 1574 3943 opera
1613 3878 1973 3946 perpetranda
2003 3891 2103 3932 ne-

525 3964 833 4017 cessitatem
878 3966 1111 4018 nondum
1143 3967 1472 4020 sustulerat?

600 4055 729 4119 Quae
754 4069 875 4108 cum
914 4055 984 4108 ita
1015 4069 1074 4108 se
1105 4056 1354 4120 habeant,
1388 4055 1586 4119 nullus,
1618 4065 1676 4110 ut
1707 4072 1849 4123 reor,
1892 4057 2102 4128 Didymi

529 4144 678 4199 locus
715 4144 962 4214 theologo
983 4146 1250 4214 :equitatis
1290 4146 1493 4200 amanti
1551 4146 1676 4200 talis
1721 4148 2010 4213 videbitur,
2047 4156 2107 4202 ut

529 4239 853 4308 persuadere
883 4239 1081 4304 valeat,
1111 4239 1397 4310 Didymum
1423 4241 1720 4304 erroribus,
1747 4241 1838 4310 qui
1871 4243 1922 4295 in
1953 4239 2107 4295 Pela-

529 4329 616 4398 gio
646 4340 738 4383 aut
770 4329 823 4383 in
861 4329 1307 4400 Semipelagianis
1339 4342 1523 4401 postea
1562 4333 1799 4386 damnati
1832 4343 1976 4396 sunt,
2007 4333 2104 4387 ad-

533 4419 772 4474 liaasisse.
799 4421 877 4475 Ac
907 4421 958 4474 in
991 4420 1076 4474 his
1105 4421 1319 4491 quidem
1366 4421 1439 4475 De
1481 4421 1738 4476 Trinitate
1765 4421 1919 4476 libris
1971 4421 2105 4476 nihil

2201 581 2382 646 bebat,
2407 597 2568 651 quam
2601 581 2757 634 [idem
2792 579 3139 650 incipientem
3174 580 3586 653 Semipelagiani
3616 601 3644 638 a
3674 587 3767 643 ﬁde

2195 671 2401 735 adulta,
2431 671 2595 725 utsic
2630 669 2844 740 loquar,
2885 681 3256 737 secernerent,
3290 681 3344 727 et
3371 673 3538 738 hanc,
3576 690 3675 728 non
3707 677 3765 732 il-

2197 761 2311 816 lam
2361 762 2554 818 divina:
2589 762 2774 831 gratiae
2825 760 3144 828 tribuerent,
3177 763 3319 830 exigi
3370 762 3494 831 jure
3527 781 3632 820 non
3677 782 3764 836 po-

2197 861 2324 918 test,
2347 863 2405 906 ut
2434 853 2639 920 apertis
2667 852 2847 906 verbis
2875 853 3040 916 dicat,
3091 867 3155 906 ex
3200 852 3382 907 divina
3431 857 3610 924 gratia
3657 873 3767 915 esse

2195 959 2301 998 non
2339 945 2680 1012 incipientem
2713 944 2894 1006 tnodo,
2925 947 3016 998 sed
3053 952 3109 997 et
3135 944 3444 1012 provectam
3487 946 3670 1003 ﬁdem.

2269 1036 2519 1092 Secundo
2588 1035 2765 1100 docet,
2835 1037 3067 1104 gratiam
3140 1036 3419 1091 nobiscum
3485 1043 3765 1107 cooperari.

2197 1129 2329 1183 Nam
2377 1128 2555 1196 capite
2601 1127 2626 1180 1
2683 1126 3052 1180 Enarrationis
3082 1128 3136 1180 in
3167 1125 3335 1196 Epist.
3375 1127 3616 1184 Jacobi:
3675 1131 3768 1199 Qui

2198 1219 2416 1280 fruitur,
2445 1219 2636 1286 inquit,
2669 1233 2862 1271 corona
2891 1216 3222 1282 deliciarum,
3248 1229 3301 1271 et
3331 1221 3420 1288 qui
3454 1221 3622 1276 habet
3651 1239 3767 1290 gra-

2197 1312 2324 1364 tiam
2350 1311 2440 1365 Dei
2469 1318 3140 1378 cooperantem,coronam
3161 1311 3454 1377 gratiarum
3477 1315 3719 1383 percipit.
3745 1335 3762 1368 ι

2197 1401 2481 1467 Similique
2519 1402 2678 1454 modo
2715 1399 2766 1452 in
2817 1409 3007 1452 catena
3055 1397 3383 1454 Corderiana
3421 1403 3492 1457 ad
3545 1419 3686 1459 vers.
3735 1422 3767 1458 ιι

2196 1492 2384 1561 psalmi
2423 1508 2472 1553 1.,
2496 1507 2615 1560 pag.
2648 1489 2755 1544 993
2784 1507 2797 1543 :
2829 1489 2924 1560 τὴν
2949 1490 3086 1544 Θεοῦ
3120 1492 3464 1563 συνέργειαν,
3501 1495 3554 1550 id
3579 1507 3660 1550 est
3685 1496 3770 1550 Dei

2196 1582 2636 1650 cooperationem,
2661 1597 2756 1635 seu
2782 1582 3015 1649 gratiam
3037 1594 3436 1652 c00perantem,
3463 1600 3531 1638 ex
3553 1600 3655 1654 qua
3678 1587 3770 1640 vir-

2197 1681 2282 1726 tus
2315 1673 2685 1741 sit,agnoscit,
2705 1683 2761 1725 ut
2781 1672 2986 1742 patebit
3023 1688 3088 1728 ex
3114 1673 3296 1728 verbis
3315 1690 3436 1728 mox
3473 1674 3768 1731 aﬂerendis.

2269 1762 2455 1816 Tertio
2484 1763 2659 1828 docet,
2693 1779 2797 1816 non
2825 1762 3031 1817 viribus
3057 1764 3280 1829 nostris,
3306 1764 3400 1818 sed
3423 1765 3622 1820 divina:
3652 1782 3767 1836 gra-

2125 1841 2168 1896 Β
2200 1855 2286 1908 tia:
2327 1853 2671 1907 tribuendum
2705 1868 2844 1918 esse,
2885 1854 2928 1908 si
2964 1870 3068 1909 non
3109 1855 3507 1924 delinquamus.
3555 1857 3686 1911 Nam
3721 1860 3768 1914 in

2199 1947 2364 2000 citato
2401 1953 2607 1998 catena:
2637 1943 2983 1999 Corderiante
3027 1945 3145 2000 loco
3173 1947 3252 2000 sic
3281 1947 3523 2016 loquitur
3558 1968 3573 2003 :
3612 1948 3708 2014 Ne,
3731 1951 3771 2003 si

2198 2053 2300 2090 non
2355 2036 2735 2106 delinquerent,
2784 2037 3009 2106 propriis
3047 2037 3264 2101 viribus,
3314 2055 3417 2092 non
3481 2056 3598 2093 vero
3647 2038 3770 2093 Θεοῦ

2200 2128 2510 2199 συνεργεὶᾳ,
2544 2129 2596 2182 id
2627 2136 2710 2182 est
2741 2126 2835 2180 Dei
2858 2129 3236 2196 cooperationi,
3273 2129 3518 2182 uirtutem
3558 2132 3769 2184 ascribe-

2199 2231 2333 2276 rent.
2371 2221 2436 2274 Et
2469 2231 2648 2290 caplte
2685 2220 2718 2274 5
2760 2220 3134 2274 Enarrationis
3158 2223 3211 2273 in
3248 2218 3347 2289 Ep.
3384 2219 3413 2274 Ι
3446 2222 3669 2276 Joannis
3697 2238 3774 2275 ex-

2200 2312 2404 2378 plicans
2432 2313 2545 2367 htec
2593 2311 2777 2375 verba,
2813 2311 2914 2375 Qui
2933 2322 3098 2400 palus
3133 2320 3210 2364 est
3245 2328 3307 2364 ex
3335 2310 3468 2376 Deo,
3510 2323 3671 2366 servat
3701 2329 3772 2366 se-

2201 2403 2499 2468 metipsum,
2531 2414 2576 2455 et
2610 2401 2872 2471 malignus
2902 2418 3004 2454 non
3035 2402 3200 2472 tangit
3232 2418 3347 2455 eum
3373 2401 3442 2466 ⁸ο,
3481 2415 3660 2470 aperte
3685 2403 3768 2465 ait,

2202 2493 2470 2546 hominem
2500 2509 2604 2546 non
2665 2492 2797 2546 solis
2850 2493 2960 2547 suis
3012 2493 3234 2559 viribus,
3279 2494 3371 2547 sed
3413 2508 3514 2563 per
3561 2495 3770 2562 gratiam

2200 2601 2407 2637 seruare
2435 2601 2488 2638 se
2517 2601 2544 2636 a
2581 2597 2838 2654 peet-ato;
2893 2601 3016 2638 nam
3049 2593 3106 2638 ttt
3155 2585 3412 2640 custodite
3451 2597 3650 2641 nostra:
3699 2585 3771 2639 di-

2199 2678 2322 2730 vina
2364 2676 2576 2748 [XLIII]
2610 2679 2852 2732 custodia
2904 2679 3227 2748 adjungatur
3257 2682 3624 2734 necessariqu
3669 2693 3772 2733 esse

2201 2770 2469 2830 aﬂlrniat;
2521 2773 2600 2826 sic
2637 2773 2778 2824 enim
2808 2771 3048 2840 loquitur
3081 2790 3094 2825 :
3132 2771 3190 2826 Si
3221 2773 3339 2841 quis
3372 2785 3554 2827 autem
3607 2783 3772 2827 semet-

2201 2862 2371 2924 ipsum
2400 2870 2723 2927 seruat,orot
2752 2862 3006 2914 divinitus
3039 2864 3317 2926 custodiri,
3340 2873 3393 2915 ut
3418 2864 3648 2916 intactus
3672 2878 3773 2929 per-

2201 2961 2413 3004 maneat
2452 2969 2484 3004 a
2534 2953 2783 3021 maligno.
2846 2951 3178 3023 Prwceptum
3234 2970 3456 3024 namque
3519 2954 3770 3013 custodite,

2201 3060 2317 3109 qua:
2373 3044 2547 3096 studio
2603 3053 2779 3096 nostro
2809 3043 2892 3110 ﬁt,
2939 3045 3036 3097 hoc
3065 3054 3140 3098 est
3194 3045 3331 3113 quod
3367 3046 3442 3098 ait
3474 3062 3493 3099 :
3533 3065 3550 3097 ι
3575 3042 3772 3099 Custodi

2203 3146 2349 3187 tuum
2377 3151 2466 3188 cor
2492 3134 2555 3198 ⁸¹;
2593 3153 2610 3186 ›
2647 3147 2696 3188 et
2733 3144 2847 3204 post
2871 3152 3039 3202 pauca
3064 3152 3080 3189 :
3104 3153 3122 3186 ι
3163 3133 3436 3188 Custodite
3467 3153 3555 3190 vos
3580 3137 3639 3189 ab
3671 3137 3772 3188 ido-

2203 3225 2267 3279 lis
2299 3228 2363 3278 ⁸³.
2401 3245 2419 3277 ι
2487 3225 2756 3280 Custodia:
2795 3243 2910 3280 vero
2957 3228 3148 3279 divinw
3189 3230 3483 3294 exemplum
3530 3236 3605 3281 est
3649 3225 3771 3294 quod

2201 3319 2276 3370 ait
2304 3334 2325 3372 :
2363 3335 2382 3368 ‹
2413 3319 2896 3382 Domine,seruabis
2921 3335 3035 3382 nos,
3063 3331 3109 3371 et
3128 3319 3391 3371 custodies
3423 3337 3540 3373 nos.
3575 3337 3592 3370 ›
3631 3317 3688 3371 Et
3715 3319 3772 3368 il-

2203 3409 2294 3461 lud
2324 3424 2341 3462 :
2379 3427 2397 3459 ι
2428 3407 2534 3463 Sub
2564 3410 2748 3462 umbra
2773 3409 2979 3460 alarum
3011 3419 3221 3460 tuarum
3240 3420 3448 3478 protege
3477 3426 3560 3463 me
3575 3409 3640 3462 ⁸³.
3665 3428 3682 3460 s
3715 3405 3770 3459 Et

2203 3499 2335 3551 illud
2368 3514 2386 3552 :
2429 3517 2448 3550 ε
2481 3497 2641 3568 Pater
2673 3512 2866 3562 sancte,
2895 3499 3102 3550 custodi
3134 3514 3218 3551 eos
3256 3498 3322 3550 ⁸⁸.
3358 3518 3377 3550 s

2279 3592 2498 3644 Demum
2544 3591 2719 3642 omnia
2762 3591 2984 3641 omnino
3034 3603 3219 3656 opera,
3275 3605 3394 3658 qua:
3440 3591 3511 3644 ad
3555 3589 3763 3644 salutem

2204 3683 2506 3744 conferant,
2561 3682 2789 3750 ideoque
2827 3681 2992 3735 etiam
3041 3681 3251 3734 initium
3302 3681 3446 3744 ﬁdei,
3499 3697 3566 3736 ex
3610 3681 3771 3734 divina

2205 3775 2376 3845 gratia
2405 3789 2527 3828 esse
2564 3773 2806 3842 pluribus
2831 3772 2885 3826 in
2917 3773 3052 3827 locis
3080 3783 3379 3827 asseverat.
3409 3771 3486 3826 Ita
3514 3773 3565 3826 in
3589 3773 3770 3827 Corde-

2207 3867 2357 3919 riana
2389 3876 2580 3919 catena
2639 3865 2706 3918 ad
2742 3878 2889 3918 vers.
2946 3863 3020 3918 20
3066 3864 3256 3933 psalmi
3303 3881 3430 3918 xcut
3477 3881 3598 3935 pag.
3641 3863 3770 3918 936:

2207 3958 2428 4024 Curam,
2473 3957 2666 4026 inquit,
2697 3958 2861 4010 nostri
2897 3959 3074 4020 habes,
3123 3957 3365 4010 Domine.
3411 3955 3562 4011 Unde
3583 3958 3626 4010 si
3662 3955 3773 4025 quid

2205 4052 2351 4102 adest
2373 4049 2520 4102 nobis
2545 4049 2682 4106 boni.
2706 4050 2899 4101 scimus
2916 4047 2970 4098 id
2991 4048 3181 4116 ipsum,
3206 4059 3663 4117 quantumcunque
3686 4055 3770 4106 est,

2207 4157 2239 4193 a
2272 4151 2320 4192 te
2345 4141 2503 4193 etiam
2525 4140 2792 4192 exsistere.
2824 4136 2890 4190 Et
2919 4137 3012 4192 lib.
3054 4154 3089 4192 tt
3126 4139 3198 4192 De
3222 4138 3370 4192 Trin.
3407 4155 3529 4209 pag.
3557 4138 3649 4192 l67
3677 4138 3775 4189 lucc

2208 4231 2412 4284 habet:
2479 4228 2632 4293 Quod
2681 4243 2860 4292 nempe
2905 4227 3017 4282 sine
3075 4227 3307 4297 Spiritus
3357 4229 3528 4282 sancti
3569 4228 3771 4280 aduentu

2210 4321 2358 4374 nulla
2384 4321 2530 4374 nobis
2555 4322 2625 4373 ad
2679 4320 2846 4373 Deum
2871 4322 2935 4373 sit
2975 4322 3050 4374 vis
3088 4329 3178 4373 aut
3217 4337 3354 4388 spes.
3405 4319 3472 4373 Et
3522 4335 3639 4388 pag.
3682 4311 3774 4368 282

2210 4413 2475 4478 allirmat,
2513 4410 2717 4465 nullum
2751 4422 3048 4466 creaturam
3073 4413 3268 4465 bonum
3298 4412 3487 4464 habere
3524 4410 3630 4464 sine
3670 4405 3775 4472 Spi-

533 4509 636 4561 tale
664 4520 895 4577 exstare,
933 4511 1066 4565 satis
1095 4526 1125 4564 a
1159 4525 1244 4565 me
1276 4518 1550 4565 ostensum
1583 4520 1712 4580 puto
1742 4525 1862 4564 cum
1890 4511 1942 4564 in
1993 4512 2106 4579 epi-
2139 4505 2182 4558 Ι)
2213 4509 2317 4559 ritu
2343 4504 3082 4558 sancto.Acdemuminlibro
3109 4503 3182 4557 De
3207 4501 3411 4571 Spiritu
3439 4510 3620 4555 sancto
3643 4511 3772 4551 omn.

531 4600 688 4664 stola,
717 4616 876 4670 quam
901 4601 1057 4668 paulo
1089 4611 1213 4655 ante
1265 4601 1578 4665 memoravi,
1619 4610 1729 4655 tum
1766 4602 1818 4654 in
1879 4603 2107 4654 adnota-

533 4690 764 4744 tionibus
797 4707 917 4761 pag.
959 4693 1019 4745 Η
1050 4703 1104 4746 et
1136 4693 1261 4750 270.
1289 4694 1441 4760 Quod
1473 4709 1602 4748 vero
1650 4702 1854 4760 spectat
1884 4695 1950 4745 ad
2006 4694 2107 4746 alia

533 4777 744 4848 Didymi
778 4796 961 4850 opera,
1001 4783 1051 4835 id
1081 4784 1253 4850 ipsum
1285 4800 1426 4838 nunc
1457 4783 1694 4838 breviter
1725 4784 2110 4836 demonstran-

531 4871 659 4925 dum
691 4881 794 4926 est.
825 4873 928 4926 Sed
959 4882 1246 4950 antequam
1291 4873 1392 4928 hoc
1427 4883 1698 4942 praestem,
1731 4883 1964 4942 quatuor
1987 4890 2112 4942 pro-

533 4978 731 5033 ponere
763 4965 937 5034 placet
976 4963 1158 5029 eﬂ‘ata,
1193 4965 1310 5019 sive
1363 4965 1631 5034 dogmata,
1666 4981 1785 5033 qum
1812 4965 1878 5018 ab
1907 4980 1971 5018 eo
2021 4980 2114 5033 po-

537 5057 802 5109 tissimum
845 5057 1110 5111 inculcata
1140 5057 1516 5111 animadverti.

604 5145 786 5201 Primo
813 5163 1002 5216 nempe
1021 5149 1196 5210 docet,
1229 5147 1384 5200 ﬁdem
1413 5161 1532 5200 esse
1555 5161 1619 5200 ex
1635 5147 1813 5200 divina
1847 5146 2037 5215 gratia.
2055 5145 2110 5198 Id

535 5249 719 5306 aperte
749 5239 915 5292 tradit
941 5254 1060 5292 cum
1088 5240 1140 5292 in
1172 5238 1310 5292 libro
1339 5238 1413 5292 De
1441 5238 1642 5306 Spiritu
1659 5250 1862 5301 sancto,
1895 5256 2039 5292 num.
2076 5239 2109 5293 9

536 5328 620 5384 bis
635 5327 810 5381 verbis
829 5345 841 5381 :
859 5326 1011 5381 Fidei
1046 5328 1258 5398 e/fectus
1282 5330 1653 5396 estparticeps,
1678 5345 1795 5397 quin
1821 5345 1884 5381 ea:
1912 5328 2113 5395 Spiritu

537 5431 720 5474 sancto
759 5422 930 5485 venit;
971 5431 1081 5473 tum
1129 5422 1180 5474 iu
1237 5423 1374 5484 loco,
1407 5436 1564 5488 quem
1617 5437 1739 5474 mox
1781 5421 2000 5474 aderam
2047 5437 2112 5474 ex

540 5525 662 5580 pag.
696 5511 797 5565 189
855 5523 1060 5565 catenae
1090 5513 1141 5564 in
1173 5511 1456 5565 Joannem.
1491 5512 1560 5564 At
1588 5511 1712 5580 ﬁdei
1747 5511 1960 5564 nomine
1993 5513 2115 5579 quis

540 5614 697 5672 neget
721 5601 1060 5673 designatatn
1087 5604 1154 5657 ab
1184 5617 1250 5657 eo
1282 5601 1448 5656 fuisse
1482 5602 1642 5656 etiam
1676 5602 1835 5669 fidem
1863 5602 2116 5666 incipien-

614 5773 661 5805 “
695 5773 895 5833 lJoan.
929 5796 976 5844 γ,
1014 5780 1094 5835 l8.
1172 5779 1214 5811 “
1256 5776 1413 5834 Prov.
1451 5795 1522 5846 iv,
1561 5777 1656 5836 25.
1729 5763 1991 5833 ⁸¹Ἐῑος1ι
2027 5792 2101 5833 xit

2208 5818 2220 5832 .
2300 5775 2511 5830 "i‘sal.
2557 5791 2631 5841 λι,
2701 5775 2752 5828 8.

2209 4598 2298 4662 tu,
2317 4597 2431 4651 haec
2446 4596 2670 4649 dictavit
2699 4614 2712 4650 :
2739 4595 2998 4650 Dominus
3025 4595 3258 4649 videlicet
3280 4606 3473 4653 noster,
3495 4605 3645 4661 atque
3667 4587 3776 4642 Sal-

2214 4705 2362 4743 vator
2418 4689 2573 4757 infert
2647 4687 2795 4742 nobis
2850 4689 3135 4742 secundum
3187 4687 3594 4739 misericordiam
3640 4693 3775 4735 suam

2213 4782 2386 4834 omnia
2408 4796 2524 4842 qua:
2547 4781 2929 4844 nosprovehant
2949 4780 3017 4832 ad
3038 4779 3282 4832 salutem.
3305 4777 3435 4843 Quis
3449 4791 3573 4845 ergo
3592 4769 3777 4827 iniit-ie—

2220 4883 2310 4926 tur
2333 4872 2446 4941 jam
2484 4883 2632 4926 recte
2668 4871 2951 4938 Didymuui
2984 4869 3052 4924 de
3079 4869 3406 4923 necessitate
3433 4867 3622 4920 divina:
3667 4871 3777 4929 gra—

2221 4965 2307 5018 tiae
2337 4964 2612 5018 sensisse?
2647 4962 2944 5016 Videndum
2975 4969 3153 5013 tamen
3191 4961 3367 5012 adhuc
3415 4967 3499 5012 est
3544 4965 3775 5026 quaenam

2223 5054 2318 5123 ipsi
2349 5054 2664 5122 exprobrari
2693 5066 2849 5121 posse
2872 5053 3176 5114 videantur,
3206 5059 3295 5102 aut
3328 5047 3646 5118 exprobrata
3673 5043 3774 5109 jam

2221 5145 2420 5200 fuerint
2447 5147 2513 5199 ab
2547 5145 2838 5214 aliquibus.
2889 5143 3129 5208 Quatuor
3155 5151 3359 5206 autem,
3387 5140 3438 5194 ni
3465 5138 3634 5200 fallor,
3675 5135 3778 5186 haec

2219 5237 2558 5309 potissimum
2590 5244 2738 5290 sunt.

2288 5327 2528 5382 Primum
2554 5337 2734 5381 exstat
2769 5326 2821 5379 in
2860 5333 3055 5381 catena
3083 5325 3136 5375 in
3181 5321 3442 5375 Joannem
3494 5335 3610 5390 pag.
3665 5312 3773 5374 l89,

2220 5421 2308 5474 ubi
2342 5419 2620 5489 explicans
2665 5417 2876 5470 Domini
2920 5416 3105 5476 verba,
3152 5415 3336 5466 Umnis
3386 5415 3475 5482 qui
3525 5406 3710 5463 audivit
3747 5416 3776 5451 α

2221 5511 2408 5574 Patre,
2435 5524 2482 5564 et
2503 5511 2707 5567 didicit.
2734 5509 2868 5562 venit
2898 5511 2966 5561 ad
2998 5523 3098 5571 me,
3125 5521 3243 5571 quae
3270 5504 3322 5558 in
3355 5502 3558 5556 Joanne
3580 5499 3776 5554 exstant

2221 5617 2341 5670 cap.
2376 5617 2450 5665 vn,
2481 5615 2621 5652 vers.
2656 5599 2748 5662 45,
2805 5598 2884 5652 sic
2941 5596 3220 5664 loquitur:
3283 5593 3418 5647 Κατ’
3471 5587 3646 5644 εἰκόνα
3690 5577 3774 5638 καὶ

2831 5774 2876 5804 ⁸⁸
2906 5775 3058 5829 Joau.
3097 5787 3226 5836 μνη,
3273 5771 3356 5824 ll.
