4004 6412
173 389 236 446 189

1419 391 2000 454 COMMENTARIUS.
2040 423 2108 435 —
2147 389 2278 446 LIB.
2320 391 2383 445 ll.

3400 381 3531 439 190

166 518 397 586 ὁμοίωσιν,
439 525 566 578 καὶ
608 528 786 582 αὐτὸ
836 529 1032 584 τοῦτο
1079 525 1372 600 [legendum
1427 524 1684 588 fortasse,
1733 521 1828 576 καὶ

1943 522 2050 589 ipso
2066 519 2133 573 ⁸⁸.
2158 537 2177 569 ι
2209 515 2665 586 Pelagianismum
2681 520 2861 565 autem
2881 507 3126 564 redolere
3141 503 3298 559 viden
3309 511 3398 558 tur
3413 503 3529 556 haec

167 612 276 682 αὐτῷ
297 614 535 688 sonitm]
574 618 868 689 λογικοῦ
921 620 1223 692 γενομένου
1250 619 1340 672 τοῦ
1387 617 1702 688 ἀνθρώπου,
1750 616 1831 667 ὲν·

166 709 486 778 εςπιρμὲναι
526 713 705 766 εἰσὶν
738 715 929 785 αὐτῷ
958 714 1069 768 ὑπὸ
1097 713 1226 766 Θεοῦ
1279 713 1332 765 αἱ
1363 712 1492 782 περὶ
1529 708 1830 763 ἐπαινετῶν

172 799 385 870 πράξεων
431 801 719 869 ἔννοιαι,
774 807 942 860 ἀλλὰ
995 807 1090 860 καὶ
1135 805 1230 875 τῆς
1268 803 1522 873 γνώσεως
1566 801 1667 871 τῆς
1692 800 1830 872 ἀλη-

179 892 326 958 θείας.
359 896 420 948 '0
449 897 675 950 τοίνυν
719 901 902 953 κατὰ
947 900 1049 963 τὰς
1089 898 1268 960 κοινὰς
1315 895 1520 958 ἐννοίας
1566 892 1828 958 ἀκούσας,

195 989 278 1042 itit
309 989 484 1059 gabino
513 991 707 1063 παρὰ
753 993 870 1047 τοῦ
924 992 1159 1064 Πατρὸς,
1210 990 1427 1061 ἔρχεται
1463 987 1550 1040 διὰ
1594 985 1831 1048 πίστεως

210 1085 327 1155 πρὸς
353 1084 436 1136 τὴν
456 1084 724 1154 Κύριον.
763 1085 916 1152 Quae
950 1087 1030 1140 sic
1054 1084 1216 1137 vertit
1254 1085 1522 1149 interpres
1548 1078 1663 1132 :Ad
1696 1079 1832 1131 ima-

222 1178 373 1246 ginem
423 1193 479 1228 ac
510 1177 968 1231 similitudinem
995 1192 1142 1230 suam
1188 1175 1487 1243 efformato,
1535 1179 1690 1240 atque
1733 1169 1831 1222 Itoc

226 1271 323 1334 ipso
351 1268 544 1321 ratione
573 1269 833 1334 prazdito
861 1269 1088 1333 homini,
1118 1266 1271 1336 quasi
1315 1264 1516 1317 semina
1561 1262 1828 1332 quietiam,

229 1379 283 1413 ac
303 1378 462 1414 rerum
485 1371 634 1415 recte
667 1362 1039 1431 gerendarum
1087 1360 1374 1413 dictamina
1423 1358 1596 1411 indita
1638 1364 1760 1410 sunt
1799 1370 1833 1407 a

229 1453 346 1513 Deo,
374 1454 818 1521 cognitionisque
844 1454 1103 1507 veritatis.
1130 1449 1378 1521 Quisquis
1414 1451 1576 1520 igitur
1595 1464 1829 1504 commu-

227 1563 313 1600 nes
335 1548 452 1600 illos
484 1546 794 1600 instinctus
821 1546 996 1608 audit,
1019 1560 1084 1596 ac
1108 1543 1258 1597 discit
1288 1560 1320 1596 a
1354 1540 1535 1608 Patre,
1562 1557 1652 1609 per
1673 1541 1832 1608 ﬁdem

220 1642 290 1691 ad
319 1638 593 1693 Christum
647 1639 823 1692 venit.
884 1638 959 1690 lta
1007 1637 1275 1705 interpres
1325 1635 1464 1703 :qui
1517 1648 1701 1688 vocem
1749 1631 1833 1684 ἐν·

219 1745 496 1784 νοιαιριη
524 1730 769 1785 verterit
795 1728 1028 1798 primum
1063 1727 1348 1780 dictamina
1372 1766 1387 1791 ,
1414 1725 1608 1781 deinde
1651 1724 1834 1778 instin-

222 1835 336 1876 ctus
361 1865 379 1888 ,
413 1821 659 1892 ignoro:
698 1835 764 1873 ea
791 1820 936 1873 enim
971 1818 1223 1879 notiones,
1279 1817 1416 1883 sive,
1470 1825 1529 1869 ut
1561 1814 1720 1884 vulgo
1753 1812 1834 1867 lo-

228 1927 474 1985 quuntur
527 1911 872 1984 philosophi.
930 1911 1074 1964 ideas
1133 1909 1398 1979 designat.
1455 1909 1535 1962 Ac
1577 1922 1668 1961 ne-
1705 1907 1834 1960 illud

230 2008 449 2076 quidem
481 2003 633 2066 scio,
666 2017 770 2056 cur
799 2001 1041 2054 vocnlam
1073 1998 1233 2062 κατὰ,
1291 1999 1341 2052 id
1387 2009 1471 2053 est
1506 1997 1689 2067 juxta,
1744 2013 1834 2052 se-

233 2101 410 2153 cundo
437 2098 567 2151 loco
607 2095 861 2150 omiserit
891 2094 940 2146 in
976 2091 1169 2146 Latina
1229 2091 1700 2162 interpretatione.
1747 2091 1838 2144 Di-

237 2191 378 2260 dymi
427 2204 568 2258 ergo
604 2187 788 2241 locum
833 2185 898 2239 ad
944 2186 1167 2238 verbum
1218 2182 1454 2251 imprimi
1492 2181 1775 2237 reddemus
1816 2199 1833 2238 :

238 2296 336 2335 nec
362 2283 516 2335 enim
546 2295 771 2348 aequum
798 2289 904 2342 est,
955 2286 1015 2331 ut
1071 2291 1133 2331 ea
1185 2275 1543 2329 translatione
1595 2286 1835 2338 utamur,

234 2391 356 2443 qua:
408 2373 633 2442 Didymi
693 2380 924 2425 mentem
979 2380 1230 2424 accurate
1274 2383 1378 2423 non
1422 2365 1640 2421 referat.
1701 2364 1834 2420 Cum

230 2467 393 2532 iuxta
429 2468 748 2535 imaginem,
773 2475 820 2518 et
863 2463 1260 2518 similitudinem
1311 2461 1486 2531 factus
1537 2462 1605 2514 sit
1657 2461 1836 2523 homo,

225 2570 394 2626 atque
419 2558 521 2609 hoc
558 2557 674 2622 ipso
703 2556 975 2608 rationalis
1001 2553 1172 2622 [nctus
1200 2554 1287 2619 sit,
1331 2554 1543 2606 inserta:
1580 2562 1702 2605 sunt
1736 2551 1840 2616 ipsi

223 2667 263 2702 α
301 2649 424 2701 Deo
458 2649 708 2700 notiones
739 2647 802 2698 de
827 2644 1178 2698 laudabilibus
1206 2645 1524 2709 actionibus,
1558 2645 1664 2696 imo
1696 2653 1742 2697 et
1775 2643 1840 2697 de

226 2739 556 2808 cognitione
590 2738 843 2790 veritatis.
873 2736 975 2801 Qui
1017 2753 1137 2806 ergo
1161 2735 1321 2805 juxta
1348 2752 1648 2788 communes
1670 2735 1840 2788 notio-

219 2847 322 2884 nes
363 2848 384 2879 ι
419 2829 651 2890 audit-it,
676 2837 723 2880 et
755 2828 934 2879 didicit
978 2844 1008 2879 a
1053 2827 1228 2893 Patre,
1264 2826 1397 2880 venit
1432 2844 1450 2876 ι
1483 2823 1745 2892 perﬁdam
1770 2823 1838 2876 ad

224 2921 561 2974 Dominum.
598 2939 615 2970 ι
647 2917 768 2973 Jam
805 2933 934 2971 vero
973 2918 1026 2970 in
1066 2916 1149 2970 his
1188 2916 1368 2970 verbis
1401 2913 1538 2968 nihil
1568 2928 1687 2967 esse
1719 2927 1841 2967 con-

221 3014 433 3075 tendo,
468 3013 620 3079 quod
645 3012 1004 3064 orthodoxam
1037 3025 1144 3064 non
1191 3010 1301 3064 sit:
1359 3024 1459 3062 nec
1518 3008 1662 3060 enim
1719 3007 1836 3060 ait:

227 3104 568 3158 Communes
607 3111 812 3154 tantum
844 3101 968 3153 recti
1019 3101 1238 3169 bonique
1296 3099 1530 3152 notiones
1579 3099 1839 3167 sufﬁciunt

237 3210 294 3250 ut
323 3199 448 3264 quis
474 3196 654 3249 veniat
685 3196 753 3247 ad
780 3193 1061 3246 Dominum
1084 3209 1102 3244 :
1134 3196 1226 3247 sed
1269 3192 1364 3253 ait,
1398 3191 1519 3244 illos
1557 3207 1650 3259 per
1680 3192 1836 3244 fidem

241 3291 439 3343 venire
466 3291 530 3341 ad
567 3287 880 3352 Dominum,
914 3287 1004 3355 qui
1039 3302 1141 3339 non
1175 3286 1334 3339 modo
1388 3283 1542 3353 juxta
1595 3297 1840 3335 conlutu-

249 3398 351 3436 nes
383 3385 638 3436 notiones
671 3381 986 3443 audiverim,
1040 3379 1134 3433 sed
1172 3377 1336 3432 etiam
1364 3375 1644 3429 didicerint
1665 3391 1695 3427 a
1726 3373 1836 3426 Pa-

251 3487 372 3527 tre:
409 3475 559 3528 hisce
607 3482 788 3526 autem
811 3470 1016 3526 .verbis
1060 3470 1296 3524 divinam
1343 3467 1573 3538 gratiam
1628 3480 1752 3518 cum
1808 3477 1838 3516 a

249 3566 476 3619 Christo
510 3566 745 3619 Domino
773 3565 827 3618 in
854 3563 1019 3617 citato
1068 3561 1206 3622 loco,
1260 3570 1321 3614 ut
1373 3559 1536 3612 docet
1586 3555 1841 3627 Augusti-

259 3673 389 3720 nus,
417 3667 524 3710 tum
553 3672 584 3709 a
621 3654 850 3725 Didyme
877 3653 965 3707 hic
999 3649 1296 3721 significari
1330 3647 1688 3704 dubitandum
1733 3661 1836 3699 non

248 3759 356 3803 est.
393 3747 549 3814 Quod
580 3756 640 3800 ut
663 3745 1002 3799 manifestius
1028 3749 1306 3812 appareat,
1333 3738 1560 3810 legenda
1582 3746 1840 3804 suntquae

243 3842 475 3910 scripsit
497 3841 555 3894 in
597 3839 692 3892 lib.
744 3837 817 3892 De
852 3835 1055 3903 Spiritu
1083 3844 1264 3889 sancto
1299 3849 1448 3887 num.
1475 3832 1538 3886 51
1563 3848 1577 3898 ;
1601 3831 1672 3885 ibi
1695 3830 1838 3886 enim

235 3933 450 3984 dis-inae
495 3931 692 4000 gratiae
733 3927 1075 3981 tribuendum
1119 3939 1242 3979 esse
1288 3924 1466 3987 docet,
1520 3922 1666 3990 quod
1717 3919 1838 3989 quis

234 4025 337 4076 ﬁat
373 4020 625 4074 docibilis
654 4018 772 4083 Dei,
801 4018 853 4072 id
883 4027 987 4084 est,
1021 4034 1054 4070 a
1090 4015 1249 4070 Patre
1286 4017 1499 4079 audiat,
1540 4023 1588 4067 el
1644 4015 1836 4068 discat.

233 4114 407 4182 Quod
438 4128 575 4168 vero
600 4114 793 4166 attinet
821 4110 885 4164 ad
917 4123 1244 4165 communes
1290 4107 1424 4161 recti
1475 4105 1699 4174 verique
1737 4118 1839 4159 no-

243 4209 438 4260 tiones
473 4203 680 4258 homini
704 4217 734 4256 a
772 4201 881 4256 Deo
915 4201 1170 4265 insertas,
1199 4213 1336 4270 quas
1385 4197 1622 4253 admittit
1677 4195 1842 4267 Didy-

243 4312 393 4361 mus,
460 4293 702 4348 viderint
762 4291 873 4357 alii,
926 4301 1103 4344 utrum
1150 4290 1350 4344 innata:
1413 4287 1656 4343 dicenda:
1708 4286 1838 4350 sint,

244 4400 472 4440 necne:
502 4398 606 4453 ego
637 4383 763 4437 illud
809 4391 1014 4436 tantum
1068 4382 1228 4450 addo,
1288 4394 1384 4433 eas
1431 4394 1552 4433 cum
1603 4379 1672 4433 ab
1721 4377 1842 4431 aliis

241 4479 514 4534 Patribus
571 4477 812 4546 agnosci,
858 4485 970 4530 tum
1021 4474 1186 4529 etiam
1237 4489 1268 4527 a
1319 4471 1590 4542 Prospero
1647 4470 1844 4526 divinae

244 4575 446 4644 gratia
475 4577 872 4640 propugnatore
901 4569 1240 4638 gravissimo,
1279 4567 1368 4636 qui
1403 4563 1481 4619 ait
1531 4579 1547 4617 :
1602 4560 1844 4618 Genitam

241 4667 520 4718 robisatm
547 4661 808 4730 agnoscite
831 4659 1012 4729 legem.

317 4755 482 4810 Alter
513 4752 752 4819 theologi
781 4752 947 4805 nostri
985 4751 1134 4806 locus
1180 4759 1356 4806 exstat
1412 4753 1464 4806 in
1520 4753 1839 4826 fragmentis

253 4858 286 4893 a
354 4841 762 4910 Cbristopboro
810 4839 1006 4893 Wolﬁo
1063 4839 1346 4910 evulgatis,
1383 4843 1449 4896 ad
1485 4859 1602 4914 cap.
1634 4860 1667 4897 v
1695 4860 1837 4900 vers.

246 4933 342 4987 5‘2.
399 4933 639 5002 Exponit
689 4931 832 4984 enim
889 4931 959 4984 ibi
1015 4931 1129 4985 haec
1180 4934 1436 4987 Actorum
1501 4933 1707 4998 verba,
1772 4935 1842 4989 Et

248 5025 474 5088 spiritus
538 5030 754 5074 sanctus
785 5061 802 5085 ,
868 5037 1019 5086 quem
1091 5021 1230 5075 dedit
1289 5022 1431 5077 Deus
1482 5025 1840 5080 obedientibus

253 5117 358 5168 sibi
375 5115 444 5180 δ’,
486 5115 539 5168 in
593 5115 735 5168 hunc
779 5114 995 5168 modum
1034 5130 1048 5168 :
1082 5111 1205 5169 Non
1245 5115 1415 5169 solum
1469 5117 1523 5171 in
1573 5119 1669 5172 hoc
1695 5158 1708 5182 ,
1753 5119 1839 5172 in-

256 5209 408 5274 quit,
458 5211 545 5260 sed
582 5216 630 5259 et
673 5205 797 5259 aliis
847 5205 1134 5272 Scriptura:
1170 5205 1298 5259 locis
1331 5207 1680 5276 significatur,
1723 5207 1845 5278 Spi-

258 5301 431 5348 ritum
447 5308 684 5350 sanetum
712 5295 854 5361 dari,
880 5296 927 5348 si
957 5312 1046 5349 nos
1070 5296 1170 5362 ipsi
1197 5297 1526 5350 occasionem
1548 5308 1595 5350 et
1622 5314 1840 5354 causam

251 5387 404 5438 iuud
440 5387 725 5454 accipiendi
745 5388 1151 5455 suppeditemus.
1187 5387 1409 5443 Obedire
1448 5393 1583 5444 enim
1611 5390 1717 5445 Deo
1765 5401 1840 5446 est

246 5494 341 5531 res
387 5477 594 5530 arbitrii
651 5477 840 5541 nostri,
889 5477 1022 5529 sicut
1069 5486 1116 5530 et
1177 5479 1405 5545 credere,
1469 5481 1657 5548 quibus
1700 5482 1845 5535 scili-

243 5579 332 5624 cet
388 5570 756 5625 convenienter
807 5569 1042 5634 Spiritus
1107 5584 1319 5624 sanctus
1368 5573 1526 5626 datus
1576 5583 1674 5637 est,
1725 5585 1846 5628 tan-

240 5679 416 5735 quam
461 5665 616 5718 donis
641 5662 847 5736 [XLIV]
884 5663 1074 5732 gratia:
1120 5663 1233 5732 ejus
1280 5665 1507 5733 affectis.
1565 5663 1669 5719 llis
1699 5667 1848 5735 aﬂ‘ine

246 5766 324 5808 est
344 5754 526 5809 illud:
590 5772 611 5806 ι
644 5754 797 5808 Dabit
853 5754 1113 5823 Spiritum
1155 5767 1392 5809 sanctum
1448 5755 1740 5826 petentibus
1781 5759 1844 5810 ab

326 5940 374 5973 "
405 5940 532 5997 Act.
564 5956 617 6007 ν,
645 5941 729 5995 59..
811 5943 855 5972 ⁸⁸
889 5939 1020 5994 Luc.
1049 5956 1120 6007 tt,
1148 5940 1228 5994 15.

1931 614 2148 669 Wolfio.
2181 612 2258 666 Ac
2295 623 2481 665 revera
2500 607 2544 662 si
2569 606 2894 660 denotarent
2915 615 3077 670 posse
3111 599 3386 654 hominem
3410 598 3528 652 sine

1931 709 2120 779 gratiae
2164 705 2368 760 auxilio
2418 699 2617 756 mereri
2667 708 2729 753 ut
2782 695 3016 762 accipiat
3069 691 3334 762 Spiritum
3395 706 3525 745 san-

1932 811 2100 862 ctum,
2127 808 2221 853 aut
2251 797 2411 851 ullam
2449 792 2703 865 gratiam,
2732 787 3024 856 Pelagiana
3051 785 3170 840 sine
3235 783 3407 838 dubio-
3444 780 3528 835 fo-

1934 901 2075 949 rent.
2107 890 2213 946 Sed
2243 891 2388 944 banc
2415 900 2536 941 esse
2570 882 2780 954 Didymi
2829 880 3122 934 verborum
3171 873 3524 938 sententiam,

1933 993 2040 1033 non
2074 975 2334 1032 concedo.
2368 972 2482 1026 lmo
2523 983 2646 1024 cum
2701 969 2768 1022 ab
2820 979 2884 1021 eo
2933 965 3134 1019 dictata
3180 962 3312 1023 sint,
3360 973 3524 1028 quem

1933 1061 2150 1124 constat
2187 1066 2388 1134 sapius
2425 1055 2698 1125 docuiSse,
2731 1058 2892 1114 fidem
2932 1071 3057 1112 esse
3079 1070 3142 1109 ex
3171 1053 3372 1122 gratia,
3399 1050 3524 1104 nul-

1934 1161 2155 1230 lumque
2185 1161 2409 1223 bonum,
2441 1170 2550 1224 quo
2573 1153 2940 1224 provehamur
2972 1148 3039 1203 ad
3069 1146 3324 1208 salutem,
3367 1142 3524 1198 nobis

1932 1266 2052 1307 esse
2073 1253 2189 1306 sine
2216 1250 2425 1322 gratia;
2461 1259 2516 1302 et
2545 1250 2765 1316 insuper
2781 1244 2848 1298 ab
2875 1257 2941 1298 eo
2974 1241 3066 1310 qui
3097 1239 3226 1293 illud
3258 1246 3524 1308 perpetuo

1931 1346 2220 1416 spectavit,
2249 1345 2376 1399 dum
2408 1342 2720 1412 Scripturas
2745 1335 3093 1410 explanabat,
3118 1341 3175 1386 ut
3194 1331 3524 1386 Manichasos

1935 1439 2223 1502 refelleret,
2285 1452 2348 1492 ac
2414 1434 2619 1490 nullam
2669 1447 2793 1486 esse
2849 1427 3166 1484 rationalem
3214 1429 3524 1478 creaturam

1933 1540 2151 1594 natura,
2197 1544 2262 1584 ac
2309 1524 2625 1582 necessario
2684 1523 2906 1584 malam,
2967 1527 3122 1588 capta
3165 1515 3526 1581 undecunque

1937 1628 2123 1690 posset
2147 1617 2460 1681 occasione,
2488 1615 2923 1676 demonstraret;
2960 1609 3164 1663 idcirco
3203 1603 3338 1659 nihil
3379 1600 3525 1655 aliud

1939 1714 2029 1769 hic
2057 1727 2181 1768 eum
2218 1711 2460 1765 voluisse
2485 1705 2838 1768 crediderim,
2869 1701 2976 1756 nisi
3010 1701 3318 1755 libertatem
3347 1692 3526 1750 homi-

1938 1804 2024 1858 nis
2064 1801 2177 1856 Deo
2230 1797 2680 1869 obtemperantis,
2721 1794 3072 1862 divinamque
3129 1788 3360 1860 gratiam
3417 1800 3526 1838 non

1940 1894 2245 1966 respuentis
2273 1901 2520 1946 astruere
2548 1907 2562 1943 :
2589 1887 2655 1944 de
2707 1901 2772 1942 eo
2824 1893 3006 1939 autem
3050 1891 3390 1950 nequaquam
3435 1874 3527 1929 Di-

1939 1988 2162 2058 dymum
2187 1985 2478 2055 cogitasse,
2512 1990 2570 2035 ut
2604 1979 2793 2049 gratiae
2821 1976 3086 2032 salutaria
3117 1987 3282 2044 opera
3316 1983 3526 2041 praeve-

1938 2078 2137 2132 nientis
2167 2075 2546 2130 necessitatem
2577 2070 2914 2127 excluderet.

2009 2167 2191 2236 Quid?
2236 2166 2378 2236 quod
2432 2164 2606 2229 locus,
2657 2163 2723 2216 de
2767 2175 2874 2230 quo
2925 2158 3158 2229 agimus,
3205 2151 3366 2225 paulo
3404 2166 3532 2222 per-

1938 2261 2148 2331 plexior
2175 2258 2390 2312 videtur
2413 2297 2428 2322 ,
2453 2265 2514 2310 ut
2539 2255 2788 2310 dubitare
2820 2267 2928 2306 non
2981 2259 3185 2304 temere
3230 2248 3438 2310 liceat,‘
3460 2260 3529 2298 an

1940 2368 2130 2408 revera
2196 2352 2270 2406 ita
2327 2349 2610 2404 dictaverit
2652 2347 2930 2416 Didymus,
2985 2352 3042 2397 ut
3087 2342 3217 2411 legit
3273 2337 3528 2395 Wolfius.

1940 2442 2126 2498 Grzeca
2155 2444 2299 2498 enim
2326 2443 2405 2496 sic
2439 2441 2569 2510 legit
2591 2458 2604 2494 :
2626 2439 2700 2492 Τὸ
2725 2439 2834 2510 γὰρ
2853 2436 3170 2507 πειθαρχεῖν
3191 2432 3311 2504 Θεῷ
3338 2448 3530 2504 προαι-

1945 2535 2177 2606 ρετικὸν,
2222 2534 2412 2605 ὥσπερ
2452 2533 2514 2586 τὸ
2569 2531 2868 2595 πιστεύειν,
2924 2523 3006 2593 οἷς
3053 2527 3194 2582 κατὰ
3238 2525 3532 2594 ἀναλογίαν

1937 2628 2148 2682 δέδοται
2179 2629 2241 2680 τὸ
2269 2628 2514 2699 Πνεῦμα,
2544 2629 2655 2689 τοῖς
2692 2624 2798 2678 τῶν
2822 2623 3179 2695 χαρισμάτων
3207 2617 3372 2673 αὐτοῦ
3400 2634 3534 2685 τυγ-

1941 2722 2186 2792 χάνουσι.
2225 2721 2354 2787 Quae
2383 2722 2448 2774 ad
2477 2718 2701 2772 verbum
2735 2732 2996 2771 conversa
3033 2716 3108 2769 sic
3135 2722 3362 2769 sonant:
3387 2709 3531 2763 Nam

1942 2813 2152 2865 obedire
2178 2811 2307 2878 Deo,
2334 2810 2689 2866 voluntarium
2719 2820 2792 2863 est
2827 2807 2967 2880 [seu,
2994 2807 3218 2860 liberum
3262 2801 3385 2875 est],
3427 2803 3534 2856 sic-

1942 2914 1998 2955 ut
2027 2915 2074 2956 et
2112 2904 2339 2966 credere,
2376 2903 2441 2957 iis
2485 2904 2672 2973 quibus
2704 2903 2865 2972 juxta
2917 2899 3220 2969 analogiam
3261 2900 3420 2951 datus
3455 2905 3533 2949 est

1945 2995 2200 3062 Spiritus,
2249 2994 2337 3064 qui
2375 2996 2514 3048 dona
2558 2995 2721 3060 ipsius
2763 3005 3170 3060 consequuntur.
3216 2990 3348 3045 Cum
3402 3001 3534 3043 vero

1945 3093 2123 3162 pigeat
2156 3105 2242 3144 me
2271 3090 2324 3143 in
2375 3091 2730 3158 grammatico
2779 3104 2972 3145 vocum
3023 3086 3274 3141 examine
3324 3091 3533 3154 tempus

1947 3192 2142 3246 terere,
2194 3196 2418 3234 missum
2472 3180 2575 3234 hoc
2622 3178 2825 3234 faciens
2861 3179 2942 3236 sic
3001 3185 3371 3249 argumentor.
3426 3176 3536 3229 Aut

1868 3233 1912 3295 Ο
1947 3272 2127 3339 lectio,
2153 3289 2312 3341 quam
2343 3271 2574 3326 Wolfius
2607 3271 2850 3334 exhibet,
2891 3233 3152 3324 mendosa
3175 3276 3292 3334 est,
3322 3277 3414 3321 aut
3443 3281 3536 3334 ge-

1946 3365 2129 3419 nuina.
2169 3363 2224 3418 Si
2264 3363 2577 3417 mendosam
2611 3361 2732 3429 quis
2772 3375 2893 3415 eam
2945 3374 3065 3414 esse
3113 3367 3359 3426 reponat,
3415 3365 3536 3408 tan-

1945 3457 2034 3511 diu
2073 3471 2204 3525 ergo
2234 3455 2440 3509 incerta
2467 3463 2550 3507 est
2576 3452 2787 3524 Didymi
2817 3453 2918 3508 hoc
2987 3454 3040 3506 in
3095 3451 3215 3506 loco
3259 3450 3534 3505 sententia

1943 3563 2005 3602 ac
2043 3563 2216 3612 mens,
2256 3546 2494 3615 quandiu
2529 3561 2632 3600 non
2663 3554 2900 3610 constat,
2934 3541 3208 3613 quomodo
3237 3541 3536 3595 emendan-

1941 3643 2042 3695 dus
2075 3641 2146 3693 sit
2185 3640 2284 3694 iste
2320 3639 2493 3694 locus.
2528 3637 2622 3692 Sin
2662 3646 2843 3692 autem
2877 3637 3164 3708 genuinam
3211 3648 3332 3690 esse
3382 3633 3536 3688 dixe-

1942 3735 2036 3797 ris,
2067 3748 2130 3788 ea
2166 3733 2430 3787 duntaxat
2463 3731 2674 3802 Didymi
2720 3730 2902 3785 verbis
2955 3727 3332 3796 interpretatio
3381 3725 3536 3779 adhi-

1941 3824 2118 3881 benda
2145 3837 2254 3889 est,
2293 3841 2456 3891 quam
2511 3823 2654 3878 ferre
2701 3832 2948 3892 possunt.
2995 3821 3201 3877 Vocula
3249 3833 3379 3891 ergo
3428 3813 3534 3885 οἷς,

1943 3919 1992 3972 id
2015 3928 2098 3972 est
2131 3919 2196 3972 iis
2217 3919 2430 3989 quibus,
2459 3916 2743 3973 referenda
2774 3925 2860 3970 est
2891 3917 2957 3970 ad
2991 3916 3284 3970 dictionem
3333 3931 3535 3988 προαι-

1945 4008 2176 4080 ρετικόν,
2213 4009 2265 4064 id
2301 4018 2386 4064 est
2424 4007 2682 4072 liberum;
2716 4021 2816 4062 nec
2842 4007 2985 4062 enim
3025 4005 3216 4060 referri
3258 4012 3433 4073 potest
3467 4003 3535 4056 ad

1941 4105 2168 4157 verbum
2208 4100 2513 4164 πιστεύειν,
2551 4100 2603 4154 id
2633 4110 2718 4154 est
2746 4100 2994 4153 credere:
3021 4098 3258 4168 alioquin
3307 4112 3415 4152 non
3468 4097 3537 4150 de

1942 4194 2050 4250 ﬁde
2086 4193 2387 4263 theologica
2415 4208 2520 4263 qua
2559 4193 2835 4249 credimus
2874 4191 2926 4245 in
2978 4192 3167 4254 Deum,
3221 4189 3538 4260 loqueretur

1944 4287 2223 4359 Didymus,
2264 4287 2358 4342 sed
2396 4287 2465 4341 de
2496 4286 2600 4341 fide
2643 4299 2808 4355 quam
2863 4283 3130 4338 habemus
3174 4283 3307 4338 viris
3356 4279 3535 4352 gratia

1943 4380 2320 4435 sanctificante
2351 4380 2607 4434 donatis:
2665 4379 2809 4449 quod
2862 4389 2946 4433 est
3002 4376 3322 4431 absurdmn.
3365 4372 3437 4426 At
3489 4371 3534 4426 si

1947 4489 2051 4529 vox
2078 4467 2160 4538 οἷς
2185 4471 2468 4527 referenda
2497 4480 2585 4526 est
2619 4472 2687 4525 ad
2723 4485 2911 4526 vocem
2962 4465 3370 4540 προαιρετικόν,
3410 4464 3536 4533 quis

1877 4601 1922 4657 Β
1950 4581 2055 4620 non
2097 4564 2261 4657 videt,
2286 4561 2505 4657 Didymi
2547 4562 2716 4617 verba
2775 4577 2807 4616 a
2861 4562 3105 4630 qualibet
3151 4557 3534 4627 Pelagianismi

1950 4656 2256 4726 suspicione
2285 4654 2548 4708 immunia
2589 4655 2747 4709 esse?
2774 4653 2897 4708 Loci
2935 4653 3079 4706 enim
3116 4651 3387 4707 sententia
3419 4649 3537 4704 haec

1950 4760 2076 4804 est:
2112 4749 2181 4803 lis
2211 4747 2440 4802 liberum
2477 4759 2598 4801 esse
2638 4746 2748 4800 Deo
2780 4745 3024 4809 obedire,
3059 4753 3117 4798 et
3161 4744 3407 4809 credere,
3444 4742 3536 4812 qui

1949 4839 2184 4908 Spiritus
2217 4838 2392 4892 sancti
2428 4838 2568 4892 dona
2603 4847 3034 4907 consequantur.

2021 4933 2493 5000 Supervacaneum
2523 4945 2650 4986 vero
2679 4930 2821 4985 foret
2849 4930 2904 4984 in
2935 4929 3056 4984 aliis
3084 4925 3244 4996 hujus
3273 4925 3417 4981 modi
3451 4925 3535 4982 l0-

1948 5027 2028 5082 cis
2073 5025 2406 5093 explicandis
2451 5025 2753 5090 immorari,
2812 5024 2865 5076 in
2900 5023 3098 5093 quibus
3133 5023 3212 5076 ait
3254 5020 3535 5092 Didymus,

1951 5117 2213 5187 Spiritum
2248 5126 2493 5170 sanctum
2529 5115 2634 5170 illis
2667 5114 2925 5179 conferri,
2983 5124 3077 5168 aut
3123 5114 3178 5169 in
3228 5112 3337 5168 illis
3384 5111 3539 5166 habi-

1952 5223 2064 5264 tare
2089 5250 2104 5275 ,
2138 5210 2226 5278 qui
2251 5209 2395 5277 digni
2422 5209 2647 5261 aduentu
2683 5207 2798 5276 ejus
2824 5206 3140 5271 exstiterint,
3189 5213 3250 5260 ut
3293 5204 3537 5274 loquitur

1949 5320 2102 5360 tium.
2129 5302 2199 5356 28
2245 5301 2367 5355 libri
2406 5300 2484 5353 De
2530 5300 2738 5368 Spiritu
2787 5307 2991 5363 sancto,
3038 5299 3188 5366 quive
3239 5313 3294 5350 se
3349 5296 3538 5366 dignos

1949 5396 2062 5464 ejus
2088 5409 2300 5447 munere
2339 5391 2772 5460 praeparaverint,
2796 5399 2853 5443 ut
2888 5389 2966 5443 ait
2997 5387 3196 5442 ibidem
3247 5400 3396 5440 num.
3443 5383 3534 5438 37.

1951 5483 2048 5539 His
2083 5486 2228 5541 enim
2267 5483 2532 5546 formulis,
2568 5497 2705 5552 quas
2745 5495 2850 5535 non
2897 5495 3024 5534 raro
3071 5479 3236 5534 etiam
3286 5477 3340 5531 in
3386 5475 3539 5529 libris

1951 5577 2029 5630 De
2059 5576 2318 5629 Trinitate
2351 5573 2532 5639 habet,
2565 5573 2908 5642 perspicuum
2931 5579 3015 5625 est
3041 5571 3232 5640 dignos
3281 5581 3376 5622 eos
3429 5565 3534 5619 dici

1953 5668 2183 5722 adventu
2211 5667 2446 5736 Spiritus
2465 5665 2662 5731 sancti,
2691 5667 2778 5733 qui
2807 5663 3176 5734 praecedentes
3201 5661 3403 5729 gratias
3424 5671 3535 5711 non

1952 5759 2300 5829 respuerint,
2351 5758 2443 5812 sed
2499 5756 2681 5812 divina
2743 5756 3034 5824 adjuvante
3083 5751 3253 5820 gratia
3305 5764 3335 5804 a
3389 5748 3540 5807 vitiis

1866 1874 1909 1929 Β
