4004 6418
551 380 645 437 191

553 489 770 546 liberali
809 489 940 546 sint.
970 488 1070 544 His
1100 490 1237 545 enim
1260 490 1620 544 tantummodo
1664 488 1898 560 Spiritus
1938 503 2149 546 sanctus

548 583 821 648 inseritur,
849 582 1147 652 inquitipsc
1159 598 1309 636 num.
1326 581 1396 635 49
1423 583 1665 652 ejusdem
1697 583 1823 638 libri
1849 585 1920 638 De
1939 583 2143 654 Spiritu

551 682 760 740 sancto,
790 675 881 745 qui
903 674 1044 729 uitiis
1056 673 1340 740 derelictis,
1364 674 1612 728 uirtutum
1629 677 2141 743 sectanturchorum,

549 777 597 821 et
619 767 784 836 juxta
809 784 922 834 eas,
956 778 1004 822 et
1030 783 1122 835 per
1152 783 1241 822 eas
1268 767 1324 820 in
1359 767 1465 834 fide
1493 765 1693 822 Christi
1725 770 1988 825 victitant.

623 857 841 914 Tertius
904 859 1055 914 locus
1098 867 1281 915 exstat
1328 858 1514 913 libI'Ol
1562 858 1643 914 De
1677 859 1826 915 Trin.
1879 876 2002 932 pag.
2051 861 2143 918 5|.

552 949 833 1015 Creatura,
867 952 1061 1022 inquit,
1115 967 1207 1019 per
1233 953 1695 1021 participationem
1729 954 1884 1010 habet
1930 951 2143 1010 bonita-

557 1056 681 1110 tem,
711 1045 1010 1099 imitatione
1035 1046 1330 1115 exprimens
1362 1063 1458 1112 pro
1490 1048 1600 1102 suis
1635 1048 1801 1118 ipsius
1839 1049 2050 1112 uiribus,
2099 1052 2147 1106 si

507 1189 509 1193 .
555 1137 634 1189 ita
658 1135 802 1206 loqui
836 1136 919 1203 fas
945 1146 1043 1201 est,
1076 1137 1340 1200 innatam,
1377 1147 1425 1190 et
1469 1137 1756 1206 perfectam
1792 1138 1890 1194 Dei
1936 1141 2146 1194 bonita-

555 1235 682 1291 tem,
707 1236 756 1280 et
789 1242 882 1296 per
912 1227 1048 1280 hanc
1070 1231 1217 1283 salva
1241 1229 1404 1298 facta.
1439 1227 1639 1283 Verum
1692 1246 1798 1284 non
1847 1247 2000 1296 casu,
2051 1233 2148 1289 sed

556 1316 806 1372 consulto
840 1318 987 1372 addit
1017 1318 1316 1390 Didymus:
1361 1337 1454 1390 per
1483 1323 1619 1376 hanc
1667 1322 1784 1393 (Dei
1824 1323 2146 1394 bonitatem)

552 1407 698 1462 salua
718 1407 866 1477 facta
884 1449 898 1472 ,
923 1417 1003 1476 et,
1021 1411 1068 1463 si
1090 1411 1166 1464 ita
1190 1411 1330 1480 loqui
1347 1413 1431 1481 fas
1444 1424 1544 1468 est.
1566 1412 1721 1469 Vires
1745 1427 1876 1483 ergo
1899 1414 2148 1471 humana:

555 1514 696 1569 quas
723 1511 1012 1566 memorat,
1039 1517 1146 1557 non
1180 1511 1309 1558 sunt
1334 1517 1487 1558 mere
1531 1503 1829 1572 naturales,
1878 1506 1972 1561 sed
2024 1522 2147 1563 cum

555 1590 741 1646 divina
774 1594 951 1663 gratia
978 1605 1353 1664 cooperantes.
1385 1597 1505 1664 Quo
1534 1611 1695 1652 sensu
1729 1599 1782 1654 in
1809 1597 1951 1652 libro
1980 1599 2146 1654 etiam

557 1683 635 1738 De
649 1683 860 1753 Spiritu
888 1697 1071 1751 sunto
1105 1704 1254 1742 num.
1287 1689 1380 1757 22,
1414 1690 1531 1744 ait:
1571 1688 1706 1745 Cum
1743 1702 1920 1745 autem
1972 1690 2148 1748 Filius

554 1777 729 1847 imago
751 1778 821 1832 sit
850 1777 947 1833 Dei
979 1778 1282 1850 invisibilis,
1332 1790 1382 1836 et
1421 1781 1597 1852 [arma
1643 1781 1953 1836 substantiae
1999 1783 2145 1852 ejus;

556 1869 853 1941 quicunque
878 1870 949 1925 ad
979 1872 1116 1926 Itane
1138 1873 1444 1944 imaginem,
1473 1874 1552 1928 uel
1583 1873 1809 1942 formam
1840 1875 2143 1945 imaginan—

555 1971 646 2014 tur
678 1969 839 2031 atque
889 1961 1213 2031 formantur,
1265 1964 1598 2018 adducentur
1641 1965 1697 2018 in
1739 1965 2145 2019 similitudinem

560 2050 679 2116 Dei,
706 2051 870 2121 juxta
901 2053 1034 2107 uires
1057 2063 1232 2108 tamen
1252 2054 1472 2109 humani
1525 2054 1811 2124 profectus,
1847 2057 2147 2110 istiusmodi

553 2143 783 2212 formam
828 2154 876 2198 et
907 2145 1195 2216 imaginem
1228 2155 1620 2216 consequentes.
1667 2145 1938 2202 Cteterum
1976 2149 2144 2202 verba

556 2235 694 2301 haec,
718 2251 813 2304 pro
837 2237 950 2291 suis
978 2237 1143 2307 ipsius
1165 2236 1362 2292 viribus
1383 2253 1404 2302 ,'
1433 2248 1508 2306 et,
1546 2237 1706 2308 juxta
1746 2240 1878 2294 uires
1929 2241 2146 2294 humani

555 2325 845 2396 profectus,
874 2341 1030 2397 atque
1068 2328 1250 2386 valere
1277 2329 1492 2400 opinor,
1523 2339 1687 2400 atque
1734 2331 1857 2401 ista,
1883 2325 2145 2404 quantum

556 2417 757 2473 homini
788 2420 1035 2490 possibile
1063 2431 1158 2476 est.

629 2510 950 2568 Postremus
1013 2513 1168 2570 locus
1217 2525 1397 2572 exstat
1457 2516 1512 2571 in
1563 2515 2022 2572 Enarrationibus
2077 2520 2147 2572 ttd

557 2619 676 2672 cap.
705 2619 722 2658 ι
757 2601 929 2673 Epist.
964 2603 994 2659 ι
1023 2605 1190 2662 Petri.
1241 2607 1318 2664 lbi
1368 2608 1533 2664 verba
1580 2607 1762 2674 Petri,
1785 2610 1832 2641 ’⁸⁷
1858 2609 2146 2664 Electis....

563 2696 852 2750 secundum
902 2700 1286 2768 prtzscientiam
1334 2700 1433 2756 Dei
1483 2698 1692 2768 Patris,
1745 2701 1826 2756 sic
1873 2704 2146 2768 explicat:

557 2786 687 2842 illis
706 2790 1044 2846 concordant
1090 2807 1210 2861 quae
1255 2808 1284 2846 a
1314 2792 1481 2848 Paulo
1514 2795 1657 2849 dicta
1693 2804 1820 2848 sunt
1851 2795 1963 2850 ita:
2002 2793 2148 2849 Sicut

561 2877 748 2953 [XLV]
781 2881 940 2952 elegit
971 2899 1063 2938 nos
1106 2885 1164 2938 in
1184 2884 1297 2954 ipso
1330 2895 1451 2940 ante
1497 2886 1758 2956 originem
1812 2887 1996 2940 mundi
2039 2903 2150 2941 esse

558 2981 772 3027 sanctos
817 2982 868 3027 et
891 2974 1266 3030 immaculatos
1291 2992 1471 3031 coram
1497 2993 1558 3032 eo
1584 2979 1642 3031 in
1679 2977 1980 3044 dilectione,
2012 2995 2152 3048 prte-

557 3062 829 3116 destinans
853 3078 950 3118 nos
979 3064 1035 3118 in
1081 3067 1417 3135 adoptionem
1444 3066 1677 3136 ﬁliorum
1693 3068 1760 3123 ιδ.
1807 3068 1962 3123 Licet
2003 3069 2148 3124 enim

555 3151 782 3223 quidam
813 3153 1020 3220 dicant,
1055 3156 1313 3226 quoniam
1345 3172 1580 3229 semper,
1621 3168 1676 3214 et
1709 3169 1838 3214 ante
1863 3161 2148 3223 mundum,

561 3246 966 3302 rationabilium
1019 3259 1220 3305 natura
1263 3251 1366 3318 sit;
1420 3261 1796 3307 verumtamen
1849 3253 2152 3323 praevidens

560 3339 704 3395 Deus
761 3339 943 3408 ﬁdem,
997 3351 1052 3398 et
1109 3354 1265 3400 actus
1321 3343 1629 3411 hominum,
1677 3362 1798 3414 quae
1852 3345 2151 3418 [legendum

557 3444 707 3504 puto,
763 3436 880 3509 qui]
950 3447 1188 3505 aguntur
1245 3453 1343 3508 per
1389 3438 1762 3508 evangelicam
1815 3441 2148 3504 doctrinam,

560 3527 909 3594 praescienter
939 3528 1089 3598 elegit
1118 3544 1205 3583 eos
1238 3530 1291 3582 in
1333 3526 1544 3584 Christo
1587 3537 1710 3584 ante
1751 3531 1934 3585 mundi
1981 3532 2150 3601 origi-

562 3632 700 3683 nem,
735 3617 846 3685 jam
890 3627 1019 3672 tunc
1055 3619 1448 3688 pra'destinans
1474 3637 1562 3674 eos
1590 3621 1732 3688 filios
1775 3635 1896 3676 esse
1925 3623 2154 3691 partici-

562 3709 652 3776 pio
682 3718 900 3764 sanctos
935 3710 1260 3778 adoptionis.
1302 3711 1652 3766 Prtescientia
1684 3712 1828 3766 enim
1856 3713 1984 3767 nihil
2009 3714 2154 3768 aliud

562 3812 646 3855 est
673 3803 940 3870 putanda,
975 3818 1140 3872 quam
1188 3805 1576 3874 contemplatio
1633 3803 1983 3860 futurorum:
2035 3821 2156 3877 quae

564 3907 672 3947 non
707 3903 790 3948 cst
811 3893 926 3963 jam
955 3895 1297 3963 przuscientia
1331 3906 1541 3964 postea,
1568 3896 1663 3951 sed
1713 3897 1968 3961 scientia,
2025 3898 2154 3951 dum

563 4001 628 4040 ea
658 4001 778 4055 quae
805 3990 1059 4058 primitus
1093 3992 1461 4060 contemplata
1489 4001 1639 4057 sunt,
1686 3994 1912 4047 veniunt
1957 3993 2026 4048 ad
2071 3993 2153 4048 ef-

568 4077 790 4132 fectum.
837 4078 991 4134 Licet
1039 4081 1204 4150 igitur
1245 4081 1532 4136 secundum
1583 4085 1967 4152 prascientiam
2006 4085 2157 4140 electi

565 4179 724 4223 erant
755 4172 953 4240 quibus
980 4171 1174 4228 Petrus
1205 4175 1433 4241 scribit;
1469 4186 1848 4231 verumtamen
1881 4178 2155 4233 exsisten-

566 4261 712 4317 tibus
767 4263 847 4318 eis
885 4263 1082 4320 Petrus
1108 4265 1367 4335 loquitur.
1415 4267 1619 4335 Abjicit
1676 4267 1858 4336 itaque
1919 4268 2154 4324 fabulam

566 4353 992 4412 Manichaeorum
1031 4359 1097 4413 de
1123 4359 1334 4414 naturis
1363 4370 1417 4414 et
1447 4359 1757 4415 intellectus
1783 4375 2045 4427 praesens.
2073 4379 2092 4413 ι

638 4447 837 4504 Parum
888 4466 1018 4506 vero
1063 4449 1180 4506 hazc
1229 4451 1477 4509 arrident
1529 4451 1744 4506 censori
1797 4451 1910 4516 illi,
1957 4452 2050 4521 qui
2103 4453 2154 4506 in

569 4535 989 4596 Enarrationum
1035 4543 1279 4612 margine
1312 4543 1506 4597 breves
1536 4549 1694 4596 notas
1730 4545 2019 4611 apposuit;
2063 4558 2154 4596 ar-

580 4631 819 4687 bitratur
847 4635 994 4688 enim
1028 4635 1095 4698 is,
1124 4644 1183 4687 ut
1219 4635 1437 4706 opinor,
1473 4644 1568 4688 aut
1600 4634 1791 4688 saltem
1823 4635 2151 4703 suspicatur,

577 4724 863 4794 llidymutn
894 4727 982 4782 hic
1014 4728 1158 4797 loqui
1192 4728 1259 4783 de
1287 4728 1768 4797 prmdestinatione
1808 4742 1929 4797 quas
1962 4727 2153 4783 subse-

574 4826 780 4884 quatur
830 4819 1161 4872 naturalium
1215 4820 1537 4873 meritorum
1597 4818 2009 4888 prmvisioncm,
2063 4827 2159 4872 aut

573 4906 773 4960 saltem
809 4909 874 4961 de
907 4908 1381 4978 praedestinatione
1409 4909 1474 4963 ad
1515 4909 1761 4979 gloriam.
1793 4907 1886 4970 At,
1923 4907 2026 4962 nisi
2059 4921 2158 4976 ego

582 4997 762 5065 l‘allor,
797 4998 1055 5069 Didymus
1091 5015 1267 5068 neque
1310 5001 1376 5056 de
1415 4999 1893 5070 praedestinatione
1939 5000 2003 5054 ad
2036 4999 2153 5069 glo-

580 5093 715 5145 riam
741 5091 1003 5160 loquitur,
1036 5107 1212 5162 nequc
1234 5093 1298 5147 de
1326 5092 1800 5162 prtedestinatione
1827 5092 1893 5146 ad
1921 5093 2153 5163 gratiam

576 5199 641 5237 ex
675 5183 920 5253 praevisis
952 5183 1164 5238 meritis
1202 5184 1541 5239 naturalibus
1573 5203 1587 5238 :
1619 5183 1822 5238 nullam
1865 5185 2009 5239 enim
2056 5199 2153 5237 ne-

572 5290 682 5342 que
712 5274 931 5342 gloriae,
963 5289 1066 5329 nec
1097 5277 1415 5330 meritorum
1453 5275 1783 5329 naturalium
1824 5275 2154 5330 mentionem

582 5366 745 5426 facit:
779 5382 901 5420 nam
939 5381 1250 5420 sermonem
1281 5367 1446 5421 habet
1472 5366 1540 5422 de
1581 5365 2056 5437 praedestinatione
2089 5369 2156 5421 ad

574 5461 808 5528 gratiam
843 5458 1186 5529 adoptionis,
1223 5460 1339 5514 sive
1373 5458 1806 5513 sanctiﬁcanlem
1828 5498 1843 5523 ,
1873 5474 1994 5527 qua:
2028 5474 2159 5530 pra)-

573 5549 870 5604 dcstinatio
934 5550 1303 5619 subsequatur
1372 5550 1766 5619 praescientiam
1837 5552 2155 5606 meritorum

575 5654 671 5709 per
693 5643 923 5708 gratiam
954 5639 1366 5708 acquisitorum,
1398 5640 1520 5694 lidei
1561 5656 1758 5710 nempe
1789 5643 2130 5711 potissimum

653 5839 692 5868 "
725 5837 906 5894 ll‘ctt'.
939 5858 975 5903 ι,
1019 5841 1061 5905 l,
1097 5841 1146 5894 2.
1232 5841 1272 5871 ³⁸
1316 5841 1506 5910 Ιζιιιιρδ.
1541 5841 1659 5909 1,.4,
1692 5841 1736 5894 5.

1981 379 2067 435 ΒΕ
2095 381 2355 439 DIDYMO

3709 391 3795 446 199.

2178 498 2228 554 Α
2254 505 2310 552 et
2335 511 2564 566 operum
2592 497 2938 554 salutarium.
2971 498 3041 556 Ut
3069 498 3213 553 enim
3246 498 3502 570 Didymus
3532 501 3640 569 ipse
3661 503 3727 555 ait
3752 507 3794 558 in

2247 589 2439 644 iisdem
2470 590 2916 646 Enarrationibus
2941 593 3011 645 ad
3034 601 3189 659 caput
3217 608 3275 646 ιιι
3305 591 3475 660 Epist.
3506 591 3532 646 I
3562 591 3798 650 Joannis:

2246 676 2378 732 Filii
2418 679 2515 734 Dei
2553 697 2737 735 sumus
2767 681 2888 752 jam
2927 699 2963 737 a
2997 685 3246 752 presenti
3279 683 3493 738 sarculo.
3519 721 3536 738 .
3561 723 3577 739 .
3603 726 3620 741 .
3647 723 3660 738 .
3691 689 3800 741 dum

2246 781 2447 825 constat
2483 772 2538 826 in
2578 773 2752 839 nobis,
2780 774 2916 828 sicut
2951 773 3198 843 possibile
3236 783 3328 840 est,
3363 775 3420 829 in
3446 778 3683 846 presenti
3709 779 3802 833 vita

2245 863 2484 932 ﬁliorum
2510 865 2748 936 adoptio.

2695 953 2825 1010 Cn.
2858 952 2970 1009 VII.
3005 954 3081 1010 De
3107 957 3370 1024 apatheia.

2323 1042 2662 1100 Vocabulum
2686 1046 2948 1111 ἀπάθεια,
2977 1048 3146 1116 quod,
3180 1058 3424 1117 spectata
3450 1049 3570 1119 ejus
3595 1052 3801 1121 origine,

2249 1133 2718 1202 impatibilitatem,
2753 1135 2871 1190 sive
2904 1137 3292 1192 immunitatem
3322 1155 3354 1192 a
3382 1140 3628 1205 passione
3658 1141 3805 1210 signi-

2253 1226 2400 1291 ﬁcat,
2464 1236 2589 1296 post
2637 1227 2850 1298 Didymi
2881 1227 3090 1282 obitum
3125 1229 3418 1286 Catholicis
3448 1231 3603 1286 valde
3640 1248 3805 1304 suspe-

2251 1329 2398 1372 ctum
2427 1319 2620 1384 evasit,
2655 1319 2798 1387 quod
2829 1333 2896 1374 eo
2931 1317 3208 1391 Pelagiani
3241 1323 3473 1392 turpiter
3504 1323 3658 1378 abusi
3689 1325 3801 1381 sint.

2249 1407 2386 1464 Cum
2445 1410 2612 1482 igitur
2640 1410 2900 1482 Didymus
2933 1410 3049 1480 ipse
3085 1411 3216 1466 illud
3251 1415 3615 1481 usurpaverit,
3647 1416 3804 1471 videa-

2249 1517 2371 1557 mus
2405 1518 2571 1567 nunc,
2605 1513 2785 1557 utrum
2821 1517 2990 1572 pravo
3051 1517 3120 1558 an
3151 1514 3300 1560 recto
3328 1519 3492 1560 sensu
3525 1507 3576 1562 id
3607 1521 3804 1576 accepe-

2252 1594 2344 1649 rit.
2395 1595 2550 1661 Quod
2603 1596 2917 1665 priusquam
2971 1595 3343 1666 perpendam,
3402 1597 3803 1657 animadvertere

2249 1699 2386 1754 opus
2416 1695 2532 1752 est,
2565 1687 2737 1741 tribus
2777 1687 3048 1757 praecipue
3089 1687 3266 1742 modis
3307 1701 3428 1742 eam
3478 1703 3660 1743 vocem
3696 1690 3802 1743 olim

2250 1787 2521 1848 sumptam
2571 1793 2715 1834 esse.
2761 1776 2898 1832 Nam
2948 1778 3126 1847 primo
3178 1779 3379 1835 dicitur
3427 1779 3664 1852 ἀπαθής,
3711 1783 3804 1837 sive

2251 1872 2598 1942 impassibilis
2622 1873 2872 1928 absolute
2894 1885 2950 1929 et
2975 1874 3316 1944 simpliciter.
3345 1875 3527 1944 Atque
3549 1876 3645 1929 hoc
3667 1889 3804 1930 sensu

2250 1965 2508 2036 Didymus
2539 1965 2633 2020 lib.
2662 1981 2700 2020 ιι
2723 1965 2800 2020 De
2827 1965 3116 2036 Trin.pag.
3143 1966 3273 2034 2H,
3299 1969 3377 2020 ait
3405 1985 3422 2023 :
3453 1966 3557 2032 Qui
3587 1983 3695 2020 vero
3722 1968 3804 2019 im-

2245 2058 2512 2126 passibilis
2525 2067 2625 2124 est,
2654 2057 2791 2112 Deus
2803 2068 2897 2113 est.
2923 2059 2980 2112 In
2995 2058 3130 2114 libro
3150 2068 3329 2112 autem
3345 2057 3419 2111 De
3432 2057 3632 2128 Spiritu
3649 2066 3803 2110 sancto

2260 2165 2410 2204 num.
2447 2149 2503 2215 9,
2533 2160 2691 2204 vocat
2718 2150 2980 2220 Spiritum
3025 2160 3276 2205 sanctum
3307 2149 3692 2219 impassibilem.
3721 2147 3804 2202 Se-

2251 2243 2430 2298 cundo
2461 2243 2680 2315 ὰπαθής
2717 2245 2915 2298 dicitur
2946 2243 3057 2302 ille,
3091 2244 3208 2310 qui,
3242 2255 3298 2294 ut
3331 2243 3513 2296 verbis
3541 2251 3658 2294 utar
3697 2238 3801 2292 Hie-

2251 2336 2465 2406 ronymi
2512 2341 2580 2390 ad
2636 2335 3028 2404 Ctesiphontem
3093 2336 3412 2398 scribentis,
3464 2335 3533 2388 ad
3585 2333 3803 2388 virtutum

2249 2427 2609 2481 summitatem
2669 2444 2788 2481 cum
2840 2429 3032 2482 uenerit
3087 2426 3466 2492 meditatione,
3517 2435 3566 2478 et
3619 2424 3803 2477 assidua

2249 2518 2492 2586 ipsarum
2533 2521 2781 2572 uirtutum
2817 2520 3226 2583 exercitatione,
3265 2521 3570 2587 passiones,
3599 2534 3683 2570 seu
3709 2530 3804 2581 per-

2249 2608 2579 2662 turbationes
2612 2610 2686 2663 ita
2713 2614 2779 2664 de
2813 2621 2984 2664 mente
3009 2611 3373 2679 exstirpaverit
3395 2651 3411 2676 ,
3442 2619 3498 2664 ut
3531 2609 3669 2663 nulla
3689 2607 3800 2675 ﬁbra

2253 2704 2511 2773 radixque
2557 2704 2805 2757 vitiorum
2851 2704 2906 2756 in
2955 2719 3014 2757 eo
3062 2705 3287 2757 resideat
3337 2717 3359 2756 :
3396 2704 3528 2756 adeo
3571 2712 3625 2754 ut
3666 2716 3722 2753 ne
3759 2698 3804 2750 in

2253 2804 2402 2848 nocte
2448 2796 2658 2865 quidem
2705 2811 2765 2848 ea
2807 2796 3049 2864 patiatur
3089 2810 3214 2862 qua:
3248 2793 3524 2846 hominum
3552 2801 3696 2855 sunt,
3732 2802 3804 2840 nec

2254 2887 2570 2954 cogitatione
2596 2887 2840 2938 uitiorum
2872 2886 3050 2954 aliqua
3069 2884 3328 2937 titilletur.
3352 2882 3467 2937 lloc
3493 2897 3646 2938 sensu
3670 2892 3805 2949 quos-

2253 2978 2377 3030 dam
2405 2986 2624 3030 sanctos
2667 2977 2915 3030 homines
2963 2979 3194 3029 evadere
3231 2973 3601 3042 impassibiles,
3639 2971 3804 3026 docue-

2255 3074 2381 3118 runt
2415 3062 2718 3135 Pelagiani.
2756 3067 2873 3132 Quo
2906 3077 3087 3120 autem
3123 3065 3339 3118 illorum
3376 3064 3660 3119 absurdior
3691 3059 3804 3114 foret

2180 3183 2224 3241 α
2257 3159 2474 3229 opinio,
2519 3160 2651 3214 illud
2700 3160 2868 3214 etiam
2919 3161 3214 3230 aliquando
3247 3159 3443 3213 saltem
3493 3159 3801 3212 addiderunt,

2263 3255 2424 3318 posse
2454 3249 2732 3304 hominem
2771 3249 2902 3303 solis
2949 3262 3156 3302 natura:
3191 3249 3399 3302 viribus
3432 3250 3498 3302 ad
3535 3242 3802 3316 huiusmodi

2255 3351 2463 3397 statum
2495 3344 2802 3410 pervenire.
2837 3341 2932 3395 His
2961 3343 3296 3410 Augustinus
3329 3341 3384 3394 in
3419 3343 3555 3396 libro
3586 3341 3655 3393 De
3687 3338 3802 3389 dono

2254 3430 2673 3498 perseverarttiw,
2691 3445 2810 3498 cap.
2839 3429 2896 3493 2,
2939 3434 3040 3484 hoc
3073 3429 3328 3484 Ecclesia:
3354 3431 3549 3500 dogma
3576 3426 3801 3499 opponit:

2255 3518 2324 3573 In
2349 3531 2757 3590 quantacunque
2771 3521 2983 3590 justitiu
3006 3521 3118 3574 sine
3138 3521 3588 3592 qualibuscunque
3609 3514 3802 3588 peccatis

2257 3609 2313 3662 in
2356 3609 2455 3662 hoc
2492 3607 2830 3677 corruptibili
2871 3625 3086 3677 corpore
3121 3625 3268 3662 nemo
3305 3611 3451 3664 vicit.
3493 3611 3620 3664 Cum
3659 3601 3803 3676 gratia

2257 3712 2457 3769 nempe
2497 3699 2794 3763 ordinaria,
2833 3710 2891 3752 ut
2920 3715 3020 3769 ego
3053 3699 3403 3766 interpretor.
3444 3701 3658 3753 Demum
3688 3691 3803 3745 ἀπά-

2226 3763 2406 3854 ’Θεια,
2437 3791 2554 3845 sive
2587 3790 2966 3860 imputibilitas
2998 3792 3231 3846 sumitur
3265 3791 3431 3845 etiam
3470 3808 3563 3861 pro
3587 3805 3642 3843 eo
3669 3799 3802 3846 statu,

2259 3884 2434 3953 inquit
2485 3883 2788 3939 Colelerius
2843 3895 2986 3938 tonio
3047 3883 3067 3937 ι
3127 3863 3362 3937 Ῥαινιιηι
3407 3883 3800 3954 upostolicorum.

2257 3993 2384 4048 pag.
2435 3978 2573 4042 548,
2608 3979 2664 4031 in
2700 3995 2800 4046 quo
2846 3980 3051 4046 positus
3086 3978 3163 4030 cir
3203 3991 3449 4044 sanctus,
3485 3993 3573 4044 per
3610 3971 3803 4042 gratiam

2258 4068 2358 4122 Dei
2389 4070 2564 4122 minus
2592 4070 2787 4122 crebris
2809 4109 2823 4134 ,
2858 4068 3250 4137 minoribusque
3278 4069 3647 4122 tentationibus
3671 4061 3805 4116 obno-

2255 4161 2380 4216 xius
2405 4173 2507 4226 est,
2541 4179 2632 4216 nec
2659 4162 2991 4232 grauioribus
3022 4163 3250 4230 peccatis
3275 4162 3583 4215 succumbit.
3605 4161 3676 4212 Ac
3698 4167 3804 4208 sane

2258 4254 2534 4310 ἀπάθειαν
2585 4257 2666 4311 sic
2719 4256 2909 4310 delinit
2981 4256 3040 4310 S.
3096 4255 3363 4309 Maximus
3421 4255 3654 4308 centuria
3691 4264 3706 4302 l
3747 4245 3806 4298 οι

2259 4346 2546 4413 cltaritate,
2587 4362 2708 4415 cap.
2759 4348 2870 4411 56,
2928 4357 2988 4401 ut
3035 4349 3107 4401 sit
3153 4357 3375 4416 pacatus
3423 4350 3608 4401 anima:
3643 4348 3802 4398 status,

2260 4437 2548 4491 secundum
2578 4454 2730 4508 quem
2761 4438 3039 4508 diﬁiculter
3071 4450 3308 4492 moretur
3335 4443 3518 4491 anima
3539 4453 3652 4504 erga
3679 4428 3805 4484 ntali-

2188 4535 2230 4590 Ι)
2262 4532 2414 4585 tiam.
2437 4530 2671 4586 Sanctus
2684 4547 2810 4586 vero
2839 4533 3055 4586 lsaacns
3079 4532 3425 4602 Syrus,libr0
3451 4549 3485 4586 ll
3509 4531 3802 4588 Sermonum,

2259 4640 2508 4680 sermone
2539 4626 2630 4689 54,
2678 4642 2803 4694 pag.
2837 4625 2943 4677 200
2977 4624 3206 4680 Naniani
3236 4627 3440 4680 codicis
3475 4624 3677 4680 eosdem
3708 4631 3805 4672 ser-

2259 4733 2449 4772 mones
2483 4718 2810 4772 continentis
2838 4737 2850 4771 :
2883 4719 2949 4770 Τί
3027 4719 3194 4781 ἐστιν,
3248 4718 3443 4786 inquit,
3479 4719 3510 4786 ή
3545 4705 3804 4769 ἀπάθειαὴ

2261 4805 2614 4876 ἀνθρωπίνης
2670 4805 2936 4858 Ἀπάοεια
2972 4807 3032 4858 οὐ
3058 4806 3119 4856 τὸ
3148 4806 3222 4877 μὴ
3258 4806 3580 4876 αἰσθηθῆναι
3600 4801 3697 4854 τῶν
3723 4813 3807 4847 πα-

2263 4900 2371 4954 Θῶν
2405 4901 2551 4952 ἐστιν
2576 4915 2589 4929 ’
2622 4899 2759 4951 ἀλλὰ
2789 4898 2850 4951 τὸ
2893 4900 2968 4970 μὴ
3003 4899 3256 4962 δέξασθαι
3289 4899 3360 4951 τὰ
3404 4900 3578 4967 πάθη·
3608 4896 3668 4946 ἐκ
3699 4887 3807 4941 πολ-

2262 4991 2370 5044 λῶν
2403 4991 2511 5062 γὰρ
2559 4991 2655 5044 καὶ
2700 4991 2961 5044 ποικίλων
3011 4990 3224 5062 ἀρετῶν
3268 4984 3342 5044 ὧν
3395 4991 3681 5059 ἐκτήσαντο
3715 4977 3808 5031 τῶν

2263 5089 2515 5161 φανερῶν
2545 5091 2640 5144 καὶ
2679 5089 2935 5162 κρυπτῶν
2956 5129 2970 5151 ,
3005 5090 3312 5160 ὴσθένησαν
3346 5091 3528 5151 αὐτοῖς
3552 5086 3615 5138 τὰ
3649 5079 3802 5144 πὰοη’

2265 5181 2360 5236 καὶ
2409 5183 2470 5236 οὐ
2517 5181 2772 5235 δύνανται
2821 5181 3064 5253 εὐχερῶς
3111 5182 3485 5250 ἐπαναστῆναι
3542 5173 3672 5230 κατὰ
3721 5167 3806 5233 τῆς

2263 5275 2469 5344 ψυχῆς,
2502 5275 2538 5328 i.
2566 5290 2616 5326 e.
2645 5273 2786 5338 Quid
2811 5283 2886 5326 est
2918 5275 3147 5326 humana
3181 5274 3548 5342 intpatibilitas
3569 5270 3591 5322 ?
3616 5265 3806 5328 Impati—

2265 5367 2446 5420 bilitas
2483 5363 2697 5438 [XLVI]
2736 5382 2840 5419 non
2879 5367 2933 5418 in
2971 5381 3031 5419 eo
3074 5369 3178 5418 sita
3213 5380 3306 5428 est,
3347 5378 3400 5418 ut
3431 5362 3686 5433 passiones
3721 5361 3804 5402 ηοω

2265 5460 2582 5522 sentiantur,
2612 5460 2705 5512 sed
2744 5459 2802 5512 in
2832 5474 2893 5512 eo
2931 5469 2985 5511 ut
3028 5459 3300 5526 passiones
3333 5474 3434 5510 non
3483 5451 3802 5519 recipiantur:

2266 5569 2390 5614 nam
2430 5567 2496 5606 ea:
2529 5552 2710 5604 ntultis
2742 5552 3003 5620 variisque
3044 5551 3325 5604 virtutibus
3376 5565 3492 5602 cum
3523 5533 3799 5607 manifestis.

2269 5653 2379 5695 tum
2407 5643 2643 5709 occultis,
2675 5658 2806 5710 quas
2841 5643 3230 5712 acquisiverunt
3301 5640 3489 5695 debiles
3521 5637 3665 5705 facta
3704 5627 3799 5678 σακε
