2002 3199
74 203 117 233 lilii
720 206 1004 235 COMMENTARIUS.
1027 222 1060 227 -—
1083 207 1146 235 LIB.
1166 208 1190 235 ll
1723 207 1775 234 l9!

71 273 152 292 eorum
175 273 356 302 me;
367 287 381 302 ,
402 275 462 296 nec
489 273 594 303 possunt
610 268 668 295 ista
690 272 784 294 contra
806 268 924 294 animam
939 271 963 296 Α
979 268 1078 294 amicos
1096 268 1142 294 Dei
1157 266 1308 295 constituit.
1326 267 1381 294 Nec
1395 267 1466 294 enim
1483 268 1587 299 dubito,
1604 268 1669 301 quin
1685 268 1775 301 ὲμπα-
1791 266 1794 295 ί

73 310 341 349 inibi-urgere.
360 313 440 342 Hoc
453 313 542 342 ferme
553 321 631 342 sensu
641 313 722 349 vulgo
735 313 925 349 intelliguntur
982 313 1039 345 θεῖς
1052 313 1146 340 Greece
1163 314 1263 341 dixerit
1278 312 1409 349 Didymus
1423 320 1491 347 quos
1508 313 1675 348 Epiphanius
1688 312 1777 339 Scho—
1792 339 1794 347 ι

75 357 186 392 haud,
202 358 360 395 Jusllnl,
385 359 551 389 Clementis
566 360 757 392 Alexandrini,
776 359 880 392 Basilii,
898 364 925 387 et
980 358 1106 390 lasticus,
1131 366 1178 385 seu
1201 359 1357 393 quicunque
1383 358 1489 384 illarum
1512 357 1594 384 fuerit
1615 357 1776 383 Enarratio—

79 403 192 433 alioru-
202 404 296 439 bca,
309 405 349 433 in
367 406 490 442 quibus
501 404 636 434 laetorum
653 404 774 432 ἀπάθεια
789 412 925 431 memora-
981 413 1043 431 num
1062 404 1212 438 interpres,
1225 409 1304 431 vocat
1324 404 1482 438 passibiles,‘
1497 404 1523 431 id
1545 408 1587 431 est
1604 404 1777 439 passionibus

88 450 214 488 tanta
226 458 313 480 vero
338 453 431 480 hanc
447 451 658 487 explicationem
677 457 730 478 non
747 450 834 478 solum
859 450 924 485 reji-

96 503 159 525 ειη
169 497 358 531 IIII-deo,
379 497 438 526 sed
452 497 537 525 etiam
552 496 670 524 libenter
683 503 741 524 eam
757 495 922 530 amplector,

105 536 342 578 somnum
362 542 490 579 adjicio,
499 541 565 569 mihi
579 541 689 576 quidem
704 548 798 569 eorum
812 541 923 568 Patrum

112 581 283 626 Μιψί
308 589 417 617 visum
444 596 526 622 esse,
543 588 616 623 ipsos
635 587 771 615 interdum
795 587 926 621 apatheite

117 632 306 665 “nihil
324 634 414 662 aliud
426 633 572 668 designare
583 633 713 664 voluisse,
729 640 810 667 qttam
825 637 924 659 statum

118 682 200 716 ilbi,
214 680 323 718 inquo
342 686 399 708 aut
426 688 476 716 per
497 679 674 715 baptismum,
697 684 744 706 aut
765 685 813 713 per
836 679 925 713 patui-

119 727 229 758 teothn
241 727 335 756 homo
352 728 392 755 ab
406 727 484 755 omni
499 726 606 762 peccati
619 725 699 753 sorde
714 725 857 752 mundatus
869 725 902 752 sit
916 734 923 753 ε

119 773 335 806 adesit-£6.00;
353 781 416 802 non
434 778 491 801 tam
509 773 675 808 passionem,
689 779 770 806 quam
791 777 926 806 peccatum

120 827 319 856 umquam
335 824 439 854 sonet;
454 819 569 854 ideoque
580 818 690 854 ἀπαθής
705 818 854 852 aliquando
871 826 925 845 non

121 874 178 898 ιι-
190 869 217 898 is
227 868 361 904 dicatur,
377 870 425 905 qui
440 869 572 905 passionis
582 888 590 900 ,
604 874 650 896 aut
662 868 827 903 passionum,
844 873 925 901 quam

122 915 169 953 ῃι
180 916 286 951 peccati
297 915 423 944 actuali:
439 923 531 950 expers
546 914 638 942 fuerit.

980 450 1199 477 succumbentes.
1226 450 1270 477 lll.
1296 451 1352 477 Vox
1376 450 1475 481 πάθος,
1502 450 1528 478 id
1556 455 1597 477 est
1619 450 1717 485 passio,
1739 450 1774 475 ita

980 496 1065 530 accipi
1083 496 1191 523 videtur
1209 504 1224 522 a
1242 495 1356 531 Didytno
1374 496 1422 524 lib.
1441 504 1460 523 ιι
1477 495 1515 523 De
1533 496 1623 528 Trin.,
1642 494 1774 530 pagJQQ,

981 546 1010 569 ut
1025 547 1159 576 peccatum
1176 542 1264 569 valeat
1280 551 1287 568 :
1308 550 1359 569 vox
1378 550 1443 570 vero
1455 542 1585 578 ὲμπαθής
1601 543 1649 576 ita,
1668 547 1697 569 ttt
1713 550 1774 569 euut

982 588 1128 622 signiﬁcet,
1142 588 1188 623 qui
1207 593 1312 622 peccet.
1326 587 1424 614 Mirum
1439 588 1531 623 itaque
1543 596 1604 616 esse
1616 595 1668 615 nou
1683 589 1774 621 debet,

981 633 1002 660 si
1020 634 1102 660 etiarn
1120 633 1216 669 ἀπαθῆ
1233 641 1295 660 eum
1322 634 1495 668 interpreter,
1516 634 1562 668 qui
1583 642 1630 668 per
1648 635 1694 661 Dei
1713 643 1776 669 gra-

985 679 1049 704 tiatu
1071 679 1288 706 sanctilicantem
1307 687 1322 706 a
1347 680 1467 714 peccatis
1488 680 1633 707 mundatus
1650 681 1710 707 fuit.
1731 680 1775 707 ιν.

983 725 1119 752 νοιτιυιιιο
1145 726 1302 762 ἁφθαρσία,
1323 727 1394 761 quod
1416 726 1486 753 idem
1511 727 1581 753 valet
1599 731 1681 761 atque
1704 727 1777 753 ἀπά-

981 771 1053 804 θεια,
1069 772 1190 798 virtutem
1205 772 1351 806 aliquando
1366 772 1488 799 denotari
1504 773 1580 800 docet
1604 773 1734 808 Didymus
1750 773 1775 799 in

981 823 1076 845 catena
1101 820 1127 845 in
1154 818 1287 850 Psalmos,
1316 826 1377 853 qua:
1400 824 1491 846 exstat
1513 820 1538 846 in
1562 820 1657 847 codice
1679 819 1775 846 Graeco

981 873 1038 892 xvu
1057 865 1231 892 Bibliotheca:
1248 865 1357 893 Veneta:
1375 866 1403 893 S.
1420 865 1523 898 Marci;
1541 866 1637 901 pagina
1651 866 1723 893 enim
1739 866 1775 892 22

982 911 1125 945 explicans
1142 911 1199 938 Ita-c
1213 912 1307 944 psalmi
1321 912 1382 938 noni
1399 912 1491 943 verba,
1508 910 1603 946 lnﬁxw
1616 916 1677 938 sunt
1688 917 1775 946 gentes

161 957 218 988 Sed
231 958 293 995 jam
308 963 421 994 tempus
442 963 494 992 est,
510 964 540 986 ut
556 959 620 994 qttid
637 958 689 985 hac
702 957 734 985 de
750 965 779 985 re
796 957 926 992 Didymus
943 951 964 980 Β
980 958 1200 991 incorruptione,
1215 966 1292 992 quam
1306 958 1434 991 fecerunt,
1449 958 1487 984 sic
1503 957 1706 992 loquitursz
1721 957 1774 993 μὴν

129 1007 261 1042 luet-il,
274 1008 463 1044 inquiramus.
478 1007 550 1035 Loca
566 1007 660 1041 igitur.
677 1006 703 1034 in
718 1007 817 1041 quibus
830 1006 927 1033 huma-

125 1058 192 1080 n.
213 1051 358 1080 διιάθειαν
381 1052 406 1079 ls
433 1056 643 1084 commemorat,
670 1051 727 1079 ha‘c
756 1050 926 1086 potiSsimum

127 1096 233 1126 buli.
253 1097 368 1126 Primus
389 1097 509 1125 occurrit
531 1097 577 1125 lib.
595 1105 604 1124 ι
627 1096 665 1124 De
689 1096 765 1124 Trin.
792 1104 854 1132 pag.
876 1095 925 1126 7i,

129 1142 180 1173 ευ
198 1142 333 1177 ﬁrmat,
348 1143 396 1179 qui
418 1143 519 1172 Christi
543 1147 677 1171 consortes
703 1143 768 1175 sint,
794 1150 842 1170 eos
867 1150 928 1170 esse

128 1187 271 1222 ulla:
292 1188 366 1226 [sive
381 1188 596 1225 lmpalibilitatis]
610 1189 709 1217 Christi
721 1188 804 1223 ipsius
819 1188 927 1223 partici-

125 1242 185 1269 μ’.
198 1233 282 1263 Alter
293 1238 384 1263 exstat
401 1233 449 1262 lib.
465 1241 495 1261 ttt
511 1233 550 1261 De
568 1233 656 1266 Trin.,
673 1233 807 1269 pag.567,
827 1233 871 1260 ubi
888 1233 927 1261 sic

123 1279 256 1316 loquitur
273 1280 418 1317 theologus
433 1276 550 1310 noster':
570 1280 628 1308 Nos
644 1280 694 1307 sibi
715 1279 862 1314 conformes
883 1279 926 1313 fa-

121 1327 204 1355 ἀσισ
221 1325 367 1363 (Christus
378 1327 531 1362 Dominus),
545 1328 574 1355 in
590 1327 740 1362 apatheiam
759 1324 829 1362 [sive
841 1326 927 1352 imva-

121 1369 302 1408 mum]
322 1371 471 1400 transtulit.
494 1371 603 1400 Tertius
629 1370 727 1406 legitur
749 1370 775 1397 in
802 1370 870 1397 libro
891 1369 928 1397 De

121 1416 225 1454 με.
240 1424 324 1451 nutu,
339 1417 393 1446 ll:
417 1417 486 1446 Deus
507 1422 593 1445 autem
610 1416 708 1453 [codex
730 1420 837 1449 noster,
859 1416 928 1443 Deus

120 1463 202 1492 ulls
213 1461 228 1502 ]
239 1461 358 1500 largitor
370 1463 497 1492 bonorum
513 1471 584 1499 spem
598 1470 676 1497 quam
691 1462 821 1496 promisit.
839 1462 927 1489 reddet

122 1509 262 1548 [suis
277 1509 365 1538 codex
380 1515 490 1543 noster,
505 1508 612 1546 reddit]
636 1509 665 1536 in
688 1510 783 1536 virtute
810 1508 928 1544 Spiritus

234 1555 294 1589 ﬁt,
306 1557 353 1592 qui
367 1555 461 1584 habent
474 1556 551 1583 illum
561 1564 570 1589 ;
581 1555 680 1591 gaudio
693 1554 800 1591 [codex
816 1559 926 1582 noster:

127 1606 158 1630 α
168 1601 304 1640 μαῖαι
320 1608 347 1631 et
359 1611 421 1636 pace
435 1602 545 1638 complet
563 1611 618 1636 eos,
633 1603 680 1638 qui
696 1602 927 1637 imperturbatum,

981 1003 1085 1038 καὶτῆς
1096 1003 1198 1038 ἀρετῆς
1210 1003 1364 1039 ἀφθαρσίας
1373 1003 1523 1039 λεγομένης
1539 1005 1568 1030 ἐν
1582 1003 1621 1039 τῷ
1631 1011 1638 1018 ⁸
1652 1004 1684 1030 Ἡ
1697 1004 1777 1039 χάρις

983 1049 1052 1085 μετὰ
1062 1050 1117 1077 τῶν
1132 1049 1302 1083 ἀγαπώντων
1314 1050 1359 1076 τὸν
1369 1049 1471 1085 Κύριον
1485 1050 1563 1085 ἡμῶν
1577 1051 1606 1077 ὲν
1619 1051 1759 1086 ἀφθαρσίᾳ
1768 1059 1775 1065 “

981 1097 997 1132 ἡ
1009 1096 1138 1128 ἐναντίως
1154 1096 1253 1132 ἔχουσα
1267 1096 1351 1123 κακία
1362 1097 1460 1131 λέγοιτ’
1474 1096 1506 1123 ἃν
1521 1097 1633 1128 εἰκότως
1643 1096 1775 1132 διαφθορὰ

981 1142 1029 1170 καὶ
1043 1141 1142 1177 φθορά,
1158 1142 1183 1169 id
1193 1147 1244 1174 est,
1260 1142 1339 1177 Atqui
1354 1150 1413 1169 cum
1426 1147 1450 1168 et
1466 1143 1550 1169 virtus
1566 1143 1672 1169 dicatur
1686 1144 1776 1170 incor-

981 1188 1072 1222 rnptio
1094 1188 1121 1214 in
1142 1188 1188 1214 illo
1212 1194 1282 1215 textu
1300 1189 1410 1224 (Ephes.
1428 1196 1465 1221 νι,
1484 1188 1530 1223 24)
1547 1198 1554 1216 :
1574 1198 1583 1214 ι
1608 1188 1703 1216 Gratia
1717 1179 1776 1215 citm

981 1233 1014 1260 iis
1027 1234 1073 1268 qui
1085 1233 1199 1268 diligunt
1212 1233 1353 1260 Dominum
1367 1239 1485 1260 nostrum
1497 1235 1524 1261 in
1535 1234 1749 1269 incorruptione;
1765 1244 1773 1257 ι

981 1280 1075 1306 merito
1100 1280 1237 1307 contraria
1254 1280 1346 1306 virtuti
1367 1281 1485 1315 nequitia
1508 1280 1610 1307 dicitur
1624 1281 1776 1315 corruptio.

983 1325 1014 1353 V.
1042 1326 1194 1353 llumauant
1220 1327 1376 1361 apalheiaut
1403 1329 1500 1354 stricto
1528 1335 1608 1355 sensu
1635 1334 1775 1361 acceptant

982 1372 1110 1406 reiectam
1128 1373 1213 1400 fuisse
1224 1380 1238 1399 a
1252 1372 1367 1408 Didymo
1379 1373 1476 1407 colligo
1490 1381 1523 1400 ex
1540 1373 1586 1400 lib.
1603 1381 1633 1401 ιιι
1649 1373 1686 1400 De
1701 1373 1776 1401 Trin.

982 1426 1043 1454 pag.
1058 1419 1127 1452 Sili;
1144 1419 1177 1446 ab
1196 1419 1286 1445 anima
1302 1419 1375 1446 enim
1396 1418 1513 1455 [XLVII]
1530 1427 1589 1454 quae
1606 1427 1706 1453 corptts
1723 1420 1777 1446 sibi

984 1464 1137 1499 subjectum
1156 1469 1258 1497 teneat,
1275 1469 1302 1492 et
1321 1464 1367 1492 Dei
1386 1465 1597 1499 cogitationibus
1619 1465 1776 1499 impleatur.

983 1512 1059 1538 reddi
1076 1519 1176 1546 corpus
1194 1511 1283 1545 ipsum
1299 1511 1405 1543 ἀπαθές
1419 1519 1472 1538 non
1489 1511 1536 1542 ait,
1560 1513 1607 1539 sed
1623 1511 1708 1546 ipsam
1725 1512 1776 1538 niti

984 1559 1097 1586 reddere
1111 1558 1175 1585 illud
1189 1557 1269 1585 veluti
1285 1557 1401 1589 ἀπαθές.
1419 1556 1463 1584 Vl.
1477 1556 1505 1584 Si
1520 1557 1627 1592 singula
1642 1565 1674 1585 ex
1689 1557 1778 1585 allatis

983 1610 1063 1632 antea
1081 1604 1187 1639 Didymi
1206 1604 1273 1631 locis
1287 1604 1485 1638 expendamus,
1502 1604 1645 1631 manifesto
1663 1611 1778 1638 appare-

328 1637 516 1685 cogilatt'onent
536 1637 717 1684 possidentes,
739 1649 816 1676 (telas
834 1649 927 1675 habent
942 1637 963 1665 (ἶ
982 1651 1030 1682 bit,
1049 1637 1185 1678 summum
1203 1650 1277 1677 illum
1296 1637 1425 1677 virtutum
1455 1655 1482 1676 et
1501 1650 1633 1684 apalheiac
1659 1637 1777 1684 apicem.

130 1695 246 1727 ω,
258 1698 287 1722 ιι
306 1694 340 1721 ab
356 1693 426 1721 omni
445 1693 673 1729 perturbationum
689 1697 840 1728 tempestate
854 1698 929 1720 tran-

172 1784 273 1817 *ιι-ι
298 1791 388 1821 neque
406 1785 468 1819 ltls,
493 1791 544 1814 nec
566 1785 626 1813 aliis
642 1784 816 1819 huiusmodi,
833 1785 856 1812 si
876 1793 928 1820 qua

133 1827 245 1860 ιιιεῆ
259 1831 393 1868 Didymo,
412 1832 582 1865 ostenditur,
598 1839 660 1861 eum
681 1842 765 1869 pravo
781 1841 861 1862 sensu
878 1832 930 1860 htt-

135 1879 247 1906 ω
258 1877 416 1914 apatheiam
431 1877 584 1906 admisisse.
597 1879 703 1907 Nostrae
715 1887 779 1907 vero
793 1880 929 1915 aequitatis

130 1928 188 1956 est,
204 1923 343 1960 spumei:
353 1924 513 1952 vocabulum
530 1930 605 1953 recto
618 1933 700 1954 sensu
715 1927 741 1953 in
760 1926 885 1962 Didymo,
902 1930 930 1953 ut

129 1971 160 1999 il
177 1970 244 1999 aliis
263 1969 393 1998 Pultibus
407 1969 536 2004 facimus,
551 1971 738 2007 interpretari,
753 1972 839 1999 donec
855 1977 929 1999 certa

128 2015 316 2053 profanator
325 2020 484 2051 argumenta
495 2023 555 2050 quae
568 2015 644 2044 illum
653 2023 797 2052 perperam
812 2018 930 2045 sensisse

129 2062 336 2091 “castrat.
355 2059 456 2096 Natnl,
472 2061 503 2090 S.
521 2061 704 2098 Hieronymus
721 2068 749 2090 et
764 2063 790 2090 in
811 2063 930 2097 Epistola

131 2108 247 2147 ﬁle-
258 2102 509 2141 deirltontent,
524 2113 553 2136 et
564 2109 591 2135 in
608 2107 741 2136 Praemia
756 2108 818 2136 libri
834 2108 928 2143 quarti

131 2151 162 2183 ὅ
183 2152 333 2182 lautia!
359 2152 451 2188 plures
474 2154 596 2180 nominat
618 2153 770 2189 Pelagianae
794 2154 928 2190 apatheite

132 2196 495 2235 m,'0rigenem,
511 2198 658 2232 Ruﬁnum,
675 2200 822 2236 Evagrium
833 2221 840 2233 ,
856 2200 929 2227 Jovi-

134 2246 262 2280 *,
277 2243 414 2279 aliosque;
427 2244 571 2281 Didymum
583 2250 675 2273 tamen
685 2253 817 2280 nusquam
828 2245 880 2273 hac
895 2246 929 2273 de

981 1703 1061 1730 quem
1082 1702 1115 1721 ex
1138 1695 1307 1730 Hieronymo
1330 1695 1536 1729 descripsimus,
1565 1696 1721 1729 neutiquam
1744 1696 1778 1722 ab

982 1742 1043 1775 ipso
1064 1741 1193 1774 indicari;
1209 1741 1348 1775 multoqtte
1370 1741 1459 1768 tnintts
1475 1749 1555 1776 posse
1568 1742 1718 1774 hominem,
1734 1743 1778 1768 Di-

981 1788 1054 1822 dymi
1073 1788 1222 1820 sententia,
1240 1789 1272 1813 ad
1289 1795 1350 1814 eum
1376 1792 1475 1814 statum
1493 1787 1551 1815 sine
1576 1788 1665 1814 divina
1691 1788 1776 1822 gratia

982 1834 1126 1868 pervenire
1148 1842 1155 1860 :
1182 1833 1282 1867 ubique
1304 1833 1376 1860 enirn
1400 1834 1433 1861 de
1451 1834 1483 1861 iis
1500 1834 1627 1862 omnibus
1646 1834 1776 1869 loquitur,

982 1881 1027 1916 qui
1045 1881 1131 1914 gratia
1148 1880 1337 1907 sanctiﬁcante
1353 1880 1444 1907 donati
1460 1880 1534 1913 sint.

1017 1925 1138 1960 Denique
1155 1933 1264 1953 omnem
1288 1926 1444 1961 scrupulum
1464 1925 1533 1952 tollit
1551 1926 1609 1961 ipse
1634 1926 1776 1963 Didymus,

981 1971 1045 1998 dum
1061 1971 1235 2007 Pelagianam
1251 1972 1407 2005 apatheiam
1421 1977 1514 2007 aperte
1534 1972 1622 2007 reﬁcit
1639 1983 1645 2000 :
1665 1982 1726 2000 naut
1752 1980 1779 2001 et

983 2018 1008 2044 in
1043 2017 1125 2050 loco,
1159 2025 1240 2051 quem
1280 2017 1356 2044 attuli
1388 2025 1450 2053 pag.
1487 2017 1558 2048 255,
1594 2018 1691 2051 docet,
1726 2019 1777 2045 im-

981 2061 1104 2095 possibile
1123 2070 1178 2089 esse
1199 2062 1299 2089 homini
1320 2063 1401 2089 vitam
1424 2063 1459 2089 ad
1474 2063 1615 2096 perfectam
1631 2063 1696 2098 legis
1714 2072 1778 2090 nor-

981 2115 1053 2134 mam
1065 2107 1189 2141 exigere;
1206 2112 1233 2135 et
1247 2107 1337 2135 alliuia
1353 2108 1448 2135 scribit
1462 2107 1511 2135 lib.
1526 2115 1545 2135 ll
1559 2107 1598 2135 De
1614 2107 1702 2140 Trin.,
1716 2116 1776 2144 pag.

982 2152 1034 2181 168
1050 2158 1078 2181 et
1093 2153 1154 2180 ΝΞ.

1016 2200 1052 2227 At
1066 2199 1210 2235 Didymus,
1227 2200 1330 2236 inquiet
1346 2200 1418 2235 quis,
1433 2199 1502 2226 libro
1518 2207 1537 2226 ιι
1553 2199 1591 2227 De
1610 2198 1699 2231 Trin.,
1713 2206 1776 2234 pag.

980 2245 1045 2278 255,
1059 2253 1107 2273 eos
1119 2247 1164 2281 qui
1179 2247 1365 2280 baptizantur,
1382 2246 1420 2272 ait
1436 2245 1494 2272 ﬁeri
1511 2245 1735 2281 ἀναμαρτήτους,
1751 2246 1776 2272 id

134 2288 317 2328 mw.
330 2290 383 2320 etsi
395 2289 487 2319 multis
499 2290 562 2319 aliis
573 2291 600 2318 in
611 2291 687 2324 locis,
704 2291 771 2319 alias
781 2291 816 2319 ob
829 2299 926 2319 causas
944 2308 969 2339 Β
982 2297 1035 2325 est,
1056 2292 1247 2327 impeccabiler.
1275 2292 1329 2320 Sed
1350 2293 1412 2327 quis
1428 2300 1481 2319 non
1499 2293 1592 2324 videt,
1610 2299 1705 2319 vocem
1730 2292 1778 2319 ἁν-

134 2335 455 2383 ωςιωωωιιιυε
463 2337 565 2365 nomini
580 2344 633 2364 non
645 2338 807 2372 pepercerit.
817 2337 848 2365 ll.
869 2337 925 2365 Vox

983 2339 1143 2375 αμάρτητος
1163 2347 1215 2366 tton
1229 2340 1297 2367 sumi
1319 2339 1353 2366 ibi
1367 2346 1399 2366 eo
1413 2346 1493 2366 sensu
1505 2358 1512 2370 ,
1530 2345 1609 2373 quem
1629 2339 1778 2373 reprehen-

135 2382 269 2424 ἱρῆς
289 2383 361 2419 Iptld
386 2382 530 2419 Didymum
556 2390 610 2411 non
649 2384 789 2412 hominem
817 2385 929 2412 denotat
980 2385 1020 2412 dit
1041 2385 1224 2421 Hieronymus
1243 2385 1270 2412 in
1287 2385 1403 2420 epistola
1423 2385 1455 2411 ad
1482 2385 1701 2419 Ctesiphontem,
1727 2393 1779 2411 nec

319 2428 474 2462 obnoxium,
496 2427 545 2456 sed
564 2430 732 2465 pastionibus
751 2431 926 2458 succumben-

137 2476 203 2504 ια.
213 2471 340 2504 Mne
353 2474 436 2511 igitur
448 2476 586 2504 contraria
600 2476 713 2513 ἀπαθής
735 2484 786 2505 ηοιι
801 2485 862 2504 eum
880 2478 928 2506 de-

139 2519 392 2558 ῌυμιιηὼε
407 2525 461 2555 est,
475 2520 521 2556 qui
542 2521 625 2549 nullis
649 2522 825 2557 passionibus
843 2522 928 2551 obnu-

141 2559 324 2600 ὧῧςιιῑ
339 2572 479 2600 nunquam
497 2565 532 2592 iis
544 2566 719 2600 succumbat,
734 2567 783 2594 sed
802 2575 866 2595 eunt
881 2567 927 2602 qui

321 2610 503 2639 succumbere
514 2617 567 2638 non
579 2611 659 2639 solet.
674 2612 751 2645 Quod
766 2617 857 2640 autem
875 2621 927 2640 vox

139 2652 269 2692 ἐμῆς
276 2654 315 2684 tu
326 2658 452 2684 natur
462 2663 478 2684 α
494 2655 619 2692 Didymo,
633 2662 774 2692 ostensum
786 2666 801 2686 a
814 2666 858 2686 me
872 2658 924 2686 fuit

137 2707 200 2732 not.
217 2701 332 2739 8⁵η.
355 2702 424 2737 ηθτ,
441 2701 525 2739 idque
542 2703 703 2732 conﬁrmare
727 2704 791 2733 licet
814 2713 847 2733 ex
868 2706 927 2740 ejus

133 2746 237 2782 ruﬁ,
247 2754 311 2784 qua
322 2747 354 2776 in
364 2746 591 2776 lustrationibus
607 2748 643 2776 ad
658 2753 737 2784 caput
752 2757 783 2778 Ill
798 2750 927 2786 Epistolte

131 2792 230 2822 lculi
239 2792 367 2830 Ιηὶιιιιιι
381 2791 489 2828 Pacem,
502 2792 602 2829 inquit,
617 2802 696 2830 quam
711 2799 756 2823 dat
772 2796 924 2833 (mundus),

133 2839 171 2868 ιι
182 2846 324 2875 eam
340 2843 415 2867 acus
426 2838 524 2868 invitat
541 2846 673 2869 mutares
693 2843 923 2878 οοηειιρὶεεεηιίω,

133 2889 162 2916 α
174 2884 314 2922 Mla
326 2891 371 2914 eos
387 2885 450 2921 facit
457 2892 472 2919 ς
486 2884 569 2914 1cm
581 2892 669 2915 autem
690 2896 780 2916 vacem
794 2890 924 2924 prwbens,

171 2955 385 2992 "Acumﬂ.

980 2432 1052 2459 aliud
1073 2432 1173 2460 ibidem
1198 2432 1346 2467 signiﬁcari
1361 2440 1375 2459 a
1390 2432 1515 2467 Didymo,
1536 2438 1617 2466 quam
1636 2431 1727 2458 omnia
1751 2431 1777 2457 itt

979 2478 1115 2513 baptistno
1136 2484 1247 2514 peccata
1266 2478 1371 2506 deleri?
1386 2478 1513 2513 Alioquin
1528 2476 1702 2511 Pelagianam
1729 2477 1778 2503 ἁν-

983 2524 1160 2560 αμαρτησίαν
1172 2525 1299 2552 tribuisse
1311 2524 1442 2552 dicendus
1457 2528 1530 2551 esset
1544 2523 1672 2551 omnibus
1688 2522 1778 2556 bapti-

984 2571 1052 2597 zatis
1069 2577 1076 2597 :
1091 2571 1163 2605 quod
1183 2578 1216 2598 ne
1232 2570 1379 2598 verisimile
1395 2570 1503 2605 quidem
1522 2574 1575 2597 est.

1019 2617 1084 2652 Qua:
1100 2625 1162 2645 cum
1187 2617 1227 2645 sic
1242 2625 1271 2645 se
1287 2617 1416 2649 habeant,
1440 2617 1588 2644 immunem
1604 2623 1618 2642 a
1632 2614 1778 2649 Pelagiana

981 2671 1076 2691 errore
1096 2664 1180 2692 fuisse
1196 2664 1340 2700 Didymum
1356 2659 1518 2692 concludere
1531 2663 1587 2698 jam
1600 2662 1707 2693 liceret,
1724 2662 1776 2688 nisi

981 2710 1091 2744 quidam
1111 2711 1202 2737 adhuc
1224 2710 1300 2738 locus
1319 2712 1493 2745 superesset,
1513 2709 1559 2744 qui
1581 2706 1718 2743 negotium
1737 2705 1778 2732 fa-

980 2763 1089 2783 cessere
1104 2761 1187 2790 queat
1204 2765 1211 2783 :
1227 2758 1261 2784 de
1280 2764 1334 2792 quo
1351 2756 1466 2792 proinde
1476 2763 1561 2791 pauca
1574 2754 1686 2782 dicenda
1699 2755 1773 2779 sunt.

980 2801 1076 2828 Exstat
1100 2802 1123 2829 is
1150 2808 1222 2830 tomo
1249 2802 1284 2831 Ν
1314 2803 1510 2830 Anecdotorum
1533 2800 1637 2833 Wolﬁi,
1653 2798 1698 2826 ubi
1721 2805 1770 2824 ex-

978 2846 1091 2882 planans
1114 2848 1243 2884 Didymus
1268 2850 1318 2878 ista
1339 2850 1467 2878 Actorum
1489 2849 1571 2877 verba
1584 2849 1617 2880 ",
1636 2847 1699 2875 Haec
1712 2852 1771 2876 erat

978 2892 1056 2927 plena
1077 2895 1197 2928 operibus
1213 2896 1287 2923 bonis
1314 2901 1340 2923 et
1359 2897 1543 2932 eleemosynis,
1569 2897 1608 2925 sic
1626 2897 1745 2931 loquitur
1766 2906 1774 2925 :
