4004 6408
519 409 627 466 I95

1941 398 2028 454 DE
2078 398 2332 454 DIDYMO

3681 402 3780 458 I96

517 527 782 594 Quoniam
820 542 1084 590 nonnu..t,
1135 525 1224 594 qui
1277 521 1593 592 negligenter
1648 523 1702 574 in
1747 521 1920 572 studio
1974 535 2094 584 per—
2127 533 2166 578 Α
2203 527 2421 580 tionem,
2451 525 2770 570 05tensuma
2793 531 2876 568 me
2898 514 2998 568 fuit
3023 515 3074 566 in
3099 524 3208 568 not.
3241 513 3309 568 ad
3341 528 3461 584 pag.
3490 514 3618 568 257.
3643 517 3776 582 Quis

517 622 664 686 [cette
695 620 904 673 virtutis
937 631 1232 678 versamur,
1290 615 1406 679 fieri
1435 629 1582 680 posse
1609 621 1820 678 negant,
1858 619 1914 662 ut
1941 609 2097 662 homo

518 710 890 780 incnlpabilem
946 710 1107 762 vitam
1152 717 1308 775 agat;
1356 705 1598 780 prtesenti
1647 703 1758 754 loco
1807 701 2099 769 Scriptura:

518 776 786 868 confutari
833 810 1074 868 possunt,
1121 816 1220 868 quo
1265 776 1462 849 Dorcas
1500 795 1658 862 plena
1693 793 1859 860 fu'sse
1902 793 2099 845 dicitur

520 893 665 946 bonis
701 893 944 961 operibus
977 893 1239 950 onmilms,
1268 898 1316 942 et
1344 888 1572 954 erogatis
1611 888 1663 937 in
1689 901 1941 954 pauperes
1969 883 2102 936 elee-

519 985 773 1053 mosynis.
821 983 923 1048 Qui
952 985 1087 1037 enim
1118 984 1193 1036 ita
1225 981 1386 1034 vitam
1417 978 1652 1040 instruit,
1696 992 1814 1028 eum
1839 975 1950 1028 sine
1985 990 2102 1028 sor-

518 1075 670 1128 dibus
706 1076 867 1128 vivere
890 1091 1205 1144 consequens
1234 1083 1328 1127 est.

592 1166 662 1218 At
708 1181 776 1220 ne
811 1166 924 1219 haec
971 1165 1192 1233 quidem
1229 1176 1472 1217 censurae
1504 1159 1663 1228 digna
1695 1157 1968 1211 existimo.
2016 1156 2098 1210 Ab

522 1259 612 1313 illo
645 1259 787 1312 enim
839 1259 1118 1321 dicuntur,
1151 1257 1241 1324 qui
1291 1264 1477 1323 aperte
1515 1253 1717 1316 docuit,
1750 1260 1809 1304 Iit
1832 1251 1943 1318 jam
1979 1264 2095 1300 mo-

522 1353 637 1416 nui,
666 1368 768 1405 non
796 1367 947 1424 posse
972 1350 1193 1403 hominis
1226 1351 1384 1404 vitam
1415 1351 1486 1401 ad
1513 1349 1794 1415 perfectam
1819 1344 1943 1411 legis
1974 1358 2098 1394 nor-

522 1463 662 1499 mam
691 1445 849 1514 exigi.
879 1447 1222 1513 Quapropter
1255 1457 1375 1495 cum
1410 1439 1683 1495 hominem
1715 1435 2094 1503 inculpabilem

523 1540 686 1592 vitam
734 1549 980 1608 agentem
1033 1535 1120 1588 hic
1159 1533 1441 1597 nominat,
1495 1547 1602 1585 non
1655 1545 1776 1584 eum
1823 1527 2092 1595 intelligit,

520 1630 732 1698 Opinor,
781 1628 869 1695 qui
904 1626 958 1679 in
998 1625 1199 1679 nullum
1240 1637 1473 1692 unquam
1523 1636 1590 1676 ne
1635 1619 1842 1674 veniale
1881 1618 2096 1686 quidem

520 1720 603 1773 vel
646 1719 978 1773 levissimum
1013 1724 1294 1786 peccatum
1337 1714 1573 1778 labatur,
1606 1711 1698 1767 sed
1735 1712 1824 1780 qui
1859 1710 2096 1780 graviter

520 1811 736 1880 quidem
787 1823 1085 1876 nunquam,
1134 1804 1420 1859 venialiter
1473 1813 1653 1858 autem
1707 1801 1874 1856 multo
1922 1801 2096 1856 rarius

2202 625 2330 662 vero
2369 623 2473 661 non
2525 608 2771 668 miretur,
2811 621 2932 660 eum
2980 607 3204 676 Didymo
3249 621 3486 660 errorem
3526 607 3696 661 tribui
3747 624 3778 661 a

2202 699 2495 768 Basnagio,
2522 713 2679 765 quem
2723 707 2905 766 aperte
2929 698 3170 766 explodit
3201 699 3314 766 ipse
3351 697 3610 768 Didymus
3653 715 3776 753 cum

2186 792 2254 850 ,in
2286 790 2420 843 libro
2451 793 2572 842 adv.
2621 787 2962 851 Maniclueos,
2995 798 3053 841 ut
3098 789 3279 841 monui
3324 793 3510 857 pagina
3543 788 3657 856 jam
3697 793 3776 842 ci-

2205 891 2333 943 tata,
2377 891 2486 933 tum
2547 880 2722 946 capite
2770 879 2824 941 5,
2860 879 2947 942 I9,
2990 878 3361 932 Enarrationis
3394 881 3447 931 in
3485 878 3778 946 Epistolam

2200 973 2425 1039 primam
2473 969 2722 1033 Joannis,
2775 969 2864 1023 tibi
2915 969 3148 1037 explicat
3194 970 3307 1022 huic
3346 969 3505 1023 verba
3563 987 3575 1020 :
3621 959 3780 1021 Totus

2203 1067 2428 1116 mundus
2468 1063 2522 1116 in
2554 1063 2783 1130 maligno
2823 1062 3023 1128 positus
3057 1071 3153 1113 est.
3201 1059 3400 1115 Horum
3427 1061 3571 1113 enim
3610 1063 3777 1114 inter-

2201 1157 2554 1227 pretationem
2576 1156 2656 1209 sic
2676 1154 2954 1208 exorditur
2987 1174 3000 1208 :
3035 1173 3054 1205 ι
3089 1153 3345 1218 Mundus,
3382 1155 3563 1218 idest,
3598 1153 3780 1206 mundi

2203 1256 2473 1302 amatores
2524 1246 2757 1315 maligno
2806 1246 2947 1298 ortui
2996 1256 3122 1298 sunt
3156 1246 3406 1314 subjecti.
3446 1244 3642 1307 Totus,
3689 1247 3778 1307 ait,

2201 1343 2341 1406 quod
2387 1352 2574 1392 omnes
2619 1339 2720 1391 sub
2763 1349 2987 1404 peccato
3015 1336 3316 1398 nascimur,
3357 1336 3614 1403 quoniam
3673 1337 3782 1404 ipse

2199 1440 2350 1483 ortus
2385 1431 2436 1482 in
2470 1429 2602 1482 vitio
2631 1440 2767 1481 est.»
2788 1427 2925 1494 Quid
2959 1429 3189 1496 amplius
3219 1427 3359 1496 exigi
3387 1429 3456 1480 ab
3487 1444 3552 1481 eo
3586 1437 3778 1496 potest,

2200 1521 2290 1590 qui
2317 1532 2427 1572 tum
2462 1520 2573 1573 haec
2603 1519 2865 1581 dictabat,
2897 1531 3020 1570 cum
3055 1526 3333 1585 peccatum
3364 1518 3630 1586 originale
3660 1534 3780 1571 nec-

2201 1613 2326 1666 dum
2365 1617 2693 1680 negaverant
2727 1606 3038 1676 Pelagiani?

2281 1703 2384 1758 Sed
2421 1711 2795 1771 argumentum
2828 1699 3097 1768 paulisper
3117 1699 3479 1766 expendamus
3503 1697 3778 1768 Basuagii,

2199 1799 2342 1868 quod
2392 1799 2436 1851 is
2481 1795 2637 1850 aﬁ'ert
2674 1796 2727 1849 in
2766 1795 2908 1848 hunc
2945 1794 3057 1846 fere
3103 1794 3339 1846 modum.
3392 1788 3542 1846 Pauli
3594 1795 3776 1857 verba,

519 1901 819 1968 delinquat,
851 1913 1012 1966 quam
1056 1894 1240 1951 cazleri
1271 1894 1432 1965 vulgo
1469 1893 1734 1947 homines.
1775 1893 2090 1961 Quanquam
2126 1898 2169 1956 Β
2198 1891 2424 1943 Eramus
2465 1899 2655 1940 natura
2689 1885 2788 1953 filii
2830 1884 3012 1948 ine“,
3062 1885 3135 1936 ita
3176 1884 3372 1952 accipit
3420 1882 3680 1952 Didymus
3727 1885 3776 1935 in

521 2005 680 2058 posse
721 1989 993 2042 hominem
1020 1985 1248 2053 justum,
1281 1999 1403 2037 cum
1445 1983 1617 2053 gratia
1646 1982 2094 2047 extraordinaria,

520 2083 700 2134 vitare
728 2080 911 2132 omnia
962 2086 1186 2148 peccata
1232 2077 1396 2130 etiam
1428 2075 1681 2141 venialia,
1721 2090 1786 2128 ne
1815 2074 1929 2142 ipse
1975 2075 2098 2142 qni-

519 2173 640 2226 dem
677 2171 1011 2240 Augusﬁnus
1041 2178 1217 2238 negat.
1249 2167 1352 2232 Qui
1380 2167 1581 2231 dicunt,
1602 2165 1774 2232 inquit
1799 2164 1934 2218 libro
1959 2177 1997 2216 ll
2024 2161 2098 2216 De

518 2271 848 2332 peccatorum
873 2259 1069 2312 meritis
1095 2269 1141 2311 et
1168 2257 1473 2310 remissione
1499 2271 1616 2323 cap.
1643 2254 1696 2320 6,
1719 2269 1888 2322 segni.
1915 2253 1966 2318 7,
1990 2270 2098 2307 esse

518 2371 667 2423 posse
697 2353 752 2404 in
782 2353 880 2404 hac
917 2353 1020 2404 vita
1064 2350 1322 2403 hominem
1355 2349 1468 2400 sine
1500 2358 1709 2415 peccato
1731 2385 1746 2409 ,
1774 2363 1876 2398 non
1909 2356 1982 2399 est
2025 2346 2098 2399 eis

519 2447 770 2498 continuo
813 2445 1028 2496 incauta
1083 2441 1371 2495 temeritate
1419 2439 1789 2492 obsistendum.
1848 2435 1906 2492 Si
1958 2440 2098 2491 enim

520 2552 671 2604 posse
717 2535 1109 2602 negaverimus;
1156 2543 1203 2585 et
1249 2530 1476 2583 hominis
1525 2529 1684 2581 libero
1733 2527 1974 2592 arbitrio,
2007 2528 2097 2594 qui

520 2623 620 2675 hoc
651 2621 867 2682 volendo
899 2622 1118 2689 appetit,
1161 2631 1208 2672 et
1255 2619 1348 2672 Dei
1384 2619 1563 2671 virtuti
1588 2617 1666 2670 vel
1701 2618 2094 2682 misericordiae,

521 2713 611 2781 qui
647 2713 742 2764 hoc
771 2710 1071 2780 adjuvando
1105 2712 1275 2781 efficit,
1321 2708 1706 2779 derogabimus.
1737 2747 1753 2762 .
1783 2747 1798 2762 .
1832 2749 1846 2765 .
1873 2749 1885 2760 .
1922 2746 1938 2762 .
1977 2708 2040 2763 Si
2067 2727 2098 2761 a

518 2822 601 2859 me
625 2814 916 2874 quaeratur,
942 2814 1119 2856 utrum
1152 2805 1306 2855 homo
1350 2804 1459 2855 sine
1487 2811 1699 2868 peccato
1726 2802 1882 2869 possit
1906 2817 2016 2854 esse
2043 2803 2098 2853 in

519 2900 618 2951 hac
646 2897 774 2958 vita,
817 2897 1099 2964 confitebor
1145 2911 1295 2958 posse
1330 2910 1422 2962 per
1471 2893 1570 2946 Dei
1600 2894 1852 2963 gratiam,
1886 2902 1936 2945 et
1966 2892 2099 2944 libe-

519 3005 638 3041 rum
660 2988 773 3056 ejus
813 2988 1108 3040 arbitrium.
1151 2985 1264 3038 lmo
1302 2985 1510 3054 aliquos
1561 2986 1737 3052 reipsa
1791 2983 1979 3050 fuisse,
2016 2984 2097 3038 vel

517 3093 642 3132 esse
670 3079 915 3131 homines
943 3076 1118 3145 justas
1153 3077 1272 3130 sine
1306 3084 1547 3144 peccato,
1594 3084 1789 3143 praeter
1821 3073 2096 3127 Christum

517 3168 826 3232 Dominum,
853 3183 915 3222 ac
957 3167 1018 3221 Β.
1061 3168 1333 3238 Virginem
1353 3207 1368 3231 ,
1407 3165 1741 3220 conﬁdenter
1769 3180 1964 3232 negare
1991 3179 2095 3218 non

517 3264 679 3315 audet
705 3261 757 3314 in
791 3260 927 3314 libro
947 3260 1018 3314 De
1044 3258 1355 3329 perfectione
1379 3258 1618 3326 institue,
1647 3273 1767 3326 cap.
1801 3257 1891 3322 21,
1917 3270 2087 3323 segni.
2119 3244 2161 3300 C

516 3353 608 3407 44.
647 3353 770 3408 Scio
797 3353 955 3413 enim,
983 3351 1174 3420 inquit,
1218 3351 1533 3418 quibusdam
1569 3365 1679 3402 esse
1711 3350 1878 3403 visum
1910 3365 1929 3401 :
1959 3363 2092 3417 quo-

516 3459 635 3496 rum
664 3444 726 3496 de
760 3442 856 3494 hac
895 3459 950 3495 re
995 3445 1317 3495 sententiam
1352 3458 1451 3493 non
1489 3443 1655 3494 audeo
1689 3439 2052 3508 reprehendere
2075 3478 2091 3502 ,

516 3549 816 3604 quanquam
845 3549 935 3585 nec
969 3532 1247 3600 defendere
1280 3531 1508 3584 valeam.

1001 3623 1129 3676 CAP.
1171 3619 1302 3675 VIII.
1341 3621 1412 3674 De
1441 3623 1602 3674 cwhs.

587 3714 765 3770 Coelos
789 3715 966 3768 anima
1008 3712 1471 3782 intelligentiaque
1517 3712 1768 3780 prmditos
1792 3725 1933 3773 esse,
1958 3711 2092 3766 adeo

518 3815 703 3874 aperte
734 3814 895 3874 negat
942 3804 1200 3873 Didymus
1243 3803 1336 3857 lib.
1371 3819 1389 3856 ι
1421 3802 1496 3855 De
1528 3802 1698 3868 Trin.,
1737 3817 1857 3870 pag.
1891 3802 1981 3867 97,
2040 3811 2095 3857 et

517 3901 612 3952 lib.
664 3913 723 3961 ll,
762 3913 882 3966 pag.
926 3896 1052 3958 192,
1102 3905 1160 3948 ut
1183 3894 1306 3962 jure
1348 3895 1511 3950 statui
1549 3909 1705 3963 posse
1751 3895 2092 3960 existimem,

516 3990 690 4060 ipsum
739 3986 1082 4057 Origenianis
1123 3988 1223 4042 hac
1270 3988 1321 4040 in
1357 4003 1415 4041 re
1452 4001 1790 4055 nequaquam
1821 3985 2091 4057 suifraga-

518 4091 628 4134 tmn
674 4094 818 4134 esse.
853 4079 991 4144 Quid
1026 4093 1157 4147 ergo
1215 4078 1318 4134 sibi
1371 4077 1504 4144 vult,
1557 4079 1789 4146 inquies,
1843 4093 1966 4132 cum
2019 4079 2095 4132 ait

515 4170 608 4224 lib.
639 4184 700 4234 ll,
734 4186 855 4240 pag.
895 4169 1016 4232 Ili,
1042 4169 1209 4222 caelos
1245 4184 1274 4222 a
1314 4167 1516 4237 Spiritu
1548 4179 1740 4222 sancto
1783 4171 2095 4222 corrobora-

515 4273 595 4318 tos
645 4278 784 4327 esse,
842 4271 1004 4330 atque
1065 4261 1466 4327 sanctiﬁcatos?
1501 4259 1740 4328 Respicit
1788 4259 1884 4324 ibi,
1931 4271 2093 4329 atque

514 4359 650 4412 adeo
681 4356 914 4424 explicat
951 4353 1148 4408 Psaltis
1183 4353 1310 4407 illud
1344 4369 1360 4407 :
1403 4349 1568 4406 Verbo
1596 4352 1808 4405 Domini
1844 4351 1958 4405 caeli
1999 4351 2092 4418 fir-

513 4451 641 4502 muti
667 4461 784 4501 sunt
811 4447 883 4511 ⁸ο,
907 4455 1012 4499 etc.
1052 4445 1186 4498 Eum
1211 4457 1341 4497 vero
1372 4441 1545 4495 locum
1581 4440 1750 4510 accipi
1780 4455 1936 4510 posse
1969 4454 2092 4494 cum

513 4543 580 4595 de
604 4539 863 4595 caelorum
891 4537 1223 4601 substantia,
1253 4545 1364 4589 tum
1396 4535 1462 4589 de
1490 4533 1695 4603 angelis
1719 4532 1978 4587 caelorum
2010 4531 2090 4584 in-

512 4633 671 4694 colis,
705 4633 861 4685 docet
904 4631 1133 4699 ipsemet
1175 4627 1271 4682 lib.
1311 4643 1371 4692 n,
1413 4641 1535 4694 pag.
1573 4624 1694 4688 I74.
1731 4622 1919 4692 Itaque
1963 4638 2086 4677 cum

513 4725 681 4779 caalos
708 4723 923 4792 quidem
953 4730 1110 4773 vocat
1138 4735 1218 4772 res
1250 4719 1588 4781 inanimatas,
1623 4725 1678 4769 et
1716 4725 1984 4767 creaturas
2010 4715 2086 4766 ir-

515 4813 827 4875 rationales,
858 4812 923 4864 de
965 4815 1222 4864 caelorum
1271 4807 1573 4861 substantia
1631 4805 1905 4874 loquitur;
1959 4818 2080 4858 cum

516 4919 644 4956 vero
683 4917 778 4955 eos
817 4916 845 4953 a
887 4899 1089 4967 Spiritu
1137 4897 1509 4951 sanctilicatos
1537 4895 1689 4958 dicit,
1728 4894 1954 4948 alteram
2000 4907 2085 4946 se-

516 4995 702 5065 quitur
733 4991 1250 5059 interpretationem.
1285 4987 1448 5057 Lege,
1480 5000 1682 5054 quatso,
1715 5001 1834 5054 quze
1889 4985 2080 5053 scripsi

498 5071 624 5142 ἠοι.
661 5085 726 5138 ad
755 5099 877 5153 pag.
909 5081 977 5136 87
1009 5091 1064 5134 et
1114 5078 1236 5133 ut.

690 5171 950 5248 [XLVI‘il]
984 5171 1114 5226 CAP.
1149 5169 1240 5223 IX.
1286 5168 1360 5222 De
1394 5177 1601 5234 petcato
1639 5166 1906 5237 originali.

582 5266 730 5320 Inter
752 5274 976 5319 caeteros
999 5275 1239 5326 errores,
1267 5273 1404 5327 quos
1436 5258 1718 5327 Didymum
1749 5259 1804 5310 in
1848 5257 2088 5310 Enarra-

511 5358 759 5418 tionibus,
809 5364 973 5420 atque
1021 5351 1077 5404 in
1125 5351 1264 5404 libro
1299 5349 1419 5403 adv.
1470 5348 1791 5402 Maniclueos
1839 5349 2087 5402 docuisse

511 5447 820 5515 suspicatur
854 5441 1089 5496 Jacobus
1137 5441 1434 5508 Basnagius
1458 5480 1472 5504 ,
1511 5441 1651 5492 hunc
1685 5440 1848 5494 etiam
1898 5455 2088 5494 recen-

512 5549 613 5604 set,
646 5538 789 5606 quod
833 5545 1099 5605 peccatum
1130 5533 1385 5602 originale
1419 5549 1630 5601 negasse
1667 5533 1927 5585 videatur.
1977 5531 2105 5586 Sed

514 5629 765 5699 injustam
825 5627 985 5698 plane
1023 5639 1087 5680 ac
1134 5625 1323 5679 falsam
1365 5638 1486 5678 esse
1528 5623 1829 5691 huiusmodi
1863 5638 2083 5679 accusa-

586 5822 633 5855 ”
673 5823 814 5880 Psal.
841 5839 1014 5892 xxx",
1052 5823 1103 5878 6.
1181 5825 1224 5856 ⁵¹
1263 5823 1461 5893 prcs.
1499 5838 1558 5892 ιι,
1587 5825 1638 5879 3.

2203 1981 2342 2034 libro
2373 1980 2492 2031 adv.
2530 1977 2876 2038 Maniclueos,
2915 1983 2975 2028 ut
3017 1989 3200 2027 vocem
3250 1984 3438 2025 natura
3474 1974 3778 2042 signiﬁcare

2201 2072 2347 2126 dicat
2383 2084 2517 2123 vere.
2547 2087 2564 2118 ι
2596 2067 2667 2119 At
2701 2064 2882 2135 φύσει,
2913 2064 3108 2132 inquit,
3149 2077 3484 2131 nequaquam
3513 2061 3779 2132 signiﬁcat

2201 2177 2336 2213 vere.
2371 2168 2426 2213 et
2449 2156 2738 2226 Apostolus
2773 2156 2959 2219 voluit,
2989 2170 3086 2208 nos
3110 2155 3200 2209 Dei
3230 2155 3522 2208 vindictam
3567 2155 3636 2208 ob
3663 2169 3777 2222 pec-

2201 2260 2384 2304 catum
2435 2247 2697 2316 originale
2747 2247 2976 2311 mereri;
3013 2247 3154 2316 quod
3195 2255 3371 2299 tamen
3413 2245 3481 2298 ibi
3523 2246 3773 2314 Didymus

2201 2359 2307 2397 non
2342 2350 2756 2403 commemorat,
2789 2340 3014 2407 itlquue
3062 2348 3342 2406 peccatum
3382 2337 3650 2404 originale
3687 2351 3776 2389 ne-

2201 2450 2356 2506 gasse
2387 2437 2618 2489 videtur.
2665 2452 2683 2484 ι

2272 2524 2376 2578 Sed
2430 2523 2788 2592 Hieronymus
2837 2535 3051 2588 quoque
3108 2522 3248 2576 libro
3299 2535 3314 2574 ι
3371 2519 3666 2574 Comment.
3709 2515 3773 2571 In

2201 2616 2496 2686 Epistolam
2531 2619 2598 2669 ad
2641 2615 2892 2682 Ephesios
2932 2631 3052 2685 cap.
3093 2631 3154 2679 tl,
3183 2631 3245 2669 ea
3295 2613 3445 2667 Pauli
3496 2616 3659 2668 verba
3701 2616 3774 2668 sic

2201 2709 2444 2778 exponit,
2472 2720 2529 2762 ut
2559 2724 2733 2776 neque
2765 2710 2973 2777 peccati
3012 2707 3290 2775 originalis
3323 2705 3653 2760 mentionem
3697 2705 3770 2757 fa-

2209 2803 2337 2863 ciat,
2372 2812 2428 2852 et
2455 2801 2772 2854 vocabulum
2813 2799 2973 2867 φύσει
3015 2798 3323 2868 ambiguum
3366 2814 3488 2853 esse
3524 2797 3772 2860 aﬁirnn:t,

2202 2901 2259 2945 ut
2287 2892 2422 2945 verti
2463 2891 2625 2945 etiam
2660 2892 2826 2959 possit
2855 2907 3090 2957 prorsus,
3117 2892 3232 2944 sive
3261 2891 3494 2943 omnino.
3527 2889 3770 2957 Nunquid

2201 2999 2329 3052 ergo
2368 2982 2754 3052 Hieronymum
2793 2998 3008 3051 quoque
3043 2984 3185 3036 inter
3217 2998 3311 3036 eos
3345 2983 3766 3042 numerabimus,

2201 3076 2294 3144 qui
2331 3085 2436 3128 tam
2483 3076 2714 3142 turpiter
2745 3083 3037 3139 errarunt,
3091 3084 3153 3128 ut
3185 3084 3462 3143 peccatum
3511 3069 3770 3141 originale

2203 3182 2308 3220 non
2341 3165 2697 3234 agnoverint?

2405 3257 2535 3311 CAP.
2574 3255 2642 3309 Χ.
2684 3256 2759 3309 De
2784 3271 3083 3310 animarum
3110 3256 3562 3325 prwexsistentta.

2264 3347 2589 3420 Origeniano
2640 3350 2705 3404 de
2743 3351 3046 3403 animarum
3101 3348 3532 3419 praeexsistentia
3587 3359 3766 3402 errore

2197 3442 2452 3496 iniectum
2485 3443 2654 3496 fuisse
2687 3441 2996 3511 Didymum,
3028 3442 3163 3495 adeo
3200 3441 3345 3496 clare
3378 3450 3612 3494 testatur
3640 3436 3768 3491 mul-

2196 3532 2268 3585 tis
2303 3531 2355 3584 in
2399 3530 2531 3585 locis
2570 3530 2971 3601 Hieronymus,
3009 3541 3069 3584 ut
3113 3530 3360 3585 dubitare
3402 3532 3624 3584 omnino
3667 3542 3767 3581 non

2196 3621 2373 3683 liceat,
2417 3623 2545 3691 quin
2595 3622 2708 3691 ipse
2752 3637 2783 3676 a
2816 3633 3004 3676 sancto
3048 3621 3292 3685 doctore,
3333 3631 3390 3675 ut
3423 3637 3603 3691 pravae
3634 3619 3767 3673 illius

2196 3713 2456 3767 doctrinae
2519 3720 2776 3784 patronus
2851 3714 3068 3768 habitus
3141 3713 3324 3766 fuerit.
3388 3713 3456 3767 Ut
3511 3714 3654 3765 enim
3707 3724 3765 3764 ea

2196 3815 2512 3875 praeteream
2547 3821 2668 3876 quae
2700 3806 2766 3860 de
2811 3805 3038 3875 Didymo
3078 3807 3296 3874 scripsit
3329 3804 3416 3858 ille
3443 3805 3537 3858 lib.
3578 3819 3592 3858 ι
3646 3803 3758 3854 adv.

2197 3897 2472 3966 Ruﬁnum,
2497 3913 2665 3969 segm.
2697 3898 2751 3962 6,
2782 3908 2837 3954 et
2867 3898 2961 3951 lib.
2998 3913 3060 3964 ιι,
3107 3912 3277 3966 segni.
3312 3897 3401 3963 16,
3447 3912 3508 3951 ac
3549 3898 3642 3950 lib.
3685 3907 3763 3955 nt,

2194 4004 2364 4059 segm.
2392 3990 2480 4055 12,
2516 3992 2645 4059 quid
2677 3991 2916 4061 apertius
2951 3990 3036 4044 bis
3069 4005 3188 4059 qua:
3217 3990 3442 4059 legimus
3497 4005 3665 4056 segni.
3699 3984 3763 4040 28

2196 4080 2316 4134 libri
2356 4082 2540 4134 tertii?
2570 4081 2822 4136 Ruﬁnum
2856 4082 2928 4137 ibi
2957 4083 3036 4136 sic
3064 4083 3351 4150 al|0quitur
3384 4096 3399 4133 :
3437 4079 3578 4134 Hinc
3608 4090 3677 4132 est
3718 4085 3762 4127 et

2195 4172 2289 4226 illa
2320 4185 2410 4226 tua
2441 4190 2640 4228 arcana
2666 4175 3007 4244 interrogatio
3027 4216 3044 4241 ,
3074 4191 3238 4245 quare
3266 4175 3568 4228 moriantur
3593 4170 3764 4238 infan-

2195 4277 2288 4331 tes,
2319 4281 2436 4318 cum
2470 4277 2685 4334 propter
2717 4278 2949 4335 peccata,
2978 4282 3202 4335 corpora
3227 4267 3538 4333 acceperint.
3579 4263 3763 4316 Exstat

2195 4355 2324 4409 iiber
2354 4354 2567 4424 Didymi
2593 4357 2663 4408 ad
2691 4365 2761 4418 te,
2787 4372 2887 4426 quo
2915 4356 3210 4410 sciscitanti
3235 4354 3328 4407 tibi
3357 4355 3644 4421 respondit,
3666 4365 3762 4402 non

2194 4464 2280 4501 eos
2307 4446 2471 4501 multa
2497 4463 2754 4515 peccasse,
2785 4457 2832 4500 et
2857 4448 2972 4501 ideo
2994 4463 3270 4515 corporum
3303 4462 3535 4500 carceres
3572 4454 3759 4497 'antum

2194 4543 2269 4594 eis
2309 4541 2536 4610 tetigisse
2567 4540 2837 4609 sufficere.
2873 4540 3212 4609 Quapropter
3236 4538 3523 4609 Didymum
3559 4538 3625 4590 ab
3656 4533 3758 4588 Ori-

2195 4633 2422 4703 gcuismi
2479 4632 2599 4686 labe
2639 4632 2928 4687 defendere
2971 4647 3129 4687 nemo
3163 4640 3363 4702 potest,
3407 4632 3536 4699 quin
3579 4625 3759 4698 probet

2195 4733 2287 4777 aut
2314 4723 2524 4794 Didymi
2566 4724 2791 4792 scripta,
2815 4725 2884 4779 ob
2917 4738 3036 4793 qua:
3070 4724 3242 4793 ipsum
3277 4722 3635 4792 Hieronymus
3675 4729 3759 4769 ac-

2197 4827 2371 4894 cusat,
2396 4817 2463 4869 ab
2492 4813 2812 4884 Origenistis
2835 4827 3111 4886 corrupta,
3135 4815 3218 4869 vel
3247 4815 3371 4867 licta
3397 4813 3584 4876 fuisse,
3607 4809 3758 4875 idque

2200 4903 2584 4976 Hieronymum
2617 4906 2898 4976 ignorasse
2934 4922 2952 4960 :
2988 4915 3080 4960 aut
3114 4905 3166 4960 id
3213 4905 3539 4974 Hieronymo
3571 4913 3757 4972 propo-

2195 4998 2355 5048 situm
2382 4995 2571 5058 fuisse,
2604 5005 2661 5048 ut
2683 4996 2966 5066 Didymum
2989 4996 3416 5051 calumniaretur
3443 5012 3457 5048 :
3489 5003 3578 5048 aut
3612 4988 3758 5046 deni-

2193 5102 2296 5155 que
2325 5087 2470 5142 illum
2501 5088 2712 5158 Didymi
2747 5101 2982 5144 tuentem
3011 5091 3179 5158 probe
3208 5105 3315 5144 non
3345 5099 3673 5144 assecutum,
3699 5095 3755 5133 ea

2194 5177 2520 5247 Origeniano
2555 5193 2717 5234 sensu
2765 5181 2907 5235 dicta
2941 5181 3308 5246 existimasse,
3347 5195 3470 5250 quas
3503 5175 3756 5234 catholico

2189 5267 2492 5321 dictaverat
2525 5268 2802 5338 Didymus.
2837 5271 3076 5336 Quorum
3119 5272 3351 5339 primum
3385 5287 3453 5326 ne
3473 5262 3754 5326 verisimile

2189 5355 2402 5422 quidem
2465 5356 2676 5411 videtur
2725 5376 2739 5411 :
2794 5361 3022 5415 alterum
3078 5361 3183 5416 dici
3244 5375 3349 5416 non
3396 5369 3573 5430 potest
3633 5352 3747 5424 qui"

2189 5446 2424 5500 maxima
2466 5449 2704 5502 maximo
2731 5451 2936 5507 doctori
2962 5490 2980 5516 ,
3003 5453 3455 5522 sanctissimeque
3477 5453 3591 5506 viro
3617 5446 3748 5514 inju'

2189 5537 2266 5590 ria
2325 5547 2527 5594 temere
2574 5539 2867 5597 inferatur:
2909 5545 3125 5600 tertium
3187 5559 3316 5600 vero
3356 5545 3499 5599 nulla
3543 5539 3747 5598 omnino

2189 5629 2400 5684 ratione
2428 5631 2753 5690 continuare
2792 5633 2903 5704 jam
2947 5635 3093 5706 licet,
3126 5637 3268 5707 quod
3297 5645 3352 5693 et
3383 5637 3632 5708 pleraque
3666 5627 3746 5686 υί-
