4004 6474
247 426 334 482 1ῠῖ
1531 426 1957 485 COMMENTAR

2066 403 2108 482 ις
2140 457 2206 466 -
2249 424 2377 479 LIB.
2422 424 2485 478 ιι.

3523 414 3627 471 ιιιὸ

257 547 399 617 dym't
460 551 708 618 scripta
788 548 1155 611 interierint,
1196 557 1249 600 et
1291 548 1432 601 circa
1485 547 1686 613 quintae
1735 541 1923 613 synodi
1955 547 2000 602 Α
2031 540 2354 593 habitatores
2389 552 2544 594 terra:
2571 555 2589 591 :
2616 537 2890 607 rapientes
2925 534 3114 603 utique
3159 546 3221 587 ea
3255 545 3374 601 qua:
3410 541 3626 587 terrena

269 648 549 708 tempora,
583 654 661 694 ac
695 652 849 710 post
894 655 1023 694 eam
1053 639 1309 709 synodum
1345 633 1726 706 quamplurimi
1751 671 1766 697 ,
1808 633 1930 700 qui-

279 732 380 788 bus
413 733 681 788 l'ortasse
721 749 798 786 ea
844 734 1040 802 legere
1074 732 1247 785 datum
1297 738 1434 793 erat,
1467 728 1738 788 eamdem,
1770 739 1932 792 quam

301 824 709 894 Hieronymus,
762 824 1018 894 Didymo
1060 831 1235 875 notam
1281 816 1596 871 inusserint.
1642 814 1773 881 Quae
1809 828 1932 867 cum

321 919 398 974 i\a
415 917 545 979 sint,
572 916 632 968 in
671 915 922 969 dubium
957 910 1193 964 revocari
1226 924 1332 962 non
1372 917 1569 976 potest,
1595 905 1723 975 quin
1754 905 1935 971 aliqua

350 1015 529 1070 saltem
550 1025 616 1065 ex
647 1008 882 1078 Didymi
913 1004 1167 1074 scriptis,
1202 1018 1320 1072 qua:
1359 1000 1773 1062 interciderunt,
1815 995 1939 1052 Ori-

365 1105 576 1177 geniana
600 1104 728 1158 labe
761 1100 1043 1170 inquinata
1074 1098 1314 1152 fuerint:
1355 1109 1419 1149 ac
1443 1092 1573 1150 illud
1607 1102 1814 1147 tantum
1842 1105 1940 1142 no-

375 1198 453 1250 bis
487 1196 738 1264 integrum
789 1200 877 1246 est
921 1203 1198 1258 quaerere,
1247 1197 1426 1239 utrum
1475 1181 1782 1251 huiusmodi
1829 1179 1940 1235 sint

374 1291 524 1345 etiam
548 1303 665 1356 quae
702 1291 1018 1354 supersnnt.
1796 1283 1810 1307 κ

439 1382 632 1450 Itaque,
660 1390 723 1432 ut
752 1379 804 1431 in
837 1372 1263 1445 przeexsistenlia
1304 1369 1608 1423 animarum
1654 1364 1939 1426 sistamus,

367 1474 564 1528 nullum
597 1471 714 1538 ejus
747 1469 1031 1537 vestigium
1084 1478 1258 1533 neque
1304 1463 1354 1514 in
1395 1461 1534 1514 libro
1585 1459 1702 1512 adv.
1754 1454 1940 1508 Mani-

364 1568 554 1627 chaeos,
608 1577 781 1632 neque
829 1561 881 1613 in
924 1558 1059 1612 libro
1110 1556 1184 1610 De
1236 1554 1440 1622 Spiritu
1483 1560 1687 1613 sancto,
1739 1563 1837 1602 nec
1886 1547 1939 1600 in

366 1654 710 1723 fragmentis,
753 1666 870 1721 quae
923 1649 1151 1718 Didymo
1209 1647 1260 1699 in
1317 1642 1534 1699 Catenis
1607 1641 1940 1702 tribuuntur,

363 1748 654 1800 observare
694 1758 779 1797 me
830 1741 1072 1796 memini.
1113 1739 1168 1792 ln
1220 1737 1371 1791 libris
1404 1749 1535 1790 vero
1575 1733 1652 1787 De
1688 1731 1945 1785 Trinilale

365 1835 637 1892 nonnullae
664 1835 880 1904 quidem
909 1839 1202 1887 occurrunt
1230 1830 1545 1890 locutiones,
1571 1841 1690 1896 qua:
1720 1825 1786 1876 ad
1827 1822 1946 1878 Ori-

2034 641 2184 696 snnt,
2228 640 2282 686 et
2319 631 2524 686 terreni
2587 630 2808 683 indutos
2866 626 3122 695 imagine.
3151 642 3169 676 ι
3231 623 3309 677 Ita
3345 622 3624 693 Didymus.

2036 721 2137 788 Qui
2170 736 2302 775 vero
2335 729 2490 774 notas
2531 720 2582 772 in
2620 717 2862 784 margine
2911 714 3110 784 adjecit
3144 735 3156 768 :
3192 712 3360 766 Caute
3386 713 3514 781 lege,
3543 713 3628 764 in-

2037 813 2173 880 quit,
2208 828 2328 866 nam
2355 810 2574 866 subdole
2592 810 2799 864 videtur
2826 808 3099 861 insinuare
3126 804 3362 858 hteresim
3387 802 3630 872 Origenis

2037 906 2100 957 de
2154 902 2576 973 prwexsistentia
2615 903 2916 955 animarum
2964 907 3085 952 ante
3114 913 3360 965 corpora,
3404 905 3451 948 et
3478 911 3632 948 mun-

2037 999 2161 1051 dum
2187 995 2463 1050 visibilem.

2109 1090 2218 1144 Sed
2271 1090 2546 1159 equidem,
2585 1095 2645 1141 ut
2677 1098 2864 1141 verum
2900 1082 3092 1149 fatear,
3156 1095 3255 1135 cur
3282 1093 3387 1132 non
3424 1075 3636 1147 possint

2038 1181 2306 1235 catholico
2361 1181 2474 1234 haec
2507 1193 2668 1232 sensu
2698 1176 2894 1244 accipi,
2925 1190 3032 1228 non
3063 1173 3244 1227 video.
3294 1169 3450 1224 Nulla
3481 1169 3625 1224 enim

2039 1275 2126 1327 hic
2152 1271 2622 1342 prmexsislettlizn,
2655 1267 2802 1322 nulla
2829 1263 3249 1337 prmcedentium
3285 1272 3634 1334 peccatorum

2041 1364 2260 1427 mentio,
2312 1363 2404 1416 sed
2460 1369 2820 1429 temporaneze
2873 1357 3136 1410 duntaxat
3214 1353 3522 1406 animarum
3575 1351 3628 1404 in

2039 1455 2357 1526 corporibus
2411 1451 2761 1506 habitationis
2804 1467 2817 1503 :
2853 1463 2955 1503 nec
3004 1447 3150 1500 aliud
3220 1454 3470 1514 Spectare
3504 1441 3635 1497 mihi

2039 1550 2252 1604 videtur
2291 1545 2572 1617 Didymus,
2637 1542 2740 1597 nisi
2800 1551 2854 1594 ut
2898 1547 3136 1603 moneat,
3187 1553 3293 1592 non
3351 1550 3472 1590 esse
3518 1534 3637 1587 ani-

2042 1653 2160 1690 mas
2217 1651 2283 1689 ex
2341 1645 2552 1688 terrena
2602 1631 2946 1693 substantia;
3012 1629 3258 1697 alioquin
3314 1627 3635 1680 dicerentur

2046 1743 2151 1782 non
2202 1728 2437 1790 adventa,
2503 1724 2596 1778 sed
2627 1722 2967 1776 habitatrices
2994 1730 3180 1783 terrm;
3219 1733 3315 1772 eas
3364 1731 3492 1771 vero
3520 1714 3641 1768 ani-

2049 1834 2186 1884 mas,
2213 1834 2333 1888 quae
2371 1817 2560 1870 habent
2600 1816 3016 1882 compassionem
3062 1811 3260 1874 carnis,
3314 1810 3364 1863 id
3392 1817 3495 1870 est,
3519 1821 3641 1876 qua:

366 1930 657 2001 genianum
699 1929 841 1981 hunc
871 1939 1110 1979 errorem
1147 1921 1338 1978 referri
1383 1928 1612 1990 queant,
1644 1915 1943 1984 cuiusmodi
1978 1889 2021 1947 Β
2056 1911 2296 1966 carnalia
2333 1907 2626 1971 desideria,
2671 1907 3061 1975 passionesque
3099 1912 3396 1964 sectantur,
3443 1901 3643 1970 indige-

366 2031 454 2076 est
483 2020 572 2075 illa
600 2033 720 2088 qum
754 2033 874 2089 pag.
921 2016 1027 2071 248
1063 2015 1294 2085 legitur:
1332 2010 1437 2065 Pro
1475 2021 1615 2065 terra
1644 2025 1828 2062 rursus
1851 2007 1947 2060 do-

368 2122 460 2166 nat
488 2111 714 2174 caelum;
754 2108 846 2162 sed
884 2105 1123 2176 singulas
1161 2102 1436 2158 catholico
1465 2114 1627 2155 sensu
1667 2097 1949 2151 commode

369 2205 543 2275 accipi
572 2217 732 2272 posse
780 2199 1011 2260 ostendi,
1053 2200 1104 2251 ni
1154 2197 1328 2261 fallor,
1365 2195 1420 2248 in
1470 2194 1633 2254 notis,
1679 2201 1737 2244 ut
1767 2191 1950 2244 videre

373 2293 498 2346 licet
530 2305 650 2360 pag.
691 2287 758 2340 87
781 2285 991 2347 etlll,
1025 2280 1239 2354 [XLIX]
1297 2280 1400 2334 5M
1449 2288 1504 2333 et
1547 2277 1674 2341 248,
1723 2275 1949 2343 aliisque

372 2382 502 2437 locis
539 2381 609 2434 ibi
649 2377 914 2432 indicatis.
964 2375 1104 2440 Quin
1155 2371 1238 2426 vel
1285 2371 1400 2439 ipse
1444 2368 1771 2438 Augustinus
1830 2373 1951 2434 post

373 2478 684 2530 damnatum
741 2470 850 2539 jam
903 2469 969 2522 ab
1030 2465 1263 2521 Ecclesia
1323 2462 1763 2532 Origenismum,
1827 2472 1948 2512 cum

372 2565 604 2632 quadam
679 2577 742 2615 ex
787 2558 1086 2626 huiusmodi
1165 2556 1524 2610 locutionibus
1586 2567 1722 2606 usus
1765 2558 1949 2613 esset,

372 2671 497 2708 eam
538 2653 588 2706 in
631 2649 1099 2704 Retractationibus
1143 2647 1235 2701 lib.
1281 2662 1334 2709 ι,
1392 2659 1511 2712 cap.
1556 2643 1582 2696 l
1614 2682 1629 2704 ,
1677 2641 1777 2695 sibi
1839 2641 1954 2709 qni-

376 2746 501 2797 dem
542 2759 643 2795 non
689 2741 904 2795 omnino
951 2739 1189 2792 arridere
1238 2737 1473 2798 indicat,
1522 2733 1612 2787 sed
1655 2742 1709 2786 ιιι
1760 2729 1953 2784 absur-

377 2839 501 2889 dam
544 2849 649 2887 non
684 2832 886 2900 respuit
929 2847 942 2883 :
978 2833 1058 2884 sic
1097 2829 1236 2883 enim
1287 2842 1405 2881 eam
1429 2833 1686 2880 retractat
1731 2841 1746 2878 :
1783 2841 1801 2874 ι
1835 2822 1955 2875 Alio

379 2929 500 2983 loco
527 2943 646 2980 cum
669 2941 879 2995 agerem
905 2926 970 2978 de
994 2923 1200 2987 animo,
1228 2921 1338 2975 dixi
1371 2939 1384 2974 :
1413 2918 1666 2973 Securior
1687 2917 1954 2970 rediturus

377 3021 665 3074 incretum.
705 3017 883 3071 [turus
919 3028 1118 3080 autem,
1160 3029 1321 3083 quam
1369 3011 1658 3072 rediturus,
1693 3007 1954 3063 dixissem

375 3114 625 3168 securius
648 3150 662 3172 ,
696 3118 909 3179 pr0pter
941 3122 1035 3162 eos
1077 3105 1166 3174 qui
1207 3112 1398 3174 putant
1435 3103 1647 3156 animos
1688 3101 1957 3155 humanos

377 3220 476 3276 pro
520 3204 728 3257 meritis
755 3209 1092 3271 peccatorum
1122 3210 1340 3250 suorum
1374 3195 1437 3249 de
1464 3193 1605 3248 ctelo
1637 3193 1812 3262 lapsos
1844 3192 1957 3246 sive

381 3295 642 3363 deiectos,
684 3293 733 3345 in
774 3305 999 3358 corpora
1033 3288 1130 3341 ista
1161 3285 1392 3340 detrudi.
1433 3285 1539 3339 Sed
1567 3298 1668 3355 ego
1701 3293 1952 3354 propter-

379 3404 444 3443 ea
496 3403 602 3440 non
645 3379 879 3437 dubitavi
927 3382 1137 3443 dicere,
1167 3379 1291 3448 quia
1342 3378 1416 3432 ita
1452 3377 1602 3442 dixi,
1647 3377 1703 3430 in
1749 3377 1957 3441 caelum,

384 3488 642 3544 tanquam
683 3475 936 3539 dicerem,
961 3472 1028 3523 ad
1069 3469 1251 3523 Deum.
1285 3508 1299 3521 .
1339 3508 1352 3521 .
1387 3509 1402 3524 .
1438 3508 1454 3524 .
1498 3469 1562 3522 Et
1593 3468 1644 3522 in
1688 3467 1826 3523 libro
1859 3468 1960 3523 Ec-

381 3567 652 3623 clesiaste:
674 3566 932 3634 scriptum
953 3573 1037 3618 est
1064 3580 1076 3615 :
1104 3560 1336 3630 Spiritus
1365 3571 1657 3615 revertatur
1677 3560 1746 3615 ad
1769 3559 1960 3626 Deum,

390 3659 480 3728 qui
504 3659 639 3710 dedit
665 3656 813 3710 illum
842 3655 908 3707 ⁵².
950 3673 969 3704 ι

467 3747 742 3817 Reliquum
772 3755 856 3800 est
903 3760 1034 3814 ergo
1067 3752 1126 3798 ut
1179 3744 1535 3812 quaestionem
1568 3745 1710 3798 hanc
1744 3758 1962 3799 omnem

396 3839 461 3892 ad
495 3837 868 3891 Enarratianes
924 3835 1310 3891 contrahamus
1357 3848 1372 3888 :
1425 3835 1479 3888 in
1529 3835 1614 3890 his
1644 3835 1788 3888 enim
1817 3849 1964 3899 eum,

391 3934 460 3988 de
484 3949 592 4002 quo
616 3931 904 4000 loquimur,
936 3945 1176 3985 errorem
1213 3927 1454 3982 nonnulli
1485 3942 1544 3983 se
1574 3927 1851 3984 detexisse
1877 3943 1970 3981 ar-

392 4026 580 4080 bitrati
621 4035 766 4078 sunt.
792 4023 966 4079 Locus
993 4034 1195 4087 autem,
1220 4037 1379 4092 quem
1412 4023 1836 4093 reprehendunt,
1869 4037 1967 4078 ex-

389 4128 501 4173 stat
538 4117 690 4170 initio
715 4115 1082 4170 Enarrationis
1113 4117 1171 4169 in
1205 4116 1436 4184 primum
1469 4114 1614 4168 Petri
1647 4112 1962 4183 Epistolam,

395 4209 484 4264 ubi
506 4209 785 4276 explicatis
817 4206 1125 4262 litteraliter
1168 4207 1255 4262 liis
1279 4207 1486 4274 verbis,
1518 4208 1731 4261 advenis
1764 4207 1970 4276 disper-

392 4301 561 4355 sionis
591 4299 766 4364 Ponti,
793 4300 846 4354 in
878 4300 1020 4354 hunc
1064 4299 1279 4355 modum
1313 4300 1490 4370 pergit
1521 4315 1536 4354 :
1573 4317 1593 4350 ι
1622 4299 1679 4352 Si
1714 4299 1840 4367 quid
1871 4314 1970 4353 au-

395 4406 503 4448 tem
540 4407 700 4462 supra
725 4402 924 4446 textum
960 4391 1048 4446 hic
1098 4400 1276 4462 potest
1334 4391 1582 4462 intelligi,
1623 4391 1970 4445 animadver-

396 4491 617 4540 tendum
649 4497 731 4541 est
780 4487 882 4541 hoc
910 4487 975 4540 de
1007 4485 1204 4539 animae
1257 4485 1490 4548 ratione,
1522 4484 1674 4553 quasi
1707 4489 1965 4537 advenam

2047 2005 2131 2058 nis
2158 2003 2337 2073 potius
2359 2017 2520 2072 quam
2556 1999 2766 2053 advenis
2788 1996 3096 2051 assimilari.

2121 2095 2298 2163 Quid?
2325 2095 2466 2164 quod
2527 2092 2817 2147 absurdam
2872 2088 3126 2158 Origenis
3160 2089 3226 2143 de
3266 2087 3646 2156 praeexsisten-

2051 2191 2123 2244 tia
2159 2189 2467 2260 opinionem
2497 2193 2690 2256 aperte
2717 2183 2914 2237 ibidem
2953 2192 3076 2252 post
3102 2181 3429 2251 paucissima
3481 2180 3643 2233 verba

2051 2296 2489 2337 commemorans
2514 2279 2796 2349 Didymus,
2835 2276 2907 2329 ita
2936 2275 3256 2344 quibusdam
3280 2289 3399 2328 eam
3435 2271 3644 2335 tribuit,

2053 2385 2110 2429 ut
2141 2374 2386 2428 indicare
2409 2373 2656 2427 videatur
2706 2372 2808 2427 sibi
2871 2371 3016 2426 illam
3069 2386 3176 2424 non
3226 2367 3491 2431 arridere,
3551 2376 3645 2420 aut

2053 2467 2127 2520 ita
2150 2473 2321 2524 certe,
2392 2473 2452 2518 ut
2506 2463 2653 2517 illam
2701 2462 2778 2516 ibi
2833 2479 2943 2516 non
2973 2461 3349 2531 amplectatur.
3387 2458 3456 2512 Ut
3501 2459 3644 2509 enim

2052 2557 2214 2628 paulo
2241 2557 2495 2626 superius
2519 2555 2780 2622 diximus,
2829 2554 3062 2608 alIerens
3103 2552 3250 2606 Pauli
3275 2551 3460 2616 verba,
3498 2548 3647 2604 Sicut

2053 2650 2204 2719 elegit
2227 2666 2319 2703 nos
2349 2650 2404 2702 in
2435 2650 2550 2718 ipso
2578 2660 2700 2703 ante
2729 2649 2982 2718 originem
3009 2646 3191 2700 mundi
3215 2661 3324 2699 esse
3350 2654 3558 2697 sanctos
3577 2642 3643 2705 ⁵⁸,

2056 2743 2134 2797 sic
2166 2757 2229 2796 ea
2256 2742 2478 2809 exponit
2512 2758 2526 2794 :
2579 2741 2720 2795 Licet
2760 2743 2896 2794 enim
2923 2738 3375 2810 quidamdicant,
3400 2737 3648 2805 quoniam

2056 2851 2254 2903 semper
2273 2844 2320 2886 et
2351 2841 2471 2886 ante
2493 2833 2744 2887 mundum
2777 2831 3173 2885 rationabilium
3225 2829 3519 2883 substantia
3546 2828 3650 2892 sit;

2057 2927 2724 2992 verumtamenpraevidens
2775 2925 2914 2978 Deus
2951 2924 3133 2992 ﬁdem,
3192 2932 3240 2976 et
3298 2933 3447 2974 actus
3478 2922 3648 2973 homi-

2059 3036 2183 3074 num
2294 3019 2631 3086 prwscienler
2663 3018 2813 3087 elegit
2861 3034 2947 3071 eos
2987 3019 3043 3070 in
3067 3014 3278 3070 Christo
3324 3024 3444 3068 ante
3468 3014 3652 3066 mundi

2060 3113 2335 3182 originem.

2131 3203 2201 3256 At
2224 3203 2269 3256 si
2306 3203 2421 3256 haec
2456 3201 2527 3255 ita
2562 3213 2621 3255 se
2653 3200 2880 3266 habent,
2920 3198 3012 3268 qui
3049 3198 3107 3252 lit
3136 3212 3286 3268 ergo,
3328 3197 3568 3266 inquies,
3595 3203 3655 3248 ut

2065 3295 2425 3367 llteronymns
2461 3293 2856 3363 Origeniannm
2891 3293 2957 3347 de
3011 3289 3442 3361 przeexsistentia
3499 3301 3654 3340 erro-

2067 3407 2178 3446 rem
2207 3390 2435 3460 Didymo
2462 3387 2704 3443 tribuat?
2734 3384 2939 3454 Nempe
2967 3383 3330 3453 Hieronymus
3352 3397 3414 3436 ea
3444 3381 3655 3451 Didymi

2064 3483 2264 3551 scripta
2302 3463 2699 3551 respicit-quae
2746 3479 2857 3550 jam
2914 3476 3058 3532 nulla
3099 3487 3258 3542 sunt;
3295 3489 3392 3530 nos
3432 3489 3561 3530 vero
3591 3488 3658 3528 ea

2064 3573 2332 3629 duntaxat
2355 3588 2477 3646 qua:
2505 3573 2682 3628 adhuc
2713 3579 2950 3627 exstant.

2357 3723 2488 3781 CAP.
2523 3723 2614 3779 XI.
2659 3723 2736 3778 De
2762 3724 2938 3779 rarnis
2967 3723 3364 3778 resurrectione.

2142 3841 2512 3898 Transeamus
2574 3844 2734 3897 modo
2781 3843 2848 3897 ad
2912 3843 3096 3898 carnis
3155 3841 3656 3906 resurrectionem;

2068 3952 2195 3993 nam
2227 3938 2293 3991 de
2327 3936 2427 3990 ista
2453 3949 2670 4005 quoque
2699 3950 2981 4005 perperam
3010 3945 3296 3991 senserunt
3319 3935 3658 4007 Origcnistae.

2072 4030 2149 4085 De
2181 4027 2410 4100 Didymo
2442 4037 2621 4081 autem
2651 4027 2730 4081 sic
2768 4038 2950 4084 statuo
3000 4046 3014 4083 :
3053 4029 3261 4083 nullum
3289 4039 3533 4093 exstare,
3567 4039 3662 4082 aut

2071 4121 2276 4176 nullum
2317 4129 2466 4174 certe
2525 4123 2657 4176 mihi
2702 4131 2887 4176 notum
2947 4135 3066 4176 esse
3101 4120 3297 4185 locum,
3347 4121 3400 4174 in
3459 4135 3568 4188 quo
3593 4119 3661 4174 de

2072 4214 2480 4272 resurrectione
2501 4230 2565 4269 ea
2604 4214 2853 4270 docuerit
2893 4228 3013 4282 qua:
3050 4213 3302 4268 docuisse
3329 4213 3526 4267 dicitur
3551 4212 3664 4268 Ori-

2082 4321 2271 4377 genes.
2308 4303 2444 4359 Cum
2479 4306 2623 4359 enim
2677 4323 2730 4360 in
2760 4307 3078 4368 canonibns,
3132 4307 3246 4359 sive
3307 4303 3656 4359 anathemati-

2075 4399 2206 4454 smis
2235 4407 2417 4452 contra
2463 4397 2736 4466 Origenem
2771 4396 2966 4451 szecnlo
3003 4405 3161 4450 sexto
3192 4394 3422 4450 conditis
3453 4409 3664 4449 accuse-

2078 4501 2166 4546 tur
2189 4492 2305 4559 ipse
2339 4489 2627 4560 Origenes,
2661 4497 2755 4542 aut
2783 4489 2973 4543 saltem
2997 4487 3332 4556 Origeniani,
3362 4489 3504 4556 quod
3545 4501 3666 4541 cor-

397 4595 519 4633 eam
541 4579 671 4633 velit
701 4579 940 4648 agnosci.
967 4577 1118 4633 Unde
1164 4576 1327 4632 etiam
1357 4577 1560 4631 dictum
1589 4577 1839 4630 videtur:
1871 4575 1973 4630 Pe-
2002 4591 2052 4650 ι)
2083 4598 2183 4654 pus
2208 4582 2420 4637 Domini
2446 4590 2567 4650 post
2601 4579 3058 4635 resurrectionem
3089 4579 3382 4632 azthereum
3421 4588 3473 4634 et
3500 4580 3668 4648 spinae.

400 4673 637 4741 regrinus
675 4689 794 4741 ergo
836 4670 1166 4742 [legendum,
1209 4667 1324 4740 ego]
1357 4673 1412 4721 in
1451 4679 1615 4734 terra,
1646 4677 1696 4723 et
1753 4670 1974 4734 advena,

398 4758 533 4810 sicut
564 4774 739 4810 omnes
797 4768 969 4823 patres
1022 4758 1130 4810 mei
1158 4757 1224 4810 ⁸³.
1287 4758 1351 4810 Ει
1401 4757 1594 4810 iterum
1640 4774 1654 4810 :
1694 4755 1814 4810 Heu
1861 4757 1978 4811 me!

400 4851 648 4915 quoniam
679 4848 934 4902 incolatus
964 4865 1108 4902 meus
1151 4847 1494 4918 prolongatus
1519 4858 1596 4903 est
1625 4848 1692 4902 “.
1739 4850 1976 4904 Adveme

401 4938 663 5006 siquidem
707 4937 839 4990 ﬁunt
891 4938 1165 4992 hominum
1219 4939 1415 4991 animae
1459 4935 1779 5006 corporibus
1811 4951 1976 5006 copu-

403 5030 544 5094 lata,
576 5032 700 5085 dum
758 5031 809 5085 in
863 5031 943 5084 eis
972 5031 1340 5099 temporaliter
1373 5044 1496 5085 esse
1543 5029 1974 5084 constituuntur.

407 5121 536 5175 Nam
564 5124 609 5177 si
639 5129 823 5178 essent
870 5137 938 5178 ex
969 5137 1032 5176 ea
1079 5121 1402 5188 substantia,
1444 5137 1572 5176 vera
1616 5135 1844 5190 corpora
1884 5135 1977 5176 es—

404 5224 526 5268 sent
548 5216 895 5271 babitatrices
949 5224 1126 5270 terrae.
1179 5215 1420 5285 Denique
1463 5217 1662 5270 animae
1712 5215 1976 5270 habentes

401 5310 825 5375 rompassioncm
882 5311 1088 5372 carnis,
1137 5323 1259 5365 esse
1299 5308 1351 5362 in
1417 5307 1750 5362 habitatione
1775 5321 1975 5362 carnea

394 5409 794 5467 nuncupantur,
839 5408 895 5452 et
927 5398 1220 5464 velalione,
1252 5414 1562 5468 quanquam
1597 5397 1819 5452 advenae
1849 5406 1977 5451 sunt

392 5487 447 5541 in
481 5499 670 5544 terram
707 5489 723 5562 [
734 5491 877 5560 lego,
939 5491 994 5542 in
1023 5489 1210 5561 terra],
1265 5491 1358 5545 sed
1391 5491 1564 5560 magis
1603 5489 1979 5544 assimilantur

394 5581 668 5656 indigenis.
701 5583 863 5642 Unde
891 5593 950 5637 et
984 5592 1223 5637 terrores
1270 5583 1581 5637 inferuntur
1611 5581 1847 5654 [respicit
1874 5581 1976 5635 Di-

379 5679 556 5752 dymus
576 5680 909 5737 versiculum
943 5675 1012 5729 l5
1056 5675 1236 5741 capitis
1274 5691 1368 5730 vin
1417 5675 1782 5748 Apocalypsis]
1816 5690 1980 5745 super

416 5896 464 5931 ss
493 5893 688 5952 Εεςιρ,
724 5899 836 5947 ιιι,
871 5879 929 5930 7.
1020 5872 1222 5929 "Psal.
1259 5891 1484 5942 χιιι-ιιι,
1520 5876 1604 5931 l5.

2076 4673 2250 4728 ricum
2278 4673 2520 4728 evasisse
2565 4670 2857 4734 voluerint,
2909 4685 2973 4724 ac
3035 4679 3220 4724 nostra
3263 4669 3389 4723 item
3437 4685 3666 4739 corpora

2076 4772 2202 4833 post
2233 4761 2693 4817 resurrectionem
2719 4763 2950 4813 aetherea
2993 4757 3127 4825 fore,
3163 4769 3215 4812 et
3253 4757 3347 4831 [L]
3380 4761 3667 4826 sphaerion,

2083 4855 2194 4908 imo
2217 4855 2429 4906 tandem
2461 4852 2820 4906 substantiam
2871 4865 3158 4920 corporum
3216 4851 3270 4904 in
3311 4851 3537 4905 nihilum
3569 4853 3666 4906 ab.

2084 4935 2281 4998 ituram
2330 4943 2674 5008 censuerint;
2733 4943 2864 4996 nihil
2903 4941 3009 4996 tale
3073 4957 3310 5010 unquam
3347 4942 3529 4996 inulto
3577 4941 3670 4996 Di-

2083 5038 2232 5108 dymi
2258 5052 2424 5106 Opere
2446 5038 2695 5092 invenire
2716 5037 2864 5107 potui
2895 5055 2907 5090 :
2940 5035 3069 5106 quin
3097 5051 3128 5091 e
3153 5037 3430 5091 contrario
3453 5037 3504 5090 in
3540 5035 3670 5090 mul-

2084 5139 2137 5183 ta
2175 5129 2340 5184 incidi
2378 5129 2517 5196 loca,
2551 5129 2754 5199 quibus
2791 5129 2925 5184 satis
2960 5137 3146 5198 aperte
3173 5144 3232 5184 se
3255 5129 3536 5183 catholicae
3566 5129 3671 5183 Ec-

2083 5220 2265 5275 clesiae
2324 5219 2632 5274 doctrinam
2681 5221 2832 5288 sequi
2892 5221 3116 5275 indicat.
3198 5219 3377 5275 Unum
3435 5220 3669 5288 exempli

2082 5327 2243 5366 causa
2274 5311 2495 5381 profero
2552 5328 2618 5366 ex
2667 5312 3004 5366 Corderiana
3035 5322 3230 5366 catena
3279 5314 3336 5364 in
3385 5309 3672 5364 Joannem.

2078 5403 2265 5458 Exstat
2299 5420 2428 5457 vero
2460 5419 2582 5474 pag.
2615 5403 2734 5467 159,
2789 5404 2880 5458 ubi
2923 5403 3214 5472 exponitur
3275 5402 3576 5456 versiculus
3603 5400 3675 5454 29

2079 5497 2252 5567 quinti
2288 5496 2502 5564 capitis,
2522 5496 2611 5564 qui
2647 5505 2729 5549 est
2765 5495 3110 5562 hujnsmodi:
3147 5495 3339 5550 Omnes
3361 5494 3523 5559 quiin
3560 5509 3675 5545 mo-

2080 5590 2335 5642 numentis
2365 5599 2504 5648 sunt,
2537 5587 2751 5640 audient
2807 5603 2977 5640 vocem
3013 5585 3145 5640 Filii
3181 5587 3293 5641 Dei.
3337 5586 3547 5657 Didymi
3570 5601 3671 5638 au-

2082 5687 2192 5732 tem
2217 5681 2378 5734 verba
2415 5679 2604 5734 Latine
2630 5695 2658 5733 a
2699 5678 2958 5733 Cordcrio
2992 5679 3070 5734 sic
3095 5692 3252 5733 versa
3290 5687 3418 5734 sunt
3446 5697 3457 5733 :
3499 5674 3668 5743 Illud,

1684 5875 1728 5907 “
1757 5874 1900 5932 Psal.
1925 5891 2070 5943 CXIX,
2191 5877 2234 5907 '"‘
2267 5877 2462 5948 Ephcs.
2502 5894 2536 5942 ι,
2575 5877 2629 5944 4,
