4004 6426
461 401 562 460 l9!)
1915 396 2002 452 DE
2040 395 2302 452 DIDYMO
3657 388 3764 446 230

459 539 481 574 s
517 522 709 574 Omnes
748 521 838 590 qui
895 520 951 573 in
991 519 1340 573 monumentis
1375 527 1520 582 sunt,
1547 537 1564 569 ι
1604 517 1739 570 idem
1792 525 1869 568 est
1910 533 1973 568 ac
2013 515 2057 567 si
2089 525 2136 581 Α
2165 516 2322 568 modo
2345 513 2616 582 deposna,
2664 527 2728 568 ac
2762 513 2978 566 demum
3029 513 3227 566 iterum
3269 520 3558 580 assumpta
3589 510 3645 562 in
3674 527 3754 564 re-

460 613 640 665 dicat:
675 610 870 665 Omnes
895 613 1108 665 mortui.
1132 611 1380 680 Alioquin
1410 611 1546 663 enim
1591 625 1772 663 eorum
1799 607 1943 675 quia
1978 608 2059 675 fe-
2165 606 2528 661 snrrertione.

462 704 532 755 ris
552 706 725 772 igneae
749 704 1042 772 consumpti
1084 713 1230 767 sunt,
1280 718 1500 770 corpora
1552 716 1653 753 non
1712 709 2058 768 resurgerem.
2235 694 2340 749 Sed
2369 693 2542 764 pergit
2566 695 2707 764 loqui
2735 693 2995 766 Didymus
3021 695 3074 749 in
3104 698 3249 749 hunc
3272 696 3487 750 modum
3517 712 3532 748 :
3559 694 3622 749 Si
3649 697 3769 762 quis

477 790 664 845 Verum
693 793 1115 862 quandoquidem
1151 791 1388 844 omnium
1429 790 1733 843 mortalium
1769 787 1952 857 futura
1993 790 2060 840 sit
2163 805 2283 842 vero
2309 789 2419 840 lucc
2447 804 2512 840 ea:
2557 803 2781 855 persona
2812 785 3033 841 Davidis
3071 787 3177 840 dici
3238 788 3511 855 opinatur,
3556 788 3769 840 desinat

465 885 799 949 resurrectio,
849 883 927 935 illi
978 884 1136 936 etiam
1185 897 1392 945 eorum,
1425 881 1516 951 qui
1581 879 1636 932 in
1695 879 2063 932 monumentis
2164 896 2274 932 sese
2302 879 2682 946 simpliciorum
2703 879 2972 932 sententia:
2994 880 3058 932 de
3082 879 3457 932 resurrectione
3481 894 3768 946 opponere.

467 986 612 1039 sunt,
642 991 855 1028 numero
896 975 1160 1028 censendi.
1198 973 1352 1039 Quod
1378 974 1422 1026 si
1450 972 1827 1026 contentiosius
1854 982 2066 1024 contra-
2168 971 2419 1037 Quamvis
2441 973 2575 1025 enim
2603 970 2658 1023 Ιιὶ
2696 971 3054 1024 demonstrare
3084 975 3152 1024 ad
3196 970 3405 1023 oculum
3436 987 3544 1023 non
3570 971 3770 1038 possint

468 1064 669 1126 dicunt,
700 1063 968 1115 sciendum
997 1063 1083 1128 iis,
1127 1064 1260 1115 sicut
1305 1063 1394 1132 qui
1441 1061 1574 1114 bona
1611 1059 1855 1130 malaque
1876 1075 2065 1126 perpe-
2167 1062 2307 1131 quod
2335 1062 2593 1122 credunt;
2651 1061 2734 1125 pie
2777 1068 2952 1113 tamen
2997 1077 3052 1113 se
3078 1069 3289 1129 gerunt,
3318 1077 3433 1113 cum
3463 1062 3624 1113 aiunt
3653 1078 3773 1114 car—

472 1164 702 1220 trarunt,
733 1171 837 1207 non
862 1166 980 1208 sunt
1010 1171 1256 1220 corpora,
1280 1171 1397 1224 qua:
1426 1155 1480 1206 in
1511 1154 1860 1206 monumentis
1883 1169 2066 1206 recon-
2169 1169 2284 1206 nem
2334 1169 2623 1222 resurgere,
2665 1163 2717 1205 ut
2753 1151 2988 1220 spiritale
3040 1161 3089 1206 et
3125 1153 3523 1220 incorruptibile
3582 1170 3770 1221 corpus

471 1249 583 1300 dita
611 1257 753 1310 sunt,
785 1248 858 1300 sic
888 1263 1050 1317 neque
1087 1245 1309 1300 Verbum
1345 1246 1730 1314 prohibitura»:
1760 1246 1898 1313 ipsas
1939 1262 2070 1314 quo-
2169 1245 2266 1297 sit.
2299 1244 2430 1295 sicut
2464 1245 2599 1296 enint
2623 1253 2862 1296 mortuus
2892 1246 2981 1312 qui
3005 1245 3253 1312 resurgit,
3273 1255 3387 1312 post
3423 1248 3772 1298 resurrectio-

474 1339 647 1391 minus
680 1355 898 1402 corpora
943 1356 1037 1391 sua
1070 1339 1175 1408 igni
1227 1339 1394 1390 aliave
1441 1338 1642 1390 ratione
1689 1338 1962 1403 absumpta
1989 1351 2071 1390 re-
2173 1352 2289 1388 item
2314 1336 2457 1388 vivus
2485 1343 2581 1399 est,
2609 1351 2709 1387 non
2738 1351 2854 1388 vero
2880 1345 3156 1399 mortuus;
3184 1337 3255 1388 ita
3278 1353 3402 1392 caro
3451 1339 3770 1391 resuscitata

481 1441 714 1482 sumant.
740 1430 877 1496 Quid
909 1431 1152 1484 clarius?
1200 1429 1315 1483 Non
1348 1431 1604 1494 aetherea,
1648 1444 1753 1482 non
1802 1429 2068 1497 spltterica
2171 1437 2286 1494 post
2318 1425 2752 1479 resurrectionem
2785 1425 3025 1492 spiritale
3073 1439 3118 1480 et
3153 1427 3556 1497 incorruptibile
3581 1445 3770 1496 corpus

475 1531 852 1589 assumptnros
883 1537 982 1574 nos
1019 1535 1141 1575 esse
1167 1521 1298 1574 dicit
1329 1536 1577 1590 corpora,
1636 1521 1730 1573 scd
1773 1519 1842 1572 τὰ
1871 1521 2003 1589 πυρὶ
2033 1519 2067 1590 ἢ
2173 1523 2278 1570 est.
2310 1514 2447 1568 llnic
2483 1524 2662 1568 autem
2692 1516 2812 1567 loco
2836 1530 2941 1567 non
2967 1517 3244 1570 dissimilis
3275 1528 3359 1571 est
3396 1518 3559 1581 alter,
3597 1519 3688 1586 qui
3724 1521 3770 1571 in

476 1611 652 1674 ἄλλως
681 1611 1052 1679 ἀναλωθέντα,
1103 1613 1153 1667 id
1181 1622 1268 1668 est
1299 1629 1360 1666 ea
1394 1613 1508 1682 ipsa
1549 1628 1670 1682 quae
1714 1623 1844 1666 ante
1867 1615 2070 1665 obitum
2173 1607 2436 1662 extremis
2468 1607 2911 1660 enarrationibus
2957 1606 3173 1675 legitur,
3226 1620 3278 1663 et
3311 1619 3397 1664 est
3429 1610 3768 1676 lmjnsmodi.

478 1706 839 1768 habebamus,
866 1706 971 1759 etsi
1009 1705 1146 1759 forte
1183 1703 1252 1758 ab
1287 1705 1435 1775 igne,
1471 1715 1568 1758 aut
1599 1703 1705 1758 alia
1749 1717 2074 1759 auat-unaue
2180 1718 2197 1749 ι
2223 1699 2496 1767 Scriptura
2520 1701 2830 1769 namquede
2856 1701 3160 1769 bnjnsmodi
3185 1701 3347 1769 jnstis
3368 1712 3448 1754 est
3470 1703 3772 1770 (Dathtt,

479 1799 696 1852 ratione
717 1799 1006 1864 absumpta
1044 1796 1269 1851 fuerint.
2175 1788 2271 1857 5):
2308 1787 2607 1860 Fulgebunt
2659 1790 2795 1843 sicut
2825 1793 3039 1845 claritas
3091 1791 3433 1860 ﬁrmamenti,
3475 1801 3526 1844 et
3584 1791 3774 1845 intelli-

561 1888 816 1958 Snperest
849 1889 1031 1957 itaque
1055 1897 1292 1952 tantum,
1325 1893 1385 1940 ut
1408 1885 1616 1955 potiora
1645 1885 1890 1955 quaedam
1920 1886 2084 1956 Didy-
2117 1887 2159 1943 Β
2187 1892 2361 1953 gentes
2408 1894 2560 1936 erunt
2592 1885 2724 1937 sicut
2752 1894 2919 1938 astra.
2975 1883 3266 1954 Propterea
3308 1900 3546 1954 namque
3602 1885 3771 1939 sancti

483 1979 555 2033 mi
588 1980 703 2032 loca
757 1980 945 2034 lectori
978 1979 1298 2044 exhibeam,
1327 1987 1385 2032 ut
1412 1977 1660 2048 judicare
1687 1986 1873 2043 cueat,
1903 1990 2084 2034 utrum
2189 1986 2538 2046 resurgentes
2577 1991 2608 2030 a
2656 1977 2884 2032 mortuis
2946 1991 3069 2032 cum
3106 1978 3506 2045 incorruptibili
3550 1987 3606 2031 et
3662 1978 3771 2046 spi-

483 2071 782 2125 ortlindoxa
818 2071 946 2136 sint,
980 2085 1171 2125 necne.
2188 2067 2368 2121 riluali
2413 2082 2665 2137 corpore,
2712 2068 2844 2122 solis
2893 2077 2948 2122 et
2995 2069 3154 2135 luna',
3189 2079 3244 2123 et
3298 2070 3539 2124 siderum
3595 2069 3774 2139 gloria:

554 2162 794 2217 Primum
832 2163 1058 2217 desumo
1083 2175 1149 2216 ex
1183 2160 1386 2215 Niceta:
1411 2169 1603 2218 catena
1629 2161 1685 2213 in
1709 2157 1928 2228 Jobum,
1956 2175 2082 2232 pag.
2188 2171 2595 2228 comparantur.
2622 2178 2642 2212 ι
2704 2158 2866 2216 llisce
2916 2173 3098 2215 autem
3133 2162 3185 2216 in
3233 2161 3366 2216 locis
3390 2160 3504 2234 [LI]
3537 2165 3665 2216 dum
3692 2177 3762 2217 re-

485 2253 610 2318 187,
647 2254 838 2308 Graeca
896 2264 1079 2308 tamen
1112 2252 1278 2308 verba
1339 2252 1600 2306 amittens
1628 2251 2069 2323 brevitatisergo
2189 2253 2527 2323 surgentium
2594 2268 2821 2323 corpora
2907 2255 3170 2323 spiritalia
3237 2267 3285 2310 et
3346 2255 3772 2322 incorruptibilia

485 2361 552 2400 ac
581 2360 645 2398 ea
675 2344 868 2398 Latine
902 2353 1141 2411 tantum,
1184 2344 1278 2398 sed
1327 2342 1580 2409 ﬁdeliter,
1631 2353 1685 2396 et
1712 2344 1779 2397 ad
1810 2343 2028 2398 verbum
2054 2359 2084 2398 a
2196 2356 2379 2410 vocat,
2406 2347 2626 2414 respicit
2656 2351 2773 2401 sine
2819 2347 2983 2402 dubio
3029 2346 3180 2401 Pauli
3213 2348 3373 2401 verba
3415 2365 3429 2401 :
3471 2347 3771 2401 Semiuatur

487 2453 576 2492 me
597 2451 856 2492 conversa
889 2435 1146 2490 aﬂ‘erens.
1194 2435 1446 2505 Explicat
1493 2435 1563 2489 ibi
1596 2435 1853 2508 Didymus
1881 2452 2083 2490 nonum
2189 2455 2379 2506 corpus
2414 2439 2664 2502 animale,
2714 2449 2946 2508 resurget
2970 2455 3159 2507 corpus
3185 2441 3418 2507 spiritale
3433 2441 3503 2497 ⁸⁸.
3533 2441 3771 2510 Itemque

490 2531 872 2600 decimamque
906 2530 1236 2584 versiculum
1273 2529 1488 2598 septimi
1538 2529 1754 2598 capitis,
1785 2531 1872 2583 ubi
1897 2529 2083 2585 Graeca
2188 2527 2281 2582 illa
2317 2545 2331 2582 :
2369 2528 2434 2582 Et
2461 2531 2654 2582 mortui
2689 2538 2960 2600 resurgent
2985 2529 3277 2600 incorrupti
3307 2531 3376 2586 ".

493 2623 776 2678 translatio
823 2625 936 2677 haec
973 2622 1136 2676 habet
1188 2639 1202 2676 :
1247 2621 1309 2676 Si
1330 2623 1468 2675 enim
1495 2622 1647 2674 homo
1683 2623 2003 2676 descenderit
2029 2623 2083 2675 in
2259 2619 2634 2691 Suspicionem
2685 2632 2864 2677 tamen
2913 2622 3098 2688 alicui,
3131 2637 3196 2678 ne
3239 2625 3369 2692 quid
3409 2623 3767 2689 dissimn.em,

491 2713 781 2782 infernum,
820 2729 923 2766 non
956 2711 1180 2781 amplius
1204 2710 1468 2776 ascendet,
1517 2726 1680 2782 neque
1723 2722 2005 2765 revertetur
2028 2713 2084 2765 in
2189 2727 2408 2766 movere
2445 2722 2622 2780 potest
2645 2713 2787 2781 quod
2821 2729 3032 2767 carnem
3057 2728 3086 2767 a
3120 2730 3338 2783 corpore
3373 2715 3542 2769 veluti
3580 2715 3768 2770 distin-

493 2802 762 2872 propriam
798 2803 1035 2868 domum,
1086 2817 1247 2872 neque
1272 2809 1514 2870 agnoscet
1541 2816 1659 2853 eum
1694 2801 1918 2868 aniplius
1938 2801 2084 2855 locus
2188 2819 2351 2874 gnere
2376 2806 2618 2858 videatur
2649 2805 2926 2876 Didymus.
2959 2810 3083 2860 dum
3115 2798 3211 2875 aii,
3244 2825 3454 2861 carnem
3482 2824 3765 2878 resurgere,

493 2896 630 2966 ejus.
669 2895 801 2962 Quae
829 2895 957 2948 dum
995 2896 1240 2963 exponit,
1276 2896 1354 2949 sic
1397 2892 1636 2962 loquitur
1669 2909 1683 2946 :
1713 2893 1820 2947 Alii
1860 2911 1979 2948 vero
2008 2897 2085 2948 di-
2188 2906 2243 2948 ut
2293 2894 2531 2963 spiritale
2581 2905 2632 2949 et
2687 2897 3083 2965 incorruptibile
3130 2916 3318 2967 corpus
3376 2901 3468 2954 sit.
3510 2900 3766 2955 Joannem

493 2999 614 3042 cunt
645 3003 664 3040 :
697 2986 821 3040 Non
845 2998 900 3040 ut
943 2999 1086 3056 neget
1117 2988 1548 3041 resurrectionem
1602 2983 1836 3057 (Johns),
1866 2986 1976 3040 lucc
2003 2987 2086 3039 di-
2187 2989 2332 3042 enim
2363 2987 2879 3060 Jerosolymitanum
2912 2991 3194 3061 redarguit
3233 2992 3620 3062 Hieronymus,
3638 2989 3770 3060 quod

496 3086 564 3134 rit
594 3095 612 3134 :
643 3080 733 3134 sed
764 3082 839 3132 ita
877 3080 1114 3147 loquitur
1144 3081 1370 3150 primum
1404 3080 1610 3150 quidem
1657 3089 1711 3130 ut
1737 3077 1971 3131 homines
1997 3094 2086 3129 ca-
2188 3081 2253 3134 de
2291 3089 2628 3134 mortuorum
2665 3083 3064 3138 resurrectione
3115 3085 3361 3153 loquens.
3390 3087 3650 3154 corporis,
3674 3099 3769 3138 non

496 3173 658 3226 ducos
693 3188 804 3225 esse
827 3187 887 3223 ac
909 3171 1103 3224 debiles
1131 3176 1369 3224 ostendat
1402 3185 1421 3223 :
1453 3169 1640 3222 deinde
1661 3168 1785 3238 quia
1813 3169 1900 3236 qui
1927 3166 2084 3221 semel
2188 3171 2358 3224 carnis
2388 3172 2651 3226 vocabulo
2682 3189 2816 3228 usus
2847 3185 2995 3228 esset
3025 3192 3037 3228 :
3073 3190 3138 3229 ex
3179 3191 3290 3245 quo
3325 3178 3508 3241 infert,
3549 3193 3668 3231 eum
3708 3177 3770 3229 de

495 3275 730 3318 mortuus
758 3275 852 3327 est,
880 3264 934 3317 in
963 3261 1096 3315 hanc
1129 3262 1520 3332 corruptibilem
1547 3263 1709 3314 vitam
1734 3277 1835 3314 non
1865 3273 2083 3313 reverte-
2109 3257 2151 3313 C
2187 3263 2585 3318 resurrectione
2645 3265 2784 3319 idem
2834 3282 2956 3320 cum
3017 3266 3246 3338 Origene
3317 3271 3587 3324 semisse.
3636 3270 3770 3332 Alia,

497 3367 603 3422 tur,
639 3373 799 3427 neque
823 3357 1103 3424 quisquam
1135 3355 1303 3421 ipsum
1354 3355 1545 3409 videbit
1585 3371 1646 3408 ea
1673 3352 1950 3422 facientem
1969 3368 2086 3421 qua:
2192 3354 2402 3421 inquit,
2453 3356 2650 3420 carnis,
2710 3357 2822 3410 alia
2871 3361 3107 3428 corporis
3157 3361 3392 3428 definitio
3445 3374 3523 3416 est
3554 3379 3574 3418 :
3613 3363 3772 3416 omnis

498 3449 670 3517 facere
695 3457 1056 3502 consueverat.
1087 3446 1274 3518 Itaque
1295 3448 1459 3501 verbis
1491 3447 1620 3510 illis,
1666 3465 1685 3498 ε
1714 3444 1834 3499 Νοη
1863 3448 2086 3513 amplius
2190 3459 2314 3497 caro
2343 3455 2418 3498 est
2455 3462 2662 3516 corpus,
2698 3464 2800 3501 non
2831 3465 2984 3503 omne
3021 3466 3209 3518 corpus
3247 3461 3320 3503 est
3359 3468 3505 3504 caro.
3545 3453 3682 3507 Caro
3701 3459 3772 3503 est

497 3542 740 3596 ascendet
764 3555 828 3593 ea:
859 3539 1088 3605 inferno,
1115 3555 1134 3590 ι
1191 3539 1560 3608 conjungenda
1603 3547 1723 3590 sunt
1771 3540 1922 3590 verba
1953 3536 2085 3600 lucc,
2187 3535 2397 3602 praprie
2425 3551 2542 3604 qua:
2569 3538 2823 3606 sanguine
2845 3578 2858 3600 ,
2900 3539 3064 3604 venis,
3098 3541 3322 3600 ossibus.
3353 3543 3628 3612 nervisque
3655 3558 3771 3594 con-

506 3653 525 3686 t
556 3633 620 3687 In
650 3633 914 3700 propriam
979 3633 1192 3684 domum
1237 3647 1340 3683 non
1391 3640 1694 3683 revertetur.
1723 3647 1742 3679 ι
1794 3627 1863 3682 Ut
1907 3645 2088 3682 sensus
2190 3627 2487 3696 stringitur.
2529 3627 2731 3697 Corpus
2755 3647 3053 3702 quanquam
3086 3643 3134 3686 et
3170 3649 3297 3686 caro
3338 3634 3574 3698 dicatur,
3612 3635 3769 3688 inter-

500 3723 878 3792 sit:Resurget
901 3723 1133 3793 quidem,
1191 3737 1294 3775 non
1325 3731 1606 3775 revertetur
1644 3730 1817 3774 tamen
1858 3720 2089 3773 insuam
2189 3721 2318 3770 dum
2376 3729 2552 3774 tamen
2599 3721 2924 3787 tethereum,
2977 3722 3053 3775 vel
3107 3740 3316 3778 aereum
3375 3729 3765 3780 nominatur....

500 3813 734 3866 domum.
765 3809 867 3865 Sed
907 3810 1191 3880 probabilis
1213 3811 1422 3879 quidem
1459 3823 1530 3863 est
1555 3809 1665 3862 haec
1694 3809 2087 3877 interpretatio;
2205 3807 2378 3872 Vides,
2415 3827 2508 3865 nos
2547 3813 2840 3882 intelligere
2869 3815 3187 3870 subtilitates
3222 3825 3444 3881 uestras,
3477 3830 3527 3872 et
3559 3833 3764 3878 arcana,

501 3903 671 3958 verior
713 3913 890 3955 autem
947 3911 1021 3956 est
1073 3903 1219 3970 prior
1261 3901 1378 3964 illa,
1425 3901 1566 3970 quod
1597 3915 1777 3967 nempe
1817 3900 2088 3970 ignorabat
2191 3917 2308 3972 qua:
2345 3903 2400 3956 in
2431 3905 2710 3970 cubiculis,
2739 3916 2788 3960 et
2832 3908 2969 3961 inter
2999 3910 3256 3977 perfectos
3288 3911 3632 3978 loquimini...
3667 3907 3767 3960 Pa-

499 3996 677 4064 iustus
703 3993 914 4064 (Jobus)
959 4008 1077 4065 qua:
1105 3992 1358 4062 pertinent
1407 3994 1474 4046 ad
1528 3993 1982 4046 resurrectionem.
2012 3991 2090 4046 Ita
2194 4001 2261 4045 tet
2291 4009 2455 4063 quare
2491 3997 2746 4064 corporis,
2776 4006 2823 4051 et
2870 4015 2972 4052 non
3014 4002 3191 4052 carnis
3226 4006 3654 4055 resurrectionem
3692 3999 3768 4051 di-

504 4086 786 4156 Didymus,
819 4084 973 4150 nihil,
1003 4095 1060 4138 nt
1094 4085 1308 4153 opinor,
1349 4083 1642 4149 afﬁrmans,
1671 4084 1812 4154 quod
1837 4082 2092 4138 Ecclesia:
2191 4084 2329 4135 xeris
2360 4099 2378 4137 :
2408 4084 2605 4138 scilicet
2638 4097 2694 4139 ut
2739 4103 2832 4140 nos
2868 4091 3024 4143 rudes
3077 4107 3285 4144 carnem
3334 4103 3384 4145 te
3415 4095 3588 4147 dicere
3627 4103 3767 4157 puta-

504 4177 769 4234 doctrinat
815 4178 881 4231 de
927 4190 1219 4244 corporum
1275 4174 1674 4231 resurrecﬁone
1723 4176 2087 4230 adversetur:
2194 4188 2364 4227 remus
2392 4175 2447 4228 in
2479 4192 2716 4244 corpore,
2756 4189 2803 4232 et
2840 4179 2896 4233 Iri
2939 4181 3032 4248 qui
3087 4183 3301 4250 perfecti
3339 4194 3486 4246 sunt,
3522 4181 3766 4248 intellige-

487 4269 605 4326 ‘etsi
633 4283 698 4324 ex
727 4268 958 4332 duabus,
987 4281 1122 4336 quas
1150 4266 1372 4330 indicat,
1402 4266 1940 4336 interpretationibus
1967 4282 2090 4322 eam
2194 4275 2304 4318 rent
2332 4283 2543 4320 carnem
2570 4268 2624 4321 in
2645 4284 2859 4337 corpore
2907 4271 3194 4341 denegari..
3238 4271 3302 4326 In
3325 4272 3568 4344 Syntbolo
3584 4272 3765 4344 ﬁdei...

509 4360 768 4432 amplecti
803 4360 1076 4426 videatur,
1099 4374 1220 4428 qua:
1255 4359 1434 4412 minus
1465 4359 1762 4428 probabilis
1784 4369 1889 4413 est.
2194 4373 2344 4412 omne
2377 4356 2668 4414 Christiani
2707 4361 2968 4431 dogmatis
3023 4376 3434 4431 sacramentum,
3469 4367 3648 4422 carnis
3686 4377 3763 4416 re-

575 4454 730 4508 Alter
778 4452 934 4507 locus
982 4451 1181 4521 legitur
1211 4460 1341 4505 tom.
1367 4449 1432 4504 ιν
1465 4451 1852 4505 Anecdotorum
1884 4450 2086 4506 Wollii.
2194 4450 2532 4503 surrectione
2565 4450 2918 4506 concluditur.
2971 4452 3034 4506 Et
3061 4462 3120 4508 tu
3147 4457 3410 4510 intantum
3439 4460 3493 4512 in
3524 4455 3764 4524 corporis.

504 4546 676 4601 Alfert
727 4546 798 4600 ibi
851 4545 1112 4616 Didymus
1158 4559 1222 4598 ex
1282 4561 1428 4599 vers.
1476 4543 1547 4597 26
1595 4544 1790 4613 capitis
1837 4560 1876 4600 ll
1927 4545 2093 4598 Aeto—
2130 4597 2170 4616 λ
2198 4547 2246 4592 ει
2274 4539 2462 4591 iterum
2490 4541 2750 4607 corporis,
2775 4551 2826 4596 et
2861 4543 3017 4596 tertio
3061 4547 3320 4614 corporis,
3345 4557 3394 4600 et
3423 4564 3582 4616 usque
3605 4544 3766 4600 novies

508 4654 627 4692 rum
685 4636 846 4690 verba
902 4637 1095 4691 Psaltis
1138 4658 1150 4693 ε
1203 4635 1428 4699 Insuper
1463 4645 1510 4689 et
1558 4652 1681 4689 caro
1731 4652 1843 4690 mea
1893 4639 2096 4706 requie-
2128 4597 2171 4653 ο
2199 4630 2433 4698 corporis
2461 4629 2536 4683 vel
2564 4646 2823 4698 sermone,
2850 4633 2926 4687 vel
2965 4650 3183 4689 numero
3216 4637 3538 4703 immoraris,
3573 4653 3661 4691 nec
3689 4651 3763 4688 se-

507 4737 612 4780 scet
637 4727 773 4794 (sive
798 4727 1076 4794 habitabit)
1106 4726 1159 4780 in
1196 4742 1285 4791 spe
1309 4741 1328 4778 :
1360 4741 1469 4778 tum
1507 4725 1619 4779 htec
1642 4725 1937 4796 subjungit,
1973 4742 2094 4794 quae
2200 4719 2302 4774 mel
2357 4721 2638 4776 nominans
2671 4739 2904 4778 carnem.
2949 4725 3074 4782 Haec
3125 4727 3491 4801 Hieronymus
3534 4732 3767 4784 adversus

511 4817 693 4871 Wollii
727 4817 1134 4870 translationem
1160 4832 1189 4870 a
1225 4832 1310 4871 me
1341 4818 1538 4872 alicubi
1577 4817 1806 4872 fideliter
1835 4819 2094 4872 emenda-
2197 4812 2483 4883 Joannem,
2519 4830 2639 4884 qua:
2677 4815 2732 4870 in
2777 4817 3065 4888 Didymum
3104 4821 3268 4874 etiam
3303 4822 3592 4876 convenire
3622 4830 3768 4890 posse

509 4921 618 4963 tam
656 4925 890 4978 sequens
943 4908 1132 4964 alfero.
1195 4909 1460 4975 Quoniam
1511 4909 1688 4974 Jesus,
1733 4911 1790 4964 in
1839 4921 2094 4978 quantum
2200 4909 2588 4977 censeatquis.

509 5015 728 5056 mortem
760 5004 939 5066 subiit,
995 5017 1226 5067 carnem,
1275 5019 1434 5069 quum
1489 5002 1677 5056 salutis
1705 5013 1899 5058 nostra:
1930 5019 2094 5057 causa
2272 4995 2476 5054 Verum
2495 5009 2784 5072 antequam
2803 5001 3088 5074 Didymum
3105 5004 3352 5069 damnes,
3367 5005 3555 5073 lector,
3569 5013 3765 5072 aequum

509 5101 884 5160 assumpserat,
911 5091 1173 5160 deposuit,
1203 5103 1257 5144 ut
1287 5108 1402 5144 eam
1429 5093 1582 5144 tertia
1613 5091 1698 5144 die
1723 5106 1789 5145 ea:
1819 5103 1982 5145 morte
2005 5108 2091 5146 re-
2199 5101 2307 5155 est,
2338 5092 2520 5146 uthac
2549 5097 3764 5164 quoqueauimadvertas:primo,resnscitato-

511 5185 822 5246 suscitaret;
873 5185 1057 5238 merito
1086 5186 1221 5238 lianc
1243 5184 1323 5238 sui
1358 5185 1520 5252 ipsius
1562 5200 1768 5237 carnem
1797 5183 1849 5237 in
1886 5201 1972 5252 spe
1999 5183 2096 5238 Ita-
2204 5197 2323 5236 rum
2346 5197 2574 5252 corpora
2592 5200 2694 5239 nec
2713 5200 3010 5248 aerea.nec
3032 5186 3292 5249 attherea,
3318 5202 3421 5242 nec
3446 5181 3769 5256 sphaericaah

504 5278 702 5333 bitasse
723 5278 882 5341 dicit;
929 5279 991 5329 ob
1018 5277 1455 5344 exspectationem
1505 5276 1700 5328 scilicet
1735 5273 1870 5347 [sive
1926 5275 2092 5348 spem]
2203 5271 2323 5342 ipso
2360 5273 2449 5328 hic
2475 5273 2603 5338 dici,
2633 5289 2734 5329 nec
2767 5275 2915 5340 alibi,
2944 5276 3088 5343 quod
3126 5275 3331 5342 sciam;
3385 5277 3640 5338 secundo,
3664 5272 3765 5326 haec

506 5367 924 5420 resurrectionis.
963 5365 1234 5420 Hactenus
1265 5364 1520 5434 Didymus
1550 5363 1681 5417 nihil
1709 5364 1837 5418 dicit
1868 5379 1971 5417 non
2001 5380 2094 5418 or-
2202 5363 2376 5419 multo
2395 5379 2522 5420 ante
2554 5366 2790 5421 dictasse
2820 5365 3129 5437 Didymum,
3159 5349 3321 5438 quam
3356 5367 3603 5422 subtilem
3623 5365 3763 5418 ista”

503 5459 807 5511 tltodoxum
867 5475 880 5511 :
913 5457 1056 5510 nulla
1099 5457 1188 5510 hic
1249 5457 1452 5510 mentio
1482 5456 1731 5520 aetherei,
1767 5455 2094 5523 Sphaeririve
2202 5457 2384 5512 carnis
2423 5473 2452 5510 a
2475 5473 2705 5529 corpore
2732 5461 3134 5516 distinctionem
3163 5460 3762 5531 exposuissetHierony-

502 5551 776 5619 corporis,
805 5551 898 5603 sed
921 5550 1081 5602 unius
1121 5557 1326 5603 tantum
1357 5548 1710 5617 ejusdemque
1741 5549 1945 5611 carnis,
1978 5564 2097 5616 quae
2204 5563 2344 5613 mus,
2365 5563 2788 5622 suspectumque
2821 5553 3145 5608 reddidisset
3172 5554 3404 5621 corporis
3434 5546 3761 5606 vocabulum;

509 5643 744 5713 primum
777 5658 806 5696 a
862 5641 1090 5696 Domino
1119 5649 1394 5710 assumpta
1450 5637 1639 5704 fuerit,
1677 5647 1789 5693 tum
1837 5642 2098 5710 quodam-
2206 5641 2391 5709 tertio,
2436 5643 2557 5698 ideo
2593 5642 2826 5702 fortasse
2870 5647 3116 5716 corporis
3161 5646 3360 5714 potius,
3401 5661 3560 5715 quam
3599 5635 3764 5699 carnis

585 5841 675 5895 ⁵⁸1
711 5841 836 5897 Cor.
866 5857 955 5909 xv,
997 5843 1059 5897 μ
1163 5842 1353 5896 "ibid.
1385 5843 1474 5898 59.
