4004 6422
256 351 321 405 ‘2“
330 357 353 409 I

1504 348 2081 413 COMMENTARIUS.
2123 381 2191 391 —
2228 351 2359 409 LIB.
2400 353 2466 408 ll.

3488 353 3596 409 202

274 478 503 532 nomine
538 495 718 534 nsum
750 496 902 540 esse
944 480 1244 549 theologum
1286 489 1555 541 nostrum,
1586 477 1727 548 quod
1773 473 1914 527 Pau-
1943 471 1991 527 Δ
2020 472 2262 526 turbatos
2303 473 2470 528 fuisse
2505 473 2580 526 ait
2604 471 2743 541 apud
2776 469 3029 524 Wolllnm
3072 480 3219 526 tomo
3263 471 3328 525 IV
3362 472 3596 526 Anecdo-

288 570 372 622 lus
397 570 576 624 citato
613 571 674 625 in
723 572 864 626 loco
897 571 1119 637 dixerit,
1148 581 1368 640 resurget
1423 583 1606 636 corpus
1657 564 1910 633 spiritale.

299 661 587 717 Postremo
621 664 1041 731 simpliciorum
1073 663 1384 718 sententiam
1416 660 1626 716 defendi
1662 660 1746 713 hic
1777 673 1806 712 a
1833 657 1920 711 Di-

324 757 510 826 tlymo',
548 752 908 822 Origenistis
958 763 1134 808 autem
1179 753 1232 807 in
1275 767 1424 806 more
1453 750 1686 822 positum
1725 747 1914 810 fuisse,

332 857 391 902 ut
418 863 518 900 non
552 845 800 914 seipsos.
831 847 932 902 sed
962 845 1262 901 Catholicos
1291 844 1608 912 simplicium
1640 841 1794 896 titulo
1819 841 1918 893 do-

345 947 544 1002 narent,
566 947 625 990 ut
659 938 879 992 centies
911 938 1110 991 indicat
1144 936 1527 1006 Ilieronymus.

419 1028 557 1083 Nunc
580 1029 706 1082 bina
748 1029 856 1084 alia
889 1028 1162 1084 coronidis
1208 1027 1330 1082 loco
1368 1025 1677 1081 exscribere
1705 1037 1916 1094 possem

361 1118 551 1188 Didymi
575 1119 636 1172 de
659 1120 1062 1173 resurrectione
1078 1117 1376 1186 fragmenta
1402 1119 1470 1172 ab
1497 1116 1824 1186 Hieronymo
1841 1115 1919 1167 al-

363 1211 461 1264 lata
493 1211 537 1265 in
574 1211 799 1280 epistola
849 1212 977 1274 Ili),
1005 1211 1074 1264 ad
1103 1211 1418 1264 Minervium
1456 1221 1504 1264 et
1535 1209 1916 1264 Alexandrum.

359 1303 461 1357 Sed
486 1319 603 1357 cum
629 1305 783 1359 valde
822 1304 977 1372 longa
1012 1304 1142 1368 sint,
1175 1303 1422 1371 nihilque
1471 1302 1524 1356 in
1560 1302 1641 1356 eis
1687 1302 1916 1365 dicatur,

353 1397 491 1464 quod
517 1412 576 1452 se
615 1407 761 1452 recte
795 1413 898 1453 non
928 1396 1145 1460 habeat,
1198 1396 1368 1450 satius
1398 1395 1535 1449 duco
1566 1394 1654 1448 illa
1699 1404 1920 1463 praster-

355 1490 598 1554 mittere;
651 1489 783 1544 satis
855 1491 998 1544 enim
1049 1504 1115 1544 ex
1164 1488 1250 1543 his
1304 1501 1424 1558 quas
1478 1488 1736 1541 hactenus
1787 1488 1918 1547 dixi,

349 1588 602 1633 constare
631 1579 862 1643 videtur,
895 1587 1112 1634 rectene
1137 1578 1400 1648 Didymus
1431 1579 1497 1632 de
1523 1579 1704 1632 carnis
1739 1591 1920 1631 resur-

350 1671 597 1726 rectione
627 1671 881 1735 senserit,
912 1687 980 1724 an
1008 1684 1184 1725 secus.

479 1783 610 1837 CAP.
637 1782 748 1838 XII.
777 1783 853 1837 De
891 1798 1165 1864 pa’narum
1204 1782 1433 1848 reprobis
1475 1783 1794 1851 inﬂictarum

980 1865 1286 1907 wternttate.

420 1941 575 2007 Quod
611 1957 735 1996 vero
788 1947 1019 2012 pertinet
1052 1943 1117 1995 ad
1161 1957 1437 2010 ιιωιιειτιιιη
1486 1941 1817 1995 όυειιιοιιὶιιιιε
1861 1958 1924 1996 ac

351 2032 599 2100 n'probis
651 2031 968 2086 inllictarum
1017 2034 1397 2094 astcrnitatem,
1444 2032 1573 2086 nihil
1637 2033 1699 2085 iis
1731 2034 1926 2085 addere

353 2136 575 2174 necesse
605 2135 706 2182 est,
765 2137 879 2191 quae
903 2123 1011 2190 jam
1039 2123 1145 2176 dixi
1187 2138 1306 2192 pag.
1339 2123 1462 2184 I5l,
1513 2131 1649 2185 not.,
1699 2122 1926 2190 aliisque

353 2212 407 2264 in
439 2215 581 2266 notis
611 2213 800 2266 ibidem
832 2213 1098 2267 iudicatis.
1124 2213 1254 2266 Nam
1289 2215 1440 2282 plura
1486 2214 1703 2282 quidem
1732 2213 1837 2266 alia
1866 2213 1920 2266 in

351 2302 567 2373 Didymi
609 2305 819 2373 Scriptis
845 2305 1023 2359 inveni
1057 2306 1196 2371 loca,
1229 2307 1279 2358 in
1324 2307 1521 2374 quibus
1554 2304 1747 2358 inferni
1801 2320 1924 2374 sup-

355 2399 514 2467 plicia
545 2408 742 2452 aeterna
771 2399 1008 2463 diceret;
1043 2398 1135 2453 sed
1173 2413 1242 2452 ne
1294 2415 1456 2451 munn
1485 2399 1700 2466 quidem
1747 2399 1928 2452 hacte-

358 2506 459 2543 nus
488 2490 681 2558 reperi,
719 2490 803 2543 ubi
843 2505 905 2544 ea
940 2491 1270 2558 sempiterna
1304 2489 1421 2543 fore
1459 2490 1812 2542 inliciaretur.

811 2580 940 2634 CAP.
973 2579 1105 2634 XIII.
1134 2579 1208 2633 De
1239 2579 1464 2649 angelis.

431 2671 563 2725 Cum
623 2671 758 2725 haud
811 2685 979 2740 pauca
1034 2675 1100 2725 de
1148 2671 1354 2738 angelis
1397 2671 1451 2724 in
1504 2669 1737 2742 Didymo
1786 2671 1924 2736 loca,

358 2777 530 2831 eaque
553 2773 643 2816 aut
671 2762 1165 2826 animadversionis,
1192 2772 1281 2816 aut
1314 2776 1557 2816 censura:
1586 2763 1746 2832 digna
1773 2763 1925 2817 vide-

358 2856 488 2917 rim,
524 2869 698 2924 Operae
728 2855 957 2924 pretium
991 2854 1097 2908 erit
1115 2853 1276 2908 simul
1310 2853 1398 2906 hic
1419 2853 1626 2916 omnia,
1661 2852 1746 2907 vel
1777 2864 1927 2909 certe

363 2946 641 3013 potissima
675 2944 859 3000 lectori
889 2945 1151 3010 indicare,
1183 2959 1292 3014 quo
1319 2944 1534 2998 facilius
1556 2943 1732 2999 valeat
1760 2945 1928 3014 ipsius

359 3035 461 3086 bac
488 3035 554 3088 de
585 3049 642 3087 re
672 3034 814 3088 omni
842 3035 1182 3103 opinationes
1205 3049 1554 3104 cognoscere.

425 3124 612 3179 I’rimo
644 3125 822 3193 itaque
877 3125 1053 3195 ipsum
1102 3125 1152 3179 in
1200 3141 1263 3180 ea
1314 3126 1481 3180 fuisse
1523 3126 1768 3194 suspicor
1807 3127 1925 3196 opi-

357 3219 542 3278 nione,
577 3226 635 3271 ut
666 3216 839 3285 angeli
873 3233 976 3270 non
1007 3217 1154 3270 omni
1187 3217 1407 3271 omnino
1437 3232 1662 3285 corpore
1686 3219 1926 3272 destituti

357 3307 487 3367 sint,
535 3307 628 3361 sed
676 3319 926 3377 respectu
975 3319 1216 3362 nostrum
1252 3309 1629 3363 tantummodo
1679 3309 1931 3364 dicantur

354 3399 666 3466 incorporei.
705 3399 899 3455 Verum
951 3402 1085 3455 satis
1123 3402 1190 3456 de
1221 3402 1324 3456 hoc
1358 3401 1472 3454 dixi
1506 3402 1558 3455 in
1590 3401 1818 3472 epistola
1861 3401 1929 3456 ad

355 3489 832 3559 praeclarissimum
865 3493 1144 3561 praesulem
1188 3491 1452 3547 Joannem
1492 3494 1808 3549 Archintum
1832 3493 1930 3565 (a).

430 3583 700 3646 Secundo,
722 3585 889 3638 bonos
916 3584 1138 3652 angelos
1164 3585 1456 3652 proborum
1487 3585 1787 3648 hominum,
1818 3600 1932 3639 ma-

361 3674 444 3726 los
474 3689 592 3728 vero
624 3675 988 3744 improborum
1021 3675 1271 3730 custodes
1297 3687 1419 3730 esse
1447 3676 1629 3742 dot-et,
1657 3675 1704 3730 si
1744 3687 1932 3731 auctor

366 3764 478 3831 ipse
504 3766 782 3834 tragmenti
810 3776 914 3832 est,
948 3768 1088 3836 quod
1118 3771 1219 3822 sub
1263 3767 1380 3835 ejus
1409 3769 1628 3823 nomine
1659 3770 1928 3838 scriptum

361 3857 532 3922 reperi
564 3855 617 3909 in
650 3856 887 3912 Naniano
917 3859 1102 3913 codice
1127 3859 1262 3914 alias
1296 3873 1326 3913 a
1357 3873 1442 3913 me
1490 3875 1611 3930 pag.
1650 3859 1757 3913 277
1792 3861 1932 3914 inter

358 3952 512 3994 notas
550 3953 863 3998 memorato.
905 3944 1033 3999 Nam
1067 3946 1258 4016 pagina
1297 3948 1401 4002 328
1429 3945 1545 4014 ejus
1575 3949 1778 4003 codicis
1821 3949 1934 4003 haac

357 4032 458 4101 legi
479 4034 626 4086 εΔιδύ
635 4052 751 4104 μου.
772 4033 907 4107 [LII]
927 4037 1061 4100 Τοὺς
1079 4038 1177 4108 μὲν
1193 4037 1379 4106 ἁγίους
1393 4041 1715 4108 φωταγωγοὶ
1729 4038 1932 4108 φυλάτ-

352 4140 541 4175 τουσιν
577 4124 820 4192 ἄγγελοι·
865 4126 992 4189 τοὺς
1023 4127 1080 4179 δε
1121 4127 1356 4197 φαύλους
1406 4129 1688 4192 σκοτεινοί,
1726 4131 1777 4184 id
1806 4142 1886 4186 est
1915 4149 1929 4186 :

363 4212 594 4282 Didymi.
628 4213 846 4267 Sanctos
869 4216 1073 4284 quidem
1108 4217 1407 4270 custodiunt
1445 4219 1617 4286 angeli
1651 4219 1804 4284 lucis,
1823 4236 1936 4274 ma-

356 4307 435 4360 los
475 4323 593 4361 vero
618 4309 786 4378 angeli
813 4310 1165 4365 tenebrarum.

428 4397 636 4464 Tertio,
665 4401 946 4468 quemdam
976 4401 1042 4456 ab
1068 4404 1184 4472 ipso
1211 4403 1522 4474 angelorum
1549 4404 1793 4459 ordinem
1828 4405 1896 4458 ad
1906 4435 1932 4444 -

2023 572 2194 616 torum
2253 579 2374 634 pag.
2428 564 2498 618 26
2550 565 2657 630 (ad
2697 577 2840 618 vers.
2890 562 2959 618 58
3001 564 3191 632 capitis
3241 579 3316 619 vu
3364 565 3597 620 Actuum

2027 663 2202 722 apost.
2241 654 2402 724 intra)
2439 673 2453 709 :
2490 654 2622 709 Cum
2669 655 2766 720 ibi,
2817 655 2990 726 inquit
3037 654 3254 726 (nempe
3304 656 3357 710 in
3413 657 3597 725 cmlo),

2024 743 2197 796 adhuc
2232 754 2400 798 essent
2442 745 2615 812 angeli
2648 753 2924 812 apostatte,
2957 755 3109 800 terra:
3150 746 3396 815 affectum
3422 748 3601 817 aﬂixe-

2023 844 2140 886 rant
2172 848 2282 887 :ea:
2318 851 2420 905 quo
2469 834 2604 887 illud
2649 848 2982 890 consecutum
3031 846 3140 900 est,
3193 847 3250 891 ut
3298 854 3325 890 e
3365 839 3492 893 coelo
3542 841 3598 893 in

2023 935 2217 978 terram
2258 926 2663 996 projicerentur.
2710 927 2884 982 Simili
2919 931 3079 982 modo
3109 929 3340 984 lrenzeus
3391 929 3483 985 lib.
3521 944 3597 994 tv,

2027 1029 2150 1083 cap.
2183 1014 2250 1067 I6
2277 1033 2291 1070 :
2327 1016 2508 1085 Angeli
2538 1017 2746 1083 quidem
2784 1018 3120 1086 transgressi,
3151 1018 3349 1088 inquit,
3389 1019 3599 1073 decide-

2026 1114 2150 1158 runt
2187 1107 2240 1159 in
2269 1115 2487 1161 terram.
2519 1108 2716 1177 Atque,
2748 1118 2806 1160 ut
2846 1109 2980 1163 alios
3017 1118 3356 1178 praeteream,
3403 1109 3602 1164 Panta—

2026 1199 2146 1254 leon
2191 1200 2452 1254 diaconus
2491 1212 2653 1271 atque
2691 1200 3094 1271 Chartophylax
3143 1201 3196 1256 in
3243 1201 3312 1255 32
3363 1201 3601 1257 Naniano

2024 1293 2214 1346 codice
2269 1308 2388 1362 pag.
2427 1294 2549 1358 I87,
2591 1293 2748 1348 Κατὰ
2808 1292 2904 1346 τοῦ
2967 1293 3275 1346 ἀποπάτου
3329 1294 3447 1364 (ait)
3509 1295 3603 1348 καὶ

2027 1384 2263 1456 πονηροῦ
2305 1385 2520 1438 Σατανᾶ
2543 1402 2556 1415 ο
2589 1385 2684 1439 τοῦ
2723 1385 2800 1449 ὼς
2831 1385 3087 1457 ἀστραπὴ
3139 1387 3204 1438 ἐκ
3243 1384 3335 1438 τοῦ
3368 1386 3600 1458 οὐρανοῦ

2026 1475 2163 1546 πρὸς
2193 1474 2292 1545 τὴν
2335 1475 2439 1545 γῆν
2464 1475 2938 1538 κατασπασθέντος
2988 1477 3085 1529 σὺν
3126 1478 3237 1540 τοῖς
3274 1476 3604 1549 ἀκαθάρτοις

2025 1568 2121 1621 καὶ
2176 1571 2431 1640 πονηροῖς
2476 1568 2639 1622 αὑτοῦ
2673 1569 2995 1640 πνεύμασιν,
3030 1571 3080 1625 id
3122 1580 3226 1632 est.
3250 1571 3444 1626 Contra
3477 1589 3603 1640 apo-

2025 1670 2214 1713 slatam
2252 1669 2300 1712 et
2353 1661 2548 1714 malum
2577 1659 2857 1726 Satanam,
2899 1662 2989 1730 qui
3020 1670 3077 1714 ut
3104 1660 3284 1730 fulgur
3317 1678 3345 1715 e
3380 1661 3506 1716 ccelo
3547 1663 3606 1715 in

2027 1763 2221 1806 terram
2250 1752 2514 1806 detractus
2529 1762 2606 1807 est
2624 1768 2729 1806 una
2758 1770 2876 1806 cum
2903 1755 3192 1807 immundis
3213 1757 3325 1808 suis
3349 1755 3604 1825 malisque

1955 1834 1997 1888 B
2027 1843 2312 1912 spiritibus.
2332 1844 2400 1897 At
2418 1859 2542 1899 cum
2575 1844 2880 1917 Didymum,
2913 1855 3023 1899 tum
3048 1845 3182 1900 alios
3213 1847 3283 1900 ita
3320 1847 3602 1916 loquentes

2030 1934 2164 1988 nihil
2204 1934 2348 1988 aliud
2378 1945 2653 2005 spectasse
2693 1935 3042 2000 crediderim,
3083 1951 3244 2003 quam
3271 1939 3412 2005 quod
3437 1935 3604 1990 Isaias

2027 2027 2104 2081 ait
2135 2043 2253 2097 cnp.
2291 2043 2401 2093 xw,
2434 2043 2575 2081 vers.
2607 2027 2717 2081 I2:
2763 2027 3038 2093 Quomodo
3077 2030 3312 2082 cecidisti
3351 2030 3414 2083 de
3453 2031 3601 2091 cmln,

2028 2119 2241 2189 Lucifer
2263 2120 2353 2174 ?...
2388 2120 2635 2173 corruisti
2679 2121 2732 2175 in
2786 2131 2998 2173 terram.
3052 2118 3152 2174 Ubi
3191 2129 3370 2173 tamen
3421 2122 3601 2174 statim

2029 2210 2309 2279 sulijungit
2351 2212 2611 2280 propheta
2647 2230 2660 2266 :
2706 2210 3073 2264 Verumtamen
3111 2213 3180 2265 ad
3234 2212 3496 2281 infernum
3524 2217 3607 2267 de-

2028 2301 2252 2356 lraheris
2300 2303 2354 2355 in
2400 2303 2720 2372 profundum
2752 2303 2876 2357 laci.
2922 2303 3048 2357 Haec
3104 2303 3246 2357 enim
3308 2307 3485 2358 omnia
3539 2307 3607 2358 de

2030 2393 2242 2448 diabolo
2295 2395 2575 2449 intellecta»
2617 2394 2783 2448 fuisse
2827 2411 2855 2448 a
2896 2395 3118 2466 Didyme
3181 2404 3398 2450 constat
3441 2410 3507 2449 ex
3542 2395 3608 2449 iis

2027 2501 2148 2555 qua:
2177 2485 2356 2556 legere
2400 2487 2522 2541 licet
2553 2487 2603 2540 in
2648 2497 2841 2542 catena
2867 2488 2921 2540 in
2953 2487 3209 2542 Joannem
3243 2487 3309 2541 ad
3359 2501 3479 2555 cap.
3521 2501 3604 2551 ιιι,

2029 2597 2170 2636 vers.
2199 2582 2286 2644 I5,
2316 2596 2436 2650 pag.
2469 2581 2557 2636 94.

2101 2675 2286 2738 Sexto,
2331 2673 2396 2727 de
2449 2671 2654 2743 angelis
2695 2671 2983 2726 rebellibus
3020 2687 3124 2726 non
3161 2671 3294 2725 satis
3327 2679 3474 2725 recte
3505 2670 3606 2724 alit

2028 2767 2149 2820 cubi
2185 2764 2330 2834 loqui
2367 2765 2534 2818 videri
2572 2773 2768 2832 potest,
2802 2764 2926 2816 dum
2962 2764 3026 2817 de
3060 2763 3125 2817 iis
3156 2771 3214 2816 ut
3257 2763 3313 2816 in
3362 2763 3446 2816 via
3477 2763 3604 2816 olim

2028 2859 2418 2912 exsistcntibus
2467 2857 2596 2926 egit.
2648 2856 2890 2926 Namque
2945 2856 2995 2910 in
3029 2854 3497 2920 Enarrationibus,
3539 2856 3606 2908 ad

2034 2948 2357 3004 versiculum
2389 2948 2422 3003 9
2451 2948 2706 3017 Epistolas
2735 2947 2886 3002 Judae
2927 2950 3040 3002 haec
3078 2948 3303 3018 legimus
3334 2966 3347 3001 :
3383 2945 3496 3000 Nec
3534 2957 3608 3001 est

2029 3043 2272 3096 diabolus
2314 3052 2521 3095 terrena
2556 3041 2886 3100 substantia;
2929 3040 3111 3092 habuit
3154 3039 3291 3092 enim
3322 3039 3609 3106 aliquando

2031 3135 2264 3188 divinam
2314 3133 2559 3202 gloriam,
2613 3140 2662 3185 et
2714 3141 2954 3185 sanctam
3013 3129 3108 3183 Dei
3156 3131 3447 3194 scientiam,
3489 3131 3609 3183 licet

2032 3238 2307 3278 conversus
2366 3222 2430 3274 de
2473 3221 2838 3290 magnitudine
2881 3229 3029 3272 tanta
3059 3220 3324 3273 ceciderit.
3368 3218 3423 3272 In
3473 3220 3609 3274 libro

2031 3322 2210 3369 autem
2253 3313 2328 3366 De
2372 3310 2575 3381 Spiritu
2605 3320 2812 3376 sancto,
2853 3326 3004 3364 num.
3037 3309 3122 3374 η,
3164 3320 3445 3378 postquam
3478 3326 3609 3364 san-

2032 3408 2147 3454 ctos
2203 3396 2422 3465 angelos
2499 3405 2707 3450 naturae
2763 3395 3034 3449 mutabilis
3105 3409 3224 3450 esse
3282 3394 3608 3457 allirmavit,

2033 3491 2146 3545 haec
2176 3488 2339 3543 verba
2364 3489 2509 3543 addit
2542 3504 2556 3540 :
2589 3487 2731 3541 Licet
2757 3489 2810 3541 in
2844 3487 3165 3541 beatitudine
3192 3497 3238 3542 et
3261 3489 3610 3542 sanctimonia

2031 3591 2371 3651 perseverent.
2393 3580 2470 3634 Ac
2498 3581 2654 3648 paulo
2677 3590 2798 3650 post
2820 3579 3122 3650 sulijungit,
3146 3580 3190 3634 si
3219 3595 3382 3634 unum
3418 3579 3608 3634 saltem

2033 3673 2278 3744 angelum
2308 3670 2692 3736 convertibilis,
2720 3670 2769 3726 id
2793 3679 2878 3724 est
2917 3669 3192 3726 mutabilis
3244 3682 3447 3726 naturae
3489 3686 3612 3726 esse

2032 3765 2450 3830 ostenderimus,
2474 3764 2665 3818 merito
2691 3763 2794 3818 dici
2832 3777 2992 3833 posse
3017 3778 3208 3818 oumes
3247 3765 3470 3819 omnino
3515 3779 3610 3817 an—

2033 3858 2181 3929 gelos
2227 3872 2346 3912 esse
2394 3856 2666 3911 mutabilis
2702 3866 2928 3920 naturze,
2961 3856 3101 3918 licet,
3132 3856 3327 3926 inquit,
3359 3873 3462 3910 non
3507 3857 3612 3909 sint

2033 3950 2265 4004 conversi
2301 3949 2356 4003 in
2391 3949 2709 4003 beatitudine
2739 3960 3137 4017 perseverantes.
3176 3948 3246 4003 At
3273 3951 3314 4005 si
3335 3950 3484 4018 juxta
3518 3949 3612 4003 Di-

2034 4044 2251 4114 dymum
2300 4043 2477 4114 angeli
2516 4045 2607 4112 qui
2645 4058 2752 4097 non
2807 4058 3123 4112 peccavere,
3180 4043 3234 4097 in
3281 4043 3615 4099 beatitudine

2035 4142 2473 4202 perseverarunt,
2501 4133 2650 4202 sequi
2683 4134 2918 4195 videtur,
2955 4142 3013 4185 ut
3051 4147 3144 4186 eos
3173 4134 3262 4202 qui
3297 4144 3612 4199 peccarnnt,

2034 4240 2098 4280 ex
2129 4226 2461 4280 beatitudine
2493 4225 2762 4280 excidisse
2797 4225 3217 4288 existimaverit,
3255 4225 3481 4294 ideoque
3523 4240 3617 4278 an-

2036 4317 2189 4383 gelis,
2224 4332 2347 4371 cum
2387 4319 2442 4370 in
2485 4319 2568 4370 via
2615 4318 2792 4373 adhuc
2823 4319 3181 4384 exsistebant,
3223 4316 3613 4372 beatitudinem

2037 4408 2312 4461 tribuerit.

359 4494 584 4547 missum
623 4507 742 4548 esse
786 4496 1063 4564 suspicor,
1103 4497 1193 4566 qui
1235 4497 1289 4552 in
1341 4498 1625 4566 Scriptura
1661 4511 1930 4554 vocentur
1959 4513 2011 4575 υ
2104 4496 2376 4561 Attamen,
2409 4506 2470 4549 ut
2500 4511 2691 4551 verum
2738 4495 2936 4562 l'atear,
2969 4498 3056 4550 vix
3103 4496 3155 4550 in
3181 4496 3417 4550 animum
3457 4498 3614 4552 indu-

359 4584 581 4648 Αῗυπεε.
613 4585 725 4640 sive
756 4584 986 4651 Saecula,
1033 4598 1093 4641 ut
1122 4588 1230 4642 dixi
1263 4604 1385 4658 pag.
1423 4590 1546 4657 I35,
1579 4600 1689 4643 not.
1725 4589 1797 4645 De
1825 4606 1930 4660 qua
1985 4609 1990 4618 ’

360 4677 613 4743 opinione
637 4676 854 4747 legenda
879 4687 1002 4731 sunt
1022 4693 1140 4746 qua:
1169 4679 1387 4746 scripsit
1420 4679 1717 4734 Cotelerins
1747 4679 1932 4734 tomol

367 4766 586 4819 Patrum
617 4768 1044 4836 apostolicorum,
1069 4786 1189 4842 pag.
1225 4770 1351 4832 405,
1382 4779 1494 4823 not.
1523 4767 1610 4831 18,
1633 4778 1687 4822 et
1713 4783 1764 4838 p.
1803 4767 1928 4822 406.

435 4856 656 4922 Quarto,
682 4857 955 4915 d:emones
989 4862 1056 4914 ab
1081 4860 1373 4926 immundis
1405 4859 1688 4928 spiritibus
1735 4859 1931 4913 distin-

365 4962 524 5011 guere
559 4949 774 5004 videtur
810 4950 861 5004 in
887 4951 1024 5005 libro
1053 4950 1129 5005 De
1172 4950 1382 5020 Spiritu
1417 4962 1623 5015 sancto,
1654 4966 1804 5004 num.
1839 4950 1926 5004 56.

367 5038 440 5090 lbi
467 5040 604 5092 enim
635 5041 865 5110 primum
889 5042 1148 5097 vocabulo
1187 5043 1402 5110 spiritus
1424 5043 1815 5110 nuncupariait
1836 5059 1929 5096 su-

366 5145 544 5194 pernas
561 5131 996 5200 rationabilesque
1013 5134 1246 5198 virtutes,
1267 5133 1316 5186 id
1337 5143 1420 5186 est
1437 5141 1655 5186 sanctos
1670 5131 1886 5201 angelos
1910 5150 1924 5186 :

365 5219 552 5276 deinde
577 5222 864 5277 rationales
890 5240 1093 5294 quoque
1133 5224 1268 5278 alias
1295 5232 1586 5288 creaturas,
1613 5233 1660 5276 et
1699 5223 1763 5276 de
1797 5223 1930 5276 bono

360 5311 418 5363 in
445 5315 634 5367 malum
663 5325 842 5381 sponte
871 5315 1087 5384 propria
1130 5316 1448 5383 pro/luentes
1495 5313 1674 5368 vocari
1711 5314 1928 5383 spiritus

353 5403 600 5469 pessimos
629 5413 684 5458 et
715 5404 930 5470 spiritus
962 5403 1282 5457 immundos.
1350 5402 1486 5458 Tum
1526 5402 1746 5456 demum
1797 5401 1928 5456 sub-

348 5494 543 5564 jungit,
595 5497 814 5565 spiritus
855 5511 1056 5566 quoque
1097 5496 1356 5548 dwmones
1397 5495 1452 5547 in
1506 5493 1802 5563 Evangeliis
1835 5510 1929 5562 ap-

351 5587 554 5654 pellari.
1587 5601 1589 5606 '

415 5681 644 5749 .Quinto,
696 5681 916 5752 angelos
960 5689 1231 5750 apostatas
1269 5682 1322 5736 in
1363 5690 1561 5736 terram
1599 5695 1628 5735 ρ
1667 5679 1803 5735 οωΙο
1835 5680 1928 5735 de-

417 5798 492 5868 (α)
518 5798 713 5854 Exstat
748 5795 912 5849 intra.

673 5889 950 5948 ΡΑτιιοι..
999 5885 1116 5947 Gn.
1162 5885 1461 5947 XXXIX.

2047 4601 2171 4642 cere
2202 4602 2362 4657 queo,
2390 4587 2674 4658 Didymum
2708 4587 2759 4640 in
2795 4602 2856 4641 ea
2892 4587 3058 4642 luisse
3089 4589 3375 4655 sententia,
3408 4599 3467 4644 ut
3516 4607 3618 4645 an-

2039 4677 2142 4747 geli
2191 4678 2406 4748 reprobi
2453 4677 2707 4733 beatiﬁca
2746 4678 2842 4732 Dei
2879 4679 3084 4733 visione
3128 4679 3417 4747 aliquando
3461 4684 3616 4751 potiti

2039 4771 2169 4835 sint,
2210 4786 2313 4841 qua
2343 4771 2680 4839 postmodum
2719 4771 2912 4838 privati
2947 4770 3166 4826 fuerint.
3203 4770 3334 4826 Nam
3374 4783 3430 4828 et
3459 4775 3614 4828 allata

2040 4860 2155 4916 loca
2189 4869 2336 4916 recto
2365 4874 2526 4914 sensu
2564 4860 2698 4914 satis
2737 4860 3019 4914 commode
3056 4861 3250 4930 exponi
3284 4875 3442 4931 posse
3472 4879 3615 4928 reor,

2038 4968 2139 5006 nec
2169 4951 2293 5006 alibi
2319 4966 2564 5021 usquam,
2608 4951 2751 5020 quod
2782 4951 2973 5015 sciam,
3014 4951 3273 5020 ejusmodi
3305 4954 3616 5024 Opinionem

2039 5053 2257 5098 SCClllllS
2283 5053 2386 5098 εει.

2108 5133 2262 5200 Quod
2309 5133 2502 5188 attinet
2538 5133 2720 5200 itaque
2764 5134 2832 5190 ad
2863 5139 3097 5205 primum
3139 5135 3338 5202 locum,
3366 5137 3617 5206 equidem

2037 5242 2159 5282 cum
2191 5227 2399 5281 videam
2435 5227 2850 5281 Enarrationum
2890 5229 3185 5283 editionem
3214 5231 3425 5286 mendis
3454 5231 3621 5286 reler—

2037 5326 2146 5371 tam
2189 5331 2330 5380 esse,
2356 5327 2416 5371 ut
2446 5319 2689 5374 dicebam
2732 5320 3002 5389 superius,
3027 5321 3141 5375 sive
3166 5321 3237 5375 ob
3267 5326 3618 5394 typograplio-

2037 5426 2155 5464 rum
2181 5410 2464 5475 incuriam,
2505 5411 2618 5466 sive
2663 5412 2807 5480 quod
2859 5412 3052 5466 unicus
3098 5411 3188 5466 ille
3220 5416 3386 5468 codex
3422 5430 3615 5468 manu-

2037 5503 2290 5572 scriptns,
2318 5517 2384 5558 ex
2419 5519 2527 5572 quo
2571 5504 2804 5571 primum
2832 5503 3109 5574 impressa:
3141 5515 3286 5569 sunt,
3324 5508 3614 5560 mendosus

2038 5591 2211 5657 l‘oret;
2254 5593 2478 5660 proinde
2522 5593 2776 5663 conjicio,
2806 5593 3058 5646 Latinum
3101 5595 3408 5648 earumdem
3443 5592 3616 5647 Euar-

2037 5684 2301 5737 rationum
2351 5685 2700 5740 interpretem
2748 5701 2855 5742 non
2903 5687 3192 5756 scripsisse
3233 5681 3462 5738 divinam
3498 5685 3614 5754 glo-

3273 5877 3306 5934 7
