4004 6444
463 389 571 446 205

1900 373 1986 429 DE
2023 373 2284 429 DIDYMO

3598 374 3703 431 204

466 499 623 563 riam,
650 495 764 561 sed,
802 492 1028 549 divinam
1058 493 1321 564 gratiam;
1365 481 1474 546 tum
1526 506 1624 559 pro
1654 490 1886 545 dictione
1912 505 2035 558 gra-
2065 494 2109 548 Α
2138 496 2313 539 tamen
2336 486 2527 539 detenti
2562 484 2814 552 supplicio
2844 485 3146 553 resipiscent
3169 482 3307 537 unde
3331 484 3647 541 ceciderunt.
3679 507 3698 538 ι

466 591 607 641 tiam.
627 585 908 653 irrepsisse
944 598 1135 638 vocem
1176 582 1398 653 gloriam
1429 597 1447 635 :
1475 596 1581 650 quo
1627 579 1755 634 nihil
1797 579 2029 645 facilius,

466 690 588 731 cum
612 675 668 730 in
693 674 946 728 vestustis
971 672 1299 726 membranis
1319 670 1731 740 compendiarias:
1757 670 2035 737 utriusque

469 767 616 821 vocis
656 765 934 831 scripturae
964 779 1151 832 parum
1187 779 1216 816 a
1250 778 1309 817 se
1352 761 1579 816 invicem
1611 760 1809 825 absint,
1856 768 1913 812 ut
1957 759 2035 813 sic

471 857 682 927 loquar,
716 870 780 910 ac
817 854 973 908 valde
1005 854 1209 908 similes
1247 853 1374 905 sint.
1417 850 1569 917 Quod
1609 851 1653 904 si
1697 847 2034 903 retinendum

471 948 694 1004 omnino
754 948 875 1015 quis
921 944 1052 1000 Velit
1105 942 1419 997 vocabulum
1461 941 1702 1009 gloriam,
1757 938 2035 1008 Didymum

472 1040 664 1092 divina:
706 1020 886 1107 gloria:
926 1033 1143 1088 nomine
1178 1048 1281 1087 non
1314 1030 1614 1086 beatificam
1641 1029 1900 1083 visionem
1949 1027 2040 1081 de-

475 1127 720 1196 signasse
748 1124 1102 1195 respondebo,
1135 1122 1229 1178 sed
1259 1120 1597 1190 splendorem
1630 1118 1814 1188 gratim
1849 1132 1913 1171 ac
1945 1115 2043 1169 do-

477 1234 672 1273 norum
712 1215 1200 1285 supernaturalium
1251 1211 1463 1266 Satanae
1498 1225 1526 1263 a
1556 1208 1847 1263 Conditore
1879 1207 2045 1261 colla-

481 1319 678 1363 torum.
712 1305 846 1361 Nam
889 1320 989 1359 vox
1019 1303 1163 1368 δόξα,
1212 1303 1323 1358 sive
1354 1301 1521 1371 gloria
1558 1315 1698 1367 saepe
1736 1312 1766 1351 a
1818 1297 2043 1369 Didyme

482 1398 554 1451 ita
580 1397 862 1465 accipitur,
897 1403 955 1448 ut
974 1393 1266 1447 claritatem
1288 1390 1737 1459 splendoremque
1753 1387 2041 1458 significet,

482 1491 618 1542 sicut
670 1487 794 1541 alibi
850 1485 1329 1539 monuimus:nec
1378 1480 1592 1551 proprie
1643 1478 1814 1534 sancti
1869 1479 2044 1546 angeli

482 1576 641 1651 [LIII]
666 1577 915 1631 dicuntur
942 1574 1124 1627 ltabere
1152 1573 1384 1626 divinam
1416 1553 1732 1641 gloriani,id
1771 1579 1854 1624 est
1881 1569 2046 1624 beati-

482 1671 636 1722 licam
668 1667 954 1722 visionem'
991 1664 1083 1718 sed
1138 1662 1245 1732 frui
1291 1663 1466 1716 divina
1497 1660 1686 1733 gloria,
1721 1670 1814 1715 aut
1869 1660 2046 1716 notius

482 1757 671 1811 caelesti
703 1755 889 1824 gloria.

2140 576 2211 628 Ila
2244 575 2559 644 Basnagius.
2590 573 2694 628 Sed
2742 575 3006 642 integrum
3040 573 3245 643 Didymi
3282 573 3453 627 locum
3503 577 3707 629 exscri-

2141 668 2269 720 bere
2298 681 2476 733 operae
2504 664 2733 732 pretium
2764 674 2867 718 est.
2895 664 3138 731 Explicat
3178 665 3248 717 ibi
3279 676 3560 718 enarrator
3590 682 3709 720 ver-

2143 757 2342 810 siculos
2375 755 2465 819 10,
2501 756 2559 809 11
2619 769 2685 809 ac
2719 754 2786 808 12
2836 756 3028 823 capitis
3065 755 3244 824 primi.
3280 755 3330 809 in
3359 756 3555 824 quibus
3597 758 3708 810 haec

2144 850 2285 903 inter
2316 857 2507 902 caetera
2536 849 2786 916 leguntur
2827 864 2840 899 :
2882 848 2956 901 De
2997 865 3099 918 qua
3137 849 3307 902 salute
3353 850 3709 917 ercquisierunt

2143 950 2295 1009 atque
2321 940 2539 993 scrutati
2570 950 2689 992 sunt
2724 939 3056 1007 prophetia...
3082 940 3268 1003 quibus
3309 941 3588 993 revelatum
3613 953 3712 1003 est,

2143 1030 2283 1101 quod
2317 1048 2420 1085 non
2457 1032 2607 1100 ipsis,
2647 1029 2791 1083 vobis
2821 1042 2993 1083 autem
3032 1031 3399 1084 ministrabant
3437 1032 3570 1091 hrrc.
3599 1049 3712 1099 quae

2146 1138 2282 1175 nunc
2337 1123 2647 1175 annuntiata
2695 1131 2812 1174 sunt
2854 1122 3061 1176 vobis...
3107 1122 3162 1175 in
3198 1138 3313 1191 qua:
3346 1124 3713 1191 concupiscunt

2147 1213 2319 1283 angeli
2355 1214 2668 1282 prospicere.
2709 1211 2985 1267 Postrema
3014 1222 3190 1266 autem
3218 1214 3329 1267 [nec
3358 1214 3515 1266 verba
3545 1216 3615 1267 ita
3646 1217 3717 1267 in-

2151 1312 2480 1372 terpretatur
2510 1320 2524 1356 :
2566 1321 2584 1353 ε
2620 1300 2711 1357 Sic
2743 1303 3053 1372 exponitur,
3087 1303 3129 1357 si
3157 1302 3280 1372 quis
3303 1304 3713 1369 existimaverit,

2149 1395 2420 1465 quaesitam
2464 1411 2498 1447 a
2541 1394 2799 1462 prophetis
2834 1376 3053 1447 saluiem
3089 1395 3140 1447 in
3191 1394 3293 1449 line
3338 1410 3456 1450 esse
3494 1398 3712 1449 mundi;

2152 1486 2292 1552 quod
2318 1483 2370 1536 in
2400 1484 2671 1546 omnibus,
2704 1492 2758 1537 et
2781 1484 2833 1536 in
2865 1498 3075 1537 summo
3095 1493 3179 1538 est
3208 1486 3479 1554 appetitu;
3506 1487 3717 1555 quando

2154 1574 2320 1644 ipsius
2350 1575 2564 1643 quidem
2611 1587 2773 1628 causa
2819 1573 2919 1627 alia
2961 1583 3154 1629 cuncta
3194 1573 3347 1637 liunt,
3380 1575 3556 1643 ipsum
3595 1590 3724 1630 vero

2153 1666 2303 1733 cujus
2337 1682 2498 1721 causa
2521 1666 2716 1719 nullius
2743 1666 2937 1735 agitur.
2970 1684 2990 1717 ι
3027 1663 3359 1736 [.ilendosam
3397 1667 3481 1718 hic
3512 1681 3620 1718 esse
3646 1664 3719 1717 le-

2155 1760 2373 1813 ctionem
2397 1758 2723 1827 perspicuum
2752 1767 2825 1811 est
2854 1771 2874 1810 :
2905 1774 2974 1811 an
3005 1757 3223 1810 delenda
3265 1772 3359 1810 vox
3386 1757 3578 1826 cujus?
3609 1754 3720 1829 (a)]

553 1846 609 1901 In
674 1846 843 1902 altero
901 1854 1077 1899 autem
1135 1843 1285 1911 loco,
1349 1858 1507 1911 «luem
1565 1841 1809 1911 superius
1868 1840 2051 1910 alligi-
2077 1836 2124 1896 B
2159 1867 2178 1900 ι
2211 1848 2325 1904 Non
2354 1852 2448 1904 illis
2482 1864 2540 1903 re
2579 1858 2661 1903 est
2690 1850 2850 1903 etiam
2894 1848 3117 1918 intelligi
3157 1848 3222 1901 de
3260 1849 3463 1901 sanctis
3497 1848 3718 1918 angelis,

483 1944 622 2006 mus,
665 1938 783 1992 ideo
811 1947 1023 1992 sanctos
1047 1935 1267 2005 angelos
1305 1935 1360 1988 in
1386 1933 1700 1987 beatitudine
1727 1948 2050 2001 perseverare

484 2033 581 2096 ait,
604 2041 663 2084 ut
683 2037 830 2098 puto,
870 2027 1011 2097 quod
1043 2036 1139 2080 aut
1182 2024 1300 2079 illos
1332 2032 1539 2093 Spectet
1570 2032 1833 2091 quatenus
1863 2022 1919 2075 in
1954 2038 2051 2091 pa-

486 2122 611 2185 tria,
648 2136 754 2175 non
787 2121 842 2173 in
881 2120 963 2174 via
989 2118 1338 2182 exsistentes;
1366 2124 1460 2170 aut
1487 2129 1582 2184 per
1610 2116 2050 2184 anticipationem

488 2214 713 2283 loquens
771 2209 1141 2264 beatitudinem
1195 2216 1350 2262 vocet
1394 2221 1514 2260 eum
1574 2214 1794 2271 statum,
1846 2206 1898 2259 in
1948 2220 2055 2274 quo

486 2311 646 2359 erant
685 2317 809 2357 cum
861 2300 1034 2354 adhuc
1077 2308 1262 2353 essent
1300 2298 1357 2351 in
1396 2297 1512 2362 via;
1539 2306 1630 2350 aut
1661 2296 1877 2351 demum
1927 2297 2053 2366 quia

491 2394 660 2450 creati
716 2401 841 2447 sunt
899 2392 953 2444 in
1009 2389 1328 2444 beatitudine
1379 2387 1716 2455 imperfecta,
1773 2396 1834 2441 ut
1899 2388 2059 2442 docet

494 2487 552 2542 S.
580 2486 836 2541 Thomas.
874 2484 929 2538 In
970 2483 1155 2538 eodem
1196 2496 1325 2536 sane
1366 2480 1501 2535 libro
1544 2480 1618 2534 De
1645 2478 1844 2549 Spiritu
1881 2490 2058 2533 sancto

493 2590 644 2633 lium.
696 2573 785 2635 61,
822 2581 1019 2626 statum
1057 2585 1121 2624 ex
1152 2584 1259 2640 quo
1283 2569 1481 2625 excidit
1509 2568 1761 2634 Satanas,
1789 2582 2060 2637 exponens

497 2666 755 2735 Didymus
811 2663 984 2731 inquit
1028 2681 1042 2716 :
1090 2660 1237 2715 Unde
1292 2671 1338 2715 et
1385 2660 1728 2714 convertibilis
1783 2659 2059 2731 (Satanas)

497 2771 649 2827 atque
689 2753 977 2822 mutabilis,
1001 2769 1030 2808 e
1054 2753 1331 2808 sanctitate
1358 2751 1549 2807 decidit
1579 2760 1733 2821 atque
1768 2752 1979 2807 virtute.
1998 2750 2064 2807 Et

500 2850 551 2900 in
600 2844 1037 2899 Enarrationibus
1084 2843 1149 2898 ad
1197 2853 1357 2912 caput
1405 2858 1420 2896 I
1476 2842 1647 2911 Epist.
1697 2841 1716 2895 1
1760 2841 1947 2897 Petri:
1998 2841 2063 2895 In

498 2939 762 3007 inﬁnitum
803 2937 1070 2991 beatorum
1122 2933 1439 3004 permanebit
1490 2932 1789 2987 luereditas.
1840 2935 1920 2988 Ac
1973 2934 2065 2988 de-

499 3044 645 3085 mum
676 3028 731 3083 in
761 3026 901 3080 libro
928 3024 1173 3079 adversus
1205 3021 1524 3076 Manicllwos
1555 3037 1674 3092 cap.
1707 3023 1759 3087 1,
1794 3023 2064 3078 diabolum

498 3128 658 3174 vocat
686 3116 966 3185 principem
997 3112 1279 3175 malorum,
1316 3120 1366 3166 et
1395 3114 1618 3182 primum
1667 3113 1756 3183 qui
1812 3130 1845 3165 a
1875 3114 2065 3167 virtute

2154 1950 2210 1996 et
2254 1940 2572 2008 simpliciter
2626 1940 2837 1995 cunctis
2883 1940 3056 1994 beatis
3103 1938 3455 1992 rationalibus
3508 1937 3609 1991 hoc
3651 1939 3725 1990 di-

2154 2040 2319 2096 ctum,
2355 2046 2472 2084 cum
2502 2046 2690 2084 omnes
2738 2031 3030 2100 appetitum
3064 2030 3295 2083 habeant
3320 2029 3631 2097 prospicere
3659 2043 3719 2082 ea

2154 2138 2272 2194 qua:
2332 2123 2385 2176 in
2437 2122 2543 2175 line
2602 2120 2783 2175 saeculi
2839 2130 2965 2174 sunt
3015 2122 3241 2188 agenda.
3279 2119 3334 2173 Si
3385 2134 3516 2173 vero
3566 2119 3721 2173 alium

2155 2213 2437 2283 quemdam
2470 2219 2669 2265 statum
2697 2209 2938 2264 fecerunt
2959 2210 3172 2263 beatum
3200 2208 3319 2277 (per
3338 2223 3401 2262 ea
3424 2224 3549 2277 quae
3578 2223 3725 2283 reve-

2156 2282 2263 2359 lata
2293 2313 2416 2359 sunt
2460 2319 2491 2358 a
2524 2301 2724 2372 Spiritu
2750 2310 2940 2356 sancto
2982 2300 3059 2354 eis
3094 2300 3184 2368 qui
3217 2299 3572 2369 Evangelium
3609 2282 3725 2351 sus-

2157 2393 2436 2463 ceperunt)
2491 2402 2687 2461 praeter
2714 2406 2836 2446 eum
2871 2391 2963 2458 qui
2999 2390 3189 2445 ductus
3233 2399 3315 2445 est
3355 2388 3517 2460 [1e90,
3556 2390 3724 2443 dictus

2158 2483 2293 2555 est];
2321 2483 2600 2538 dicendum
2640 2491 2723 2536 est
2755 2490 2809 2537 et
2831 2481 3218 2550 concupiscere
3258 2480 3313 2534 in
3355 2494 3481 2534 eum
3519 2479 3724 2549 prospi-

2159 2591 2283 2631 cere
2309 2575 2546 2645 angelos,
2579 2575 2671 2643 qui
2703 2575 2757 2628 in
2786 2573 3218 2642 transgressione
3247 2572 3480 2640 quadam
3531 2570 3725 2625 inventi

2159 2676 2305 2723 sunt.
2344 2665 2477 2721 Nam
2511 2666 2637 2721 licet
2665 2665 2884 2736 quidam
2919 2678 3105 2719 eorum
3150 2665 3302 2733 pravi
3336 2663 3464 2727 sint,
3496 2672 3728 2716 attamen

2163 2759 2365 2815 detenti
2423 2759 2705 2830 supplicio,
2769 2758 3147 2830 resipiscentes
3201 2757 3346 2812 unde
3409 2744 3735 2812 ceciderunt

2166 2850 2328 2922 (quod
2361 2852 2519 2905 etiam
2563 2850 2823 2907 studiosis
2869 2849 3179 2905 hominibus
3231 2845 3738 2916 compromittitur),

2167 2942 2440 2995 habebunt
2476 2940 2801 2996 desideri-um
2838 2939 2920 2994 vel
2962 2955 3059 3010 per
3102 2938 3366 2993 fenestras
3410 2954 3476 2992 ea
3512 2938 3737 3006 respice-1

2166 3046 2245 3085 re.
2290 3050 2310 3084 ›
2351 3031 2546 3086 Totum
2598 3031 2742 3085 hunc
2792 3030 2969 3086 locum
3015 3031 3190 3098 attuli,
3238 3038 3296 3084 ut
3332 3031 3515 3084 videat
3551 3030 3739 3088 lector,‘

2168 3135 2291 3175 eum
2318 3119 2514 3174 alicubi
2550 3121 2704 3174 valde
2736 3119 3027 3174 obscurum
3056 3134 3198 3182 esse,
3233 3119 3350 3173 sive
3380 3119 3431 3172 id
3466 3134 3534 3173 ex
3565 3114 3731 3170 Latini

501 3207 690 3277 defecit
730 3220 750 3259 .'
791 3219 912 3274 cap.
955 3217 1083 3258 vero
1114 3201 1183 3255 12
1228 3218 1243 3255 :
1292 3198 1530 3265 Factus,
1571 3201 1780 3271 inquit,
1823 3210 1880 3255 ut
1940 3211 2065 3256 esset

2174 3211 2478 3279 interpretis
2500 3210 2743 3265 barbarie
2770 3211 3116 3280 repetendum
3142 3210 3233 3273 sit,
3263 3211 3376 3263 sive
3403 3224 3469 3263 ex
3502 3215 3731 3264 vetusto-

504 3299 686 3363 bonus,
715 3304 1017 3367 potestatem
1049 3294 1258 3348 virtutis
1307 3293 1570 3363 capienda:
1618 3294 1970 3362 imperfectam
2022 3303 2071 3348 et

502 3405 746 3445 mancam
793 3386 1011 3442 servavit
1055 3383 1378 3457 (diabolus);
1432 3393 1739 3454 potestatem
1793 3401 1910 3439 vero
1958 3386 2074 3439 vitii

503 3476 819 3546 suscipiendi
847 3475 916 3529 ad
944 3484 1123 3528 actum
1150 3475 1415 3537 perduxit.

580 3567 843 3638 Septimo,
880 3560 1047 3620 Verbi
1073 3565 1499 3619 incarnationem
1531 3577 1638 3617 non
1671 3565 1820 3631 prius
1846 3563 2072 3632 angelis,

508 3676 669 3731 quam
716 3659 870 3715 nobis
911 3667 1091 3714 notam
1124 3671 1246 3712 esse
1282 3657 1503 3722 laetam,
1552 3658 1660 3710 imo
1693 3672 1809 3711 eam
1846 3673 1941 3726 per
1978 3674 2078 3713 nos

508 3748 713 3817 angelis
743 3750 1040 3804 innotuisse
1066 3749 1220 3803 docet
1257 3747 1352 3802 lib.
1381 3762 1439 3803 III
1483 3747 1556 3801 De
1586 3751 1751 3816 Trin.,
1794 3764 1915 3819 pag.
1950 3750 2075 3804 592.

509 3837 662 3903 Quod
695 3846 873 3891 tamen
908 3836 1268 3906 explicatione
1306 3837 1484 3904 aliqua
1516 3835 1760 3907 indigere
1789 3852 1947 3892 nemo
1973 3855 2077 3893 non

510 3929 676 3992 videt,
702 3943 778 3999 ‘ne
806 3927 936 3983 illud
971 3939 1357 3996 consequatur,
1398 3936 1456 3981 ut
1484 3928 1653 3982 beata:
1681 3928 1885 3998 Virgini
1910 3945 1972 3984 ac
1994 3945 2082 3998 pa-

511 4019 766 4083 storibus,
831 4018 1027 4088 quibus
1075 4015 1372 4073 Salvatoris
1430 4018 1686 4073 nativitas
1749 4019 1817 4074 ab
1875 4020 2082 4090 angelis

513 4112 758 4165 nuntiata
790 4120 893 4176 est,
922 4111 1073 4181 prius
1105 4119 1284 4166 notam
1324 4110 1494 4165 fuisse
1530 4110 1958 4167 incarnationem
1984 4128 2079 4168 vo-

512 4203 677 4258 luerit
701 4202 979 4272 Didymus,
1012 4216 1174 4270 quam
1202 4195 1437 4257 Gabrieli
1465 4201 1811 4274 archangelo,
1832 4214 1886 4257 et
1915 4218 2082 4273 auge»

510 4293 599 4359 iis,
636 4295 725 4362 qui
758 4293 1057 4348 Salvatoris
1092 4292 1378 4346 adventum
1415 4291 1597 4347 Mariae
1637 4294 1759 4363 ipsi,
1794 4308 1858 4349 ac
1898 4306 2085 4364 pasto-

512 4384 663 4438 ribus
691 4382 1105 4438 annuntiarunt.
1136 4380 1365 4437 Sanctus
1387 4379 1623 4438 Thomas
1649 4397 1779 4438 sane
1800 4385 2017 4455 angelos
2054 4399 2086 4439 a

511 4474 777 4545 principio
803 4487 914 4528 suae
947 4472 1298 4528 beatitudinis
1326 4473 1668 4543 przescivisse
1693 4473 1851 4529 docet
1884 4483 2082 4547 myste-

512 4564 654 4619 rium
685 4564 1100 4628 iucarnationis,
1129 4563 1303 4633 quoad
1346 4564 1704 4619 substantiam
1740 4572 1942 4633 tamen,
1975 4581 2082 4620 non

512 4668 641 4706 vero
691 4652 868 4721 quoad
919 4667 1108 4707 omnes
1149 4653 1603 4708 circumstantias.
1643 4653 1773 4719 Quae
1815 4657 2083 4711 sententia

514 4743 672 4798 facile
697 4757 820 4797 cum
848 4742 1059 4814 Didymi
1093 4744 1270 4798 verbis
1293 4745 1573 4799 conciliari
1602 4755 1799 4813 potest.

586 4853 812 4919 Octavo,
844 4856 911 4911 de
945 4856 1151 4927 angelis
1182 4856 1345 4925 lapsis
1375 4858 1585 4913 duobus
1623 4858 1676 4912 in
1706 4857 1839 4913 locis
1864 4857 2087 4927 loquens

517 4945 796 5018 Didymus,
827 4947 1126 5016 aliquorum
1153 4948 1602 5019 resipiscentiam,
1627 4951 2086 5015 emendationem,

518 5054 583 5093 ac
621 5039 846 5093 salutem
902 5054 998 5108 per
1036 5038 1309 5095 Christum
1337 5041 1405 5094 ab
1425 5041 1505 5096 eis
1545 5041 1822 5096 obtentam
1851 5058 2091 5098 comme-

520 5143 715 5185 morat.
746 5130 960 5185 Primus
994 5131 1145 5187 locus
1188 5141 1367 5187 exstat
1396 5133 1593 5200 .capite
1651 5133 1677 5187 1
1716 5133 2090 5190 Euarrationis

519 5225 575 5276 in
604 5221 891 5291 Epistolam
916 5221 945 5276 Ι
974 5222 1142 5287 Petri,
1174 5232 1229 5278 et
1253 5238 1280 5276 a
1320 5222 1586 5294 Basnagio
1614 5233 1745 5278 tom.
1772 5225 1789 5278 l
1812 5223 2096 5279 Lectt.An-

522 5316 651 5384 tiqq.
676 5314 876 5368 Canisii
916 5329 1039 5384 pag.
1070 5313 1170 5368 199
1192 5353 1208 5378 ,
1237 5313 1317 5368 sic
1345 5315 1685 5384 redarguitur
1717 5332 1731 5345 ·
1775 5334 1794 5367 ‹
1836 5314 2095 5371 Homines

520 5419 736 5472 pravos,
767 5404 948 5471 etjam
970 5413 1175 5457 aeterno
1200 5403 1485 5458 damnatos
1522 5404 1788 5474 supplicio
1828 5405 2096 5472 paeniten-

520 5495 654 5548 tiam
692 5492 818 5547 olim
861 5502 1100 5556 acturos,
1135 5501 1197 5547 ut
1229 5502 1284 5547 et
1320 5493 1611 5557 daenmnas,
1636 5494 1865 5546 credidit
1900 5493 2094 5564 (Didy-

521 5583 684 5653 mus).
714 5580 858 5636 Nam
879 5582 1021 5648 licet,
1048 5582 1244 5653 inquit,
1266 5582 1481 5651 quidam
1502 5583 1673 5653 angeli
1699 5586 1801 5637 sint
1821 5586 1988 5652 pravi,
2012 5594 2097 5639 at-

2173 3319 2291 3358 rum
2321 3304 2747 3369 amanuensium,
2772 3305 2886 3357 sive
2917 3317 2982 3357 ex
3016 3303 3467 3373 typographorum
3513 3300 3742 3354 meudis..

2175 3394 2506 3465 Quocunque
2555 3406 2735 3448 autem
2791 3395 2950 3449 modo
3000 3408 3059 3448 se
3105 3409 3191 3448 res
3229 3394 3443 3457 habeat,
3497 3392 3735 3462 equidem

2175 3499 2318 3555 tegre
2346 3485 2583 3539 adducor
2622 3495 2680 3538 ut
2712 3487 2931 3539 credam
2974 3485 3260 3552 genuinam
3293 3499 3416 3539 esse
3459 3484 3744 3539 lectionem.

2175 3575 2421 3631 vocabuli
2449 3576 2824 3644 resipiscenles.
2857 3575 3046 3629 Nonne
3080 3575 3248 3628 multo
3272 3574 3592 3629 concinnior
3617 3586 3743 3625 seu--

2180 3668 2342 3723 tentia
2373 3666 2496 3740 erit,
2529 3668 2574 3722 si
2603 3666 2888 3736 legerimus
2928 3681 2942 3718 :
2984 3667 3313 3734 respicientes
3364 3667 3506 3718 unde
3551 3663 3737 3717 cecide-

2178 3756 2343 3810 runt?
2368 3756 2501 3823 Quis
2533 3772 2768 3826 unquam
2802 3756 3006 3809 audivit
3051 3755 3356 3822 hujusmudi
3396 3754 3735 3814 locutioaem,

2181 3846 2535 3914 resipiscentes
2572 3846 2712 3899 unde
2744 3845 3080 3898 ceciderunt?
3108 3853 3202 3898 aut
3242 3845 3499 3913 quidnam
3536 3844 3736 3897 tandem

2164 3934 2357 3988 valet?
2393 3935 2656 3989 Cancrum
2713 3935 2828 3988 sive
2882 3933 3207 4001 respicientes
3260 3930 3417 4003 [LIV]
3467 3932 3737 4003 legendum

2182 4025 2273 4088 sit,
2316 4026 2420 4078 sive
2474 4026 2849 4092 resipiscentes,
2881 4024 3071 4077 falsum
3110 4024 3327 4079 omnino
3370 4031 3453 4077 est
3508 4022 3644 4092 quod
3672 4019 3741 4073 ait

2182 4113 2500 4184 Basnagius.
2534 4113 2789 4184 Didymus
2815 4114 2960 4169 enim
3005 4128 3104 4167 nec
3142 4114 3207 4167 de
3234 4113 3542 4169 hominibus
3568 4123 3741 4180 repro-

2183 4207 2288 4268 bis,
2317 4221 2417 4261 nec
2447 4207 2513 4261 de
2537 4205 2866 4261 dmmonibus
2907 4205 3166 4274 loquitur,
3202 4207 3292 4259 sed
3329 4205 3395 4257 de
3431 4203 3739 4273 quibusdam

2187 4299 2390 4367 angelis
2424 4298 2611 4368 lapsis,
2644 4297 2839 4366 quibus
2874 4296 3017 4351 Deus
3050 4296 3381 4365 pmnitentia:
3409 4296 3586 4365 locum
3624 4306 3742 4346 con-

2185 4391 2428 4455 cesserit,
2462 4404 2528 4445 eo
2575 4391 2719 4458 quod
2774 4390 2951 4443 minus
3004 4387 3297 4457 peccarint,
3332 4386 3444 4442 sive
3479 4386 3538 4439 in
3584 4394 3743 4437 trans-

2186 4482 2447 4550 gressione
2467 4483 2693 4551 quadam
2726 4481 2921 4534 inventi
2941 4479 3069 4533 sint.

2261 4571 2425 4627 Multo
2470 4573 2613 4627 enim
2644 4572 2843 4626 clarius
2876 4571 2927 4624 id
2959 4571 3131 4639 ipsum
3166 4565 3434 4620 alﬁrmare
3462 4565 3668 4620 videtur
3693 4558 3742 4610 in

2189 4664 2360 4720 altero
2375 4665 2493 4720 loco
2532 4666 2622 4734 qui
2647 4673 2821 4719 exstat
2847 4666 2899 4717 in
2926 4663 3112 4717 eadem
3130 4659 3505 4722 Enarratione,
3525 4672 3636 4725 cap.
3664 4665 3740 4713 ill,

2191 4759 2257 4811 ad
2291 4758 2403 4812 haec
2437 4756 2579 4812 Petri
2616 4758 2779 4811 verba
2809 4773 2822 4809 :
2857 4754 2959 4820 Qui
2987 4763 3061 4807 est
3096 4754 3153 4806 in
3181 4754 3393 4805 dextera
3432 4750 3545 4813 Dei,
3573 4744 3745 4814 deglu-

2192 4849 2323 4902 tiens
2353 4860 2595 4916 mortem,
2640 4856 2697 4901 ut
2743 4848 2865 4901 vitta
2909 4856 3117 4899 teternte
3159 4843 3389 4897 hteredes
3426 4842 3742 4912 eﬁiceremur,

2189 4940 2451 5010 profectus
2479 4942 2534 4992 in
2557 4940 2731 5005 caelos,
2752 4936 3000 5007 subjectis
3024 4937 3125 4990 sibi
3152 4935 3373 5006 angelis,
3409 4943 3457 4986 et
3489 4925 3746 4999 potestati-

2193 5032 2311 5096 bus,
2349 5039 2399 5084 et
2452 5031 2745 5085 virtutibus.
2810 5029 2884 5084 Ea
2937 5029 3080 5083 enim
3120 5028 3201 5081 sic
3251 5026 3469 5095 exponit
3504 5039 3521 5076 :
3554 5038 3575 5073 (
3607 5020 3747 5073 Sicut

2194 5137 2293 5193 per
2326 5121 2520 5177 Filium
2549 5122 2662 5187 Dei,
2695 5121 2838 5190 quod
2866 5118 3095 5174 Verbum
3118 5127 3220 5183 est,
3256 5132 3350 5171 seu
3385 5115 3559 5177 Ratio,
3585 5122 3729 5164 essen

2199 5215 2331 5268 tiam
2358 5220 2551 5268 cuncta
2581 5211 2884 5276 rationalia,
2913 5219 2967 5266 et
2989 5219 3047 5264 ut
3073 5219 3277 5272 essent,
3314 5208 3645 5263 habuerunt;
3676 5197 3748 5251 sic

2196 5320 2294 5376 per
2322 5318 2444 5358 eum
2475 5304 2715 5360 omnium
2739 5317 2924 5358 eorum
2958 5300 3105 5355 salus
3134 5297 3324 5353 eﬂ'ecta
3350 5307 3453 5350 est.
3486 5293 3583 5360 Qui
3615 5289 3747 5343 enim

2202 5395 2451 5468 [fortasse
2487 5394 2777 5463 legendum,
2806 5394 2929 5462 quia
2963 5387 3131 5460 enim]
3171 5403 3276 5442 non
3317 5378 3745 5441 substantialiler,

2197 5487 2292 5542 sed
2352 5486 2669 5555 acquisitive
2722 5483 3060 5563 sanctitatem
3097 5478 3315 5544 habent,
3351 5491 3471 5531 cum
3504 5476 3751 5527 creaturae

2201 5588 2327 5637 sunt
2357 5579 2587 5652 [videtur
2608 5579 2903 5650 legendum,
2929 5574 3083 5649 sint],
3112 5574 3235 5646 jure
3256 5572 3499 5644 purgatio
3518 5569 3653 5623 facta
3676 5565 3749 5614 est

518 5754 527 5759 ”
590 5752 667 5826 (a)
699 5753 835 5811 Vide
865 5763 1021 5810 notas
1049 5752 1115 5809 ad
1147 5753 1291 5809 hunc
1319 5751 1494 5808 locum
1526 5753 1579 5808 in
1608 5768 1743 5808 nova
1772 5756 2083 5811 recensione
2115 5755 2274 5812 infra.
2310 5754 2446 5811 Ευιιι·
