4004 6430
241 411 353 472 Ὣὸ

1446 415 2017 475 COMMENTARIUS.
2060 445 2127 456 —
2168 414 2301 470 LIB.
2350 413 2414 469 ll.

3473 422 3580 477 9.06

267 541 416 596 circa
467 550 686 595 cuncta
730 541 853 596 hoc
892 541 1061 594 modo
1090 539 1328 594 habentia
1364 540 1699 595 bonitatem.
1737 540 1889 593 Unde
1916 546 1961 599 Α
1993 552 2117 601 nus,
2142 547 2198 589 ttt
2224 546 2454 591 testatur
2479 536 2703 593 Pltotitts
2734 539 2786 593 in
2812 540 3134 596 Bibliotheca
3156 544 3278 599 cod.
3311 559 3577 599 ccxxxnt.

283 632 444 686 etiam
473 630 706 685 sublimi
735 645 843 686 ore
868 629 1171 702 [legendum
1194 641 1331 695 puto,
1356 628 1749 700 sublimiorem]
1774 645 1869 684 cor

296 721 589 778 rectionem
651 721 997 787 suscipiunt.
1052 715 1353 785 Paciﬁcavit
1399 717 1541 769 enim
1591 715 1747 774 Jesus
1805 730 1895 784 per

309 814 607 882 sanguinem
635 812 816 865 crucis
855 826 973 864 suae
1008 826 1121 878 qua:
1150 811 1202 861 in
1237 807 1396 873 caelis,
1430 819 1478 861 et
1513 824 1630 876 qme
1668 810 1720 860 in
1756 815 1894 859 terra

317 905 514 968 sunt“,
550 919 714 958 omne
759 903 965 957 bellum
1005 902 1284 956 destrttetts
1330 910 1384 954 et
1436 900 1741 953 tumultum.
1772 898 1893 951 Mox

324 997 521 1055 etenim
551 996 604 1050 in
636 997 904 1051 descensu
932 994 1068 1064 ejus,
1103 1003 1157 1047 et
1182 992 1458 1047 nativitate
1497 992 1634 1044 facta
1676 992 1743 1044 de
1770 988 1894 1042 Vir-

332 1093 457 1162 gine
505 1091 698 1145 dictum
758 1098 843 1141 est
895 1103 910 1139 :
962 1086 1140 1141 Gloria
1183 1086 1238 1137 in
1288 1084 1508 1138 excelsis
1565 1083 1692 1145 Deo,
1732 1093 1781 1135 et
1838 1082 1895 1133 in

335 1196 475 1236 terra
500 1182 685 1250 pos".
716 1179 1065 1234 Concorditer
1106 1186 1283 1232 autem
1336 1186 1391 1229 et
1440 1175 1494 1228 in
1540 1174 1894 1243 prtcsentibus

335 1275 524 1329 dictum
547 1282 650 1337 est,
683 1271 832 1340 quia,
873 1284 994 1325 cum
1032 1268 1421 1323 resurrexisset
1470 1282 1501 1321 a
1555 1266 1804 1327 mortuis,
1839 1273 1896 1319 et

328 1368 533 1421 sederet
571 1366 624 1420 in
650 1365 868 1419 dextera
920 1363 972 1417 itt
1003 1362 1254 1422 excelsis.
1284 1364 1549 1431 profectus
1587 1362 1642 1413 in
1686 1359 1891 1425 coelum,

321 1461 539 1529 subjecti
576 1468 694 1512 sunt
723 1456 890 1525 angeli
920 1456 990 1519 ei,
1019 1463 1296 1523 potestates
1345 1465 1498 1519 atque
1525 1454 1756 1506 virtutes.
1783 1451 1897 1508 Sic-

318 1562 380 1607 ut
425 1553 569 1607 enim
620 1552 858 1605 homines
897 1548 1231 1602 abstinentes
1291 1561 1320 1600 a
1374 1547 1629 1615 peccatis,
1668 1544 1891 1611 subjecti

314 1656 479 1708 sont;
511 1644 585 1698 ita
613 1651 667 1698 et
693 1641 968 1710 superiora
997 1638 1278 1693 rationalia
1312 1648 1554 1691 correcta
1582 1636 1894 1705 spontaneis

310 1735 514 1804 culpis,
543 1749 662 1803 qua:
683 1731 841 1806 [1e90,
869 1729 1025 1803 quas]
1054 1730 1279 1784 forsitan
1316 1729 1643 1791 habuerunt,
1678 1728 1724 1781 ei
1762 1726 1892 1781 sub-

307 1828 457 1897 jecta
489 1835 638 1892 sunt,
667 1824 928 1893 completa
961 1824 1360 1893 dispensatione
1383 1822 1566 1875 habita
1600 1836 1697 1891 pro
1719 1819 1894 1873 salute

1995 632 2293 684 Accusatus
2317 640 2399 684 est
2424 629 2479 684 S.
2510 630 2745 686 Isidorus
2769 631 3062 697 Pelusiota,
3089 650 3187 703 pro
3210 650 3315 703 quo
3344 634 3579 704 Stepha-

1996 738 2123 777 num
2167 722 2440 777 Gobarttm
2474 723 2816 788 Tritlteitam,
2852 735 2911 779 ut
2945 727 3048 780 hoc
3087 727 3221 799 [LV]
3271 728 3338 783 ab
3377 743 3443 781 eo
3479 728 3582 780 cri-

1997 829 2118 868 men
2165 814 2475 883 depelleret,
2518 817 2803 885 scripsisse
2843 816 3074 870 allirmat
3116 818 3310 871 ibidem
3356 818 3580 872 Pltotius

1996 905 2116 958 cod.
2145 904 2273 959 239..
2311 906 2612 960 Accusatus
2657 918 2741 961 est
2784 907 2840 961 S.
2881 907 3112 963 Joannes
3162 910 3581 980 Cltrysostomtts

2000 1008 2029 1045 a
2057 992 2354 1061 Thcopbilo
2380 995 2767 1057 Alexandrino.
2789 997 3067 1065 Theophili
3098 1012 3223 1052 vero
3242 997 3378 1052 liber
3396 1010 3581 1052 contra

1997 1083 2419 1154 Chrysostomum
2466 1088 2721 1155 scriptus,
2758 1086 2951 1142 Latine
3002 1104 3295 1143 conversus
3325 1099 3409 1144 est
3449 1106 3479 1142 a
3517 1090 3573 1145 S.

1998 1176 2346 1247 Hieronymo,
2375 1178 2600 1247 ejusque
2625 1180 2999 1234 translationis
3033 1181 3393 1252 fragmentum
3424 1180 3583 1235 affert

1996 1267 2288 1322 Facundus
2325 1267 2732 1325 Hermianensis
2785 1269 2878 1325 lib.
2916 1286 2994 1335 Vl,
3039 1286 3157 1339 cap.
3190 1271 3244 1325 5.
3283 1272 3582 1327 Accusatus

1996 1360 2096 1414 fuit
2126 1361 2377 1429 denique,
2414 1376 2481 1415 ne
2523 1376 2714 1417 omnes
2756 1377 3091 1429 enumerem,
3127 1364 3186 1425 S.
3217 1363 3453 1420 Hilarius
3498 1364 3583 1419 Pi-

1997 1451 2305 1505 ctaviensis.

2066 1543 2199 1599 Cum
2231 1544 2412 1612 itaque
2436 1558 2624 1599 omnes
2668 1546 2833 1601 hosce
2883 1547 2948 1602 de
2992 1546 3331 1618 Origenismo
3380 1549 3577 1619 injuria

1998 1646 2281 1690 accusatos
2311 1636 2478 1692 luisse
2510 1652 2669 1691 nemo
2709 1638 2822 1707 jam
2858 1639 3086 1705 dubitet,
3150 1642 3412 1709 suspicari
3465 1643 3581 1695 for-

1999 1736 2146 1782 tasse
2197 1728 2321 1796 quis
2366 1738 2569 1798 posset,
2636 1729 2921 1801 Didymum
2956 1745 3170 1800 quoque
3207 1733 3478 1786 immerito
3514 1734 3581 1787 de

1998 1818 2186 1871 eodem
2225 1826 2536 1872 accusatum
2564 1818 2763 1883 fuisse;
2799 1834 2924 1872 nam
2969 1831 3094 1874 ante
3139 1830 3351 1875 sextum
3386 1821 3577 1876 Eccle-

313 1928 660 1972 cttnctornm.
693 1914 954 1970 Possibile
993 1922 1076 1967 est
1106 1922 1283 1965 autem
1331 1911 1543 1979 aliquos
1586 1909 1888 1980 ltttjttsmodi
1926 1889 1969 1947 Β
1998 1908 2090 1961 size
2120 1908 2373 1961 saeculum
2400 1909 2576 1963 nullus
2600 1910 2822 1962 omnino
2850 1910 3103 1978 scriptor,
3128 1922 3322 1980 praeter
3352 1910 3409 1965 S.
3451 1910 3578 1965 Hic-

312 2008 634 2079 spoutaneis
656 2006 918 2077 passionis
939 2004 1302 2059 voluntatibus
1324 2004 1657 2057 abstinentes
1684 2002 1887 2065 dicere,

313 2103 445 2169 quia
475 2116 582 2155 non
613 2100 830 2154 omnino
852 2096 1076 2152 mutatio
1112 2096 1254 2150 facta
1285 2095 1621 2164 significatur
1646 2095 1892 2148 subdito-

313 2209 441 2248 rum
479 2192 789 2247 animalium
822 2191 1182 2260 superiorum.
1225 2207 1244 2238 ι
1286 2187 1556 2241 Hactenus
1612 2187 1890 2257 Didymus.

315 2286 422 2352 Qui
455 2285 590 2340 adeo
614 2283 894 2354 perspicue
921 2281 1011 2335 hic
1041 2280 1302 2347 loquitur,
1335 2287 1395 2332 ut
1426 2278 1609 2348 negari
1639 2278 1748 2347 jam
1785 2290 1893 2329 non

316 2376 512 2442 possit,
543 2375 671 2441 quin
703 2375 910 2442 aliquos
938 2370 1152 2439 angelos
1181 2378 1588 2439 spontanearum
1619 2366 1895 2436 culparum

317 2478 465 2524 reos,
502 2461 679 2517 salvos
717 2476 809 2531 per
838 2460 1017 2516 Jesum
1047 2459 1319 2513 Christum
1355 2457 1528 2512 factos
1554 2471 1673 2513 esse
1705 2457 1894 2512 existi-

317 2554 573 2619 maverit,
606 2568 669 2607 ac
694 2562 937 2622 purgatos
973 2558 1135 2620 atque
1162 2558 1443 2602 correctos.

394 2645 475 2700 Ex
505 2645 606 2698 hoc
629 2652 808 2696 tamen
834 2643 1096 2695 duntaxat
1126 2640 1242 2694 loco
1278 2640 1402 2709 jure
1436 2637 1626 2693 inferri
1664 2652 1771 2692 non
1803 2650 1898 2706 po-

319 2744 454 2800 test,
481 2745 540 2787 ut
565 2733 774 2801 opinor,
805 2732 851 2787 ei
882 2746 1093 2785 omnem
1122 2729 1434 2799 Origeniani
1469 2729 1777 2800 systematis
1803 2727 1896 2782 ab-

319 2825 636 2879 Surditatem
661 2824 938 2890 probatam
977 2820 1161 2875 fuisse.
1201 2819 1330 2872 Nam
1365 2819 1540 2889 primo
1573 2833 1679 2873 non
1706 2818 1771 2872 de
1792 2818 1900 2871 dte-

318 2917 576 2971 monibtts
608 2916 737 2986 agit,
772 2917 865 2970 sed
905 2917 970 2967 de
1010 2913 1214 2981 angelis
1243 2912 1426 2981 lapsis,
1458 2924 1652 2980 nempe
1696 2924 1800 2963 non
1831 2910 1898 2962 de

315 3008 573 3064 omnibus
624 3006 787 3074 lapsis
822 3004 1044 3073 angelis,
1091 3005 1183 3058 sed
1224 3004 1290 3057 de
1320 3002 1663 3072 quibusdam.
1696 3000 1899 3055 Deinde

318 3113 426 3152 non
465 3097 530 3152 de
574 3096 807 3166 peccatis
845 3093 1178 3153 mortalibus,
1208 3093 1276 3147 ob
1320 3106 1442 3160 qum
1480 3089 1674 3145 inferni
1710 3104 1897 3158 poenas

322 3189 641 3253 meruerint,
691 3189 896 3241 videtur
934 3186 1103 3254 loqui,
1134 3185 1227 3239 sed
1262 3186 1326 3238 de
1354 3183 1528 3253 culpis
1560 3181 1893 3236 venialibtts:

322 3292 381 3335 ut
418 3281 645 3350 proinde
687 3280 905 3334 tertium
938 3278 1202 3347 quoddam
1237 3275 1547 3346 angelorum
1594 3287 1765 3345 genus
1802 3274 1896 3328 ad-

322 3376 538 3431 misisse
572 3372 834 3436 videatur,
863 3371 952 3438 qui
989 3369 1148 3423 medii
1188 3369 1295 3423 sint
1322 3369 1464 3422 inter
1492 3376 1708 3422 sanctos
1732 3380 1897 3434 ange-

322 3467 425 3529 los,
458 3475 516 3521 et
548 3462 764 3535 angelos
797 3462 1077 3529 reprobos,
1108 3461 1225 3516 sive
1259 3463 1555 3514 daemones.
1587 3458 1642 3513 In
1680 3458 1897 3527 scriptis

320 3573 476 3624 sane,
518 3571 637 3627 quae
670 3555 829 3609 hodie
866 3562 1173 3623 supersunt,
1204 3567 1432 3622 qumque
1485 3552 1602 3619 ipse
1653 3550 1896 3619 legerim,

328 3664 586 3717 nusquam
632 3647 855 3709 indicat,
881 3647 934 3699 ni
969 3644 1146 3709 fallor,
1180 3643 1342 3698 ullam
1372 3657 1436 3696 ex
1474 3641 1717 3710 reprobis
1745 3655 1898 3695 crea-

335 3741 470 3795 turis
496 3742 560 3795 ab
593 3739 783 3794 inferni
825 3738 999 3808 poenis
1033 3738 1313 3792 liberatam
1359 3736 1547 3798 fuisse,
1579 3744 1671 3788 aut
1700 3733 1898 3787 libera-

331 3840 439 3883 tum
468 3830 529 3883 iri
560 3849 575 3885 :
602 3830 728 3898 quin
762 3844 793 3884 e
826 3827 1098 3883 contrario
1135 3826 1329 3893 saepius
1362 3825 1540 3890 docet,
1574 3834 1631 3878 ut
1653 3823 1898 3893 superius

324 3922 460 3984 dixi,
503 3922 850 3989 reproborum
896 3917 1152 3987 supplicia
1200 3916 1318 3970 fore
1366 3915 1716 3984 sempiterna.
1773 3914 1899 3968 Ideo

321 4023 507 4065 autem
541 4009 594 4064 in
624 4010 761 4064 hanc
798 4010 863 4064 de
899 4007 1209 4075 angelorum
1252 4006 1607 4074 quorumdam
1644 4004 1899 4059 emenda-

322 4104 480 4158 tione
503 4101 819 4157 sententiam
848 4099 1134 4169 Didymum
1172 4098 1389 4167 venisse
1421 4097 1672 4166 conjicio,
1708 4107 1767 4151 ttt
1792 4113 1899 4150 ma-

324 4194 409 4264 gis
463 4195 735 4264 magisque
789 4208 909 4248 sese
962 4190 1268 4244 Manichaais
1331 4198 1628 4259 opponeret
1681 4206 1695 4244 :
1764 4190 1896 4244 mihi

324 4287 471 4342 enim
502 4286 668 4354 ipsius
712 4283 1090 4337 Enarrationer
1123 4281 1322 4351 legenti
1360 4281 1449 4333 vix
1485 4280 1589 4333 alia
1628 4282 1695 4335 de
1734 4296 1897 4335 causa

326 4393 468 4447 opus
486 4376 614 4431 illud
647 4375 1019 4441 composuisse
1048 4374 1278 4439 videtur,
1312 4388 1472 4442 quant
1501 4380 1558 4425 ttt
1584 4372 1897 4441 pestiferam

327 4467 554 4522 istorum
581 4465 828 4520 haeresim
855 4464 1177 4519 confutaret.
1218 4462 1351 4517 Cum
1395 4463 1575 4530 itaque
1605 4461 1900 4515 Catholicis

2003 2012 2312 2069 ronytnum,
2335 1997 2474 2052 Itattc
2503 1999 2551 2052 ei
2574 2007 2754 2052 notam
2780 2001 3002 2066 inussit,
3028 2003 3078 2054 ni
3108 2000 3265 2056 fallor
3289 2020 3304 2056 :
3330 2002 3422 2057 sed
3444 2019 3577 2067 con-

1999 2099 2081 2143 tt'a
2118 2090 2268 2143 multi
2299 2091 2525 2145 summis
2552 2107 2674 2147 eum
2704 2093 2954 2147 laudibus
3006 2095 3343 2160 extulerunt,
3379 2104 3436 2150 ut
3468 2094 3573 2150 So-

2004 2192 2208 2248 crates,
2266 2182 2620 2249 Sozomenus,
2670 2184 3065 2241 Tlteodorettts.
3128 2187 3322 2242 Mirum
3395 2199 3572 2245 autem

1996 2276 2167 2329 videri
2212 2285 2409 2344 potest,
2463 2274 2604 2344 quod
2667 2293 2933 2345 nusquam
2982 2293 3103 2331 eum
3159 2283 3578 2349 reprehenderit

1998 2383 2226 2438 magnus
2261 2368 2349 2421 ille
2380 2367 2811 2433 Origenismrum
2870 2370 3216 2425 adversarius
3250 2372 3310 2426 S.
3342 2372 3580 2441 Epipha-

2000 2460 2144 2523 nius,
2175 2473 2349 2528 neqtte
2381 2460 2434 2512 in
2460 2459 2700 2528 Epistola
2725 2462 2792 2513 ad
2822 2461 3081 2514 Joannem
3108 2464 3400 2533 episcopum
3426 2464 3580 2518 Jero-

2002 2551 2380 2619 solymitamtm
2411 2551 2533 2620 (etsi
2569 2552 2707 2605 inea
2737 2552 2805 2606 de
2850 2550 3174 2622 OrigeuiSIis
3208 2554 3432 2625 loquens
3463 2554 3578 2610 Ru-

2006 2641 2197 2704 finum,
2223 2656 2287 2695 ac
2314 2639 2612 2694 Palladium
2641 2642 2900 2707 incuset),
2926 2657 3102 2711 neque
3128 2643 3179 2697 itt
3210 2642 3471 2709 Panario,
3489 2645 3581 2700 ubi

2001 2736 2068 2788 de
2096 2733 2347 2788 omnibus
2374 2733 2694 2799 ltzcresibus,
2721 2749 2784 2788 ac
2831 2736 3116 2805 przecipuis
3163 2752 3351 2791 earum
3397 2749 3581 2807 patro-

2002 2827 2085 2879 nis
2108 2840 2415 2880 sermonem
2457 2828 2638 2887 babet,
2680 2843 2855 2895 neque
2893 2828 2944 2880 in
2978 2828 3085 2883 ullo
3107 2829 3214 2884 alio
3230 2845 3411 2899 opere.
3433 2829 3575 2897 Quin

2002 2916 2131 2970 illttd
2160 2917 2322 2971 etiam
2354 2917 2767 2971 admirationem
2834 2918 3069 2986 aliquam
3129 2920 3330 2977 habere
3379 2934 3578 2991 potest,

2001 3008 2144 3077 quod
2173 3023 2349 3077 neque
2379 3009 2712 3078 Augustinus
2761 3008 2812 3061 itt
2876 3009 3016 3064 libro
3060 3009 3139 3064 De
3178 3012 3463 3068 Itteresibus
3492 3015 3584 3070 Di-

2001 3099 2220 3171 dymum
2284 3109 2573 3165 memoret,
2614 3115 2714 3153 nec
2760 3099 3009 3156 Gelasius
3047 3106 3352 3173 apocrypha
3389 3121 3586 3161 recen-

2003 3206 2131 3246 sens
2200 3205 2362 3261 opera
2424 3191 2589 3243 ullum
2648 3189 2868 3260 Didymi
2920 3206 3055 3260 Opus
3090 3196 3350 3257 nominet,
3406 3210 3583 3265 neque

2006 3280 2338 3350 'l‘heOphilus
2377 3281 2780 3337 Alexandrinus
2815 3281 3273 3352 Origenistarum,
3316 3296 3366 3339 et
3391 3286 3585 3356 Orige-

2002 3374 2148 3428 niani
2180 3375 2491 3444 systematis
2519 3373 2827 3435 damnator,
2863 3376 3192 3429 mentionem
3242 3377 3452 3448 Didymi
3484 3396 3583 3433 un-

2001 3482 2163 3537 quam
2190 3466 2353 3521 faciat
2392 3467 2444 3519 itt
2473 3465 2718 3536 epistolis
2748 3476 2938 3519 contra
2970 3466 3257 3536 Origenem
3281 3481 3444 3540 atque
3460 3472 3582 3526 Ori-

2002 3559 2244 3629 genistas
2269 3558 2512 3627 scriptis,
2542 3573 2604 3612 ac
2634 3557 2688 3612 in
2716 3556 3017 3612 Nitrienses
3045 3560 3262 3627 quidem
3288 3562 3583 3618 monachos

2004 3651 2316 3716 invehatur,
2353 3650 2622 3702 neminem
2661 3664 2789 3702 vero
2839 3660 3246 3714 commemoret,
3275 3668 3432 3722 quem
3455 3653 3581 3710 Ori-

2002 3741 2248 3811 geniauis
2279 3741 2554 3794 erroribus
2603 3754 2633 3794 a
2663 3740 2887 3809 Didymo
2911 3741 3169 3795 imbutum
3198 3742 3444 3799 aflirmet.
3469 3746 3584 3801 lmo

2002 3848 2070 3887 tte
2100 3831 2153 3887 in
2181 3834 2387 3906 synodo
2420 3833 2662 3903 quidem,
2698 3848 2860 3902 quam
2899 3834 2952 3888 in
3010 3833 3180 3889 Nitria
3219 3840 3285 3891 ad
3330 3839 3584 3894 condem-

2002 3926 2217 3981 nandos
2250 3924 2588 3993 Origenistas
2642 3926 2833 3979 habuit
2886 3924 3002 3993 ipse
3068 3925 3418 3997 Theophilus,
3476 3930 3579 3985 ulla

2003 4017 2214 4088 Didymi
2249 4018 2451 4071 mentio
2477 4015 2614 4069 facta
2644 4027 2759 4070 est:
2790 4026 2844 4069 ttt
2865 4033 2929 4070 ex
2958 4033 3023 4071 eo
3050 4018 3262 4086 colligo,
3289 4023 3430 4089 quod
3461 4022 3585 4077 Hie-

2001 4121 2259 4178 ronymus
2286 4108 2339 4161 itt
2383 4106 2608 4177 epistola
2638 4108 2740 4161 ιδδ
2768 4109 2834 4160 ad
2867 4107 3255 4170 Ctesiphontem
3284 4127 3408 4182 pag.
3442 4113 3585 4169 1023

2011 4209 2067 4253 et
2089 4199 2361 4270 sequenti,
2388 4200 2586 4254 multos
2614 4214 2961 4265 enumerans,
2994 4217 3057 4256 ac
3085 4204 3390 4267 nominans,
3421 4208 3581 4275 quiin

2002 4306 2067 4347 eo
2083 4292 2315 4347 concilio
2332 4291 2568 4345 damnati
2584 4300 2727 4356 sunt,
2747 4291 3031 4361 Didymum
3046 4309 3150 4347 non
3170 4309 3580 4352 commemorat.

2014 4408 2017 4411 ι
2072 4383 2145 4437 At
2170 4383 2424 4453 quamvis
2457 4382 2573 4437 lucc
2602 4383 2673 4435 ita
2706 4397 2764 4437 se
2795 4383 3052 4447 habeant,
3078 4386 3122 4439 si
3153 4388 3367 4453 probari
3401 4398 3581 4444 tamen

2008 4484 2196 4545 posset
2229 4476 2372 4544 quod
2402 4474 2669 4528 Baronitts
2719 4483 2774 4529 et
2817 4472 3024 4529 Natalis
3076 4476 3382 4533 Alexander
3410 4480 3581 4546 aiunt,

327 4559 458 4615 illud
481 4559 739 4625 objicere,
773 4573 837 4613 ac
868 4558 1122 4613 dictitare
1149 4572 1255 4612 non
1286 4566 1566 4611 cessarent
1597 4554 1895 4617 Manichtci,

2007 4569 2290 4623 Melaniam
2318 4571 2585 4624 seniorem
2606 4570 2949 4641 Origenianis
2974 4570 3253 4624 erroribus
3280 4586 3309 4624 a
3359 4571 3584 4642 Didymo

328 4652 601 4704 daemones
628 4665 744 4705 esse
774 4661 963 4703 natura
1004 4648 1196 4713 malos,
1225 4648 1388 4717 idque
1418 4648 1673 4718 Didymus
1705 4648 1898 4701 falsum

326 4755 448 4795 esse
484 4744 771 4795 ostendere
811 4741 1009 4805 vellet;
1047 4755 1113 4794 eo
1154 4742 1414 4795 adductus
1453 4748 1557 4802 est,
1592 4748 1647 4793 ut
1676 4739 1900 4803 diceret,

330 4831 539 4900 aliquos
572 4832 784 4900 quidem
826 4848 890 4886 ex
919 4832 1122 4902 angelis
1161 4833 1349 4901 lapsis,
1384 4833 1525 4902 quod
1564 4833 1760 4898 minus,
1805 4843 1900 4885 aut

328 4923 612 4976 venialiter
632 4924 990 4991 peccaverint,
1020 4924 1304 4977 damnatos
1353 4938 1457 4977 non
1488 4938 1627 4987 esse.
1655 4924 1748 4978 sed
1784 4937 1899 4992 ptu-

332 5014 568 5068 aitentize
596 5013 769 5069 locum
803 5013 1050 5069 relictum
1075 5016 1154 5068 eis
1185 5014 1383 5080 fuisse;
1408 5015 1545 5069 alios
1569 5031 1720 5080 vero,
1754 5015 1897 5081 quod

334 5103 626 5157 mortaliter
666 5105 1028 5172 peccaverint,
1056 5115 1109 5159 et
1151 5103 1211 5170 ἐξ
1239 5104 1446 5168 οἰκείας
1472 5104 1693 5176 γνώμης
1719 5105 1900 5159 ἀδόκι-

337 5209 429 5264 μοι
454 5194 543 5247 καὶ
558 5193 794 5264 βέϐηλοι,
817 5206 875 5248 ιιι
896 5196 1008 5265 ipse
1027 5195 1117 5249 lib.
1142 5212 1181 5250 tt
1206 5196 1283 5251 De
1304 5196 1476 5261 Trin.,
1508 5211 1625 5265 cap.
1648 5196 1702 5263 6,
1722 5214 1774 5266 p.
1796 5197 1898 5251 148

330 5285 584 5354 loquitur,
601 5286 725 5341 facti
742 5284 1188 5355 fuerintjaaternis
1203 5288 1478 5358 suppliciis
1493 5288 1790 5342 cruciatum
1809 5289 1895 5345 iri.

433 5375 563 5431 Car.
592 5377 729 5432 XIV.
761 5378 838 5432 De
865 5376 1190 5447 Origenismo
1218 5381 1503 5448 generatim
1538 5388 1785 5446 spectato.

398 5467 586 5523 Plures
611 5469 788 5537 quarti
811 5468 996 5524 saeculi
1025 5469 1210 5525 Patres
1234 5470 1299 5525 de
1319 5468 1661 5542 Origenismo
1686 5487 1903 5527 accusa-

329 5565 415 5612 tos
437 5559 615 5622 luisse,
649 5560 805 5630 pauci
833 5568 964 5614 sttttt
992 5559 1218 5630 theologi
1241 5562 1330 5630 qui
1366 5563 1637 5632 ignorent.
1664 5566 1901 5619 Accusa-

330 5658 417 5703 tus
447 5649 543 5703 fttit
580 5651 638 5706 S.
666 5651 971 5722 Gregorius
1004 5649 1294 5720 Nyssenus,
1336 5669 1494 5723 quem
1528 5654 1596 5708 ab
1625 5655 1727 5709 hac
1779 5665 1902 5709 nota

331 5739 560 5796 defendit
588 5742 649 5799 S.
674 5743 990 5798 Germanus
1015 5742 1316 5809 patriarcha
1344 5743 1903 5814 Constantinopolita-

389 5854 437 5890 ⁸³
459 5857 666 5916 Culoss.
700 5874 743 5939 ιε
773 5855 877 5910 ‘20.
956 5855 999 5887 ³⁹
1023 5855 1147 5913 Luc.
1172 5874 1233 5925 tt,
1259 5859 1340 5914 14.

2015 4660 2283 4715 imbutam
2318 4658 2504 4723 fuisse,
2537 4662 2713 4715 nullus
2734 4662 2845 4728 jam
2872 4661 3267 4728 relinqueretur
3290 4662 3355 4715 de
3374 4663 3582 4733 Didymi

2008 4753 2357 4823 Origenismo
2382 4755 2665 4809 dubitandi
2704 4755 2873 4809 locus.
2908 4755 3011 4810 Sed
3047 4766 3228 4809 utrum
3279 4757 3330 4810 id
3381 4757 3583 4815 efficaci

2006 4846 2188 4914 aliquo
2220 4856 2543 4916 argumento
2576 4846 2882 4901 confirmari
2907 4849 3098 4915 possit,
3145 4847 3287 4901 haud
3321 4849 3454 4903 scio.

2075 4934 2214 5001 Quid
2242 4949 2370 5006 ergo
2402 4937 2637 5000 tandem,
2674 4936 2907 5005 inquies,
2925 4938 3269 4991 statuendum
3294 4940 3413 4993 est?
3434 4939 3585 4995 Fuit-

2006 5043 2076 5082 ne
2126 5027 2383 5098 Didymus
2429 5027 2760 5099 Origenista,
2796 5029 3015 5083 annon?
3040 5030 3183 5085 Satis
3220 5031 3448 5087 fortasse
3470 5032 3581 5102 jam

2007 5117 2131 5173 alibi
2165 5119 2292 5187 quid
2345 5119 2475 5174 mihi
2526 5120 2809 5190 probetur,
2879 5120 3136 5178 indicavi.
3195 5121 3459 5177 Nimirum
3488 5140 3586 5193 pro

2007 5210 2301 5277 compertis
2329 5209 2443 5287 haec
2497 5219 2706 5264 tautttm
2754 5210 3002 5265 habenda
3051 5213 3324 5278 existimo,
3374 5230 3493 5284 quae
3517 5230 3586 5269 ex

2008 5311 2237 5355 veterum
2266 5301 2585 5354 testimoniis
2612 5312 2865 5355 constant
2894 5303 2947 5356 in
3006 5314 3251 5359 extremo
3300 5306 3402 5359 hoc
3438 5307 3587 5361 volu-

2007 5392 2216 5446 minea
2258 5406 2345 5446 mc
2402 5393 2582 5448 editis.
2640 5392 2856 5455 Primo,
2915 5391 3166 5463 Origenis
3223 5397 3583 5451 eruditionem

2007 5496 2276 5536 summum
2309 5483 2363 5535 in
2397 5483 2613 5536 modttm
2640 5483 2939 5537 mirabatur
2970 5483 3246 5555 Didymus.
3292 5486 3423 5549 Quis
3456 5502 3584 5540 vero

2005 5588 2125 5628 eam
2155 5588 2261 5627 non
2294 5573 2561 5627 miretur?
2594 5574 2868 5635 Secundo,
2913 5574 2964 5626 in
2994 5573 3061 5627 iis
3082 5575 3330 5628 omnibus
3362 5590 3480 5644 quae
3513 5575 3583 5630 ad

2004 5666 2403 5720 sanctissimam
2436 5665 2756 5720 Trinitatem
2786 5674 3065 5732 spectant,
3096 5665 3429 5719 orthodoxus
3465 5666 3582 5721 sine

2006 5758 2167 5812 dubio
2191 5758 2418 5826 exstitit,
2453 5758 2568 5828 ipso
2597 5758 2649 5813 id
2677 5756 2880 5812 fatente
2904 5756 3247 5817 llteronvmo.
3272 5757 3365 5812 sed
3394 5755 3581 5827 Orige-
