4004 6426
480 381 583 436 r207

1925 379 2014 434 DE
2054 375 2308 433 DlDYMO

3609 374 3706 429 ‘208

484 495 568 550 nis
618 504 794 548 tamen
849 495 1023 563 quoad
1075 494 1190 549 haec
1256 502 1625 564 propugnator
1671 494 2049 564 apertis-simus
2078 497 2122 553 A
2155 492 2224 547 tis
2258 490 2525 559 conjicere
2557 488 2702 544 licet.
2739 487 2793 542 Id
2827 501 3048 553 autem,
3081 488 3124 542 si
3163 488 3240 543 sic
3276 502 3334 541 se
3364 487 3546 553 habet,
3575 489 3708 544 haud

482 585 603 649 fuit,
633 585 775 652 quod
798 597 923 636 eum
950 585 1018 638 de
1045 581 1308 638 Trinitate
1336 583 1602 638 cathelicc
1661 584 1897 638 sensisse
1921 597 2050 636 con-

483 675 749 733 tenderet.
785 676 988 740 Tertio,
1027 676 1076 729 in
1111 675 1176 730 iis
1205 690 1323 744 qua:
1351 684 1564 729 exstant
1599 675 1814 743 scriptis
1866 675 2046 744 plures

482 766 704 820 adhibet
729 764 1046 830 locutiones,
1078 779 1212 830 quas
1273 775 1429 817 antea
1471 763 1729 832 Origenes
1759 777 2052 830 usurpave-

485 868 589 920 rat,
636 871 866 926 quaeque
920 856 1137 910 etiamsi
1188 855 1514 909 catholicum
1579 869 1798 909 sensum
1857 855 2055 908 habere

483 955 706 1014 queant,
735 954 854 1014 post
881 944 1089 1014 Didymi
1145 953 1321 1000 tamen
1373 945 1576 998 obitum
1618 951 1880 1014 suspectae
1934 957 2057 998 eva-

485 1049 693 1104 serunt,
729 1050 841 1092 tum
873 1037 1084 1092 scilicet
1105 1051 1227 1091 cum
1271 1023 1456 1090 earum
1515 1035 1801 1088 nonnullas
1833 1034 2051 1104 quidem

486 1143 515 1180 a
547 1126 875 1197 Pelagianis,
913 1125 1048 1180 alias
1079 1139 1211 1180 vero
1235 1124 1299 1179 ab
1324 1123 1771 1192 Origenianorum
1801 1137 2050 1178 errorum

487 1221 728 1290 patronis
757 1231 922 1288 pravo
956 1231 1116 1272 sensu
1158 1215 1400 1270 adhiberi
1443 1224 1780 1284 compertum
1828 1223 1932 1270 est.
1959 1215 2057 1269 De-

490 1316 652 1382 nique
673 1328 792 1367 cum
821 1312 1016 1367 sacculo
1046 1311 1236 1379 quinto
1286 1310 1535 1363 maxima:
1585 1309 1926 1364 auctoritatis
1975 1309 2059 1363 vir

489 1407 865 1476 Hieronymus,
905 1414 959 1459 et
999 1418 1028 1456 a
1057 1411 1212 1457 sexto
1243 1401 1462 1466 saeculo,
1487 1401 1599 1454 sive
1647 1415 1678 1454 a
1731 1401 1937 1468 quintae
1970 1414 2061 1470 sy-

489 1497 610 1550 nodi
639 1505 877 1566 tetnpore
904 1508 1072 1563 usque
1098 1493 1162 1546 ad
1195 1493 1335 1546 hanc
1387 1501 1602 1545 aetatem
1663 1491 1756 1544 alii
1809 1491 2050 1560 plurimi,

488 1604 718 1658 quorum
776 1587 936 1641 verba
973 1587 1024 1640 in
1075 1598 1299 1640 veterum
1354 1583 1710 1650 Testimoniis,
1767 1584 1834 1638 de
1866 1585 2063 1653 quibus

489 1679 647 1734 modo
683 1678 950 1741 dicebam,
989 1678 1089 1747 legi
1147 1686 1392 1746 possunt,
1440 1676 1722 1745 Didymum
1781 1687 1838 1729 ut
1873 1676 2063 1745 Orige-

492 1770 687 1824 nistam
724 1770 1036 1831 habuerint,
1065 1758 1171 1822 im'o
1192 1768 1535 1822 anathemate
1578 1766 1930 1835 perculerint,
1960 1768 2062 1821 du-

489 1861 650 1914 'nitari
683 1860 874 1915 merito
915 1874 1018 1912 non
1075 1867 1270 1928 potest,
1319 1859 1449 1928 quin
1478 1859 1592 1928 ipse
1641 1860 1781 1914 inter
1805 1859 2057 1928 Origeni-
2090 1847 2131 1903 Β

491 1960 604 2007 stas
631 1951 994 2005 numerandus
1020 1953 1112 2005 sit.

563 2044 670 2100 Sed
694 2060 802 2114 quo
829 2060 1013 2110 sensu,
1041 2053 1100 2098 ut
1130 2043 1201 2097 ita
1230 2044 1426 2110 dicam,
1461 2041 1624 2098 fuerit
1659 2043 1987 2113 Origenista,
2010 2045 2060 2098 id

490 2146 604 2204 est,
634 2152 756 2190 cum
793 2145 873 2190 tut
900 2135 1008 2189 sint
1037 2149 1250 2189 errores
1297 2133 1516 2202 Origeni
1578 2133 1786 2200 tributi,
1841 2136 2063 2204 quibus-

493 2245 614 2281 nam
653 2227 941 2281 adhmserit
967 2227 1248 2296 Didymus,
1285 2226 1426 2279 haud
1452 2225 1566 2280 scio
1591 2241 1658 2279 an
1703 2235 1816 2278 tuto
1850 2227 2059 2280 deﬁniri

495 2327 681 2388 queat.
714 2317 847 2371 Nam
884 2318 936 2371 in
963 2317 1180 2384 scriptis
1209 2316 1450 2385 quidem,
1479 2332 1597 2386 quze
1623 2327 1933 2385 supersunt,
1972 2317 2064 2371 vix

495 2410 599 2463 ulla
637 2409 740 2462 alia
765 2416 914 2462 certe
961 2415 1184 2476 apparet
1242 2405 1567 2476 Origeniana
1617 2407 1823 2474 opinio,
1873 2416 2066 2475 praeter

494 2518 636 2565 eam,
672 2515 832 2569 quam
863 2499 1040 2568 capite
1068 2499 1337 2568 superiori
1387 2499 1566 2564 attuli,
1604 2501 1670 2555 de
1717 2501 1922 2571 angelis
1943 2503 2067 2570 qui-

497 2593 749 2656 busdam,
781 2605 1008 2660 quorum
1037 2589 1224 2658 lapsus
1253 2589 1516 2656 ejusmodi
1555 2589 1736 2653 fuerit,
1763 2599 1820 2642 ut
1847 2590 2065 2644 aeternis

496 2683 777 2752 suppliciis
809 2696 914 2734 non
950 2682 1136 2734 statim
1169 2696 1290 2736 cum
1319 2682 1564 2751 reprobis
1601 2681 1806 2751 angelis
1829 2682 2065 2736 damnati

496 2774 630 2838 sint,
664 2773 760 2827 sed.
783 2772 1114 2830 nuanitentiae
1137 2773 1288 2826 locus
1315 2773 1394 2826 eis
1429 2787 1720 2828 concessus
1770 2774 1951 2828 fuerit.
1989 2773 2067 2828 Ex

498 2865 753 2919 omnibus
805 2873 984 2918 autem
1041 2863 1322 2918 veteribus
1351 2863 1727 2933 scriptoribus,
1777 2865 1866 2933 qui
1903 2863 2066 2936 Didy-

500 2971 645 3010 mum
679 2955 1003 3023 Origeuismi
1030 2965 1381 3018 accusarunt,
1444 2971 1512 3009 ne
1560 2971 1698 3010 unus
1740 2956 1952 3024 quidem
1984 2966 2068 3010 est

497 3050 587 3119 qui
612 3049 726 3102 loca
753 3049 929 3116 aliqua
958 3063 1021 3101 ex
1056 3046 1279 3118 Didyme
1301 3047 1640 3117 deprompta,
1680 3057 1842 3118 atque
1883 3048 2068 3117 Orige-

501 3140 768 3193 nistarutn
792 3138 1156 3208 blasphemias
1189 3138 1522 3193 continentia
1582 3139 1738 3193 nobis
1767 3139 2064 3209 reliquerit,
2094 3175 2137 3233 ο

497 3230 658 3303 [LVl]
686 3232 790 3285 imo
814 3245 884 3285 ne
897 3245 1035 3286 unus
1061 3230 1276 3298 quidem
1293 3241 1374 3286 est
1397 3230 1463 3302 (si
1493 3230 1875 3302 Hieronymum
1909 3248 2068 3287 exce-

498 3323 664 3392 peris,
695 3322 761 3375 de
783 3336 890 3391 quo
923 3336 1046 3376 mox
1089 3321 1286 3392 dicam)
1326 3319 1421 3390 qui
1481 3335 1576 3376 eos
1633 3321 1822 3377 saltem
1857 3322 2069 3394 Didymi

501 3413 669 3468 libros
699 3413 1078 3478 nominaverit,
1110 3413 1164 3468 in
1195 3413 1393 3482 quibus
1410 3413 1626 3468 easdem
1652 3413 2015 3486 blasphemias
2037 3431 2068 3470 a

502 3503 727 3573 Didyme
753 3504 931 3558 doceri
965 3504 1378 3560 existimaverit.

569 3590 768 3646 Fateor
799 3592 1042 3661 quidem,
1071 3592 1126 3646 in
1176 3590 1367 3646 Latina
1411 3591 1623 3661 Evagrii
1657 3592 1958 3648 scholastici
1987 3593 2069 3647 in-

501 3687 883 3756 terpretatione
906 3685 1005 3739 lib.
1039 3701 1113 3748 tv,
1139 3700 1257 3755 cap.
1290 3685 1380 3748 '58,
1405 3685 1504 3755 legi
1535 3701 1552 3740 :
1583 3685 1886 3740 Retulcrunt
1910 3688 2068 3740 etiam

501 3779 660 3830 iidem
702 3776 884 3830 Patres
915 3776 1108 3829 multas
1133 3776 1267 3830 alias
1297 3775 1527 3846 Didymi,
1558 3775 1790 3846 Evagrii.
1817 3795 1879 3830 ac
1912 3777 2073 3832 Theo-

500 3869 620 3921 dori
653 3867 1021 3934 blasphemias,
1061 3883 1190 3933 quas
1221 3867 1454 3920 studiose
1490 3867 1772 3921 admodum
1804 3885 1866 3921 ex
1889 3885 2071 3922 eorum

502 3959 647 4010 libris
675 3968 1057 4025 excerpserunt.
1084 3956 1190 4011 Sed
1223 3958 1382 4010 verba
1416 3960 1552 4025 haec,
1576 3975 1640 4012 ea:
1681 3975 1860 4013 eorum
1901 3961 2068 4024 libris,

502 4052 568 4104 de
589 4064 687 4104 suo
705 4049 910 4104 addidit
937 4047 1158 4104 Latinus
1183 4049 1470 4118 interpres,
1497 4066 1619 4104 cum
1645 4051 1697 4104 in
1734 4050 1921 4105 Graeco
1945 4050 2070 4106 fon-

505 4151 580 4203 te,
611 4155 675 4194 ex
707 4155 814 4209 quo
833 4138 1005 4194 locum
1040 4139 1193 4193 attuli
1227 4155 1346 4209 pag.
1399 4141 1526 4205 485,
1558 4157 1661 4196 non
1713 4142 1992 4212 legantur;
2025 4143 2072 4201 is

501 4232 643 4286 enim
669 4231 867 4285 habet:
890 4229 971 4282 Τὰ
985 4231 1113 4301 περὶ
1139 4233 1343 4284 τούτων
1371 4229 1774 4302 ἐκλεξαμένοις,
1813 4248 1915 4286 non
1946 4249 2072 4288 vero

501 4323 656 4395 παρὰ
690 4321 917 4384 τούτων,
981 4333 1039 4375 ιιι
1103 4321 1325 4391 proinde
1384 4325 1701 4378 vertendum
1759 4325 1935 4394 potius
1967 4327 2068 4380 sit:

502 4418 589 4482 qui
611 4417 845 4470 studiose
871 4414 1152 4468 admodum
1170 4431 1286 4483 qua:
1301 4415 1368 4467 ad
1392 4415 1526 4469 hanc
1566 4432 1674 4469 rem
1703 4414 1841 4487 [aut,
1859 4433 1974 4486 qua:
2003 4419 2072 4472 ad

2154 583 2331 646 magni
2372 585 2470 636 hac
2505 581 2557 634 in
2591 596 2649 635 re
2683 580 2966 648 Nicephori
3005 581 3302 633 auctoritas
3329 579 3582 633 momenti
3605 591 3701 634 est.

2153 673 2305 742 Apud
2335 672 2618 743 Evagrium
2673 672 2818 726 enim
2876 671 2977 740 legi
3034 670 3280 740 profecto
3309 670 3564 724 debetac:
3593 669 3716 742 περὶ

2154 763 2378 830 τούτων,
2407 777 2511 817 non
2546 776 2676 816 vero
2693 760 2842 831 παρὰ
2867 760 3091 824 τούτων,
3116 771 3208 814 aut
3233 760 3300 814 τὰ
3329 760 3481 832 παρὰ
3498 759 3712 814 τούτων.

2156 857 2370 911 Etenim
2410 855 2454 910 si
2495 856 2645 926 παρὰ
2674 854 2898 916 τούτων.
2932 866 3026 909 aut
3051 853 3121 907 τὰ
3138 854 3290 925 παρὰ
3315 853 3520 907 τούτων
3550 854 3718 923 legere

2155 950 2278 1017 quis
2303 948 2452 1011 velit,
2507 957 2598 1000 aut
2619 946 2851 1002 hiulcatn
2884 947 2976 1010 ibi,
3013 959 3107 1002 aut
3140 946 3497 1018 inelegantem
3537 948 3720 1004 reddet

2159 1039 2454 1108 Nicephori
2487 1040 2812 1093 orationem.

2230 1131 2390 1186 Solus
2425 1146 2551 1202 ergo
2575 1131 2730 1185 nobis
2757 1131 2916 1184 modo
2965 1129 3294 1200 relinquitur
3343 1129 3720 1203 Hieronymus,

2157 1239 2316 1294 quem
2360 1234 2511 1278 certo
2535 1233 2746 1278 constet
2771 1239 2874 1276 non
2926 1223 3153 1276 aliorum
3199 1223 3347 1282 ﬁdei.
3386 1237 3480 1277 seu
3546 1239 3722 1277 narra-

2160 1317 2291 1370 tioni
2328 1317 2594 1376 innixum,
2633 1329 2732 1368 nec
2761 1313 3083 1384 fragmentis
3120 1331 3150 1369 e
3184 1307 3409 1384 Didyme
3438 1317 3721 1385 excerptis,

2159 1424 2189 1463 e
2219 1410 2413 1478 quibus
2463 1423 2603 1477 saepe
2646 1423 2774 1461 vera
2832 1408 3069 1462 auctoris
3120 1408 3388 1462 sententia
3437 1408 3616 1477 colligi
3640 1424 3725 1463 ne-

2161 1503 2300 1571 quit,
2333 1500 2613 1571 Didymum
2664 1510 2722 1552 ut
2771 1497 3132 1568 Origenistam
3186 1500 3515 1564 traduxisse,
3535 1501 3629 1554 sed
3663 1515 3722 1554 ex

2162 1593 2294 1662 ipsis
2329 1591 2537 1661 Didymi
2596 1591 2874 1660 operibus,
2929 1591 3103 1659 iisque
3162 1591 3415 1660 genuinis
3463 1590 3620 1661 (nihil
3648 1601 3724 1646 est

2162 1686 2304 1738 enim
2335 1698 2431 1736 cur
2473 1684 2540 1736 de
2574 1683 2675 1736 hoc
2733 1681 3062 1742 dubitemus)
3119 1683 3523 1737 accusationem
3571 1697 3717 1736 suam

2165 1774 2586 1844 deprompsisse.
2627 1772 2740 1827 Etsi
2764 1775 2908 1827 enim
2933 1774 3169 1843 quandiu
3207 1775 3260 1827 in
3285 1774 3422 1827 vivis
3448 1773 3546 1826 fuit
3574 1773 3724 1845 Didy-

2162 1883 2302 1930 mus,
2329 1867 2535 1935 magnis
2583 1879 2704 1919 eum
2763 1865 3013 1924 laudibus
3069 1865 3342 1929 extulerit,
3375 1880 3441 1918 ac
3480 1864 3724 1919 videntem

2161 1957 2484 2026 prophetam,
2513 1965 2558 2008 et
2595 1954 2874 2024 Didymum
2909 1956 3188 2018 videntem,
3230 1964 3283 2009 et
3304 1956 3486 2008 oculos
3535 1955 3724 2008 haben-

2163 2059 2265 2102 tem
2295 2063 2497 2116 sponsa:
2542 2046 2606 2100 de
2645 2045 2860 2099 Cantica
2909 2047 3271 2110 canticorum,
3318 2055 3374 2100 et
3426 2047 3722 2115 magistrum

2163 2157 2313 2195 suum
2339 2155 2462 2193 eum
2493 2137 2798 2207 appellarit,
2850 2137 3144 2206 paucisque
3208 2147 3330 2206 post
3382 2137 3504 2207 ejus
3531 2137 3723 2191 obitum

2165 2232 2321 2286 annis
2344 2239 2581 2284 sanctum
2609 2229 2888 2299 Didymum
2914 2229 3092 2298 ipsum
3128 2229 3447 2292 nominarit,
3491 2228 3597 2283 imo
3620 2227 3727 2296 plu-

2165 2325 2318 2380 ribus
2346 2324 2504 2378 annis
2532 2331 2655 2392 post
2700 2323 2930 2390 scriptos
2978 2321 3031 2375 in
3068 2320 3321 2375 Ruﬁnum
3363 2321 3538 2374 libros
3569 2320 3725 2388 Didy-

2167 2431 2311 2469 mum
2339 2427 2647 2468 memorans
2675 2425 2734 2466 se
2768 2411 2908 2465 illius
2944 2412 3180 2464 amicum
3217 2408 3383 2464 fuisse
3430 2407 3594 2461 veluti
3625 2406 3727 2474 glo-

2166 2507 2337 2561 riatus
2359 2504 2518 2558 ftterit
2548 2504 2630 2557 his
2690 2501 2868 2555 verbis
2901 2517 2915 2554 :
2951 2498 3117 2569 Cujus
3160 2515 3322 2565 nuper
3359 2497 3620 2550 amicitiis
3649 2495 3726 2548 usi

2165 2612 2382 2653 sumus:
2410 2598 2460 2650 in
2491 2596 2643 2649 libris
2686 2603 2862 2648 tamen
2910 2601 3094 2646 contra
3148 2590 3402 2659 Ruﬁnum
3436 2590 3596 2645 editis
3631 2603 3728 2643 non

2174 2689 2332 2742 modo
2362 2687 2646 2755 Didymum
2675 2683 3008 2754 Origeniano
3033 2692 3326 2754 systemate
3352 2683 3728 2750 prmexsisteno

2169 2779 2257 2834 tite
2279 2778 2578 2832 animarum
2604 2775 2866 2846 imbutum
2897 2773 3064 2828 fuisse
3094 2771 3346 2836 affirmat,
3371 2786 3560 2826 verum
3577 2771 3726 2826 etiam

2167 2869 2335 2924 libros
2370 2867 2590 2931 indicat,
2629 2867 2681 2921 in
2743 2865 2943 2935 quibus
3005 2862 3310 2930 hujusmodi
3357 2873 3597 2933 systema
3626 2862 3732 2932 ipse

2169 2959 2430 3028 Didymus
2452 2965 2671 3012 secutus
2713 2954 2910 3017 fuerat,
2930 2951 3404 3007 commentariolos
3436 2953 3642 3008 scilicet
3681 2951 3727 3004 in

2168 3049 2417 3119 Origenis
2445 3049 2610 3102 libros
2642 3046 2717 3100 De
2745 3045 3042 3112 principiis,
3086 3059 3114 3097 a
3160 3043 3386 3098 Socrate
3431 3044 3594 3098 etiam
3629 3056 3732 3094 meo

2171 3150 2431 3204 moratos,
2457 3149 2512 3195 et
2549 3139 2745 3193 librum
2772 3138 2838 3191 ad
2869 3137 3116 3190 Rufinum
3141 3135 3216 3189 De
3242 3144 3405 3189 morte
3434 3134 3729 3205 infantium.

2169 3232 2303 3300 Quis
2323 3240 2505 3285 autem
2559 3242 2758 3298 negare
2808 3228 2971 3292 ausit,
3011 3226 3499 3296 locupletissimum
3553 3233 3730 3279 testem

2168 3340 2290 3380 esse
2324 3323 2732 3395 Hieronymum,
2765 3320 3107 3390 maximaque
3161 3319 3456 3390 pollentem
3511 3317 3734 3372 auctori-

2171 3426 2280 3474 tate
2299 3416 2323 3470 ?

2240 3507 2310 3561 Αι
2354 3505 2577 3560 Ruﬁnus
2607 3502 2991 3572 Aquileiensis,
3023 3501 3255 3571 inquies,
3293 3500 3584 3557 manifeste
3606 3499 3732 3554 indi-

2170 3607 2260 3652 cat
2283 3595 2420 3650 libro
2467 3609 2507 3650 ιι
2553 3593 2942 3648 lnvectivarum
2993 3593 3110 3647 sive
3162 3592 3435 3661 Apologia:
3474 3606 3620 3646 num.
3651 3589 3733 3654 45,

2171 3689 2444 3743 immerito
2473 3686 2756 3758 Didymum
2779 3686 2846 3740 ab
2875 3683 3203 3756 Hieronymo
3239 3684 3374 3737 inter
3413 3682 3625 3753 eoanui
3660 3681 3736 3733 di-

2170 3797 2321 3836 versa
2341 3781 2404 3833 ab
2435 3777 2688 3832 Ecclesiis
2711 3778 2952 3840 doceant,
2989 3776 3260 3830 collocari.
3295 3774 3518 3830 Fateor.
3545 3773 3731 3828 Verum

2173 3883 2466 3940 antequam
2499 3869 2726 3925 solemni
2765 3869 2973 3939 judicio
3015 3867 3276 3940 Origenes
3309 3867 3652 3923 Alexandriae
3676 3881 3734 3920 ac

2173 3966 2357 4020 Romae
2385 3963 2863 4027 condemnaretur,
2893 3962 3010 4016 haec
3056 3961 3274 4031 scripsit
3318 3958 3570 4027 Ruﬁnus,
3603 3959 3734 4029 quod

2173 4059 2228 4113 in
2258 4073 2322 4113 ea
2349 4067 2460 4111 tum
2488 4065 2634 4111 esset
2683 4053 2963 4122 opinione,
3006 4059 3066 4108 ut
3116 4061 3370 4108 censeret
3391 4053 3734 4122 quaestionem

2174 4153 2240 4206 de
2268 4150 2567 4205 animarum
2594 4146 3020 4217 praaexsistentia
3043 4146 3110 4200 ad
3134 4145 3290 4200 ﬁdem
3321 4160 3426 4200 non
3453 4146 3734 4214 pertinuere,

2174 4241 2267 4296 sed
2301 4254 2420 4294 esse
2446 4238 2817 4307 adiaphoram.
2852 4235 2910 4290 Id
2956 4235 3100 4289 enim
3133 4245 3319 4303 aperte
3358 4233 3591 4287 aﬁirmat
3621 4246 3733 4286 cum

2174 4331 2325 4398 alibi,
2366 4341 2477 4384 tum
2519 4330 2756 4384 maxime
2815 4330 2867 4381 in
2919 4327 3192 4396 Apologia,
3231 4327 3346 4380 sive
3402 4323 3640 4393 Epistola
3672 4320 3734 4373 ad

2175 4423 2519 4474 Anastasium
2552 4435 2765 4488 papam,
2794 4417 2882 4471 ubi
2910 4417 2978 4470 de
3021 4415 3296 4470 erroribus
3342 4415 3395 4468 in
3428 4415 3654 4484 Origene
3674 4411 3736 4464 ab

503 4508 622 4578 llos]
645 4507 965 4576 spectabant,
989 4504 1314 4574 selegerunt:
1347 4505 1450 4570 vel,
1486 4523 1602 4576 quae
1635 4507 1700 4560 de
1740 4507 1820 4560 his
1882 4510 2072 4562 retule-
2103 4505 2148 4562 D
2183 4514 2514 4584 Hieronymo
2546 4511 2890 4580 reprehensis
2932 4509 3178 4576 loquens,
3223 4505 3504 4562 catholica:
3530 4503 3734 4574 quidem

505 4612 624 4653 runt
659 4602 872 4669 (nempe
898 4606 990 4651 aut
1018 4600 1083 4652 de
1110 4598 1355 4670 Didymo,
1390 4598 1638 4668 Evagrio,
1684 4615 1749 4654 ac
1786 4599 2071 4656 Theodoro

507 4691 902 4760 Mepsuestene,
929 4699 1024 4743 aut
1055 4690 1118 4742 de
1144 4691 1226 4743 his
1280 4690 1626 4758 blasphemiis
1657 4706 1672 4745 :
1709 4690 1957 4760 ambigua
1986 4700 2074 4748 est

506 4783 648 4835 cnim
679 4797 778 4835 vox
807 4781 1020 4849 Graeca)
1054 4781 1362 4848 selegerant.

577 4871 770 4926 Fateor
803 4873 964 4926 etiam
995 4873 1175 4925 multis
1212 4882 1332 4940 post
1361 4872 1578 4944 Evagrii
1614 4884 1826 4929 :etatem
1862 4875 2074 4930 steculis

507 4977 568 5016 ea
600 4964 884 5032 scripsisse
913 4962 1300 5033 Nicephorum,
1336 4980 1455 5032 qua:
1511 4965 1718 5020 Latinae
1748 4968 1872 5021 huic
1907 4968 2073 5036 ipsius

509 5055 724 5124 Evagrii
757 5056 1044 5110 verborum
1075 5056 1505 5124 interpretationi
1545 5068 1903 5112 consentanea
1927 5069 2073 5114 sunt.

509 5144 641 5198 Nam
674 5147 725 5198 in
757 5147 1091 5210 testimonio,
1121 5149 1262 5216 quod
1293 5147 1468 5201 attulit
1508 5165 1628 5217 pag.
1687 5150 1786 5204 496
1836 5165 1900 5203 ex
1936 5149 2076 5206 libro

508 5251 644 5297 xvu,
671 5252 786 5306 cap.
823 5237 914 5303 27,
953 5239 1032 5293 sic
1092 5237 1326 5308 loquitur
1379 5238 1704 5309 Nicephorus
1739 5260 1752 5295 :
1783 5242 1940 5314 Παρὰ
1967 5241 2075 5295 τῶν

508 5326 693 5388 κακῶς
753 5327 1175 5396 συγγραφέντων
1247 5328 1476 5391 ἐκείνοις
1531 5330 1947 5401 ἀπολεξάμενοι,
1976 5333 2078 5388 hoc

509 5424 612 5478 est,
638 5413 770 5466 Cum
794 5416 936 5483 ipsas
959 5417 1310 5485 blasphemias
1356 5435 1420 5471 ea:
1451 5421 1537 5483 iis,
1563 5436 1679 5487 qua:
1709 5438 1978 5490 perperam
2012 5423 2076 5474 ab

508 5502 617 5555 illis
653 5503 904 5573 (Didyme
933 5518 1146 5573 nempe,
1192 5505 1421 5574 Evagrio
1461 5517 1516 5560 et
1545 5506 1847 5580 Theodoro)
1879 5513 2078 5580 scripta

510 5592 744 5661 fuerant,
769 5594 1112 5664 collegissent.
1173 5594 1371 5650 Verum
1442 5599 1606 5652 citata
1666 5600 1880 5670 Evagrii
1915 5605 2076 5656 verba

512 5694 622 5746 pra:
641 5683 807 5735 oculis
841 5682 928 5736 hic
964 5683 1236 5747 habuisse,
1268 5683 1374 5737 imo
1404 5684 1519 5740 fere
1547 5689 1900 5756 exscripsisse
1931 5690 2078 5743 vide—

518 5780 608 5824 tur
633 5770 987 5842 Nicephorus,
1012 5785 1068 5829 ut
1091 5791 1156 5830 ex
1189 5775 1474 5845 utriusque
1504 5777 1635 5836 locis
1659 5781 1799 5835 inter
1819 5795 1876 5836 se
1898 5781 2062 5837 colla-

2179 4603 2434 4659 Ecclesia:
2494 4602 2744 4672 dogmata
2797 4614 2918 4654 esse
2962 4597 3245 4668 proﬁtetur
3291 4605 3346 4650 et
3388 4611 3570 4650 veram
3603 4604 3738 4647 verae

2179 4695 2364 4750 carnis
2403 4692 2880 4757 resurrectionem,
2910 4699 2966 4744 et
2988 4703 3272 4759 poenarum
3309 4686 3505 4741 inferni
3532 4681 3738 4738 mterni-

2181 4797 2378 4849 latent;
2411 4785 2502 4839 sed
2547 4784 2688 4853 quod
2743 4791 2951 4851 spectat
3005 4782 3070 4834 ad
3116 4779 3420 4833 animarum
3465 4775 3736 4844 originem.

2180 4885 2292 4931 tres
2313 4878 2389 4930 ait
2410 4891 2528 4930 esse
2557 4874 2872 4938 sententias,
2902 4887 3022 4941 qua:
3073 4871 3218 4925 salva
3251 4869 3352 4922 ﬁde
3376 4867 3584 4922 defendi
3621 4877 3739 4932 pos-

2181 4970 2319 5023 sint:
2356 4969 2584 5038 primam
2612 4966 2819 5022 scilicet
2847 4967 2911 5019 de
2939 4965 3136 5018 animae
3181 4961 3464 5017 diﬁ'usione
3515 4973 3609 5028 per
3637 4964 3740 5007 tra-

2179 5062 2404 5124 ducem;
2438 5059 2684 5121 alteram,
2719 5057 2860 5126 quod
2884 5055 3126 5125 formatis
3165 5055 3218 5106 in
3251 5064 3397 5106 utero
3443 5046 3739 5115 corporibus

2181 5152 2323 5207 Deus
2359 5153 2592 5221 quotidie
2622 5151 2782 5218 faciat
2831 5151 3060 5212 animas,
3106 5158 3154 5202 et
3207 5146 3492 5215 infundat;
3537 5139 3739 5196 tertiam

2181 5242 2450 5310 Origeuis,
2475 5243 2614 5312 quod
2673 5241 2841 5310 factas
2894 5241 3002 5300 iam
3063 5239 3208 5302 olim,
3255 5239 3310 5290 id
3345 5245 3443 5299 est,
3483 5245 3606 5287 tunc
3631 5245 3742 5285 cum

2183 5335 2358 5387 omnia
2388 5333 2528 5386 Deus
2555 5334 2748 5386 creavit
2797 5347 2862 5384 ea:
2901 5331 3088 5405 nihilo,
3132 5346 3270 5382 nunc
3303 5345 3391 5382 eas
3419 5325 3622 5396 judicio
3653 5337 3742 5374 suo

2182 5426 2438 5491 dispenset
2465 5425 2518 5477 in
2541 5440 2772 5491 corpore.
2815 5423 2892 5476 Ex
2933 5425 3107 5477 tribus
3141 5431 3323 5474 autem
3375 5419 3522 5473 hisce
3550 5413 3744 5483 opinio-

2185 5517 2343 5569 nibus
2369 5531 2530 5584 quam
2583 5516 2734 5585 sequi
2787 5515 2998 5578 debeat,
3050 5530 3108 5568 se
3161 5515 3411 5583 ignorare
3457 5506 3737 5576 subjungit.

2184 5605 2520 5672 Quapropter
2553 5606 2746 5657 mirum
2781 5620 2884 5658 non
2914 5615 3018 5666 est,
3079 5605 3122 5657 si
3150 5605 3430 5673 Didymum
3479 5607 3738 5664 nunquam

2185 5694 2457 5746 contraria
2481 5694 2760 5747 catholica:
2795 5695 3049 5748 Ecclesiae
3070 5693 3252 5765 [LVII]
3272 5689 3612 5761 dogmatibus
3637 5696 3740 5738 tra-

2185 5782 2387 5837 didisse
2418 5783 2490 5836 ait
2519 5783 2768 5851 Rufinus,
2793 5787 2892 5840 etsi
2926 5785 3180 5856 Didymus
3227 5787 3341 5854 ipse
3367 5782 3608 5853 Origcnis
3632 5778 3738 5846 οΡῙ·
