4004 6424
267 411 378 468 ἳθθ
1489 439 2064 501 COMMENTARIUS.
2103 477 2172 490 _
2211 445 2340 503 LIB.
2383 447 2450 502 II.
3395 418 3400 424 ’
3518 452 3626 508 ato

285 531 517 639 nionem
544 539 619 594 de
647 550 1005 606 animarum
1040 557 1456 624 praeexsistentia
1488 571 1580 615 aut
1614 564 1937 630 defenderit,
1970 574 2010 630 Α
2043 569 2385 639 Origenismo
2431 567 2657 624 infectos
2691 584 2813 626 esse
2835 572 3112 639 censebat,
3142 573 3392 629 ﬁdelibus
3417 573 3628 628 denun-

296 633 395 729 ἒξιὶ
439 629 648 686 “item
705 653 831 695 non
893 647 1135 701 omnino
1166 647 1564 719 improbabilem
1594 669 1717 712 esse
1765 658 1933 713 duxe—
2049 660 2227 723 tiaret,
2267 675 2373 730 quo
2413 660 2501 715 isti
2549 660 2758 716 facilius
2802 661 2902 717 sibi
2930 663 2998 718 ab
3026 678 3210 718 errore
3254 678 3448 718 cavere
3498 679 3628 732 pos-

312 718 433 824 f“;
528 816 540 824 _
2045 758 2185 803 sent.
2211 749 2415 816 'I‘crtio,
2451 750 2792 806 excusandus
2837 752 2889 805 in
2933 767 2999 807 eo
3028 754 3133 808 erit
3185 754 3436 818 Ruﬁnus,
3481 753 3624 824 quod

393 810 543 912 Quod
557 825 750 912 autem
774 821 834 876 in
862 824 1065 880 eodem
1091 830 1321 884 secundo
1344 831 1501 900 libro,
1521 849 1689 905 segm.
1715 836 1768 905 8,
1794 853 1929 908 que-
2043 853 2186 910 aegre
2211 810 2412 907 ferret,
2439 857 2563 896 eum
2598 851 2704 896 tam
2735 852 2923 912 aperte
2954 854 3013 899 ut
3049 846 3438 900 heterodoxum
3472 810 3626 899 d-am-

351 905 479 1005 ritur
502 905 754 978 Ruﬁnus,
785 914 1207 990 Hieronymum,
1257 923 1383 978 dum
1417 925 1702 994 Origenem
1743 905 1828 985 ac_
1849 933 1936 986 Di-
2045 905 2185 994 nari,
2212 931 2301 1000 qui
2333 905 2737 1002 Oi'igeuismum
2763 905 2951 1004 aperte
2978 949 3083 990 non
3125 937 3491 1005 prmdicasset,
3518 936 3627 990 imo

369 998 566 1098 dymum
584 1007 900 1076 redarguit,
927 1025 1044 1065 reos
1064 1029 1156 1066 nec
1183 1014 1550 1087 interrogatos,
1587 1037 1677 1076 nec
1721 1039 1936 1093 respon-
2044 1025 2210 1078 multa
2233 998 2584 1094 VOrigeniana:
2620 1027 2881 1082 doctrinae
2923 1028 3100 1098 capita
3150 1029 3492 1098 apertissime
3536 1043 3626 1082 re-

372 1089 538 1146 dentes
558 1097 952 1168 condemnare;
977 1111 1029 1157 et
1055 1121 1156 1159 non
1184 1107 1354 1162 solum
1402 1125 1506 1163 non
1547 1089 1932 1181 respondentes,
2037 1113 2281 1182 iecisset.
2318 1089 2558 1188 Denique
2594 1131 2660 1172 ne
2689 1118 2820 1174 illud
2854 1120 3072 1188 quidem
3107 1120 3445 1182 mirabimur,
3479 1122 3624 1190 quod

378 1187 463 1237 sed
483 1202 560 1238 nec
584 1203 903 1258 pauentes;
933 1204 984 1248 et
1024 1213 1125 1251 non
1150 1198 1319 1253 solum
1355 1218 1458 1256 non
1500 1219 1800 1275 prensantes,
1843 1211 1934 1264 sed
2043 1205 2328 1277 Didymum
2377 1187 2478 1262 alii
2514 1209 2752 1278 quidem,
2794 1187 3006 1266 tametsi
3054 1211 3121 1266 ab
3166 1187 3624 1282 Origeniana—do-

372 1284 420 1327 et
455 1287 704 1344 mortuos;
735 1293 916 1340 etnon
936 1286 1109 1341 solum
1142 1302 1398 1358 mortuos,
1439 1297 1532 1349 sed
1577 1306 1627 1352 et
1677 1315 1764 1353 eos
1803 1317 1934 1371 quos
2041 1299 2221 1353 ctrina
2272 1298 2454 1365 alieni,
2511 1301 2745 1357 maxime
2789 1301 3147 1372 laudaverint,
3205 1304 3296 1359 alii
3336 1319 3466 1361 vero
3498 1319 3623 1360 eum

365 1384 556 1438 semper
575 1381 693 1427 ante
713 1374 1061 1443 laudaverat;
1083 1392 1130 1435 et
1150 1398 1252 1438 non
1281 1385 1451 1440 solum
1474 1403 1560 1442 eos
1593 1405 1722 1460 quos
1744 1391 1933 1447 lauda-
2041 1397 2231 1443 contra
2261 1388 2706 1459 vituperaverint.

363 1470 519 1523 urat,
546 1463 634 1514 sed
659 1475 706 1516 et
733 1481 840 1530 eos,
865 1484 994 1536 quos
1017 1481 1221 1525 secutus
1243 1473 1438 1542 fuerat,
1466 1488 1512 1532 et
1533 1482 1813 1551 magistros
1843 1484 1934 1538 lta-
2499 1547 2534 1559 ,,
2663 1545 2756 1559 η..
2840 1547 2873 1559 .,
3075 1548 3106 1559 ..

359 1551 584 1605 onerat:
617 1557 826 1612 videtur
863 1559 917 1614 id
955 1563 1174 1632 quidem
1221 1565 1446 1634 alicujus
1488 1545 1929 1642 esse'ponderis,
2494 1547 2624 1602 (λη’
2663 1545 2777 1602 xv'
2826 1547 2905 1602 De
2940 1548 3154 1618 ""i’m"

356 1645 452 1696 sed
481 1645 614 1700 tanti
645 1662 752 1703 non
779 1659 885 1717 est,
918 1663 977 1707 nt
1015 1667 1166 1711 certo
1206 1661 1455 1715 ostendat
1497 1663 1780 1736 Didymum
1831 1686 1928 1724 no-

2112 1657 2265 1715 IIunc
2293 1669 2552 1731 praeterea
2581 1661 2808 1734 Didymo
2851 1677 3093 1719 errorem
3149 1665 3336 1719 tribuit
3385 1663 3622 1722 Jacobus

353 1743 530 1790 strum
561 1738 709 1807 (nam
738 1742 803 1797 de
824 1741 1054 1815 Origene
1085 1749 1228 1820 loqui
1263 1753 1367 1808 mei
1403 1770 1509 1810 non
1549 1767 1632 1812 est
1674 1759 1929 1834 instituti)
2038 1751 2337 1824 Basnagius
2387 1754 2441 1808 in
2480 1751 3054 1823 Animadversionibus,
3111 1771 3234 1826 pag.
3302 1756 3424 1824 I99,
3479 1760 3622 1826 quod

354 1827 424 1881 ab
451 1830 600 1884 omni
627 1830 952 1905 Origeniano
973 1853 1162 1896 errore
1184 1843 1418 1899 alienum
1455 1845 1623 1904 fuisse
1656 1867 1670 1904 :
1700 1827 1932 1908 fortasse

2040 1845 2255 1916 nuptias
2279 1846 2488 1902 Veteris
2515 1845 2846 1902 Testamenti
2877 1857 3118 1917 tempore
3140 1848 3308 1902 malas
3332 1848 3496 1902 fuisse
3526 1851 3621 1902 d0-

353 1918 503 1974 enim
524 1928 996 1984 commentariolos
1023 1931 1253 2004 Didymi,
1277 1951 1413 2004 quos
1431 1937 1685 2006 diximus,
1713 1941 1932 1998 librum.
1962 1936 2004 1992 B
2033 1937 2229 1992 cuerit.
2273 1934 2481 1991 Revera
2526 1947 2707 1992 autem
2740 1938 2793 1992 in
2835 1937 2974 1993 libro
3002 1938 3254 1995 adversus
3292 1937 3620 1993 Manichwos

351 2027 461 2080 que
491 2015 562 2068 ad
605 2013 850 2085 Ruﬁnum
891 2022 1126 2076 nondum
1155 2024 1359 2096 legerat
1393 2027 1775 2102 Hieronymus,
1809 2050 1928 2093 cum
2033 2043 2153 2098 cap.
2177 2027 2232 2096 9,
2256 2028 2329 2083 ita
2353 2029 2419 2084 de
2438 2029 2642 2098 nuptiis
2669 2029 2908 2099 loquitur
2928 2029 3206 2099 theologus
3227 2039 3430 2097 noster,
3461 2039 3538 2097 ut,
3572 2030 3619 2084 si

353 2103 559 2174 deipso
593 2107 816 2179 Didymo
840 2121 1095 2183 tanquam
1134 2117 1202 2173 de
1249 2119 1499 2193 theologo
1559 2125 1708 2180 on'mi
1766 2143 1929 2184 exce-
2030 2121 2328 2178 oscitanter
2352 2121 2560 2192 legatur
2587 2120 2677 2176 ille
2707 2120 2878 2187 Iocus,
2907 2121 3076 2176 videri
3099 2123 3355 2192 possitita
3382 2123 3621 2178 sensisse
3660 2145 3665 2149 ι

349 2197 537 2267 ;-&ione
569 2201 759 2270 majori
792 2203 1000 2262 locutus
1049 2217 1152 2276 est,
1186 2209 1444 2266 videntem
1473 2215 1781 2282 prophetam
1806 2234 1928 2275 eum
2031 2222 2090 2268 ut
2115 2212 2227 2268 vult
2258 2212 2576 2284 Basnagius.
2607 2213 2680 2268 At
2731 2213 2865 2268 mihi
2897 2212 3113 2284 quidem
3144 2213 3260 2283 ejus
3294 2211 3456 2269 verba
3504 2228 3621 2284 per-

355 2306 693 2361 nuncupans.

2038 2304 2285 2376 pendenti
2322 2305 2400 2375 (id
2427 2306 2574 2361 enim
2621 2303 2928 2375 theologum
2962 2313 3222 2374 przestare
3255 2315 3491 2376 Oportet,
3525 2305 3619 2375 qui

421 2381 740 2454 Quanquam
787 2376 915 2443 mihi
943 2390 1009 2444 de
1044 2389 1248 2448 dimcili
1300 2393 1402 2450 hac
1449 2398 1750 2467 quaestione
1780 2402 1930 2471 cogi-
2031 2398 2096 2452 de
2146 2396 2465 2468 theologicis
2524 2396 2780 2468 operibus
2823 2396 3085 2468 judicium
3126 2396 3290 2464 ferre,
3343 2398 3619 2467 multoque

355 2476 492 2529 tanti
524 2475 650 2530 illud
691 2478 744 2531 in
786 2489 1019 2535 mentem
1051 2484 1218 2552 venit,
1260 2484 1362 2540 alia
1403 2487 1566 2542 etiam
1616 2505 1714 2544 nos
1769 2505 1929 2560 posse
2031 2488 2204 2558 magis
2240 2489 2332 2559 qui
2364 2505 2427 2544 ea
2482 2490 2881 2559 reprehendere
2946 2490 3098 2563 velit)
3159 2492 3376 2546 videtur
3422 2491 3620 2559 injuste

350 2567 440 2620 via
467 2568 736 2634 incedere,
769 2586 840 2628 ac
863 2587 928 2628 eo
954 2575 1169 2630 tandem
1208 2579 1508 2647 pervenire,
1549 2591 1608 2636 ut
1641 2593 1695 2638 et
1729 2583 1924 2640 Hiero-
2029 2583 2277 2638 accusari
2315 2581 2574 2653 Didymus
2621 2597 2652 2636 a
2698 2582 2985 2655 Basnagio.
3030 2582 3204 2637 Tuum
3243 2585 3369 2650 erit,
3422 2585 3616 2649 lector,

351 2672 598 2729 nyiiium,
627 2671 680 2715 et
722 2660 1001 2732 Ruﬁnum,
1033 2674 1090 2721 et
1127 2665 1262 2723 alios
1298 2667 1510 2741 Didymi
1562 2687 1685 2728 cum
1744 2675 1928 2730 lauda-
2025 2674 2289 2746 judicare,
2330 2686 2452 2731 uter
2477 2675 2690 2747 Didymi
2721 2684 2955 2731 mentem
2979 2687 3264 2732 assecutus
3293 2679 3382 2743 sit,
3418 2677 3619 2732 Basna-

353 2760 520 2815 tores,
552 2761 661 2807 tum
695 2755 1109 2825 vituperatores,
1144 2768 1200 2814 et
1238 2761 1411 2829 ipsum
1439 2778 1636 2835 magna
1673 2781 1739 2820 ex
1775 2778 1928 2836 parte
2029 2763 2168 2834 gius,
2193 2780 2259 2817 an
2278 2778 2397 2833 ego.
2423 2762 2529 2819 Sed
2550 2779 2634 2819 res
2654 2763 2818 2819 altius
2841 2764 3050 2838 [LVIII]
3070 2768 3354 2837 repetenda
3383 2778 3464 2823 est
3512 2785 3619 2838 quo

349 2839 634 2915 Didymum
664 2861 766 2901 non
790 2847 908 2903 sine
935 2850 1409 2909 verisimilitudine
1455 2864 1720 2911 tueamur.
1759 2858 1928 2913 Nimio
2028 2855 2256 2910 clariora
2285 2855 2395 2910 sint
2415 2870 2534 2925 quae
2562 2856 2758 2910 dicturi
2782 2873 2990 2912 sumus.

348 2951 468 2990 rum
504 2951 626 2991 cum
655 2935 1012 3011 Hieronymus
1037 2944 1104 2998 ab
1137 2941 1222 3006 iis,
1268 2961 1404 3014 quos
1430 2947 1751 3016 Origenismi
1793 2951 1926 3005 insi-
2099 2946 2244 3002 Inter
2273 2957 2470 3003 caetera
2525 2948 2710 3019 itaque
2754 2960 3098 3020 argumenta,
3133 2951 3330 3019 quibus
3361 2964 3616 3006 exsecra-

347 3027 540 3093 mulat,
573 3027 895 3098 Origeniana
922 3032 1172 3103 dogmata
1206 3051 1311 3091 non
1339 3036 1535 3105 palam.
1566 3041 1659 3093 sed
1705 3040 1922 3094 clancu-
2030 3039 2165 3095 biles
2209 3040 2493 3096 Manichaai
2544 3041 2856 3108 utebantur,
2905 3045 3175 3111 quoddam
3229 3053 3350 3098 erat
3395 3059 3461 3098 ex
3510 3043 3618 3098 illis

349 3119 459 3173 lum
492 3121 840 3178 disseminata
875 3125 1041 3182 fuisse
1089 3128 1320 3184 aIIirmet
1371 3131 1589 3200 sazpius,
1645 3132 1924 3204 Didymum
2031 3133 2327 3201 Scriptura:
2357 3131 2490 3187 locis
2517 3132 2829 3199 deductum,
2872 3132 2925 3186 in
2972 3133 3164 3202 quibus
3221 3151 3343 3188 caro
3390 3135 3614 3202 peccati,

345 3224 476 3264 vero
503 3225 670 3279 usque
715 3215 781 3268 ad
828 3229 1030 3271 annum
1083 3216 1284 3272 Christi
1335 3221 1922 3290 quadringentesimum
1955 3278 1994 3295 ﬂ
2031 3232 2121 3277 aut
2145 3239 2336 3292 corpus
2364 3223 2563 3292 peccati
2587 3223 2902 3277 nominatur
2929 3240 2943 3276 :
2973 3223 3098 3278 inde
3124 3225 3268 3278 enim
3293 3224 3617 3295 colligebant

346 3315 622 3370 nunquam
652 3318 756 3358 non
791 3308 1290 3377 commendaverit;
1326 3311 1530 3366 idcirco
1561 3314 1829 3384 suspicor,
1857 3332 1923 3370 ne
1953 3278 1996 3336 ο
2033 3315 2426 3370 admittendam
2479 3329 2602 3369 esse
2663 3329 2885 3370 carnem
2943 3325 3156 3383 natura,
3204 3325 3258 3370 et
3307 3317 3618 3372 necessario

346 3391 398 3443 in
433 3391 502 3444 iis
550 3393 765 3462 quidem
812 3395 1022 3467 Didymi
1068 3401 1308 3469 scriptis,
1349 3417 1468 3472 quae
1509 3405 1918 3474 interciderunt,
2034 3407 2252 3460 malam.
2278 3405 2429 3462 Hanc
2458 3407 2728 3463 rationem
2765 3419 2822 3464 ut
2856 3411 3094 3464 inﬁrmet
3122 3408 3400 3479 Didynms,
3429 3420 3616 3464 osten—

342 3481 744 3555 Origenismum
777 3489 846 3542 ita
876 3489 1024 3546 clare
1073 3495 1417 3562 praedicatum
1476 3497 1663 3563 fuisse,
1695 3509 1751 3554 ut
1802 3500 1920 3554 ιιιιιο
2033 3501 2109 3554 dit
2136 3517 2346 3555 carnem
2379 3504 2580 3572 peccati
2611 3503 2716 3557 dici
2751 3518 2855 3557 non
2901 3518 2969 3557 ex
3004 3518 3070 3558 eo
3113 3504 3254 3572 quod
3305 3514 3495 3557 natura
3545 3504 3618 3558 sit

349 3575 432 3631 lus
476 3578 753 3634 catholica:
797 3587 1236 3651 interpretationi
1296 3587 1447 3642 locus
1501 3590 1916 3661 relinqueretur,
2035 3589 2197 3656 mala,
2233 3590 2325 3644 sed
2356 3591 2497 3658 quod
2529 3589 2694 3644 homo
2723 3591 2838 3660 ipsa
2871 3607 3035 3646 carne
3076 3592 3333 3646 abutatur
3385 3595 3450 3648 ad
3494 3609 3618 3664 pec—

353 3668 452 3721 etsi
485 3672 662 3725 multa:
694 3670 747 3725 in
785 3673 850 3728 iis
891 3689 1242 3733 occurrerent
1287 3679 1584 3738 locutiones
1631 3685 1917 3756 Origenia-
2032 3682 2284 3736 Candum.
2323 3680 2438 3736 Hoc
2476 3682 2852 3738 demonstrato
2882 3685 3058 3739 locum
3104 3685 3253 3739 Pauli
3299 3684 3476 3751 aﬂ'ert,
3527 3686 3615 3742 ubi

353 3773 454 3812 me.
489 3757 541 3812 id
573 3762 617 3814 Si
654 3777 838 3816 verum
866 3779 987 3820 CSse
1013 3783 1302 3836 ponamus,
1331 3782 1478 3828 recte
1505 3777 1685 3830 omnia
1717 3792 1775 3832 se
1819 3780 1919 3832 ha-
2037 3771 2179 3826 Deus
2206 3772 2404 3826 dicitur
2430 3773 2635 3827 misisse
2657 3771 2860 3826 Filium
2884 3792 3040 3829 suum
3069 3776 3120 3829 in
3142 3775 3485 3830 similitudine
3505 3793 3619 3830 car-

346 3851 568 3906 hebunt.
594 3850 728 3907 Nam
753 3857 951 3924 primo,
980 3858 1263 3928 desperata
1301 3878 1405 3917 non
1432 3865 1536 3920 erit
1558 3865 1768 3938 Didymi
1793 3885 1922 3925 cau-
2033 3866 2113 3918 uis
2156 3864 2359 3932 peccati
2393 3864 2460 3918 ⁶⁰.
2493 3864 2617 3920 Ideo
2651 3876 2832 3920 autem
2863 3866 3064 3922 Christi
3092 3883 3310 3923 carnem
3340 3884 3618 3937 nuncupa-

341 3953 424 4003 ta.
474 3941 517 3995 Si
548 3943 684 3998 nihil
713 3960 836 4000 eum
886 3948 1123 4005 dictasse
1151 3967 1493 4021 censeamus,
1548 3960 1690 4027 quod
1733 3962 1920 4016 orum-
2035 3968 2142 4011 tam
2174 3958 2250 4011 ait
2282 3957 2679 4013 similitudinem
2713 3959 2889 4014 carnis
2917 3962 3138 4028 peccati,
3177 3962 3300 4031 quia
3347 3963 3446 4016 etsi
3476 3970 3619 4017 esset

342 4031 488 4085 (Ιοιο
514 4047 674 4089 sensu
707 4037 878 4106 accipi
915 4056 1020 4094 non
1055 4055 1238 4112 posset
1283 4063 1297 4099 :
1348 4047 1400 4101 in
1433 4046 1569 4103 libro
1618 4061 1796 4107 autem
1843 4054 1920 4110 De
2032 4065 2159 4105 vera
2194 4065 2344 4116 caro,
2393 4066 2523 4119 non,
2572 4061 2631 4106 ut
2677 4051 2929 4107 volebant
2973 4053 3279 4119 Manichaei,
3332 4055 3615 4116 simulata,

340 4135 510 4180 morte
537 4127 818 4196 infantium
863 4147 964 4186 non
1003 4143 1110 4187 tam
1135 4150 1201 4189 ex
1235 4151 1357 4204 sua,
1389 4153 1550 4208 quam
1581 4156 1647 4196 ex
1673 4143 1921 4214 Origenis
2032 4158 2140 4198 non
2169 4153 2292 4198 erat
2325 4152 2504 4200 tamen
2552 4159 2618 4199 ex
2654 4145 2822 4201 coitu.
2859 4146 3012 4214 Quod
3052 4150 3096 4201 si
3132 4162 3328 4216 corpus
3360 4162 3425 4202 ex
3469 4148 3616 4202 coitu

340 4219 634 4285 sententia,
666 4222 732 4275 de
763 4237 863 4290 qua
893 4238 920 4276 a
950 4222 1144 4282 Ruﬁno
1183 4228 1548 4300 interrogatus
1599 4234 1796 4302 fuerat,
1842 4238 1920 4290 Io-
2031 4249 2350 4310 conceptum
2385 4239 2704 4307 sumpsisset
2740 4240 3012 4309 Salvator,
3056 4243 3402 4298 existimatus
3434 4241 3617 4310 utique

340 4322 527 4365 cntum
558 4326 697 4368 esse.
727 4314 994 4384 Secundo,
1021 4321 1217 4374 mirum
1249 4338 1354 4377 non
1385 4325 1510 4391 erit,
1549 4327 1596 4380 si
1632 4328 1916 4398 Didymqu
1949 4342 1951 4344 ·
2031 4341 2199 4398 esset,
2232 4333 2425 4402 inquit,
2453 4333 2706 4403 originali
2740 4344 2957 4402 peccato
2992 4345 3047 4390 et
3079 4336 3190 4404 ipse
3216 4337 3500 4390 obnoxius.

342 4399 704 4474 Hieronymus
728 4407 1074 4464 aIIirmaverit
1104 4415 1425 4481 apertissime
1451 4418 1502 4470 in
1522 4415 1763 4488 Origenis
1788 4423 1920 4475 scita
2102 4420 2198 4476 llis
2222 4423 2518 4492 praemissis
2547 4425 2661 4478 hate
2689 4424 2898 4488 snbdit,
2927 4439 3046 4493 qua:
3071 4441 3136 4478 ex
3172 4425 3422 4480 Turriani
3447 4427 3616 4481 inter-

340 4493 626 4548 concedere
658 4512 678 4548 :
708 4511 824 4551 cum
847 4501 1205 4586 enim-plures
1241 4505 1541 4562 locutiones
1571 4512 1638 4563 ab
1690 4509 1921 4580 Origene
2031 4515 2340 4583 pretatione
2366 4513 2533 4568 aII‘ero
2563 4531 2578 4569 :
2615 4533 2633 4566 ι
2668 4513 2725 4568 Si
2751 4529 2878 4569 vero
2903 4515 3159 4582 dixerint,
3187 4515 3246 4570 Si
3270 4533 3392 4571 caro
3416 4519 3616 4586 peccati

343 4583 634 4650 adhibitas,
663 4589 848 4656 quales
872 4590 924 4644 in
965 4577 1117 4648 libris
1154 4594 1222 4650 de
1272 4594 1540 4654 Trinitate
1581 4615 1680 4654 nos
1710 4602 1920 4656 iuveni-
1958 4661 1997 4676 ἢ
2030 4615 2108 4660 est
2140 4622 2259 4674 quw
2286 4622 2350 4659 ea:
2377 4606 2741 4674 conjunctione
2769 4607 2864 4660 viri
2884 4620 2932 4662 et
2964 4607 3174 4676 femina:
3202 4620 3326 4664 nata
3359 4619 3456 4676 est,
3495 4628 3612 4666 ma-

345 4689 490 4739 mus,
546 4677 600 4730 in
648 4677 874 4750 Didymo
924 4686 1236 4752 reperissct,
1295 4704 1432 4758 quas
1475 4691 1544 4746 ab
1599 4691 1923 4764 Origenistis
1957 4661 2000 4715 Β
2028 4701 2097 4753 ιω
2124 4707 2243 4753 sunt
2281 4699 2512 4768 nuptiw;
2551 4699 2772 4754 audiant
2806 4700 2915 4764 isti,
2951 4701 3095 4770 quod
3142 4711 3269 4757 ante
3319 4702 3612 4759 adventum

345 4780 514 4863 pravo
550 4782 714 4863 sensu
756 4775 1096 4841 pronuntiari
1152 4789 1411 4848 noverat;
1461 4781 1748 4854 Didynmm
1797 4802 1924 4841 vero
2030 4791 2348 4859 Salvatoris,
2387 4793 2476 4862 qui
2503 4792 2728 4848 abstulit
2760 4804 3043 4863 peccatum
3077 4794 3288 4861 mundi,
3332 4796 3378 4849 si
3422 4811 3613 4851 omnes

348 4856 522 4958 ipsum
553 4859 608 4915 in
634 4856 700 4917 iis'
726 4879 843 4933 quae
863 4867 929 4921 ad
957 4866 1275 4926 Trinitatem
1303 4883 1570 4943 spectant,
1596 4879 1922 4934 acerrimum
2031 4885 2298 4949 homines,
2330 4856 2471 4940 sicut
2499 4883 2602 4940 alia
2633 4899 2754 4942 cum
2792 4896 3015 4957 peccato
3045 4888 3301 4958 agebant,
3335 4888 3414 4943 sic
3445 4889 3611 4944 etiam

348 4944 601 5018 Origenis
633 4952 969 5012 defensorem
995 4972 1115 5014 esse
1141 4973 1448 5032 constaret;
1478 4965 1613 5020 nihil
1633 4968 1920 5037 dubitavit,
2029 4977 2240 5045 nuptias
2261 4991 2382 5030 cum
2428 4987 2652 5046 peccato
2701 4944 2994 5034 habebant.
3039 4944 3196 5035 Unde
3243 4979 3497 5036 similiter
3547 4981 3613 5035 de

349 5041 476 5108 quin
505 5057 672 5112 pravo
698 5059 855 5102 sensu
885 5048 1087 5106 dictata
1132 5055 1309 5109 forent
1355 5070 1690 5128 quaecunque
1725 5060 1779 5116 in
1829 5060 1922 5114 Di-

2026 5071 2348 5138 corporibus
2377 5085 2445 5125 ex
2489 5070 2760 5127 connubio
2809 5072 2952 5129 natis
2996 5072 3405 5144 intelligendum
3459 5082 3545 5131 est
3593 5093 3607 5128 :

351 5134 492 5236 dymi
536 5138 1119 5236 operibussapiebant
1159 5143 1565 5216 Origenismum
1622 5169 1636 5205 :
1694 5166 1759 5206 ex
1817 5168 1922 5221 quo
2043 5134 2152 5231 [uia
2178 5172 2301 5230 post
2333 5170 2615 5233 peccatum
2643 5162 2787 5220 facta
2823 5164 2926 5220 fuit
2965 5134 3274 5236 coniunctio
3315 5167 3446 5222 Adae
3486 5183 3609 5223 cum

347 5221 546 5280 factum
573 5239 676 5292 est,
709 5239 769 5286 ut
808 5233 922 5300 ipse
959 5244 1145 5304 utpote
1194 5252 1410 5294 summo
1461 5242 1744 5298 catholicae
1798 5245 1923 5300 fidei

2029 5251 2161 5317 Eva,
2190 5254 2395 5308 idcirco
2422 5254 2562 5309 dicta
2591 5263 2676 5310 est
2716 5271 2841 5310 caro
2893 5259 3094 5326 peccati
3140 5256 3344 5329 [malim
3392 5268 3608 5316 vertere.

346 5317 468 5372 zelo
493 5319 854 5380 inﬂammatus
887 5341 992 5382 non
1036 5329 1195 5384 modo
1226 5329 1625 5401 Origenismum
1663 5337 1924 5391 radicitus
2027 5344 2169 5400 dicta
2197 5353 2325 5400 sunt.
2348 5363 2472 5400 caro
2492 5345 2834 5420 ρεσεαιί],..,,
2874 5317 3256 5404 θειουιῃιδῖηεη
3285 5364 3381 5420 per
3405 5351 3610 5405 adven-

343 5411 778 5509 esstirpandum,
819 5428 987 5509 atque
1044 5419 1110 5475 ab
1157 5421 1478 5493 Epiphanio,
1541 5441 1570 5480 a
1625 5425 1923 5497 Theophila
2029 5444 2139 5487 tum
2170 5434 2394 5500 Christi,
2420 5411 2559 5492 sicut
2590 5437 2659 5492 ab
2693 5411 2813 5492 aliis
2842 5437 3004 5493 rebus
3031 5439 3267 5494 ablatum
3285 5411 3383 5494 'est
3419 5455 3612 5509 pecca-

337 5501 725 5571 Alexandrino,
751 5517 806 5562 et
831 5524 859 5562 a
885 5507 1130 5564 Romano
1159 5513 1412 5584 episcopo
1457 5516 1510 5570 in
1554 5517 1746 5586 primis
1791 5535 1922 5573 con-
2030 5531 2164 5589 tum,
2192 5524 2272 5579 sic
2292 5525 2454 5580 etiam
2482 5540 2514 5580 a
2541 5527 2762 5597 nuptiis.
2792 5526 2977 5598 Itaque
3012 5544 3157 5584 nunc
3183 5531 3275 5601 qui
3308 5532 3606 5586 secundum

342 5595 694 5653 demnandum
723 5610 971 5663 curaret,
1018 5613 1202 5657 verum
1227 5606 1389 5660 etiam
1429 5623 1638 5675 omnes,
1693 5624 1918 5678 quorum
2028 5612 2378 5684 Evangelium
2407 5595 2628 5684 vivunt,
2652 5619 2854 5674 habere
2882 5631 3112 5689 possunt
3144 5621 3482 5676 honorabiles
3511 5638 3610 5675 nu-

343 5689 657 5747 auctoritate
713 5706 839 5746 sese
915 5693 1203 5750 tuebantur
1259 5696 1614 5770 Ot'igenistte,
1675 5718 1919 5761 uuosnue
2026 5707 2165 5775 ptias
2189 5718 2233 5760 et
2263 5718 2433 5764 torum
2466 5711 2953 5772 immaculatum....
2991 5717 3066 5770 Ex
3096 5732 3203 5786 quo
3236 5717 3296 5770 ﬁt
3333 5726 3392 5771 ut
3437 5730 3610 5785 neque

389 5870 433 5910 ’θ
468 5874 630 5934 Rom.
673 5889 800 5939 vm,
831 5872 892 5927 5.
