4004 6440
476 407 572 465 2H

1920 416 2006 470 DE
2050 414 2307 471 DIDYMO

3605 432 3706 487 212

476 530 755 611 peceatum
800 520 870 577 sit
912 522 1243 596 conjugium.
1285 530 1454 585 Aliter
1500 533 1662 587 etiam
1710 534 1814 589 dici
1866 546 2041 605 potest
2068 542 2113 598 Α
2146 538 2196 590 in
2224 538 2554 604 Abrahamo,
2599 539 2830 611 aliisque
2877 546 3084 601 sanctis
3134 562 3202 602 ex
3253 547 3449 604 Christi
3504 558 3708 608 venturi

475 607 650 674 magis
680 608 918 678 physice.
954 612 1142 667 Divina
1170 617 1412 684 quaedam
1443 634 1529 674 res
1554 634 1638 676 est
1666 624 1964 689 virginitas,
1987 637 2041 679 et

481 707 737 767 tanquam
770 703 820 755 in
852 703 1142 761 virtutibus
1164 710 1394 764 exsistit.
1421 710 1477 765 Si
1498 714 1620 782 quis
1649 715 1808 785 igitur
1830 720 2041 784 nuptias

476 805 599 843 cum
651 791 960 857 virginitate
1007 798 1314 866 conferens,
1378 804 1522 872 ipsas
1574 806 1715 860 dicat
1759 820 2040 876 peccatum

476 900 619 952 esse,
657 902 762 940 non
799 889 1042 944 absolute
1084 901 1209 945 sunt
1239 906 1519 961 peccatum
1573 913 1589 950 :
1648 898 1843 952 malum
1899 902 2042 955 enim

478 991 583 1029 non
616 981 1017 1047 comparatione
1042 983 1164 1037 boni
1196 985 1394 1039 malum
1424 997 1541 1055 est;
1574 990 1834 1058 siquidem
1863 1006 1959 1060 per
1986 1007 2045 1046 se

482 1064 586 1120 tale
611 1074 713 1121 est.
756 1087 776 1121 ι
834 1068 1104 1126 Hactenus
1149 1074 1406 1144 Didymus
1452 1095 1466 1131 :
1512 1095 1672 1148 quem
1718 1095 1885 1149 pravo
1930 1080 2046 1135 haec

480 1170 639 1212 sensu
666 1159 898 1215 dictasse
927 1163 1178 1231 equidem
1215 1180 1529 1233 persuasum
1562 1183 1667 1221 non
1695 1168 1885 1223 habeo.

554 1248 685 1301 Nam
712 1250 905 1320 primo,
943 1254 1064 1322 quis
1085 1256 1271 1308 credat
1296 1270 1440 1321 eum,
1468 1258 1558 1325 qui
1602 1268 1890 1328 perpetuus
1935 1259 2047 1313 Ma-

482 1341 811 1396 nichaeorum
847 1345 1188 1399 adversarius
1220 1344 1340 1409 fuit,
1386 1350 1597 1417 nuptias
1641 1351 1947 1414 damnasse,
1989 1359 2048 1404 ut

481 1434 759 1490 Manieha-i
793 1436 1082 1502 faciebant,
1120 1439 1278 1509 idque
1317 1440 1367 1493 in
1401 1455 1466 1495 eo
1520 1440 1656 1495 libro
1706 1456 1864 1511 quem
1907 1443 2046 1496 scri-

481 1528 586 1592 psit
614 1528 862 1581 adversus
892 1527 1253 1584 Manicltazos.’
1281 1532 1548 1593 Secundo,
1579 1542 1796 1586 sanctos
1838 1531 2049 1587 Veteris

481 1613 808 1671 Testamenti
843 1620 1046 1674 sanctis
1090 1618 1223 1674 Novi
1265 1620 1592 1676 Testamenti
1642 1624 1875 1689 aequales
1927 1639 2048 1680 esse

482 1705 595 1757 vult
640 1706 914 1777 Didymus,
950 1710 1108 1778 idque
1151 1710 1265 1766 fuse
1294 1716 1523 1781 probare
1561 1714 1752 1769 nititur
1785 1716 1837 1770 in
1873 1715 2050 1770 Euar-

482 1796 792 1850 rationibus.
819 1801 886 1853 At
915 1801 1036 1870 quis
1060 1805 1229 1856 nescit
1251 1802 1535 1874 plerosque
1559 1804 1748 1860 saltem
1777 1822 1807 1860 e
1845 1811 2049 1863 sanctis

2150 629 2359 682 meritis
2390 644 2404 678 :
2438 631 2555 697 sed,
2589 641 2646 683 ut
2677 647 2779 701 ego
2800 647 3015 698 censeo.
3049 638 3251 692 nullam
3284 639 3443 694 aliam
3476 644 3547 697 ob
3589 659 3712 697 cau-

2148 732 2264 771 sam
2301 735 2361 773 ea
2391 721 2552 776 verba
2597 723 2792 793 adjecit
2834 724 3112 797 Didymus,
3163 731 3263 784 nisi
3303 741 3359 785 ut
3398 732 3563 786 alium
3609 733 3715 787 Ma-

2149 809 2479 864 nicbazornm
2525 829 2765 868 errorem
2809 815 3101 881 refelleret,
3143 820 3232 887 qui
3271 821 3486 890 nuptias
3532 838 3714 877 omnes

2150 897 2264 950 sive
2296 899 2347 951 in
2377 896 2581 963 Veteri,
2611 901 2726 957 sive
2759 902 2810 955 in
2844 902 2994 957 Novo
3028 903 3374 961 Testamento
3405 909 3578 962 malas
3603 924 3718 964 esse

2151 990 2440 1044 docebant.
2470 992 2563 1045 llis
2585 994 2909 1060 praemissis,
2933 996 3141 1062 judicet
3168 998 3357 1063 lector,
3391 1010 3573 1053 utrum
3595 999 3717 1054 alla-

2154 1087 2239 1133 tus
2268 1080 2477 1152 Didymi
2511 1083 2660 1137 locus
2692 1084 2886 1139 merito
2917 1097 3203 1142 accusetur
3236 1103 3267 1141 a
3297 1088 3585 1160 Basnagio.

2362 1241 2487 1296 CAP.
2530 1240 2667 1297 XVI.
2712 1243 2785 1297 De
2822 1242 3062 1311 Epistula
3094 1247 3321 1300 secunda
3359 1246 3525 1303 Petri.

2228 1353 2532 1410 Secundam
2578 1355 2725 1410 Petri
2778 1356 3062 1422 epistolam
3123 1359 3176 1412 in
3224 1360 3719 1416 deuterocanonicis

2156 1443 2453 1515 Scripturis
2496 1446 2768 1501 numerari
2813 1457 3014 1501 norunt
3063 1448 3317 1518 theologi.
3356 1448 3543 1519 Itaque
3584 1453 3628 1503 si
3654 1452 3719 1505 de

2154 1552 2215 1592 ea
2252 1541 2354 1593 hoc
2397 1548 2601 1593 tantum
2634 1540 2858 1594 dixisset
2890 1541 3166 1611 Didymus,
3193 1541 3356 1608 ipsam
3388 1557 3493 1595 non
3517 1557 3628 1596 esse
3669 1541 3721 1596 in

2155 1628 2383 1696 Canone,
2428 1631 2776 1685 excusatione
2803 1631 2998 1702 dignus
3032 1633 3211 1687 foret:
3249 1633 3477 1688 necdum
3507 1634 3648 1688 enim
3669 1633 3719 1687 in

2159 1718 2558 1790 Scripturarum
2606 1719 2881 1776 Canonem
2927 1725 2996 1777 ab
3039 1724 3312 1787 omnibus,
3354 1740 3456 1779 nec
3495 1725 3718 1779 solemni

2159 1813 2482 1869 univerSalis
2533 1812 2786 1869 Ecclesia
2814 1815 3031 1869 decreto
3076 1815 3245 1869 relata
3289 1815 3487 1870 fuerat.
3532 1814 3721 1870 Verum

489 1886 691 1943 Vetusti
722 1887 1049 1945 Testainenti
1091 1893 1223 1948 viris
1255 1910 1422 1949 uxore
1452 1911 1557 1951 non
1585 1896 1858 1952 caruisse?
1916 1897 2052 1953 Ter—
2083 1897 2127 1951 Β
2157 1905 2325 1974 ipsam
2352 1915 2610 1974 praeterea
2637 1905 2886 1975 falsatum
2909 1907 3061 1962 dicit.
3084 1906 3180 1960 His
3208 1908 3352 1961 enim
3379 1907 3560 1963 verbis
3581 1922 3727 1961 enar-

484 1982 579 2044 tio,
606 1979 850 2035 Graecum
880 1982 1037 2052 hujus
1084 1982 1187 2038 loci
1226 1993 1432 2040 textum
1479 2000 1584 2041 nou
1622 1988 1843 2043 omnino
1878 1988 2055 2044 since-

482 2087 599 2124 rum
638 2073 706 2126 ad
735 2087 832 2127 nos
859 2074 1167 2141 pervenisse
1202 2078 1542 2145 perspicuum
1590 2086 1672 2134 est
1719 2096 1732 2131 :
1782 2094 1906 2133 nam
1963 2081 2053 2134 ubi

484 2162 783 2217 Turrianus
809 2164 1005 2218 vertit:
1034 2165 1267 2218 Audiant
1290 2167 1401 2232 isti,
1439 2167 1579 2237 quod
1615 2175 1739 2221 ante
1777 2169 2055 2222 adventum

481 2253 795 2319 Saluatoris,
815 2257 904 2326 qui
936 2255 1151 2309 abstulit
1179 2270 1444 2327 peccatum
1471 2258 1678 2323 mundi,
1702 2259 1747 2311 si
1771 2276 1944 2313 omnes
1969 2258 2057 2312 lto-

485 2348 648 2401 mines
671 2358 723 2403 et
739 2348 941 2419 reliqua
964 2368 978 2416 ;
1003 2350 1367 2421 quid,quaaso,
1392 2351 1621 2405 sibivult
1645 2351 1829 2405 vocula
1859 2351 1946 2405 illa
1968 2352 2058 2405 si?

488 2454 665 2494 nonne
695 2440 1000 2510 perplexam
1044 2443 1242 2508 reddit,
1276 2443 1384 2496 imo
1438 2441 1669 2496 biulcam
1716 2443 2055 2497 orationem?

487 2529 686 2585 Eadem
724 2538 900 2585 tamen
927 2531 1202 2586 estGraeci
1233 2530 1397 2585 etiam
1434 2541 1611 2586 textus
1654 2530 1829 2585 Iec1io.
1869 2530 2057 2600 Itaque

489 2636 610 2675 tneo
636 2621 853 2690 quidem
889 2621 1095 2690 judicio
1125 2632 1410 2691 corruptus
1433 2633 1534 2689 est,
1570 2637 1633 2676 ac
1681 2622 1970 2676 mendosus
1991 2636 2056 2675 ea

486 2717 602 2786 ipsa
654 2718 706 2771 in
760 2726 933 2788 parte,
989 2733 1094 2787 qua
1143 2718 1379 2772 maxime
1435 2717 1684 2771 innititur
1734 2714 2051 2785 Basnagius.

486 2806 711 2874 Quarto,
771 2809 815 2863 si
865 2810 1079 2877 nuptias
1107 2816 1233 2863 ante
1284 2808 1486 2863 Christi
1538 2809 1824 2862 adventum
1886 2808 2058 2863 malas

487 2896 657 2952 fuisse
691 2898 939 2965 opinatus
984 2897 1176 2952 fuisset
1205 2897 1483 2967 Didymus,
1535 2897 1790 2952 continuo
1833 2897 2056 2951 alteram

487 2989 889 3058 responsionem
922 3004 1025 3044 non
1055 2989 1350 3044 addidisset
1393 3007 1408 3043 :
1454 2988 1513 3043 Si
1555 2991 1672 3058 quis
1696 2993 1901 3057 nuptias
1940 3005 2055 3041 cum

485 3082 783 3151 uirginitate
817 3080 1107 3149 conferens,
1143 3080 1281 3148 ipsas
1321 3082 1461 3133 dicat
1502 3090 1769 3149 peccatum
1802 3096 1931 3146 esse,
1956 3097 2057 3133 non

486 3171 720 3225 absolute
749 3181 871 3226 sunt
899 3184 1185 3240 peccatum,
1218 3181 1322 3226 etc.
1370 3170 1673 3237 Postremo,
1712 3174 1851 3241 quod
1897 3179 2057 3241 caput

487 3273 596 3329 est,
625 3265 864 3333 postulat
908 3266 1155 3333 aequitas,
1197 3271 1254 3319 ut
1300 3274 1407 3317 tam
1439 3264 1609 3333 turpis
1641 3279 1794 3318 error
1829 3263 2058 3335 Didyme

486 3371 593 3410 non
626 3356 914 3423 tribuatur,
939 3356 1041 3411 nisi
1083 3357 1270 3412 saltem
1297 3357 1351 3411 in
1377 3355 1552 3411 allatis
1584 3356 1781 3424 verbis,
1814 3357 1936 3412 licet
1963 3356 2061 3411 ali-

486 3446 613 3501 cubi
637 3448 930 3513 mendosis,
962 3447 1241 3515 perspicue
1268 3447 1312 3501 is
1355 3455 1629 3516 appareat.
1680 3446 1873 3502 Verum
1896 3445 1941 3501 si
1977 3457 2060 3502 at-

490 3547 637 3593 tente
663 3539 870 3609 singula
896 3522 1107 3609 Didymi
1152 3539 1317 3592 verba
1365 3536 1804 3606 expenderimus,
1853 3539 2058 3593 nullum

489 3631 847 3693 inveniemus,
869 3631 1011 3699 quod
1034 3644 1154 3684 eum
1181 3630 1542 3685 condemnare
1566 3644 1662 3683 nos
1707 3639 1882 3698 cogat.
1927 3629 2060 3683 Dum

488 3726 634 3780 enim
667 3724 765 3788 ait,
801 3721 1033 3791 Nuptias
1064 3738 1181 3774 cum
1209 3730 1418 3791 peccato
1450 3720 1730 3785 habebant,
1763 3722 1896 3775 nihil
1917 3722 2062 3776 aliud

490 3816 737 3879 denotat,
763 3825 821 3868 ut
848 3823 997 3882 puto,
1022 3813 1124 3867 nisi
1158 3821 1438 3882 peccatum
1476 3811 1761 3881 originale,
1801 3814 1941 3881 quod
1971 3828 2067 3881 per

492 3908 767 3963 Christum
801 3905 1035 3961 deletum
1073 3916 1177 3970 est,
1210 3920 1274 3960 ac
1305 3904 1536 3960 deletur.
1588 3902 1646 3957 Si
1692 3903 1837 3957 enim
1887 3906 2066 3961 verbis

497 4001 646 4055 hisce
680 3998 1033 4064 indicaretur,
1061 3996 1229 4051 malas
1251 3996 1379 4051 olim
1408 3993 1580 4049 fuisse
1609 4009 1798 4048 omnes
1826 3997 2064 4064 nuptias,

493 4100 816 4161 sequeretur
845 4098 903 4142 ut
925 4090 1085 4143 verba
1114 4089 1275 4142 etiam
1300 4102 1421 4157 quae
1452 4086 1698 4156 proxime
1718 4088 2064 4154 antecedunt,

492 4181 615 4236 Alia
649 4198 764 4235 cum
788 4189 1000 4250 peccato
1027 4179 1266 4249 agebant,
1293 4177 1663 4247 signiﬁcarent
1702 4177 1870 4232 malas
1900 4178 2070 4234 fuisse

494 4275 766 4347 quaslibet
797 4273 1009 4329 illorum
1038 4272 1280 4328 omnium
1309 4271 1574 4336 actiones,
1601 4269 1689 4338 qui
1720 4278 1843 4323 ante
1866 4270 2067 4324 Christi

496 4370 784 4424 adventum
825 4365 1029 4421 fuere:
1071 4380 1179 4434 quo
1228 4364 1365 4419 nihil
1410 4378 1518 4416 non
1574 4363 1735 4416 modo
1781 4362 2069 4416 absurdius

495 4459 791 4530 excogitari
835 4468 1035 4528 potest,
1094 4456 1186 4512 sed
1225 4470 1294 4510 ne
1338 4453 1564 4525 Didyme
1622 4451 1839 4522 quidem
1894 4454 2066 4522 magis

2157 1996 2419 2051 rationem
2466 1997 2521 2049 in
2551 1999 2684 2051 hanc
2730 1998 3003 2066 epistolam
3032 1998 3347 2054 concludit:
3387 1997 3512 2052 Non
3541 2008 3614 2053 est
3632 1999 3725 2068 igi-

2158 2094 2246 2138 tur
2296 2085 2644 2156 ignorandum
2668 2126 2684 2151 ,
2741 2097 3047 2156 pra'sentem
3077 2086 3352 2156 epistolam
3414 2104 3527 2142 esse
3567 2086 3726 2156 falsa-

2158 2184 2266 2228 tam
2295 2191 2314 2229 :
2360 2192 2476 2245 qua:
2502 2175 2622 2230 licet
2674 2176 2992 2246 publicetur,
3039 2193 3141 2230 non
3187 2189 3363 2232 tamen
3414 2178 3473 2232 in
3522 2175 3726 2233 Canens

2156 2275 2252 2321 est.

2225 2355 2505 2425 Adjectam
2543 2354 2707 2410 fuisse
2748 2358 2815 2411 ab
2839 2355 3018 2427 aliquo
3055 2356 3198 2411 hanc
3222 2355 3525 2411 clausulam
3552 2355 3724 2426 suspi-

2158 2456 2314 2501 catur
2341 2445 2661 2517 Basnagius.
2688 2446 2852 2515 Cuius
2880 2447 3189 2518 opinionem
3217 2446 3453 2502 libenter
3482 2446 3719 2515 equidem

2159 2534 2541 2603 amplecterer,
2577 2536 2622 2589 si
2683 2552 2895 2592 nossem
2953 2552 3058 2606 qua
3095 2537 3307 2591 ratione
3356 2547 3511 2592 certo
3537 2535 3724 2592 contir-

2159 2627 2293 2680 mari
2337 2626 2529 2695 possit.
2571 2623 2698 2691 Sed,
2736 2641 2857 2681 cum
2892 2626 2946 2680 id
2994 2627 3257 2697 ignorem,
3302 2626 3435 2682 illud
3475 2628 3727 2682 duntaxat

2161 2726 2275 2771 tuto
2312 2717 2414 2770 hac
2453 2717 2506 2770 in
2558 2732 2614 2771 re
2645 2726 2886 2772 statuere
2928 2732 3085 2787 posse
3119 2718 3245 2771 mihi
3279 2720 3491 2786 videor,
3534 2720 3727 2789 episto-

2159 2809 2264 2862 lam
2312 2809 2451 2864 hanc
2493 2818 2551 2862 ut
2592 2824 2874 2863 sacrarum
2915 2808 3319 2878 Scripturarum
3366 2810 3593 2875 librum,
3639 2818 3726 2863 aut

2160 2904 2365 2966 partem
2392 2896 2628 2965 agnitam
2664 2912 2693 2949 a
2718 2896 2944 2968 Didytno
2980 2896 3170 2952 fuisse.
3198 2899 3254 2951 In
3292 2898 3449 2953 libris
3487 2900 3627 2953 enim
3656 2898 3726 2951 De

2163 2986 2421 3040 Trinitate
2453 2986 2611 3041 Petro
2641 2988 2838 3054 saepius
2876 3003 2995 3043 eam
3041 2991 3249 3056 tribuit,
3289 2999 3345 3045 et
3394 2992 3571 3045 instar
3605 2991 3730 3044 alio-

2164 3091 2283 3129 rum
2340 3075 2640 3145 Scriptura:
2677 3077 2938 3133 librorum
2989 3078 3159 3146 citat;
3202 3081 3253 3134 in
3290 3079 3725 3134 Enarrationibus

2115 3224 2127 3244 ο
2162 3182 2292 3220 vero
2328 3167 2498 3235 ipsam
2528 3183 2740 3238 quoque
2766 3184 2869 3223 una
2910 3184 3031 3223 cum
3068 3171 3188 3233 aliis
3211 3170 3511 3227 Catholicis
3532 3173 3724 3241 episto-

2162 3258 2229 3313 lis
2265 3259 2690 3326 interpretatur:
2722 3275 2785 3314 ac
2821 3261 3035 3315 demum
3072 3263 3124 3315 in
3151 3263 3326 3318 allatis
3377 3266 3561 3320 verbis
3602 3279 3730 3333 opus

2160 3349 2480 3419 publicatum
2534 3350 2677 3405 illam
2714 3363 3006 3423 nuncupat.
3047 3354 3184 3421 Quid
3241 3364 3424 3409 autem
3479 3356 3726 3410 librorum

2161 3440 2546 3510 publicatorum
2573 3442 2830 3498 vocabulo
2870 3445 3132 3515 designet,
3160 3445 3466 3515 intelligere
3503 3447 3628 3501 licet
3668 3459 3730 3499 ex

2163 3532 2230 3587 iis
2275 3548 2392 3601 quae
2455 3534 2502 3587 is
2552 3534 2777 3588 dictavit
2840 3536 2896 3589 in
2936 3538 3338 3593 commentariis
3364 3541 3424 3592 in
3473 3542 3621 3603 Acta,
3667 3538 3730 3590 ad

2162 3638 2304 3676 vers.
2359 3621 2427 3676 '59
2457 3625 2646 3693 capitis
2678 3640 2796 3678 vni.
2849 3626 2925 3680 Ibi
2971 3627 3113 3680 enim
3150 3638 3439 3696 postquam
3468 3629 3729 3683 Enochum

2166 3713 2482 3767 translatum
2530 3715 2694 3771 fuisse
2732 3717 2889 3783 dixit,
2944 3718 2994 3772 id
3039 3729 3122 3773 est
3169 3736 3237 3774 ex
3279 3721 3403 3774 loco
3465 3721 3517 3775 in
3565 3719 3731 3774 locum

2165 3806 2423 3870 delatum,
2473 3806 2745 3875 subjungit
2809 3824 2824 3861 :
2882 3806 3143 3872 Quoniam
3175 3826 3290 3862 vero
3322 3810 3381 3861 ὲν
3430 3812 3553 3873 ταῖς
3596 3808 3735 3878 δεδη-

2169 3897 2551 3968 μοσιευμέναις
2581 3896 2804 3967 βίϐλοις,
2844 3900 2894 3953 id
2928 3909 3030 3965 est,
3062 3901 3115 3953 in
3146 3900 3290 3953 libris
3312 3899 3611 3967 publicatis,
3636 3914 3733 3953 non

2169 3991 2479 4057 exprimitur
2517 4005 2619 4059 quo
2647 3989 2688 4042 is
2715 3991 3042 4057 pervenerit;
3094 3991 3147 4041 in
3176 3990 3487 4059 apocrypltis
3528 3988 3732 4051 dicitur,

2168 4098 2284 4136 eam
2340 4084 2393 4134 in
2435 4082 2743 4150 paradisum
2800 4080 3110 4133 translatum
3139 4096 3270 4134 esse.

2240 4173 2378 4238 Quid
2409 4182 2586 4226 autem
2619 4172 2723 4227 sibi
2777 4172 2900 4226 velit
2947 4172 3223 4242 Didymus,
3275 4186 3399 4225 cum
3449 4186 3567 4226 eam
3615 4166 3732 4237 Epi-

2172 4264 2364 4317 stolam
2419 4262 2671 4331 falsatum
2702 4277 2821 4316 esse
2855 4260 3084 4315 alIit'mat
3111 4301 3125 4326 ,
3171 4261 3380 4315 nescire
3429 4278 3518 4317 me
3553 4246 3727 4313 fatéor.

2174 4357 2478 4426 Exprobrat
2508 4357 2721 4424 quidem
2763 4357 2876 4425 ipse
2910 4355 3179 4410 haereticis
3219 4356 3356 4410 libro
3419 4370 3461 4409 II
3510 4354 3584 4407 De
3623 4349 3732 4404 Tri-

2177 4449 2359 4513 nitate,
2412 4448 2555 4515 quod
2595 4445 2747 4515 plura
2795 4445 3088 4515 Scriptura:
3126 4445 3245 4500 loca
3286 4445 3605 4515 depravare,
3644 4453 3732 4494 seu

497 4549 853 4605 contrarium.
900 4547 1037 4603 Nam
1096 4556 1151 4603 et
1201 4556 1420 4602 sanctos
1472 4543 1686 4600 Veteris
1740 4543 2069 4601 Testamenti
2100 4559 2149 4617 ι)
2179 4540 2376 4607 falsare
2402 4539 2580 4591 conati
2615 4538 2758 4603 sint;
2801 4538 2930 4606 quin
2960 4538 3123 4591 etiam
3156 4536 3486 4604 exemplaria
3524 4535 3601 4589 sic
3628 4531 3728 4601 {al-

498 4642 686 4695 Iaudat
715 4640 769 4692 in
804 4639 1056 4694 omnibus
1096 4638 1187 4707 qui
1238 4644 1454 4692 exstant
1502 4635 1688 4699 libris;
1745 4644 1799 4689 et
1852 4649 2066 4690 omnem

499 4732 675 4801 quoad
708 4732 810 4786 hoc
844 4729 1235 4785 dubitationem
1268 4729 1458 4784 tollunt
1498 4743 1618 4797 qua:
1655 4728 1707 4781 in
1757 4726 2068 4780 Enarratio-

500 4824 651 4877 nibus
680 4822 748 4877 ad
777 4830 938 4890 caput
972 4837 987 4874 I
1015 4820 1266 4889 Epistulae
1297 4819 1317 4873 Ι
1345 4819 1492 4874 Petri
1542 4818 1765 4874 disserit
1811 4819 1926 4886 ipse
1979 4818 2067 4872 Di-

501 4914 693 4982 dymus
722 4911 790 4965 de
813 4909 1014 4981 duplici
1049 4908 1252 4964 Christi
1295 4914 1549 4976 adventu,
1588 4907 1830 4963 sensibili
1876 4906 2069 4971 altera,

502 5004 674 5058 altero
705 5000 1049 5070 intelligibili,
1092 4999 1245 5068 cujus
1273 5000 1564 5069 participes
1594 4998 1761 5053 fuisse
1794 4996 1955 5068 [LIX]
1996 4996 2071 5050 ait

501 5108 723 5150 sanctos
753 5090 972 5147 Veteris
1003 5091 1359 5146 Testamenti.
1393 5090 1599 5156 Quibus
1629 5089 1825 5143 similia
1854 5087 1990 5141 libro
2013 5103 2072 5141 tu

506 5187 581 5240 De
624 5185 773 5240 Trin.
808 5199 931 5253 cap.
960 5183 1054 5248 28,
1087 5182 1331 5249 dictavit,
1386 5198 1507 5252 pag.
1544 5182 1669 5237 5η.
1733 5181 1886 5246 Quod
1942 5194 2073 5233 vero

504 5275 782 5347 subiungit
809 5275 1087 5346 Didymus,
1127 5290 1219 5341 per
1262 5273 1462 5328 Christi
1503 5273 1779 5326 adventum
1826 5272 1967 5325 sicut
2005 5269 2071 5323 ab

506 5372 625 5425 aliis
655 5370 826 5436 rebus,
861 5370 936 5423 sic
965 5387 997 5423 a
1030 5370 1226 5438 nuptiis
1260 5366 1495 5422 ablatum
1539 5384 1647 5421 esse
1682 5376 1971 5437 peccatum,
2022 5365 2075 5419 id

505 5476 720 5533 quoque
765 5463 831 5516 de
870 5471 1095 5530 peccato
1163 5459 1410 5528 originali
1464 5459 1866 5527 intelligendum
1920 5468 2071 5526 puto.

510 5556 730 5608 Demum
767 5567 891 5622 qua:
922 5551 1070 5607 addit
1098 5555 1162 5606 de
1190 5549 1580 5606 honorabilibus
1609 5549 1821 5617 nuptiis,
1870 5563 1976 5602 non
2011 5562 2076 5602 eo

509 5654 776 5712 spectant,
813 5653 872 5700 ut
901 5630 1100 5713 nupti‘aa
1138 5644 1191 5696 in
1224 5641 1405 5695 Veteri
1455 5639 1805 5695 Testamento
1848 5639 2077 5691 honora-

486 5734 637 5789 .biles
678 5748 800 5789 esse
841 5750 944 5790 non
977 5742 1218 5803 possent,
1250 5731 1351 5785 etsi
1384 5732 1617 5785 nondum
1656 5731 1719 5785 ad
1756 5728 2077 5784 sacramenti

512 5825 823 5895 dignitatem
855 5834 1085 5894 evectas;
1126 5823 1468 5880 honorabiles
1513 5822 1654 5879 enim
1706 5822 1879 5892 reipsa
1926 5820 2079 5876 fuere

2173 4639 2291 4684 sata
2319 4631 2370 4683 in
2401 4626 2836 4683 Orthodoxorum
2880 4642 3070 4682 manus
3104 4629 3316 4682 venisse
3357 4626 3729 4695 conqueritur;

2173 4737 2439 4790 nusquam
2468 4730 2644 4773 tamen
2679 4729 2768 4773 aut
2797 4720 2931 4788 ipse,
2958 4728 3049 4772 aut
3076 4717 3213 4772 ullus
3245 4717 3384 4771 alius
3411 4733 3443 4771 e
3470 4713 3732 4771 veteribus

2172 4811 2424 4866 Patribus
2456 4811 2694 4880 scripsit,
2724 4809 3039 4867 .Ecclesiam
3077 4810 3304 4863 sinceris
3331 4808 3726 4878 Scripturarum

2172 4902 2571 4971 exemplaribus
2628 4901 2939 4954 destitutam
2982 4899 3182 4953 luisse.
3237 4897 3509 4952 Credibile
3556 4896 3728 4961 itaque

2174 5005 2281 5045 non
2315 4990 2542 5054 videtur,
2571 4990 2710 5042 hanc
2744 5001 2863 5041 esse
2886 4986 3095 5057 Didymi
3135 4996 3394 5050 mentem,
3430 4993 3487 5038 ut
3509 4980 3726 5053 genuina

2173 5082 2422 5138 secundat
2457 5081 2601 5135 Petri
2639 5079 2878 5150 epistolae
2926 5080 3252 5150 exemplaria
3293 5079 3489 5132 amissa
3524 5072 3645 5130 velit
3670 5072 3732 5123 ab

2174 5174 2435 5228 Ecclesia.
2468 5175 2539 5226 At
2583 5173 2628 5226 si
2674 5172 2725 5225 id
2779 5172 2954 5240 reipsa
2990 5170 3266 5235 voluisset,
3314 5169 3545 5224 absurda
3586 5163 3731 5234 plane

2175 5273 2317 5318 esset
2350 5262 2493 5317 illius
2527 5262 2816 5316 sententia.

2175 5375 2304 5430 CAP.
2334 5374 2500 5431 XVII.
2540 5374 2617 5427 De
2645 5373 2859 5444 Didymi
2904 5373 3050 5443 fanw
3092 5382 3204 5439 post
3244 5371 3439 5426 obitum
3467 5366 3613 5423 ualde
3649 5360 3733 5416 ob-

2844 5457 3073 5497 scurata.

2249 5533 2394 5590 Satis
2428 5535 2538 5604 jam
2583 5549 2645 5589 ea
2693 5548 2812 5605 quae
2854 5535 2906 5588 in
2966 5532 3178 5604 Didymi
3223 5531 3441 5601 scriptis
3473 5537 3562 5582 aut
3599 5524 3731 5595 iure,

2177 5638 2271 5683 aut
2298 5630 2495 5698 injuria
2542 5631 2869 5698 reprehensa
2900 5628 3075 5693 fuere,
3111 5627 3375 5696 persecuti
3404 5635 3605 5679 sumus.
3631 5616 3729 5670 Su-

2178 5733 2360 5788 perest
2391 5736 2535 5775 nunc
2580 5732 2810 5787 tantum,
2849 5731 2906 5775 ut
2952 5721 3019 5776 de
3062 5721 3206 5774 illius
3244 5715 3636 5773 existimatione
3672 5720 3730 5760 ac

2181 5813 2324 5868 fama
2354 5828 2695 5885 summopere
2738 5825 2858 5885 post
2901 5812 3107 5869 obitum
3137 5812 3425 5869 obscurata
3466 5807 3723 5864 dicamus;
