4004 6416
275 432 383 491 SB

1498 448 2067 506 COMMENTARIUS.
2109 480 2175 498 -η
2216 450 2346 505 LIB.
2390 450 2455 505 II.

3503 455 3611 513 214

286 551 473 625 ipsum
522 558 697 612 enim
757 576 798 615 ι
860 561 1121 631 pluribus
1160 564 1467 618 damnatum
1517 575 1678 633 atque
1723 565 1942 619 anathe-
1967 571 2015 627 Α
2049 565 2219 619 trario
2243 565 2392 619 illum
2448 576 2773 633 magnopere
2817 561 3284 617 commendarunt.
3323 562 3407 616 llI.
3439 563 3492 619 In
3516 581 3579 634 sy

300 656 449 702 male
476 651 837 719 perculsum
880 656 1057 710 fuisse
1084 666 1199 725 post
1217 656 1460 725 quintum
1500 655 1750 709 Ecclesia:
1775 670 1944 710 saecu-

309 738 449 803 lum,
485 758 663 797 nemo
710 746 957 801 nescius
982 756 1088 801 est.
1136 746 1239 801 Sed
1281 762 1403 801 cum
1438 746 1742 815 hujusmodi
1781 762 1942 817 argu-

329 845 568 887 mentum
619 844 683 889 et
725 839 1154 903 controversim,
1205 850 1259 893 et
1296 838 1518 907 periculi
1572 838 1784 905 plenum
1826 851 1947 892 esse

343 929 586 992 videam,
630 944 701 985 ac
764 947 932 987 meas
982 934 1200 1003 insuper
1240 933 1385 988 vires
1436 933 1487 986 ei
1541 947 1638 1002 pro
1687 932 1946 1002 dignitate

340 1023 629 1093 {tractando
679 1023 938 1094 impares
973 1039 1094 1079 esse
1136 1040 1445 1093 agnoscam,
1496 1024 1625 1079 nihil
1674 1025 1817 1079 aliud
1858 1024 1944 1078 fa-

348 1106 525 1178 iciam,
546 1114 639 1166 nisi
670 1114 949 1182 breviter,
977 1116 1069 1168 sed
1093 1116 1303 1169 sincere
1327 1116 1586 1185 attingam
1610 1130 1946 1185 quaecunque

385 1219 492 1256 cum
516 1205 772 1258 adversus
821 1205 1126 1275 Didymum,
1162 1214 1274 1258 tum
1312 1219 1409 1274 pro
1442 1204 1531 1258 illo
1561 1202 1744 1259 ail'erri
1779 1219 1942 1274 posse

382 1296 644 1360 existimo;
680 1306 743 1351 ut
768 1297 1026 1351 omnibus
1056 1297 1194 1350 inter
1223 1311 1282 1350 se
1324 1295 1532 1351 collatis
1571 1295 1833 1366 judicium
1870 1295 1947 1350 Ie-

379 1397 491 1440 ctor
514 1386 656 1441 ferre
693 1397 881 1456 queat.
917 1388 1183 1443 Exordior
1211 1395 1388 1442 autem
1433 1402 1463 1441 a
1498 1388 1705 1457 primis,
1738 1388 1838 1441 hoc
1864 1395 1949 1441 est

376 1478 445 1530 ab
483 1478 562 1541 iis,
590 1492 713 1548 qua:
747 1479 948 1534 bonam
999 1479 1209 1551 Didymi
1252 1480 1707 1535 existimationem
1760 1478 1949 1554 obscu-

375 1579 581 1624 rarunt.

446 1660 586 1733 [LX]
620 1660 936 1733 Quanquam
981 1663 1035 1718 in
1065 1663 1212 1719 hisce
1242 1661 1414 1719 fusius
1441 1661 1806 1718 describendis
1852 1661 1949 1715 im-

374 1754 577 1806 morari
606 1768 830 1808 necesse
877 1769 981 1809 non
1018 1764 1121 1820 est,
1149 1770 1272 1809 cum
1310 1764 1365 1808 et
1391 1753 1549 1823 vulgo
1582 1763 1706 1808 nota
1738 1753 1865 1818 sint,
1894 1761 1949 1807 et

376 1846 627 1914 superius
649 1861 680 1899 ιι
711 1846 865 1901 nobis
900 1848 1157 1913 indicata,
1202 1857 1256 1902 et
1284 1847 1459 1901 fusius
1509 1847 1560 1900 in
1612 1844 1948 1899 Testimoniis

377 1947 605 1990 sclerum
636 1953 665 1991 a
698 1953 782 1991 me
809 1938 1050 1994 collectis
1076 1938 1319 2007 exposita
1356 1937 1460 2007 legi
1483 1946 1705 2008 queant.
1737 1936 1816 1990 Ad
1838 1936 1946 1991 duo
1978 1922 2021 1981 Β

377 2039 559 2082 autem
612 2030 726 2084 haec
772 2031 947 2097 capita
995 2041 1321 2085 revocantur
1362 2029 1634 2083 universa.
1688 2028 1730 2082 I.
1793 2026 1948 2095 Quod

377 2120 665 2191 Didymum
723 2120 1082 2193 Hieronymus
1151 2122 1427 2193 perversis
1498 2120 1948 2192 Origenianorum

379 2211 666 2267 sententiis
717 2211 972 2267 infectum
1041 2213 1208 2269 fuisse
1259 2211 1628 2268 allirmaverit.
1681 2212 1742 2266 II.
1797 2210 1949 2277 Quod

378 2304 589 2358 etiamsi
625 2304 679 2357 in
724 2304 874 2358 Actis
909 2304 1110 2374 quintae
1148 2304 1499 2360 aecumeuicae
1539 2304 1731 2374 synodi
1781 2303 1949 2373 Didy-

381 2410 530 2449 mum
581 2409 651 2449 ne
696 2395 860 2448 semel
907 2396 1122 2464 quidem
1159 2405 1514 2451 memoratum
1566 2395 1829 2465 legamus,
1870 2405 1951 2449 ta-

380 2499 503 2538 men
543 2486 613 2539 ab
642 2485 733 2539 illa
773 2488 978 2556 synodo
1010 2497 1105 2541 aut
1134 2487 1333 2556 ipsum,
1366 2496 1459 2541 aut
1485 2487 1732 2558 dogmata
1763 2502 1882 2557 quae
1904 2488 1950 2543 is

379 2585 723 2645 sequeretur,
751 2578 1002 2632 damnata
1048 2577 1214 2634 fuisse
1242 2579 1461 2650 plurimi
1498 2580 1947 2647 asseveraverint,

380 2669 663 2737 ipsumque
691 2669 901 2738 ipsimet
944 2671 1271 2738 damnarint,
1319 2686 1513 2741 nempe
1550 2671 1781 2745 Cyrillus
1819 2673 1952 2744 Sey-

382 2761 765 2827 th0politanus,
826 2760 1086 2833 Evagrius
1142 2763 1536 2831 Scholasticus,
1588 2765 1646 2822 S.
1706 2764 1950 2835 Sophro-

380 2849 524 2913 nias,
568 2850 847 2907 Heraclius
895 2854 1206 2924 imperator,
1275 2855 1515 2926 synodus
1572 2854 1953 2911 Lateranensis

378 2943 482 2997 sub
514 2941 793 2999 Martiuol
833 2944 1029 3011 habita,
1073 2946 1132 3001 S.
1177 2947 1499 3002 Anastasius
1533 2945 1763 3014 Siuaita,
1790 2963 1954 3019 syno-

378 3034 483 3087 dus
510 3043 668 3088 sexta
712 3037 1001 3105 generalis,
1033 3037 1416 3094 Constantinus
1447 3038 1752 3108 Pogonatus
1792 3040 1955 3108 impe-

380 3137 564 3191 rator,
628 3127 734 3182 Leo
785 3128 826 3183 II
882 3145 1053 3199 papa,
1113 3132 1349 3203 synodus
1407 3133 1758 3203 quinisexta,
1814 3131 1954 3188 liber

384 3220 622 3274 Diurnus
671 3220 1032 3276 Romanorum
1078 3222 1423 3291 Pontiﬁcum,
1477 3224 1793 3279 Theodorus
1852 3238 1951 3293 pa-

384 3309 624 3363 triarcha
655 3309 1121 3383 lerosolymitanus
1146 3354 1161 3374 .
1194 3313 1448 3370 Tarasius
1477 3316 1783 3386 patriarcha
1807 3314 1950 3370 Con-

381 3403 928 3472 slantiuopolitanus,
979 3407 1217 3477 synodus
1269 3409 1497 3478 septima
1550 3407 1842 3478 generalis,
1892 3406 1951 3461 S.

382 3491 718 3562 Nioepborus
771 3496 1081 3565 patriarcha
1131 3495 1786 3567 Constantinopolitanus,
1838 3494 1957 3549 alii-

385 3598 493 3652 que
516 3586 775 3642 nonnulli.
828 3584 933 3642 Nec
984 3588 1126 3642 enim
1173 3588 1413 3658 singulos
1458 3589 1525 3643 ad
1565 3603 1726 3641 unum
1764 3600 1955 3641 nume-

392 3687 515 3727 rare
556 3690 776 3731 necesse
825 3678 927 3741 est,
976 3693 1097 3731 cum
1137 3679 1446 3749 plerosque,
1478 3688 1641 3747 atque
1669 3678 1805 3733 adeo
1839 3676 1957 3731 illos

392 3779 607 3828 omnes,
664 3781 888 3835 quorum
960 3783 1150 3839 magna
1216 3779 1300 3825 est
1368 3772 1700 3837 auctoritas,
1778 3767 1956 3823 nomi-

386 3857 583 3911 narim.
964 3920 970 3927 ε

458 3947 588 4014 Quae
612 3960 785 4005 autem
818 3966 914 4020 pro
943 3952 1169 4025 Didymo
1196 3953 1374 4010 aii'erri
1403 3970 1562 4026 posse
1587 3973 1805 4023 censeo,
1844 3962 1959 4017 haec

384 4041 724 4111 p0tissimum
746 4055 891 4100 sunt.
920 4044 960 4099 I.
1003 4045 1260 4112 Quamvis
1287 4046 1646 4120 Hieronymus
1671 4051 1957 4123 Didymum

384 4144 444 4186 ut
474 4130 829 4203 Origenistam
880 4137 933 4191 in
982 4139 1135 4193 libris
1179 4140 1424 4195 adversus
1465 4141 1720 4211 Ruﬁnum
1754 4145 1959 4215 aliquot

384 4235 513 4293 post
541 4228 707 4295 ipsius
748 4228 956 4300 Didymi
991 4232 1195 4287 obitum
1240 4248 1414 4289 annos
1456 4236 1675 4304 scriptis
1706 4238 1960 4293 traduxe-

388 4317 492 4381 rit;
530 4326 706 4373 tamen
740 4329 793 4374 et
826 4321 973 4375 illum
1015 4333 1174 4377 antea
1219 4340 1431 4394 semper
1458 4328 1955 4395 commendaverat,

385 4418 444 4463 et
470 4411 715 4464 eumdem
739 4422 917 4483 utpote
947 4413 1001 4467 in
1034 4414 1287 4471 Ecclesia;
1340 4431 1474 4484 pace
1503 4426 1558 4471 et
1581 4421 1961 4476 communione

382 4500 496 4570 jam
531 4502 893 4567 demortuum,
944 4516 1179 4560 sanctum
1222 4506 1509 4578 Didymum
1566 4510 1855 4579 appellavit
1902 4512 1956 4566 in

385 4593 616 4687 epistola
651 4593 753 4687 7i,
766 4595 834 4647 ad
855 4593 1154 4650 Lacinium.
1179 4596 1313 4651 Novi
1339 4600 1586 4669 equidem
1617 4601 1956 4668 vocabulum,
1990 4631 2034 4687 Β

384 4684 580 4749 sancti,
631 4699 660 4737 a
710 4684 1005 4740 Veronensi
1055 4686 1260 4743 editore
1306 4688 1379 4743 ibi
1424 4700 1750 4759 expunctum
1790 4706 1954 4749 esse:

387 4776 483 4831 sed
512 4791 633 4829 cum
667 4775 795 4831 illud
843 4779 975 4832 etin
1015 4788 1227 4835 vetusto
1263 4782 1613 4837 membraneo
1652 4784 1837 4839 codice
1877 4785 1962 4839 bi-

386 4865 673 4920 bliotheca:
716 4876 912 4921 nostra:
943 4866 1296 4926 Bononiensis
1343 4872 1601 4941 epistolas
1641 4871 1957 4946 Hieronymi

390 4956 700 5012 continente
745 4959 858 5028 ipse
899 4958 1144 5027 legerim,
1178 4971 1232 5016 et
1266 4963 1323 5016 in
1361 4963 1599 5033 antiquis
1624 4964 1744 5019 aliis
1786 4981 1958 5020 mem-

392 5044 596 5113 branis,
645 5058 701 5101 et
744 5062 872 5105 vero
920 5052 974 5103 in
1033 5050 1311 5121 impressis
1358 5055 1522 5109 etiam
1560 5056 1960 5126 exemplaribus

395 5135 495 5204 legi
522 5148 766 5206 constet;
808 5140 1030 5208 proinde
1076 5144 1412 5199 retinendum
1438 5160 1561 5201 esse
1608 5162 1716 5200 non
1748 5149 1954 5206 dubito.

394 5223 507 5281 Huc
532 5229 739 5283 accedit
767 5232 911 5299 quod
940 5229 1300 5303 Hieronymus
1333 5235 1449 5305 ipse
1471 5234 1684 5307 Didymi
1720 5239 1957 5294 amicum

387 5334 449 5375 se
474 5320 639 5376 fuisse
677 5324 942 5392 gloriatus
984 5324 1056 5379 sit
1084 5325 1328 5394 pluribus
1370 5328 1530 5383 annis
1559 5340 1842 5399 postquam
1897 5331 1961 5386 li-

385 5412 513 5464 bros
548 5412 601 5465 in
655 5411 906 5482 Ruﬁnum
952 5415 1317 5485 evulgaverat,
1366 5428 1427 5472 ut
1460 5419 1705 5488 superius
1756 5420 1959 5474 dictum

383 5512 491 5557 est.
526 5503 600 5555 Ex
631 5505 830 5574 quibus
857 5507 1111 5561 omnibus
1142 5507 1271 5562 illud
1308 5510 1678 5577 consequitur,
1712 5519 1770 5564 ut
1803 5512 1962 5582 Didy-

386 5593 460 5647 mi
487 5598 802 5651 memoriam
850 5598 1007 5666 quasi
1052 5596 1369 5654 heterodoxi
1401 5599 1754 5670 damnatique
1790 5602 1962 5656 homi-

384 5684 469 5740 nis
498 5697 782 5743 aversatus
808 5703 919 5743 non
949 5689 1043 5743 sit.
1070 5688 1133 5743 ll.
1166 5690 1454 5762 Didymum
1498 5692 1677 5747 nullus
1724 5707 1960 5761 unquam

378 5776 512 5835 alius
563 5780 807 5851 scriptor
848 5788 911 5833 nt
958 5779 1345 5836 belcrodoxum
1396 5782 1635 5836 traduxit
1674 5798 1845 5852 usque
1897 5782 1962 5835 ad

373 5882 578 5931 sextum
607 5872 904 5938 sacculum,
935 5875 1082 5940 quod
1114 5875 1281 5931 sciam
1319 5896 1328 5931 :
1376 5875 1507 5946 quin
1558 5875 1712 5931 multi
1762 5890 1794 5931 c
1836 5890 1964 5933 con-

2050 658 2193 712 nodo
2260 656 2520 710 Nitrieusi
2572 656 2638 709 ad
2700 653 3161 708 condemnandum
3217 653 3613 725 Origenismum

2044 751 2143 803 sub
2190 747 2489 817 Theophila
2542 745 2908 801 Alexandrino
2949 746 3204 814 episcopo
3248 756 3368 815 post
3406 746 3613 818 Didymi

2043 841 2251 896 obitum
2294 848 2637 908 congregata,
2674 835 2923 907 quamvis
2963 836 3145 904 plures
3169 836 3488 905 Origenista:
3515 853 3616 892 no-

2044 924 2286 984 minatim
2316 929 2553 982 damnati
2581 929 2710 993 sint,
2757 927 2901 983 nulla
2945 936 3123 981 tamen
3176 927 3382 997 Didymi
3415 929 3620 984 mentio

2043 1021 2185 1077 facta
2209 1030 2313 1075 est.
2341 1020 2526 1090 Itaque
2554 1018 2819 1087 suspicari
2860 1018 3127 1087 quispiam
3165 1016 3388 1073 forsitan
3422 1027 3617 1088 potest,

2044 1122 2139 1167 aut
2160 1112 2339 1182 aliqua
2365 1111 2574 1183 Didymi
2603 1112 2804 1181 scripta
2833 1111 3177 1181 postmodum
3202 1111 3270 1165 ab
3297 1109 3621 1178 Origenistis

2045 1212 2294 1270 corrupta
2330 1201 2516 1267 fuisse,
2557 1212 2652 1256 aut
2705 1201 3105 1271 supposititium
3155 1199 3392 1270 aliquem
3451 1200 3619 1253 fetant

2045 1294 2146 1348 sub
2176 1292 2294 1362 ejus
2325 1294 2539 1348 nomine
2570 1293 2638 1347 ab
2687 1293 2877 1347 iisdem
2931 1293 3234 1363 evulgatum
3285 1292 3438 1346 bonas
3480 1291 3620 1346 illius

2044 1384 2430 1440 existimationi
2463 1384 2751 1453 plurimum
2789 1384 3058 1439 nocuisse.
3088 1383 3176 1438 IV.
3206 1381 3263 1437 In
3296 1385 3432 1437 actis
3462 1384 3622 1452 quin-

2048 1487 2117 1531 ta:
2138 1477 2327 1547 synodi
2358 1476 2568 1545 Didymi
2617 1490 2810 1530 nomen
2854 1490 3119 1546 nusquam
3149 1484 3347 1539 exstat,
3396 1488 3452 1528 ut
3485 1473 3618 1527 dixi.

2047 1569 2115 1624 ν.
2172 1568 2253 1624 Ne
2309 1568 2649 1624 Justinianns
2714 1568 2931 1637 quidem
2987 1569 3282 1637 imperator
3334 1566 3621 1636 Didymum

2050 1676 2285 1731 unquam
2316 1661 2558 1715 nominat
2597 1660 2648 1714 in
2677 1660 2785 1714 ullo
2813 1675 2844 1715 e
2876 1661 3115 1728 scriptis,
3140 1675 3258 1729 qua:
3283 1669 3469 1714 contra
3499 1658 3624 1714 Ori-

2049 1768 2240 1823 genem
2272 1753 2460 1807 edidit.
2506 1751 2594 1806 Vl.
2635 1751 2848 1807 Nullum
2890 1759 3069 1807 exstat
3118 1755 3396 1820 antiquum
3439 1765 3625 1804 monu-

2050 1856 2316 1910 mentum,
2349 1845 2490 1915 quod
2519 1861 2616 1900 nos
2646 1847 2856 1910 doceat,
2882 1847 3224 1914 quandonam
3259 1843 3466 1913 Didymi
3494 1856 3623 1911 ope-

2050 1952 2108 1990 ra
2137 1947 2411 2000 accurate,
2460 1944 2518 1990 υῑ
2575 1951 2674 2003 par
2737 1947 2841 2001 CSI,

2050 2028 2189 2095 sint;
2222 2027 2424 2081 nullum
2457 2028 2607 2091 item,
2651 2027 2705 2081 in
2733 2041 2841 2096 quo
2883 2026 2972 2080 illa
3020 2026 3226 2096 Didymi
3259 2038 3420 2094 opera
3449 2024 3625 2077 nomi-

2049 2129 2267 2185 nentur,
2301 2135 2422 2191 quaa
2464 2119 2909 2175 condemnatione
2956 2119 3115 2189 digna
3148 2117 3455 2172 existimata
3508 2118 3622 2170 sint

2051 2220 2144 2265 aut
2171 2210 2441 2266 declarata
2469 2226 2498 2264 a
2524 2212 2716 2281 quinta
2758 2210 2984 2281 synodo.
3023 2209 3098 2262 Ex
3118 2222 3238 2287 .quo
3272 2208 3537 2276 sequitur,
3566 2216 3626 2260 ut

2050 2303 2313 2371 suspicari
2346 2303 2518 2371 possit
2570 2302 2769 2371 aliquis
2826 2300 3036 2372 Didymi
3087 2298 3361 2363 defensor,
3398 2312 3492 2352 eos
3530 2299 3623 2367 qui

2052 2395 2228 2466 ipsum
2261 2409 2292 2449 a
2339 2394 2530 2464 quinta
2577 2395 2784 2464 synodo
2813 2393 3229 2447 condemnatum
3280 2387 3449 2445 fuisse
3478 2387 3626 2443 aiﬁr-

2050 2493 2288 2549 marunt,
2334 2499 2439 2540 non
2472 2485 2595 2540 ideo
2623 2485 2703 2540 sic
2743 2484 2954 2538 locutos
2994 2497 3136 2547 esse,
3176 2482 3319 2552 quod
3363 2495 3485 2535 eum
3528 2495 3626 2533 no-

2051 2577 2295 2631 minatim
2334 2577 2645 2630 damnatum
2700 2575 3063 2636 crediderint,
3110 2574 3204 2628 sed
3245 2573 3389 2643 quod
3438 2571 3619 2640 impli-

2052 2668 2161 2724 cite
2188 2668 2365 2738 ipsum
2411 2683 2648 2738 quoque,
2680 2678 2773 2724 aut
2805 2669 2996 2723 saltem
3045 2666 3221 2737 aliqua
3273 2665 3417 2720 illius
3460 2679 3627 2734 opera

2051 2761 2355 2830 proscripta
2403 2770 2530 2814 tunc
2576 2758 2742 2814 fuisse
2774 2757 3085 2813 censuerint
3114 2772 3144 2810 a
3177 2755 3362 2824 quinta
3391 2755 3622 2826 synodo,

2053 2867 2175 2907 cum
2229 2852 2345 2907 haec
2413 2850 2704 2923 Origenem
2760 2851 2981 2920 ejusque
3038 2863 3254 2905 errores
3302 2848 3625 2903 damnavit:

2052 2953 2336 3015 propterea
2380 2943 2587 2998 scilicet
2641 2944 2785 3012 quod
2836 2956 3046 2996 canone
3074 2954 3129 2994 χι
3191 2939 3457 2994 addiderit
3513 2937 3631 2991 hac

2055 3037 2258 3089 verba:
2308 3031 2377 3086 Et
2422 3049 2508 3089 eos
2555 3034 2643 3098 qui
2689 3029 2886 3086 similia
2931 3029 3201 3098 prwdictis
3246 3026 3505 3082 haereticis
3541 3040 3631 3078 sa-

2054 3135 2275 3195 puerunt
2302 3164 2318 3191 ,
2362 3133 2412 3179 et
2443 3125 2676 3191 sapiunt.
2730 3121 2841 3177 VII.
2874 3120 3208 3176 Justinianus
3251 3119 3546 3189 imperator
3575 3116 3629 3168 in

2056 3216 2280 3286 epistola
2309 3230 2479 3283 nuper
2506 3229 2538 3268 a
2566 3213 2683 3268 viro
2704 3213 2917 3268 clariss.
2948 3211 3213 3266 Bandinio
3232 3207 3500 3279 evulg‘ata,
3528 3209 3632 3261 lue-

2056 3325 2228 3363 resum
2260 3307 2475 3379 quidem
2527 3315 2766 3360 auctores
2814 3304 3157 3359 anathemate
3189 3299 3509 3355 nominatim
3560 3299 3634 3354 fe-

2058 3403 2273 3455 riendos
2317 3414 2438 3455 esse
2475 3400 2586 3466 ait;
2639 3398 2759 3452 illos
2791 3411 2920 3452 vero
2950 3396 3041 3466 qui
3095 3395 3356 3449 hteresum
3389 3401 3631 3446 auctores

2055 3493 2219 3546 secuti
2247 3501 2392 3554 sunt,
2425 3503 2717 3560 suppresso
2756 3491 2995 3565 nomine,
3024 3501 3087 3541 ac
3118 3484 3353 3556 generali
3402 3482 3632 3538 formula

2057 3581 2495 3639 condemnandos
2546 3595 2688 3646 esse,
2735 3579 2990 3634 adhibitis
3030 3590 3222 3646 nempe
3266 3575 3353 3629 his
3402 3573 3631 3628 verbis:

2060 3676 2251 3731 Omnes
2279 3690 2480 3746 quoque
2507 3689 2624 3728 cum
2652 3675 2764 3741 ipso
2794 3672 3087 3725 sentientes.
3125 3669 3302 3738 Atque
3330 3669 3405 3722 ita
3443 3680 3636 3721 revera

2058 3782 2117 3823 se
2149 3768 2316 3837 gessit
2355 3767 2542 3835 quinta
2576 3765 2817 3836 synodus
2858 3778 3067 3818 canone
3120 3776 3196 3828 st,
3250 3769 3308 3815 ut
3349 3759 3509 3814 modo
3554 3756 3637 3812 di-

2058 3870 2202 3915 ctum
2233 3867 2333 3915 est.
2375 3857 2688 3914 Verisimile
2726 3857 2909 3926 itaque
2939 3870 3048 3910 non
3100 3855 3335 3917 videtur,
3390 3851 3635 3922 quintam

2058 3953 2228 4024 ipsam
2289 3952 2552 4022 synodum
2620 3948 3087 4019 Constantinopoli
3167 3947 3268 4002 sub
3329 3943 3636 4002 Justiniauo

2060 4044 2326 4109 habitam,
2390 4050 2485 4096 aut
2544 4040 2688 4095 aliud
2753 4037 3407 4108 Constantinopolitanum
3473 4031 3634 4105 [LXI]

2058 4135 2372 4202 concilium,
2428 4135 2572 4204 quod
2630 4132 2809 4203 paulo
2848 4139 2974 4187 ante
3026 4131 3223 4201 ipsam,
3288 4137 3348 4182 ut
3392 4125 3639 4183 nonnulli

2062 4227 2376 4297 opinantur,
2432 4226 2534 4282 sub
2576 4225 2765 4281 eodem
2807 4224 3133 4293 imperatore
3173 4221 3239 4276 ad
3278 4221 3642 4276 condemnan-

2059 4322 2186 4376 dum
2216 4319 2501 4390 Origenem
2533 4326 2891 4374 convocatum
2917 4315 3102 4379 fuerit,
3134 4314 3361 4383 Didymo
3395 4312 3640 4367 nomina-

2061 4412 2155 4466 tim
2197 4413 2485 4467 auathema
2528 4410 2765 4475 dixisse;
2806 4408 2901 4463 sed
2934 4414 3243 4462 contentam
3275 4402 3441 4459 fuisse
3476 4417 3640 4473 syno-

2060 4504 2187 4559 dum
2217 4503 2477 4558 credibile
2493 4510 2577 4556 est
2601 4500 2891 4571 Origenem
2915 4497 3261 4552 anathemate
3288 4493 3586 4565 percellerc
3617 4512 3632 4549 :

2061 4594 2369 4650 Iustiniano
2419 4595 2565 4649 enim
2616 4607 2821 4648 morem
2868 4604 3106 4660 gessere,
3152 4595 3415 4658 quantum
3463 4586 3636 4653 licuit,

2065 4687 2141 4743 illi
2190 4687 2405 4741 Patres.
2473 4682 2605 4739 VIII.
2677 4682 2914 4755 Cyrillus
2973 4679 3472 4752 ScythOpolitanus,
3546 4680 3639 4747 qui

2063 4780 2223 4852 paulo
2257 4789 2377 4851 post
2431 4779 2675 4833 habitum
2723 4777 2973 4845 quintum
3027 4772 3317 4828 concilium
3367 4771 3427 4828 S.
3482 4768 3641 4825 Saba:

2062 4874 2228 4925 vitam
2258 4871 2501 4939 scripsit,
2530 4880 2817 4939 postquam
2860 4868 2912 4921 in
2941 4866 3130 4921 eadem
3162 4865 3320 4931 dixit,
3350 4862 3640 4933 Origenem

2062 4982 2091 5018 a
2124 4965 2314 5034 quinta
2347 4963 2556 5034 synodo
2598 4962 2916 5016 damnatum
2972 4973 3116 5025 esse,
3172 4972 3278 5012 non
3338 4955 3641 5026 subjungit,

2061 5057 2472 5111 condemnatum
2518 5068 2640 5109 esse
2690 5056 2852 5107 etiam
2894 5050 3202 5122 Didymum,
3249 5048 3344 5104 sed
3390 5049 3642 5101 damnata

2060 5146 2228 5201 fuisse
2256 5146 2350 5199 illa
2377 5161 2496 5215 qua:
2533 5146 2596 5199 de
2634 5143 3049 5214 prwexsistentia
3084 5154 3131 5198 et
3181 5142 3510 5198 restitutione
3559 5143 3643 5194 di-

2063 5247 2147 5291 cta
2177 5247 2299 5292 sunt
2347 5255 2381 5291 a
2431 5236 2683 5307 Didymo.
2726 5235 3012 5304 Similique
3056 5236 3216 5290 modo
3266 5233 3504 5289 nonnulli
3549 5232 3641 5285 alii

2062 5329 2226 5386 locuti
2256 5339 2400 5384 sunt.
2431 5327 2522 5382 IX.
2548 5328 2845 5397 Gregorius
2873 5326 3117 5397 Magnus,
3152 5327 3245 5396 qui
3289 5326 3480 5398 synodi
3506 5326 3640 5379 Acta

2062 5438 2174 5493 prae
2200 5421 2449 5476 manibus
2475 5435 2533 5475 se
2562 5420 2817 5487 habuisse
2857 5429 3084 5474 testatur
3115 5419 3207 5473 lib.
3245 5435 3347 5486 xu,
3386 5417 3546 5486 epist.
3585 5416 3640 5479 7,

2067 5519 2169 5572 tria
2203 5525 2409 5571 tantum
2452 5514 2707 5583 capitula,
2754 5525 2809 5568 et
2868 5530 3031 5569 unam
3082 5529 3390 5584 personam,
3450 5525 3643 5580 nempe

2065 5604 2411 5660 Theodorum
2484 5602 2964 5674 Mopsuestenum,
3029 5603 3083 5658 in
3155 5604 3343 5658 eodem
3410 5602 3644 5656 concilio

2067 5698 2321 5751 damnata
2372 5696 2540 5751 fuisse
2587 5696 2776 5750 scribit
2821 5695 2917 5751 Iih.
2980 5710 3019 5749 ιι
3050 5733 3068 5760 ,
3117 5695 3279 5763 epist.
3330 5691 3419 5746 56.
3453 5691 3644 5756 Itaque

2068 5788 2248 5857 ignota
2284 5788 2382 5853 ipsi
2430 5786 2529 5841 fuit
2571 5787 2783 5858 Didymi
2833 5786 3230 5841 condemnatio.
3286 5783 3352 5836 Χ.
3388 5783 3646 5838 Tarasius

2071 5862 2379 5947 patriarcha
2415 5877 3046 5946 Constantiuopolitanus
3095 5876 3146 5929 in
3196 5875 3479 5943 synodica,
3526 5885 3647 5946 qua:

2903 1945 2958 1989 et
3008 1934 3267 1989 canonice
3314 1933 3621 1989 examinata
