4004 6412
446 433 554 492 2ιὸ

1898 435 1986 490 DE
2024 435 2279 490 DIDYMO

3589 433 3700 492 ‘ZlG

447 561 627 606 exstat
662 560 770 608 act.
825 553 858 606 5
887 554 1129 623 septima:
1174 554 1385 624 synodi,
1424 553 1674 621 allirmat,
1725 571 1754 608 a
1808 553 2020 608 Nicazna
2053 561 2098 616 Α
2127 563 2360 622 emptam
2385 565 2508 607 esse
2531 561 2693 620 atque
2723 549 3054 608 absolutam;
3083 547 3139 610 ‘5,
3172 546 3400 611 Menam,
3434 548 3503 600 ad
3536 562 3698 614 quem

449 645 620 714 prima
666 645 872 715 synodo
923 646 1236 700 damnatum
1285 646 1454 700 fuisse
1498 646 1708 708 Arium,
1765 645 2017 708 Aetium,

448 732 790 800 Eunomium,
827 745 972 789 etc.:
1020 745 1255 789 attamen
1293 751 1390 790 nec
1437 736 1646 800 Aetius,
1688 750 1789 790 nec
1836 734 2019 788 Euno-

448 827 590 880 mius
635 841 665 879 a
695 825 929 880 concilio
961 825 1178 881 Nicaano
1221 827 1623 881 commemorati
1656 835 1810 888 sunt;
1842 825 2020 894 impli-

446 918 554 972 cite
577 931 708 988 ergo
745 926 950 970 tantum
996 917 1238 971 damnati
1279 917 1349 971 ab
1393 917 1482 971 illo
1511 917 1616 970 dici
1650 926 1896 986 possunt.
1932 914 2018 970 Si-

447 1009 562 1062 mili
599 1009 759 1064 tuodo
803 1009 939 1063 liber
983 1009 1216 1064 Diurnus
1259 1007 1627 1062 Romanorum
1678 1008 2014 1076 pontificum,

446 1101 686 1171 synodus
739 1099 1190 1170 pseudoseptima,
1247 1114 1312 1153 ac
1363 1097 1589 1152 Photius
1645 1098 1936 1153 Diodorum
1987 1113 2016 1152 a

449 1191 638 1258 quinta
670 1189 876 1261 synodo
902 1189 1212 1244 damnatum
1242 1189 1414 1254 aiunt,
1445 1189 1545 1244 etsi
1588 1186 1853 1243 Diodorus
1889 1203 2019 1243 nus-

448 1296 608 1350 quam
634 1297 662 1334 a
704 1281 894 1350 quinta
929 1280 1132 1352 synodo
1161 1280 1492 1335 nominetur.
1543 1278 1611 1333 Et
1657 1278 2020 1348 Hieronymus

450 1371 771 1440 inepistola
799 1370 865 1424 ad
898 1369 1300 1424 Pammachium
1325 1381 1373 1423 et
1411 1369 1620 1424 Avitum
1659 1369 1727 1424 de
1768 1369 2019 1424 Patribus

452 1461 680 1516 Nicaznis
733 1461 972 1516 scribit:
1027 1459 1272 1515 Latenter
1323 1460 1598 1529 Origenem
1656 1461 1850 1529 fontem
1904 1461 2020 1514 Arii

449 1561 838 1620 percusserunt.
870 1551 1066 1619 Quidni
1096 1568 1226 1622 ergo
1269 1551 1450 1620 plures
1495 1567 1562 1605 ex
1617 1553 1683 1605 iis
1721 1553 1812 1622 qui
1848 1551 2016 1622 Didy-

451 1656 597 1694 tuum
630 1658 657 1694 a
691 1641 876 1710 quinta
907 1640 1112 1711 synodo
1140 1640 1555 1694 condemnatum
1585 1639 1795 1704 dicunt,
1829 1639 1900 1692 ita
1932 1639 2018 1692 in-

453 1730 618 1801 telligi
645 1739 919 1800 poterunt,
951 1740 1009 1785 ut
1039 1730 1294 1799 implicite
1323 1746 1387 1786 ac
1418 1729 1642 1783 latenter
1670 1730 1740 1785 ab
1768 1744 1833 1784 ea
1863 1729 2018 1785 dam-

451 1832 634 1876 natum
662 1822 948 1888 voluerint,
976 1838 1082 1878 non
1103 1837 1234 1878 vero
1263 1821 1535 1892 explicite,
1579 1838 1642 1876 ac
1663 1821 2019 1876 nominatim?

2127 646 2327 714 scripta
2371 655 2455 699 est
2498 642 2725 713 epistola
2777 641 2985 695 adnexa
3023 639 3274 693 tractatui
3319 654 3349 691 a
3389 637 3701 696 Iustiniano

2125 735 2372 789 adversus
2441 733 2716 803 Origenem
2776 732 3002 800 scripto,
3061 731 3260 785 obiisse
3309 739 3434 783 ante
3479 729 3700 783 initium

2126 826 2329 894 quintae
2363 825 2574 896 synodi.
2625 821 2752 876 Htec
2783 831 2960 874 tamen
3007 835 3111 874 non
3145 834 3209 874 eo
3238 819 3514 882 adnotavi,
3557 820 3701 886 quod

2125 931 2399 979 censeam,
2433 914 2724 982 Origenem
2769 912 2822 965 in
2880 911 3069 980 quinta
3121 911 3327 980 synodo
3381 909 3702 963 damnatura

2127 1024 2232 1062 non
2264 1008 2452 1069 fuisse,
2483 1015 2536 1058 et
2563 1019 2770 1058 canone
2798 1019 2879 1066 ιι,
2908 1017 3006 1071 pro
3038 1016 3170 1056 voce
3213 1000 3491 1070 Origenem
3523 1003 3704 1072 legen-

2125 1100 2251 1154 dum
2299 1114 2420 1154 esse
2469 1096 2801 1160 Dioscorum,
2849 1105 2908 1150 ut
2953 1095 3207 1164 opinatur
3236 1092 3570 1160 Halloixius;
3609 1093 3705 1148 sed

2123 1193 2265 1264 quod
2300 1193 2530 1262 probare
2564 1189 2872 1252 videantur,
2899 1187 3182 1258 Didymum
3213 1202 3242 1240 a
3273 1186 3458 1257 quinta
3489 1186 3706 1258 synodo

2123 1283 2457 1341 (ecumenica
2486 1281 2802 1337 damnatum
2835 1293 2940 1334 non
2985 1292 3126 1341 esse,
3159 1277 3275 1343 sed,
3321 1276 3367 1331 si
3410 1276 3704 1331 damnatus

2123 1387 2228 1442 est,
2270 1375 2339 1430 ab
2365 1373 2470 1427 alio
2497 1370 2726 1426 concilio
2754 1370 3069 1424 damnatum
3118 1367 3304 1426 fuisse.
3335 1367 3475 1421 XIV.
3509 1367 3706 1422 Roma-

2125 1480 2223 1520 nos
2267 1463 2556 1520 Pontiﬁces
2605 1458 2881 1532 Vigilium,
2945 1457 3273 1529 Pelagiuml
3320 1468 3377 1514 et
3422 1457 3490 1522 ll,
3525 1472 3588 1512 ac
3641 1458 3700 1514 S.

2124 1558 2443 1627 Gregorium
2488 1554 2738 1623 Magnum
2772 1555 2974 1622 quinta:
3004 1552 3387 1622 synodilgesta
3440 1550 3704 1620 probasse

2123 1651 2388 1705 duntaxat
2441 1648 2618 1716 qu0ad
2670 1647 2832 1700 trium
2882 1645 3240 1714 capitulorum
3295 1645 3702 1698 damnationem

2123 1741 2402 1798 contendit
2433 1739 2665 1794 Fabrius
2696 1737 2750 1790 in
2794 1735 3093 1792 Prodromo
3137 1734 3380 1789 Velitari.
3418 1733 3706 1787 Postremo

2126 1833 2184 1886 ὃ.
2230 1831 2519 1894 Hasimus,
2573 1829 2636 1884 S.
2686 1827 2922 1884 Joannes
2979 1827 3364 1891 Damascenus,
3429 1824 3490 1880 S.
3548 1823 3701 1888 Nico,

450 1913 542 1970 XI.
589 1913 875 1968 Liberatus
909 1914 1169 1970 diaconus
1207 1914 1261 1968 in
1295 1912 1572 1968 Breviario
1602 1929 1721 1983 cap.
1748 1913 1842 1978 25,
1884 1914 2018 1968 Cas-

2128 1922 2452 1978 Theodullus
2477 1919 2903 1983 Aurelianensis,
2930 1918 2987 1973 S.
3017 1918 3254 1972 Thomas
3276 1917 3549 1986 Aquinas,
3581 1913 3701 1967 alii-

451 2005 697 2060 siodorus
723 2005 776 2058 iu
804 2003 1011 2059 Divinis
1053 2003 1360 2059 lectionibus
1387 2019 1505 2073 cap.
1537 2003 1589 2069 l,
1625 2002 1877 2059 Nicolaus
1917 2003 1936 2056 Ι
1965 2005 2017 2058 in

449 2095 668 2161 epistola
726 2095 794 2148 ad
839 2093 1149 2148 Micltaelem
1186 2095 1572 2162 imperatorem,
1618 2094 1924 2150 Eustratius
1965 2095 2017 2149 in

457 2185 581 2239 Vita
636 2187 803 2239 sancti
853 2185 1120 2256 Eutyeltii,
1177 2186 1318 2256 apud
1373 2186 1751 2242 Bollandiauos
1800 2198 1930 2242 tom.
1997 2187 2017 2241 l

449 2277 671 2346 Aprilis,
701 2294 825 2348 pag.
848 2279 974 2347 55‘,
1001 2293 1096 2333 seu
1123 2293 1242 2348 cap.
1273 2279 1329 2345 5,
1354 2295 1502 2334 num.
1536 2279 1625 2345 £9,
1667 2279 1867 2350 aliique
1891 2277 2018 2334 Ori—

449 2383 640 2439 genem
695 2373 910 2440 quidem
949 2387 980 2426 a
1016 2373 1202 2442 quinta
1256 2373 1461 2445 synodo
1489 2372 1804 2428 damnatum
1853 2372 2021 2428 fuisse

451 2462 691 2528 tradunt,
725 2463 1004 2533 Didymum
1032 2479 1160 2518 vero
1191 2479 1296 2518 nou
1329 2465 1628 2520 nominaut.
1663 2464 1776 2520 lmo
1803 2465 2021 2520 Cassio-

451 2555 618 2608 dorus
645 2569 748 2608 uon
777 2553 1136 2611 mediocribus
1162 2557 1334 2626 ipsum
1367 2557 1614 2612 laudibus
1649 2557 2016 2628 prosequitur.

454 2643 567 2698 XII.
612 2648 760 2699 Adeo
787 2647 1017 2702 obscura
1047 2659 1129 2703 est
1167 2649 1280 2703 hac
1316 2649 1380 2702 de
1429 2647 1640 2719 Didymi
1686 2650 2019 2705 condemna-

454 2738 602 2792 tione
635 2737 884 2803 historia,
934 2749 994 2792 ut
1041 2740 1173 2794 nihil
1204 2741 1338 2795 certi
1379 2741 1445 2795 de
1486 2742 1606 2812 ejus
1635 2749 1896 2811 tempore,
1952 2743 2020 2796 de

453 2828 634 2892 modo,
667 2828 736 2883 de
782 2829 1093 2884 auctoribus
1137 2831 1351 2886 deliniri
1401 2847 1559 2901 posse
1591 2831 1881 2886 videatur:
1929 2831 2020 2885 alii

452 2919 600 2972 enim
632 2919 685 2973 in
733 2919 840 2974 line
872 2921 1043 2988 quinti
1090 2921 1327 2990 concilii,
1385 2923 1474 2976 alii
1521 2923 1678 2978 initio
1708 2925 2020 2978 damnatum

453 3010 680 3064 volunt:
736 3011 828 3065 alii
883 3026 987 3067 non
1039 3011 1346 3082 Didymum,
1381 3015 1477 3068 sed
1524 3014 1732 3086 Didymi
1781 3016 2018 3085 scripta:

452 3100 542 3153 alii
579 3115 684 3154 non
715 3117 747 3154 a
791 3103 974 3169 quinta
1003 3101 1228 3171 synodo,
1268 3103 1362 3156 sed
1393 3101 1463 3157 ab
1494 3103 1600 3156 alio
1637 3104 2020 3158 Constantino-

451 3189 692 3260 politano
735 3191 965 3246 concilio
1011 3203 1136 3246 ante
1184 3192 1430 3262 quintam
1478 3194 1739 3264 synodum
1795 3194 2018 3250 habito:

451 3283 537 3336 alii
573 3298 679 3336 non
715 3299 745 3338 a
775 3283 1023 3346 concilio,
1052 3284 1147 3340 sed
1181 3300 1211 3337 a
1236 3283 1544 3340 Justiniano
1569 3286 1684 3356 ipso
1710 3287 2024 3342 damnatum

452 3373 819 3442 suspicantur,
856 3375 950 3444 qui
983 3377 1220 3430 edictum
1268 3392 1423 3431 suum
1469 3393 1498 3431 a
1532 3379 1775 3448 pluribus
1814 3380 2028 3450 episco-

454 3465 553 3532 pis,
584 3465 636 3518 in
667 3467 894 3521 concilio
919 3476 1220 3522 tamennon
1241 3470 1605 3540 congregatis,
1625 3471 2028 3543 subscriptione

455 3557 786 3624 probandum
815 3558 1104 3612 curaverit.
1137 3557 1275 3612 Xlll.
1311 3559 1542 3614 Tantum
1583 3563 1756 3627 abest,
1789 3577 1846 3617 ut
1889 3578 2025 3618 cou-

453 3659 561 3703 stet
590 3648 874 3718 Didymum
911 3665 940 3702 a
976 3651 1163 3719 quinta
1195 3654 1400 3723 synodo
1430 3654 1743 3708 damnatum
1789 3669 1930 3718 esse,
1973 3667 2031 3709 ut

454 3753 523 3792 ne
553 3738 728 3807 ipsum
771 3740 987 3807 quidem
1033 3739 1320 3811 Origenem
1357 3746 1772 3798 condemnatum
1824 3746 1892 3799 ab
1937 3745 2028 3800 illa

456 3823 622 3880 fuisse
677 3837 933 3881 censeant
981 3827 1280 3885 Halloixius
1352 3839 1409 3887 et
1458 3831 1687 3888 Fabrius
1733 3851 1748 3888 :
1802 3849 2029 3902 quorum

457 3918 783 3972 sententiam
807 3919 908 3973 etsi
941 3935 1082 3975 nunc
1124 3937 1228 3976 non
1265 3925 1582 3991 amplectar,
1615 3934 1795 3980 tamen
1822 3928 1936 3982 haec
1965 3942 2033 3982 ex

459 4006 656 4063 Fabrio
699 4011 1011 4066 adnotabo:
1059 4012 1112 4077 1,
1151 4011 1515 4070 Justiniauum
1555 4017 1932 4086 imperatorem
1979 4021 2032 4074 iu

458 4098 654 4153 litteris
705 4098 846 4154 datis
887 4101 954 4154 ad
1011 4103 1253 4169 quintam
1303 4104 1563 4174 synodum
1617 4115 1812 4173 quarto
1856 4104 2036 4160 Nonas

460 4190 610 4255 “aii,
645 4191 696 4245 id
728 4202 814 4246 est
868 4207 932 4247 eo
967 4193 1082 4263 ipso
1112 4194 1218 4259 die,
1265 4210 1373 4265 quo
1415 4208 1593 4266 empta
1633 4208 1719 4251 est
1770 4199 2033 4268 synodus,

461 4283 666 4338 hortari
695 4283 910 4352 quidem
935 4284 1130 4341 Patres
1159 4295 1216 4341 ut
1243 4287 1347 4341 tria
1375 4288 1609 4357 capitula
1635 4287 1890 4344 damnent
1916 4330 1931 4355 ,
1968 4291 2036 4346 de

461 4371 695 4440 Origene
725 4383 928 4440 autem,
959 4391 1027 4430 ac
1065 4374 1386 4446 Origenistis
1413 4377 1546 4432 nihil
1574 4378 1783 4444 dicere;
1823 4377 1879 4432 2.
1916 4378 2035 4448 epi-

459 4465 653 4519 stolam
683 4463 973 4524 Justiniani
1008 4469 1077 4522 ad
1101 4470 1359 4540 synodum
1387 4468 2035 4538 Constantinopolitanam

460 4559 527 4612 de
558 4555 809 4628 Origene,
827 4561 1052 4631 ejusque
1073 4563 1434 4618 sectatoribus
1450 4563 1626 4617 datam
1645 4578 1766 4618 esse
1797 4578 1938 4616 anno
1959 4562 2032 4614 25

461 4647 670 4717 imperii
697 4648 1020 4720 Iustiniani;
1062 4655 1326 4724 synodum
1357 4668 1482 4708 vero
1522 4654 1765 4724 quintam
1798 4669 1939 4709 anno
1959 4652 2030 4706 27

2120 2026 2225 2080 quo
2268 2010 2448 2081 plures
2500 2009 2783 2078 Didymqu
2819 2016 2878 2060 ut
2927 2003 3118 2077 [LXII]
3156 2006 3436 2060 doctorem
3487 2003 3699 2066 citant;

2119 2101 2354 2156 Joannes
2401 2113 2532 2155 vero
2579 2101 2647 2154 de
2695 2097 2959 2152 Columna
3007 2106 3250 2151 sanctum
3302 2095 3598 2157 doctorem,
3651 2102 3706 2146 et

2119 2195 2294 2251 Guido
2317 2194 2554 2248 Terrena
2585 2193 2850 2246 doctorem
2878 2187 3181 2244 Grtccorum
3229 2188 3527 2241 masimum
3580 2199 3701 2240 eum

2119 2293 2338 2348 vocant,
2364 2293 2422 2336 ut
2447 2290 2658 2337 constat
2691 2295 2758 2334 ex
2797 2294 2985 2334 eorum
3017 2278 3195 2332 verbis
3235 2291 3358 2346 pag.
3400 2275 3510 2330 497
3542 2291 3574 2328 a
3618 2287 3700 2327 me

2122 2377 2335 2433 allatis:
2383 2375 2716 2430 Trithemius
2775 2387 2905 2428 vero
2967 2373 3071 2426 vita
3143 2373 3459 2440 praclarum
3511 2369 3692 2425 dicit:

2123 2471 2232 2524 imo
2277 2469 2330 2522 in
2363 2467 2516 2522 Actis
2572 2473 2938 2521 sacrosanctae
2989 2471 3046 2518 et
3093 2461 3445 2518 mcutnenicae
3510 2460 3699 2532 synodi

2121 2560 2448 2615 Florentium
2480 2572 2586 2612 non
2622 2557 2883 2628 allegatur
2911 2566 3143 2621 tantum,
3179 2569 3362 2610 verum
3395 2555 3567 2608 etiam
3591 2569 3702 2605 nta-

2121 2668 2252 2722 gnus
2281 2651 2534 2720 Didymus
2562 2658 2921 2718 nuncupatur.

2194 2741 2318 2796 Haec
2356 2751 2481 2797 sunt
2513 2741 2851 2810 potissimum
2904 2753 3024 2808 quae
3062 2749 3118 2794 et
3161 2748 3353 2792 contra
3389 2737 3700 2808 Didymum,

2124 2843 2178 2886 et
2202 2847 2299 2900 pro
2330 2832 2555 2903 Didymo
2586 2830 2826 2884 breviter
2871 2829 3183 2898 attingenda
3239 2838 3387 2883 ratus
3431 2843 3579 2882 sum.
3625 2827 3698 2881 Ex

2125 2925 2210 2979 his
2233 2923 2492 2993 judicium
2521 2922 2659 2976 ferat
2697 2922 2897 2986 lector;
2935 2936 3058 2974 nam
3094 2935 3194 2989 ego
3238 2919 3457 2988 quidem
3505 2920 3558 2972 in
3600 2919 3697 2973 ob-

2125 3033 2282 3071 scura
2317 3015 2471 3079 adeo,
2505 3014 2817 3082 dillicilique
2841 3015 3138 3082 quaestione
3164 3022 3312 3067 tanto
3361 3011 3700 3066 auctoritatis

2127 3107 2364 3178 pondere
2389 3119 2473 3160 me
2502 3105 2671 3174 premi
2707 3105 2884 3157 sentio
2916 3108 2984 3156 ab
3030 3103 3096 3157 iis
3126 3104 3217 3173 qui
3251 3103 3480 3172 Didymo
3509 3101 3698 3155 adver-

2081 3252 2094 3269 ,
2129 3199 2230 3254 sati
2258 3207 2407 3260 sunt,
2444 3205 2501 3250 ut
2523 3211 2588 3250 ne
2615 3196 2829 3251 hiscere
2865 3197 3082 3264 quidem
3114 3197 3366 3249 audeam.

2200 3293 2384 3349 F-inem
2416 3293 2600 3361 itaque
2631 3292 2844 3344 tandem
2895 3291 2979 3344 his
3012 3289 3165 3345 libris
3210 3289 3448 3359 impono.
3491 3286 3549 3341 Si
3579 3283 3700 3354 quid

2129 3395 2308 3440 autem
2337 3384 2389 3438 in
2433 3384 2500 3437 iis
2541 3397 2650 3437 non
2696 3380 2829 3436 satis
2857 3391 3012 3436 caute
3049 3390 3142 3434 aut
3167 3393 3294 3434 vere
3325 3378 3534 3432 dixisse
3558 3375 3699 3428 vide-

2128 3479 2330 3544 bimur,
2365 3476 2507 3530 docti
2536 3475 2601 3528 ab
2648 3475 2847 3544 aliqua,
2895 3472 3050 3542 facile
3093 3481 3140 3525 et
3170 3471 3411 3534 libenter,
3443 3479 3508 3523 ut
3537 3466 3698 3521 Marc:

2129 3568 2290 3623 Tullii
2324 3567 2502 3622 verbis
2542 3578 2686 3628 utar,
2721 3565 3034 3618 sententiam
3075 3562 3541 3616 commutabimus.
3584 3555 3702 3609 Non

2134 3660 2270 3712 enim
2301 3673 2487 3726 parum
2521 3671 2788 3724 cognosse,
2847 3654 2936 3707 sed
2974 3654 3030 3707 in
3079 3669 3262 3721 parum
3302 3652 3510 3719 cognito
3555 3648 3702 3703 stulte

2130 3761 2175 3803 et
2199 3749 2290 3802 diu
2316 3763 2688 3817 perseverasse,
2731 3756 2882 3812 turpe
2925 3755 3000 3798 est
3030 3760 3048 3798 :
3094 3751 3366 3812 prapterea
3396 3740 3538 3810 quod
3573 3739 3701 3790 alte-

2133 3855 2248 3891 rum
2286 3836 2552 3890 communi
2591 3834 2858 3887 hominum
2897 3831 3218 3899 inﬁrmitati,
3257 3828 3483 3881 alterunt
3530 3826 3702 3891 singu-

2132 3931 2236 3984 lari
2260 3927 2665 3996 uniuscujusque
2688 3925 2808 3979 oitio
2835 3933 2908 3977 est
2935 3924 3266 3975 attributum.
3308 3917 3414 3973 Sed
3449 3915 3700 3969 Romana:

2135 4023 2186 4075 in
2229 4020 2419 4090 primis
2469 4017 2723 4073 Ecclesia:
2754 4013 3118 4070 Ecclesiarum
3151 4009 3390 4064 omnium
3440 4007 3702 4097 magistra:

2129 4109 2334 4180 judicio
2365 4123 2490 4162 cum
2527 4108 2662 4171 hac,
2704 4115 2814 4160 tum
2861 4103 2964 4157 alia
3003 4113 3340 4170 quaecunque
3378 4097 3547 4161 edidi,
3580 4104 3698 4147 sub-

2127 4201 2270 4268 jecta
2309 4200 2448 4253 volo.
2490 4199 2568 4253 Tu
2599 4213 2748 4264 vero,
2790 4195 2986 4266 praesul
3027 4192 3378 4262 amplissime,
3413 4198 3575 4243 tenue
3609 4186 3703 4238 hoc

2135 4292 2537 4356 munusculum,
2575 4299 2635 4344 ut
2667 4304 2802 4344 mea:
2837 4288 2889 4342 in
2927 4298 2979 4342 te
3015 4285 3371 4341 observantia:
3398 4289 3702 4337 monumen-

2136 4390 2270 4446 tum,
2295 4397 2360 4436 ac
2383 4381 2581 4436 veteris
2603 4378 2857 4433 amicitiae
2884 4384 3080 4431 nostra:
3106 4373 3320 4444 pignus,
3354 4370 3582 4438 benigne
3609 4375 3700 4416 cx-

2137 4474 2256 4540 cipe
2303 4491 2317 4527 :
2358 4471 2404 4526 si
2456 4472 2602 4526 enim
2647 4469 2744 4524 tibi
2792 4469 2926 4531 haec,
2981 4465 3376 4535 qualiacunque
3423 4461 3552 4525 sint,
3604 4464 3700 4548 non

2139 4561 2482 4631 displicuisse
2519 4573 2845 4629 cognovero,
2881 4557 3016 4611 nihil
3050 4554 3164 4624 jam
3207 4552 3315 4607 erit
3343 4564 3442 4605 cur
3475 4548 3700 4610 suscepti

2140 4668 2228 4708 me
2258 4651 2459 4706 laboris
2490 4651 2773 4721 paeniteat.

491 4799 2375 4827 =_________________
2389 4778 3692 4820 _________________________.=.

805 4976 1493 5094 VETERUM
1556 4979 1738 5090 DE
1799 4975 2369 5092 DIDYMO
2433 4969 3374 5088 TESTIMONIA.

1397 5449 1650 5520 Didymus
1676 5451 1784 5520 ipse
1799 5449 1892 5504 lib.
1925 5449 2000 5505 De
2031 5449 2234 5519 Spiritu
2273 5456 2483 5511 sancto,
2519 5462 2667 5500 num.
2688 5444 2723 5498 5
3488 5526 3499 5529 _
3598 5517 3608 5529 ο

535 5542 688 5611 Quod
717 5549 899 5624 autem
932 5541 1006 5597 ab
1026 5543 1147 5597 aliis
1172 5542 1417 5624 capiatur
1444 5542 1678 5612 Spiritus
1705 5551 1926 5597 sanctus
1950 5551 2006 5596 et
2039 5555 2147 5597 non
2172 5540 2277 5594 alia
2326 5537 2533 5608 capiat,
2591 5545 2648 5593 et
2698 5550 2866 5602 nunc,
2907 5544 2962 5591 et
2995 5534 3047 5588 iu
3086 5531 3365 5588 Sectarum
3416 5526 3697 5582 volumine,

463 5622 626 5686 prout
655 5614 952 5684 potuimus,
981 5614 1371 5685 expressimus.

1921 5704 1988 5759 Et
2009 5722 2152 5760 num.
2183 5705 2276 5759 2!.

538 5803 775 5870 Spiritus
813 5814 1034 5857 sanctus
1067 5841 1081 5856 .
1111 5840 1124 5854 .
1161 5841 1174 5856 .
1208 5801 1378 5855 dictus
1422 5809 1504 5855 cst
1534 5799 1768 5866 Spiritus
1792 5798 2114 5870 sapientiae.
2156 5836 2169 5850 .
2203 5837 2218 5852 .
2251 5805 2301 5848 et
2337 5791 2684 5870 natura_eiu_s
2734 5791 2867 5870 nihil
2916 5798 3000 5844 est
3037 5787 3201 5870 aliud
3231 5829 3248 5855 ,
3311 5785 3413 5842 nisi
3467 5776 3680 5852 Spirim

468 5863 704 5929 caritatis
730 5889 772 5927 et
798 5876 1032 5944 Spiritus
1061 5873 1158 5928 Dei
1195 5887 1209 5924 :
1246 5873 1312 5928 de
1351 5872 1548 5942 quibus
1577 5863 1687 5940 iam
1720 5863 2055 5924 abundanter
2082 5867 2136 5924 in
2167 5870 2437 5922 Sectaiunt
2472 5863 2743 5918 volumine
2777 5863 3192 5931 disputavimus.
