4004 6412
370 370 474 428 273

1483 375 1571 432 DE
1609 377 1984 435 TRINITATE
2019 378 2222 434 LIBER
2264 377 2546 435 PRIMUS.

3535 377 3657 433 ιη

377 506 555 557 ator,"
595 489 720 545 ἀλλ’
766 490 976 547 ἅτινα
1025 489 1104 565 ἦν
1122 512 1219 563 μοι
1250 494 1451 563 κέρδη,
1487 498 1674 551 ταῦτα
1715 499 1953 568 ἡγοῦμαι

2069 486 2359 554 Ιιεηεὶὺίιὶἐ.
2394 497 2496 553 Sed
2526 512 2644 569 qua:
2669 497 2797 552 mihi
2824 496 3031 566 fuerunt
3064 494 3114 566 3
3145 494 3317 559 lucra,
3356 493 3463 549 haec
3496 499 3648 548 arbi-

386 582 489 637 διὰ
531 580 634 635 τὸν
672 584 946 650 Χριστὸν
996 582 1223 654 ζημίαν.
1292 586 1475 641 Ἀλλὰ
1520 588 1818 659 μενοῦνγε
1866 590 1964 643 καὶ

382 675 635 746 ἠγοῦμαι
665 674 865 729 πάντα
894 675 1114 745 ζημίαν
1145 662 1295 733 εἶναι
1319 679 1418 733 διὰ
1442 682 1506 733 τὸ
1531 680 1829 751 ὑπερέχον
1856 682 1968 750 τῆς

394 766 667 835 τηὶισεως
729 767 933 832 Ἰησοῦ
1000 767 1070 839 [1
1123 770 1198 842 b]
1252 772 1511 839 Χριστοῦ
1582 772 1693 826 τοῦ
1745 772 1967 839 Κυρίου

390 855 558 926 ἡμῶν
580 873 593 887 ο
626 855 699 909 δι’
728 857 800 911 ὃν
846 857 924 911 τὰ
964 860 1162 915 πάντα
1192 860 1538 931 ἐζημιώθην,
1581 864 1678 917 καὶ
1709 863 1968 933 ἠγοῦμαι

400 950 664 1004 σκύϐαλα
688 944 862 1016 εἶναι,
885 952 989 1005 ἵνα
1028 953 1287 1022 Χριστὸν
1315 954 1590 1022 κερδήσω
1610 973 1623 985 ο
1676 953 1965 1025 Ῥωμαίοις

403 1040 490 1093 δέ’
520 1042 585 1094 Ei
624 1041 741 1110 μὲν
779 1048 890 1113 γὰρ
924 1046 959 1098 ό
994 1044 1319 1113 ἐρχόμενος
1344 1044 1538 1100 ἄλλον
1593 1047 1828 1114 Ἰησοῦν
1854 1062 1962 1112 κη’

396 1131 625 1197 ρὺσσει,
673 1131 748 1185 ὃν
797 1135 908 1186 οὑκ
944 1132 1340 1204 ἐκηρύξαμεν,
1393 1133 1433 1203 ἢ
1473 1134 1716 1203 Πνεῦμα
1760 1134 1966 1203 ἕτερον

399 1223 738 1291 λαμϐάνετε,
788 1225 822 1279 ὃ
856 1226 968 1281 οὐκ
1011 1225 1273 1280 ἐλάϐετε.
1317 1222 1465 1298 Ἀρα
1499 1227 1557 1280 δὲ
1595 1227 1690 1281 καὶ
1734 1225 1873 1295 πρὸς
1910 1228 1965 1281 τί

393 1314 616 1380 ἀηδὼν,
656 1320 749 1372 καὶ
781 1314 874 1373 οἷα
901 1320 1200 1390 διανοηθεὶς
1219 1359 1234 1383 ,
1255 1319 1591 1390 ἀκραιφνοῦς
1635 1319 1964 1387 θεογνωσίας

386 1402 542 1470 αὖθις
596 1407 701 1461 ἴδια
738 1409 1034 1481 γέγραφεν,
1087 1410 1395 1482 Κορινθίοις
1438 1411 1537 1482 μὲν
1585 1410 1647 1463 τὸ
1689 1410 1958 1481 δεύτερον,

384 1498 466 1550 ὅτι
492 1515 556 1567 τε
582 1501 634 1552 ει
654 1500 732 1570 τῷ
759 1501 873 1572 Υὶῷ
893 1520 977 1566 τις
1002 1501 1335 1572 καταλλαγῇ,
1363 1502 1442 1572 τῷ
1470 1500 1591 1572 Θεῷ
1619 1501 1959 1572 κατηλλάγη·

386 1590 482 1643 καὶ
509 1592 590 1644 ὃτι
624 1595 681 1645 ἐν
705 1594 923 1665 Χριστῷ
956 1594 993 1661 η
1034 1594 1169 1665 πρὸς
1211 1596 1302 1646 τον
1334 1593 1466 1648 Θεὸν
1492 1595 1812 1662 σύμϐασις,
1846 1593 1963 1644 ἐστὶ

382 1680 477 1732 τοῦ
508 1682 741 1752 κόσμους
778 1682 928 1753 Ἔχει
958 1684 1039 1736 δέ·
1077 1682 1173 1748 Ὠς
1201 1682 1290 1735 ὅτι
1331 1681 1476 1747 Θεὸς
1502 1678 1578 1751 ἦν
1618 1682 1688 1734 ἐν
1731 1680 1962 1748 Χριστῷ

383 1772 620 1841 κόσμον
664 1773 1109 1828 καταλλάσσων
1157 1772 1348 1838 ἐαυτῷ
1370 1814 1384 1829 .
1430 1772 1519 1842 μὴ
1574 1772 1959 1842 λογιζόμενος

381 1864 589 1929 αὐτοῖς
635 1865 707 1918 τὰ
745 1865 1182 1934 παραπτώματα
1228 1864 1448 1928 αὐτῶν,
1485 1866 1586 1919 καὶ
1614 1866 1861 1936 θέμενος
1890 1868 1959 1919 ἐν

382 1955 531 2024 ἡμῖν
558 1957 664 2009 τὸν
682 1959 867 2025 λόγον
894 1956 1003 2024 τῆς
1029 1956 1437 2025 καταλλαγῆς.
1480 1956 1663 2026 ’Υπὲρ
1698 1957 1959 2025 Χριστοῦ

380 2043 509 2103 οὖν
542 2051 948 2119 πρεσϐεύομεν
978 2052 1059 2117 ὡς
1105 2048 1211 2103 τοῦ
1264 2052 1415 2105 Θεοῦ
1458 2052 1960 2121 παρακαλοῦντος

376 2138 455 2194 δι’
482 2141 672 2209 ἡμῶν.
720 2143 973 2211 Δεόμεθα
1010 2143 1161 2212 ὑπὲρ
1193 2144 1450 2213 Χριστοῦ
1475 2159 1489 2174 ο
1544 2142 1961 2213 καταλλάγητε

384 2232 462 2297 τῷ
491 2231 634 2299 Θεῷ.
665 2235 775 2287 Καὶ
795 2234 975 2298 πάλιν,
998 2234 1073 2300 ὡς
1096 2236 1271 2289 πάντα
1294 2235 1365 2289 τὰ
1396 2235 1549 2291 ἄλλα.
1584 2277 1597 2291 .
1641 2275 1656 2290 .
1700 2276 1716 2290 .
1759 2238 1795 2289 ἄ
1819 2251 1960 2307 παρ-

382 2326 465 2387 ei;
514 2326 809 2396 ἐκήρυττεν
856 2326 1068 2397 μεγάλα
1100 2329 1142 2359 ¹⁸
1174 2327 1385 2397 αὐχῶν,
1418 2329 1500 2382 ὅτι
1538 2328 1632 2382 καὶ
1667 2327 1730 2380 τὸ
1768 2326 1958 2381 δοκοῦν

381 2416 739 2470 ἐπονείδιστον
754 2414 888 2472 εἶναι
916 2419 1136 2491 Χριστῷ
1155 2420 1243 2473 διὰ
1261 2421 1359 2492 τὴν
1390 2420 1768 2492 φιλάνθρωπον
1792 2419 1958 2474 αὐτοῦ

378 2508 713 2577 οἰκονομίαν,
744 2511 920 2564 πᾶσαν
950 2510 1200 2566 εὔκλειαν
1228 2513 1321 2565 καὶ
1347 2512 1538 2583 ῥώμην
1572 2512 1725 2585 βρύει
1764 2512 1895 2581 ἐγὼ.
1939 2552 1954 2567 .

382 2637 399 2651 .
440 2637 452 2652 .
494 2599 652 2653 τοῦτο
679 2600 846 2656 ποιῶν
888 2602 948 2666 ἐξ
975 2602 1135 2674 ἔργου
1156 2620 1169 2633 ο
1213 2603 1301 2658 ἵνα
1336 2605 1429 2657 καὶ
1458 2608 1487 2659 ὁ
1526 2607 1591 2658 ὲκ
1617 2604 1713 2657 τοῦ
1747 2603 1956 2668 ἐνδόξου

381 2689 588 2754 πάθους
615 2691 710 2762 τὴν
740 2693 1000 2765 ἀγένητον
1030 2696 1122 2749 καὶ
1152 2697 1430 2768 ἀκήρατον
1461 2697 1559 2749 καὶ
1599 2736 1615 2751 .
1655 2737 1669 2751 .
1715 2735 1730 2749 .
1762 2736 1776 2750 .
1823 2738 1838 2752 .
1884 2735 1898 2750 .
1939 2736 1954 2750 .

382 2780 614 2853 θεότητα
651 2786 724 2856 μὴ
755 2788 1103 2841 κατοπτεύων
1134 2790 1179 2821 ²⁰
1209 2789 1434 2860 Γραφὴν
1479 2790 1533 2843 ὑ.
1574 2831 1586 2844 .
1627 2832 1642 2846 .
1698 2828 1714 2843 .
1758 2829 1773 2845 .
1808 2831 1824 2845 .
1869 2828 1884 2842 .
1938 2828 1953 2843 .

378 2915 398 2929 .
483 2916 501 2930 .
582 2916 596 2929 .
674 2915 689 2929 .
766 2917 781 2931 .
858 2916 873 2930 .
948 2919 962 2933 .
1046 2918 1061 2932 .
1154 2880 1336 2948 οφλοισ
1376 2879 1562 2949 ἔλεγεν
1591 2880 1649 2934 δὲ
1673 2880 1850 2934 τοιάδε
1882 2884 1953 2917 ’τι

379 2971 506 3021 Οὐκ
534 2962 739 3037 ἔκρινα
756 2969 861 3024 τοῦ
885 2969 1105 3024 ειδέναι
1129 2989 1184 3025 τι
1211 2973 1281 3025 ἐν
1302 2972 1468 3042 ὑμῖν,
1514 2975 1566 3026 εὶ
1584 2973 1670 3042 μὴ
1715 2974 1958 3041 Ἰησοῦν

377 3058 656 3125 Χριστὸν,
680 3058 776 3111 καὶ
799 3059 1015 3113 τοῦτον
1035 3060 1493 3132 ἐσταυρωμένον
1510 3077 1524 3091 ·
1563 3062 1851 3133 Ῥωμαίοις
1874 3064 1949 3118 δέ·

2069 601 2241 643 tratus
2272 607 2386 643 sum
2423 599 2633 659 propter
2674 589 2944 644 Christum
2989 588 3324 640 detrimenta.
3370 583 3648 640 Verumta-

2068 697 2187 734 men
2208 682 2450 734 existimo
2471 681 2645 734 omnia
2662 680 3030 732 detrimentum
3049 693 3157 730 esse
3175 686 3387 746 propter
3415 677 3617 729 emincn
3630 707 3649 719 α

2068 783 2169 826 tem
2185 773 2455 826 scientiam
2481 771 2610 826 Jesu
2636 771 2832 825 Christi
2860 769 3075 824 Domini
3100 771 3265 823 nostri
3284 766 3392 838 (16)
3409 777 3649 833 :propter

2067 881 2214 934 quem
2242 865 2416 918 omnia
2437 864 2800 919 detrimentum
2829 864 2950 931 feci,
2977 872 3024 916 et
3052 862 3280 915 arbitror
3303 869 3356 913 ut
3393 870 3642 919 stercora,

2068 968 2123 1009 ut
2171 954 2437 1011 Christum
2490 957 2847 1025 tucrifaciam.
2900 955 2976 1009 Ad
3030 955 3304 1008 Romanos
3352 966 3480 1005 vero
3533 950 3643 1020 (l7)

2068 1046 2367 1100 scribens:
2413 1044 2555 1100 Nam
2609 1046 2656 1099 si
2701 1048 2745 1099 is
2799 1046 2889 1115 qui
2944 1045 3101 1104 venit,
3155 1045 3320 1096 alium
3377 1039 3643 1095 Christum

2066 1140 2339 1201 prtedicat,
2367 1155 2521 1204 quem
2557 1155 2661 1191 non
2697 1138 3119 1207 prwdicarimns,
3164 1147 3253 1188 aut
3281 1134 3446 1186 alium
3476 1130 3644 1200 Spiri-

2068 1241 2177 1282 tum
2225 1231 2484 1299 accipitis,
2522 1246 2669 1300 quem
2714 1247 2819 1283 non
2869 1230 3161 1298 accepistis.
3207 1227 3473 1292 Quidnam
3517 1238 3647 1276 vero

2066 1323 2363 1390 spectabat,
2409 1336 2462 1376 et
2489 1322 2670 1392 qualia
2701 1322 2993 1391 cogitabat,
3044 1338 3164 1373 cum
3215 1333 3400 1372 rursus
3433 1329 3644 1384 germa-

2066 1430 2151 1469 na:
2205 1430 2269 1469 ac
2325 1430 2467 1469 verae
2517 1415 2608 1468 Dei
2668 1416 2990 1484 cognitionis
3046 1412 3261 1480 propria
3308 1407 3528 1477 scripsit
3577 1406 3644 1458 ad

2065 1507 2378 1561 Corinthios
2435 1505 2549 1577 (18)
2593 1507 2645 1560 in
2692 1508 2931 1561 secunda
2977 1505 3212 1571 Epistula
3255 1500 3552 1563 alﬁrmans,
3595 1496 3642 1549 si

2065 1599 2187 1667 quis
2224 1597 2360 1652 Filio
2388 1598 2776 1652 reconciliatus
2830 1596 3017 1662 fuerit,
3073 1597 3182 1649 Deo
3233 1590 3641 1647 reconciliatum

2065 1704 2219 1753 esse;
2274 1699 2326 1742 et
2368 1689 2551 1743 mundi
2587 1704 2709 1742 cum
2746 1686 2858 1742 Deo
2902 1687 3395 1741 reconciliationem
3434 1695 3557 1736 esse
3589 1679 3640 1732 in

2064 1778 2316 1833 Christo?
2352 1778 2477 1833 lizec
2520 1788 2701 1833 autem
2740 1780 2895 1834 habet
2929 1780 3041 1849 (19)
3078 1799 3090 1833 :
3127 1777 3390 1843 Quoniam
3430 1772 3640 1843 quidem

1993 1843 2036 1900 Β
2062 1870 2205 1925 Deus
2234 1882 2344 1925 erat
2385 1874 2439 1925 in
2466 1869 2679 1925 Christo
2719 1872 2972 1925 mundum
3004 1869 3349 1924 reconcilians
3388 1866 3485 1920 sibi
3518 1864 3639 1933 ipsi,

2061 1981 2164 2018 non
2191 1976 2437 2029 reputans
2466 1966 2571 2019 illis
2598 1967 2789 2020 delicta
2820 1967 3079 2033 ipsorum,
3119 1973 3166 2019 et
3193 1978 3388 2032 ponens
3420 1963 3471 2014 in
3496 1960 3641 2013 nobis

2061 2056 2271 2110 verbum
2325 2059 2789 2112 reconciliationis.
2837 2057 2941 2110 l'ro
2993 2057 3201 2111 Christo
3234 2071 3354 2125 ergo
3386 2052 3640 2122 legatione

2062 2148 2337 2217 fungimur
2369 2156 2621 2213 tanquam
2667 2149 2773 2201 Deo
2831 2149 3140 2202 exhortante
3177 2163 3269 2215 per
3307 2162 3425 2199 nos.
3479 2142 3641 2197 Obse-

2061 2257 2268 2294 crnmus
2294 2257 2390 2310 pro
2421 2240 2633 2295 Christo
2669 2256 2687 2296 :
2721 2242 3137 2295 reconciliamini
3178 2239 3309 2294 Deo.
3335 2238 3402 2292 Et
3425 2252 3635 2296 rursus.

2061 2344 2122 2387 ut
2150 2334 2252 2386 alia
2282 2336 2485 2387 omnia.
2521 2375 2533 2387 .
2562 2373 2578 2390 .
2612 2375 2626 2390 .
2658 2375 2674 2389 .
2708 2376 2721 2389 .
2762 2372 2778 2388 .
2810 2373 2823 2386 .
2861 2375 2875 2388 .
2905 2372 2918 2386 .
2951 2375 2964 2389 .
3001 2372 3017 2387 .
3050 2375 3063 2389 .
3092 2376 3105 2388 .
3140 2373 3155 2388 .
3190 2371 3203 2385 .
3238 2367 3255 2385 .
3289 2370 3305 2386 .
3358 2329 3638 2394 omittens,

2059 2442 2388 2497 magnopere
2426 2427 2782 2497 gloriabatur,
2826 2442 2891 2481 ac
2936 2426 3271 2496 prwdicabat
3301 2424 3434 2479 illud
3473 2423 3636 2477 etiam

2059 2518 2203 2586 quod
2231 2516 2454 2573 Christo
2492 2529 2714 2587 propter
2743 2518 3031 2589 benignam
3062 2518 3178 2587 ejus
3208 2515 3637 2569 [incarnationem

2060 2609 2481 2679 ignominiosum
2526 2624 2647 2663 esse
2695 2610 2928 2673 videtur,
2977 2608 3206 2677 gloriam
3257 2606 3637 2673 undequaque,

2059 2700 3636 2756 acvimvelutieﬂundere..................

2058 2798 2116 2842 ut
2140 2790 2253 2861 (20)
2277 2790 2442 2843 etiam
2474 2791 2566 2859 qui
2592 2790 2644 2843 in
2677 2790 2913 2859 gloriosa
2949 2788 3203 2844 Passione
3231 2788 3559 2850 increatam,
3587 2795 3641 2839 et

2060 2882 2449 2949 immortalem,
2477 2892 2575 2935 et..
2615 2922 2630 2938 .
2671 2922 2684 2934 .
2718 2921 2732 2935 .
2771 2920 2786 2935 .
2820 2922 2834 2935 .
2875 2923 2889 2936 .
2921 2919 2939 2934 .
2980 2921 2995 2937 .
3036 2921 3052 2938 .
3091 2919 3106 2934 .
3141 2917 3158 2935 .
3195 2921 3209 2935 .
3246 2880 3501 2935 deitatem
3532 2892 3638 2931 non

2059 2975 2328 3045 agnoscit,
2355 2974 2717 3043 Scripturam.
2754 3012 2767 3029 .
2800 3012 2817 3028 .
2849 3014 2864 3028 .
2904 3014 2918 3028 .
2955 3013 2971 3029 .
3010 3014 3024 3028 .
3059 3014 3073 3027 .
3111 3010 3128 3027 .
3163 3014 3177 3030 .
3214 3013 3227 3027 .
3264 3015 3277 3029 .
3314 2971 3437 3027 .Ait
3457 2980 3637 3025 autem

2059 3068 2111 3121 in
2146 3068 2291 3121 hunc
2322 3068 2539 3121 modum
2576 3084 2590 3121 :
2620 3064 2742 3120 Non
2765 3066 3007 3136 judicavi
3031 3065 3144 3137 (2|)
3168 3082 3248 3120 me
3276 3066 3409 3120 scire
3437 3063 3638 3134 aliquid

378 3152 739 3219 Δικαιοσύνη
772 3150 840 3204 δὲ
862 3151 1010 3205 Θεοῦ
1038 3151 1135 3205 διὰ
1159 3153 1419 3220 πίστεως
1459 3154 1653 3222 Ἰησοῦ
1694 3157 1953 3224 Χριστοῦ

2062 3160 2193 3213 inter
2219 3175 2329 3223 vos,
2366 3160 2470 3212 nisi
2509 3158 2693 3213 .iesum
2729 3159 3019 3224 Christum,
3053 3170 3099 3213 et
3140 3165 3278 3212 hunc
3302 3157 3631 3227 cruciﬁxum.

384 3247 466 3309 εἷς
497 3241 727 3310 πάντας
761 3243 859 3298 καὶ
890 3244 990 3298 ἐπὶ
1020 3243 1252 3311 πάντας
1289 3246 1432 3313 τοὺς
1463 3248 1859 3315 πιστεύοντας
1904 3249 1954 3281 ἰ

388 3334 1952 3405 ψησὶ..............ἀπὸ

386 3425 517 3480 Θεοῦ
564 3426 792 3489 ἕκαστος
837 3428 902 3480 ’⁵.
950 3428 1220 3493 Γαλάταις
1262 3429 1320 3483 δέ
1347 3447 1362 3463 ο
1421 3429 1697 3497 Εἱδότες,
1740 3431 1829 3485 ὅτι
1880 3434 1953 3486 οὐ

383 3516 707 3572 δικαιοῦται
758 3517 1068 3587 ἄνθρωπος
1119 3519 1188 3584 ἐξ
1232 3521 1423 3591 ἔργων
1465 3525 1679 3591 νόμου,
1726 3523 1835 3577 ἐὰν
1865 3524 1953 3593 μὴ

382 3604 477 3659 διὰ
516 3607 773 3671 ⁴πίστεως
824 3607 1018 3675 Ἰησοῦ
1045 3610 1337 3676 Χριστοῦ,
1371 3611 1470 3664 καὶ
1512 3611 1682 3680 ἡμεῖς
1711 3615 1795 3678 εὶς
1852 3614 1955 3680 ’1η-

381 3697 536 3752 σοῦν
574 3698 833 3767 Χριστὸν
879 3701 1345 3771 ἐπιστεύσαμεν,
1394 3702 1496 3756 ἵνα
1556 3701 1953 3772 δικαιωθῶμεν

376 3792 444 3844 ἐκ
487 3793 745 3858 πίστεως
776 3791 1054 3859 Χριστοῦ,
1091 3793 1189 3846 καὶ
1231 3795 1343 3847 οὐκ
1384 3793 1454 3859 ἐξ
1488 3794 1677 3864 ἔργων
1721 3797 1910 3864 νόμου
1935 3814 1949 3826 ν

375 3884 465 3937 ὅτι
498 3884 567 3948 ἐξ
596 3884 655 3955 [2
683 3884 738 3955 ιι]
783 3884 971 3956 ἔργων
991 3888 1172 3955 νόμου
1198 3888 1269 3939 οὐ
1299 3886 1756 3953 δικαιωθήσεται
1783 3886 1953 3943 πᾶσα

374 3976 555 4047 σάρξ.
597 3976 897 4048 Ἕξηγεῖται
937 3978 994 4031 δὲ
1038 3978 1132 4032 καὶ
1170 3979 1417 4051 ἑτέρωθι,
1464 3981 1547 4034 ὅτι
1587 3981 1735 4035 Οὔτε
1790 3997 1950 4049 περι-

473 4222 562 4290 16)
616 4222 743 4277 Jesu
802 4224 999 4281 Christi
1048 4226 1256 4282 Domini
1309 4228 1493 4282 nostri.
1547 4227 1732 4283 Graeca
1783 4227 1951 4279 editio

379 4295 541 4370 habet
548 4313 580 4370 ἐ
606 4295 839 4370 Χριστοῦ
858 4296 1046 4370 ,Ἰησοῦ
1069 4298 1162 4351 τοῦ
1191 4300 1397 4370 Κυρίου
1419 4316 1543 4369 μου,
1571 4298 1624 4352 id
1643 4308 1728 4351 est
1753 4296 1949 4352 Christi

377 4367 507 4420 Jesu
539 4363 746 4415 Domini
770 4367 889 4421 mei.

452 4433 566 4508 ll‘_7)
591 4434 671 4508 {id
703 4433 965 4491 Romanos
994 4454 1132 4491 vero.
1163 4437 1449 4508 Didymum
1476 4437 1735 4492 memoria
1758 4435 1946 4491 fefellit

2055 3253 2138 3305 Ad
2174 3250 2448 3306 Romanos
2477 3266 2604 3305 vero
2643 3255 2890 3307 scribens
2921 3253 2998 3307 ait
3035 3251 3294 3308 :Justitia
3320 3249 3432 3323 (22)
3460 3259 3637 3303 autem

2057 3343 2157 3398 Dei
2190 3361 2283 3411 per
2310 3345 2465 3412 fidem
2500 3342 2630 3398 Jesu
2657 3342 2874 3409 Christi,
2902 3344 2956 3398 in
2981 3360 3178 3409 omnes,
3214 3353 3265 3397 et
3288 3358 3444 3412 super
3459 3357 3637 3397 omnes

2056 3436 3636 3506 credentes........inqnit................

2056 3527 2112 3600 4
2163 3547 2190 3578 a
2227 3526 2337 3579 Deo
2378 3528 2774 3597 unusquisque.
2839 3528 2921 3580 Ad
2978 3525 3199 3581 Galatas
3250 3540 3381 3579 vero
3413 3544 3425 3580 :
3454 3523 3639 3579 Scien-

2057 3634 2131 3673 ies
2153 3620 2266 3687 (‘25)
2312 3620 2450 3688 quod
2481 3636 2582 3673 non
2606 3621 2935 3686 iustiﬁcetur
2958 3621 3111 3671 homo
3129 3635 3193 3671 ea:
3223 3618 3462 3687 aperibns
3485 3617 3633 3686 legis,

2060 3715 2159 3766 nisi
2185 3730 2274 3778 per
2302 3713 2460 3781 ﬁdem
2480 3712 2609 3766 Jesu
2637 3710 2870 3776 Christi;
2892 3721 2938 3765 et
2974 3727 3066 3763 nos
3093 3712 3145 3763 in
3169 3710 3431 3764 Christum
3455 3710 3637 3765 Iesum

2058 3802 2402 3865 credidimus,
2433 3802 2860 3871 utjustiﬁcemur
2890 3816 2955 3854 ea:
2986 3800 3091 3867 [ide
3115 3800 3331 3865 Christi,
3353 3812 3399 3855 et
3445 3818 3548 3855 non
3572 3818 3637 3854 ea;

2059 3894 2295 3959 aper-ibus
2330 3892 2459 3962 legis
2489 3894 2649 3961 :quia
2688 3910 2755 3947 ea:
2794 3893 3033 3964 operibus
3076 3893 3200 3963 legis
3241 3911 3342 3947 non
3368 3893 3637 3962 justi/icu-

2056 3982 2197 4036 bitur
2253 3985 2421 4037 omnis
2462 4000 2605 4038 caro.
2662 3983 2802 4038 Alibi
2852 3998 2982 4037 vero
3029 3985 3192 4037 etiam
3239 3984 3320 4037 sic
3356 3983 3575 4048 exponit
3616 4000 3631 4036 :

2058 4238 2231 4288 retur,
2258 4224 2552 4297 aliquando
2591 4228 2804 4297 cogitur
2849 4228 3105 4297 adjicere.
3142 4227 3410 4281 ueterum
3451 4226 3542 4293 qui
3573 4226 3626 4277 in

2056 4306 2301 4349 veterum
2366 4295 2587 4349 Patrum
2649 4295 2883 4352 lectione
2917 4295 3146 4351 ’νει-μειιί
3179 4306 3341 4360 sunt,
3407 4305 3627 4357 norunt,

2057 4381 2441 4434 nonnunquam
2508 4365 2812 4429 huiusmodi
2880 4368 2931 4422 in
3000 4367 3104 4421 illis
3161 4379 3376 4434 quoque
3436 4366 3628 4417 menda

2055 4451 2364 4499 occurrere,
2399 4451 2462 4489 ac
2499 4439 2798 4503 praesertim
2829 4438 2883 4491 in
2915 4438 3195 4492 Clemente
3240 4434 3629 4488 Alexandrino.

380 4506 485 4574 hoc
514 4506 565 4556 in
604 4505 751 4568 loco;
787 4522 883 4561 nec
908 4510 1052 4562 enim
1086 4505 1304 4563 exstant
1346 4510 1459 4563 haec
1505 4508 1558 4560 in
1603 4507 1836 4574 Epistula
1878 4509 1944 4559 ad
1982 4550 2021 4574 η
2054 4505 2235 4570 Quare
2286 4521 2392 4557 non
2447 4515 2532 4558 est
2577 4521 2675 4559 cur
2702 4508 3001 4571 'miremur,
3056 4507 3101 4559 si
3154 4520 3332 4559 czecus
3390 4518 3630 4571 quoque,

379 4573 660 4629 Romanos
697 4550 1475 4644 sérip't;."Qéli'iﬁ‘iééi'iai‘iii
1508 4550 1784 4639 Corinth:
1819 4592 1941 4644 cap.
1982 4550 2022 4605 θ
2051 4550 2142 4642 «Tui
2180 4575 2495 4629 memoriter
2517 4575 2703 4629 Olllllia
2739 4550 2960 4636 ciiavhat,
2987 4550 3062 4630 ’ac
3097 4591 3193 4642 per
3228 4550 3473 4628 notarios
3498 4550 3635 4629 geri:

380 4661 457 4706 xi,
490 4659 636 4717 fers.
669 4644 718 4698 4.
758 4645 813 4699 In
855 4647 990 4702 libro
1038 4662 1251 4717 quoque
1301 4649 1379 4702 De
1420 4648 1627 4717 Spiritu
1659 4658 1842 4700 sancto
1893 4649 1944 4699 in

376 4713 578 4788 δίωξις
604 4726 840 4769 erratum
886 4713 1134 4788 dabitur;
1163 4713 1177 4717 ’
1211 4734 1333 4772 nam
1384 4713 1534 4772 nuin.
1584 4718 1635 4788 57
1686 4718 1845 4788 (pag.
1887 4717 1945 4777 3.

383 4795 516 4859 tam.
541 4782 581 4836 11
616 4788 843 4859 Operam
864 4786 936 4859 _S.
969 4787 1278 4859 Hieronymi
1310 4788 1566 4843 editionis
1597 4782 1943 4859 Veronensis)

378 4852 574 4977 llqgitur
620 4872 633 4906 :
684 4873 702 4904 ι
729 4857 806 4909 Ad
851 4852 1423 4927 Corinthios'quoque
1464 4860 1602 4912 idem
1650 4852 1942 4911 scribens}

439 4925 581 4977 alite.
609 4924 802 4977 innuit.
833 4930 1141 4977 contristare
1176 4926 1429 4977 Suirttnm
1455 4941 1727 4977 sanctum:
1767 4946 1786 4977 ι
1827 4942 1942 4977 nua!

439 4925 581 4985 olite,
609 4924 802 4992 inquit,
833 4930 1141 4996 contristare
1176 4924 1429 4994 Spiritum
1455 4941 1727 4981 sanetum:
1767 4946 1786 4978 ι
1827 4942 1946 4996 qua:

381 5004 559 5047 tatnen
580 4998 738 5047 verba
765 4997 818 5049 in
840 4993 1071 5064 EpiSIola
1088 4993 1325 5051 invenies
1347 5000 1412 5051 ad
1438 4999 1697 5065 Ephesios
1719 4993 1947 5067 scripta,

384 5078 502 5130 cap.
533 5079 777 5135 κεῖνοι-ς.
809 5067 902 5131 30,
940 5082 1041 5119 non
1069 5084 1196 5121 vero
1244 5071 1293 5120 in
1331 5068 1587 5135 Epistolis
1634 5070 1697 5120 ad
1747 5070 1942 5121 Corin-

389 5135 544 5187 thios.
592 5133 1035 5209 Numeroautem
1083 5139 1171 5209 11,
1214 5154 1333 5209 pag.
1379 5133 1482 5193 119
1517 5154 1545 5189 a
1596 5137 1762 5209 Paulo
1802 5139 1945 5192 dicta

391 5218 504 5277 esse
527 5210 605 5258 ait
633 5207 683 5258 in
731 5208 879 5261 Aetis
913 5207 1563 5277 apostolorum—quaedam
1594 5208 1780 5271 Verba,
1822 5223 1944 5276 quae

390 5287 421 5326 a
453 5272 607 5329 Petro
653 5284 780 5329 sunt
825 5272 1188 5344 pronuntiata.
1241 5272 1354 5333 Duo
1404 5277 1519 5331 haec
1555 5272 1855 5332 emendare
1889 5279 1942 5331 in

386 5360 480 5398 sua
524 5346 968 5414 interpretatione
1019 5347 1378 5415 Hieronymus
1427 5348 1741 5409 debuisset,
1799 5347 1844 5401 si
1891 5349 1943 5402 id

376 5425 562 5486 verum
604 5418 762 5477 iuret,
792 5418 936 5485 quod
961 5419 1199 5471 nonnulli
1227 5419 1409 5471 nescio
1432 5417 1627 5486 quibus
1656 5431 1945 5486 argumen-

373 5485 447 5540 tis
472 5485 671 5540 indueti
716 5496 1069 5547 censuerunt,
1099 5502 1220 5540 emn
1265 5485 1526 5555 aliquain
1568 5485 1943 5540 transferendo

371 5569 440 5607 eo
471 5555 601 5611 libro
629 5559 943 5618 addidisse,
978 5567 1070 5609 aut
1096 5558 1405 5615 abstulisse.
1441 5567 1537 5611 ant
1577 5559 1893 5611 immutasse
1925 5570 1941 5609 :

371 5624 577 5697 idqood
610 5645 736 5684 eum
781 5628 1001 5685 fecisse,
1026 5627 1100 5697 in
1136 5628 1374 5680 animum
1405 5627 1661 5697 inducere
1708 5641 1940 5697 nequeo,

371 5696 433 5749 iis
454 5696 628 5755 tamen
652 5698 909 5767 exceptis
937 5696 1088 5758 locis,
1119 5697 1171 5749 in
1200 5698 1395 5766 quibus
1422 5696 1489 5767 is,
1518 5698 1608 5766 qui
1640 5711 1703 5767 ex
1736 5712 1838 5748 una
1889 5696 1942 5767 in

361 5768 515 5827 aliam
570 5765 822 5841 linguam
886 5765 1565 5841 convertit,Vocabulum
1609 5765 1824 5841 aliquod
1861 5766 1939 5841 _in

349 5835 731 5909 ιηωιιιιὶοιῖε,
762 5852 877 5909 quo
902 5838 1171 5893 sententia
1196 5855 1299 5892 non
1326 5847 1582 5904 mutetur,
1636 5838 1733 5892 sed
1760 5835 1941 5892 decla-

2047 4644 2179 4700 bere
2232 4647 2548 4713 cogebatur,
2613 4646 2900 4713 aliquando
2956 4649 3008 4700 in
3055 4661 3118 4702 ea
3177 4646 3469 4698 inciderit:
3503 4644 3633 4698 illud

2050 4717 2231 4784 potius
2264 4718 2456 4767 mirum
2494 4728 2874 4782 sunnnopere.
2914 4726 3078 4784 atque
3119 4718 3253 4769 adeo
3298 4715 3468 4769 instar
3506 4729 3634 4784 pro-

2049 4785 2177 4854 digii
2208 4795 2311 4845 est,
2346 4786 2520 4853 ipsum
2554 4795 2661 4837 tam
2696 4787 2860 4838 multa
2894 4801 3172 4839 sacrorum
3211 4785 3472 4838 librorum
3511 4787 3630 4838 loca

2052 4855 2311 4908 memoria
2338 4855 2648 4917 retinuisse,
2678 4867 2841 4924 atque
2872 4857 2923 4909 in
2950 4864 3224 4925 promptu,
3251 4857 3469 4924 quoties
3504 4870 3632 4908 usus

2048 4934 2212 4987 esSet,
2251 4926 2523 4987 habuisse,
2560 4940 2721 4991 quam
2768 4927 2934 4980 multa
2976 4928 3027 4979 in
3058 4928 3161 4981 hoc
3191 4940 3356 4995 Opere
3386 4926 3631 4995 allegan-

2052 5005 2170 5057 tur;
2203 5011 2320 5063 quae
2348 5005 2471 5047 sunt
2497 4997 2927 5049 innumerabilia.

2118 5064 2231 5134 (18)
2276 5064 2357 5116 Ad
2392 5064 2714 5136 Corinthios.
2752 5064 2894 5136 Lege
2922 5066 2959 5119 ΙΙ
3002 5068 3069 5119 ad
3112 5064 3240 5120 Cor.
3280 5080 3336 5130 ν,
3364 5063 3453 5127 18,
3486 5063 3553 5117 19
3577 5071 3633 5116 et

2046 5134 2153 5195 20;
2189 5135 2462 5206 ineeenitn
2511 5134 2659 5206 lfauli
2692 5134 2855 5188 verba
2887 5138 2974 5190 hic
3004 5136 3220 5206 allegat,
3256 5136 3352 5190 sed
3384 5149 3629 5189 sensum.

2119 5205 2232 5271 (l9)
2279 5203 2473 5257 Habet.
2507 5204 2543 5256 ll
2568 5205 2693 5258 Cor.
2723 5220 2775 5267 v,
2805 5206 2872 5259 19
2892 5216 2947 5259 et
2969 5208 3060 5260 20.

2119 5274 2233 5343 4:20)
2278 5272 2364 5327 Ut.
2416 5274 2490 5327 Ea
2529 5276 2721 5327 omitto
2763 5276 2813 5328 in
2861 5276 3244 5338 translatione,
3296 5289 3527 5344 quorum
3577 5281 3632 5327 et

2048 5344 2226 5405 lectio,
2268 5354 2322 5414 et
2362 5345 2629 5414 sententia
2681 5345 2908 5414 incerta.
2988 5347 3297 5414 Legendum
3355 5345 3625 5406 fortasse,

2044 5413 2387 5487 ἐγνωσμένον
2424 5413 2582 5487 τοῦτο
2620 5413 2875 5487 ποιεῦνν-ὲξ
2914 5413 3112 5487 ἔργων.

2117 5482 2237 5554 (21)
2266 5482 2389 5537 Non
2418 5484 2681 5554 judwaei.
2728 5484 2749 5538 l
2778 5484 2905 5539 Cor.
2939 5482 3002 5552 il,
3032 5486 3089 5552 2,
3132 5486 3221 5541 ubi
3251 5484 3439 5541 Graeca
3463 5482 3633 5538 editio

2045 5552 2245 5625 habet:
2272 5556 2333 5625 οὐ
2372 5552 2482 5624 γὰρ
2505 5552 2717 5625 ἔκρινα.

2118 5624 2229 5693 ('22)
2263 5622 2506 5677 Iustitia.
2562 5622 2721 5677 Boni.
2766 5639 2851 5688 ιιι,
2878 5623 2966 5679 22.

2116 5689 2229 5763 (‘25)
2284 5693 2539 5748 Scientes.
2586 5693 2766 5748 Galat.
2825 5711 2885 5755 n,
2946 5697 3035 5759 16,
3080 5694 3170 5748 ubi
3225 5694 3411 5749 Graeca
3464 5689 3633 5763 editio

2047 5759 2254 5834 habet:
2292 5764 2385 5834 Ei;
2422 5763 2657 5834 Χριστὸν
2684 5764 2938 5834 Αἰησοῦν.
2992 5766 3056 5819 Et
3084 5765 3242 5831 paulo
3284 5773 3405 5834 post
3433 5781 3444 5815 :
3476 5759 3622 5816 Διῦεί

2043 5833 2106 5886 οὐ
2131 5832 2554 5905 δικαιωθήσεται
2584 5833 2645 5897 ἐξ
2668 5832 2846 5904 ἔργων
2874 5836 3040 5906 νόμον
3064 5835 3215 5887 πᾶσα
3241 5832 3400 5904 σάρξ.
