  <div class='ocr_page' id='page_1' title='image "/cluster/home/n/w/nwhite01/storage/ocr_20150623/39/coo.31924054869361/148.png"; bbox 0 0 4004 6482; ppageno 0'>
   <div class='ocr_carea' id='block_1_1' title="bbox 241 367 2512 441">
    <p class='ocr_par' dir='ltr' id='par_1_1' title="bbox 241 367 2512 441">
     <span class='ocr_line' id='line_1_1' title="bbox 241 367 2512 441; baseline 0 -2"><span class='ocrx_word' id='word_1_1' title='bbox 241 367 317 426; x_wconf 69' lang='grc' dir='ltr'>εει</span> <span class='ocrx_word' id='word_1_2' title='bbox 1440 383 1529 439; x_wconf 77' lang='lat' dir='ltr'><strong>ne</strong></span> <span class='ocrx_word' id='word_1_3' title='bbox 1565 383 1951 441; x_wconf 76' lang='lat' dir='ltr'><strong>TRIMTATE</strong></span> <span class='ocrx_word' id='word_1_4' title='bbox 1989 384 2190 440; x_wconf 80' lang='lat' dir='ltr'><strong>LIBER</strong></span> <span class='ocrx_word' id='word_1_5' title='bbox 2232 382 2512 441; x_wconf 76' lang='lat' dir='ltr'><strong>panius.</strong></span> 
     </span>
    </p>
   </div>
   <div class='ocr_carea' id='block_1_2' title="bbox 3505 380 3618 440">
    <p class='ocr_par' dir='ltr' id='par_1_2' title="bbox 3505 380 3618 440">
     <span class='ocr_line' id='line_1_2' title="bbox 3505 380 3618 440; baseline 0.018 -2"><span class='ocrx_word' id='word_1_6' title='bbox 3505 380 3618 440; x_wconf 61' lang='lat'><strong>28&quot;!</strong></span> 
     </span>
    </p>
   </div>
   <div class='ocr_carea' id='block_1_3' title="bbox 238 486 1933 573">
    <p class='ocr_par' dir='ltr' id='par_1_3' title="bbox 238 486 1925 573">
     <span class='ocr_line' id='line_1_3' title="bbox 238 486 1925 573; baseline 0.004 -23"><span class='ocrx_word' id='word_1_7' title='bbox 238 486 431 542; x_wconf 55' lang='grc' dir='ltr'><strong>αἰτῶν·</strong></span> <span class='ocrx_word' id='word_1_8' title='bbox 480 492 681 562; x_wconf 82' lang='grc' dir='ltr'><strong>ὅμως</strong></span> <span class='ocrx_word' id='word_1_9' title='bbox 738 497 926 554; x_wconf 75' lang='grc' dir='ltr'><strong>οὕτω</strong></span> <span class='ocrx_word' id='word_1_10' title='bbox 978 501 1162 556; x_wconf 84' lang='grc' dir='ltr'><strong>πάντα</strong></span> <span class='ocrx_word' id='word_1_11' title='bbox 1194 501 1312 555; x_wconf 82' lang='grc' dir='ltr'>νοῦν</span> <span class='ocrx_word' id='word_1_12' title='bbox 1360 500 1715 573; x_wconf 78' lang='grc' dir='ltr'>ὑπερΰαίνει·</span> <span class='ocrx_word' id='word_1_13' title='bbox 1773 504 1855 557; x_wconf 80' lang='grc' dir='ltr'><strong>ὅτι</strong></span> <span class='ocrx_word' id='word_1_14' title='bbox 1896 505 1925 557; x_wconf 80' lang='grc' dir='ltr'><strong>ὁ</strong></span> 
     </span>
    </p>
   </div>
   <div class='ocr_carea' id='block_1_4' title="bbox 2040 486 3612 573">
    <p class='ocr_par' dir='ltr' id='par_1_4' title="bbox 2040 499 3612 572">
     <span class='ocr_line' id='line_1_4' title="bbox 2040 499 3612 572; baseline -0.003 -15"><span class='ocrx_word' id='word_1_15' title='bbox 2040 505 2170 558; x_wconf 78' lang='lat' dir='ltr'><strong>dem</strong></span> <span class='ocrx_word' id='word_1_16' title='bbox 2204 504 2483 572; x_wconf 86' lang='lat' dir='ltr'><strong>apostolus</strong></span> <span class='ocrx_word' id='word_1_17' title='bbox 2512 502 2813 558; x_wconf 79' lang='lat' dir='ltr'><strong>Corinthiis</strong></span> <span class='ocrx_word' id='word_1_18' title='bbox 2850 500 3045 558; x_wconf 77' lang='lat' dir='ltr'><strong>scribit.</strong></span> <span class='ocrx_word' id='word_1_19' title='bbox 3076 518 3090 554; x_wconf 88' lang='lat'><strong>:</strong></span> <span class='ocrx_word' id='word_1_20' title='bbox 3126 499 3232 554; x_wconf 82' lang='lat' dir='ltr'><strong>Dea</strong></span> <span class='ocrx_word' id='word_1_21' title='bbox 3275 509 3449 553; x_wconf 82' lang='lat' dir='ltr'><strong>autem</strong></span> <span class='ocrx_word' id='word_1_22' title='bbox 3498 500 3612 570; x_wconf 82' lang='lat'><strong>(57)</strong></span> 
     </span>
    </p>
   </div>
   <div class='ocr_carea' id='block_1_5' title="bbox 236 578 1924 663">
    <p class='ocr_par' dir='ltr' id='par_1_5' title="bbox 236 578 1924 663">
     <span class='ocr_line' id='line_1_5' title="bbox 236 578 1924 663; baseline 0.02 -32"><span class='ocrx_word' id='word_1_23' title='bbox 236 578 381 645; x_wconf 71' lang='grc' dir='ltr'><strong>αὐτὸς</strong></span> <span class='ocrx_word' id='word_1_24' title='bbox 418 582 804 654; x_wconf 65' lang='grc' dir='ltr'><strong>ἀπόστολος</strong></span> <span class='ocrx_word' id='word_1_25' title='bbox 843 591 1182 662; x_wconf 73' lang='grc' dir='ltr'><strong>Κορινθίοις</strong></span> <span class='ocrx_word' id='word_1_26' title='bbox 1203 593 1432 663; x_wconf 69' lang='grc' dir='ltr'>γράψει’</span> <span class='ocrx_word' id='word_1_27' title='bbox 1464 593 1549 658; x_wconf 78' lang='grc' dir='ltr'><strong>Τῷ</strong></span> <span class='ocrx_word' id='word_1_28' title='bbox 1580 593 1650 647; x_wconf 76' lang='grc' dir='ltr'><em>δὲ</em></span> <span class='ocrx_word' id='word_1_29' title='bbox 1677 592 1798 658; x_wconf 79' lang='grc' dir='ltr'><strong>θεῷ</strong></span> <span class='ocrx_word' id='word_1_30' title='bbox 1824 594 1924 663; x_wconf 80' lang='grc' dir='ltr'><strong>χά·</strong></span> 
     </span>
    </p>
   </div>
   <div class='ocr_carea' id='block_1_6' title="bbox 233 670 1921 755">
    <p class='ocr_par' dir='ltr' id='par_1_6' title="bbox 233 670 1921 755">
     <span class='ocr_line' id='line_1_6' title="bbox 233 670 1921 755; baseline 0.008 -30"><span class='ocrx_word' id='word_1_31' title='bbox 233 687 339 740; x_wconf 66' lang='lat' dir='ltr'><strong>pte,</strong></span> <span class='ocrx_word' id='word_1_32' title='bbox 380 670 472 738; x_wconf 78' lang='grc' dir='ltr'><strong>τῷ</strong></span> <span class='ocrx_word' id='word_1_33' title='bbox 519 676 857 735; x_wconf 75' lang='grc' dir='ltr'><strong>πὰντοτε</strong></span> <span class='ocrx_word' id='word_1_34' title='bbox 905 684 1321 753; x_wconf 80' lang='grc' dir='ltr'><strong>θριαμϐεύοντι</strong></span> <span class='ocrx_word' id='word_1_35' title='bbox 1364 683 1525 754; x_wconf 72' lang='grc' dir='ltr'>ἡμᾶς</span> <span class='ocrx_word' id='word_1_36' title='bbox 1564 685 1637 739; x_wconf 77' lang='grc' dir='ltr'><strong>ἐν</strong></span> <span class='ocrx_word' id='word_1_37' title='bbox 1673 684 1753 752; x_wconf 83' lang='grc' dir='ltr'><strong>τῷ</strong></span> <span class='ocrx_word' id='word_1_38' title='bbox 1787 689 1921 755; x_wconf 82' lang='grc' dir='ltr'><strong>Χρι-</strong></span> 
     </span>
    </p>
   </div>
   <div class='ocr_carea' id='block_1_7' title="bbox 244 762 1922 846">
    <p class='ocr_par' dir='ltr' id='par_1_7' title="bbox 244 762 1922 846">
     <span class='ocr_line' id='line_1_7' title="bbox 244 762 1922 846; baseline 0.009 -30"><span class='ocrx_word' id='word_1_39' title='bbox 244 762 381 829; x_wconf 78' lang='grc' dir='ltr'>στῷ,</span> <span class='ocrx_word' id='word_1_40' title='bbox 420 767 539 820; x_wconf 77' lang='grc' dir='ltr'><strong>καὶ</strong></span> <span class='ocrx_word' id='word_1_41' title='bbox 578 768 731 837; x_wconf 76' lang='grc' dir='ltr'><strong>τῆν</strong></span> <span class='ocrx_word' id='word_1_42' title='bbox 773 774 1017 843; x_wconf 79' lang='grc' dir='ltr'><strong>ὀσμὴν</strong></span> <span class='ocrx_word' id='word_1_43' title='bbox 1040 773 1150 844; x_wconf 88' lang='grc' dir='ltr'><strong>τῆς</strong></span> <span class='ocrx_word' id='word_1_44' title='bbox 1195 776 1469 846; x_wconf 79' lang='grc' dir='ltr'>γνώσεως</span> <span class='ocrx_word' id='word_1_45' title='bbox 1510 777 1922 846; x_wconf 71' lang='grc' dir='ltr'><strong>φανερώσαντι</strong></span> 
     </span>
    </p>
   </div>
   <div class='ocr_carea' id='block_1_8' title="bbox 254 858 1924 940">
    <p class='ocr_par' dir='ltr' id='par_1_8' title="bbox 254 858 1924 940">
     <span class='ocr_line' id='line_1_8' title="bbox 254 858 1924 940; baseline 0.007 -29"><span class='ocrx_word' id='word_1_46' title='bbox 254 858 322 912; x_wconf 79' lang='grc' dir='ltr'><strong>δι’</strong></span> <span class='ocrx_word' id='word_1_47' title='bbox 359 859 542 930; x_wconf 71' lang='grc' dir='ltr'><strong>ἡμῶν</strong></span> <span class='ocrx_word' id='word_1_48' title='bbox 565 880 584 895; x_wconf 71' lang='grc' dir='ltr'>σ</span> <span class='ocrx_word' id='word_1_49' title='bbox 621 863 722 928; x_wconf 77' lang='grc' dir='ltr'><strong>ὡς</strong></span> <span class='ocrx_word' id='word_1_50' title='bbox 765 868 859 938; x_wconf 81' lang='grc' dir='ltr'><strong>μὴ</strong></span> <span class='ocrx_word' id='word_1_51' title='bbox 910 868 1100 937; x_wconf 81' lang='grc' dir='ltr'><strong>πάσης</strong></span> <span class='ocrx_word' id='word_1_52' title='bbox 1125 867 1224 938; x_wconf 83' lang='grc' dir='ltr'><strong>τῆς</strong></span> <span class='ocrx_word' id='word_1_53' title='bbox 1255 868 1508 937; x_wconf 81' lang='grc' dir='ltr'>γνώσεως</span> <span class='ocrx_word' id='word_1_54' title='bbox 1532 871 1700 940; x_wconf 76' lang='grc' dir='ltr'>ἡμᾶς,</span> <span class='ocrx_word' id='word_1_55' title='bbox 1733 869 1823 923; x_wconf 83' lang='grc' dir='ltr'><strong>δια</strong></span> <span class='ocrx_word' id='word_1_56' title='bbox 1860 869 1924 922; x_wconf 84' lang='grc' dir='ltr'><strong>τὸ</strong></span> 
     </span>
    </p>
   </div>
   <div class='ocr_carea' id='block_1_9' title="bbox 273 952 1923 1033">
    <p class='ocr_par' dir='ltr' id='par_1_9' title="bbox 273 952 1923 1033">
     <span class='ocr_line' id='line_1_9' title="bbox 273 952 1923 1033; baseline 0.004 -27"><span class='ocrx_word' id='word_1_57' title='bbox 273 952 580 1025; x_wconf 46' lang='lat' dir='ltr'><strong>nemo»,</strong></span> <span class='ocrx_word' id='word_1_58' title='bbox 622 957 769 1011; x_wconf 80' lang='grc' dir='ltr'>ἀλλ’</span> <span class='ocrx_word' id='word_1_59' title='bbox 804 954 936 1013; x_wconf 76' lang='grc' dir='ltr'><strong>οἷόν</strong></span> <span class='ocrx_word' id='word_1_60' title='bbox 962 977 1108 1024; x_wconf 86' lang='grc' dir='ltr'><strong>τινος</strong></span> <span class='ocrx_word' id='word_1_61' title='bbox 1131 960 1498 1031; x_wconf 77' lang='grc' dir='ltr'><strong>ἰνδάλματοςῆ</strong></span> <span class='ocrx_word' id='word_1_62' title='bbox 1532 960 1705 1031; x_wconf 84' lang='grc' dir='ltr'>αὔρας</span> <span class='ocrx_word' id='word_1_63' title='bbox 1734 961 1923 1033; x_wconf 77' lang='grc' dir='ltr'>ὥσπερ</span> 
     </span>
    </p>
   </div>
   <div class='ocr_carea' id='block_1_10' title="bbox 295 1049 1922 1124">
    <p class='ocr_par' dir='ltr' id='par_1_10' title="bbox 295 1049 1922 1124">
     <span class='ocr_line' id='line_1_10' title="bbox 295 1049 1922 1124; baseline 0.004 -23"><span class='ocrx_word' id='word_1_64' title='bbox 295 1049 692 1118; x_wconf 55' lang='grc' dir='ltr'><strong>μεως-κοντας.</strong></span> <span class='ocrx_word' id='word_1_65' title='bbox 748 1054 887 1106; x_wconf 74' lang='grc' dir='ltr'><strong>Καὶ</strong></span> <span class='ocrx_word' id='word_1_66' title='bbox 940 1053 1103 1106; x_wconf 81' lang='grc' dir='ltr'>πάλιν</span> <span class='ocrx_word' id='word_1_67' title='bbox 1126 1071 1140 1084; x_wconf 90' lang='grc'><strong>·</strong></span> <span class='ocrx_word' id='word_1_68' title='bbox 1190 1053 1504 1124; x_wconf 76' lang='grc' dir='ltr'><strong>Βλέπομεν</strong></span> <span class='ocrx_word' id='word_1_69' title='bbox 1556 1054 1625 1108; x_wconf 84' lang='grc' dir='ltr'><em>δὲ</em></span> <span class='ocrx_word' id='word_1_70' title='bbox 1692 1054 1767 1107; x_wconf 83' lang='grc' dir='ltr'><strong>δι’</strong></span> <span class='ocrx_word' id='word_1_71' title='bbox 1816 1055 1922 1107; x_wconf 86' lang='grc' dir='ltr'><strong>ἑσ-</strong></span> 
     </span>
    </p>
   </div>
   <div class='ocr_carea' id='block_1_11' title="bbox 312 1140 1924 1218">
    <p class='ocr_par' dir='ltr' id='par_1_11' title="bbox 312 1140 1924 1218">
     <span class='ocr_line' id='line_1_11' title="bbox 312 1140 1924 1218; baseline 0.004 -24"><span class='ocrx_word' id='word_1_72' title='bbox 312 1140 522 1208; x_wconf 73' lang='grc' dir='ltr'><strong>όπτρον</strong></span> <span class='ocrx_word' id='word_1_73' title='bbox 560 1142 667 1195; x_wconf 85' lang='grc' dir='ltr'><strong>καὶ</strong></span> <span class='ocrx_word' id='word_1_74' title='bbox 704 1145 795 1198; x_wconf 78' lang='grc' dir='ltr'><strong>ἐν</strong></span> <span class='ocrx_word' id='word_1_75' title='bbox 817 1146 1127 1215; x_wconf 68' lang='grc' dir='ltr'><em>αἰνίγματι</em></span> <span class='ocrx_word' id='word_1_76' title='bbox 1153 1146 1224 1199; x_wconf 82' lang='grc' dir='ltr'><strong>τὰ</strong></span> <span class='ocrx_word' id='word_1_77' title='bbox 1255 1147 1381 1217; x_wconf 72' lang='grc' dir='ltr'>περὶ</span> <span class='ocrx_word' id='word_1_78' title='bbox 1414 1145 1601 1199; x_wconf 82' lang='grc' dir='ltr'>αὑτοῦ.</span> <span class='ocrx_word' id='word_1_79' title='bbox 1635 1146 1746 1200; x_wconf 79' lang='grc' dir='ltr'><strong>Καὶ</strong></span> <span class='ocrx_word' id='word_1_80' title='bbox 1780 1147 1924 1218; x_wconf 72' lang='grc' dir='ltr'><strong>μάλα</strong></span> 
     </span>
    </p>
   </div>
   <div class='ocr_carea' id='block_1_12' title="bbox 326 1233 1924 1307">
    <p class='ocr_par' dir='ltr' id='par_1_12' title="bbox 326 1233 1924 1307">
     <span class='ocr_line' id='line_1_12' title="bbox 326 1233 1924 1307; baseline 0.005 -22"><span class='ocrx_word' id='word_1_81' title='bbox 326 1233 550 1296; x_wconf 72' lang='grc' dir='ltr'><strong>εἰκότως·</strong></span> <span class='ocrx_word' id='word_1_82' title='bbox 583 1233 762 1299; x_wconf 81' lang='grc' dir='ltr'><strong>Δόξα</strong></span> <span class='ocrx_word' id='word_1_83' title='bbox 792 1236 917 1305; x_wconf 75' lang='grc' dir='ltr'>γὰρ</span> <span class='ocrx_word' id='word_1_84' title='bbox 949 1238 1171 1305; x_wconf 79' lang='grc' dir='ltr'><strong>Κυρίου</strong></span> <span class='ocrx_word' id='word_1_85' title='bbox 1213 1241 1461 1307; x_wconf 78' lang='grc' dir='ltr'><strong>κρύπτει</strong></span> <span class='ocrx_word' id='word_1_86' title='bbox 1481 1239 1668 1307; x_wconf 71' lang='grc' dir='ltr'><em>λόγον</em></span> <span class='ocrx_word' id='word_1_87' title='bbox 1692 1238 1834 1292; x_wconf 83' lang='grc' dir='ltr'><strong>κατὰ</strong></span> <span class='ocrx_word' id='word_1_88' title='bbox 1863 1239 1924 1293; x_wconf 76' lang='grc' dir='ltr'><strong>τὸ</strong></span> 
     </span>
    </p>
   </div>
   <div class='ocr_carea' id='block_1_13' title="bbox 335 1324 1925 1403">
    <p class='ocr_par' dir='ltr' id='par_1_13' title="bbox 335 1324 1925 1403">
     <span class='ocr_line' id='line_1_13' title="bbox 335 1324 1925 1403; baseline 0.005 -26"><span class='ocrx_word' id='word_1_89' title='bbox 335 1324 461 1378; x_wconf 68' lang='grc' dir='ltr'>θεῖον</span> <span class='ocrx_word' id='word_1_90' title='bbox 488 1328 673 1397; x_wconf 73' lang='grc' dir='ltr'>ῥητὸν,</span> <span class='ocrx_word' id='word_1_91' title='bbox 709 1328 1103 1400; x_wconf 81' lang='grc' dir='ltr'>ὑπερκειμένη</span> <span class='ocrx_word' id='word_1_92' title='bbox 1137 1330 1398 1401; x_wconf 83' lang='grc' dir='ltr'><strong>ἀφράοτῳ</strong></span> <span class='ocrx_word' id='word_1_93' title='bbox 1422 1333 1516 1386; x_wconf 74' lang='grc' dir='ltr'><strong>καὶ</strong></span> <span class='ocrx_word' id='word_1_94' title='bbox 1542 1331 1756 1403; x_wconf 83' lang='grc' dir='ltr'>ἀπείρῳ</span> <span class='ocrx_word' id='word_1_95' title='bbox 1781 1331 1925 1403; x_wconf 79' lang='grc' dir='ltr'><strong>λόγῳ</strong></span> 
     </span>
    </p>
   </div>
   <div class='ocr_carea' id='block_1_14' title="bbox 338 1417 1924 1491">
    <p class='ocr_par' dir='ltr' id='par_1_14' title="bbox 338 1417 1924 1491">
     <span class='ocr_line' id='line_1_14' title="bbox 338 1417 1924 1491; baseline 0.005 -23"><span class='ocrx_word' id='word_1_96' title='bbox 338 1417 503 1489; x_wconf 75' lang='grc' dir='ltr'>πάσης</span> <span class='ocrx_word' id='word_1_97' title='bbox 552 1418 883 1490; x_wconf 78' lang='grc' dir='ltr'><strong>αἰσθήσεως</strong></span> <span class='ocrx_word' id='word_1_98' title='bbox 933 1419 1199 1491; x_wconf 84' lang='grc' dir='ltr'><strong>γενητῆς·</strong></span> <span class='ocrx_word' id='word_1_99' title='bbox 1241 1421 1303 1474; x_wconf 82' lang='grc' dir='ltr'><strong>οὐ</strong></span> <span class='ocrx_word' id='word_1_100' title='bbox 1348 1421 1437 1476; x_wconf 84' lang='grc' dir='ltr'><strong>διὰ</strong></span> <span class='ocrx_word' id='word_1_101' title='bbox 1473 1422 1535 1475; x_wconf 84' lang='grc' dir='ltr'><strong>τὸ</strong></span> <span class='ocrx_word' id='word_1_102' title='bbox 1582 1422 1924 1476; x_wconf 76' lang='grc' dir='ltr'><strong>ἀϐάστακτον</strong></span> 
     </span>
    </p>
   </div>
   <div class='ocr_carea' id='block_1_15' title="bbox 339 1510 1923 1587">
    <p class='ocr_par' dir='ltr' id='par_1_15' title="bbox 339 1510 1923 1587">
     <span class='ocr_line' id='line_1_15' title="bbox 339 1510 1923 1587; baseline 0.004 -25"><span class='ocrx_word' id='word_1_103' title='bbox 339 1510 526 1581; x_wconf 77' lang='grc' dir='ltr'>μόνον,</span> <span class='ocrx_word' id='word_1_104' title='bbox 550 1511 670 1564; x_wconf 78' lang='grc' dir='ltr'><strong>ἀλλ’</strong></span> <span class='ocrx_word' id='word_1_105' title='bbox 709 1513 799 1565; x_wconf 81' lang='grc' dir='ltr'><strong>ὅτι</strong></span> <span class='ocrx_word' id='word_1_106' title='bbox 827 1512 891 1566; x_wconf 85' lang='grc' dir='ltr'><strong>τὸ</strong></span> <span class='ocrx_word' id='word_1_107' title='bbox 936 1511 1261 1583; x_wconf 84' lang='grc' dir='ltr'>προαιώνιον</span> <span class='ocrx_word' id='word_1_108' title='bbox 1300 1515 1395 1568; x_wconf 79' lang='grc' dir='ltr'><strong>καὶ</strong></span> <span class='ocrx_word' id='word_1_109' title='bbox 1437 1515 1545 1586; x_wconf 83' lang='grc' dir='ltr'>πρὸ</span> <span class='ocrx_word' id='word_1_110' title='bbox 1583 1515 1766 1587; x_wconf 83' lang='grc' dir='ltr'><strong>πάσης</strong></span> <span class='ocrx_word' id='word_1_111' title='bbox 1806 1516 1923 1569; x_wconf 83' lang='grc' dir='ltr'><strong>κτί-</strong></span> 
     </span>
    </p>
   </div>
   <div class='ocr_carea' id='block_1_16' title="bbox 336 1603 1925 1678">
    <p class='ocr_par' dir='ltr' id='par_1_16' title="bbox 336 1603 1925 1678">
     <span class='ocr_line' id='line_1_16' title="bbox 336 1603 1925 1678; baseline 0.004 -24"><span class='ocrx_word' id='word_1_112' title='bbox 336 1618 493 1665; x_wconf 83' lang='grc' dir='ltr'>σεως,</span> <span class='ocrx_word' id='word_1_113' title='bbox 539 1605 591 1657; x_wconf 75' lang='grc' dir='ltr'>εἰ</span> <span class='ocrx_word' id='word_1_114' title='bbox 638 1604 720 1675; x_wconf 81' lang='grc' dir='ltr'><strong>μὴ</strong></span> <span class='ocrx_word' id='word_1_115' title='bbox 765 1603 876 1658; x_wconf 76' lang='grc' dir='ltr'><strong>ὑπὸ</strong></span> <span class='ocrx_word' id='word_1_116' title='bbox 919 1605 1151 1676; x_wconf 76' lang='grc' dir='ltr'><strong>Γραφῶν</strong></span> <span class='ocrx_word' id='word_1_117' title='bbox 1201 1606 1488 1677; x_wconf 60' lang='grc' dir='ltr'><strong>ἂδήλωτο,</strong></span> <span class='ocrx_word' id='word_1_118' title='bbox 1534 1608 1576 1637; x_wconf 83' lang='grc'><strong>⁹¹</strong></span> <span class='ocrx_word' id='word_1_119' title='bbox 1629 1610 1697 1678; x_wconf 82' lang='grc' dir='ltr'><strong>τῇ</strong></span> <span class='ocrx_word' id='word_1_120' title='bbox 1747 1607 1925 1661; x_wconf 80' lang='grc' dir='ltr'><strong>κτίσει</strong></span> 
     </span>
    </p>
   </div>
   <div class='ocr_carea' id='block_1_17' title="bbox 332 1696 1926 1771">
    <p class='ocr_par' dir='ltr' id='par_1_17' title="bbox 332 1696 1926 1771">
     <span class='ocr_line' id='line_1_17' title="bbox 332 1696 1926 1771; baseline 0.003 -23"><span class='ocrx_word' id='word_1_121' title='bbox 332 1696 485 1764; x_wconf 78' lang='grc' dir='ltr'><strong>ὴγνω</strong></span> <span class='ocrx_word' id='word_1_122' title='bbox 514 1735 529 1749; x_wconf 93' lang='grc'><strong>.</strong></span> <span class='ocrx_word' id='word_1_123' title='bbox 558 1734 573 1749; x_wconf 92' lang='grc'><strong>.</strong></span> <span class='ocrx_word' id='word_1_124' title='bbox 608 1736 622 1750; x_wconf 92' lang='grc'><strong>.</strong></span> <span class='ocrx_word' id='word_1_125' title='bbox 668 1735 684 1749; x_wconf 90' lang='grc'><strong>.</strong></span> <span class='ocrx_word' id='word_1_126' title='bbox 730 1699 831 1750; x_wconf 76' lang='grc' dir='ltr'><strong>καὶ</strong></span> <span class='ocrx_word' id='word_1_127' title='bbox 866 1698 1025 1751; x_wconf 79' lang='grc' dir='ltr'>πάλιν</span> <span class='ocrx_word' id='word_1_128' title='bbox 1053 1700 1166 1762; x_wconf 86' lang='grc' dir='ltr'><strong>τοῖς</strong></span> <span class='ocrx_word' id='word_1_129' title='bbox 1194 1699 1379 1763; x_wconf 80' lang='grc' dir='ltr'>αὐτοῖς</span> <span class='ocrx_word' id='word_1_130' title='bbox 1399 1699 1462 1752; x_wconf 86' lang='grc' dir='ltr'><strong>τὸ</strong></span> <span class='ocrx_word' id='word_1_131' title='bbox 1488 1698 1740 1771; x_wconf 81' lang='grc' dir='ltr'>δεύτερον</span> <span class='ocrx_word' id='word_1_132' title='bbox 1765 1702 1809 1732; x_wconf 84' lang='grc'>¹¹</span> <span class='ocrx_word' id='word_1_133' title='bbox 1845 1702 1926 1764; x_wconf 78' lang='grc' dir='ltr'><strong>εἰς</strong></span> 
     </span>
    </p>
   </div>
   <div class='ocr_carea' id='block_1_18' title="bbox 334 1787 1924 1860">
    <p class='ocr_par' dir='ltr' id='par_1_18' title="bbox 334 1787 1924 1860">
     <span class='ocr_line' id='line_1_18' title="bbox 334 1787 1924 1860; baseline 0.003 -19"><span class='ocrx_word' id='word_1_134' title='bbox 334 1787 494 1841; x_wconf 74' lang='grc' dir='ltr'><strong>τοῦτο</strong></span> <span class='ocrx_word' id='word_1_135' title='bbox 534 1789 1405 1857; x_wconf 76' lang='grc' dir='ltr'>παγκαλο..........ει’</span> <span class='ocrx_word' id='word_1_136' title='bbox 1461 1790 1659 1860; x_wconf 80' lang='grc' dir='ltr'><strong>Ἡμεῖς</strong></span> <span class='ocrx_word' id='word_1_137' title='bbox 1698 1790 1769 1845; x_wconf 79' lang='grc' dir='ltr'><strong>δὲ</strong></span> <span class='ocrx_word' id='word_1_138' title='bbox 1811 1793 1924 1845; x_wconf 85' lang='grc' dir='ltr'><strong>οὐκ</strong></span> 
     </span>
    </p>
   </div>
   <div class='ocr_carea' id='block_1_19' title="bbox 2026 587 3615 665">
    <p class='ocr_par' dir='ltr' id='par_1_19' title="bbox 2026 587 3615 665">
     <span class='ocr_line' id='line_1_19' title="bbox 2026 587 3615 665; baseline -0.002 -18"><span class='ocrx_word' id='word_1_139' title='bbox 2026 595 2244 665; x_wconf 82' lang='lat' dir='ltr'><strong>gratias,</strong></span> <span class='ocrx_word' id='word_1_140' title='bbox 2275 595 2365 662; x_wconf 82' lang='lat' dir='ltr'><strong>qui</strong></span> <span class='ocrx_word' id='word_1_141' title='bbox 2386 610 2588 660; x_wconf 87' lang='lat' dir='ltr'><strong>semper</strong></span> <span class='ocrx_word' id='word_1_142' title='bbox 2620 590 2905 659; x_wconf 83' lang='lat' dir='ltr'><strong>triumphat</strong></span> <span class='ocrx_word' id='word_1_143' title='bbox 2940 607 3034 644; x_wconf 82' lang='lat' dir='ltr'><strong>nos</strong></span> <span class='ocrx_word' id='word_1_144' title='bbox 3068 591 3123 643; x_wconf 88' lang='lat' dir='ltr'><strong>in</strong></span> <span class='ocrx_word' id='word_1_145' title='bbox 3150 587 3383 654; x_wconf 83' lang='lat' dir='ltr'><strong>Christo,</strong></span> <span class='ocrx_word' id='word_1_146' title='bbox 3411 599 3459 642; x_wconf 85' lang='lat' dir='ltr'><strong>et</strong></span> <span class='ocrx_word' id='word_1_147' title='bbox 3481 590 3615 644; x_wconf 87' lang='lat' dir='ltr'><strong>odo-</strong></span> 
     </span>
    </p>
   </div>
   <div class='ocr_carea' id='block_1_20' title="bbox 2026 682 3617 755">
    <p class='ocr_par' dir='ltr' id='par_1_20' title="bbox 2026 682 3617 755">
     <span class='ocr_line' id='line_1_20' title="bbox 2026 682 3617 755; baseline -0.001 -17"><span class='ocrx_word' id='word_1_148' title='bbox 2026 702 2133 740; x_wconf 85' lang='lat' dir='ltr'><strong>rem</strong></span> <span class='ocrx_word' id='word_1_149' title='bbox 2161 686 2472 755; x_wconf 82' lang='lat' dir='ltr'><strong>cognitionis</strong></span> <span class='ocrx_word' id='word_1_150' title='bbox 2490 684 2844 753; x_wconf 74' lang='lat' dir='ltr'><strong>manifestavit</strong></span> <span class='ocrx_word' id='word_1_151' title='bbox 2897 699 2990 751; x_wconf 87' lang='lat' dir='ltr'><strong>per</strong></span> <span class='ocrx_word' id='word_1_152' title='bbox 3028 696 3169 735; x_wconf 89' lang='lat' dir='ltr'><strong>nos:</strong></span> <span class='ocrx_word' id='word_1_153' title='bbox 3215 683 3359 751; x_wconf 86' lang='lat' dir='ltr'><strong>quod</strong></span> <span class='ocrx_word' id='word_1_154' title='bbox 3407 682 3617 737; x_wconf 73' lang='lat' dir='ltr'><strong>scilicet</strong></span> 
     </span>
    </p>
   </div>
   <div class='ocr_carea' id='block_1_21' title="bbox 2026 776 3618 848">
    <p class='ocr_par' dir='ltr' id='par_1_21' title="bbox 2026 776 3618 848">
     <span class='ocr_line' id='line_1_21' title="bbox 2026 776 3618 848; baseline -0.002 -15"><span class='ocrx_word' id='word_1_155' title='bbox 2026 794 2137 833; x_wconf 90' lang='lat' dir='ltr'><strong>non</strong></span> <span class='ocrx_word' id='word_1_156' title='bbox 2162 778 2347 833; x_wconf 89' lang='lat' dir='ltr'><strong>omnis</strong></span> <span class='ocrx_word' id='word_1_157' title='bbox 2383 778 2737 848; x_wconf 80' lang='lat' dir='ltr'><strong>cognitionis,</strong></span> <span class='ocrx_word' id='word_1_158' title='bbox 2757 776 2886 846; x_wconf 88' lang='lat' dir='ltr'><strong>quia</strong></span> <span class='ocrx_word' id='word_1_159' title='bbox 2916 790 3037 829; x_wconf 88' lang='lat' dir='ltr'><strong>eam</strong></span> <span class='ocrx_word' id='word_1_160' title='bbox 3093 790 3290 842; x_wconf 80' lang='lat' dir='ltr'><strong>capere</strong></span> <span class='ocrx_word' id='word_1_161' title='bbox 3325 790 3432 828; x_wconf 89' lang='lat' dir='ltr'><strong>non</strong></span> <span class='ocrx_word' id='word_1_162' title='bbox 3491 790 3618 846; x_wconf 88' lang='lat' dir='ltr'><strong>pos-</strong></span> 
     </span>
    </p>
   </div>
   <div class='ocr_carea' id='block_1_22' title="bbox 2026 852 3614 941">
    <p class='ocr_par' dir='ltr' id='par_1_22' title="bbox 2026 852 3614 941">
     <span class='ocr_line' id='line_1_22' title="bbox 2026 852 3614 941; baseline 0.001 -18"><span class='ocrx_word' id='word_1_163' title='bbox 2026 886 2236 933; x_wconf 87' lang='lat' dir='ltr'><strong>sumus.</strong></span> <span class='ocrx_word' id='word_1_164' title='bbox 2275 870 2576 939; x_wconf 71' lang='lat' dir='ltr'><strong>participes</strong></span> <span class='ocrx_word' id='word_1_165' title='bbox 2607 871 2736 924; x_wconf 81' lang='lat' dir='ltr'><strong>facti</strong></span> <span class='ocrx_word' id='word_1_166' title='bbox 2768 872 2967 935; x_wconf 88' lang='lat' dir='ltr'><strong>simus,</strong></span> <span class='ocrx_word' id='word_1_167' title='bbox 3001 871 3095 925; x_wconf 88' lang='lat' dir='ltr'><strong>sed</strong></span> <span class='ocrx_word' id='word_1_168' title='bbox 3124 870 3291 923; x_wconf 88' lang='lat' dir='ltr'><strong>veluti</strong></span> <span class='ocrx_word' id='word_1_169' title='bbox 3330 852 3614 941; x_wconf 86' lang='lat' dir='ltr'><strong>cujusdam</strong></span> 
     </span>
    </p>
   </div>
   <div class='ocr_carea' id='block_1_23' title="bbox 2024 962 3621 1035">
    <p class='ocr_par' dir='ltr' id='par_1_23' title="bbox 2024 962 3621 1035">
     <span class='ocr_line' id='line_1_23' title="bbox 2024 962 3621 1035; baseline 0.001 -18"><span class='ocrx_word' id='word_1_170' title='bbox 2024 962 2327 1027; x_wconf 84' lang='lat' dir='ltr'><strong>simulacri,</strong></span> <span class='ocrx_word' id='word_1_171' title='bbox 2388 973 2484 1016; x_wconf 90' lang='lat' dir='ltr'><strong>aut</strong></span> <span class='ocrx_word' id='word_1_172' title='bbox 2520 978 2667 1017; x_wconf 71' lang='lat' dir='ltr'><strong>aura:</strong></span> <span class='ocrx_word' id='word_1_173' title='bbox 2719 962 2855 1034; x_wconf 82' lang='lat'><strong>(58).</strong></span> <span class='ocrx_word' id='word_1_174' title='bbox 2914 962 2978 1017; x_wconf 92' lang='lat' dir='ltr'><strong>Et</strong></span> <span class='ocrx_word' id='word_1_175' title='bbox 3013 962 3506 1018; x_wconf 85' lang='lat' dir='ltr'><strong>rursus;Videmus</strong></span> <span class='ocrx_word' id='word_1_176' title='bbox 3561 966 3621 1035; x_wconf 79' lang='lat'><strong>8</strong></span> 
     </span>
    </p>
   </div>
   <div class='ocr_carea' id='block_1_24' title="bbox 2026 1055 3620 1126">
    <p class='ocr_par' dir='ltr' id='par_1_24' title="bbox 2026 1055 3620 1126">
     <span class='ocr_line' id='line_1_24' title="bbox 2026 1055 3620 1126; baseline 0.001 -17"><span class='ocrx_word' id='word_1_177' title='bbox 2026 1067 2199 1109; x_wconf 88' lang='lat' dir='ltr'><strong>autem</strong></span> <span class='ocrx_word' id='word_1_178' title='bbox 2225 1055 2338 1125; x_wconf 73' lang='lat'><strong>(59)</strong></span> <span class='ocrx_word' id='word_1_179' title='bbox 2357 1072 2449 1117; x_wconf 82' lang='lat' dir='ltr'><strong>per</strong></span> <span class='ocrx_word' id='word_1_180' title='bbox 2471 1055 2762 1122; x_wconf 72' lang='lat' dir='ltr'><strong>speculam,</strong></span> <span class='ocrx_word' id='word_1_181' title='bbox 2789 1064 2839 1109; x_wconf 81' lang='lat' dir='ltr'><strong>et</strong></span> <span class='ocrx_word' id='word_1_182' title='bbox 2861 1055 2917 1108; x_wconf 90' lang='lat' dir='ltr'><strong>in</strong></span> <span class='ocrx_word' id='word_1_183' title='bbox 2945 1056 3224 1125; x_wconf 70' lang='lat' dir='ltr'><strong>wnigmate</strong></span> <span class='ocrx_word' id='word_1_184' title='bbox 3271 1071 3392 1125; x_wconf 67' lang='lat' dir='ltr'><strong>quae</strong></span> <span class='ocrx_word' id='word_1_185' title='bbox 3414 1058 3479 1110; x_wconf 87' lang='lat' dir='ltr'><strong>de</strong></span> <span class='ocrx_word' id='word_1_186' title='bbox 3501 1056 3620 1126; x_wconf 91' lang='lat' dir='ltr'><strong>ipso</strong></span> 
     </span>
    </p>
   </div>
   <div class='ocr_carea' id='block_1_25' title="bbox 2027 1146 3622 1216">
    <p class='ocr_par' dir='ltr' id='par_1_25' title="bbox 2027 1146 3622 1216">
     <span class='ocr_line' id='line_1_25' title="bbox 2027 1146 3622 1216; baseline -0.001 -16"><span class='ocrx_word' id='word_1_187' title='bbox 2027 1148 2295 1201; x_wconf 77' lang='lat' dir='ltr'><strong>novimus.</strong></span> <span class='ocrx_word' id='word_1_188' title='bbox 2324 1147 2389 1200; x_wconf 84' lang='lat' dir='ltr'><strong>Et</strong></span> <span class='ocrx_word' id='word_1_189' title='bbox 2413 1147 2606 1201; x_wconf 87' lang='lat' dir='ltr'><strong>merito</strong></span> <span class='ocrx_word' id='word_1_190' title='bbox 2626 1146 2843 1216; x_wconf 82' lang='lat' dir='ltr'><strong>quidem</strong></span> <span class='ocrx_word' id='word_1_191' title='bbox 2873 1164 2886 1200; x_wconf 94' lang='lat'><strong>:</strong></span> <span class='ocrx_word' id='word_1_192' title='bbox 2917 1164 3039 1200; x_wconf 84' lang='lat' dir='ltr'><strong>nam</strong></span> <span class='ocrx_word' id='word_1_193' title='bbox 3059 1148 3214 1216; x_wconf 80' lang='lat' dir='ltr'><strong>juxta</strong></span> <span class='ocrx_word' id='word_1_194' title='bbox 3241 1147 3477 1201; x_wconf 82' lang='lat' dir='ltr'><strong>divinam</strong></span> <span class='ocrx_word' id='word_1_195' title='bbox 3501 1162 3622 1201; x_wconf 80' lang='lat' dir='ltr'><strong>Seu-</strong></span> 
     </span>
    </p>
   </div>
   <div class='ocr_carea' id='block_1_26' title="bbox 2026 1237 3618 1309">
    <p class='ocr_par' dir='ltr' id='par_1_26' title="bbox 2026 1237 3618 1309">
     <span class='ocr_line' id='line_1_26' title="bbox 2026 1237 3618 1309; baseline -0.001 -16"><span class='ocrx_word' id='word_1_196' title='bbox 2026 1239 2256 1293; x_wconf 87' lang='lat' dir='ltr'><strong>tentiam</strong></span> <span class='ocrx_word' id='word_1_197' title='bbox 2288 1237 2472 1293; x_wconf 80' lang='lat' dir='ltr'><strong>Gloria</strong></span> <span class='ocrx_word' id='word_1_198' title='bbox 2493 1237 2827 1309; x_wconf 83' lang='lat' dir='ltr'><strong>Domini(60)</strong></span> <span class='ocrx_word' id='word_1_199' title='bbox 2841 1239 2975 1292; x_wconf 83' lang='lat' dir='ltr'><strong>celat</strong></span> <span class='ocrx_word' id='word_1_200' title='bbox 3000 1239 3231 1305; x_wconf 84' lang='lat' dir='ltr'><strong>verbum,</strong></span> <span class='ocrx_word' id='word_1_201' title='bbox 3261 1250 3312 1294; x_wconf 91' lang='lat' dir='ltr'><strong>et</strong></span> <span class='ocrx_word' id='word_1_202' title='bbox 3338 1238 3618 1304; x_wconf 65' lang='lat' dir='ltr'><strong>ineﬂ‘abili,</strong></span> 
     </span>
    </p>
   </div>
   <div class='ocr_carea' id='block_1_27' title="bbox 2026 1328 3618 1398">
    <p class='ocr_par' dir='ltr' id='par_1_27' title="bbox 2026 1328 3618 1398">
     <span class='ocr_line' id='line_1_27' title="bbox 2026 1328 3618 1398; baseline 0.001 -15"><span class='ocrx_word' id='word_1_203' title='bbox 2026 1339 2188 1398; x_wconf 86' lang='lat' dir='ltr'><strong>atque</strong></span> <span class='ocrx_word' id='word_1_204' title='bbox 2206 1328 2415 1382; x_wconf 81' lang='lat' dir='ltr'><strong>inﬁnita</strong></span> <span class='ocrx_word' id='word_1_205' title='bbox 2434 1329 2642 1382; x_wconf 83' lang='lat' dir='ltr'><strong>ratione</strong></span> <span class='ocrx_word' id='word_1_206' title='bbox 2654 1344 2868 1383; x_wconf 77' lang='lat' dir='ltr'><strong>nantem</strong></span> <span class='ocrx_word' id='word_1_207' title='bbox 2884 1339 3125 1384; x_wconf 86' lang='lat' dir='ltr'><strong>creatum</strong></span> <span class='ocrx_word' id='word_1_208' title='bbox 3138 1344 3356 1386; x_wconf 89' lang='lat' dir='ltr'><strong>sensum</strong></span> <span class='ocrx_word' id='word_1_209' title='bbox 3371 1330 3618 1385; x_wconf 78' lang='lat' dir='ltr'><strong>excedit:</strong></span> 
     </span>
    </p>
   </div>
   <div class='ocr_carea' id='block_1_28' title="bbox 2027 1417 3620 1489">
    <p class='ocr_par' dir='ltr' id='par_1_28' title="bbox 2027 1417 3620 1489">
     <span class='ocr_line' id='line_1_28' title="bbox 2027 1417 3620 1489; baseline 0.001 -17"><span class='ocrx_word' id='word_1_210' title='bbox 2027 1433 2134 1473; x_wconf 91' lang='lat' dir='ltr'><strong>non</strong></span> <span class='ocrx_word' id='word_1_211' title='bbox 2157 1418 2319 1472; x_wconf 90' lang='lat' dir='ltr'><strong>modo</strong></span> <span class='ocrx_word' id='word_1_212' title='bbox 2341 1417 2468 1486; x_wconf 86' lang='lat' dir='ltr'><strong>quia</strong></span> <span class='ocrx_word' id='word_1_213' title='bbox 2500 1417 2628 1473; x_wconf 76' lang='lat' dir='ltr'><strong>ferri</strong></span> <span class='ocrx_word' id='word_1_214' title='bbox 2657 1433 2761 1471; x_wconf 90' lang='lat' dir='ltr'><strong>non</strong></span> <span class='ocrx_word' id='word_1_215' title='bbox 2789 1427 2986 1486; x_wconf 86' lang='lat' dir='ltr'><strong>potest.</strong></span> <span class='ocrx_word' id='word_1_216' title='bbox 3017 1419 3109 1472; x_wconf 89' lang='lat' dir='ltr'><strong>sed</strong></span> <span class='ocrx_word' id='word_1_217' title='bbox 3138 1421 3301 1473; x_wconf 88' lang='lat' dir='ltr'><strong>etiam</strong></span> <span class='ocrx_word' id='word_1_218' title='bbox 3327 1422 3452 1489; x_wconf 90' lang='lat' dir='ltr'><strong>quia</strong></span> <span class='ocrx_word' id='word_1_219' title='bbox 3478 1421 3620 1487; x_wconf 81' lang='lat' dir='ltr'><strong>quod</strong></span> 
     </span>
    </p>
   </div>
   <div class='ocr_carea' id='block_1_29' title="bbox 2026 1510 3621 1576">
    <p class='ocr_par' dir='ltr' id='par_1_29' title="bbox 2026 1510 3621 1576">
     <span class='ocr_line' id='line_1_29' title="bbox 2026 1510 3621 1576; baseline 0.001 -12"><span class='ocrx_word' id='word_1_220' title='bbox 2026 1522 2110 1565; x_wconf 87' lang='lat' dir='ltr'><strong>est</strong></span> <span class='ocrx_word' id='word_1_221' title='bbox 2151 1522 2277 1565; x_wconf 83' lang='lat' dir='ltr'><strong>ante</strong></span> <span class='ocrx_word' id='word_1_222' title='bbox 2322 1510 2523 1564; x_wconf 68' lang='lat' dir='ltr'><strong>saecula</strong></span> <span class='ocrx_word' id='word_1_223' title='bbox 2560 1519 2616 1563; x_wconf 90' lang='lat' dir='ltr'><strong>et</strong></span> <span class='ocrx_word' id='word_1_224' title='bbox 2648 1521 2777 1563; x_wconf 88' lang='lat' dir='ltr'><strong>ante</strong></span> <span class='ocrx_word' id='word_1_225' title='bbox 2801 1524 3018 1563; x_wconf 87' lang='lat' dir='ltr'><strong>onmem</strong></span> <span class='ocrx_word' id='word_1_226' title='bbox 3056 1523 3387 1576; x_wconf 78' lang='lat' dir='ltr'><strong>creaturam,</strong></span> <span class='ocrx_word' id='word_1_227' title='bbox 3430 1512 3530 1566; x_wconf 90' lang='lat' dir='ltr'><strong>nisi</strong></span> <span class='ocrx_word' id='word_1_228' title='bbox 3590 1527 3621 1566; x_wconf 89' lang='lat' dir='ltr'><strong>a</strong></span> 
     </span>
    </p>
   </div>
   <div class='ocr_carea' id='block_1_30' title="bbox 2027 1601 3626 1673">
    <p class='ocr_par' dir='ltr' id='par_1_30' title="bbox 2027 1601 3626 1673">
     <span class='ocr_line' id='line_1_30' title="bbox 2027 1601 3626 1673; baseline 0 -16"><span class='ocrx_word' id='word_1_229' title='bbox 2027 1601 2326 1670; x_wconf 86' lang='lat' dir='ltr'><strong>Scripturis</strong></span> <span class='ocrx_word' id='word_1_230' title='bbox 2350 1601 2755 1655; x_wconf 77' lang='lat' dir='ltr'><strong>manifestatum</strong></span> <span class='ocrx_word' id='word_1_231' title='bbox 2781 1601 2990 1662; x_wconf 82' lang='lat' dir='ltr'><strong>fuisset,</strong></span> <span class='ocrx_word' id='word_1_232' title='bbox 3018 1617 3049 1654; x_wconf 90' lang='lat' dir='ltr'><strong>a</strong></span> <span class='ocrx_word' id='word_1_233' title='bbox 3069 1615 3319 1656; x_wconf 83' lang='lat' dir='ltr'><strong>creatura</strong></span> <span class='ocrx_word' id='word_1_234' title='bbox 3344 1605 3626 1673; x_wconf 88' lang='lat' dir='ltr'><strong>ignorare-</strong></span> 
     </span>
    </p>
   </div>
   <div class='ocr_carea' id='block_1_31' title="bbox 2029 1690 3622 1763">
    <p class='ocr_par' dir='ltr' id='par_1_31' title="bbox 2029 1690 3622 1763">
     <span class='ocr_line' id='line_1_31' title="bbox 2029 1690 3622 1763; baseline 0 -16"><span class='ocrx_word' id='word_1_235' title='bbox 2029 1702 2135 1747; x_wconf 89' lang='lat' dir='ltr'><strong>tur.</strong></span> <span class='ocrx_word' id='word_1_236' title='bbox 2155 1692 2220 1746; x_wconf 83' lang='lat' dir='ltr'><strong>Et</strong></span> <span class='ocrx_word' id='word_1_237' title='bbox 2234 1707 2426 1746; x_wconf 87' lang='lat' dir='ltr'><strong>rursus</strong></span> <span class='ocrx_word' id='word_1_238' title='bbox 2439 1692 2630 1746; x_wconf 89' lang='lat' dir='ltr'><strong>iisdem</strong></span> <span class='ocrx_word' id='word_1_239' title='bbox 2646 1690 2943 1746; x_wconf 79' lang='lat' dir='ltr'><strong>Corinthiis</strong></span> <span class='ocrx_word' id='word_1_240' title='bbox 2957 1693 3195 1746; x_wconf 87' lang='lat' dir='ltr'><strong>secundo</strong></span> <span class='ocrx_word' id='word_1_241' title='bbox 3215 1694 3466 1748; x_wconf 86' lang='lat' dir='ltr'><strong>scribens</strong></span> <span class='ocrx_word' id='word_1_242' title='bbox 3486 1694 3622 1763; x_wconf 81' lang='grc'><strong>(61),</strong></span> 
     </span>
    </p>
   </div>
   <div class='ocr_carea' id='block_1_32' title="bbox 2026 1782 3623 1852">
    <p class='ocr_par' dir='ltr' id='par_1_32' title="bbox 2026 1782 3623 1852">
     <span class='ocr_line' id='line_1_32' title="bbox 2026 1782 3623 1852; baseline 0.001 -16"><span class='ocrx_word' id='word_1_243' title='bbox 2026 1783 2094 1836; x_wconf 88' lang='lat' dir='ltr'><strong>ad</strong></span> <span class='ocrx_word' id='word_1_244' title='bbox 2135 1782 2239 1836; x_wconf 88' lang='lat' dir='ltr'><strong>hoc</strong></span> <span class='ocrx_word' id='word_1_245' title='bbox 2271 1782 2758 1852; x_wconf 89' lang='lat' dir='ltr'><strong>pulcherrime.....</strong></span> <span class='ocrx_word' id='word_1_246' title='bbox 2811 1782 2925 1836; x_wconf 85' lang='lat' dir='ltr'><strong>Nos</strong></span> <span class='ocrx_word' id='word_1_247' title='bbox 2965 1793 3138 1836; x_wconf 84' lang='lat' dir='ltr'><strong>autem</strong></span> <span class='ocrx_word' id='word_1_248' title='bbox 3185 1784 3370 1838; x_wconf 87' lang='lat' dir='ltr'><strong>nonin</strong></span> <span class='ocrx_word' id='word_1_249' title='bbox 3403 1785 3623 1838; x_wconf 81' lang='lat' dir='ltr'><strong>immen-</strong></span> 
     </span>
    </p>
   </div>
   <div class='ocr_carea' id='block_1_33' title="bbox 336 1873 1933 1956">
    <p class='ocr_par' dir='ltr' id='par_1_33' title="bbox 336 1882 1927 1956">
     <span class='ocr_line' id='line_1_33' title="bbox 336 1882 1927 1956; baseline 0.001 -21"><span class='ocrx_word' id='word_1_250' title='bbox 336 1886 426 1948; x_wconf 80' lang='grc' dir='ltr'><strong>εὶς</strong></span> <span class='ocrx_word' id='word_1_251' title='bbox 465 1884 542 1937; x_wconf 80' lang='grc' dir='ltr'><strong>τὰ</strong></span> <span class='ocrx_word' id='word_1_252' title='bbox 569 1882 801 1951; x_wconf 75' lang='grc' dir='ltr'>ἄμετρα</span> <span class='ocrx_word' id='word_1_253' title='bbox 839 1882 886 1915; x_wconf 74' lang='grc'><strong>’³</strong></span> <span class='ocrx_word' id='word_1_254' title='bbox 920 1884 1377 1953; x_wconf 79' lang='grc' dir='ltr'><strong>καυχησόμεθα·</strong></span> <span class='ocrx_word' id='word_1_255' title='bbox 1417 1882 1605 1955; x_wconf 73' lang='grc' dir='ltr'><em>[ἀλλὰ</em></span> <span class='ocrx_word' id='word_1_256' title='bbox 1643 1882 1820 1956; x_wconf 82' lang='grc' dir='ltr'><strong>κατ]ὰ</strong></span> <span class='ocrx_word' id='word_1_257' title='bbox 1860 1883 1927 1937; x_wconf 86' lang='grc' dir='ltr'><strong>τὸ</strong></span> 
     </span>
    </p>
   </div>
   <div class='ocr_carea' id='block_1_34' title="bbox 2040 1873 3620 1956">
    <p class='ocr_par' dir='ltr' id='par_1_34' title="bbox 2040 1873 3620 1946">
     <span class='ocr_line' id='line_1_34' title="bbox 2040 1873 3620 1946; baseline 0.002 -19"><span class='ocrx_word' id='word_1_258' title='bbox 2040 1889 2146 1927; x_wconf 74' lang='lat' dir='ltr'><strong>tum</strong></span> <span class='ocrx_word' id='word_1_259' title='bbox 2177 1873 2678 1944; x_wconf 85' lang='lat' dir='ltr'><strong>gloriabimur,sed</strong></span> <span class='ocrx_word' id='word_1_260' title='bbox 2720 1875 3008 1928; x_wconf 83' lang='lat' dir='ltr'><strong>secundum</strong></span> <span class='ocrx_word' id='word_1_261' title='bbox 3059 1890 3360 1929; x_wconf 78' lang='lat' dir='ltr'><strong>mensuram</strong></span> <span class='ocrx_word' id='word_1_262' title='bbox 3404 1878 3620 1946; x_wconf 68' lang='lat' dir='ltr'><strong>regulae,</strong></span> 
     </span>
    </p>
   </div>
   <div class='ocr_carea' id='block_1_35' title="bbox 335 1964 1927 2037">
    <p class='ocr_par' dir='ltr' id='par_1_35' title="bbox 335 1964 1927 2037">
     <span class='ocr_line' id='line_1_35' title="bbox 335 1964 1927 2037; baseline -0.001 -15"><span class='ocrx_word' id='word_1_263' title='bbox 335 1967 561 2037; x_wconf 74' lang='grc' dir='ltr'><strong>μέτρον</strong></span> <span class='ocrx_word' id='word_1_264' title='bbox 600 1968 711 2023; x_wconf 85' lang='grc' dir='ltr'><strong>τοῦ</strong></span> <span class='ocrx_word' id='word_1_265' title='bbox 754 1969 1010 2035; x_wconf 76' lang='grc' dir='ltr'><em>κανόνος</em></span> <span class='ocrx_word' id='word_1_266' title='bbox 1026 2009 1042 2033; x_wconf 86' lang='grc'><strong>,</strong></span> <span class='ocrx_word' id='word_1_267' title='bbox 1087 1964 1159 2025; x_wconf 88' lang='grc' dir='ltr'><strong>οὗ</strong></span> <span class='ocrx_word' id='word_1_268' title='bbox 1198 1967 1476 2037; x_wconf 79' lang='grc' dir='ltr'><strong>ἐμέρισεν</strong></span> <span class='ocrx_word' id='word_1_269' title='bbox 1514 1967 1657 2036; x_wconf 74' lang='grc' dir='ltr'><strong>ἡμῖν</strong></span> <span class='ocrx_word' id='word_1_270' title='bbox 1698 1972 1732 2023; x_wconf 83' lang='grc' dir='ltr'><em>ὀ</em></span> <span class='ocrx_word' id='word_1_271' title='bbox 1782 1968 1927 2035; x_wconf 80' lang='grc' dir='ltr'><strong>Θεὸς</strong></span> 
     </span>
    </p>
   </div>
   <div class='ocr_carea' id='block_1_36' title="bbox 338 2059 1925 2134">
    <p class='ocr_par' dir='ltr' id='par_1_36' title="bbox 338 2059 1925 2134">
     <span class='ocr_line' id='line_1_36' title="bbox 338 2059 1925 2134; baseline 0 -20"><span class='ocrx_word' id='word_1_272' title='bbox 338 2059 360 2133; x_wconf 93' lang='grc'>[</span> <span class='ocrx_word' id='word_1_273' title='bbox 379 2060 637 2129; x_wconf 76' lang='grc' dir='ltr'><strong>μέτρου,</strong></span> <span class='ocrx_word' id='word_1_274' title='bbox 659 2059 969 2128; x_wconf 63' lang='grc' dir='ltr'><strong>ἐφικέσθαι</strong></span> <span class='ocrx_word' id='word_1_275' title='bbox 1013 2060 1152 2130; x_wconf 80' lang='grc' dir='ltr'><strong>ἄχρι</strong></span> <span class='ocrx_word' id='word_1_276' title='bbox 1195 2062 1295 2116; x_wconf 76' lang='grc' dir='ltr'><strong>καὶ</strong></span> <span class='ocrx_word' id='word_1_277' title='bbox 1345 2060 1576 2134; x_wconf 47' lang='grc' dir='ltr'><strong>ὑμῶν)</strong></span> <span class='ocrx_word' id='word_1_278' title='bbox 1613 2062 1723 2115; x_wconf 74' lang='grc' dir='ltr'><strong>Καὶ</strong></span> <span class='ocrx_word' id='word_1_279' title='bbox 1764 2064 1822 2115; x_wconf 83' lang='grc' dir='ltr'><strong>ὲν</strong></span> <span class='ocrx_word' id='word_1_280' title='bbox 1858 2064 1925 2133; x_wconf 84' lang='grc' dir='ltr'><strong>τῇ</strong></span> 
     </span>
    </p>
   </div>
   <div class='ocr_carea' id='block_1_37' title="bbox 337 2138 1929 2226">
    <p class='ocr_par' dir='ltr' id='par_1_37' title="bbox 337 2138 1929 2226">
     <span class='ocr_line' id='line_1_37' title="bbox 337 2138 1929 2226; baseline 0.001 -21"><span class='ocrx_word' id='word_1_281' title='bbox 337 2151 539 2225; x_wconf 76' lang='grc' dir='ltr'><strong>πρώτῃ</strong></span> <span class='ocrx_word' id='word_1_282' title='bbox 566 2152 629 2206; x_wconf 83' lang='grc' dir='ltr'><strong>δὲ</strong></span> <span class='ocrx_word' id='word_1_283' title='bbox 678 2151 961 2223; x_wconf 74' lang='grc' dir='ltr'><strong>Ἐπιστολῇ</strong></span> <span class='ocrx_word' id='word_1_284' title='bbox 1002 2169 1193 2224; x_wconf 79' lang='grc' dir='ltr'>φησιν·</span> <span class='ocrx_word' id='word_1_285' title='bbox 1227 2153 1303 2208; x_wconf 79' lang='lat' dir='ltr'><strong>El</strong></span> <span class='ocrx_word' id='word_1_286' title='bbox 1336 2153 1451 2226; x_wconf 83' lang='grc' dir='ltr'><em>τ[ις</em></span> <span class='ocrx_word' id='word_1_287' title='bbox 1484 2153 1654 2209; x_wconf 77' lang='grc' dir='ltr'>δοκεῖ</span> <span class='ocrx_word' id='word_1_288' title='bbox 1670 2153 1791 2209; x_wconf 69' lang='lat' dir='ltr'><strong>sise</strong></span> <span class='ocrx_word' id='word_1_289' title='bbox 1806 2138 1929 2226; x_wconf 51' lang='grc' dir='ltr'><strong>ναὶ</strong></span> 
     </span>
    </p>
   </div>
   <div class='ocr_carea' id='block_1_38' title="bbox 340 2243 1927 2315">
    <p class='ocr_par' dir='ltr' id='par_1_38' title="bbox 340 2243 1927 2315">
     <span class='ocr_line' id='line_1_38' title="bbox 340 2243 1927 2315; baseline 0.003 -17"><span class='ocrx_word' id='word_1_290' title='bbox 340 2260 420 2309; x_wconf 78' lang='grc' dir='ltr'><strong>τι,</strong></span> <span class='ocrx_word' id='word_1_291' title='bbox 446 2246 619 2298; x_wconf 74' lang='grc' dir='ltr'><strong>οὔπω</strong></span> <span class='ocrx_word' id='word_1_292' title='bbox 644 2246 905 2314; x_wconf 70' lang='grc' dir='ltr'><strong>ἔγνωκεν</strong></span> <span class='ocrx_word' id='word_1_293' title='bbox 927 2243 1121 2311; x_wconf 80' lang='grc' dir='ltr'><strong>καθὼς</strong></span> <span class='ocrx_word' id='word_1_294' title='bbox 1149 2244 1194 2276; x_wconf 76' lang='grc'><strong>³⁸</strong></span> <span class='ocrx_word' id='word_1_295' title='bbox 1227 2243 1325 2299; x_wconf 79' lang='grc' dir='ltr'><strong>δεῖ</strong></span> <span class='ocrx_word' id='word_1_296' title='bbox 1348 2245 1595 2315; x_wconf 73' lang='grc' dir='ltr'><em>γνῶναι.</em></span> <span class='ocrx_word' id='word_1_297' title='bbox 1634 2283 1650 2299; x_wconf 92' lang='grc'><strong>.</strong></span> <span class='ocrx_word' id='word_1_298' title='bbox 1690 2283 1706 2300; x_wconf 93' lang='grc'><strong>.</strong></span> <span class='ocrx_word' id='word_1_299' title='bbox 1732 2263 1764 2299; x_wconf 82' lang='grc' dir='ltr'><strong>τ</strong></span> <span class='ocrx_word' id='word_1_300' title='bbox 1798 2282 1817 2299; x_wconf 88' lang='grc'><strong>.</strong></span> <span class='ocrx_word' id='word_1_301' title='bbox 1855 2286 1871 2301; x_wconf 94' lang='grc'><strong>.</strong></span> <span class='ocrx_word' id='word_1_302' title='bbox 1908 2285 1927 2303; x_wconf 91' lang='grc'><strong>.</strong></span> 
     </span>
    </p>
   </div>
   <div class='ocr_carea' id='block_1_39' title="bbox 348 2337 1925 2410">
    <p class='ocr_par' dir='ltr' id='par_1_39' title="bbox 348 2337 1925 2410">
     <span class='ocr_line' id='line_1_39' title="bbox 348 2337 1925 2410; baseline -0.001 -16"><span class='ocrx_word' id='word_1_303' title='bbox 348 2378 365 2394; x_wconf 92' lang='grc'><strong>.</strong></span> <span class='ocrx_word' id='word_1_304' title='bbox 400 2377 417 2392; x_wconf 93' lang='grc'><strong>.</strong></span> <span class='ocrx_word' id='word_1_305' title='bbox 455 2377 473 2393; x_wconf 92' lang='grc'><strong>.</strong></span> <span class='ocrx_word' id='word_1_306' title='bbox 507 2377 523 2391; x_wconf 95' lang='grc'><strong>.</strong></span> <span class='ocrx_word' id='word_1_307' title='bbox 558 2337 745 2409; x_wconf 80' lang='grc' dir='ltr'>αφορὰ</span> <span class='ocrx_word' id='word_1_308' title='bbox 770 2340 869 2409; x_wconf 79' lang='grc' dir='ltr'><strong>τῆς</strong></span> <span class='ocrx_word' id='word_1_309' title='bbox 891 2339 1197 2410; x_wconf 83' lang='grc' dir='ltr'><strong>γεννήσεως</strong></span> <span class='ocrx_word' id='word_1_310' title='bbox 1224 2339 1269 2372; x_wconf 78' lang='grc'><strong>⁸⁷</strong></span> <span class='ocrx_word' id='word_1_311' title='bbox 1313 2338 1533 2409; x_wconf 77' lang='grc' dir='ltr'><strong>καὶτῆς</strong></span> <span class='ocrx_word' id='word_1_312' title='bbox 1558 2338 1832 2409; x_wconf 81' lang='grc' dir='ltr'>ὲκπορεύσ</span> <span class='ocrx_word' id='word_1_313' title='bbox 1860 2377 1876 2392; x_wconf 93' lang='grc'><strong>.</strong></span> <span class='ocrx_word' id='word_1_314' title='bbox 1909 2377 1925 2393; x_wconf 92' lang='grc'><strong>.</strong></span> 
     </span>
    </p>
   </div>
   <div class='ocr_carea' id='block_1_40' title="bbox 349 2429 1930 2502">
    <p class='ocr_par' dir='ltr' id='par_1_40' title="bbox 349 2429 1930 2502">
     <span class='ocr_line' id='line_1_40' title="bbox 349 2429 1930 2502; baseline 0 -19"><span class='ocrx_word' id='word_1_315' title='bbox 349 2471 364 2483; x_wconf 94' lang='grc'><strong>.</strong></span> <span class='ocrx_word' id='word_1_316' title='bbox 394 2468 409 2482; x_wconf 95' lang='grc'><strong>.</strong></span> <span class='ocrx_word' id='word_1_317' title='bbox 442 2469 459 2482; x_wconf 94' lang='grc'><strong>.</strong></span> <span class='ocrx_word' id='word_1_318' title='bbox 489 2473 503 2485; x_wconf 94' lang='grc'><strong>.</strong></span> <span class='ocrx_word' id='word_1_319' title='bbox 538 2471 555 2485; x_wconf 92' lang='grc'><strong>.</strong></span> <span class='ocrx_word' id='word_1_320' title='bbox 589 2471 606 2484; x_wconf 95' lang='grc'><strong>.</strong></span> <span class='ocrx_word' id='word_1_321' title='bbox 643 2430 771 2493; x_wconf 85' lang='grc' dir='ltr'><strong>ὼςὸ</strong></span> <span class='ocrx_word' id='word_1_322' title='bbox 810 2430 1008 2501; x_wconf 78' lang='grc' dir='ltr'><strong>τρόπος</strong></span> <span class='ocrx_word' id='word_1_323' title='bbox 1049 2432 1346 2501; x_wconf 79' lang='grc' dir='ltr'>ἄγνωστος,</span> <span class='ocrx_word' id='word_1_324' title='bbox 1392 2429 1535 2483; x_wconf 76' lang='grc' dir='ltr'><strong>οὕτω</strong></span> <span class='ocrx_word' id='word_1_325' title='bbox 1570 2429 1627 2502; x_wconf 77' lang='grc'><strong>[4</strong></span> <span class='ocrx_word' id='word_1_326' title='bbox 1657 2429 1738 2502; x_wconf 78' lang='grc' dir='ltr'><strong>α]</strong></span> <span class='ocrx_word' id='word_1_327' title='bbox 1778 2429 1930 2501; x_wconf 80' lang='grc' dir='ltr'><strong>καὶὴ</strong></span> 
     </span>
    </p>
   </div>
   <div class='ocr_carea' id='block_1_41' title="bbox 340 2520 1932 2593">
    <p class='ocr_par' dir='ltr' id='par_1_41' title="bbox 340 2520 1932 2593">
     <span class='ocr_line' id='line_1_41' title="bbox 340 2520 1932 2593; baseline -0.001 -18"><span class='ocrx_word' id='word_1_328' title='bbox 340 2520 608 2591; x_wconf 72' lang='grc' dir='ltr'><strong>διαφορά·</strong></span> <span class='ocrx_word' id='word_1_329' title='bbox 640 2520 756 2589; x_wconf 83' lang='grc' dir='ltr'>εῐγε</span> <span class='ocrx_word' id='word_1_330' title='bbox 782 2521 847 2593; x_wconf 84' lang='grc' dir='ltr'><strong>δὴ</strong></span> <span class='ocrx_word' id='word_1_331' title='bbox 874 2523 983 2593; x_wconf 77' lang='grc' dir='ltr'><strong>ἄρα</strong></span> <span class='ocrx_word' id='word_1_332' title='bbox 1020 2522 1139 2590; x_wconf 79' lang='grc' dir='ltr'><strong>ὲξδν</strong></span> <span class='ocrx_word' id='word_1_333' title='bbox 1169 2522 1300 2576; x_wconf 81' lang='grc' dir='ltr'>αὐτὸ</span> <span class='ocrx_word' id='word_1_334' title='bbox 1323 2521 1482 2575; x_wconf 81' lang='grc' dir='ltr'><strong>τοῦτο</strong></span> <span class='ocrx_word' id='word_1_335' title='bbox 1504 2520 1744 2584; x_wconf 80' lang='grc' dir='ltr'><strong>ἀκούειν,</strong></span> <span class='ocrx_word' id='word_1_336' title='bbox 1767 2521 1800 2591; x_wconf 83' lang='grc' dir='ltr'>ἢ</span> <span class='ocrx_word' id='word_1_337' title='bbox 1837 2520 1932 2573; x_wconf 81' lang='grc' dir='ltr'><strong>λα-</strong></span> 
     </span>
    </p>
   </div>
   <div class='ocr_carea' id='block_1_42' title="bbox 339 2613 1933 2688">
    <p class='ocr_par' dir='ltr' id='par_1_42' title="bbox 339 2613 1933 2688">
     <span class='ocr_line' id='line_1_42' title="bbox 339 2613 1933 2688; baseline -0.001 -21"><span class='ocrx_word' id='word_1_338' title='bbox 339 2613 480 2667; x_wconf 75' lang='grc' dir='ltr'>λεῖν.</span> <span class='ocrx_word' id='word_1_339' title='bbox 532 2614 614 2667; x_wconf 75' lang='grc' dir='ltr'>Τὸ</span> <span class='ocrx_word' id='word_1_340' title='bbox 662 2614 771 2686; x_wconf 86' lang='grc' dir='ltr'>γὰρ</span> <span class='ocrx_word' id='word_1_341' title='bbox 805 2616 983 2678; x_wconf 68' lang='grc' dir='ltr'><strong>αἰτίας</strong></span> <span class='ocrx_word' id='word_1_342' title='bbox 1030 2616 1139 2669; x_wconf 86' lang='grc' dir='ltr'><strong>τῶν</strong></span> <span class='ocrx_word' id='word_1_343' title='bbox 1190 2615 1330 2688; x_wconf 82' lang='grc' dir='ltr'>ὑπὲρ</span> <span class='ocrx_word' id='word_1_344' title='bbox 1386 2617 1570 2668; x_wconf 82' lang='grc' dir='ltr'>πᾶσαν</span> <span class='ocrx_word' id='word_1_345' title='bbox 1613 2614 1792 2668; x_wconf 82' lang='grc' dir='ltr'><strong>αἰτίαν</strong></span> <span class='ocrx_word' id='word_1_346' title='bbox 1838 2613 1933 2667; x_wconf 73' lang='grc' dir='ltr'><strong>καὶ</strong></span> 
     </span>
    </p>
   </div>
   <div class='ocr_carea' id='block_1_43' title="bbox 337 2704 1934 2777">
    <p class='ocr_par' dir='ltr' id='par_1_43' title="bbox 337 2704 1934 2777">
     <span class='ocr_line' id='line_1_43' title="bbox 337 2704 1934 2777; baseline 0 -20"><span class='ocrx_word' id='word_1_347' title='bbox 337 2704 534 2775; x_wconf 76' lang='grc' dir='ltr'>νόησιν</span> <span class='ocrx_word' id='word_1_348' title='bbox 558 2704 886 2772; x_wconf 81' lang='grc' dir='ltr'><strong>ἀποδιδόναι,</strong></span> <span class='ocrx_word' id='word_1_349' title='bbox 912 2706 1184 2777; x_wconf 80' lang='grc' dir='ltr'>τολμηρόν</span> <span class='ocrx_word' id='word_1_350' title='bbox 1202 2722 1215 2735; x_wconf 91' lang='grc'><strong>·</strong></span> <span class='ocrx_word' id='word_1_351' title='bbox 1240 2705 1302 2759; x_wconf 84' lang='grc' dir='ltr'><strong>τὸ</strong></span> <span class='ocrx_word' id='word_1_352' title='bbox 1324 2705 1380 2759; x_wconf 82' lang='grc' dir='ltr'><strong>δὲ</strong></span> <span class='ocrx_word' id='word_1_353' title='bbox 1409 2704 1712 2777; x_wconf 80' lang='grc' dir='ltr'>θαυμάζειν</span> <span class='ocrx_word' id='word_1_354' title='bbox 1737 2706 1795 2759; x_wconf 83' lang='grc' dir='ltr'><strong>τὸ</strong></span> <span class='ocrx_word' id='word_1_355' title='bbox 1814 2705 1934 2758; x_wconf 84' lang='grc' dir='ltr'><strong>Θεῖ-</strong></span> 
     </span>
    </p>
   </div>
   <div class='ocr_carea' id='block_1_44' title="bbox 335 2790 1933 2865">
    <p class='ocr_par' dir='ltr' id='par_1_44' title="bbox 335 2790 1933 2865">
     <span class='ocr_line' id='line_1_44' title="bbox 335 2790 1933 2865; baseline -0.002 -17"><span class='ocrx_word' id='word_1_356' title='bbox 335 2813 421 2857; x_wconf 84' lang='grc' dir='ltr'>ον,</span> <span class='ocrx_word' id='word_1_357' title='bbox 466 2796 563 2847; x_wconf 76' lang='grc' dir='ltr'><strong>καὶ</strong></span> <span class='ocrx_word' id='word_1_358' title='bbox 591 2794 756 2863; x_wconf 76' lang='grc' dir='ltr'><strong>φόϐον</strong></span> <span class='ocrx_word' id='word_1_359' title='bbox 785 2790 925 2849; x_wconf 83' lang='grc' dir='ltr'>εἶναι</span> <span class='ocrx_word' id='word_1_360' title='bbox 954 2794 1052 2865; x_wconf 80' lang='grc' dir='ltr'><strong>τὴν</strong></span> <span class='ocrx_word' id='word_1_361' title='bbox 1095 2795 1220 2865; x_wconf 76' lang='grc' dir='ltr'>περὶ</span> <span class='ocrx_word' id='word_1_362' title='bbox 1258 2792 1424 2848; x_wconf 82' lang='grc' dir='ltr'>αὐτοῦ</span> <span class='ocrx_word' id='word_1_363' title='bbox 1456 2793 1666 2847; x_wconf 75' lang='grc' dir='ltr'>ἔννοιαν</span> <span class='ocrx_word' id='word_1_364' title='bbox 1696 2791 1933 2865; x_wconf 76' lang='grc' dir='ltr'>φοὸερὰν</span> 
     </span>
    </p>
   </div>
   <div class='ocr_carea' id='block_1_45' title="bbox 333 2880 1935 2955">
    <p class='ocr_par' dir='ltr' id='par_1_45' title="bbox 333 2880 1935 2955">
     <span class='ocr_line' id='line_1_45' title="bbox 333 2880 1935 2955; baseline -0.001 -18"><span class='ocrx_word' id='word_1_365' title='bbox 333 2886 626 2955; x_wconf 77' lang='grc' dir='ltr'>νομίζειν,</span> <span class='ocrx_word' id='word_1_366' title='bbox 655 2884 915 2953; x_wconf 79' lang='grc' dir='ltr'><strong>ἀσφαλές.</strong></span> <span class='ocrx_word' id='word_1_367' title='bbox 968 2885 1147 2938; x_wconf 81' lang='grc' dir='ltr'><strong>Θέλων</strong></span> <span class='ocrx_word' id='word_1_368' title='bbox 1193 2880 1309 2949; x_wconf 81' lang='grc' dir='ltr'>οὖν,</span> <span class='ocrx_word' id='word_1_369' title='bbox 1358 2883 1545 2954; x_wconf 77' lang='grc' dir='ltr'>φησὶν,</span> <span class='ocrx_word' id='word_1_370' title='bbox 1585 2883 1875 2953; x_wconf 77' lang='grc' dir='ltr'>ἐγέννησεν</span> <span class='ocrx_word' id='word_1_371' title='bbox 1905 2884 1935 2935; x_wconf 84' lang='grc' dir='ltr'>ὁ</span> 
     </span>
    </p>
   </div>
   <div class='ocr_carea' id='block_1_46' title="bbox 335 2957 1934 3047">
    <p class='ocr_par' dir='ltr' id='par_1_46' title="bbox 335 2957 1934 3047">
     <span class='ocr_line' id='line_1_46' title="bbox 335 2957 1934 3047; baseline -0.001 -19"><span class='ocrx_word' id='word_1_372' title='bbox 335 2976 498 3039; x_wconf 79' lang='grc' dir='ltr'>Θεὸς,</span> <span class='ocrx_word' id='word_1_373' title='bbox 533 2976 570 3047; x_wconf 77' lang='grc' dir='ltr'><strong>ἢ</strong></span> <span class='ocrx_word' id='word_1_374' title='bbox 625 2978 702 3047; x_wconf 77' lang='grc' dir='ltr'><strong>μὴ</strong></span> <span class='ocrx_word' id='word_1_375' title='bbox 743 2976 947 3041; x_wconf 62' lang='lat' dir='ltr'><strong>lit-Elter;</strong></span> <span class='ocrx_word' id='word_1_376' title='bbox 1172 2978 1321 3047; x_wconf 79' lang='grc' dir='ltr'><strong>ἡμᾶς</strong></span> <span class='ocrx_word' id='word_1_377' title='bbox 1356 2977 1463 3047; x_wconf 84' lang='grc' dir='ltr'><strong>χρὴ</strong></span> <span class='ocrx_word' id='word_1_378' title='bbox 1514 2978 1799 3046; x_wconf 83' lang='grc' dir='ltr'>προειπεῖν</span> <span class='ocrx_word' id='word_1_379' title='bbox 1843 2974 1934 3027; x_wconf 79' lang='grc' dir='ltr'><strong>τὸν</strong></span> 
     </span>
    </p>
   </div>
   <div class='ocr_carea' id='block_1_47' title="bbox 345 3063 1936 3138">
    <p class='ocr_par' dir='ltr' id='par_1_47' title="bbox 345 3063 1936 3138">
     <span class='ocr_line' id='line_1_47' title="bbox 345 3063 1936 3138; baseline -0.001 -17"><span class='ocrx_word' id='word_1_380' title='bbox 345 3070 549 3121; x_wconf 75' lang='grc' dir='ltr'>σκοπὸν</span> <span class='ocrx_word' id='word_1_381' title='bbox 577 3067 778 3129; x_wconf 74' lang='grc' dir='ltr'>αὐτῶν,</span> <span class='ocrx_word' id='word_1_382' title='bbox 806 3070 901 3123; x_wconf 76' lang='grc' dir='ltr'><strong>καὶ</strong></span> <span class='ocrx_word' id='word_1_383' title='bbox 923 3068 1098 3130; x_wconf 77' lang='grc' dir='ltr'><strong>οὕτως</strong></span> <span class='ocrx_word' id='word_1_384' title='bbox 1136 3066 1555 3138; x_wconf 81' lang='grc' dir='ltr'>ἀποκρίνασθαι.</span> <span class='ocrx_word' id='word_1_385' title='bbox 1601 3067 1661 3119; x_wconf 87' lang='lat'><strong>&#39;0</strong></span> <span class='ocrx_word' id='word_1_386' title='bbox 1684 3063 1777 3122; x_wconf 76' lang='grc' dir='ltr'>οὖν</span> <span class='ocrx_word' id='word_1_387' title='bbox 1808 3083 1936 3119; x_wconf 83' lang='grc' dir='ltr'>σκο-</span> 
     </span>
    </p>
   </div>
   <div class='ocr_carea' id='block_1_48' title="bbox 348 3157 1935 3232">
    <p class='ocr_par' dir='ltr' id='par_1_48' title="bbox 348 3157 1935 3232">
     <span class='ocr_line' id='line_1_48' title="bbox 348 3157 1935 3232; baseline -0.001 -21"><span class='ocrx_word' id='word_1_388' title='bbox 348 3160 453 3221; x_wconf 68' lang='grc' dir='ltr'><strong>τούς</strong></span> <span class='ocrx_word' id='word_1_389' title='bbox 481 3160 660 3223; x_wconf 69' lang='grc' dir='ltr'>ἐστιν,</span> <span class='ocrx_word' id='word_1_390' title='bbox 689 3158 778 3211; x_wconf 80' lang='grc' dir='ltr'><strong>ἵνα</strong></span> <span class='ocrx_word' id='word_1_391' title='bbox 806 3159 943 3232; x_wconf 83' lang='grc' dir='ltr'>πρὸς</span> <span class='ocrx_word' id='word_1_392' title='bbox 967 3158 1265 3231; x_wconf 82' lang='grc' dir='ltr'><strong>ἀκεραίους</strong></span> <span class='ocrx_word' id='word_1_393' title='bbox 1295 3157 1405 3211; x_wconf 82' lang='grc' dir='ltr'><strong>ἀπὸ</strong></span> <span class='ocrx_word' id='word_1_394' title='bbox 1437 3158 1704 3227; x_wconf 80' lang='grc' dir='ltr'><strong>ἑκατέρας</strong></span> <span class='ocrx_word' id='word_1_395' title='bbox 1736 3157 1935 3223; x_wconf 78' lang='grc' dir='ltr'><strong>λέξεως</strong></span> 
     </span>
    </p>
   </div>
   <div class='ocr_carea' id='block_1_49' title="bbox 2026 1965 3623 2039">
    <p class='ocr_par' dir='ltr' id='par_1_49' title="bbox 2026 1965 3623 2039">
     <span class='ocr_line' id='line_1_49' title="bbox 2026 1965 3623 2039; baseline 0.003 -20"><span class='ocrx_word' id='word_1_396' title='bbox 2026 1982 2131 2036; x_wconf 83' lang='lat' dir='ltr'><strong>qua</strong></span> <span class='ocrx_word' id='word_1_397' title='bbox 2154 1966 2379 2033; x_wconf 85' lang='lat' dir='ltr'><strong>partitus</strong></span> <span class='ocrx_word' id='word_1_398' title='bbox 2426 1975 2501 2021; x_wconf 83' lang='lat' dir='ltr'><strong>est</strong></span> <span class='ocrx_word' id='word_1_399' title='bbox 2538 1965 2688 2020; x_wconf 86' lang='lat' dir='ltr'><strong>nobis</strong></span> <span class='ocrx_word' id='word_1_400' title='bbox 2738 1965 2904 2030; x_wconf 87' lang='lat' dir='ltr'><strong>Deus,</strong></span> <span class='ocrx_word' id='word_1_401' title='bbox 2952 1983 3253 2020; x_wconf 87' lang='lat' dir='ltr'><strong>mensuram</strong></span> <span class='ocrx_word' id='word_1_402' title='bbox 3292 1970 3623 2039; x_wconf 84' lang='lat' dir='ltr'><strong>pertingendi</strong></span> 
     </span>
    </p>
   </div>
   <div class='ocr_carea' id='block_1_50' title="bbox 2029 2058 3624 2130">
    <p class='ocr_par' dir='ltr' id='par_1_50' title="bbox 2029 2058 3624 2130">
     <span class='ocr_line' id='line_1_50' title="bbox 2029 2058 3624 2130; baseline 0.001 -17"><span class='ocrx_word' id='word_1_403' title='bbox 2029 2075 2194 2129; x_wconf 82' lang='lat' dir='ltr'><strong>usque</strong></span> <span class='ocrx_word' id='word_1_404' title='bbox 2227 2059 2296 2112; x_wconf 89' lang='lat' dir='ltr'><strong>ad</strong></span> <span class='ocrx_word' id='word_1_405' title='bbox 2326 2075 2437 2113; x_wconf 79' lang='lat' dir='ltr'><strong>vos.</strong></span> <span class='ocrx_word' id='word_1_406' title='bbox 2475 2058 2531 2113; x_wconf 93' lang='lat' dir='ltr'><strong>lu</strong></span> <span class='ocrx_word' id='word_1_407' title='bbox 2566 2060 2740 2127; x_wconf 89' lang='lat' dir='ltr'><strong>prima</strong></span> <span class='ocrx_word' id='word_1_408' title='bbox 2776 2073 2909 2112; x_wconf 88' lang='lat' dir='ltr'><strong>vero</strong></span> <span class='ocrx_word' id='word_1_409' title='bbox 2964 2058 3205 2128; x_wconf 79' lang='lat' dir='ltr'><strong>Epistula</strong></span> <span class='ocrx_word' id='word_1_410' title='bbox 3232 2059 3343 2113; x_wconf 87' lang='lat' dir='ltr'><strong>ait:</strong></span> <span class='ocrx_word' id='word_1_411' title='bbox 3391 2060 3451 2114; x_wconf 88' lang='lat' dir='ltr'><strong>Si</strong></span> <span class='ocrx_word' id='word_1_412' title='bbox 3504 2062 3624 2130; x_wconf 78' lang='lat' dir='ltr'><strong>quis</strong></span> 
     </span>
    </p>
   </div>
   <div class='ocr_carea' id='block_1_51' title="bbox 2029 2150 3625 2223">
    <p class='ocr_par' dir='ltr' id='par_1_51' title="bbox 2029 2150 3625 2223">
     <span class='ocr_line' id='line_1_51' title="bbox 2029 2150 3625 2223; baseline 0.001 -17"><span class='ocrx_word' id='word_1_413' title='bbox 2029 2150 2128 2206; x_wconf 83' lang='lat' dir='ltr'><strong>sibi</strong></span> <span class='ocrx_word' id='word_1_414' title='bbox 2158 2150 2271 2219; x_wconf 72' lang='lat'><strong>(62)</strong></span> <span class='ocrx_word' id='word_1_415' title='bbox 2293 2152 2502 2206; x_wconf 85' lang='lat' dir='ltr'><strong>videtur</strong></span> <span class='ocrx_word' id='word_1_416' title='bbox 2519 2152 2655 2206; x_wconf 83' lang='lat' dir='ltr'><strong>scire</strong></span> <span class='ocrx_word' id='word_1_417' title='bbox 2683 2151 2909 2221; x_wconf 82' lang='lat' dir='ltr'><strong>aliquid,</strong></span> <span class='ocrx_word' id='word_1_418' title='bbox 2935 2155 3165 2205; x_wconf 86' lang='lat' dir='ltr'><strong>nondum</strong></span> <span class='ocrx_word' id='word_1_419' title='bbox 3179 2153 3412 2220; x_wconf 87' lang='lat' dir='ltr'><strong>cognovit</strong></span> <span class='ocrx_word' id='word_1_420' title='bbox 3439 2170 3625 2223; x_wconf 85' lang='lat' dir='ltr'><strong>quem-</strong></span> 
     </span>
    </p>
   </div>
   <div class='ocr_carea' id='block_1_52' title="bbox 2030 2242 3624 2315">
    <p class='ocr_par' dir='ltr' id='par_1_52' title="bbox 2030 2242 3624 2315">
     <span class='ocr_line' id='line_1_52' title="bbox 2030 2242 3624 2315; baseline 0.004 -20"><span class='ocrx_word' id='word_1_421' title='bbox 2030 2242 2314 2296; x_wconf 85' lang='lat' dir='ltr'><strong>admodum</strong></span> <span class='ocrx_word' id='word_1_422' title='bbox 2350 2254 2584 2311; x_wconf 78' lang='lat' dir='ltr'><strong>Oporleat</strong></span> <span class='ocrx_word' id='word_1_423' title='bbox 2616 2260 2734 2298; x_wconf 83' lang='lat' dir='ltr'><strong>eum</strong></span> <span class='ocrx_word' id='word_1_424' title='bbox 2784 2245 2937 2298; x_wconf 84' lang='lat' dir='ltr'><strong>scire.</strong></span> <span class='ocrx_word' id='word_1_425' title='bbox 2977 2242 3201 2299; x_wconf 78' lang='lat' dir='ltr'><strong>Frustra</strong></span> <span class='ocrx_word' id='word_1_426' title='bbox 3262 2261 3388 2299; x_wconf 85' lang='lat' dir='ltr'><strong>vero</strong></span> <span class='ocrx_word' id='word_1_427' title='bbox 3424 2248 3624 2315; x_wconf 60' lang='lat' dir='ltr'><strong>trinacri-</strong></span> 
     </span>
    </p>
   </div>
   <div class='ocr_carea' id='block_1_53' title="bbox 2030 2335 3620 2410">
    <p class='ocr_par' dir='ltr' id='par_1_53' title="bbox 2030 2335 3620 2410">
     <span class='ocr_line' id='line_1_53' title="bbox 2030 2335 3620 2410; baseline 0.003 -20"><span class='ocrx_word' id='word_1_428' title='bbox 2030 2343 2124 2391; x_wconf 87' lang='lat' dir='ltr'><strong>tur</strong></span> <span class='ocrx_word' id='word_1_429' title='bbox 2145 2335 2259 2409; x_wconf 80' lang='lat'><strong>(63)</strong></span> <span class='ocrx_word' id='word_1_430' title='bbox 2308 2338 2606 2392; x_wconf 88' lang='lat' dir='ltr'><strong>discrimen</strong></span> <span class='ocrx_word' id='word_1_431' title='bbox 2651 2339 3050 2409; x_wconf 78' lang='lat' dir='ltr'><strong>generationis,</strong></span> <span class='ocrx_word' id='word_1_432' title='bbox 3112 2349 3165 2395; x_wconf 90' lang='lat' dir='ltr'><strong>et</strong></span> <span class='ocrx_word' id='word_1_433' title='bbox 3225 2343 3620 2410; x_wconf 86' lang='lat' dir='ltr'><strong>processionis,</strong></span> 
     </span>
    </p>
   </div>
   <div class='ocr_carea' id='block_1_54' title="bbox 2031 2426 3625 2499">
    <p class='ocr_par' dir='ltr' id='par_1_54' title="bbox 2031 2426 3625 2499">
     <span class='ocr_line' id='line_1_54' title="bbox 2031 2426 3625 2499; baseline 0.003 -18"><span class='ocrx_word' id='word_1_434' title='bbox 2031 2426 2189 2495; x_wconf 86' lang='lat' dir='ltr'><strong>cujus</strong></span> <span class='ocrx_word' id='word_1_435' title='bbox 2223 2436 2370 2481; x_wconf 83' lang='lat' dir='ltr'><strong>sicut</strong></span> <span class='ocrx_word' id='word_1_436' title='bbox 2407 2430 2602 2483; x_wconf 87' lang='lat' dir='ltr'><strong>modus</strong></span> <span class='ocrx_word' id='word_1_437' title='bbox 2632 2438 2718 2484; x_wconf 90' lang='lat' dir='ltr'><strong>est</strong></span> <span class='ocrx_word' id='word_1_438' title='bbox 2749 2430 2991 2499; x_wconf 86' lang='lat' dir='ltr'><strong>ignotus,</strong></span> <span class='ocrx_word' id='word_1_439' title='bbox 3054 2430 3136 2485; x_wconf 90' lang='lat' dir='ltr'><strong>sic</strong></span> <span class='ocrx_word' id='word_1_440' title='bbox 3190 2439 3247 2485; x_wconf 88' lang='lat' dir='ltr'><strong>et</strong></span> <span class='ocrx_word' id='word_1_441' title='bbox 3296 2432 3625 2499; x_wconf 72' lang='lat' dir='ltr'><strong>differentia,</strong></span> 
     </span>
    </p>
   </div>
   <div class='ocr_carea' id='block_1_55' title="bbox 2031 2517 3627 2591">
    <p class='ocr_par' dir='ltr' id='par_1_55' title="bbox 2031 2517 3627 2591">
     <span class='ocr_line' id='line_1_55' title="bbox 2031 2517 3627 2591; baseline 0.004 -20"><span class='ocrx_word' id='word_1_442' title='bbox 2031 2517 2078 2572; x_wconf 94' lang='lat' dir='ltr'><strong>si</strong></span> <span class='ocrx_word' id='word_1_443' title='bbox 2103 2524 2287 2573; x_wconf 91' lang='lat' dir='ltr'><strong>tamen</strong></span> <span class='ocrx_word' id='word_1_444' title='bbox 2316 2519 2420 2573; x_wconf 85' lang='lat' dir='ltr'><strong>hoc</strong></span> <span class='ocrx_word' id='word_1_445' title='bbox 2441 2520 2617 2589; x_wconf 89' lang='lat' dir='ltr'><strong>ipsum</strong></span> <span class='ocrx_word' id='word_1_446' title='bbox 2655 2520 2848 2575; x_wconf 87' lang='lat' dir='ltr'><strong>audire</strong></span> <span class='ocrx_word' id='word_1_447' title='bbox 2883 2523 3028 2585; x_wconf 89' lang='lat' dir='ltr'><strong>licet,</strong></span> <span class='ocrx_word' id='word_1_448' title='bbox 3065 2532 3161 2576; x_wconf 89' lang='lat' dir='ltr'><strong>aut</strong></span> <span class='ocrx_word' id='word_1_449' title='bbox 3218 2522 3440 2591; x_wconf 88' lang='lat' dir='ltr'><strong>dicere;</strong></span> <span class='ocrx_word' id='word_1_450' title='bbox 3502 2540 3627 2577; x_wconf 88' lang='lat' dir='ltr'><strong>nam</strong></span> 
     </span>
    </p>
   </div>
   <div class='ocr_carea' id='block_1_56' title="bbox 2033 2610 3625 2679">
    <p class='ocr_par' dir='ltr' id='par_1_56' title="bbox 2033 2610 3625 2679">
     <span class='ocr_line' id='line_1_56' title="bbox 2033 2610 3625 2679; baseline 0.002 -15"><span class='ocrx_word' id='word_1_451' title='bbox 2033 2623 2221 2664; x_wconf 88' lang='lat' dir='ltr'><strong>eorum</strong></span> <span class='ocrx_word' id='word_1_452' title='bbox 2248 2625 2443 2665; x_wconf 89' lang='lat' dir='ltr'><strong>causas</strong></span> <span class='ocrx_word' id='word_1_453' title='bbox 2469 2610 2719 2677; x_wconf 89' lang='lat' dir='ltr'><strong>reddere,</strong></span> <span class='ocrx_word' id='word_1_454' title='bbox 2753 2628 2877 2679; x_wconf 79' lang='lat' dir='ltr'><strong>qua:</strong></span> <span class='ocrx_word' id='word_1_455' title='bbox 2903 2628 3120 2668; x_wconf 88' lang='lat' dir='ltr'><strong>onmem</strong></span> <span class='ocrx_word' id='word_1_456' title='bbox 3148 2629 3397 2679; x_wconf 84' lang='lat' dir='ltr'><strong>causam,</strong></span> <span class='ocrx_word' id='word_1_457' title='bbox 3435 2625 3490 2669; x_wconf 90' lang='lat' dir='ltr'><strong>et</strong></span> <span class='ocrx_word' id='word_1_458' title='bbox 3542 2616 3625 2667; x_wconf 90' lang='lat' dir='ltr'><strong>iu-</strong></span> 
     </span>
    </p>
   </div>
   <div class='ocr_carea' id='block_1_57' title="bbox 2037 2700 3629 2771">
    <p class='ocr_par' dir='ltr' id='par_1_57' title="bbox 2037 2700 3629 2771">
     <span class='ocr_line' id='line_1_57' title="bbox 2037 2700 3629 2771; baseline 0.001 -16"><span class='ocrx_word' id='word_1_459' title='bbox 2037 2700 2393 2771; x_wconf 87' lang='lat' dir='ltr'><strong>telligentiam</strong></span> <span class='ocrx_word' id='word_1_460' title='bbox 2422 2713 2711 2771; x_wconf 88' lang='lat' dir='ltr'><strong>superant,</strong></span> <span class='ocrx_word' id='word_1_461' title='bbox 2744 2707 2972 2759; x_wconf 81' lang='lat' dir='ltr'><strong>audacis</strong></span> <span class='ocrx_word' id='word_1_462' title='bbox 3000 2714 3085 2760; x_wconf 90' lang='lat' dir='ltr'><strong>est</strong></span> <span class='ocrx_word' id='word_1_463' title='bbox 3112 2722 3125 2759; x_wconf 91' lang='lat'><strong>:</strong></span> <span class='ocrx_word' id='word_1_464' title='bbox 3156 2705 3501 2759; x_wconf 85' lang='lat' dir='ltr'><strong>divinitatem</strong></span> <span class='ocrx_word' id='word_1_465' title='bbox 3538 2721 3629 2757; x_wconf 81' lang='lat' dir='ltr'><strong>vc—</strong></span> 
     </span>
    </p>
   </div>
   <div class='ocr_carea' id='block_1_58' title="bbox 2033 2793 3627 2866">
    <p class='ocr_par' dir='ltr' id='par_1_58' title="bbox 2033 2793 3627 2866">
     <span class='ocr_line' id='line_1_58' title="bbox 2033 2793 3627 2866; baseline 0.003 -21"><span class='ocrx_word' id='word_1_466' title='bbox 2033 2807 2096 2846; x_wconf 91' lang='lat' dir='ltr'><strong>ro</strong></span> <span class='ocrx_word' id='word_1_467' title='bbox 2127 2793 2414 2858; x_wconf 88' lang='lat' dir='ltr'><strong>admirari,</strong></span> <span class='ocrx_word' id='word_1_468' title='bbox 2447 2806 2504 2849; x_wconf 89' lang='lat' dir='ltr'><strong>et</strong></span> <span class='ocrx_word' id='word_1_469' title='bbox 2551 2794 2806 2849; x_wconf 85' lang='lat' dir='ltr'><strong>timorem</strong></span> <span class='ocrx_word' id='word_1_470' title='bbox 2862 2796 2955 2850; x_wconf 92' lang='lat' dir='ltr'><strong>Dei</strong></span> <span class='ocrx_word' id='word_1_471' title='bbox 3000 2796 3054 2851; x_wconf 94' lang='lat' dir='ltr'><strong>in</strong></span> <span class='ocrx_word' id='word_1_472' title='bbox 3104 2811 3171 2852; x_wconf 90' lang='lat' dir='ltr'><strong>eo</strong></span> <span class='ocrx_word' id='word_1_473' title='bbox 3217 2799 3456 2866; x_wconf 85' lang='lat' dir='ltr'><strong>positum</strong></span> <span class='ocrx_word' id='word_1_474' title='bbox 3505 2812 3627 2851; x_wconf 88' lang='lat' dir='ltr'><strong>esse</strong></span> 
     </span>
    </p>
   </div>
   <div class='ocr_carea' id='block_1_59' title="bbox 2034 2884 3627 2959">
    <p class='ocr_par' dir='ltr' id='par_1_59' title="bbox 2034 2884 3627 2959">
     <span class='ocr_line' id='line_1_59' title="bbox 2034 2884 3627 2959; baseline 0.003 -22"><span class='ocrx_word' id='word_1_475' title='bbox 2034 2884 2374 2949; x_wconf 73' lang='lat' dir='ltr'><strong>existimare,</strong></span> <span class='ocrx_word' id='word_1_476' title='bbox 2417 2893 2478 2939; x_wconf 92' lang='lat' dir='ltr'><strong>ut.</strong></span> <span class='ocrx_word' id='word_1_477' title='bbox 2508 2901 2634 2941; x_wconf 91' lang='lat' dir='ltr'><strong>cum</strong></span> <span class='ocrx_word' id='word_1_478' title='bbox 2668 2888 2868 2941; x_wconf 86' lang='lat' dir='ltr'><strong>timore</strong></span> <span class='ocrx_word' id='word_1_479' title='bbox 2896 2887 2965 2942; x_wconf 91' lang='lat' dir='ltr'><strong>de</strong></span> <span class='ocrx_word' id='word_1_480' title='bbox 2993 2888 3110 2957; x_wconf 88' lang='lat' dir='ltr'><strong>ipso</strong></span> <span class='ocrx_word' id='word_1_481' title='bbox 3146 2889 3473 2959; x_wconf 83' lang='lat' dir='ltr'><strong>cogitemus,</strong></span> <span class='ocrx_word' id='word_1_482' title='bbox 3537 2899 3627 2942; x_wconf 87' lang='lat' dir='ltr'><strong>tu-</strong></span> 
     </span>
    </p>
   </div>
   <div class='ocr_carea' id='block_1_60' title="bbox 2039 2975 3625 3049">
    <p class='ocr_par' dir='ltr' id='par_1_60' title="bbox 2039 2975 3625 3049">
     <span class='ocr_line' id='line_1_60' title="bbox 2039 2975 3625 3049; baseline 0.001 -19"><span class='ocrx_word' id='word_1_483' title='bbox 2039 2984 2151 3030; x_wconf 84' lang='lat' dir='ltr'><strong>tum</strong></span> <span class='ocrx_word' id='word_1_484' title='bbox 2178 2985 2282 3031; x_wconf 85' lang='lat' dir='ltr'><strong>est.</strong></span> <span class='ocrx_word' id='word_1_485' title='bbox 2324 2975 2578 3044; x_wconf 82' lang='lat' dir='ltr'><strong>Nunquid</strong></span> <span class='ocrx_word' id='word_1_486' title='bbox 2614 2991 2745 3045; x_wconf 90' lang='lat' dir='ltr'><strong>ergo</strong></span> <span class='ocrx_word' id='word_1_487' title='bbox 2777 2975 2915 3046; x_wconf 77' lang='grc'><strong>(64),</strong></span> <span class='ocrx_word' id='word_1_488' title='bbox 2973 2978 3255 3047; x_wconf 90' lang='lat' dir='ltr'><strong>inquiunt,</strong></span> <span class='ocrx_word' id='word_1_489' title='bbox 3284 2978 3477 3033; x_wconf 87' lang='lat' dir='ltr'><strong>volens</strong></span> <span class='ocrx_word' id='word_1_490' title='bbox 3528 2993 3625 3049; x_wconf 83' lang='lat' dir='ltr'><strong>ge—</strong></span> 
     </span>
    </p>
   </div>
   <div class='ocr_carea' id='block_1_61' title="bbox 2037 3068 3627 3140">
    <p class='ocr_par' dir='ltr' id='par_1_61' title="bbox 2037 3068 3627 3140">
     <span class='ocr_line' id='line_1_61' title="bbox 2037 3068 3627 3140; baseline 0.001 -19"><span class='ocrx_word' id='word_1_491' title='bbox 2037 3069 2158 3122; x_wconf 87' lang='lat' dir='ltr'><strong>nuit</strong></span> <span class='ocrx_word' id='word_1_492' title='bbox 2193 3069 2359 3132; x_wconf 88' lang='lat' dir='ltr'><strong>Deus,</strong></span> <span class='ocrx_word' id='word_1_493' title='bbox 2391 3083 2464 3122; x_wconf 85' lang='lat' dir='ltr'><strong>an</strong></span> <span class='ocrx_word' id='word_1_494' title='bbox 2496 3068 2731 3123; x_wconf 88' lang='lat' dir='ltr'><strong>nolens?</strong></span> <span class='ocrx_word' id='word_1_495' title='bbox 2764 3069 2871 3123; x_wconf 91' lang='lat' dir='ltr'><strong>Sed</strong></span> <span class='ocrx_word' id='word_1_496' title='bbox 2907 3084 3007 3125; x_wconf 91' lang='lat' dir='ltr'><strong>nos</strong></span> <span class='ocrx_word' id='word_1_497' title='bbox 3063 3071 3235 3140; x_wconf 90' lang='lat' dir='ltr'><strong>prius,</strong></span> <span class='ocrx_word' id='word_1_498' title='bbox 3295 3071 3515 3140; x_wconf 86' lang='lat' dir='ltr'><strong>quinam</strong></span> <span class='ocrx_word' id='word_1_499' title='bbox 3556 3069 3627 3124; x_wconf 91' lang='lat' dir='ltr'><strong>sit</strong></span> 
     </span>
    </p>
   </div>
   <div class='ocr_carea' id='block_1_62' title="bbox 2040 3159 3628 3231">
    <p class='ocr_par' dir='ltr' id='par_1_62' title="bbox 2040 3159 3628 3231">
     <span class='ocr_line' id='line_1_62' title="bbox 2040 3159 3628 3231; baseline 0.001 -17"><span class='ocrx_word' id='word_1_500' title='bbox 2040 3159 2255 3214; x_wconf 88' lang='lat' dir='ltr'><strong>illorum</strong></span> <span class='ocrx_word' id='word_1_501' title='bbox 2290 3171 2509 3230; x_wconf 88' lang='lat' dir='ltr'><strong>scopus,</strong></span> <span class='ocrx_word' id='word_1_502' title='bbox 2532 3160 2715 3215; x_wconf 88' lang='lat' dir='ltr'><strong>dicere</strong></span> <span class='ocrx_word' id='word_1_503' title='bbox 2741 3171 2975 3229; x_wconf 89' lang='lat' dir='ltr'><strong>oportet,</strong></span> <span class='ocrx_word' id='word_1_504' title='bbox 2997 3171 3108 3215; x_wconf 89' lang='lat' dir='ltr'><strong>tum</strong></span> <span class='ocrx_word' id='word_1_505' title='bbox 3142 3163 3491 3231; x_wconf 87' lang='lat' dir='ltr'><strong>respondere.</strong></span> <span class='ocrx_word' id='word_1_506' title='bbox 3520 3161 3628 3216; x_wconf 78' lang='lat' dir='ltr'><strong>Eo-</strong></span> 
     </span>
    </p>
   </div>
   <div class='ocr_carea' id='block_1_63' title="bbox 350 3233 1933 3323">
    <p class='ocr_par' dir='ltr' id='par_1_63' title="bbox 350 3248 1929 3321">
     <span class='ocr_line' id='line_1_63' title="bbox 350 3248 1929 3321; baseline -0.002 -18"><span class='ocrx_word' id='word_1_507' title='bbox 350 3248 455 3318; x_wconf 71' lang='grc' dir='ltr'><strong>τὴν</strong></span> <span class='ocrx_word' id='word_1_508' title='bbox 492 3249 759 3303; x_wconf 77' lang='grc' dir='ltr'>ἀντίθεσιν</span> <span class='ocrx_word' id='word_1_509' title='bbox 804 3249 1085 3305; x_wconf 80' lang='grc' dir='ltr'>ποιῶνται.</span> <span class='ocrx_word' id='word_1_510' title='bbox 1125 3251 1291 3303; x_wconf 86' lang='grc' dir='ltr'>Ἤντε</span> <span class='ocrx_word' id='word_1_511' title='bbox 1331 3249 1441 3320; x_wconf 78' lang='grc' dir='ltr'>γὰρ</span> <span class='ocrx_word' id='word_1_512' title='bbox 1468 3249 1773 3321; x_wconf 79' lang='grc' dir='ltr'><strong>δράζωνται</strong></span> <span class='ocrx_word' id='word_1_513' title='bbox 1810 3248 1929 3312; x_wconf 81' lang='grc' dir='ltr'>τοῦ,</span> 
     </span>
    </p>
   </div>
   <div class='ocr_carea' id='block_1_64' title="bbox 2040 3233 3631 3323">
    <p class='ocr_par' dir='ltr' id='par_1_64' title="bbox 2040 3252 3631 3323">
     <span class='ocr_line' id='line_1_64' title="bbox 2040 3252 3631 3323; baseline 0.003 -19"><span class='ocrx_word' id='word_1_514' title='bbox 2040 3267 2157 3305; x_wconf 90' lang='lat' dir='ltr'><strong>rum</strong></span> <span class='ocrx_word' id='word_1_515' title='bbox 2184 3267 2313 3321; x_wconf 87' lang='lat' dir='ltr'><strong>ergo</strong></span> <span class='ocrx_word' id='word_1_516' title='bbox 2344 3266 2542 3319; x_wconf 80' lang='lat' dir='ltr'><strong>scapus</strong></span> <span class='ocrx_word' id='word_1_517' title='bbox 2572 3260 2676 3315; x_wconf 89' lang='lat' dir='ltr'><strong>est,</strong></span> <span class='ocrx_word' id='word_1_518' title='bbox 2706 3259 2763 3306; x_wconf 90' lang='lat' dir='ltr'><strong>ut</strong></span> <span class='ocrx_word' id='word_1_519' title='bbox 2794 3262 2984 3307; x_wconf 87' lang='lat' dir='ltr'><strong>contra</strong></span> <span class='ocrx_word' id='word_1_520' title='bbox 3015 3253 3292 3322; x_wconf 89' lang='lat' dir='ltr'><strong>simplices</strong></span> <span class='ocrx_word' id='word_1_521' title='bbox 3315 3252 3426 3323; x_wconf 79' lang='grc'><strong>(65)</strong></span> <span class='ocrx_word' id='word_1_522' title='bbox 3457 3252 3631 3309; x_wconf 82' lang='lat' dir='ltr'><strong>homi-</strong></span> 
     </span>
    </p>
   </div>
   <div class='ocr_carea' id='block_1_65' title="bbox 352 3339 1940 3413">
    <p class='ocr_par' dir='ltr' id='par_1_65' title="bbox 352 3339 1940 3413">
     <span class='ocr_line' id='line_1_65' title="bbox 352 3339 1940 3413; baseline -0.003 -17"><span class='ocrx_word' id='word_1_523' title='bbox 352 3341 455 3405; x_wconf 74' lang='grc' dir='ltr'><strong>Μὴ</strong></span> <span class='ocrx_word' id='word_1_524' title='bbox 477 3340 633 3394; x_wconf 65' lang='grc' dir='ltr'><strong>θέλων</strong></span> <span class='ocrx_word' id='word_1_525' title='bbox 657 3342 947 3411; x_wconf 84' lang='grc' dir='ltr'>ἐγέννησεν</span> <span class='ocrx_word' id='word_1_526' title='bbox 985 3341 1003 3413; x_wconf 94' lang='grc'><strong>(</strong></span> <span class='ocrx_word' id='word_1_527' title='bbox 1028 3341 1201 3406; x_wconf 67' lang='grc' dir='ltr'>οὐδεὶς</span> <span class='ocrx_word' id='word_1_528' title='bbox 1227 3341 1283 3395; x_wconf 83' lang='grc' dir='ltr'>δὲ</span> <span class='ocrx_word' id='word_1_529' title='bbox 1309 3342 1492 3404; x_wconf 83' lang='grc' dir='ltr'><strong>αὐτοῖς</strong></span> <span class='ocrx_word' id='word_1_530' title='bbox 1515 3339 1673 3394; x_wconf 71' lang='grc' dir='ltr'><strong>τοῦτο</strong></span> <span class='ocrx_word' id='word_1_531' title='bbox 1710 3340 1940 3412; x_wconf 84' lang='grc' dir='ltr'>ἀποκρί-</span> 
     </span>
    </p>
   </div>
   <div class='ocr_carea' id='block_1_66' title="bbox 355 3430 1942 3503">
    <p class='ocr_par' dir='ltr' id='par_1_66' title="bbox 355 3430 1942 3503">
     <span class='ocr_line' id='line_1_66' title="bbox 355 3430 1942 3503; baseline -0.001 -18"><span class='ocrx_word' id='word_1_532' title='bbox 355 3437 570 3501; x_wconf 68' lang='grc' dir='ltr'>νεται),</span> <span class='ocrx_word' id='word_1_533' title='bbox 600 3433 880 3502; x_wconf 79' lang='grc' dir='ltr'>λέγουσιν·</span> <span class='ocrx_word' id='word_1_534' title='bbox 912 3435 1027 3487; x_wconf 83' lang='grc' dir='ltr'><strong>υύκ</strong></span> <span class='ocrx_word' id='word_1_535' title='bbox 1063 3430 1175 3498; x_wconf 83' lang='grc' dir='ltr'>οὖν,</span> <span class='ocrx_word' id='word_1_536' title='bbox 1213 3434 1242 3487; x_wconf 83' lang='grc' dir='ltr'>ὃ</span> <span class='ocrx_word' id='word_1_537' title='bbox 1282 3433 1358 3503; x_wconf 83' lang='grc' dir='ltr'><strong>μὴ</strong></span> <span class='ocrx_word' id='word_1_538' title='bbox 1385 3432 1527 3485; x_wconf 75' lang='grc' dir='ltr'>θέλει</span> <span class='ocrx_word' id='word_1_539' title='bbox 1552 3431 1580 3482; x_wconf 88' lang='grc' dir='ltr'><strong>ὁ</strong></span> <span class='ocrx_word' id='word_1_540' title='bbox 1614 3431 1767 3495; x_wconf 80' lang='grc' dir='ltr'>Θεὸς,</span> <span class='ocrx_word' id='word_1_541' title='bbox 1810 3433 1942 3484; x_wconf 85' lang='grc' dir='ltr'>ὑπο-</span> 
     </span>
    </p>
   </div>
   <div class='ocr_carea' id='block_1_67' title="bbox 358 3522 1938 3595">
    <p class='ocr_par' dir='ltr' id='par_1_67' title="bbox 358 3522 1938 3595">
     <span class='ocr_line' id='line_1_67' title="bbox 358 3522 1938 3595; baseline 0.001 -21"><span class='ocrx_word' id='word_1_542' title='bbox 358 3525 511 3595; x_wconf 76' lang='grc' dir='ltr'>μένει</span> <span class='ocrx_word' id='word_1_543' title='bbox 537 3526 800 3595; x_wconf 76' lang='grc' dir='ltr'>γεννήσας</span> <span class='ocrx_word' id='word_1_544' title='bbox 839 3525 930 3578; x_wconf 75' lang='grc' dir='ltr'><strong>τὸν</strong></span> <span class='ocrx_word' id='word_1_545' title='bbox 965 3524 1113 3587; x_wconf 78' lang='grc' dir='ltr'>Υἱδν,</span> <span class='ocrx_word' id='word_1_546' title='bbox 1148 3526 1363 3594; x_wconf 77' lang='grc' dir='ltr'>φύσεως</span> <span class='ocrx_word' id='word_1_547' title='bbox 1397 3524 1644 3591; x_wconf 79' lang='grc' dir='ltr'><strong>ἀνάγκης</strong></span> <span class='ocrx_word' id='word_1_548' title='bbox 1672 3525 1752 3586; x_wconf 73' lang='grc' dir='ltr'><strong>εἰς</strong></span> <span class='ocrx_word' id='word_1_549' title='bbox 1778 3522 1938 3576; x_wconf 83' lang='grc' dir='ltr'><strong>τοῦτο</strong></span> 
     </span>
    </p>
   </div>
   <div class='ocr_carea' id='block_1_68' title="bbox 354 3615 1942 3689">
    <p class='ocr_par' dir='ltr' id='par_1_68' title="bbox 354 3615 1942 3689">
     <span class='ocr_line' id='line_1_68' title="bbox 354 3615 1942 3689; baseline -0.002 -18"><span class='ocrx_word' id='word_1_550' title='bbox 354 3616 559 3671; x_wconf 73' lang='grc' dir='ltr'><strong>ἄκοντα</strong></span> <span class='ocrx_word' id='word_1_551' title='bbox 582 3617 744 3669; x_wconf 82' lang='grc' dir='ltr'><strong>αὐτὸν</strong></span> <span class='ocrx_word' id='word_1_552' title='bbox 770 3616 1137 3688; x_wconf 78' lang='grc' dir='ltr'>περιαγούσης</span> <span class='ocrx_word' id='word_1_553' title='bbox 1157 3635 1170 3649; x_wconf 88' lang='grc'><strong>·</strong></span> <span class='ocrx_word' id='word_1_554' title='bbox 1198 3618 1263 3688; x_wconf 76' lang='grc' dir='ltr'><strong>ἦν</strong></span> <span class='ocrx_word' id='word_1_555' title='bbox 1292 3634 1353 3671; x_wconf 85' lang='grc' dir='ltr'><strong>τε</strong></span> <span class='ocrx_word' id='word_1_556' title='bbox 1372 3616 1499 3689; x_wconf 80' lang='grc' dir='ltr'>δοθῇ</span> <span class='ocrx_word' id='word_1_557' title='bbox 1527 3618 1712 3679; x_wconf 78' lang='grc' dir='ltr'><strong>αὐτοῖς</strong></span> <span class='ocrx_word' id='word_1_558' title='bbox 1737 3616 1817 3682; x_wconf 87' lang='grc' dir='ltr'>τὸ,</span> <span class='ocrx_word' id='word_1_559' title='bbox 1842 3615 1942 3669; x_wconf 82' lang='grc' dir='ltr'><strong>Θέ-</strong></span> 
     </span>
    </p>
   </div>
   <div class='ocr_carea' id='block_1_69' title="bbox 355 3705 1936 3781">
    <p class='ocr_par' dir='ltr' id='par_1_69' title="bbox 355 3705 1936 3781">
     <span class='ocr_line' id='line_1_69' title="bbox 355 3705 1936 3781; baseline 0.001 -22"><span class='ocrx_word' id='word_1_560' title='bbox 355 3705 468 3759; x_wconf 75' lang='grc' dir='ltr'><strong>λων</strong></span> <span class='ocrx_word' id='word_1_561' title='bbox 491 3709 801 3779; x_wconf 76' lang='grc' dir='ltr'>ἐγέννησεν,</span> <span class='ocrx_word' id='word_1_562' title='bbox 841 3708 1133 3777; x_wconf 77' lang='grc' dir='ltr'><strong>ἐπάγουσιν</strong></span> <span class='ocrx_word' id='word_1_563' title='bbox 1157 3727 1170 3740; x_wconf 67' lang='grc' dir='ltr'><strong><em>υ</em></strong></span> <span class='ocrx_word' id='word_1_564' title='bbox 1217 3710 1359 3779; x_wconf 82' lang='grc' dir='ltr'><strong>Ἀρα</strong></span> <span class='ocrx_word' id='word_1_565' title='bbox 1386 3727 1451 3779; x_wconf 92' lang='grc' dir='ltr'><strong>γε</strong></span> <span class='ocrx_word' id='word_1_566' title='bbox 1483 3712 1516 3781; x_wconf 88' lang='grc' dir='ltr'><strong>ή</strong></span> <span class='ocrx_word' id='word_1_567' title='bbox 1556 3710 1810 3779; x_wconf 83' lang='grc' dir='ltr'>γέννησις</span> <span class='ocrx_word' id='word_1_568' title='bbox 1841 3706 1936 3761; x_wconf 82' lang='grc' dir='ltr'><strong>τοῦ</strong></span> 
     </span>
    </p>
   </div>
   <div class='ocr_carea' id='block_1_70' title="bbox 353 3798 1937 3874">
    <p class='ocr_par' dir='ltr' id='par_1_70' title="bbox 353 3798 1937 3874">
     <span class='ocr_line' id='line_1_70' title="bbox 353 3798 1937 3874; baseline 0.004 -25"><span class='ocrx_word' id='word_1_569' title='bbox 353 3798 487 3850; x_wconf 77' lang='grc' dir='ltr'><strong>Υἱοῦ</strong></span> <span class='ocrx_word' id='word_1_570' title='bbox 515 3800 744 3869; x_wconf 57' lang='grc' dir='ltr'>ἑῇπται</span> <span class='ocrx_word' id='word_1_571' title='bbox 787 3800 884 3870; x_wconf 82' lang='grc' dir='ltr'><strong>τῆς</strong></span> <span class='ocrx_word' id='word_1_572' title='bbox 918 3803 1186 3873; x_wconf 79' lang='grc' dir='ltr'><strong>πατρικῆς</strong></span> <span class='ocrx_word' id='word_1_573' title='bbox 1231 3802 1534 3874; x_wconf 78' lang='grc' dir='ltr'>θελήσεως,</span> <span class='ocrx_word' id='word_1_574' title='bbox 1568 3802 1937 3873; x_wconf 86' lang='grc' dir='ltr'>δημιουγικῶς</span> 
     </span>
    </p>
   </div>
   <div class='ocr_carea' id='block_1_71' title="bbox 345 3885 1937 3965">
    <p class='ocr_par' dir='ltr' id='par_1_71' title="bbox 345 3885 1937 3965">
     <span class='ocr_line' id='line_1_71' title="bbox 345 3885 1937 3965; baseline 0.003 -25"><span class='ocrx_word' id='word_1_575' title='bbox 345 3885 589 3957; x_wconf 72' lang='grc' dir='ltr'>ὕπαρξιν</span> <span class='ocrx_word' id='word_1_576' title='bbox 634 3888 784 3960; x_wconf 80' lang='grc' dir='ltr'><strong>αὐτῷ</strong></span> <span class='ocrx_word' id='word_1_577' title='bbox 822 3890 1188 3961; x_wconf 71' lang='grc' dir='ltr'><strong>παρεχούσης.</strong></span> <span class='ocrx_word' id='word_1_578' title='bbox 1250 3891 1312 3944; x_wconf 85' lang='grc' dir='ltr'><strong>Ἦ</strong></span> <span class='ocrx_word' id='word_1_579' title='bbox 1360 3892 1418 3945; x_wconf 89' lang='grc' dir='ltr'>δὲ</span> <span class='ocrx_word' id='word_1_580' title='bbox 1464 3893 1756 3965; x_wconf 85' lang='grc' dir='ltr'>ἀπόκρισις</span> <span class='ocrx_word' id='word_1_581' title='bbox 1797 3890 1937 3964; x_wconf 75' lang='grc' dir='ltr'>αὕτη</span> 
     </span>
    </p>
   </div>
   <div class='ocr_carea' id='block_1_72' title="bbox 336 3982 1940 4057">
    <p class='ocr_par' dir='ltr' id='par_1_72' title="bbox 336 3982 1940 4057">
     <span class='ocr_line' id='line_1_72' title="bbox 336 3982 1940 4057; baseline 0.016 -21"><span class='ocrx_word' id='word_1_582' title='bbox 336 3984 690 4053; x_wconf 55' lang='lat' dir='ltr'><strong>duonotam</strong></span> <span class='ocrx_word' id='word_1_583' title='bbox 740 3985 1017 4052; x_wconf 79' lang='grc' dir='ltr'><strong>τυγχάνει.</strong></span> <span class='ocrx_word' id='word_1_584' title='bbox 1058 3984 1169 4055; x_wconf 81' lang='grc' dir='ltr'><strong>Τῆς</strong></span> <span class='ocrx_word' id='word_1_585' title='bbox 1220 3982 1493 4055; x_wconf 83' lang='grc' dir='ltr'>Θελήσεως</span> <span class='ocrx_word' id='word_1_586' title='bbox 1535 3985 1644 4057; x_wconf 85' lang='grc' dir='ltr'>γὰρ</span> <span class='ocrx_word' id='word_1_587' title='bbox 1698 3986 1791 4038; x_wconf 57' lang='grc' dir='ltr'><strong>καὶ</strong></span> <span class='ocrx_word' id='word_1_588' title='bbox 1841 3985 1940 4056; x_wconf 74' lang='grc' dir='ltr'><strong>τῆς</strong></span> 
     </span>
    </p>
   </div>
   <div class='ocr_carea' id='block_1_73' title="bbox 340 4075 1940 4148">
    <p class='ocr_par' dir='ltr' id='par_1_73' title="bbox 340 4075 1940 4148">
     <span class='ocr_line' id='line_1_73' title="bbox 340 4075 1940 4148; baseline 0 -19"><span class='ocrx_word' id='word_1_589' title='bbox 340 4076 715 4144; x_wconf 70' lang='grc' dir='ltr'>ἁνεθελησξας</span> <span class='ocrx_word' id='word_1_590' title='bbox 768 4076 862 4129; x_wconf 77' lang='grc' dir='ltr'><strong>καὶ</strong></span> <span class='ocrx_word' id='word_1_591' title='bbox 922 4076 1100 4145; x_wconf 80' lang='grc' dir='ltr'>πάσης</span> <span class='ocrx_word' id='word_1_592' title='bbox 1155 4077 1363 4140; x_wconf 81' lang='grc' dir='ltr'><strong>ἐννοίας</strong></span> <span class='ocrx_word' id='word_1_593' title='bbox 1413 4075 1734 4148; x_wconf 82' lang='grc' dir='ltr'>προτερεύει</span> <span class='ocrx_word' id='word_1_594' title='bbox 1790 4077 1819 4130; x_wconf 81' lang='grc' dir='ltr'><strong>ὅ</strong></span> <span class='ocrx_word' id='word_1_595' title='bbox 1878 4093 1940 4129; x_wconf 89' lang='grc' dir='ltr'><strong>τε</strong></span> 
     </span>
    </p>
   </div>
   <div class='ocr_carea' id='block_1_74' title="bbox 340 4166 1941 4240">
    <p class='ocr_par' dir='ltr' id='par_1_74' title="bbox 340 4166 1941 4240">
     <span class='ocr_line' id='line_1_74' title="bbox 340 4166 1941 4240; baseline 0.002 -20"><span class='ocrx_word' id='word_1_596' title='bbox 340 4169 629 4238; x_wconf 70' lang='grc' dir='ltr'>γεννήσας</span> <span class='ocrx_word' id='word_1_597' title='bbox 691 4166 822 4230; x_wconf 83' lang='grc' dir='ltr'>Θεὸς</span> <span class='ocrx_word' id='word_1_598' title='bbox 893 4167 989 4221; x_wconf 76' lang='grc' dir='ltr'><strong>καὶ</strong></span> <span class='ocrx_word' id='word_1_599' title='bbox 1052 4168 1279 4240; x_wconf 80' lang='grc' dir='ltr'>Πατὴρ,</span> <span class='ocrx_word' id='word_1_600' title='bbox 1343 4167 1408 4221; x_wconf 89' lang='grc' dir='ltr'><strong>τό</strong></span> <span class='ocrx_word' id='word_1_601' title='bbox 1463 4185 1525 4221; x_wconf 86' lang='grc' dir='ltr'><strong>τε</strong></span> <span class='ocrx_word' id='word_1_602' title='bbox 1598 4166 1941 4240; x_wconf 80' lang='grc' dir='ltr'>ἀπαύγασμα</span> 
     </span>
    </p>
   </div>
   <div class='ocr_carea' id='block_1_75' title="bbox 428 4411 1941 4482">
    <p class='ocr_par' dir='ltr' id='par_1_75' title="bbox 428 4411 1941 4482">
     <span class='ocr_line' id='line_1_75' title="bbox 428 4411 1941 4482; baseline -0.003 -15"><span class='ocrx_word' id='word_1_603' title='bbox 428 4414 545 4482; x_wconf 79' lang='lat'><strong>(5‘7)</strong></span> <span class='ocrx_word' id='word_1_604' title='bbox 581 4411 910 4482; x_wconf 17' lang='lat' dir='ltr'><strong>Deoiculem.</strong></span> <span class='ocrx_word' id='word_1_605' title='bbox 943 4411 983 4467; x_wconf 94' lang='grc'><strong>11</strong></span> <span class='ocrx_word' id='word_1_606' title='bbox 1027 4412 1093 4466; x_wconf 89' lang='lat' dir='ltr'><strong>ad</strong></span> <span class='ocrx_word' id='word_1_607' title='bbox 1125 4411 1249 4466; x_wconf 89' lang='lat' dir='ltr'><strong>Cor.</strong></span> <span class='ocrx_word' id='word_1_608' title='bbox 1279 4429 1341 4478; x_wconf 91' lang='grc' dir='ltr'><strong>ιι,</strong></span> <span class='ocrx_word' id='word_1_609' title='bbox 1371 4411 1459 4475; x_wconf 74' lang='grc'>14,</span> <span class='ocrx_word' id='word_1_610' title='bbox 1489 4412 1576 4465; x_wconf 87' lang='lat' dir='ltr'><strong>ubi</strong></span> <span class='ocrx_word' id='word_1_611' title='bbox 1609 4412 1796 4482; x_wconf 66' lang='lat' dir='ltr'><strong>Graeca</strong></span> <span class='ocrx_word' id='word_1_612' title='bbox 1822 4412 1941 4482; x_wconf 85' lang='lat' dir='ltr'><strong>edi-</strong></span> 
     </span>
    </p>
   </div>
   <div class='ocr_carea' id='block_1_76' title="bbox 2045 3341 3624 3411">
    <p class='ocr_par' dir='ltr' id='par_1_76' title="bbox 2045 3341 3624 3411">
     <span class='ocr_line' id='line_1_76' title="bbox 2045 3341 3624 3411; baseline 0.001 -15"><span class='ocrx_word' id='word_1_613' title='bbox 2045 3354 2143 3396; x_wconf 89' lang='lat' dir='ltr'><strong>nes</strong></span> <span class='ocrx_word' id='word_1_614' title='bbox 2168 3356 2233 3395; x_wconf 80' lang='lat' dir='ltr'><strong>ex</strong></span> <span class='ocrx_word' id='word_1_615' title='bbox 2263 3341 2521 3394; x_wconf 88' lang='lat' dir='ltr'><strong>utralibet</strong></span> <span class='ocrx_word' id='word_1_616' title='bbox 2562 3343 2919 3410; x_wconf 85' lang='lat' dir='ltr'><strong>responsione</strong></span> <span class='ocrx_word' id='word_1_617' title='bbox 2970 3343 3331 3411; x_wconf 83' lang='lat' dir='ltr'><strong>objectionem</strong></span> <span class='ocrx_word' id='word_1_618' title='bbox 3400 3345 3624 3399; x_wconf 87' lang='lat' dir='ltr'><strong>ducant.</strong></span> 
     </span>
    </p>
   </div>
   <div class='ocr_carea' id='block_1_77' title="bbox 2041 3431 3629 3504">
    <p class='ocr_par' dir='ltr' id='par_1_77' title="bbox 2041 3431 3629 3504">
     <span class='ocr_line' id='line_1_77' title="bbox 2041 3431 3629 3504; baseline 0.003 -20"><span class='ocrx_word' id='word_1_619' title='bbox 2041 3431 2177 3485; x_wconf 60' lang='lat' dir='ltr'><strong>Nam</strong></span> <span class='ocrx_word' id='word_1_620' title='bbox 2208 3432 2254 3485; x_wconf 90' lang='lat' dir='ltr'><strong>si</strong></span> <span class='ocrx_word' id='word_1_621' title='bbox 2295 3431 2629 3500; x_wconf 90' lang='lat' dir='ltr'><strong>respondeas</strong></span> <span class='ocrx_word' id='word_1_622' title='bbox 2657 3432 2790 3504; x_wconf 82' lang='lat'><strong>(66):</strong></span> <span class='ocrx_word' id='word_1_623' title='bbox 2823 3432 3025 3488; x_wconf 86' lang='lat' dir='ltr'><strong>Nolens</strong></span> <span class='ocrx_word' id='word_1_624' title='bbox 3052 3435 3240 3504; x_wconf 81' lang='lat' dir='ltr'><strong>genuit</strong></span> <span class='ocrx_word' id='word_1_625' title='bbox 3280 3432 3301 3492; x_wconf 86' lang='lat'><strong><em>(</em></strong></span> <span class='ocrx_word' id='word_1_626' title='bbox 3329 3450 3488 3488; x_wconf 90' lang='lat' dir='ltr'><strong>nemo</strong></span> <span class='ocrx_word' id='word_1_627' title='bbox 3526 3450 3629 3488; x_wconf 83' lang='lat' dir='ltr'><strong>au-</strong></span> 
     </span>
    </p>
   </div>
   <div class='ocr_carea' id='block_1_78' title="bbox 2040 3523 3626 3596">
    <p class='ocr_par' dir='ltr' id='par_1_78' title="bbox 2040 3523 3626 3596">
     <span class='ocr_line' id='line_1_78' title="bbox 2040 3523 3626 3596; baseline 0.001 -20"><span class='ocrx_word' id='word_1_628' title='bbox 2040 3531 2146 3577; x_wconf 92' lang='lat' dir='ltr'><strong>tem</strong></span> <span class='ocrx_word' id='word_1_629' title='bbox 2179 3523 2311 3591; x_wconf 87' lang='lat' dir='ltr'><strong>ipsis</strong></span> <span class='ocrx_word' id='word_1_630' title='bbox 2334 3523 2415 3578; x_wconf 88' lang='lat' dir='ltr'><strong>sic</strong></span> <span class='ocrx_word' id='word_1_631' title='bbox 2469 3525 2816 3596; x_wconf 82' lang='lat' dir='ltr'><strong>respondet);</strong></span> <span class='ocrx_word' id='word_1_632' title='bbox 2866 3526 3094 3580; x_wconf 89' lang='lat' dir='ltr'><strong>dicunt:</strong></span> <span class='ocrx_word' id='word_1_633' title='bbox 3132 3526 3274 3596; x_wconf 80' lang='lat' dir='ltr'><strong>Ergo</strong></span> <span class='ocrx_word' id='word_1_634' title='bbox 3317 3527 3466 3596; x_wconf 89' lang='lat' dir='ltr'><strong>quod</strong></span> <span class='ocrx_word' id='word_1_635' title='bbox 3517 3542 3626 3579; x_wconf 91' lang='lat' dir='ltr'><strong>non</strong></span> 
     </span>
    </p>
   </div>
   <div class='ocr_carea' id='block_1_79' title="bbox 2039 3612 3627 3685">
    <p class='ocr_par' dir='ltr' id='par_1_79' title="bbox 2039 3612 3627 3685">
     <span class='ocr_line' id='line_1_79' title="bbox 2039 3612 3627 3685; baseline 0.004 -21"><span class='ocrx_word' id='word_1_636' title='bbox 2039 3612 2154 3665; x_wconf 79' lang='lat' dir='ltr'><strong>vult</strong></span> <span class='ocrx_word' id='word_1_637' title='bbox 2184 3612 2347 3680; x_wconf 89' lang='lat' dir='ltr'><strong>Dens,</strong></span> <span class='ocrx_word' id='word_1_638' title='bbox 2388 3613 2593 3683; x_wconf 86' lang='lat' dir='ltr'><strong>patitur</strong></span> <span class='ocrx_word' id='word_1_639' title='bbox 2632 3612 2828 3669; x_wconf 87' lang='lat' dir='ltr'><strong>Filium</strong></span> <span class='ocrx_word' id='word_1_640' title='bbox 2891 3630 3187 3685; x_wconf 88' lang='lat' dir='ltr'><strong>generans,</strong></span> <span class='ocrx_word' id='word_1_641' title='bbox 3237 3616 3478 3670; x_wconf 85' lang='lat' dir='ltr'><strong>naturali</strong></span> <span class='ocrx_word' id='word_1_642' title='bbox 3533 3630 3627 3671; x_wconf 88' lang='lat' dir='ltr'><strong>ne-</strong></span> 
     </span>
    </p>
   </div>
   <div class='ocr_carea' id='block_1_80' title="bbox 2042 3704 3630 3775">
    <p class='ocr_par' dir='ltr' id='par_1_80' title="bbox 2042 3704 3630 3775">
     <span class='ocr_line' id='line_1_80' title="bbox 2042 3704 3630 3775; baseline 0.001 -16"><span class='ocrx_word' id='word_1_643' title='bbox 2042 3704 2298 3760; x_wconf 89' lang='lat' dir='ltr'><strong>cessitate</strong></span> <span class='ocrx_word' id='word_1_644' title='bbox 2331 3706 2507 3773; x_wconf 87' lang='lat' dir='ltr'><strong>ipsum</strong></span> <span class='ocrx_word' id='word_1_645' title='bbox 2537 3706 2769 3759; x_wconf 90' lang='lat' dir='ltr'><strong>invitum</strong></span> <span class='ocrx_word' id='word_1_646' title='bbox 2802 3706 2868 3760; x_wconf 92' lang='lat' dir='ltr'><strong>ad</strong></span> <span class='ocrx_word' id='word_1_647' title='bbox 2901 3706 3008 3762; x_wconf 90' lang='lat' dir='ltr'><strong>hoc</strong></span> <span class='ocrx_word' id='word_1_648' title='bbox 3038 3716 3290 3775; x_wconf 80' lang='lat' dir='ltr'><strong>cogente.</strong></span> <span class='ocrx_word' id='word_1_649' title='bbox 3338 3706 3434 3761; x_wconf 90' lang='lat' dir='ltr'><strong>Sin</strong></span> <span class='ocrx_word' id='word_1_650' title='bbox 3492 3722 3630 3761; x_wconf 86' lang='lat' dir='ltr'><strong>vero</strong></span> 
     </span>
    </p>
   </div>
   <div class='ocr_carea' id='block_1_81' title="bbox 2043 3796 3629 3869">
    <p class='ocr_par' dir='ltr' id='par_1_81' title="bbox 2043 3796 3629 3869">
     <span class='ocr_line' id='line_1_81' title="bbox 2043 3796 3629 3869; baseline 0 -16"><span class='ocrx_word' id='word_1_651' title='bbox 2043 3799 2178 3867; x_wconf 87' lang='lat' dir='ltr'><strong>ipsis</strong></span> <span class='ocrx_word' id='word_1_652' title='bbox 2206 3798 2550 3867; x_wconf 87' lang='lat' dir='ltr'><strong>reposueris:</strong></span> <span class='ocrx_word' id='word_1_653' title='bbox 2580 3796 2784 3852; x_wconf 84' lang='lat' dir='ltr'><strong>Volens</strong></span> <span class='ocrx_word' id='word_1_654' title='bbox 2815 3799 3025 3869; x_wconf 89' lang='lat' dir='ltr'><strong>genuit;</strong></span> <span class='ocrx_word' id='word_1_655' title='bbox 3052 3798 3295 3852; x_wconf 81' lang='lat' dir='ltr'><strong>inferunt</strong></span> <span class='ocrx_word' id='word_1_656' title='bbox 3323 3817 3336 3852; x_wconf 91' lang='lat'><strong>:</strong></span> <span class='ocrx_word' id='word_1_657' title='bbox 3370 3798 3512 3868; x_wconf 83' lang='lat' dir='ltr'><strong>Ergo</strong></span> <span class='ocrx_word' id='word_1_658' title='bbox 3534 3797 3629 3853; x_wconf 82' lang='lat' dir='ltr'><strong>Fi-</strong></span> 
     </span>
    </p>
   </div>
   <div class='ocr_carea' id='block_1_82' title="bbox 2038 3889 3625 3960">
    <p class='ocr_par' dir='ltr' id='par_1_82' title="bbox 2038 3889 3625 3960">
     <span class='ocr_line' id='line_1_82' title="bbox 2038 3889 3625 3960; baseline 0.001 -16"><span class='ocrx_word' id='word_1_659' title='bbox 2038 3890 2096 3944; x_wconf 89' lang='lat' dir='ltr'><strong>lii</strong></span> <span class='ocrx_word' id='word_1_660' title='bbox 2137 3892 2415 3960; x_wconf 88' lang='lat' dir='ltr'><strong>generatio</strong></span> <span class='ocrx_word' id='word_1_661' title='bbox 2464 3906 2533 3944; x_wconf 83' lang='lat' dir='ltr'><strong>ex</strong></span> <span class='ocrx_word' id='word_1_662' title='bbox 2578 3889 2755 3944; x_wconf 84' lang='lat' dir='ltr'><strong>Patris</strong></span> <span class='ocrx_word' id='word_1_663' title='bbox 2803 3890 3084 3947; x_wconf 84' lang='lat' dir='ltr'><strong>voluntate</strong></span> <span class='ocrx_word' id='word_1_664' title='bbox 3126 3891 3347 3960; x_wconf 88' lang='lat' dir='ltr'><strong>pendet,</strong></span> <span class='ocrx_word' id='word_1_665' title='bbox 3376 3906 3497 3960; x_wconf 66' lang='lat' dir='ltr'><strong>qua:</strong></span> <span class='ocrx_word' id='word_1_666' title='bbox 3533 3905 3625 3946; x_wconf 79' lang='lat' dir='ltr'><strong>ex-</strong></span> 
     </span>
    </p>
   </div>
   <div class='ocr_carea' id='block_1_83' title="bbox 2036 3982 3633 4054">
    <p class='ocr_par' dir='ltr' id='par_1_83' title="bbox 2036 3982 3633 4054">
     <span class='ocr_line' id='line_1_83' title="bbox 2036 3982 3633 4054; baseline -0.002 -15"><span class='ocrx_word' id='word_1_667' title='bbox 2036 3984 2342 4039; x_wconf 81' lang='lat' dir='ltr'><strong>sislentiam</strong></span> <span class='ocrx_word' id='word_1_668' title='bbox 2407 3982 2508 4053; x_wconf 90' lang='lat' dir='ltr'><strong>ipsi</strong></span> <span class='ocrx_word' id='word_1_669' title='bbox 2550 3997 2649 4054; x_wconf 89' lang='lat' dir='ltr'><strong>per</strong></span> <span class='ocrx_word' id='word_1_670' title='bbox 2698 3985 3034 4039; x_wconf 88' lang='lat' dir='ltr'><strong>creationem</strong></span> <span class='ocrx_word' id='word_1_671' title='bbox 3082 3986 3195 4038; x_wconf 90' lang='lat' dir='ltr'><strong>dat.</strong></span> <span class='ocrx_word' id='word_1_672' title='bbox 3244 3983 3480 4038; x_wconf 79' lang='lat' dir='ltr'><strong>Maxime</strong></span> <span class='ocrx_word' id='word_1_673' title='bbox 3529 3999 3633 4039; x_wconf 81' lang='lat' dir='ltr'><strong>au-</strong></span> 
     </span>
    </p>
   </div>
   <div class='ocr_carea' id='block_1_84' title="bbox 2040 4073 3632 4145">
    <p class='ocr_par' dir='ltr' id='par_1_84' title="bbox 2040 4073 3632 4145">
     <span class='ocr_line' id='line_1_84' title="bbox 2040 4073 3632 4145; baseline 0.001 -16"><span class='ocrx_word' id='word_1_674' title='bbox 2040 4084 2146 4130; x_wconf 90' lang='lat' dir='ltr'><strong>tem</strong></span> <span class='ocrx_word' id='word_1_675' title='bbox 2203 4073 2451 4130; x_wconf 88' lang='lat' dir='ltr'><strong>liberalis</strong></span> <span class='ocrx_word' id='word_1_676' title='bbox 2503 4085 2585 4130; x_wconf 88' lang='lat' dir='ltr'><strong>est</strong></span> <span class='ocrx_word' id='word_1_677' title='bbox 2639 4075 2742 4130; x_wconf 86' lang='lat' dir='ltr'><strong>ista</strong></span> <span class='ocrx_word' id='word_1_678' title='bbox 2816 4076 3154 4145; x_wconf 81' lang='lat' dir='ltr'><strong>responsio:</strong></span> <span class='ocrx_word' id='word_1_679' title='bbox 3203 4091 3329 4131; x_wconf 88' lang='lat' dir='ltr'><strong>nam</strong></span> <span class='ocrx_word' id='word_1_680' title='bbox 3383 4076 3632 4131; x_wconf 85' lang='lat' dir='ltr'><strong>volunta-</strong></span> 
     </span>
    </p>
   </div>
   <div class='ocr_carea' id='block_1_85' title="bbox 2040 4169 3633 4243">
    <p class='ocr_par' dir='ltr' id='par_1_85' title="bbox 2040 4169 3633 4243">
     <span class='ocr_line' id='line_1_85' title="bbox 2040 4169 3633 4243; baseline 0.001 -19"><span class='ocrx_word' id='word_1_681' title='bbox 2040 4178 2172 4237; x_wconf 86' lang='lat' dir='ltr'><strong>tem,</strong></span> <span class='ocrx_word' id='word_1_682' title='bbox 2219 4177 2277 4224; x_wconf 90' lang='lat' dir='ltr'><strong>et</strong></span> <span class='ocrx_word' id='word_1_683' title='bbox 2304 4169 2672 4237; x_wconf 89' lang='lat' dir='ltr'><strong>uoluntatem,</strong></span> <span class='ocrx_word' id='word_1_684' title='bbox 2728 4180 2785 4226; x_wconf 88' lang='lat' dir='ltr'><strong>et</strong></span> <span class='ocrx_word' id='word_1_685' title='bbox 2828 4187 3046 4227; x_wconf 76' lang='lat' dir='ltr'><strong>Olllllellt</strong></span> <span class='ocrx_word' id='word_1_686' title='bbox 3100 4172 3485 4243; x_wconf 73' lang='lat' dir='ltr'><strong>cogitationem</strong></span> <span class='ocrx_word' id='word_1_687' title='bbox 3533 4187 3633 4226; x_wconf 88' lang='lat' dir='ltr'><strong>an-</strong></span> 
     </span>
    </p>
   </div>
   <div class='ocr_carea' id='block_1_86' title="bbox 2117 4411 3627 4485">
    <p class='ocr_par' dir='ltr' id='par_1_86' title="bbox 2117 4411 3627 4485">
     <span class='ocr_line' id='line_1_86' title="bbox 2117 4411 3627 4485; baseline 0.003 -18"><span class='ocrx_word' id='word_1_688' title='bbox 2117 4412 2231 4483; x_wconf 80' lang='grc'><strong>(65)</strong></span> <span class='ocrx_word' id='word_1_689' title='bbox 2275 4411 2506 4468; x_wconf 83' lang='lat' dir='ltr'><strong>Frustra</strong></span> <span class='ocrx_word' id='word_1_690' title='bbox 2560 4432 2684 4469; x_wconf 80' lang='lat' dir='ltr'><strong>vero</strong></span> <span class='ocrx_word' id='word_1_691' title='bbox 2729 4419 3011 4485; x_wconf 82' lang='lat' dir='ltr'><strong>qmrritur.</strong></span> <span class='ocrx_word' id='word_1_692' title='bbox 3066 4415 3194 4469; x_wconf 84' lang='lat' dir='ltr'><strong>Tria</strong></span> <span class='ocrx_word' id='word_1_693' title='bbox 3228 4418 3342 4469; x_wconf 69' lang='lat' dir='ltr'><strong>haec</strong></span> <span class='ocrx_word' id='word_1_694' title='bbox 3368 4417 3627 4471; x_wconf 87' lang='lat' dir='ltr'><strong>vocabula</strong></span> 
     </span>
    </p>
   </div>
   <div class='ocr_carea' id='block_1_87' title="bbox 356 4481 3630 4576">
    <p class='ocr_par' dir='ltr' id='par_1_87' title="bbox 356 4481 3630 4576">
     <span class='ocr_line' id='line_1_87' title="bbox 356 4481 3630 4576; baseline 0.002 -39"><span class='ocrx_word' id='word_1_695' title='bbox 356 4485 461 4543; x_wconf 81' lang='lat' dir='ltr'><strong>tio.</strong></span> <span class='ocrx_word' id='word_1_696' title='bbox 487 4499 651 4569; x_wconf 66' lang='lat' dir='ltr'><strong>quam</strong></span> <span class='ocrx_word' id='word_1_697' title='bbox 672 4481 1076 4563; x_wconf 46' lang='lat' dir='ltr'><strong>~Vulgatus.iut.</strong></span> <span class='ocrx_word' id='word_1_698' title='bbox 1135 4485 1382 4553; x_wconf 82' lang='lat' dir='ltr'><strong>sequitur</strong></span> <span class='ocrx_word' id='word_1_699' title='bbox 1433 4484 1636 4537; x_wconf 81' lang='lat' dir='ltr'><strong>habet:</strong></span> <span class='ocrx_word' id='word_1_700' title='bbox 1672 4481 1772 4552; x_wconf 80' lang='grc' dir='ltr'><strong>τῆς</strong></span> <span class='ocrx_word' id='word_1_701' title='bbox 1801 4481 1943 4550; x_wconf 86' lang='grc' dir='ltr'>γνώ-</span> <span class='ocrx_word' id='word_1_702' title='bbox 1971 4518 2021 4576; x_wconf 77' lang='lat' dir='ltr'><strong>D</strong></span> <span class='ocrx_word' id='word_1_703' title='bbox 2046 4481 2229 4576; x_wconf 69' lang='lat' dir='ltr'><strong>addidi</strong></span> <span class='ocrx_word' id='word_1_704' title='bbox 2254 4500 2319 4576; x_wconf 73' lang='lat' dir='ltr'><strong>ex</strong></span> <span class='ocrx_word' id='word_1_705' title='bbox 2351 4485 2683 4576; x_wconf 63' lang='lat' dir='ltr'><strong>conjectura,</strong></span> <span class='ocrx_word' id='word_1_706' title='bbox 2727 4481 2798 4539; x_wconf 83' lang='lat' dir='ltr'><strong>ne</strong></span> <span class='ocrx_word' id='word_1_707' title='bbox 2834 4487 3013 4541; x_wconf 85' lang='lat' dir='ltr'><strong>hiulca</strong></span> <span class='ocrx_word' id='word_1_708' title='bbox 3043 4498 3191 4542; x_wconf 82' lang='lat' dir='ltr'><strong>esset</strong></span> <span class='ocrx_word' id='word_1_709' title='bbox 3222 4486 3524 4552; x_wconf 87' lang='lat' dir='ltr'><strong>translatio,</strong></span> <span class='ocrx_word' id='word_1_710' title='bbox 3572 4497 3630 4543; x_wconf 91' lang='lat' dir='ltr'><strong>ut</strong></span> 
     </span>
    </p>
   </div>
   <div class='ocr_carea' id='block_1_88' title="bbox 350 4552 1078 4624">
    <p class='ocr_par' dir='ltr' id='par_1_88' title="bbox 350 4552 1078 4624">
     <span class='ocr_line' id='line_1_88' title="bbox 350 4552 1078 4624; baseline -0.001 -17"><span class='ocrx_word' id='word_1_711' title='bbox 350 4571 496 4616; x_wconf 83' lang='grc' dir='ltr'>σεως</span> <span class='ocrx_word' id='word_1_712' title='bbox 533 4552 704 4606; x_wconf 75' lang='grc' dir='ltr'><strong>αὐτοῦ</strong></span> <span class='ocrx_word' id='word_1_713' title='bbox 740 4552 1078 4624; x_wconf 79' lang='grc' dir='ltr'>φανεροῦντι.</span> 
     </span>
    </p>
   </div>
   <div class='ocr_carea' id='block_1_89' title="bbox 432 4622 1943 4694">
    <p class='ocr_par' dir='ltr' id='par_1_89' title="bbox 432 4622 1943 4694">
     <span class='ocr_line' id='line_1_89' title="bbox 432 4622 1943 4694; baseline 0.003 -22"><span class='ocrx_word' id='word_1_714' title='bbox 432 4624 547 4689; x_wconf 75' lang='lat'><strong>(58)</strong></span> <span class='ocrx_word' id='word_1_715' title='bbox 608 4625 715 4675; x_wconf 78' lang='lat' dir='ltr'><strong>Aut</strong></span> <span class='ocrx_word' id='word_1_716' title='bbox 756 4622 948 4694; x_wconf 57' lang='lat' dir='ltr'><strong>uince.“</strong></span> <span class='ocrx_word' id='word_1_717' title='bbox 975 4624 1217 4692; x_wconf 77' lang='lat' dir='ltr'><strong>Respicit</strong></span> <span class='ocrx_word' id='word_1_718' title='bbox 1244 4638 1453 4688; x_wconf 87' lang='lat' dir='ltr'><strong>vocem,</strong></span> <span class='ocrx_word' id='word_1_719' title='bbox 1492 4622 1660 4694; x_wconf 84' lang='grc' dir='ltr'>ὁσμή,</span> <span class='ocrx_word' id='word_1_720' title='bbox 1708 4637 1739 4677; x_wconf 91' lang='lat' dir='ltr'><strong>a</strong></span> <span class='ocrx_word' id='word_1_721' title='bbox 1774 4622 1943 4677; x_wconf 86' lang='lat' dir='ltr'><strong>Paulo</strong></span> 
     </span>
    </p>
   </div>
   <div class='ocr_carea' id='block_1_90' title="bbox 356 4690 1942 4762">
    <p class='ocr_par' dir='ltr' id='par_1_90' title="bbox 356 4690 1942 4762">
     <span class='ocr_line' id='line_1_90' title="bbox 356 4690 1942 4762; baseline 0.001 -16"><span class='ocrx_word' id='word_1_722' title='bbox 356 4696 704 4747; x_wconf 71' lang='lat' dir='ltr'><strong>adhibitam:</strong></span> <span class='ocrx_word' id='word_1_723' title='bbox 746 4690 887 4762; x_wconf 77' lang='grc' dir='ltr'>αὖρα</span> <span class='ocrx_word' id='word_1_724' title='bbox 926 4690 1209 4749; x_wconf 26' lang='grc' dir='ltr'>θιιὶιιιίιιὶίι</span> <span class='ocrx_word' id='word_1_725' title='bbox 1265 4695 1405 4747; x_wconf 81' lang='lat' dir='ltr'><strong>idem</strong></span> <span class='ocrx_word' id='word_1_726' title='bbox 1470 4690 1738 4757; x_wconf 69' lang='lat' dir='ltr'><strong>significat</strong></span> <span class='ocrx_word' id='word_1_727' title='bbox 1779 4704 1942 4760; x_wconf 83' lang='lat' dir='ltr'><strong>atque</strong></span> 
     </span>
    </p>
   </div>
   <div class='ocr_carea' id='block_1_91' title="bbox 357 4762 1943 4834">
    <p class='ocr_par' dir='ltr' id='par_1_91' title="bbox 357 4762 1943 4834">
     <span class='ocr_line' id='line_1_91' title="bbox 357 4762 1943 4834; baseline 0.001 -18"><span class='ocrx_word' id='word_1_728' title='bbox 357 4764 529 4834; x_wconf 70' lang='grc' dir='ltr'>ὀσμή,</span> <span class='ocrx_word' id='word_1_729' title='bbox 587 4765 640 4817; x_wconf 88' lang='lat' dir='ltr'><strong>id</strong></span> <span class='ocrx_word' id='word_1_730' title='bbox 666 4772 774 4827; x_wconf 83' lang='lat' dir='ltr'><strong>est,</strong></span> <span class='ocrx_word' id='word_1_731' title='bbox 808 4766 1048 4829; x_wconf 85' lang='lat' dir='ltr'><strong>odorem,</strong></span> <span class='ocrx_word' id='word_1_732' title='bbox 1085 4780 1297 4831; x_wconf 86' lang='lat' dir='ltr'><strong>auram,</strong></span> <span class='ocrx_word' id='word_1_733' title='bbox 1328 4765 1443 4818; x_wconf 82' lang='lat' dir='ltr'><strong>sive</strong></span> <span class='ocrx_word' id='word_1_734' title='bbox 1462 4762 1736 4817; x_wconf 79' lang='lat' dir='ltr'><strong>ellluvium</strong></span> <span class='ocrx_word' id='word_1_735' title='bbox 1766 4764 1943 4817; x_wconf 86' lang='lat' dir='ltr'><strong>odori-</strong></span> 
     </span>
    </p>
   </div>
   <div class='ocr_carea' id='block_1_92' title="bbox 358 4836 559 4889">
    <p class='ocr_par' dir='ltr' id='par_1_92' title="bbox 358 4836 559 4889">
     <span class='ocr_line' id='line_1_92' title="bbox 358 4836 559 4889; baseline -0.015 0"><span class='ocrx_word' id='word_1_736' title='bbox 358 4836 559 4889; x_wconf 70' lang='lat' dir='ltr'><strong>Icnnn.</strong></span> 
     </span>
    </p>
   </div>
   <div class='ocr_carea' id='block_1_93' title="bbox 438 4900 1938 4974">
    <p class='ocr_par' dir='ltr' id='par_1_93' title="bbox 438 4900 1938 4974">
     <span class='ocr_line' id='line_1_93' title="bbox 438 4900 1938 4974; baseline -0.001 -15"><span class='ocrx_word' id='word_1_737' title='bbox 438 4905 545 4974; x_wconf 73' lang='lat'><strong>(59)</strong></span> <span class='ocrx_word' id='word_1_738' title='bbox 611 4901 859 4974; x_wconf 80' lang='lat' dir='ltr'><strong>Videmus</strong></span> <span class='ocrx_word' id='word_1_739' title='bbox 909 4915 1101 4960; x_wconf 82' lang='lat' dir='ltr'><strong>autem.</strong></span> <span class='ocrx_word' id='word_1_740' title='bbox 1134 4901 1208 4956; x_wconf 78' lang='lat' dir='ltr'><strong>Ex</strong></span> <span class='ocrx_word' id='word_1_741' title='bbox 1245 4902 1260 4955; x_wconf 91' lang='grc'><strong>1</strong></span> <span class='ocrx_word' id='word_1_742' title='bbox 1292 4903 1361 4974; x_wconf 87' lang='lat' dir='ltr'><strong>ad</strong></span> <span class='ocrx_word' id='word_1_743' title='bbox 1397 4900 1523 4974; x_wconf 81' lang='lat' dir='ltr'><strong>cor.</strong></span> <span class='ocrx_word' id='word_1_744' title='bbox 1573 4918 1693 4974; x_wconf 56' lang='lat' dir='ltr'><strong>aut,</strong></span> <span class='ocrx_word' id='word_1_745' title='bbox 1729 4903 1817 4964; x_wconf 73' lang='grc'><strong>12,</strong></span> <span class='ocrx_word' id='word_1_746' title='bbox 1851 4903 1938 4956; x_wconf 90' lang='lat' dir='ltr'><strong>ubi</strong></span> 
     </span>
    </p>
   </div>
   <div class='ocr_carea' id='block_1_94' title="bbox 362 4972 1938 5045">
    <p class='ocr_par' dir='ltr' id='par_1_94' title="bbox 362 4972 1938 5045">
     <span class='ocr_line' id='line_1_94' title="bbox 362 4972 1938 5045; baseline -0.001 -18"><span class='ocrx_word' id='word_1_747' title='bbox 362 4972 551 5045; x_wconf 66' lang='lat' dir='ltr'><strong>Graeca</strong></span> <span class='ocrx_word' id='word_1_748' title='bbox 580 4973 743 5027; x_wconf 82' lang='lat' dir='ltr'><strong>editio</strong></span> <span class='ocrx_word' id='word_1_749' title='bbox 765 4973 932 5045; x_wconf 75' lang='lat' dir='ltr'><strong>babet</strong></span> <span class='ocrx_word' id='word_1_750' title='bbox 957 4992 970 5027; x_wconf 89' lang='lat'><strong>:</strong></span> <span class='ocrx_word' id='word_1_751' title='bbox 996 4973 1271 5044; x_wconf 81' lang='grc' dir='ltr'><strong>Βλέπομεν</strong></span> <span class='ocrx_word' id='word_1_752' title='bbox 1296 4972 1416 5045; x_wconf 75' lang='grc' dir='ltr'>γὰρ</span> <span class='ocrx_word' id='word_1_753' title='bbox 1432 4973 1558 5045; x_wconf 81' lang='grc' dir='ltr'>ἄρτι</span> <span class='ocrx_word' id='word_1_754' title='bbox 1584 4973 1649 5025; x_wconf 81' lang='grc' dir='ltr'>δι’</span> <span class='ocrx_word' id='word_1_755' title='bbox 1672 4973 1938 5044; x_wconf 81' lang='grc' dir='ltr'>ἐσόπτρου</span> 
     </span>
    </p>
   </div>
   <div class='ocr_carea' id='block_1_95' title="bbox 367 5041 1936 5115">
    <p class='ocr_par' dir='ltr' id='par_1_95' title="bbox 367 5041 1936 5115">
     <span class='ocr_line' id='line_1_95' title="bbox 367 5041 1936 5115; baseline 0.001 -20"><span class='ocrx_word' id='word_1_756' title='bbox 367 5045 427 5095; x_wconf 76' lang='grc' dir='ltr'><strong>ἐν</strong></span> <span class='ocrx_word' id='word_1_757' title='bbox 448 5044 741 5115; x_wconf 81' lang='grc' dir='ltr'><strong>αἰνίγματι.</strong></span> <span class='ocrx_word' id='word_1_758' title='bbox 763 5041 1019 5115; x_wconf 65' lang='lat' dir='ltr'><strong>pidymus</strong></span> <span class='ocrx_word' id='word_1_759' title='bbox 1038 5059 1162 5097; x_wconf 84' lang='lat' dir='ltr'><strong>vero</strong></span> <span class='ocrx_word' id='word_1_760' title='bbox 1175 5041 1557 5115; x_wconf 71' lang='lat' dir='ltr'><strong>explicationis</strong></span> <span class='ocrx_word' id='word_1_761' title='bbox 1576 5057 1741 5097; x_wconf 84' lang='lat' dir='ltr'><strong>causa</strong></span> <span class='ocrx_word' id='word_1_762' title='bbox 1766 5041 1936 5115; x_wconf 77' lang='lat' dir='ltr'><strong>addit:</strong></span> 
     </span>
    </p>
   </div>
   <div class='ocr_carea' id='block_1_96' title="bbox 364 5112 1939 5185">
    <p class='ocr_par' dir='ltr' id='par_1_96' title="bbox 364 5112 1939 5185">
     <span class='ocr_line' id='line_1_96' title="bbox 364 5112 1939 5185; baseline 0.001 -20"><span class='ocrx_word' id='word_1_763' title='bbox 364 5114 438 5167; x_wconf 71' lang='grc' dir='ltr'><strong>τὰ</strong></span> <span class='ocrx_word' id='word_1_764' title='bbox 474 5112 817 5185; x_wconf 67' lang='grc' dir='ltr'>περὶαύτοῦ,</span> <span class='ocrx_word' id='word_1_765' title='bbox 870 5114 924 5168; x_wconf 90' lang='lat' dir='ltr'><strong>id</strong></span> <span class='ocrx_word' id='word_1_766' title='bbox 966 5124 1070 5180; x_wconf 85' lang='lat' dir='ltr'><strong>est,</strong></span> <span class='ocrx_word' id='word_1_767' title='bbox 1104 5131 1218 5184; x_wconf 67' lang='lat' dir='ltr'><strong>qua:</strong></span> <span class='ocrx_word' id='word_1_768' title='bbox 1243 5117 1308 5168; x_wconf 88' lang='lat' dir='ltr'><strong>de</strong></span> <span class='ocrx_word' id='word_1_769' title='bbox 1360 5113 1473 5183; x_wconf 80' lang='lat' dir='ltr'><strong>ipso</strong></span> <span class='ocrx_word' id='word_1_770' title='bbox 1517 5115 1729 5182; x_wconf 84' lang='lat' dir='ltr'><strong>cognita</strong></span> <span class='ocrx_word' id='word_1_771' title='bbox 1778 5113 1939 5168; x_wconf 84' lang='lat' dir='ltr'><strong>habe-</strong></span> 
     </span>
    </p>
   </div>
   <div class='ocr_carea' id='block_1_97' title="bbox 367 5201 499 5236">
    <p class='ocr_par' dir='ltr' id='par_1_97' title="bbox 367 5201 499 5236">
     <span class='ocr_line' id='line_1_97' title="bbox 367 5201 499 5236; baseline 0.008 -1"><span class='ocrx_word' id='word_1_772' title='bbox 367 5201 499 5236; x_wconf 66' lang='grc' dir='ltr'>ηιμ.</span> 
     </span>
    </p>
   </div>
   <div class='ocr_carea' id='block_1_98' title="bbox 443 5253 1941 5326">
    <p class='ocr_par' dir='ltr' id='par_1_98' title="bbox 443 5253 1941 5326">
     <span class='ocr_line' id='line_1_98' title="bbox 443 5253 1941 5326; baseline 0.001 -20"><span class='ocrx_word' id='word_1_773' title='bbox 443 5256 549 5326; x_wconf 79' lang='grc'><strong>(60)</strong></span> <span class='ocrx_word' id='word_1_774' title='bbox 571 5253 750 5311; x_wconf 75' lang='lat' dir='ltr'><strong>Gloria</strong></span> <span class='ocrx_word' id='word_1_775' title='bbox 776 5254 1013 5326; x_wconf 69' lang='lat' dir='ltr'><strong>Domini.</strong></span> <span class='ocrx_word' id='word_1_776' title='bbox 1055 5253 1309 5309; x_wconf 82' lang='lat' dir='ltr'><strong>Proverb.</strong></span> <span class='ocrx_word' id='word_1_777' title='bbox 1343 5270 1470 5317; x_wconf 83' lang='lat' dir='ltr'><strong>xxv,</strong></span> <span class='ocrx_word' id='word_1_778' title='bbox 1501 5254 1557 5317; x_wconf 76' lang='lat'><strong>2,</strong></span> <span class='ocrx_word' id='word_1_779' title='bbox 1585 5254 1673 5309; x_wconf 90' lang='lat' dir='ltr'><strong>ubi</strong></span> <span class='ocrx_word' id='word_1_780' title='bbox 1709 5269 1804 5322; x_wconf 92' lang='lat' dir='ltr'><strong>pro</strong></span> <span class='ocrx_word' id='word_1_781' title='bbox 1831 5254 1941 5308; x_wconf 86' lang='grc' dir='ltr'><strong>Κυ-</strong></span> 
     </span>
    </p>
   </div>
   <div class='ocr_carea' id='block_1_99' title="bbox 364 5323 1273 5398">
    <p class='ocr_par' dir='ltr' id='par_1_99' title="bbox 364 5323 1273 5398">
     <span class='ocr_line' id='line_1_99' title="bbox 364 5323 1273 5398; baseline 0.001 -22"><span class='ocrx_word' id='word_1_782' title='bbox 364 5326 502 5398; x_wconf 69' lang='grc' dir='ltr'>ρίου.</span> <span class='ocrx_word' id='word_1_783' title='bbox 530 5323 740 5398; x_wconf 64' lang='lat' dir='ltr'><strong>legitur,</strong></span> <span class='ocrx_word' id='word_1_784' title='bbox 772 5323 1024 5398; x_wconf 68' lang='lat' dir='ltr'><strong>8206,_id_</strong></span> <span class='ocrx_word' id='word_1_785' title='bbox 1044 5337 1129 5379; x_wconf 90' lang='lat' dir='ltr'><strong>est</strong></span> <span class='ocrx_word' id='word_1_786' title='bbox 1157 5326 1273 5398; x_wconf 78' lang='lat' dir='ltr'><strong>Dei.</strong></span> 
     </span>
    </p>
   </div>
   <div class='ocr_carea' id='block_1_100' title="bbox 432 5394 1937 5466">
    <p class='ocr_par' dir='ltr' id='par_1_100' title="bbox 432 5394 1937 5466">
     <span class='ocr_line' id='line_1_100' title="bbox 432 5394 1937 5466; baseline 0 -14"><span class='ocrx_word' id='word_1_787' title='bbox 432 5400 538 5466; x_wconf 76' lang='grc'><strong>(61)</strong></span> <span class='ocrx_word' id='word_1_788' title='bbox 574 5394 847 5455; x_wconf 68' lang='lat' dir='ltr'><strong>Scriberis.</strong></span> <span class='ocrx_word' id='word_1_789' title='bbox 914 5395 953 5449; x_wconf 90' lang='grc' dir='ltr'><strong>ΙΙ</strong></span> <span class='ocrx_word' id='word_1_790' title='bbox 986 5394 1110 5449; x_wconf 86' lang='lat' dir='ltr'><strong>Cor.</strong></span> <span class='ocrx_word' id='word_1_791' title='bbox 1147 5412 1199 5459; x_wconf 76' lang='grc' dir='ltr'><strong>κ,</strong></span> <span class='ocrx_word' id='word_1_792' title='bbox 1259 5396 1349 5466; x_wconf 74' lang='grc'><strong>15.</strong></span> <span class='ocrx_word' id='word_1_793' title='bbox 1378 5395 1508 5462; x_wconf 70' lang='lat' dir='ltr'><strong>Quae</strong></span> <span class='ocrx_word' id='word_1_794' title='bbox 1550 5395 1703 5466; x_wconf 77' lang='lat' dir='ltr'><strong>uncis</strong></span> <span class='ocrx_word' id='word_1_795' title='bbox 1725 5395 1937 5452; x_wconf 90' lang='lat' dir='ltr'><strong>inclusa</strong></span> 
     </span>
    </p>
   </div>
   <div class='ocr_carea' id='block_1_101' title="bbox 354 5465 1936 5536">
    <p class='ocr_par' dir='ltr' id='par_1_101' title="bbox 354 5465 1936 5536">
     <span class='ocr_line' id='line_1_101' title="bbox 354 5465 1936 5536; baseline 0 -15"><span class='ocrx_word' id='word_1_796' title='bbox 354 5482 474 5527; x_wconf 78' lang='lat' dir='ltr'><strong>sum</strong></span> <span class='ocrx_word' id='word_1_797' title='bbox 507 5476 559 5528; x_wconf 81' lang='lat' dir='ltr'><strong>in</strong></span> <span class='ocrx_word' id='word_1_798' title='bbox 613 5472 843 5536; x_wconf 69' lang='lat' dir='ltr'><strong>Graeco,</strong></span> <span class='ocrx_word' id='word_1_799' title='bbox 881 5466 1120 5536; x_wconf 72' lang='lat' dir='ltr'><strong>suppleri</strong></span> <span class='ocrx_word' id='word_1_800' title='bbox 1153 5482 1219 5521; x_wconf 78' lang='lat' dir='ltr'><strong>ex</strong></span> <span class='ocrx_word' id='word_1_801' title='bbox 1250 5465 1441 5522; x_wconf 61' lang='lat' dir='ltr'><strong>Graeca</strong></span> <span class='ocrx_word' id='word_1_802' title='bbox 1471 5465 1768 5521; x_wconf 88' lang='lat' dir='ltr'><strong>Bibliorum</strong></span> <span class='ocrx_word' id='word_1_803' title='bbox 1816 5467 1936 5521; x_wconf 87' lang='lat' dir='ltr'><strong>edi-</strong></span> 
     </span>
    </p>
   </div>
   <div class='ocr_carea' id='block_1_102' title="bbox 348 5550 502 5601">
    <p class='ocr_par' dir='ltr' id='par_1_102' title="bbox 348 5550 502 5601">
     <span class='ocr_line' id='line_1_102' title="bbox 348 5550 502 5601; baseline -0.019 -5"><span class='ocrx_word' id='word_1_804' title='bbox 348 5550 502 5601; x_wconf 65' lang='lat' dir='ltr'><strong>hunc,</strong></span> 
     </span>
    </p>
   </div>
   <div class='ocr_carea' id='block_1_103' title="bbox 404 5605 1936 5691">
    <p class='ocr_par' dir='ltr' id='par_1_103' title="bbox 404 5605 1936 5691">
     <span class='ocr_line' id='line_1_103' title="bbox 404 5605 1936 5691; baseline -0.008 -16"><span class='ocrx_word' id='word_1_805' title='bbox 404 5618 511 5691; x_wconf 78' lang='lat'><strong>(62)</strong></span> <span class='ocrx_word' id='word_1_806' title='bbox 569 5616 638 5675; x_wconf 89' lang='lat' dir='ltr'><strong>Si</strong></span> <span class='ocrx_word' id='word_1_807' title='bbox 682 5612 817 5686; x_wconf 71' lang='lat' dir='ltr'><strong>quis</strong></span> <span class='ocrx_word' id='word_1_808' title='bbox 871 5606 1010 5691; x_wconf 49' lang='lat' dir='ltr'><strong>sibi;</strong></span> <span class='ocrx_word' id='word_1_809' title='bbox 1050 5605 1072 5660; x_wconf 94' lang='lat' dir='ltr'><strong>l</strong></span> <span class='ocrx_word' id='word_1_810' title='bbox 1120 5606 1188 5691; x_wconf 70' lang='lat' dir='ltr'><strong>ad</strong></span> <span class='ocrx_word' id='word_1_811' title='bbox 1248 5611 1502 5691; x_wconf 78' lang='lat' dir='ltr'><strong>Corintb.</strong></span> <span class='ocrx_word' id='word_1_812' title='bbox 1539 5621 1678 5691; x_wconf 40' lang='grc' dir='ltr'>χιιι,</span> <span class='ocrx_word' id='word_1_813' title='bbox 1731 5607 1936 5691; x_wconf 47' lang='lat' dir='ltr'><strong>2&#39;,Mubi</strong></span> 
     </span>
    </p>
   </div>
   <div class='ocr_carea' id='block_1_104' title="bbox 320 5674 1937 5755">
    <p class='ocr_par' dir='ltr' id='par_1_104' title="bbox 320 5674 1937 5755">
     <span class='ocr_line' id='line_1_104' title="bbox 320 5674 1937 5755; baseline -0.012 -3"><span class='ocrx_word' id='word_1_814' title='bbox 320 5674 503 5751; x_wconf 29' lang='lat' dir='ltr'><strong>Graii-Val</strong></span> <span class='ocrx_word' id='word_1_815' title='bbox 538 5674 720 5745; x_wconf 69' lang='lat' dir='ltr'><strong>editio</strong></span> <span class='ocrx_word' id='word_1_816' title='bbox 756 5696 896 5755; x_wconf 20' lang='lat' dir='ltr'><strong>piro,</strong></span> <span class='ocrx_word' id='word_1_817' title='bbox 951 5674 1107 5731; x_wconf 79' lang='grc' dir='ltr'><strong>οὔπω</strong></span> <span class='ocrx_word' id='word_1_818' title='bbox 1161 5675 1417 5755; x_wconf 72' lang='grc' dir='ltr'>εγνῳκεν,</span> <span class='ocrx_word' id='word_1_819' title='bbox 1466 5677 1628 5755; x_wconf 73' lang='lat' dir='ltr'><strong>habet</strong></span> <span class='ocrx_word' id='word_1_820' title='bbox 1653 5677 1937 5755; x_wconf 68' lang='lat' dir='ltr'><strong>_:_9saém</strong></span> 
     </span>
    </p>
   </div>
   <div class='ocr_carea' id='block_1_105' title="bbox 304 5747 1933 5837">
    <p class='ocr_par' dir='ltr' id='par_1_105' title="bbox 304 5747 1933 5837">
     <span class='ocr_line' id='line_1_105' title="bbox 304 5747 1933 5837; baseline 0.009 -13"><span class='ocrx_word' id='word_1_821' title='bbox 304 5747 458 5825; x_wconf 58' lang='lat' dir='ltr'><strong>asa</strong></span> <span class='ocrx_word' id='word_1_822' title='bbox 472 5747 898 5837; x_wconf 52' lang='grc' dir='ltr'><strong>ἔγνωκευξβίῖά</strong></span> <span class='ocrx_word' id='word_1_823' title='bbox 918 5762 1137 5837; x_wconf 24' lang='grc' dir='ltr'><strong>κ’ἷίῗίὶθξῗῗτ</strong></span> <span class='ocrx_word' id='word_1_824' title='bbox 1150 5747 1329 5837; x_wconf 54' lang='grc' dir='ltr'><strong><em>ῩῩὲζέΥῙ</em></strong></span> <span class='ocrx_word' id='word_1_825' title='bbox 1348 5762 1462 5837; x_wconf 58' lang='grc'><strong>999</strong></span> <span class='ocrx_word' id='word_1_826' title='bbox 1475 5747 1933 5837; x_wconf 41' lang='grc' dir='ltr'><strong>ΕἚΨΨΡΨΪῘΞἪΨ</strong></span> 
     </span>
    </p>
   </div>
   <div class='ocr_carea' id='block_1_106' title="bbox 300 5817 1934 5903">
    <p class='ocr_par' dir='ltr' id='par_1_106' title="bbox 300 5817 1934 5903">
     <span class='ocr_line' id='line_1_106' title="bbox 300 5817 1934 5903; baseline -0.013 -8"><span class='ocrx_word' id='word_1_827' title='bbox 300 5817 703 5903; x_wconf 45' lang='lat' dir='ltr'><strong>{crumenam</strong></span> <span class='ocrx_word' id='word_1_828' title='bbox 741 5824 1034 5895; x_wconf 72' lang='lat' dir='ltr'><strong>Vulgatus</strong></span> <span class='ocrx_word' id='word_1_829' title='bbox 1059 5817 1337 5891; x_wconf 85' lang='lat' dir='ltr'><strong>interpres</strong></span> <span class='ocrx_word' id='word_1_830' title='bbox 1348 5818 1560 5875; x_wconf 86' lang='lat' dir='ltr'><strong>videtur</strong></span> <span class='ocrx_word' id='word_1_831' title='bbox 1587 5832 1694 5875; x_wconf 91' lang='lat' dir='ltr'><strong>non</strong></span> <span class='ocrx_word' id='word_1_832' title='bbox 1718 5818 1934 5889; x_wconf 81' lang='lat' dir='ltr'><strong>legisse.</strong></span> 
     </span>
    </p>
   </div>
   <div class='ocr_carea' id='block_1_107' title="bbox 2045 4556 2610 4616">
    <p class='ocr_par' dir='ltr' id='par_1_107' title="bbox 2045 4556 2610 4616">
     <span class='ocr_line' id='line_1_107' title="bbox 2045 4556 2610 4616; baseline 0.004 -8"><span class='ocrx_word' id='word_1_833' title='bbox 2045 4556 2235 4616; x_wconf 79' lang='lat' dir='ltr'><strong>codex,</strong></span> <span class='ocrx_word' id='word_1_834' title='bbox 2261 4557 2361 4609; x_wconf 89' lang='lat' dir='ltr'><strong>hoc</strong></span> <span class='ocrx_word' id='word_1_835' title='bbox 2393 4556 2445 4607; x_wconf 92' lang='lat' dir='ltr'><strong>in</strong></span> <span class='ocrx_word' id='word_1_836' title='bbox 2472 4556 2610 4610; x_wconf 89' lang='lat' dir='ltr'><strong>loco.</strong></span> 
     </span>
    </p>
   </div>
   <div class='ocr_carea' id='block_1_108' title="bbox 2118 4623 3624 4694">
    <p class='ocr_par' dir='ltr' id='par_1_108' title="bbox 2118 4623 3624 4694">
     <span class='ocr_line' id='line_1_108' title="bbox 2118 4623 3624 4694; baseline 0.003 -18"><span class='ocrx_word' id='word_1_837' title='bbox 2118 4623 2230 4693; x_wconf 66' lang='grc'><strong>(64)</strong></span> <span class='ocrx_word' id='word_1_838' title='bbox 2270 4623 2525 4693; x_wconf 83' lang='lat' dir='ltr'><strong>Nunquid</strong></span> <span class='ocrx_word' id='word_1_839' title='bbox 2548 4641 2692 4694; x_wconf 77' lang='lat' dir='ltr'><strong>ergo.</strong></span> <span class='ocrx_word' id='word_1_840' title='bbox 2719 4626 2909 4680; x_wconf 79' lang='lat' dir='ltr'><strong>Aﬂinia</strong></span> <span class='ocrx_word' id='word_1_841' title='bbox 2945 4624 3242 4680; x_wconf 83' lang='lat' dir='ltr'><strong>Catbnlicis</strong></span> <span class='ocrx_word' id='word_1_842' title='bbox 3278 4623 3465 4689; x_wconf 81' lang='lat' dir='ltr'><strong>objicit</strong></span> <span class='ocrx_word' id='word_1_843' title='bbox 3514 4628 3624 4681; x_wconf 84' lang='lat' dir='ltr'><strong>Eu-</strong></span> 
     </span>
    </p>
   </div>
   <div class='ocr_carea' id='block_1_109' title="bbox 2043 4694 3631 4764">
    <p class='ocr_par' dir='ltr' id='par_1_109' title="bbox 2043 4694 3631 4764">
     <span class='ocr_line' id='line_1_109' title="bbox 2043 4694 3631 4764; baseline 0.003 -17"><span class='ocrx_word' id='word_1_844' title='bbox 2043 4696 2256 4747; x_wconf 88' lang='lat' dir='ltr'><strong>nomius</strong></span> <span class='ocrx_word' id='word_1_845' title='bbox 2292 4694 2345 4747; x_wconf 92' lang='lat' dir='ltr'><strong>iu</strong></span> <span class='ocrx_word' id='word_1_846' title='bbox 2381 4695 2686 4764; x_wconf 73' lang='lat' dir='ltr'><strong>fragmento</strong></span> <span class='ocrx_word' id='word_1_847' title='bbox 2721 4697 3131 4764; x_wconf 86' lang='lat' dir='ltr'><strong>Disputatiouis,</strong></span> <span class='ocrx_word' id='word_1_848' title='bbox 3163 4697 3308 4763; x_wconf 86' lang='lat' dir='ltr'><strong>quod</strong></span> <span class='ocrx_word' id='word_1_849' title='bbox 3340 4708 3517 4751; x_wconf 81' lang='lat' dir='ltr'><strong>exstat</strong></span> <span class='ocrx_word' id='word_1_850' title='bbox 3554 4710 3631 4752; x_wconf 91' lang='lat' dir='ltr'><strong>to-</strong></span> 
     </span>
    </p>
   </div>
   <div class='ocr_carea' id='block_1_110' title="bbox 2044 4764 3627 4835">
    <p class='ocr_par' dir='ltr' id='par_1_110' title="bbox 2044 4764 3627 4835">
     <span class='ocr_line' id='line_1_110' title="bbox 2044 4764 3627 4835; baseline 0.004 -20"><span class='ocrx_word' id='word_1_851' title='bbox 2044 4777 2132 4835; x_wconf 69' lang='lat' dir='ltr'><strong>ruo</strong></span> <span class='ocrx_word' id='word_1_852' title='bbox 2167 4765 2342 4835; x_wconf 82' lang='lat' dir='ltr'><strong>primo</strong></span> <span class='ocrx_word' id='word_1_853' title='bbox 2369 4765 2581 4832; x_wconf 82' lang='lat' dir='ltr'><strong>Antiqq.</strong></span> <span class='ocrx_word' id='word_1_854' title='bbox 2616 4764 2782 4819; x_wconf 72' lang='lat' dir='ltr'><strong>Lecti.</strong></span> <span class='ocrx_word' id='word_1_855' title='bbox 2820 4766 3022 4835; x_wconf 13' lang='lat' dir='ltr'><strong>Caruisii</strong></span> <span class='ocrx_word' id='word_1_856' title='bbox 3055 4782 3069 4818; x_wconf 91' lang='lat'><strong>:</strong></span> <span class='ocrx_word' id='word_1_857' title='bbox 3102 4766 3172 4835; x_wconf 72' lang='lat' dir='ltr'><strong>ibi</strong></span> <span class='ocrx_word' id='word_1_858' title='bbox 3203 4766 3345 4818; x_wconf 91' lang='lat' dir='ltr'><strong>enim</strong></span> <span class='ocrx_word' id='word_1_859' title='bbox 3380 4767 3576 4835; x_wconf 82' lang='lat' dir='ltr'><strong>legitur</strong></span> <span class='ocrx_word' id='word_1_860' title='bbox 3605 4781 3627 4822; x_wconf 91' lang='lat'><strong>:</strong></span> 
     </span>
    </p>
   </div>
   <div class='ocr_carea' id='block_1_111' title="bbox 2042 4830 3624 4904">
    <p class='ocr_par' dir='ltr' id='par_1_111' title="bbox 2042 4830 3624 4904">
     <span class='ocr_line' id='line_1_111' title="bbox 2042 4830 3624 4904; baseline 0.004 -20"><span class='ocrx_word' id='word_1_861' title='bbox 2042 4830 2321 4896; x_wconf 76' lang='lat' dir='ltr'><strong>Genuitne,</strong></span> <span class='ocrx_word' id='word_1_862' title='bbox 2385 4830 2808 4900; x_wconf 81' lang='lat' dir='ltr'><strong>annon?Aiunt,</strong></span> <span class='ocrx_word' id='word_1_863' title='bbox 2861 4834 3067 4889; x_wconf 80' lang='lat' dir='ltr'><strong>Genuit.</strong></span> <span class='ocrx_word' id='word_1_864' title='bbox 3122 4834 3209 4888; x_wconf 77' lang='lat' dir='ltr'><strong>Ea:</strong></span> <span class='ocrx_word' id='word_1_865' title='bbox 3241 4830 3624 4904; x_wconf 70' lang='lat' dir='ltr'><strong>substantiam,</strong></span> 
     </span>
    </p>
   </div>
   <div class='ocr_carea' id='block_1_112' title="bbox 2040 4904 3629 4972">
    <p class='ocr_par' dir='ltr' id='par_1_112' title="bbox 2040 4904 3629 4972">
     <span class='ocr_line' id='line_1_112' title="bbox 2040 4904 3629 4972; baseline 0.005 -19"><span class='ocrx_word' id='word_1_866' title='bbox 2040 4918 2112 4972; x_wconf 87' lang='lat' dir='ltr'><strong>an</strong></span> <span class='ocrx_word' id='word_1_867' title='bbox 2135 4918 2199 4955; x_wconf 80' lang='lat' dir='ltr'><strong>ea:</strong></span> <span class='ocrx_word' id='word_1_868' title='bbox 2231 4904 2664 4959; x_wconf 81' lang='lat' dir='ltr'><strong>voluntate?etc.</strong></span> <span class='ocrx_word' id='word_1_869' title='bbox 2700 4904 2898 4959; x_wconf 82' lang='lat' dir='ltr'><strong>Verum</strong></span> <span class='ocrx_word' id='word_1_870' title='bbox 2930 4908 3031 4959; x_wconf 90' lang='lat' dir='ltr'><strong>boc</strong></span> <span class='ocrx_word' id='word_1_871' title='bbox 3062 4906 3408 4972; x_wconf 82' lang='lat' dir='ltr'><strong>Arianorum,</strong></span> <span class='ocrx_word' id='word_1_872' title='bbox 3447 4907 3629 4961; x_wconf 84' lang='lat' dir='ltr'><strong>Emm-</strong></span> 
     </span>
    </p>
   </div>
   <div class='ocr_carea' id='block_1_113' title="bbox 2044 4971 3625 5047">
    <p class='ocr_par' dir='ltr' id='par_1_113' title="bbox 2044 4971 3625 5047">
     <span class='ocr_line' id='line_1_113' title="bbox 2044 4971 3625 5047; baseline 0.007 -25"><span class='ocrx_word' id='word_1_873' title='bbox 2044 4971 2461 5047; x_wconf 61' lang='lat' dir='ltr'><strong>rnianorumque</strong></span> <span class='ocrx_word' id='word_1_874' title='bbox 2484 4986 2862 5047; x_wconf 82' lang='lat' dir='ltr'><strong>argumentum</strong></span> <span class='ocrx_word' id='word_1_875' title='bbox 2902 4976 3083 5043; x_wconf 80' lang='lat' dir='ltr'><strong>solvit,</strong></span> <span class='ocrx_word' id='word_1_876' title='bbox 3115 4986 3173 5047; x_wconf 80' lang='lat' dir='ltr'><strong>ut</strong></span> <span class='ocrx_word' id='word_1_877' title='bbox 3206 4971 3530 5047; x_wconf 81' lang='lat' dir='ltr'><strong>Nyssenum,</strong></span> <span class='ocrx_word' id='word_1_878' title='bbox 3561 4995 3625 5033; x_wconf 87' lang='lat' dir='ltr'><strong>ac</strong></span> 
     </span>
    </p>
   </div>
   <div class='ocr_carea' id='block_1_114' title="bbox 2041 5038 3625 5114">
    <p class='ocr_par' dir='ltr' id='par_1_114' title="bbox 2041 5038 3625 5114">
     <span class='ocr_line' id='line_1_114' title="bbox 2041 5038 3625 5114; baseline 0.006 -22"><span class='ocrx_word' id='word_1_879' title='bbox 2041 5038 2466 5114; x_wconf 47' lang='lat' dir='ltr'><strong>ﬁazianzeuunt,</strong></span> <span class='ocrx_word' id='word_1_880' title='bbox 2528 5038 2771 5114; x_wconf 59' lang='lat' dir='ltr'><strong>aliosque</strong></span> <span class='ocrx_word' id='word_1_881' title='bbox 2837 5038 3079 5100; x_wconf 66' lang='lat' dir='ltr'><strong>velttslos</strong></span> <span class='ocrx_word' id='word_1_882' title='bbox 3135 5038 3327 5100; x_wconf 52' lang='lat' dir='ltr'><strong>Patr&#39;es</strong></span> <span class='ocrx_word' id='word_1_883' title='bbox 3396 5038 3625 5112; x_wconf 75' lang='lat' dir='ltr'><strong>taceant,</strong></span> 
     </span>
    </p>
   </div>
   <div class='ocr_carea' id='block_1_115' title="bbox 2041 5110 3627 5183">
    <p class='ocr_par' dir='ltr' id='par_1_115' title="bbox 2041 5110 3627 5183">
     <span class='ocr_line' id='line_1_115' title="bbox 2041 5110 3627 5183; baseline 0.004 -20"><span class='ocrx_word' id='word_1_884' title='bbox 2041 5110 2470 5183; x_wconf 74' lang='lat' dir='ltr'><strong>S._Augustiuus</strong></span> <span class='ocrx_word' id='word_1_885' title='bbox 2513 5110 2726 5183; x_wconf 71' lang='lat' dir='ltr'><strong>quoque</strong></span> <span class='ocrx_word' id='word_1_886' title='bbox 2774 5115 2830 5170; x_wconf 92' lang='lat' dir='ltr'><strong>in</strong></span> <span class='ocrx_word' id='word_1_887' title='bbox 2904 5117 3043 5171; x_wconf 86' lang='lat' dir='ltr'><strong>libro</strong></span> <span class='ocrx_word' id='word_1_888' title='bbox 3093 5125 3277 5170; x_wconf 84' lang='lat' dir='ltr'><strong>contra</strong></span> <span class='ocrx_word' id='word_1_889' title='bbox 3336 5110 3627 5172; x_wconf 78' lang='lat' dir='ltr'><strong>sermonem</strong></span> 
     </span>
    </p>
   </div>
   <div class='ocr_carea' id='block_1_116' title="bbox 2037 5181 2650 5243">
    <p class='ocr_par' dir='ltr' id='par_1_116' title="bbox 2037 5181 2650 5243">
     <span class='ocr_line' id='line_1_116' title="bbox 2037 5181 2650 5243; baseline 0.007 -10"><span class='ocrx_word' id='word_1_890' title='bbox 2037 5181 2385 5243; x_wconf 85' lang='lat' dir='ltr'><strong>Arianorum,</strong></span> <span class='ocrx_word' id='word_1_891' title='bbox 2411 5181 2558 5236; x_wconf 83' lang='lat' dir='ltr'><strong>num.</strong></span> <span class='ocrx_word' id='word_1_892' title='bbox 2595 5181 2650 5237; x_wconf 61' lang='grc'>2.</span> 
     </span>
    </p>
   </div>
   <div class='ocr_carea' id='block_1_117' title="bbox 2111 5249 3628 5328">
    <p class='ocr_par' dir='ltr' id='par_1_117' title="bbox 2111 5249 3628 5328">
     <span class='ocr_line' id='line_1_117' title="bbox 2111 5249 3628 5328; baseline 0.005 -25"><span class='ocrx_word' id='word_1_893' title='bbox 2111 5249 2223 5328; x_wconf 81' lang='grc'><strong>(65)</strong></span> <span class='ocrx_word' id='word_1_894' title='bbox 2247 5249 2541 5328; x_wconf 72' lang='lat' dir='ltr'><strong>Simplices.</strong></span> <span class='ocrx_word' id='word_1_895' title='bbox 2569 5253 2750 5328; x_wconf 66' lang='lat' dir='ltr'><strong>unde!</strong></span> <span class='ocrx_word' id='word_1_896' title='bbox 2781 5254 2963 5318; x_wconf 81' lang='lat' dir='ltr'><strong>habet,</strong></span> <span class='ocrx_word' id='word_1_897' title='bbox 2986 5254 3266 5328; x_wconf 81' lang='grc' dir='ltr'>ἀκερέους.</span> <span class='ocrx_word' id='word_1_898' title='bbox 3303 5255 3470 5328; x_wconf 80' lang='lat' dir='ltr'><strong>Lego,</strong></span> <span class='ocrx_word' id='word_1_899' title='bbox 3498 5257 3628 5310; x_wconf 85' lang='grc' dir='ltr'>ἀκε-</span> 
     </span>
    </p>
   </div>
   <div class='ocr_carea' id='block_1_118' title="bbox 2043 5319 3625 5392">
    <p class='ocr_par' dir='ltr' id='par_1_118' title="bbox 2043 5319 3625 5392">
     <span class='ocr_line' id='line_1_118' title="bbox 2043 5319 3625 5392; baseline 0.004 -20"><span class='ocrx_word' id='word_1_900' title='bbox 2043 5319 2250 5392; x_wconf 84' lang='grc' dir='ltr'>ραίους.</span> <span class='ocrx_word' id='word_1_901' title='bbox 2285 5319 2505 5376; x_wconf 83' lang='lat' dir='ltr'><strong>Veteres</strong></span> <span class='ocrx_word' id='word_1_902' title='bbox 2531 5325 2674 5377; x_wconf 86' lang='lat' dir='ltr'><strong>euim</strong></span> <span class='ocrx_word' id='word_1_903' title='bbox 2701 5326 2948 5379; x_wconf 88' lang='lat' dir='ltr'><strong>librarios</strong></span> <span class='ocrx_word' id='word_1_904' title='bbox 2978 5327 3047 5381; x_wconf 88' lang='lat' dir='ltr'><strong>ob</strong></span> <span class='ocrx_word' id='word_1_905' title='bbox 3074 5319 3189 5380; x_wconf 63' lang='lat' dir='ltr'><strong>s&#39;oni</strong></span> <span class='ocrx_word' id='word_1_906' title='bbox 3218 5319 3625 5380; x_wconf 71' lang='lat' dir='ltr'><strong>similitudinem</strong></span> 
     </span>
    </p>
   </div>
   <div class='ocr_carea' id='block_1_119' title="bbox 2038 5393 3625 5461">
    <p class='ocr_par' dir='ltr' id='par_1_119' title="bbox 2038 5393 3625 5461">
     <span class='ocr_line' id='line_1_119' title="bbox 2038 5393 3625 5461; baseline 0.003 -17"><span class='ocrx_word' id='word_1_907' title='bbox 2038 5407 2271 5461; x_wconf 22' lang='lat' dir='ltr'><strong>mepeiat</strong></span> <span class='ocrx_word' id='word_1_908' title='bbox 2304 5393 2357 5445; x_wconf 93' lang='lat' dir='ltr'><strong>in</strong></span> <span class='ocrx_word' id='word_1_909' title='bbox 2387 5409 2415 5444; x_wconf 91' lang='grc' dir='ltr'><strong>ε</strong></span> <span class='ocrx_word' id='word_1_910' title='bbox 2443 5404 2700 5460; x_wconf 87' lang='lat' dir='ltr'><strong>mutasse,</strong></span> <span class='ocrx_word' id='word_1_911' title='bbox 2729 5406 2784 5450; x_wconf 86' lang='lat' dir='ltr'><strong>et</strong></span> <span class='ocrx_word' id='word_1_912' title='bbox 2811 5397 2926 5449; x_wconf 84' lang='lat' dir='ltr'><strong>vice</strong></span> <span class='ocrx_word' id='word_1_913' title='bbox 2947 5412 3122 5461; x_wconf 89' lang='lat' dir='ltr'><strong>versa,</strong></span> <span class='ocrx_word' id='word_1_914' title='bbox 3157 5397 3426 5450; x_wconf 88' lang='lat' dir='ltr'><strong>neminem</strong></span> <span class='ocrx_word' id='word_1_915' title='bbox 3469 5396 3625 5461; x_wconf 88' lang='lat' dir='ltr'><strong>latet,</strong></span> 
     </span>
    </p>
   </div>
   <div class='ocr_carea' id='block_1_120' title="bbox 2039 5460 3493 5533">
    <p class='ocr_par' dir='ltr' id='par_1_120' title="bbox 2039 5460 3493 5533">
     <span class='ocr_line' id='line_1_120' title="bbox 2039 5460 3493 5533; baseline 0.005 -20"><span class='ocrx_word' id='word_1_916' title='bbox 2039 5460 2207 5533; x_wconf 50' lang='lat' dir='ltr'><strong>qui};</strong></span> <span class='ocrx_word' id='word_1_917' title='bbox 2219 5477 2386 5533; x_wconf 72' lang='lat' dir='ltr'><strong>rascos</strong></span> <span class='ocrx_word' id='word_1_918' title='bbox 2415 5462 2626 5518; x_wconf 87' lang='lat' dir='ltr'><strong>calamo</strong></span> <span class='ocrx_word' id='word_1_919' title='bbox 2652 5475 2907 5519; x_wconf 81' lang='lat' dir='ltr'><strong>exaratos</strong></span> <span class='ocrx_word' id='word_1_920' title='bbox 2933 5467 3148 5521; x_wconf 82' lang='lat' dir='ltr'><strong>codices</strong></span> <span class='ocrx_word' id='word_1_921' title='bbox 3183 5467 3493 5533; x_wconf 79' lang='lat' dir='ltr'><strong>inspexerit.</strong></span> 
     </span>
    </p>
   </div>
   <div class='ocr_carea' id='block_1_121' title="bbox 2110 5529 3625 5606">
    <p class='ocr_par' dir='ltr' id='par_1_121' title="bbox 2110 5529 3625 5606">
     <span class='ocr_line' id='line_1_121' title="bbox 2110 5529 3625 5606; baseline 0.001 -22"><span class='ocrx_word' id='word_1_922' title='bbox 2110 5530 2233 5606; x_wconf 84' lang='lat'><strong>(66_)_</strong></span> <span class='ocrx_word' id='word_1_923' title='bbox 2280 5529 2342 5587; x_wconf 84' lang='lat' dir='ltr'><strong>Si</strong></span> <span class='ocrx_word' id='word_1_924' title='bbox 2372 5536 2706 5606; x_wconf 75' lang='lat' dir='ltr'><strong>respondeas.</strong></span> <span class='ocrx_word' id='word_1_925' title='bbox 2735 5535 2839 5606; x_wconf 85' lang='lat' dir='ltr'><strong>Pro</strong></span> <span class='ocrx_word' id='word_1_926' title='bbox 2861 5534 3189 5606; x_wconf 67' lang='grc' dir='ltr'><strong>δρᾲζωνται,</strong></span> <span class='ocrx_word' id='word_1_927' title='bbox 3241 5529 3356 5604; x_wconf 73' lang='lat' dir='ltr'><strong>lege</strong></span> <span class='ocrx_word' id='word_1_928' title='bbox 3384 5534 3625 5606; x_wconf 78' lang='grc' dir='ltr'><strong>δράξων-</strong></span> 
     </span>
    </p>
   </div>
   <div class='ocr_carea' id='block_1_122' title="bbox 2035 5600 3626 5676">
    <p class='ocr_par' dir='ltr' id='par_1_122' title="bbox 2035 5600 3626 5676">
     <span class='ocr_line' id='line_1_122' title="bbox 2035 5600 3626 5676; baseline 0.001 -21"><span class='ocrx_word' id='word_1_929' title='bbox 2035 5615 2147 5656; x_wconf 73' lang='grc' dir='ltr'>ται.</span> <span class='ocrx_word' id='word_1_930' title='bbox 2191 5601 2259 5655; x_wconf 82' lang='lat' dir='ltr'><strong>Et</strong></span> <span class='ocrx_word' id='word_1_931' title='bbox 2280 5602 2455 5676; x_wconf 27' lang='lat' dir='ltr'><strong>‘paulo</strong></span> <span class='ocrx_word' id='word_1_932' title='bbox 2488 5614 2608 5676; x_wconf 81' lang='lat' dir='ltr'><strong>post</strong></span> <span class='ocrx_word' id='word_1_933' title='bbox 2637 5621 2733 5676; x_wconf 83' lang='lat' dir='ltr'><strong>pro</strong></span> <span class='ocrx_word' id='word_1_934' title='bbox 2775 5605 2875 5659; x_wconf 83' lang='grc' dir='ltr'>οὐκ</span> <span class='ocrx_word' id='word_1_935' title='bbox 2898 5600 3019 5671; x_wconf 79' lang='grc' dir='ltr'>οὖν,</span> <span class='ocrx_word' id='word_1_936' title='bbox 3063 5609 3197 5676; x_wconf 77' lang='lat' dir='ltr'><strong>lege,</strong></span> <span class='ocrx_word' id='word_1_937' title='bbox 3231 5607 3275 5658; x_wconf 88' lang='lat' dir='ltr'><strong>si</strong></span> <span class='ocrx_word' id='word_1_938' title='bbox 3295 5600 3477 5673; x_wconf 55' lang='lat' dir='ltr'><strong>&#39;mag&#39;is</strong></span> <span class='ocrx_word' id='word_1_939' title='bbox 3502 5600 3626 5673; x_wconf 67' lang='lat' dir='ltr'><strong>plan</strong></span> 
     </span>
    </p>
   </div>
   <div class='ocr_carea' id='block_1_123' title="bbox 2037 5672 3625 5747">
    <p class='ocr_par' dir='ltr' id='par_1_123' title="bbox 2037 5672 3625 5747">
     <span class='ocr_line' id='line_1_123' title="bbox 2037 5672 3625 5747; baseline 0.004 -23"><span class='ocrx_word' id='word_1_940' title='bbox 2037 5672 2502 5747; x_wconf 77' lang='lat' dir='ltr'><strong>cet,_coniuuctim</strong></span> <span class='ocrx_word' id='word_1_941' title='bbox 2541 5674 2758 5747; x_wconf 62' lang='grc' dir='ltr'>οὐκοῦν.</span> <span class='ocrx_word' id='word_1_942' title='bbox 2789 5678 2900 5747; x_wconf 62' lang='lat' dir='ltr'><strong>ligo</strong></span> <span class='ocrx_word' id='word_1_943' title='bbox 2931 5672 3136 5731; x_wconf 76' lang='lat' dir='ltr'><strong>codicis</strong></span> <span class='ocrx_word' id='word_1_944' title='bbox 3154 5672 3478 5745; x_wconf 80' lang='lat' dir='ltr'><strong>scripturam</strong></span> <span class='ocrx_word' id='word_1_945' title='bbox 3505 5672 3625 5730; x_wconf 80' lang='lat' dir='ltr'><strong>utu-</strong></span> 
     </span>
    </p>
   </div>
   <div class='ocr_carea' id='block_1_124' title="bbox 2039 5745 2612 5814">
    <p class='ocr_par' dir='ltr' id='par_1_124' title="bbox 2039 5745 2612 5814">
     <span class='ocr_line' id='line_1_124' title="bbox 2039 5745 2612 5814; baseline 0.009 -20"><span class='ocrx_word' id='word_1_946' title='bbox 2039 5745 2255 5797; x_wconf 84' lang='lat' dir='ltr'><strong>taudaut</strong></span> <span class='ocrx_word' id='word_1_947' title='bbox 2276 5759 2382 5798; x_wconf 85' lang='lat' dir='ltr'><strong>non</strong></span> <span class='ocrx_word' id='word_1_948' title='bbox 2408 5745 2612 5814; x_wconf 84' lang='lat' dir='ltr'><strong>putavi.</strong></span> 
     </span>
    </p>
   </div>
  </div>
