4004 6422
135 353 222 414 285
1354 376 1444 432 DE
1482 376 1849 433 ramum

1957 378 2102 436 BER
2140 378 2426 436 PRIMUS.
3419 377 3529 436 286

134 475 236 543 πᾶς
269 479 303 533 δ
330 480 615 549 θεωρων·
646 485 786 541 τὸν
834 490 1024 547 reor
1053 489 1151 545 καὶ
1183 491 1485 547 πιστεύων
1506 495 1597 559 εἰς
1623 494 1832 557 αὐτὸν,

1957 510 2112 565 teque
2141 493 2350 560 fecerit,
2378 506 2481 549 nec
2512 492 2702 556 iaciat,
2733 506 2839 547 non
2863 500 2948 547 cst
2973 500 3248 559 creatura,
3269 505 3371 549 nec
3401 507 3526 547 eum

135 571 234 640 ἔχῃ
258 566 420 639 ζωὴν
458 573 766 632 «πιών-ιον
795 598 814 611 ο
865 583 997 637 οὐκ
1034 584 1103 636 ἐκ
1146 581 1444 653 Θελήματος
1470 586 1499 638 6
1529 584 1679 650 Υἱὸς,
1716 584 1833 639 ἀλλ’

1957 589 2196 644 irtecedit
2237 597 2462 655 paterna
2498 584 2770 651 voluntas,
2801 600 2898 641 seu
2939 586 3147 643 volitio.
3199 585 3361 640 Aliud
3387 600 3528 656 quo-

138 670 168 719 ὁ
186 663 417 732 Θεωρᾶνν·
445 666 670 723 αὐτόν.
703 672 803 726 Τὸ
837 677 978 748 γὰρ
1012 674 1242 747 θέλημα,
1276 676 1415 746 μετὰ
1436 677 1528 730 τὸν
1551 678 1679 731 Υἱὸν
1707 679 1839 733 κάν-

145 755 313 811 ταῦθα
358 757 771 831 εὑρίσκεται,
845 766 1213 821 ’Δπεὼσαιτο
1239 766 1284 819 δ’
1313 767 1379 822 ἂν
1419 767 1542 823 καθ’
1585 768 1710 823 ὅλου
1753 787 1837 834 τις

160 846 347 902 θᾶττον
374 847 577 903 air:th
628 854 751 906 καὶ
788 858 1041 910 τουτονὶ
1081 856 1172 910 τὸν
1204 855 1360 924 λόγον
1402 857 1504 911 οὐκ
1544 859 1610 911 ὲκ
1655 858 1832 929 μόνων

177 939 285 994 τῶν
333 940 799 1013 πμλεχθέντων
820 986 841 1009 ,
901 946 1054 1002 ἀλλὰ
1097 948 1190 1002 καὶ
1235 947 1345 1001 τῶν
1373 947 1837 1021 ὲπαχθησομένων

195 1034 333 1106 “Phi;
366 1033 549 1107 ἡμῶν
582 1036 777 1091 τοῦτ’
816 1038 1010 1105 ἔστιν,
1050 1039 1165 1109 εἴγε
1191 1038 1576 1112 παραπλήσιον
1607 1042 1840 1115 ἀντέρη-

202 1144 296 1182 ται
321 1128 535 1192 αὺτούς-⁸
560 1130 854 1205 Πότερόν
885 1150 1025 1187 ποτε
1044 1135 1073 1187 ὁ
1098 1133 1288 1206 Πατὴρ
1317 1131 1551 1203 θελήσας
1578 1134 1837 1206 ὑπάρχει,

212 1223 252 1293 ἢ
273 1221 368 1289 οὓς
394 1222 472 1276 Τὰ
496 1221 601 1277 ἶσα
625 1225 763 1297 γὰρ
798 1218 885 1280 ὧν
915 1227 1254 1298 ἐμελέτησαν
1282 1228 1586 1299 ἀπαντήσει
1616 1228 1801 1291 αὐτοῖς
1821 1243 1836 1257 ο

219 1317 355 1388 πρὸς
397 1314 491 1386 μὲν
521 1315 614 1381 τὸ,
650 1318 742 1371 Οὐ
803 1317 1075 1390 θελήσας,
1119 1320 1203 1373 ὅτι
1250 1319 1403 1393 παρὰ
1433 1319 1636 1374 σκοπὸν
1687 1317 1839 1389 αὑτῷ

224 1408 418 1480 συνέϐη
450 1409 511 1463 τὸ
543 1410 908 1481 ὑφεστάναι,
937 1410 1155 1481 φύσεως
1178 1412 1425 1485 ἀνάγκης
1448 1415 1528 1477 εἰς
1553 1410 1713 1465 τοῦτο
1739 1411 1839 1465 αὺ-

223 1501 318 1554 τὸν
348 1500 550 1555 ἄκοντα
579 1501 1059 1574 περιτρεπούοης
1076 1520 1092 1535 ο
1114 1504 1254 1575 πρὸς
1279 1503 1337 1557 δὲ
1362 1504 1424 1558 τὺ
1450 1502 1724 1574 δεύτερον,
1756 1502 1839 1556 ὅτι

225 1592 335 1664 πρὸ
379 1596 479 1665 τῆς
552 1593 855 1666 θελήσεως
904 1595 1006 1649 οὐκ
1047 1591 1137 1667 ἦν.
1200 1596 1594 1667 Ἀναχθήσεται
1644 1594 1754 1664 γὰρ
1799 1596 1832 1667 ἦ

225 1682 469 1755 ὖπαρξις
501 1684 682 1739 αὐτοῦ
718 1687 807 1751 είς
836 1685 937 1758 τὴν
986 1686 1241 1758 βούλησιν
1286 1687 1477 1741 αὐτοῦ’
1526 1686 1844 1758 δημιουργι-

1957 1689 2086 1752 Iens,
2116 1686 2583 1756 respondebimus,
2626 1695 2823 1754 praeter
2874 1684 3231 1740 intentionem
3268 1683 3316 1740 ei
3357 1684 3534 1739 conti-

227 1775 347 1839 κῶς
378 1775 570 1840 αὑτὸν,
593 1776 748 1831 κατὰ
774 1776 877 1842 τὰς
905 1777 1254 1849 βαττολογίας
1277 1779 1480 1845 αὐτῶν,
1500 1781 1580 1842 εις
1605 1777 1844 1832 ὑπόστα-

1957 1782 2091 1851 gisse
2113 1786 2172 1834 ut
2198 1777 2537 1843 subsisteret,
2560 1779 2627 1832 ad
2657 1778 2759 1833 hoc
2787 1793 2909 1832 eum
2947 1776 3178 1831 naturali
3210 1776 3536 1831 necessitate

236 1883 324 1920 σιν
364 1865 877 1939 περιελαυνούσης.
918 1865 1154 1938 Ὁμοίως
1182 1869 1277 1923 καὶ
1309 1869 1460 1933 ἄλλο,
1496 1867 1639 1933 λέξει
1683 1867 1843 1939 μόνον

1957 1873 2172 1928 invitum
2204 1873 2475 1941 adigente.
2513 1868 2571 1926 Si
2604 1884 2736 1925 vero
2759 1869 2998 1924 dixerint
3026 1887 3039 1923 :
3066 1866 3303 1935 Volens;
3343 1868 3414 1922 ita
3442 1882 3536 1922 cos

230 1959 503 2032 διαφέρον
532 1959 634 2014 τοῦ
671 1960 785 2033 πρὸ
837 1960 1039 2014 αὐτοῦ·
1087 1961 1340 2034 Θελητῶς
1383 1960 1458 2034 [5
1505 1979 1537 2014 a
1578 1960 1599 2033 ]
1645 1962 1674 2014 6
1711 1960 1846 2024 Θεὸς

1957 1964 2263 2034 urgebimus
2303 1982 2318 2019 :
2355 1964 2497 2033 Ergo
2524 1971 2651 2017 ante
2687 1961 3019 2017 voluntatem
3051 1976 3153 2015 non
3192 1960 3488 2016 exsistebat
3518 1974 3533 2012 :

229 2051 522 2116 ἀθάνατός
568 2054 725 2105 ἐστιν
772 2053 870 2106 καὶ
916 2051 1141 2122 ἀγαθὸς,
1208 2053 1243 2124 ἢ
1294 2052 1665 2125 ἁνεθελήτως;
1719 2052 1849 2105 Ἐπ-

1957 2072 2073 2113 nam
2105 2057 2158 2111 in
2187 2058 2303 2126 ejus
2328 2055 2666 2117 volitionem,
2695 2070 2815 2125 quae
2845 2069 2941 2123 per
2972 2054 3305 2109 creationem
3337 2053 3534 2121 ipsum,

230 2145 611 2219 ενεχθήσεται
646 2146 759 2219 γὰρ
786 2146 853 2201 τὰ
882 2147 1038 2202 αὐτά.
1058 2147 1292 2201 Κάλλιον
1321 2147 1377 2201 δέ
1416 2165 1501 2212 τις
1526 2148 1763 2218 ποιήσει,
1797 2148 1846 2200 εί

1957 2153 2095 2219 iuxta
2126 2166 2314 2207 eorum
2339 2149 2596 2219 ineptias,
2628 2149 2695 2202 ad
2723 2148 3129 2202 subsistentiam
3159 2143 3534 2215 traxeritt'lﬂ),

240 2240 549 2310 συντόμως
592 2240 960 2311 ἀποκρίνηται
992 2241 1177 2305 αὐτοῖς
1226 2239 1393 2311 μηδὲν
1426 2239 1847 2312 ὲπισυμϐαίνειν

1957 2244 2240 2298 reducetur
2282 2243 2456 2312 ipsius
2486 2240 2832 2296 essistentia.
2866 2239 2985 2295 Alia
3025 2238 3211 2292 itidem
3243 2251 3339 2291 eos
3365 2237 3538 2290 inter-

240 2329 325 2402 τῷ
374 2330 694 2402 παντελείῳ
731 2330 871 2402 Θεῷ,
922 2331 1056 2402 μηδέ
1103 2349 1159 2384 τι
1205 2331 1607 2403 ἀπολιμπάνειν
1649 2331 1841 2386 αὐτόν·

1957 2335 2235 2403 rogatione
2285 2347 2479 2404 urgere
2514 2348 2824 2403 possumus,
2853 2347 2976 2403 quae
3018 2330 3242 2385 vocibus
3278 2331 3540 2382 duntaxat

244 2423 347 2475 καὶ
383 2422 583 2495 ὥσπερ
629 2422 692 2474 οὗ
728 2424 1053 2493 προηγεῖται
1095 2424 1195 2494 τῆς
1240 2423 1517 2495 πατρικῆς
1561 2421 1846 2495 ὑπάρξεως

1957 2441 1977 2479 a
2003 2425 2286 2495 superiore
2323 2422 2505 2478 differt
2538 2441 2553 2477 :
2604 2421 2857 2493 Nunquid
2902 2421 3204 2476 voluntarie
3255 2419 3395 2475 Deus
3435 2420 3539 2473 im-

239 2516 344 2567 καὶ
384 2514 706 2578 ἀθανασίας
735 2515 830 2568 καὶ
868 2515 1204 2587 ἀγαθότητος
1243 2515 1485 2588 θέλημα,
1523 2515 1695 2580 οὕτως
1726 2515 1848 2569 οὐδὲ

1957 2514 2202 2571 mortalis
2237 2523 2341 2580 est,
2362 2523 2417 2568 et
2441 2514 2633 2579 bonus,
2663 2528 2730 2565 an
2764 2510 3166 2566 involuntarie?
3192 2510 3323 2563 Nam
3350 2509 3551 2564 eadenv

230 2604 349 2675 τῆς
378 2607 705 2676 γεννήσεως
721 2623 734 2635 ·
762 2607 856 2660 καὶ
884 2607 1079 2678 ἀπᾴδει
1104 2608 1284 2662 πάντα
1306 2608 1479 2661 ὁπόσα
1498 2607 1722 2663 τοιαῦτα
1748 2608 1846 2679 τῆς

1957 2606 2187 2661 absurda
2239 2604 2429 2659 inferri
2466 2612 2691 2674 queunt.
2735 2602 2839 2659 Sed
2888 2604 3081 2659 melius
3121 2604 3245 2672 quis
3265 2604 3456 2672 egerit,
3492 2603 3539 2656 si

228 2698 389 2769 πρ).
437 2697 537 2750 τοῦ
575 2695 710 2750 Θεοῦ
748 2699 1115 2771 ἐνθυμήσεως.
1160 2700 1295 2772 Περὶ
1335 2700 1391 2753 δὲ
1436 2699 1547 2752 τῶν
1585 2699 1843 2763 κτιστῶν,

227 2790 338 2842 τὸν
378 2788 558 2843 Δαυῒδ
595 2789 739 2862 ᾄδειν
770 2793 828 2844 ἐν
872 2798 975 2863 ριγ⁹
1017 2791 1250 2863 ψαλμῷ·
1300 2792 1354 2844 ’0
1399 2791 1546 2858 Θεὸς
1581 2789 1753 2860 ἡμῶν
1777 2792 1848 2844 ἐν

228 2881 329 2947 τῷ
387 2881 655 2950 οὐρανῷ,
683 2883 781 2937 καί
814 2883 884 2937 ὲν
927 2882 1003 2952 τῇ
1030 2883 1108 2955 τῇ
1149 2883 1346 2938 πάντα
1378 2883 1495 2938 ὅσα
1523 2884 1844 2953 ἠθέλησεν,

237 2973 600 3042 ἐποίησεν·
635 2973 750 3039 καὶ,
793 2976 997 3029 Πάντα
1021 2976 1092 3028 ἐν
1115 2975 1304 3045 σοφίᾳ
1341 2975 1635 3042 ἐποίησας
1655 2993 1667 3005 ·
1700 2974 1845 3029 τοῦτ’

1957 2978 2029 3033 dit
2055 2977 2496 3041 voluntas,sicne
2509 2976 2911 3046 generationem
2926 2975 3142 3046 quidem
3167 2974 3542 3046 (qutecumqnc

246 3064 421 3116 ἐστιν
449 3064 509 3117 ὲν
540 3063 621 3134 τῷ
668 3064 803 3135 Υίῷ,
850 3065 971 3136 οὐχὶ
1017 3065 1075 3118 δὲ
1104 3066 1161 3119 ὲν
1190 3064 1484 3137 θελήματι.
1527 3065 1638 3118 Καὶ
1673 3066 1732 3120 ὲν
1769 3064 1846 3136 οβ’

1957 3082 2078 3122 vero
2091 3068 2174 3122 his
2185 3066 2381 3121 similia
2394 3075 2541 3129 sunt,
2556 3065 2739 3119 omnia
2753 3081 2782 3118 a
2800 3075 2966 3131 recta,
2979 3079 3083 3134 qua
3098 3065 3166 3119 de
3181 3064 3287 3117 Deo
3304 3064 3542 3134 cogitare

247 3156 536 3258 ?ﬂp‘?’-
556 3157 919 3258 Ἐκξὰτησαξ
933 3156 1075 3258 Ατῆς
1112 3156 1315 3258 χειρὸς
1342 3155 1452 3258 τῆς
1474 3156 1843 3258 δεξιᾶςῃξιρυ,

1957 3157 2229 3223 debemus,
2255 3156 2466 3210 ratione
2488 3155 2661 3210 aliena
2682 3157 2828 3227 sunt)
2846 3175 2859 3209 :
2876 3155 3155 3211 decreatis
3177 3162 3354 3208 autem
3383 3154 3544 3207 rebus

1939 695 2045 750 que
2095 678 2324 733 dixerim
2360 696 2373 733 :
2414 676 2471 731 Si
2501 679 2576 732 ait
2615 676 2866 732 Salvator
2900 694 2915 731 :
2973 674 3229 730 Voluntas
3263 676 3380 747 eius
3413 675 3529 745 (75)

1938 775 2029 843 qui
2075 773 2220 827 misit
2256 787 2362 837 me,
2412 780 2471 824 ut
2509 772 2680 825 omnis
2719 770 2811 839 qui
2839 770 2977 824 videt
3024 767 3248 831 Filium,
3280 777 3327 822 et
3364 768 3529 821 credit

1939 860 1994 913 in
2015 875 2154 925 eum,
2180 860 2366 913 habeat
2388 861 2549 913 vitam
2574 869 2870 924 teternam;
2907 873 3014 912 non
3044 867 3129 912 est
3161 872 3227 913 ex
3253 857 3531 912 voluntate

1939 949 2132 1015 Filius,
2164 949 2257 1003 sed
2290 950 2379 1018 qui
2415 948 2590 1018 ipsum
2622 949 2758 1002 videt
2783 962 2802 1001 :
2837 961 2961 1001 nam
2993 946 3248 1001 voluntas
3271 946 3362 1000 hic
3398 961 3534 1015 quo-

1940 1057 2047 1114 que
2091 1052 2217 1112 post
2251 1041 2446 1096 Filium
2482 1040 2776 1096 invenitur.
2810 1038 2985 1094 Citius
3016 1054 3145 1094 vero
3179 1039 3318 1093 hanc
3365 1039 3529 1092 etiam

1942 1134 2158 1189 illorum
2194 1132 2723 1203 argumentationem
2750 1131 2976 1186 omnino
3003 1131 3129 1200 quis
3177 1128 3389 1198 rejiciat
3418 1127 3531 1200 (76)

1941 1242 2049 1281 non
2089 1241 2157 1281 ex
2202 1225 2271 1280 iis
2302 1225 2484 1290 modo,
2518 1239 2640 1294 quae
2675 1231 2834 1279 antea
2874 1224 3017 1279 dicta
3051 1231 3196 1290 sunt,
3243 1223 3339 1276 sed
3368 1231 3423 1276 et
3460 1235 3529 1275 ex

1941 1320 2045 1382 his,
2078 1333 2199 1389 qua:
2232 1333 2264 1373 a
2294 1318 2450 1373 nobis
2484 1318 2826 1373 adducentur
2860 1333 2874 1369 :
2911 1316 2956 1372 si
3007 1331 3201 1387 nempe
3239 1315 3399 1370 simili
3434 1330 3529 1369 eos

1941 1406 2181 1466 vicissim
2214 1419 2407 1480 urgeat
2447 1409 2911 1478 interrogatione:
2939 1409 3102 1464 Pater
3123 1408 3408 1463 exsistitne
3436 1422 3530 1460 vo-

1941 1505 2082 1568 lens,
2128 1518 2307 1558 annon
2351 1501 2503 1573 (77)?
2539 1500 2674 1555 Nam
2710 1515 2776 1556 eo
2806 1501 2986 1565 modo,
3025 1515 3133 1570 quo
3161 1500 3261 1570 ipsi
3308 1514 3534 1569 respono

1942 1595 2170 1659 debunt,
2210 1602 2267 1648 et
2298 1608 2399 1648 nos
2431 1593 2563 1663 ipsis
2610 1607 2985 1648 occurremus.
3023 1590 3081 1646 Si
3117 1590 3397 1663 dixerint:
3428 1589 3535 1644 No~

1949 2697 2359 2768 compendiario
2388 2696 2520 2765 ipsis
2544 2697 2893 2766 respondeat,
2927 2695 3036 2751 Deo
3060 2711 3272 2750 summe
3302 2695 3542 2764 perfecto

1949 2794 2084 2849 nihil
2103 2792 2373 2856 accidere,
2404 2792 2641 2861 nihilque
2657 2791 3005 2847 exciderezet
3033 2791 3175 2845 sicut
3198 2789 3375 2844 Patris
3401 2791 3543 2845 exsi-

1951 2887 2228 2953 stentiam,
2246 2895 2301 2939 et
2322 2884 2875 2949 immortalitatem,et
2896 2885 3191 2940 bonitatem
3217 2898 3320 2937 non
3341 2898 3543 2952 praece-

255 3246 341 3299 ὲτ-
380 3246 456 3314 τῇ
490 3247 694 3316 ,ϐουλῇ
732 3264 848 3302 σου
877 3247 1196 3318 mamma
1217 3264 1315 3318 με,
1350 3248 1449 3301 καὶ
1483 3253 1632 3317 μετὰ
1662 3248 1847 3316 δόξης

254 3337 653 3406 πρωελὰὅου
678 3356 783 3409 με·
814 3342 908 3393 καὶ
936 3342 993 3393 ἐν
1018 3340 1119 3393 κθ’·
1157 3341 1289 3394 "Ott
1316 3341 1462 3409 ὀργὴ
1485 3341 1554 3393 ἐν
1578 3338 1657 3404 τῷ
1683 3339 1849 3410 θυμῷ

252 3427 490 3487 αὐτοῦ.
514 3430 606 3482 καί
629 3430 742 3499 ζωὴ
766 3431 837 3484 ἐν
862 3431 942 3497 τῷ
969 3430 1253 3501 θελήματι
1275 3431 1462 3485 αὐτοῦ
1483 3448 1497 3462 ο
1528 3432 1621 3485 καὶ
1651 3434 1708 3484 ἐν
1736 3438 1813 3485 κε’
1830 3448 1845 3463 ·

272 3521 401 3574 Ἔν
424 3519 498 3586 τῷ
530 3522 821 3592 θελήματι
853 3539 970 3578 σου
1010 3523 1328 3592 παράσχου
1364 3521 1445 3588 τῷ
1482 3523 1693 3577 κάλλει
1727 3541 1847 3592 μου

258 3614 565 3684 Obrutus"
598 3617 695 3670 καὶ
734 3619 793 3669 ἐν
825 3616 920 3681 ιζ’·
952 3617 1228 3674 Ῥύσεταί
1267 3634 1379 3687 με,
1414 3616 1504 3669 ὅτι
1541 3614 1849 3683 ἠθέλησέν

257 3725 375 3777 με.
406 3711 512 3762 Καὶ
538 3711 649 3779 γὰρ
678 3711 737 3763 ὃν
769 3710 971 3781 τρόπον
1009 3711 1271 3781 ὑπάρχων
1299 3712 1328 3763 6
1366 3709 1555 3781 Πατὴρ
1582 3708 1848 3772 ἀθάνατός

256 3812 327 3850 τε
352 3800 453 3852 καὶ
478 3799 707 3867 ἀγαθὸς,
745 3799 991 3870 βούλεται
1018 3797 1153 3854 εἶναι
1185 3801 1380 3863 ταῦτα,
1412 3801 1504 3853 καὶ
1529 3799 1849 3871 βουλόμενός

250 3891 423 3946 ἐστιν
444 3891 650 3961 ταῦτα,
675 3894 774 3947 οὐκ
795 3893 995 3958 αἰτίαν,
1011 3892 1570 3965 ἴνόὖτωφρὰσω,τὴν
1597 3892 1851 3964 βούλησιν

331 4069 461 4133 (τ5)
506 4068 760 4123 Voluntas
788 4072 917 4136 ejus.
946 4070 1100 4126 Joan.
1119 4085 1194 4134 vt,
1225 4069 1315 4125 40.

338 4138 462 4209 (76)
501 4138 750 4208 Rejiciat.
790 4140 1045 4210 Didymus
1074 4142 1287 4205 Attice,
1315 4139 1645 4195 ἁπεώσαιτο.
1679 4140 1857 4195 Usita-

261 4209 447 4264 tiores
471 4218 656 4262 autem
692 4209 991 4278 hujnsmodi
1014 4212 1326 4265 Atticismos
1363 4213 1650 4279 aliquando
1678 4211 1728 4263 in
1757 4212 1861 4265 hoc

1948 3249 2029 3303 sic
2061 3248 2314 3303 Davidem
2346 3261 2546 3303 canere
2567 3248 2621 3301 in
2641 3250 2772 3302 cxui
2805 3248 2904 3316 ιι
2930 3246 3170 3315 psalmo:
3198 3246 3338 3299 Deus
3370 3254 3543 3296 noster

1947 3341 2061 3417 (79)
2082 3341 2136 3394 in
2162 3340 2312 3405 cwlo,
2338 3350 2386 3394 et
2410 3340 2465 3393 in
2488 3351 2627 3394 terra
2653 3340 2831 3394 omnia
2855 3357 3175 3410 quaecunque
3195 3340 3376 3403 voluit,
3398 3338 3540 3405 fecit.

1950 3431 2058 3486 Et:
2106 3428 2299 3485 Omnia
2328 3428 2439 3500 (80)
2466 3431 2522 3483 in
2558 3430 2821 3500 sapientia
2853 3429 3044 3499 fecisti,
3083 3432 3131 3483 id
3163 3440 3245 3484 cst
3287 3430 3338 3482 in
3372 3428 3541 3494 Filio;

1954 3538 2062 3577 non
2106 3523 2157 3576 in
2191 3522 2489 3577 voluntate.
2521 3521 2588 3576 Et
2614 3522 2666 3575 in
2692 3537 2839 3576 Lxxu
2874 3521 3084 3590 psalmo
3120 3539 3135 3576 :
3169 3519 3404 3575 Tenuisti
3427 3518 3541 3591 (8i)

1954 3633 2170 3670 manum
2204 3616 2473 3670 dexteram
2508 3632 2698 3679 meam,
2744 3616 2802 3669 in
2846 3615 3113 3670 voluntate
3160 3624 3250 3668 tua
3281 3613 3546 3668 deduxisti

1943 3725 2046 3772 me,
2072 3718 2120 3763 et
2156 3724 2275 3762 cum
2303 3708 2472 3778 gloria
2526 3709 2796 3776 suscepisti
2853 3724 2953 3761 me.
3001 3707 3070 3762 Et
3107 3709 3158 3761 in
3190 3724 3319 3761 χχιχ
3354 3706 3546 3771 :Quo-

1948 3800 2092 3855 riam
2124 3800 2205 3852 ira
2236 3798 2348 3870 (8‘2)
2376 3800 2431 3851 in
2477 3800 2840 3867 indignatione
2873 3799 3011 3869 ejus,
3055 3810 3102 3853 et
3135 3800 3236 3852 cita
3277 3801 3331 3852 in
3358 3798 3545 3852 uolun-

1948 3903 2055 3947 tate
2101 3893 2237 3960 ejus.
2277 3891 2344 3947 Et
2393 3892 2446 3946 in
2490 3894 2676 3948 eodem
2704 3891 2818 3963 (8'6)
2853 3906 2868 3945 :
2911 3892 3150 3958 Domine,
3192 3893 3245 3943 in
3282 3890 3548 3945 uoluntate

1965 4078 2168 4124 tarunt.
2227 4069 2283 4123 Si
2335 4079 2514 4124 autem
2530 4069 2634 4139 Lita
2675 4070 2833 4133 foret,
2871 4069 3151 4138 legendum
3187 4078 3324 4122 esset
3370 4086 3404 4139 :7
3433 4070 3548 4139 Πρδ

1962 4142 2061 4212 τῆς
2093 4139 2366 4212 θελήσεως
2391 4141 2494 4212 οὐκ
2526 4135 2593 4212 ἦν
2623 4135 3034 4212 δημιουργικῶς
3063 4139 3246 4212 αὑτὸν,
3281 4138 3422 4212 κοιτᾲ
3448 4135 3546 4199 τὰς
3604 4154 3607 4159 ·

1961 4209 2313 4282 βαττολογὶας
2355 4209 2560 4282 αὐτῶν,
2581 4209 3012 4282 λείςὺλπόστασινη
3048 4209 3507 4282 περιελαυ-νοιξσης
3530 4227 3545 4240 ·

262 4293 442 4352 opere
472 4279 758 4345 invenies,
791 4280 1083 4352 cuiusmodi
1123 4282 1213 4335 ille
1255 4292 1358 4345 est,
1391 4284 1479 4352 (ιιιί
1521 4282 1575 4334 in
1610 4282 1712 4335 hac
1746 4281 1849 4348 ipsa

1959 4279 2327 4352 ἆναχθῄσεται
2372 4279 2483 4350 γὰρ
2516 4283 2549 4351 ή
2578 4279 2813 4352 ὔπαρξις
2850 4279 3014 4333 αὐτοῦ
3057 4279 3138 4352 είς
3168 4279 3547 4352 τὴνβούλησιν

270 4348 425 4402 linea
447 4364 579 4421 mox
607 4351 847 4421 occurrit
875 4352 926 4404 in
958 4364 1091 4405 voce
1130 4352 1358 4406 τουτονί.
1397 4351 1452 4405 In
1484 4352 1622 4405 libro
1648 4366 1849 4419 quoque

1964 4348 2172 4404 αὑτοῦῖ
2203 4351 2427 4421 ὁμοίως,
2454 4348 2509 4403 κ.
2538 4348 2590 4403 τ.
2626 4350 2676 4404 λ.
2697 4348 2879 4418 Ἀιψιε
2911 4353 2979 4403 ita
3017 4348 3231 4402 mollius
3263 4351 3386 4402 liuet
3421 4348 3547 4403 orn-

269 4430 463 4472 contra
500 4417 860 4491 Munichteos,
903 4421 1026 4474 licet
1076 4422 1223 4476 brevi
1259 4432 1314 4474 et
1353 4417 1707 4491 imperfecto,
1752 4417 1862 4474 tres
1965 4423 2059 4477 tio.
2117 4417 2399 4491 Utcunque
2434 4422 2527 4482 sit,
2557 4436 2657 4491 ego
2678 4417 2815 4491 nihil
2859 4421 2910 4472 in
2943 4429 3091 4472 textu
3134 4429 3347 4473 nmtare
3376 4420 3542 4491 volui.

273 4500 374 4561 aut
395 4499 634 4561 quatuor
666 4490 1054 4561 animadverti,
1088 4501 1157 4561 ut
1174 4489 1441 4561 ἠδύνατο,
1480 4489 1721 4554 οἴεσθαι,
1752 4499 1858 4544 etc.

2037 4490 2152 4563 (79)
2178 4488 2331 4563 Deus
2359 4501 2567 4563 noster.
2604 4489 2747 4563 lnira
2794 4504 3028 4563 quoque,
3080 4499 3361 4563 segmento
3400 4490 3466 4543 15
3492 4488 3545 4555 b,

274 4554 437 4631 Quod
474 4559 526 4631 si
568 4556 816 4612 Gnaeum
850 4560 971 4631 libri
1008 4559 1089 4631 De
1119 4554 1324 4628 Spiritu
1353 4575 1536 4616 sancto
1585 4561 1861 4628 exemplar
1892 4554 1937 4609 D
1966 4554 2283 4631 ex'ps'almo
2348 4574 2505 4622 cxm,
2555 4561 2629 4616 ita
2681 4554 2824 4615 hunc
2867 4554 3040 4631 locum
3096 4554 3243 4631 εἰῐιιιΔ
3264 4559 3542 4631 Didymus.

278 4626 463 4709 legere
493 4628 726 4692 liceret,
758 4644 862 4683 non
892 4630 1077 4685 dubito
1103 4626 1232 4701 quin
1278 4632 1488 4702 aliquos
1518 4632 1569 4685 in
1600 4646 1666 4685 eo
1690 4626 1853 4684 etiam

285 4710 673 4763 reperimus.

359 4767 748 4841 (77)7Ar_t__non.
791 4767 1010 4837 Codex,
1062 4773 1097 4841 ἠ
1135 4769 1231 4825 οὗ·
1264 4787 1424 4840 quam
1468 4770 1750 4825 formulam
1804 4770 1858 4825 in

288 4840 532 4891 siccando
567 4839 904 4906 Hippocratis
926 4839 1234 4908 aphorismo
1257 4839 1422 4896 habes
1449 4843 1519 4895 ita
1555 4842 1811 4908 scriptam
1843 4861 1856 4896 :

294 4908 397 4980 nisi
446 4908 590 4980 quod
646 4908 1057 4964 l’assioneianus
1107 4914 1272 4965 codex
1331 4909 1714 4965 dictiunculam
1744 4949 1759 4972 ,
1799 4911 1856 4980 ὴ,

294 4976 455 5029 habet
483 4976 554 5031 de
585 4993 756 5036 more.
790 4983 905 5034 sine
939 4990 1188 5034 accentu.
1222 4980 1390 5035 Porro
1420 4984 1517 5036 has
1546 4976 1857 5047 responsio-

298 5061 417 5119 nes,
442 5062 573 5115 quas
599 5048 881 5117 theologus
909 5058 1095 5103 noster
1130 5051 1377 5105 Eunomii
1411 5059 1731 5119 argumento
1761 5053 1857 5104 ad-

301 5115 479 5179 hibet,
530 5119 665 5189 aiius
710 5115 873 5173 etiam
930 5120 1207 5189 theologus
1265 5121 1436 5173 eidem
1480 5115 1856 5187 “adhibuerat,

304 5202 489 5265 nempe
531 5188 820 5270 Gregorius
849 5188 1202 5270 cognomento
1226 5189 1528 5262 Theologns
1549 5231 1564 5255 ,
1614 5206 1708 5245 seu
1754 5191 1859 5245 Na-

301 5272 600 5321 zianzenus,
630 5276 682 5312 in
708 5275 852 5312 xxxv
883 5270 1146 5313 oratione.

364 5327 474 5402 (78)
505 5330 583 5402 ΑΔ
599 5329 986 5383 subsistentiam
1014 5330 1374 5402 traxeritNox
1400 5329 1860 5402 περιελαυνούσης

292 5398 558 5454 referenda
591 5410 679 5471 est
722 5401 792 5453 ad
834 5414 1021 5471 vocem
1068 5398 1363 5471 θελήσεως.
1401 5398 1513 5454 Νιὲί
1560 5405 1680 5469 quis
1708 5398 1860 5454 malit

293 5470 598 5525 Vocabulum
634 5469 859 5537 aliquod
894 5470 983 5521 hic
1026 5469 1284 5524 omission:
1331 5472 1493 5523 fuisse
1526 5488 1552 5521 ιι
1598 5471 1854 5535 librario;

288 5552 339 5591 ιιι
381 5543 654 5613 legendum
698 5541 773 5595 sit
807 5558 822 5594 :
874 5539 1294 5613 δημιουργικῶς
1314 5541 1476 5613 αὐτὸν
1522 5542 1622 5611 τῆς
1664 5539 1858 5613 βουλή-

286 5609 469 5678 σεωςῼ.
491 5616 573 5678 είς
603 5614 921 5682 ὑπόστασιν
947 5609 1422 5682 περιελαυνούσης.
1443 5609 1860 5682 Quinctinjicere

278 5703 417 5741 etiam
442 5689 591 5753 licet,
618 5698 761 5741 casu
793 5681 980 5753 aliquo
1011 5681 1376 5753 lactumesse,
1402 5692 1461 5733 ut
1483 5681 1646 5753 verba
1679 5692 1859 5735 trans—

269 5750 585 5831 ρηηετεηιυιὲ
652 5774 669 5812 ;
733 5751 890 5822 quod
941 5750 992 5831 in
1032 5751 1305 5831 veteribus
1351 5750 1679 5831 membranis
1753 5767 1856 5831 non

259 5821 369 5895 raro
387 5837 733 5903 contingere
753 5821 979 5878 norunt
1005 5860 1020 5886 ,
1052 5822 1142 5891 qui
1182 5836 1318 5877 mss.
1353 5821 1568 5877 codices
1613 5822 1859 5891 pervolu-

1961 4629 2269 4700 Quinetiam
2334 4641 2578 4684 vetustus
2621 4639 2814 4685 auctor
2862 4629 3061 4696 operis,
3106 4629 3247 4697 quod
3296 4629 3546 4700 inscribi-

1962 4699 2066 4765 tur,
2125 4700 2399 4764 Expositio
2451 4708 2607 4753 rectm
2662 4700 3043 4766 confessionis,
3090 4714 3237 4753 num.
3289 4699 3344 4761 6,
3404 4700 3545 4766 apud

1960 4773 2260 4834 Iustinum,
2321 4783 2443 4841 pag.
2483 4768 2591 4823 424
2639 4772 2724 4824 ed.
2765 4768 3089 4841 Parisiensis
3117 4769 3340 4841 ,Asimili
3386 4770 3546 4823 modo

1961 4844 2111 4898 illum
2149 4839 2362 4894 recitat.
2395 4840 2466 4911 At
2494 4854 2672 4906 voces,
2713 4839 2807 4891 καὶ
2836 4841 2894 4892 ὲν
2919 4842 2986 4911 τῇ
3015 4840 3107 4909 γῇ,
3154 4839 3206 4892 id
3250 4849 3354 4903 est,
3398 4849 3444 4891 et
3491 4841 3548 4892 in

1963 4925 2126 4973 terra,
2154 4911 2407 4965 videntur
2432 4910 2537 4962 huc
2564 4911 2849 4978 irrepsisse
2878 4925 2941 4962 ex
2975 4910 3106 4977 psal.
3149 4923 3367 4969 cxxxrv,
3402 4923 3543 4963 vers.

1961 4983 2014 5046 6,
2075 4982 2162 5036 ubi
2222 4980 2415 5051 legitu_r
2451 4980 2686 5051 τᾼῐΙάντα
2750 4980 2852 5033 ὅσα
2909 4980 3175 5050 ἠθέλησεν
3234 4978 3263 5030 ὁ
3310 4979 3545 5051 Κόριος,

1959 5054 2215 5123 ἐποίησεν
2241 5047 2299 5103 ἐν
2327 5047 2416 5123 τῷ.
2433 5049 2646 5121 οὐρανῷ
2685 5051 2775 5103 καὶ
2795 5053 2852 5103 ὲν
2980 5047 3075 5123 γῇ,
3118 5050 3168 5103 id
3195 5059 3279 5123 est
3313 5068 3329 5104 :
3354 5047 3545 5123 Omnia

1959 5118 2282 5192 quwcunque
2332 5118 2514 5175 ualuit
2552 5118 2829 5185 Dominus,
2890 5118 3118 5189 [aciein
3164 5120 3325 5185 caelo,
3380 5127 3430 5172 et
3492 5121 3546 5171 in

1960 5205 2122 5247 terra.

2037 5262 2126 5321 (80

2031 5328 2143 5401 (81)
2207 5330 2460 5385 Tenuisti.
2512 5332 2653 5385 Psal.
2697 5348 2869 5395 usit,
2910 5346 3058 5385 vers.
3089 5330 3187 5393 25,
3214 5331 3324 5401 “ubi
3357 5328 3543 5401 Grteca

1962 5400 2127 5457 editio
2154 5401 2313 5473 habet
2335 5402 2477 5473 ενΚαὶ
2502 5404 2558 5455 ἐν
2581 5404 2647 5473 τῇ
2681 5401 2839 5473 βουλῇ
2869 5418 2980 5465 σου,
3005 5401 3064 5473 id
3081 5412 3181 5465 est,
3202 5400 3263 5473 Et
3291 5402 3343 5452 in
3367 5400 3549 5473 volun-

1962 5482 2070 5525 tate
2100 5484 2211 5524 tua.
2255 5471 2358 5524 Sed
2391 5469 3087 5538 voculani','xai,"nonnulli
3126 5471 3341 5525 codices
3381 5469 3544 5524 omit.

1963 5552 2108 5601 lunt,
2142 5551 2215 5611 uti
2230 5541 2504 5611 Didymus.

2033 5611 2146 5673 (89.)
2183 5608 2449 5675 Quoniam
2476 5614 2581 5665 ira.
2610 5610 2750 5665 Psal.
2785 5610 2935 5672 itmt.
2960 5624 3102 5664 vers.
3135 5608 3190 5663 6.

2035 5682 2148 5752 (8'5)
2192 5680 2262 5734 Et
2290 5681 2344 5752 in
2375 5683 2554 5752 eodem
2581 5700 2600 5738 :
2636 5682 2873 5737 Domine.
2903 5682 3083 5736 Codex
3109 5681 3271 5752 habet
3298 5695 3310 5730 :
3343 5676 3543 5752 Kaiﬁv

1962 5746 2070 5805 ne"
2117 5746 2205 5803 ’Ev
2263 5750 2679 5822 trtpbslﬁpatt.
2711 5754 2815 5822 7A1
2869 5752 3121 5805 memlose
3164 5764 3178 5799 :
3232 5751 3346 5801 haec
3398 5746 3544 5822 enirn

1962 5832 2176 5880 exstant
2215 5814 2325 5876 non"
2361 5821 2415 5875 in
2450 5814 2577 5887 xx'i',
2611 5821 2840 5890 psalmo,
2887 5827 2980 5878 scd
3016 5822 3067 5874 in
3103 5833 3255 5884 χχιι,
3302 5830 3445 5872 vers.
3482 5814 3543 5873 8.

2203 5259 2416 5315 Omnia.
2458 5261 2600 5316 Psal.
2621 5276 2741 5323 cm,
2777 5275 2917 5317 vers.
2945 5260 3036 5314 24.
