4004 6434
191 413 305 469 509

1452 425 1540 480 DE
1582 425 1951 480 TRINITATE
1990 425 2195 482 LIBER
2234 423 2513 479 PRIMUS.

3471 406 3577 466 5l0

197 546 322 597 τως
372 541 596 592 πάντα
643 543 764 611 μὲν
823 545 944 599 ἀπὸ
996 545 1095 598 τοῦ
1132 543 1467 616 Δημιουργοιῖ
1499 547 1773 616 μετρεῖται
1821 545 1886 607 ὡς

2000 543 2224 615 intelligi
2285 551 2509 612 potest,
2558 539 2659 592 nisi
2713 531 3313 604 incomprehensibilis,
3351 539 3406 584 et
3449 544 3578 584 vero

210 624 475 696 ἅὺτερα
499 671 518 694 ,
554 631 752 696 αὐτὸς
789 634 852 688 δὲ
909 636 1007 688 ὑπ’
1044 635 1264 700 οὐδενὸς,
1313 635 1496 706 ἐπειδὴ
1538 635 1770 706 ἄναρχος
1801 634 1894 688 καὶ

234 721 412 790 vitast
452 721 635 786 Θεὸς.

2003 635 2184 697 unica,
2218 635 2461 689 omnium
2497 631 2688 700 prima,
2729 637 2784 682 et
2811 627 3069 696 primario
3097 638 3328 692 Operans
3357 631 3575 685 natura,

2005 740 2125 795 quae
2171 723 2430 794 singulari
2490 722 2738 785 ratione,
2789 717 2981 771 unitati
3017 717 3130 783 ejus
3171 725 3533 770 consentanea
3559 751 3576 776 ,

253 818 526 889 principii
572 834 842 888 expers,
869 837 935 877 ac
965 822 1319 889 sempiterna,
1365 838 1537 892 neque
1587 823 1693 877 ulla
1750 823 1920 878 altera
1964 822 2187 877 inferior
2229 831 2312 876 est
2355 839 2370 874 :
2421 818 2691 887 quomodo
2737 831 2842 871 non
2877 815 3120 869 creditur
3173 823 3462 883 generatus
3511 809 3580 865 ab

269 921 485 966 uerno
513 926 582 964 ex
632 913 934 982 hypostasi
980 912 1189 978 Patris,
1231 931 1335 968 non
1367 929 1496 968 vero
1526 929 1593 968 ex
1621 915 1737 984 ejus
1763 917 2121 984 Operatione‘!
2169 914 2223 966 ln
2277 913 2366 964 illo
2394 911 2571 972 enim,
2616 909 2706 978 qui
2753 919 2962 979 tempus
3005 923 3109 960 non
3171 907 3446 970 terminat,
3480 920 3578 958 ne-

295 1020 408 1075 que
428 1006 572 1073 prius
598 1007 920 1075 quidquam
962 1016 1076 1072 est,
1127 1023 1223 1062 nec
1275 1009 1576 1076 posterius;
1637 1011 1728 1064 sed
1758 1013 1846 1079 qui
1889 1026 1992 1063 non
2027 1018 2111 1064 εει
2148 1007 2377 1074 tempori
2437 1005 2725 1069 obnoxius,
2775 1013 3008 1058 aeternus
3066 1010 3196 1056 est:
3255 999 3346 1069 qui
3395 1008 3576 1052 autem

307 1109 537 1153 aeternus
563 1107 690 1160 est,
748 1100 1028 1153 increatus
1055 1109 1170 1163 est;
1219 1115 1340 1153 nam
1373 1101 1512 1155 sicut
1541 1116 1644 1155 non
1683 1103 1894 1156 exsistit
1930 1114 2141 1172 tempus
2166 1115 2273 1154 non
2301 1102 2521 1162 iactum,
2571 1097 2650 1151 sic
2674 1110 2742 1149 ne
2794 1102 3040 1149 creatura
3096 1093 3311 1161 quidem
3351 1092 3576 1160 tempori

316 1204 424 1244 non
452 1189 725 1254 obnoxia;
758 1189 854 1244 sed
898 1199 1104 1258 tempus
1135 1191 1184 1243 ei
1218 1205 1316 1258 pro
1366 1207 1616 1247 mensura
1671 1202 1786 1257 est;
1827 1192 1987 1247 simul
2021 1193 2166 1246 enim
2221 1206 2346 1246 cum
2387 1190 2503 1258 ipsa
2556 1197 2768 1255 tempus
2827 1199 3040 1254 quoque
3091 1183 3291 1236 factum
3343 1194 3465 1237 est:
3524 1192 3580 1238 et

317 1282 508 1336 merito
552 1279 742 1336 omnia
791 1279 1004 1347 quidem
1056 1293 1084 1332 a
1135 1280 1424 1336 Comlitore
1483 1297 1786 1336 mensuram
1848 1283 2066 1348 habent,
2099 1291 2284 1350 utpote
2329 1278 2628 1340 inferiora;
2690 1276 2806 1343 ipse
2843 1288 2975 1329 vero
3026 1288 3054 1326 a
3113 1273 3348 1338 nemine,
3393 1283 3578 1343 utpote

309 1385 544 1430 alemus
569 1418 582 1434 .
621 1385 679 1427 et
711 1383 900 1425 natura
934 1373 1089 1426 Deus.

413 1465 494 1516 Ti
563 1464 622 1515 δὲ
708 1465 799 1515 ἶσα
869 1462 1148 1532 θεωρεῖται
1211 1462 1303 1514 καὶ
1379 1460 1506 1530 περὶ
1567 1457 1660 1511 τοῦ
1735 1460 1891 1526 ἁγίου

304 1556 659 1624 Πνεῦματος.
691 1554 765 1607 Οὐ
797 1553 904 1623 γὰρ
941 1554 1246 1623 γέγραπται
1287 1552 1416 1605 πότε
1437 1591 1451 1614 ,
1492 1552 1852 1620 ἑξεπορεύθη
1874 1593 1888 1618 ,

294 1647 448 1708 ἀλλ’,
470 1645 881 1712 ἐκπορεύεται.
913 1645 1034 1707 Πῶς
1059 1643 1114 1696 δὲ
1135 1643 1272 1714 αὑτὴ
1299 1645 1330 1714 ἡ
1369 1642 1480 1713 ζωὴ
1525 1641 1886 1707 ζωοποιεῖται,

293 1738 335 1809 ἢ
365 1738 431 1790 τὸ
454 1736 714 1806 ἀληθινὸν
744 1735 858 1804 φῶς
891 1733 1214 1803 φωτίζεται;
1246 1729 1355 1788 Ἦν
1381 1733 1436 1786 δὲ
1460 1734 1567 1804 ἄρα
1595 1733 1714 1786 τότε
1748 1733 1888 1786 Οεῖον

2074 1457 2202 1512 Haec
2251 1457 2438 1510 eadem
2501 1471 2628 1510 vero
2675 1459 2739 1510 de
2789 1456 2991 1525 Spiritu
3041 1467 3232 1510 sancto
3281 1457 3442 1509 etiam
3469 1457 3576 1512 dici

1997 1560 2225 1623 possunt
2279 1570 2290 1604 :
2343 1564 2442 1604 nec
2499 1549 2640 1602 enim
2692 1549 2951 1616 scriptum
3011 1558 3096 1601 est
3159 1563 3383 1616 usquam
3436 1550 3576 1618 (55),

1997 1645 2267 1710 processit,
2312 1642 2426 1706 sed,
2479 1640 2711 1710 procedit
2743 1639 2876 1711 (56).
2905 1640 3184 1705 Quomodo
3235 1651 3414 1693 autem
3464 1643 3575 1695 vita

1995 1737 2110 1804 ipsa
2164 1734 2485 1799 riviﬁcatur,
2529 1742 2626 1786 aut
2672 1747 2796 1784 vera
2860 1733 2948 1784 lux
3002 1731 3368 1784 illuminatur?
3418 1731 3577 1786 Nem-

296 1830 451 1899 φῶς,
491 1829 589 1880 καὶ
617 1825 730 1894 ζωὴ
753 1827 985 1890 αἰώνιος
1020 1827 1136 1888 ἀεὶ,
1177 1827 1271 1878 καὶ
1310 1825 1470 1887 αὑτὸς
1512 1825 1700 1877 ἑαυτὸν
1745 1825 1886 1894 λέγει

1999 1843 2059 1898 pe
2119 1828 2228 1896 (57)
2283 1841 2403 1880 cum
2462 1825 2640 1880 divina
2707 1824 2823 1888 lux,
2885 1834 2995 1876 tum
3055 1826 3156 1877 vita
3197 1836 3390 1877 atterna
3451 1826 3568 1894 (58)

295 1923 330 1974 ὖ
363 1920 608 1991 ἀψευδὴς
637 1920 732 1971 καὶ
768 1918 937 1988 μέγας
965 1917 1096 1979 Θεὸς
1120 1935 1132 1946 ³
1163 1918 1261 1970 οὑκ
1303 1913 1370 1987 ἦν
1409 1917 1481 1987 μὴ
1508 1917 1595 1969 ὅτε
1641 1917 1891 1984 ἀπαύγα-

301 2024 426 2076 σμα
450 2005 635 2072 δόξης,
681 2006 775 2057 καὶ
817 2005 1138 2075 χαρακτῆρα
1176 2005 1544 2069 ὑποστάσεως,
1587 2006 1678 2058 καὶ
1712 2006 1893 2058 εἰκόνα

299 2095 671 2163 ἀγαθὸτητος,
697 2094 788 2146 καὶ
811 2094 933 2166 |9b]
961 2094 1206 2164 δύναμιν,
1232 2097 1325 2148 καὶ
1351 2096 1562 2164 σοφίαν,
1583 2096 1676 2148 καὶ
1699 2095 1893 2150 δικαιο·

301 2187 479 2257 σύνην
502 2185 642 2238 Θεοῦ
677 2185 732 2254 (ἃ
771 2186 1030 2256 ὑπάρχειν
1066 2186 1155 2239 τὸν
1197 2187 1358 2238 αὑτὸν
1383 2188 1656 2257 Μονογενῆ
1685 2187 1894 2249 Παῦλος

311 2284 609 2352 μαρτυρεῖ)
648 2281 746 2333 οὑκ
781 2277 921 2350 εἶχεν
957 2283 985 2334 6
1024 2282 1232 2351 Πατήρ·
1264 2281 1402 2344 ἀλλ’,
1446 2282 1474 2333 ὃ
1511 2281 1584 2352 μὴ
1619 2282 1893 2352 προσῆκεν

309 2375 508 2435 εἰπεῖν,
536 2372 763 2443 ὕστερον
803 2375 829 2426 ὃ
855 2390 906 2425 τι
933 2369 1023 2425 οὖν
1055 2373 1405 2442 προσέλαϐεν.
1452 2375 1513 2426 Εἰ
1542 2374 1598 2426 δὲ
1627 2370 1792 2444 εἶχεν,
1826 2370 1892 2444 ἦν

310 2464 401 2515 ἀεὶ
447 2465 476 2515 6
518 2463 695 2515 ταῦτα
752 2462 825 2514 ὧν
857 2465 1179 2532 Μονογενής.
1222 2463 1361 2516 Οὔτε
1398 2464 1506 2534 γὰρ
1550 2465 1578 2515 6
1607 2465 1778 2516 ταῦτα
1818 2466 1892 2517 ὢν

305 2553 469 2616 ἐκτὸς
493 2553 591 2605 τοῦ
619 2554 774 2616 Θεοῦ,
808 2553 928 2606 οὔτε
967 2555 995 2606 6
1032 2554 1161 2617 Θεὸς
1194 2555 1362 2625 χωρὶς
1409 2554 1502 2608 τοῦ
1534 2555 1684 2619 ὄντος
1727 2558 1890 2610 αὑτοῦ

299 2643 486 2697 ταῦτα
521 2661 655 2696 ποτε
697 2645 950 2715 νοηϐἧναι
981 2645 1221 2698 δύναται.
1259 2646 1444 2700 Ταῦτα
1485 2647 1540 2699 δὲ
1588 2649 1820 2719 ὑπάρχει
1865 2653 1892 2703 6

301 2735 647 2806 Μονογενὴς,
679 2737 738 2788 οὑ
770 2736 1018 2805 καθάπερ
1046 2737 1156 2803 ἕξις
1179 2738 1210 2801 ἢ
1243 2739 1632 2808 ἐπιτηδειότης,
1667 2739 1781 2793 ἀλλ’
1803 2741 1892 2793 οὑ-

304 2827 549 2891 σιωδῶς,
581 2827 724 2881 καθὰ
757 2830 1095 2898 προείρηται.
1123 2832 1184 2883 Ei
1222 2831 1278 2884 δὲ
1309 2832 1400 2884 καὶ
1432 2834 1487 2884 ὲν
1516 2835 1582 2903 τῇ
1613 2835 1754 2904 ἀρχῇ
1794 2835 1892 2904 τῆς

302 2909 698 2990 κοσμογονίας,
741 2922 811 2973 τὰ
856 2922 1049 2992 πρῶτα
1092 2923 1284 2994 δένδρα
1337 2926 1434 2977 σὺν
1472 2928 1585 2988 τοῖς
1627 2925 1686 2989 ἐξ
1714 2926 1891 2979 αὑτῶν

307 3015 551 3082 καρποῖς
603 3014 908 3083 συνυπέστη
940 3015 1055 3081 (καὶ
1097 3014 1398 3086 παράδοξον
1428 3018 1579 3070 οὐδὲν
1620 3021 1666 3071 εἰ
1700 3021 1795 3072 σὺν
1822 3023 1888 3090 τῇ

316 3102 440 3171 ῥίζῃ
469 3105 499 3156 6
527 3107 738 3175 καρπὸς
761 3105 1167 3175 συνανέτειλεν),
1204 3107 1319 3170 πῶς
1346 3109 1626 3178 ἀμήχανον
1654 3113 1770 3162 κατ’
1797 3111 1890 3182 ἀρ-

1995 1934 2206 1988 semper
2258 1919 2505 1981 exstitit,
2569 1928 2622 1971 et
2685 1919 2798 1985 ipse
2858 1919 3119 1970 mendacii
3186 1917 3292 1986 25
3356 1934 3571 1987 expers,

1993 2025 2057 2064 ac
2110 2024 2336 2077 magnus
2389 2008 2529 2062 Dens
2577 2009 2925 2078 semetipsum
2985 2010 3066 2062 his
3117 2011 3423 2063 numiuilms
3476 2026 3575 2063 vo-

1995 2107 2102 2162 cat,
2155 2112 2218 2151 ac
2278 2097 2479 2150 nullum
2529 2113 2761 2166 unquam
2811 2097 2906 2150 fuit
2953 2107 3183 2166 tempus,
3235 2110 3292 2151 ut
3354 2100 3424 2152 ita
3494 2096 3571 2153 io-

1994 2207 2150 2260 quar,
2221 2205 2328 2260 quo
2391 2189 2726 2259 splendorem
2782 2191 2988 2258 glorim,
3035 2201 3088 2242 et
3153 2191 3377 2260 ﬁgurant
3449 2195 3573 2246 sub-

1993 2282 2228 2343 stantiae,
2290 2287 2345 2334 et
2392 2280 2678 2348 imaginem
2734 2280 3020 2344 bonitatis,
3070 2291 3125 2335 et
3185 2269 3464 2344 virtutem,
3521 2290 3574 2334 et

1995 2371 2334 2440 sapientiam,
2388 2378 2443 2423 et
2499 2370 2760 2436 justitiam
2824 2369 2914 2422 Dei
2977 2371 3115 2436 (hate
3171 2371 3313 2423 enim
3368 2372 3570 2434 omnia,

1992 2463 2160 2517 Paulo
2238 2471 2406 2525 teste,
2456 2471 2540 2515 est
2601 2463 2713 2530 ipse
2777 2460 3116 2530 Unigenitus)
3179 2478 3282 2514 non
3352 2464 3576 2516 haberet

1993 2556 2172 2620 Pater,
2229 2565 2323 2608 aut
2390 2569 2498 2623 quo
2543 2553 2835 2622 quidquam
2884 2555 2950 2605 de
2998 2569 3136 2607 noro
3188 2555 3260 2624 (id
3304 2556 3448 2606 enim
3491 2556 3573 2607 tli-

1993 2665 2119 2703 cere
2164 2646 2315 2702 nefas
2351 2656 2432 2700 est
2461 2645 2613 2717 [59])
2659 2656 2843 2715 postea
2883 2648 3171 2714 acceperit.
3210 2649 3361 2712 Quod
3393 2648 3436 2702 si
3471 2647 3575 2700 Pa-

1996 2751 2077 2797 ter
2107 2757 2170 2796 ea
2201 2755 2417 2809 semper
2462 2739 2673 2803 habuit,
2731 2735 3074 2806 Unigenitus,
3126 2738 3215 2805 qui
3250 2740 3363 2792 ha-c
3391 2740 3570 2791 omnia

1994 2845 2096 2902 est,
2128 2850 2343 2904 semper
2371 2834 2580 2888 exsutit
2613 2849 2627 2886 :
2667 2847 2789 2885 nam
2823 2846 3001 2901 neque
3031 2832 3121 2900 qui
3173 2841 3256 2885 est
3304 2834 3440 2896 hinc,
3489 2841 3572 2886 est

1992 2937 2145 2982 extra
2179 2927 2367 2986 Deum,
2423 2941 2524 2978 nec
2581 2923 2720 2978 Deus
2770 2924 2889 2979 sine
2917 2924 3029 2986 illo,
3084 2925 3175 2992 qui
3211 2933 3296 2978 est
3343 2925 3574 2993 ipsemet

1995 3021 2130 3084 haec,
2184 3017 2394 3086 concipi
2449 3032 2687 3084 unquam
2730 3027 2926 3085 potest.
2978 3015 3103 3071 Hinc
3157 3025 3338 3069 autem
3390 3016 3572 3068 omnia

1992 3122 2075 3166 est
2107 3110 2424 3182 Unigenitus
2465 3127 2568 3164 non
2600 3120 2856 3179 tanquam
2889 3107 3124 3170 habitus,
3156 3117 3251 3160 aut.
3281 3107 3565 3172 habitudo,

315 3193 420 3262 χὰς
451 3195 541 3246 τὸν
565 3195 868 3264 εὐμήχανον
903 3196 1120 3269 Πατέρα
1154 3197 1226 3268 μὴ
1256 3199 1533 3270 ἔγκαρπον
1560 3202 1886 3271 γεγενῆσθαι

2009 3211 2101 3260 sed
2136 3206 2588 3270 suhstantialiter,
2621 3217 2674 3259 ut
2702 3213 2861 3258 antea
2895 3205 3095 3258 dictum
3125 3202 3223 3255 fuit
3250 3201 3384 3270 (60).
3418 3200 3570 3266 Quod

317 3285 418 3337 τοῦ
449 3286 570 3338 ἰδίου
608 3287 761 3350 Υἰοῦ,
797 3289 890 3341 καὶ
930 3287 1090 3351 εὐθὺς
1119 3290 1182 3341 ὲκ
1212 3290 1310 3360 τῆς
1339 3291 1496 3363 δόξης
1525 3293 1623 3363 τῆς
1650 3295 1888 3347 ὕποστά⁶

317 3393 462 3440 σεως
488 3379 642 3431 αὑτοῦ
685 3380 1059 3450 συνεκλάμψαι
1094 3381 1155 3434 τὸ
1187 3382 1562 3453 ἁπαύγασμας
1610 3385 1767 3438 Καοὰ
1798 3381 1889 3438 οὖν

311 3469 479 3521 αὑτοῦ
522 3472 555 3540 ἡ
582 3470 684 3540 τῆς
732 3471 1194 3543 ἐνανθρωπήσεως
1243 3475 1394 3528 κάτω
1436 3478 1688 3546 γέννησις
1727 3478 1889 3548 ἑτέρᾳ

309 3561 560 3631 γεννήσει
585 3563 645 3614 οὑ
681 3565 1028 3633 συγκρίνεται
1051 3565 1136 3634 (ἐκ
1165 3566 1444 3638 Παρθένου
1469 3569 1577 3640 γὰρ
1607 3570 1884 3640 ἄρευστος,

307 3651 649 3721 ἀπήμαντος,
680 3655 812 3726 ὅπερ
841 3657 874 3726 ἡ
902 3656 1063 3725 φύσις
1093 3657 1248 3728 ἡμῶν
1284 3660 1385 3712 οὑκ
1426 3660 1590 3730 ἔχει),
1621 3662 1762 3716 οὕτω
1794 3663 1889 3716 καὶ

303 3745 423 3798 ἄνω
447 3745 698 3817 γέννησις
723 3748 1102 3820 ἀκατάληπτος
1129 3751 1267 3822 ὑπὲρ
1285 3753 1347 3806 τὸ
1381 3753 1564 3819 πλέον,
1591 3755 1686 3808 καὶ
1708 3757 1888 3810 πᾶσαν

294 3834 710 3898 ἐξαλλάττουσα
759 3839 1009 3910 γέννησιν
1052 3841 1314 3913 ὑπάρχειν
1344 3847 1438 3898 καὶ
1472 3844 1594 3899 οὔτε
1638 3847 1888 3901 ἀπιστεῖν

283 3928 433 3999 χρὴ,
462 3927 591 3982 οὔτε
625 3931 729 4000 μὴν
768 3931 1007 4003 ζητεῖνῆ
1047 3933 1357 4004 ἐξηγεῖσθαι
1398 3938 1488 3991 τὸν
1522 3939 1719 4009 τρόπον
1755 3941 1888 4010 ἡμῖν

279 4021 572 4088 ἀσφαλὲς.
606 4026 720 4085 τοῖς
766 4027 938 4078 εἰπεῖν
980 4025 1056 4096 μὴ
1098 4026 1436 4100 δυναμένοις.
1472 4032 1595 4094 Πῶς
1621 4031 1889 4103 παρθένος

281 4113 495 4169 ἔτεκεν
552 4117 781 4185 μείνασα
838 4119 1122 4190 παρθένος,
1167 4123 1300 4194 μήτε
1338 4123 1395 4177 δὲ
1431 4125 1526 4197 τὴν
1569 4127 1702 4180 ἰδίαν
1731 4126 1888 4198 ἡμῶν

289 4335 515 4392 habent
566 4341 791 4416 κτιστης
833 4357 933 4416 pro
958 4343 1200 4416 κτίστης.
1236 4344 1367 4412 Qua:
1395 4355 1572 4401 tamen
1600 4345 1666 4401 de
1699 4347 1886 4403 Graeca

290 4421 464 4484 Iace
503 4410 1489 4484 mia-.11;conditoremsigniﬁcante
1541 4417 1682 4470 dicta
1739 4418 1880 4472 volo.

291 4476 464 4543 Quod
522 4482 667 4551 enim
689 4476 904 4548 spectat
945 4484 1021 4537 ad‘
1051 4476 1311 4540 Thracios
1340 4486 1461 4540 illos
1510 4487 1755 4551 κτιστάς,
1819 4491 1883 4540 de

296 4547 849 4624 qnibns__Strali0lill.
880 4570 973 4618 rtt,
1003 4556 1220 4624 legenda
1241 4567 1364 4609 sunt
1387 4573 1506 4624 quae
1547 4557 1630 4608 vir
1670 4547 1883 4624 ingenio
1916 4553 1958 4607 D

298 4620 712 4694 Everuditioue
745 4624 946 4694 pollens
973 4620 1330 4680 Martorellius
1372 4620 1590 4694 scripsit
1622 4628 1673 4678 in
1709 4620 1880 4680 Theca

301 4684 642 4762 Calggmria,
676 4684 793 4759 pa'g.
815 4693 916 4746 482
936 4703 990 4747 ει
1024 4711 1175 4762 seqq.

383 4756 498 4824 (55)
553 4756 803 4835 Usquam.
846 4763 1016 4835 Lego,
1065 4756 1374 4835 γὲχραπταί
1419 4782 1569 4829 ποτε,
1630 4779 1744 4835 pro,
1795 4768 1886 4834 γέ-

298 4842 557 4906 γραπται
624 4831 775 4906 ποτε.
843 4831 1154 4906 Praecedens
1174 4831 1185 4835 ”
1217 4847 1394 4888 autem
1460 4851 1561 4888 Vox
1589 4875 1602 4899 ,
1630 4831 1882 4906 ’Θεωρεῖσ

301 4912 423 4956 ται,
453 4902 522 4949 ad
549 4902 767 4954 verbum
806 4905 1059 4957 vertenda
1098 4923 1110 4958 :
1142 4907 1562 4958 considerantur.

345 5036 360 5044 _
388 4966 504 5033 (56)
551 4967 674 5048 Sed,
701 4976 954 5048 procedit.
999 4974 1236 5048 Similem
1270 4976 1476 5044 Didymi
1501 4975 1881 5048 ‘animadver-

308 5042 828 5112 sictiettt__itit'enies
894 5059 1014 5097 cum
1064 5045 1114 5097 in
1182 5045 1320 5098 libro
1368 5042 1445 5096 De
1489 5043 1631 5112 Spir.
1663 5059 1880 5111 sancto,

315 5121 472 5185 lllllll.
509 5107 587 5172 15,
615 5111 700 5185 ulli
735 5127 750 5163 :
783 5112 920 5185 Bene
946 5123 1118 5166 autem
1141 5115 1358 5185 (inquit)
1387 5107 1605 5184 quod'in
1629 5119 1742 5183 ipsa
1765 5107 1882 5170 seu;

312 5181 481 5226 tentia
515 5195 608 5231 non
637 5181 732 5247 ait,
782 5182 884 5247 Qui
925 5189 1114 5247 creari,
1150 5181 1268 5247 sed,
1295 5181 1407 5248 Qui
1456 5201 1573 5237 creo
1605 5202 1622 5237 :
1650 5181 1766 5238 tum
1827 5187 1880 5241 in

318 5259 386 5296 ea
457 5260 651 5310 catena,
713 5256 781 5306 de
832 5269 936 5321 qua
988 5256 1094 5308 dixi
1153 5257 1425 5321 pag.15:
1497 5256 1567 5307 ibi
1617 5258 1758 5308 enim
1815 5259 1879 5308 ad

317 5330 468 5396 yer's1
495 5333 544 5396 ri
564 5323 755 5388 psalmi
778 5337 906 5396 va,
940 5323 1052 5378 lucc
1073 5325 1293 5396 adnotat
1321 5327 1588 5396 Didymus
1610 5325 1759 5396 γεᾼὨς
1789 5327 1882 5379 καὶ

311 5386 372 5436 ἐν
400 5386 490 5466 τῷ,
532 5386 587 5445 Ὁ
616 5395 1039 5466 μεταστρέφων.
1081 5394 1224 5446 ’Λντὶ
1271 5395 1380 5465 γὰρ
1430 5386 1547 5457 τοῦ,
1607 5394 1668 5449 '0
1721 5386 1883 5466 μετα-

316 5459 556 5538 ςῖῖρέφας,
591 5459 647 5538 illi
689 5474 778 5520 est
803 5459 1001 5517 {Sicut
1050 5467 1207 5538 etiam
1247 5459 1438 5538 ubi-ait
1462 5481 1482 5520 :
1517 5459 1826 5538 (laurei-iens
1863 5483 1880 5519 :

309 5533 358 5580 id
382 5534 506 5607 enim
527 5537 766 5606 positum
789 5543 871 5589 est
907 5550 1026 5602 pro,
1058 5533 1160 5599 Qui
1186 5537 1458 5600 convertit,
1498 5552 1608 5599 seu,
1647 5537 1881 5600 Quium-

306 5614 436 5661 uml.
473 5607 785 5666 Fatendum
822 5616 912 5658 est
953 5613 1152 5670 tamen,
1198 5621 1302 5659 non
1343 5621 1560 5675 semper
1592 5609 1766 5675 magni
1804 5608 1882 5658 ιιι-

299 5675 488 5738 ciendas
516 5697 646 5738 esse
699 5675 1594 5747 hujusmodi__animadversiones,
1625 5688 1680 5729 ut
1714 5679 1746 5729 ii
1785 5693 1880 5730 no-

289 5763 407 5821 nmt,
470 5756 568 5828 qui
616 5744 1504 5828 llebr'aincalmnlinguaincallent.
1548 5747 1687 5814 Quin
1720 5748 1880 5813 Didy-

283 5816 512 5901 musipsé
553 5841 756 5900 segm.
793 5817 871 5872 60
903 5816 936 5867 [ι
972 5816 1259 5872 discrimen
1279 5816 1407 5872 illud
1442 5834 1630 5887 parum
1661 5832 1880 5874 curasse

278 5904 466 5962 Videtur.

1993 3300 2036 3355 si
2085 3301 2237 3352 initio
2287 3301 2449 3353 etiam
2505 3299 2805 3352 creationis
2862 3296 3045 3350 mundi
3106 3296 3293 3365 primm
3345 3295 3571 3348 arbores

1991 3408 2094 3444 una
2149 3409 2268 3445 cum
2302 3391 2538 3459 propriis
2570 3390 2842 3445 fruetibus
2894 3387 3280 3451 substiterunt,
3315 3403 3378 3440 ac
3409 3385 3571 3439 simul

1992 3499 2113 3537 cum
2146 3484 2325 3537 radice
2355 3483 2592 3537 fructum
2645 3496 2862 3552 quoque
2903 3491 3153 3535 exortum
3197 3494 3338 3540 esse,
3389 3477 3568 3532 neuti-

1992 3591 2153 3646 quam
2210 3574 2532 3630 incredibile
2573 3585 2697 3642 est;
2757 3573 3028 3640 quomodo
3083 3573 3200 3627 ﬁeri
3251 3587 3357 3626 non
3409 3584 3572 3639 posse

1989 3667 2356 3733 censebimus,
2391 3677 2449 3721 ut
2486 3681 2652 3736 sagax
2699 3666 2939 3720 universi
2974 3664 3238 3720 Conditor
3267 3662 3378 3733 (61)
3408 3661 3571 3717 Pater

1990 3759 2266 3829 proprium
2291 3757 2510 3822 Filium,
2546 3757 2695 3813 velut
2737 3755 2972 3811 fructum
3028 3755 3165 3826 (62),
3202 3754 3254 3809 in
3297 3754 3566 3824 principio

1991 3851 2268 3916 habuerit,
2295 3865 2362 3905 ac
2397 3849 2560 3906 simul
2595 3865 2719 3905 cum
2751 3865 2817 3905 eo
2851 3849 3110 3918 Splendor
3143 3848 3326 3903 statim
3356 3862 3420 3901 ex
3455 3847 3571 3915 glo.

1990 3944 2071 3998 ria
2105 3944 2457 4014 hypostaseos
2488 3943 2656 4012 ipsius
2684 3942 2959 3996 eluxerit?
2992 3940 3456 4008 Quemadmodum
3481 3955 3570 3994 ενα

1989 4047 2058 4104 go
2097 4042 2307 4086 terrena
2349 4032 2464 4099 ejus
2513 4033 2564 4085 in
2601 4030 2978 4086 luearnatione
3011 4031 3272 4085 nativitas
3323 4030 3452 4084 uulli
3487 4032 3569 4082 al-

1993 4126 2090 4179 teri
2147 4123 2414 4179 natiritati
2462 4125 2771 4194 comparari
2823 4132 3006 4194 potest
3067 4124 3216 4194 (nam
3262 4132 3318 4178 et
3351 4137 3416 4177 ex
3447 4119 3568 4176 Vir-

2062 4345 2175 4415 (57)
2238 4343 2652 4417 Nempe.__Pro,A
2689 4341 2778 4417 ἦν,
2833 4345 2931 4414 Ιεεί
2985 4355 3186 4417 posset,
3235 4345 3349 4417 13v,
3403 4344 3453 4397 id
3485 4355 3568 4417 est

1992 4413 2086 4469 si}
2147 4413 2200 4470 ct
2260 4413 2580 4485 ut_mollius
2623 4413 2814 4469 ﬂueret
2852 4413 3064 4468 oratio:
3121 4415 3188 4484 ἦν
3231 4413 3287 4466 δὲ
3321 4413 3427 4484 ἄρα
3478 4415 3563 4485 ἦν;

1993 4486 2127 4539 Tum
2160 4507 2172 4538 :
2204 4487 2304 4538 οὑκ
2327 4480 2394 4555 ἦν
2423 4487 2510 4556 ὅτε
2535 4487 2630 4556 μή.
2664 4486 2941 4556 Ρτυίτότε,
2975 4487 3089 4552 lego
3111 4480 3170 4536 τε
3202 4501 3282 4556 ᾖε.

2059 4557 2172 4625 (58)
2213 4553 2461 4608 ίΕιεινηα.
2494 4553 2549 4608 lii
2574 4553 2744 4624 prima
2769 4555 2991 4609 Joannis
3013 4571 3061 4615 ν,
3094 4555 3185 4615 20,
3211 4553 3381 4609 Filius
3404 4569 3565 4609 voca-

1994 4635 2080 4679 tur
2124 4625 2242 4678 Vita
2263 4638 2478 4679 (eterna.

2061 4695 2377 4765 (59)rchas
2406 4706 2501 4747 est.
2533 4696 2817 4765 Προσῆκεν
2864 4708 2959 4762 pro
2999 4695 3271 4765 προσήκει
3311 4695 3568 4748 adhibere

1989 4764 2502 4818 vetatllerodianus
2553 4764 2602 4818 in
2654 4765 2959 4828 Pliilettvro,
3009 4781 3127 4833 pag.
3180 4764 3304 4818 468.
3359 4765 3426 4816 At
3459 4782 3569 4819 non

1988 4837 2141 4901 pauci
2175 4847 2452 4905 auctores,
2503 4834 2646 4902 iique
2695 4834 3060 4901 potissimum,
3083 4835 3188 4905 (qui
3223 4837 3365 4888 circa
3399 4834 3565 4905 Didy-

1988 4906 2060 4957 mi
2088 4917 2326 4974 tempora
2351 4904 2639 4973 scripsere,
2684 4905 3020 4973 grammatici
3060 4904 3200 4958 illius
3246 4906 3347 4974 legi
3381 4921 3441 4961 se
3467 4904 3565 4960 ob-

1987 4975 2176 5029 noxios
2205 4990 2308 5026 non
2332 4976 2731 5028 existimarunt.

2208 5044 2586 5128 Qictumljuit.‘
2612 5043 2867 5128 Fortasse
2889 5061 3007 5113 cap.
3045 5045 3127 5128 l9.

2059 5115 2170 5184 (6|)
2214 5115 2395 5181 Sugax
2419 5114 2689 5186 Conditor.
2723 5116 2781 5167 In
2809 5114 3016 5186 Grtccu,
3046 5116 3374 5186 εὐμήχανον,
3399 5130 3563 5184 quam

1985 5199 2170 5238 vocem
2227 5201 2330 5236 uno
2365 5185 2624 5238 vocabulo
2676 5186 2762 5238 hic
2814 5185 3105 5248 transferre
3144 5185 3237 5250 ita,
3272 5196 3325 5239 ut
3353 5187 3558 5239 tibimet

1987 5255 2101 5322 ipse
2133 5255 2455 5316 satisfacias,
2490 5255 2700 5308 (ιίιιιί-ἱιε
2746 5265 2847 5309 εει.
2906 5253 3129 5308 Vertere
3174 5259 3338 5310 etiam
3389 5256 3560 5310 licet:

1983 5329 2071 5388 qui
2100 5327 2273 5377 omnia
2306 5323 2462 5391 facile
2485 5327 2722 5395 molitur,
2749 5335 2860 5388 aut,
2879 5326 2964 5394 qui
2989 5326 3131 5379 nullo
3153 5328 3355 5395 negotio
3380 5327 3564 5378 mundi

1985 5396 2239 5460 fabricam
2292 5395 2571 5447 exstruxit.
2627 5394 2797 5449 Porro
2855 5397 3111 5464 Didymus
3162 5394 3552 5463 parouomasian

1984 5482 2144 5518 causa
2194 5480 2257 5518 eo
2311 5465 2570 5518 vocabulo
2625 5479 2754 5518 usus
2799 5475 2882 5518 est
2933 5483 2946 5518 :
3007 5467 3141 5519 ludit
3191 5466 3397 5520 scilicet
3455 5480 3562 5518 non

1984 5535 2314 5602 ineleganter
2377 5537 2427 5586 in
2491 5535 2853 5597 dictionibus,
2900 5536 3212 5605 ἀμήχανον,
3269 5546 3324 5589 et
3386 5534 3561 5602 εὐμή-

1984 5621 2142 5657 γανον
2153 5646 2163 5657 .

1985 5623 2166 5743 laxi);
2225 5672 2500 5728 Fructum.
2551 5674 2822 5742 Uendum,
2890 5675 3167 5744 quodest.
3198 5683 3255 5726 ut
3301 5689 3441 5736 reor,
3503 5674 3557 5725 in

1985 5747 2190 5806 codice,
2228 5747 2528 5807 sustuleris,
2555 5746 2599 5798 si
2631 5746 2897 5811 Voculam,
2934 5746 3030 5814 μή,
3065 5750 3413 5811 expunxcris,
3467 5751 3561 5814 aut

1985 5829 2098 5881 pro,
2160 5816 2233 5884 μὴ
2292 5817 2588 5884 ἔγκαρπον,
2647 5831 2748 5868 non
2811 5811 3137 5882 fructuosum
3218 5816 3430 5881 legeris,
3481 5811 3561 5880 μὴ

1988 5887 2254 5955 ἅκαρπςν,
2285 5888 2380 5942 hoc
2414 5898 2494 5942 est
2526 5903 2624 5941 non
2665 5885 3072 5953 infructuosum.
