4004 6408
285 398 390 460 δῖι

1444 404 1531 461 DE
1571 402 1946 463 TRINITATE
1986 406 2186 460 LIBER
2225 405 2507 462 PRIMUS.

3506 411 3618 450 τοι»

3507 451 3608 472 υ-οι

303 523 618 593 ’Λπὰτωιλ
682 526 979 597 ἀμήτωρ,
1045 526 1542 595 ἀγενεαλόγητος-ο
1601 525 1760 595 μηδὲ
1819 526 1926 594 ἀρα

2043 524 2156 581 Sine
2183 536 2332 595 patre
2356 525 2491 593 (26),
2523 526 2632 580 sine
2653 524 2760 596 32
2784 536 2968 593 matre,
3016 528 3128 582 sine
3149 528 3471 599 genealogia,
3522 546 3622 583 ne-

308 616 431 690 χὴγ
472 616 722 687 ἡμερῶν
773 620 974 691 ἔχων,
1009 619 1162 691 μηδὲ
1212 620 1384 686 τέλος
1433 619 1583 688 ζωῆς
1628 622 1931 689 ἀφωμοιω-

320 713 495 786 μένος
550 711 637 778 τῷ
680 712 804 779 Υἱῷ
866 713 979 768 τοῦ
1039 712 1204 767 Θεοῦ.
1273 711 1624 782 Ἀφωμοίωτο
1671 712 1749 776 δὲ,
1798 709 1932 764 καθὸ

329 807 428 859 οὐκ
479 803 920 876 ὲγενεαὶογήθη,
994 804 1070 868 ὡς
1119 802 1237 865 ἔθος
1299 798 1369 873 ἦν
1442 805 1617 856 ποιεῖν
1664 804 1786 865 ταῖς
1831 819 1934 871 φυ-

334 901 454 962 λαῖς
510 897 609 950 τοῦ
671 896 898 969 Ἰσραὴλ
971 898 1100 967 περὶ
1157 897 1267 951 τῶν
1324 896 1383 949 ὲν
1429 897 1614 959 αὐτοῖς
1672 895 1928 966 ἐντίμωψ

345 990 429 1043 διὰ
471 988 534 1041 τδ
585 982 730 1041 εἶναι
792 986 961 1042 αὑτὸν
1011 986 1180 1039 τύπον
1236 988 1331 1039 καὶ
1381 985 1747 1056 ὑπογραμμὸν
1809 1002 1932 1038 τινα

351 1081 440 1136 τοῦ
483 1079 787 1142 Δεσπότου,
822 1078 917 1131 τοῦ
950 1078 1063 1134 ἅνω
1088 1078 1187 1149 μὲν
1230 1078 1509 1149 άμήτορος
1556 1077 1651 1131 κα)⁸
1680 1076 1929 1147 ἀχρόνου,

356 1175 493 1227 κάτω
528 1172 588 1225 δὲ
644 1171 925 1242 άπάτορος
966 1170 1061 1223 καὶ
1110 1169 1218 1223 ἀπὸ
1266 1168 1478 1241 χρόνου.
1506 1169 1700 1222 Καίτοι
1731 1170 1933 1237 ἐπιφα-

349 1266 442 1335 νὴς
500 1264 687 1335 ἱερεὺς
744 1263 1038 1333 γενόμενος
1093 1262 1123 1314 ὀ
1174 1260 1534 1331 Μελχισεδὲκ,
1589 1260 1665 1323 ὼς
1700 1258 1928 1329 εὐλογη-

346 1359 503 1428 θῆναι
534 1356 668 1428 παρ’
721 1354 885 1409 αὑτοῦ
938 1354 1029 1408 τὸν
1072 1353 1344 1426 Ἀϐραὰμ,
1391 1354 1484 1407 καὶ
1515 1352 1748 1415 δεκάτας
1781 1348 1933 1421 αὐτῷ

339 1450 454 1504 τῶν
490 1448 704 1503 σκύλων
755 1448 1083 1518 παρασχεῖν,
1116 1443 1261 1499 καθά
1290 1446 1320 1498 ὁ
1377 1443 1540 1508 αὐτὸς
1612 1440 1933 1504 ’Δπόστολος

338 1541 513 1609 λέγει’
577 1538 855 1606 Θεωρεῖτε
913 1536 983 1590 δὲ
1025 1538 1283 1605 πηλίκος
1324 1531 1506 1601 οὗτος
1556 1526 1604 1600 ᾧ
1630 1533 1727 1586 καὶ
1754 1530 1931 1585 δεκά-

337 1649 458 1699 την
507 1630 631 1685 ἀπὸ
673 1628 914 1683 πάντων
960 1628 1237 1697 ἐμέρισεν
1288 1626 1556 1696 Ἀϐραάμ·
1599 1625 1695 1679 καὶ
1746 1623 1929 1677 πάλιν*

338 1724 478 1788 Καὶ,
529 1723 615 1789 ὠς
658 1721 805 1786 ἔπος
854 1720 1065 1783 εἰπεῖν,
1111 1719 1210 1773 διὰ
1263 1718 1519 1787 Ἀϐραὰμ
1568 1716 1665 1770 καὶ
1703 1714 1851 1770 Λευῒ
1899 1716 1933 1767 ὁ

339 1813 604 1879 δεκάτας
642 1812 979 1881 λαμϐάνων,
1012 1810 1423 1865 δεδεκάτωται·
1468 1808 1611 1862 τοῦτ’
1646 1808 1815 1871 ἐστιν,
1844 1806 1932 1860 διὰ

2032 635 2131 688 que
2161 618 2374 673 initium
2402 620 2628 678 dierum,
2673 636 2835 690 neque
2862 620 3021 689 linem
3064 623 3183 675 vita:
3219 621 3432 686 habens,
3480 624 3621 677 assio

2035 711 2245 765 milatus
2276 709 2418 764 Filio
2445 710 2564 764 Dei.
2602 709 2952 768 Assimilatus
2991 722 3074 767 est
3115 723 3315 777 autem,
3352 722 3620 782 quatenus

2034 811 2285 857 contexta
2329 818 2435 857 non
2484 813 2570 858 est
2595 804 2713 871 ejus
2746 806 3085 877 genealogia,
3135 815 3195 861 ut
3231 822 3346 860 mos
3371 815 3490 861 erat
3522 806 3621 860 tri-

2034 893 2199 947 buum
2256 892 2496 960 lsraelis,
2548 894 2763 948 illorum
2797 896 3036 951 virorum
3093 908 3295 964 texere,
3349 900 3441 967 qui
3477 901 3619 968 apud

2038 985 2183 1053 ipsas
2218 985 2333 1056 (‘27)
2364 986 2685 1040 illustriores
2715 997 2899 1055 erant;
2927 988 3051 1058 quia
3086 989 3293 1044 scilicet
3318 998 3476 1062 typus
3504 990 3621 1058 ipse

2035 1085 2172 1139 erat,
2211 1077 2531 1145 etquzcdam
2582 1079 2759 1149 imago
2812 1079 3044 1144 Domini,
3094 1080 3188 1150 qui
3233 1082 3285 1134 in
3326 1082 3464 1135 etelo
3501 1082 3622 1152 qui-

2040 1171 2161 1224 dem
2192 1179 2276 1224 est
2303 1170 2431 1224 sine
2458 1182 2656 1233 matre,
2681 1181 2734 1226 ct
2768 1171 2886 1227 sine
2915 1181 3191 1242 tempore;
3231 1173 3283 1228 in
3321 1185 3463 1230 terra
3496 1190 3622 1232 vero

2035 1264 2153 1317 sine
2185 1273 2361 1332 patre,
2396 1272 2450 1315 et
2481 1264 2531 1315 in
2575 1273 2837 1332 tempore.
2880 1265 3043 1335 Atqui
3084 1265 3287 1319 clarum
3328 1276 3411 1321 est
3441 1282 3624 1323 sacer-

2037 1354 2218 1408 dotem
2246 1352 2413 1406 luisse
2435 1352 2911 1418 Melchisedeeum,
2950 1356 3086 1409 adeo
3125 1365 3183 1408 ut
3206 1356 3275 1408 ab
3312 1356 3429 1424 ipso
3454 1357 3624 1411 bene-

2036 1446 2325 1499 dictionem
2360 1445 3020 1513 acceperitAbrabamus,
3052 1456 3105 1500 et
3145 1448 3441 1515 spoliorum
3480 1449 3624 1503 deci-

2036 1554 2154 1594 mas
2182 1538 2284 1607 ipsi
2336 1537 2650 1607 praebuerit,
2688 1538 2829 1592 sicut
2875 1538 3015 1593 idem
3076 1539 3352 1609 apostolus
3396 1550 3626 1595 testatur

2036 1628 2287 1698 inquiens
2321 1646 2335 1683 :
2363 1626 2651 1681 Intuemini
2683 1627 2795 1698 (28)
2829 1639 3003 1683 autem
3039 1639 3267 1698 quantus
3312 1631 3377 1683 sit
3403 1630 3509 1694 hic,
3536 1631 3624 1686 cui

2034 1734 2081 1776 et
2111 1723 2337 1775 decimas
2358 1735 2422 1774 ea:
2457 1722 2698 1774 omnibus
2730 1732 2959 1789 partitus
2988 1731 3065 1775 est
3092 1721 3378 1777 Abraham.
3414 1723 3477 1777 Et
3504 1739 3626 1777 rur-

2036 1830 2128 1869 sus
2166 1833 2180 1869 :
2215 1812 2281 1867 Et
2326 1814 2405 1884 (ut
2436 1815 2511 1867 ita
2536 1814 2649 1884 (29)
2697 1814 2896 1866 dictum
2943 1812 3034 1882 sit)
3092 1830 3185 1882 per
3239 1814 3529 1878 Abraham,
3574 1823 3625 1868 et

339 1904 440 1959 τοῦ
486 1904 832 1975 προπάτορος
880 1902 1152 1974 Ἀϐραάμ.
1192 1903 1323 1956 Ἔτι
1362 1901 1492 1971 γὰρ,
1524 1902 1711 1971 φησὶν,
1744 1900 1816 1953 ἐν
1858 1899 1930 1969 τῇ

2043 1908 2186 1973 Levi,
2204 1909 2294 1978 qui
2321 1909 2551 1961 decimas
2575 1907 2797 1975 accepit,
2820 1907 3109 1959 decimatas
3134 1916 3244 1969 est;
3271 1907 3373 1959 hoc
3400 1916 3506 1971 est,
3527 1921 3628 1975 per

342 1998 541 2067 ὅσφύτ
560 1996 669 2051 τοῦ
707 1994 929 2063 πατρὸς
976 1994 1060 2063 ἦν
1081 1994 1233 2067 (Aen!
1273 1996 1302 2048 ὁ
1349 1995 1616 2061 ἀπόγονος
1657 1993 1932 2064 Ἀϐραὰμ,

342 2090 478 2159 παρ’
502 2081 567 2141 οὗ
592 2089 625 2158 ὴ
658 2086 956 2149 δεκάτωσις
978 2084 1057 2156 τῷ
1084 2087 1276 2158 Κυρίῳ
1301 2084 1537 2155 γενικῶς
1567 2084 1931 2154 ἐπινενόηται)

342 2181 448 2235 ὅτε
477 2179 872 2247 συνήντησεν
922 2176 1083 2243 αὐτῷ
1118 2177 1287 2246 (τοῦτ’
1337 2177 1484 2230 ἔστιν
1532 2176 1610 2247 τῷ
1661 2176 1933 2248 Ἀϐραὰμ)

343 2273 374 2324 ὁ
415 2269 771 2340 Μελχισεδέκ.
802 2268 868 2322 Τί
896 2268 962 2340 δὴ
994 2263 1086 2322 οὖν
1122 2268 1185 2321 τὺ
1209 2269 1459 2340 βούλημα
1490 2267 1590 2339 τῆς
1621 2267 1935 2335 κενολογίας

343 2362 549 2424 αὐτῶν,
591 2360 685 2414 καί
726 2377 803 2431 πη
847 2360 911 2413 τὸ
954 2359 1193 2425 ἄτοπονς
1251 2360 1419 2424 Σύνες
1454 2361 1582 2431 γάρ’
1624 2360 1781 2412 Ὅσοι
1815 2356 1936 2410 ἐϐέ-

344 2453 481 2506 λωσι
533 2452 713 2520 λέγειν
761 2452 960 2523 ἀρχὴν,
1025 2453 1119 2506 καὶ
1170 2451 1347 2523 πέρας
1399 2449 1774 2522 ὁμολογοῦσιν·
1843 2448 1936 2502 καὶ

344 2543 424 2615 τῷ
468 2544 680 2612 γένεσιν
733 2542 1194 2611 ἐπαγγέλλεσθαι,
1225 2542 1321 2595 καὶ⁵
1348 2542 1447 2613 τὴν
1476 2543 1543 2595 ὲκ
1570 2541 1776 2612 ταύτης
1804 2540 1935 2612 θνῆ-

345 2654 435 2692 σιν
475 2637 847 2707 ἅτ’-.,οδέχονται⁹
872 2637 968 2689 καὶ
995 2636 1074 2707 τῷ
1100 2636 1158 2703 ἐξ
1186 2638 1287 2689 οὐκ
1311 2636 1504 2702 ὄντων,
1531 2635 1565 2706 ἣ
1594 2634 1653 2699 ἐξ
1678 2633 1938 2705 ἀνομοίας

343 2733 447 2801 τῆς
513 2728 699 2799 θεῖκῆς
746 2729 934 2791 οὐσίας
980 2727 1391 2798 ὑπολαμϐάνειν
1441 2725 1769 2797 γεγενῆσθαι
1810 2724 1939 2796 θνη-

343 2824 441 2876 τόν
470 2838 527 2875 τε
566 2821 682 2892 ἅμα
720 2823 816 2875 καὶ
854 2820 1155 2893 ἀλλότριον,
1190 2820 1294 2890 τῆς
1327 2819 1422 2873 τοῦ
1458 2818 1676 2890 Πατρὸς
1721 2817 1938 2871 συνθεό-

337 2930 507 2985 τητος
565 2912 975 2981 ἀποφαίνοντας
1026 2912 1164 2983 ὅπερ
1214 2910 1311 2964 καὶ
1342 2908 1633 2979 λεγόμενον
1659 2906 1937 2978 μονονουχὶ

340 3006 441 3058 καὶ
496 3004 855 3075 δοξαζόμενον
911 3004 1095 3075 πάσης
1132 3002 1325 3065 ἁθεῖας
1386 3000 1479 3073 [i3
1521 2999 1578 3073 a]
1607 2999 1935 3070 ἀνάμεστον.

356 3094 520 3147 Ἀλλά
547 3095 685 3165 πρὸς
730 3092 809 3154 τὸ.
858 3094 962 3147 Ἐν
988 3090 1150 3162 ἀρχῇ
1192 3087 1273 3162 ἦν
1306 3094 1341 3145 ό
1370 3091 1583 3159 Λόγος,
1606 3087 1678 3142 τὰ
1708 3089 1936 3142 ἐκείνων

345 3184 503 3254 δῆθεν
533 3184 752 3256 ἰσχυρά.
786 3184 1035 3255 Ἐγράφη
1061 3183 1155 3236 καὶ
1184 3181 1437 3254 περὶτῆς
1463 3181 1714 3246 κτίσεως,
1749 3180 1932 3250 φησὶν,

349 3274 431 3335 th.
460 3270 599 3330 Ἦν.
630 3275 783 3345 Ἔχει
806 3275 936 3347 γάρ·
981 3275 1083 3328 Ἐν
1103 3274 1264 3342 ἀρχιῖ
1289 3272 1580 3341 ἐποίησεν
1598 3277 1632 3327 ό
1659 3273 1803 3340 Θεὸς
1823 3274 1931 3327 τὸν

354 3367 609 3435 οὐραγὸν
650 3369 747 3421 καί
773 3368 887 3435 τὴν
918 3366 1054 3437 γῆν*
1090 3369 1130 3435 ἡ
1184 3366 1255 3419 δὲ
1291 3363 1367 3436 γῆ
1401 3361 1482 3436 ἦν
1520 3367 1775 3435 ἀόρατος
1830 3365 1931 3419 καὶ

350 3456 901 3524 ἀκατωκεύαστος·
931 3458 1027 3511 κει.)⁸
1056 3496 1071 3519 ,
1122 3452 1243 3512 Ἦν
1278 3455 1590 3527 ἅνθρωπος
1621 3457 1691 3522 ἐξ
1727 3458 1932 3526 Ἄρμα·

351 3551 457 3619 θὲμ
500 3550 674 3619 Σιφά.
720 3550 887 3604 Οὐδὲν
913 3549 970 3603 δὲ
1015 3551 1196 3603 κοινὸν
1222 3549 1320 3621 τῷ,
1373 3550 1476 3603 Ἔν
1510 3547 1673 3618 ἀρχῇ
1698 3545 1798 3619 ἦν,
1834 3549 1929 3603 καὶ

350 3638 447 3709 τῷ,
484 3640 582 3692 Ἐν
605 3639 762 3708 ἀρχῇ
785 3640 1096 3707 ἐποίησεν
1140 3640 1264 3694 οὐδὲ
1319 3639 1396 3710 τῷ
1431 3641 1626 3712 κτίστῃ
1676 3640 1812 3710 πρὸς
1870 3641 1930 3693 τὸ

349 3733 573 3802 κτίσμα.
599 3732 672 3784 Τὸ
692 3733 821 3804 γὰρ,
850 3728 992 3798 Ἦν,
1036 3734 1130 3786 ἐπὶ
1161 3733 1261 3803 τῆς
1306 3732 1557 3799 κτίσεως,
1595 3733 1725 3803 περ).
1763 3732 1927 3803 μόνου

344 3875 536 3926 metior
564 3874 890 3928 immensum.
918 3871 976 3927 Si
998 3874 1172 3938 credo,
1203 3872 1534 3926 illuminatur
1566 3873 1748 3925 anima
1788 3887 1923 3925 mea.

343 3941 407 3996 Si
434 3945 692 3996 curiosius
721 3947 987 4004 examino.
1025 3959 1168 3995 mens
1198 3945 1531 3996 obscuratur.
1560 3941 1616 3996 Si
1644 3950 1781 3995 recte
1810 3957 1926 3994 cre-

344 4012 438 4077 do,
462 4014 682 4066 extollar
707 4016 759 4067 in
786 4014 991 4066 cmlum.
1038 4013 1093 4067 Si
1127 4013 1421 4080 exquisiero
1458 4013 1738 4075 curiosius,
1768 4012 1925 4065 deor-

343 4096 467 4137 um
490 4083 632 4149 ferar
667 4085 720 4137 in
749 4084 1086 4152 profundunt.
1127 4080 1294 4136 Credo
1327 4083 1383 4135 in
1425 4099 1592 4152 unum
1622 4083 1809 4146 Deum,
1843 4097 1927 4135 ve-

346 4151 932 4218 rum,omnipotentent.
975 4152 1120 4221 Nego
1165 4153 1285 4205 deos
1315 4170 1348 4204 a
1400 4151 1596 4206 Crazcis
1639 4152 1927 4221 con/ictos;

348 4223 569 4273 deorum
606 4225 740 4275 enim
772 4219 1071 4276 multitudo
1098 4223 1151 4275 in
1185 4221 1311 4276 casio
1338 4238 1443 4275 non
1476 4224 1698 4275 habitat.
1749 4219 1926 4275 Unum

348 4306 557 4362 tantum
601 4291 767 4345 Deum
815 4293 1021 4362 hymnis
1053 4293 1275 4346 celebro.
1322 4294 1568 4357 Aversor,
1605 4291 1728 4345 odio
1760 4292 1926 4344 habeo

348 4361 726 4414 Arianismum.
762 4361 883 4416 Non
903 4364 1020 4415 uico
1044 4376 1061 4414 :
1099 4362 1403 4423 Aliquando
1427 4377 1531 4415 non
1563 4371 1681 4414 erat
1709 4362 1872 4415 Pater
1907 4379 1921 4415 :

347 4432 441 4482 sed
476 4429 642 4481 Deum
658 4448 852 4496 semper
882 4433 1045 4485 Deum
1067 4433 1322 4497 praedico,
1353 4431 1566 4484 Patrem
1588 4448 1787 4500 semper
1812 4429 1922 4482 Pao

348 4509 501 4571 irent,
532 4516 593 4552 eo
624 4506 799 4571 _modo
842 4500 1078 4562 Patrem,
1119 4518 1272 4571 quem
1306 4504 1449 4554 solus
1503 4503 1640 4554 novit
1689 4505 1924 4571 ipsemet.

350 4567 597 4650 Credo'in.
616 4569 891 4650 Dominum
919 4567 1156 4650 nostrum
1185 4570 1368 4650 .lesum
1396 4572 1688 4650 Christum,
1708 4567 1924 4650 Filium
1960 4596 2003 4650 ο

348 4641 464 4706 ejus
494 4636 848 4706 Unigenitum,
873 4657 938 4695 ea:
970 4641 1082 4710 ipso
1107 4643 1334 4709 genitum
1356 4654 1477 4696 ante
1501 4644 1677 4694 omnia
1703 4642 1925 4702 stecula,

347 4725 428 4781 eo,
456 4710 609 4781 modo
634 4711 883 4776 genitum,
925 4726 1075 4781 quem
1120 4711 1262 4765 solus
1285 4716 1427 4764 novit
1479 4713 1568 4763 ille
1609 4714 1700 4781 qui
1726 4713 1928 4781 genitus

350 4780 471 4847 Ῑιιὶι.
507 4775 775 4838 Gentium.
814 4797 917 4833 non
938 4775 1164 4848 factum,
1194 4798 1284 4833 nec
1306 4793 1563 4836 creatum.
1596 4775 1700 4846 Qui
1724 4775 1788 4835 ex
1816 4782 1926 4833 Pa-

352 4852 447 4920 tris
471 4852 771 4903 substantia
800 4851 865 4902 ab
897 4863 1088 4920 (eterna
1110 4851 1298 4911 eluxit.
1337 4867 1501 4920 neque
1536 4851 1601 4904 ab
1633 4855 1927 4905 extrinseco

351 4918 612 4972 ullatenus
643 4920 869 4985 irrepsit.
936 4918 1060 4973 Non
1101 4918 1507 4986 snpposititium,
1573 4932 1662 4974 aut
1708 4920 1929 4974 nothum

352 4990 517 5059 ﬁlium
542 5029 558 5051 ,
584 4991 701 5059 sed
743 4991 1022 5059 genuinum
1082 4991 1415 5058 splendorem
1466 4993 1681 5059 genuini
1723 4991 1925 5043 l’atris.

358 5056 636 5111 Invisibilis
673 5056 858 5128 forma:
887 5056 1240 5113 characterem
1270 5056 1548 5128 cujuslibet
1600 5062 1927 5115 discriminis

356 5138 625 5192 expertem.
658 5127 794 5181 Novi
844 5128 1109 5183 Christum
1174 5127 1373 5183 Filium
1432 5133 1528 5184 Dei
1565 5141 1612 5185 et
1636 5131 1817 5185 Patris
1865 5138 1923 5183 ut

357 5195 535 5251 Deum.
573 5196 714 5252 Novi
752 5198 1020 5254 Christum
1066 5202 1564 5255 consubstantialem
1603 5201 1926 5265 hominibus,

356 5282 599 5334 quatenus
632 5269 891 5322 hominem
919 5270 983 5322 de
1016 5272 1162 5324 ctelo.
1198 5269 1337 5325 Noui
1376 5271 1648 5325 Christum
1683 5270 1923 5324 invisibi-

353 5339 466 5401 lent,
487 5350 535 5391 et
564 5340 753 5411 visum.
777 5338 1211 5411 NociACItristutn
1240 5342 1623 5411 imangibilem,
1649 5352 1695 5395 et
1716 5339 1928 5411 Thema?

351 5424 507 5460 manu
535 5410 826 5487 palpatum.
886 5408 1028 5463 Nati
1079 5410 1345 5487 Christum
1376 5408 1525 5487 uerbo
1561 5411 1730 5487 millia
1757 5409 1930 5487 homi-

346 5494 471 5530 num
504 5481 835 5543 nutrientem,
856 5491 905 5533 et
931 5496 1085 5549 super
1108 5482 1301 5549 ﬂuctus
1323 5481 1710 5544 ambulantem,
1739 5489 1790 5533 et
1817 5484 1928 5534 dte-

342 5549 585 5602 montbus
639 5552 1041 5617 praecipientem,
1097 5560 1144 5603 et
1174 5560 1406 5604 mortuos
1458 5554 1816 5613 suscitantem,
1878 5558 1927 5603 et

343 5617 748 5689 innumerabilia
798 5621 1058 5673 miracula
1089 5629 1387 5689 patrantent
1426 5630 1678 5688 potestate
1702 5620 1928 5688 propriae

345 5688 577 5741 (citatis.
603 5687 739 5743 Noui
760 5689 1028 5745 Christum
1079 5687 1432 5754 esurientem,
1459 5702 1505 5742 et
1548 5687 1833 5752 sitientem,
1865 5705 1928 5742 ac

342 5766 538 5811 sudore
573 5772 867 5814 manantem
893 5762 948 5813 in
979 5770 1170 5813 natura
1207 5762 1569 5814 humanitatis.
1602 5758 1928 5814 NoviChri-

342 5836 482 5881 stum
504 5844 657 5883 carne
679 5839 970 5883 mortuum.
1002 5827 1139 5883 Novi
1185 5828 1451 5885 Christum
1490 5847 1541 5882 tn
1591 5847 1749 5883 carae
1780 5846 1926 5884 resu-

342 5898 609 5969 scitarint,
643 5900 879 5972 corporis
937 5902 1021 5956 sui
1050 5903 1299 5970 templum
1336 5901 1697 5957 suscitantem.
1749 5902 1925 5971 Agno-

2037 2016 2298 2070 proavum
2335 1999 2446 2069 (50)
2490 1999 2884 2063 Abrahamum.
2931 1997 3117 2051 Adhuc
3148 1998 3287 2051 enim
3329 1996 3482 2069 (3t),
3540 1998 3625 2052 iu-

2037 2092 2176 2162 quit,
2202 2093 2257 2144 in
2284 2090 2471 2143 lumbis
2502 2090 2670 2158 patris
2704 2097 2815 2143 e‘rat
2856 2088 2992 2159 (ipse
3020 2088 3151 2144 Levi
3175 2089 3385 2143 scilicet
3424 2104 3624 2159 prone-

2035 2197 2135 2253 pos
2161 2181 2479 2247 Abrahami,
2518 2195 2587 2235 ex
2613 2195 2721 2250 quo
2762 2182 3026 2249 repetitur
3059 2196 3146 2245 ea,
3168 2196 3287 2249 (tum
3314 2182 3366 2234 iu
3398 2180 3627 2234 Domino

2037 2274 2107 2328 ob
2158 2274 2374 2342 generis
2419 2271 2683 2339 originem
2734 2270 3078 2324 considerata
3135 2281 3220 2325 est
3269 2269 3624 2341 deeimatio),

2036 2367 2248 2436 quando
2271 2364 2495 2418 obviavit
2519 2364 2566 2417 ei
2596 2364 2813 2434 (nempe
2837 2363 3169 2430 Abraltamo)
3192 2362 3623 2418 Melchisedecus.

2038 2457 2177 2523 Quid
2203 2472 2333 2526 ergo
2378 2456 2479 2511 sibi
2503 2457 2620 2509 vult
2665 2457 2779 2510 tunc
2815 2471 3005 2511 eorum
3049 2455 3469 2526 vaniloquentia,
3515 2442 3627 2512 imo

2040 2549 2388 2604 absurditas?
2441 2548 2551 2602 lloc
2602 2549 2747 2603 enim
2792 2547 2960 2617 probe
3008 2548 3273 2617 iutellige.
3309 2547 3628 2617 Quicunque

2041 2642 2253 2695 initium
2297 2642 2482 2697 dicere
2528 2641 2824 2706 voluerint,
2870 2641 3035 2695 tinem
3081 2641 3243 2696 etiam
3274 2642 3624 2706 conﬁtentur,

2038 2741 2095 2788 et
2127 2733 2255 2787 dum
2287 2731 2590 2803 genituram
2629 2732 3013 2802 temporariam
3047 2732 3360 2797 admittunt,
3393 2741 3625 2787 mortem

2040 2838 2258 2893 quoque
2318 2839 2381 2877 ex
2445 2838 2510 2877 ea
2569 2824 2870 2877 derivatam
2916 2833 3241 2892 agnoscunt,
3293 2834 3349 2878 et
3389 2824 3518 2878 dum
3558 2839 3627 2878 ex

2040 2913 2231 2976 nihilo,
2268 2921 2361 2967 aut
2404 2926 2437 2967 e
2470 2914 2775 2968 substantia
2825 2913 3023 2967 divina:
3065 2913 3316 2968 dissimili
3363 2914 3475 2984 (32)
3526 2929 3627 2983 pu-

2040 3011 2157 3055 tant
2209 3001 2413 3056 factum
2460 3016 2620 3067 esse,
2672 3001 2954 3057 mortalem
2999 3002 3181 3069 simul,
3226 3015 3280 3058 et
3331 3004 3566 3058 alienum
3595 3018 3627 3057 ι

2039 3103 2282 3163 paterna:
2312 3092 2530 3147 deitatis
2585 3094 2972 3147 communione
3021 3094 3393 3162 pronuntiant.
3438 3094 3492 3147 td
3526 3108 3627 3147 au-

2043 3193 2150 3239 tem
2173 3182 2256 3238 vel
2284 3183 2466 3238 dicere
2511 3182 2796 3246 duntaxat,
2835 3184 3035 3239 nedum
3068 3186 3304 3255 Opinari,
3342 3184 3490 3238 omni
3517 3185 3625 3238 im-

2041 3276 2243 3344 pietate
2275 3275 2431 3345 plena
2476 3289 2564 3329 res
2604 3285 2712 3330 est.
2753 3274 2859 3329 Sed
2889 3286 3078 3329 contra
3114 3277 3241 3331 illud
3272 3275 3521 3343 Joannis,
3560 3274 3627 3329 In

2037 3367 2302 3436 principio
2324 3376 2437 3419 erat
2474 3363 2721 3431 Verbum,
2751 3380 2940 3420 eorum
2964 3366 3109 3422 vires
3137 3366 3477 3437 potissimum
3502 3382 3606 3423 con

2036 3469 2339 3517 Vertuntur.
2377 3457 2453 3513 De
2491 3468 2744 3513 creatura
2773 3461 2961 3523 etiam,
2994 3459 3267 3528 inquiunt,
3310 3459 3510 3528 scripta
3544 3469 3629 3513 est

2035 3546 2270 3622 νυχ,ἦν,
2290 3552 2341 3604 id
2370 3561 2473 3616 est,
2500 3561 2635 3606 erat.
2659 3551 2913 3621 Legimus
2934 3552 3078 3606 enim
3108 3571 3122 3606 :
3150 3550 3215 3604 In
3230 3552 3490 3620 principio
3512 3550 3625 3624 (33)

2036 3644 2163 3713 fecit
2195 3641 2337 3697 Deus
2369 3643 2576 3709 caelum,
2609 3653 2657 3696 et
2685 3654 2879 3697 terram
2909 3660 2927 3697 :
2961 3654 3101 3697 terra
3133 3654 3308 3697 autem
3345 3654 3457 3699 erat
3492 3644 3629 3698 invi-

2034 3734 2225 3797 sibilis,
2260 3743 2309 3787 et
2341 3734 2708 3803 incomposita.
2745 3735 2808 3787 Et
2837 3752 2850 3788 :
2887 3735 3019 3787 Erat
3065 3735 3177 3806 (3i)
3206 3736 3360 3790 homo
3385 3752 3449 3790 ex
3478 3734 3627 3788 Har-

2033 3883 2122 3921 sco
2153 3867 2383 3920 duarum
2411 3867 2524 3934 ejus
2562 3878 2875 3921 naturarum
2912 3869 3220 3923 discrimen.
3273 3866 3397 3922 Non
3446 3869 3627 3924 divido

2036 3954 2197 3989 unum
2229 3936 2427 3989 Filium
2458 3938 2512 3989 in
2539 3944 2670 3991 duos
2701 3939 2860 4006 ﬁlios.
2894 3937 3063 3992 Credo
3093 3940 3248 3993 etiam
3270 3944 3325 3993 in
3370 3937 3625 4005 Spiritum

2032 4019 2294 4078 sanctum,
2358 4006 2619 4075 Spiritum
2659 4010 2915 4072 veritatis,
2962 4027 2992 4061 a
3031 4010 3189 4062 Patre
3238 4012 3623 4078 procedentem,

2037 4075 2313 4130 Trinitatis
2340 4078 2792 4147 complementum.
2849 4078 2915 4132 In
2946 4080 3058 4146 ipso
3104 4075 3257 4144 spero
3281 4095 3450 4132 meum
3482 4097 3616 4133 san-

2034 4147 2425 4227 ctificationem.
2460 4146 2546 4202 ila
2571 4148 2682 4215 ipso
2710 4165 2860 4216 spero
2910 4153 3339 4203 resurrectionem
3372 4164 3437 4202 ea:
3478 4165 3624 4202 mor-

2034 4228 2157 4269 ιηιδ.

2106 4286 2219 4357 (26)
2248 4286 2373 4342 Sine
2411 4286 2593 4341 Patre.
2625 4285 2788 4340 Hebr.
2821 4302 2918 4349 νη,
2960 4289 3013 4349 3,
3039 4289 3126 4340 ubi
3153 4289 3386 4355 aliquas,
3426 4286 3622 4344 nullius

2036 4365 2217 4411 tatneu
2255 4358 2535 4421 momenti,
2569 4359 2857 4409 varietates
2899 4359 3060 4410 liabet
3088 4359 3274 4412 Graeca
3307 4358 3491 4412 editio.

2106 4426 2218 4497 (27)
2251 4429 2401 4495 Apud
2432 4428 2594 4497 ipsas.
2629 4425 2782 4480 Malit
2831 4426 3059 4481 fortasse
3091 4430 3212 4495 quis
3264 4442 3382 4496 pro,
3424 4429 3483 4482 ἐν
3519 4430 3624 4481 αύ-

2032 4499 2167 4561 τοῖς,
2192 4496 2403 4565 uetnpe,
2434 4499 2488 4548 in
2515 4496 2707 4560 Israel,
2736 4498 2937 4564 legere,
2972 4498 3031 4550 ὲν
3070 4498 3282 4562 αὐταῖς.

2106 4567 2219 4637 (28)
2252 4567 2559 4621 Intuemini.
2611 4566 2781 4637 Hebr.
2805 4582 2900 4629 vn,
2925 4566 2977 4632 4,
3043 4568 3130 4620 ubi
3164 4568 3351 4622 Graeca
3404 4568 3572 4621 editio
3605 4586 3618 4599 ·

2032 4638 2288 4710 Θεωρεῖτε
2412 4637 2645 4710 δεκάτην
2696 4636 2949 4708 Ἀϐραὰμ
2990 4636 3190 4690 ἔδωκεν
3238 4640 3302 4691 ἐκ
3324 4638 3431 4692 τῶν
3457 4639 3625 4710 ἀκρο-

2034 4709 2219 4762 θινίων
2252 4711 2286 4779 ῥᾼ
2308 4709 2677 4779 πατριάρχης.

2104 4779 2216 4848 (‘29)
2244 4777 2306 4848 [fit
2340 4790 2392 4830 ut
2427 4777 2530 4830 ita;
2559 4778 2722 4832 Hebr.
2763 4793 2856 4841 vn,
2893 4778 2945 4834 9.

2105 4845 2220 4931 (3U)
2249 4845 2351 4901 Per
2376 4864 2651 4917 proavum.
2700 4850 2890 4917 Aptius
2919 4849 3259 4931 vocabulum,
3296 4864 3403 4931 quo
3435 4865 3620 4905 vocem

2030 4919 2356 4992 προπάτορα
2394 4931 2679 4981 verterem,
2738 4935 2841 4971 non
2882 4923 3140 4975 occurrit.
3193 4919 3458 4974 Nimirum
3516 4937 3623 4974 non

2031 5006 2211 5053 avum,
2252 5006 2357 5041 non
2403 5003 2687 5057 proavum,
2734 5004 2840 5060 non
2892 4992 3291 5060 progenitorem
3354 4993 3621 5045 duntaxat

2029 5060 2201 5132 hocin
2232 5060 2352 5132 loco
2379 5069 2560 5132 sonat,
2615 5060 2709 5112 sed
2739 5059 3012 5132 άρχηγὺν
3041 5060 3253 5129 γένους,
3283 5062 3619 5132 ἀρχηγέτην,

2033 5131 2191 5203 ῥίζαν
2239 5127 2335 5181 τοῦ
2364 5128 2594 5210 ⁴γένούς,
2622 5127 2929 5210 πηγὴντοῦ
2956 5127 3168 5210 γένους,
3197 5135 3252 5210 id
3285 5127 3390 5196 est,
3417 5127 3622 5210 aucto-

2034 5201 2146 5253 retti
2193 5201 2427 5271 generis,
2463 5201 2762 5271 principem
2817 5207 3055 5271 generis,
3111 5204 3346 5257 radicem
3384 5202 3620 5271 generis,

2029 5270 2297 5341 prosapiae
2328 5268 2531 5341 fontem
2581 5287 2597 5323 :
2646 5268 2958 5341 ’cujusinodi
3013 5268 3132 5329 erat
3170 5268 3516 5327 Abrabainus
3553 5272 3622 5325 ad

2028 5340 2303 5395 Christum
2335 5340 2555 5394 relatus.

2103 5409 2216 5479 (51)
2243 5409 2425 5463 Adhuc
2450 5410 2613 5463 enim.
2655 5409 2820 5466 Hebr.
2851 5427 2950 5478 vn,
2980 5412 3066 5471 10.

2102 5480 2216 5549 (32)
2255 5480 2533 5535 Dissimili.
2580 5482 2933 5549 Exucontios,
2975 5487 3091 5539 sive
3115 5484 3351 5539 Arisnos
3381 5489 3437 5537 et
3468 5480 3619 5536 Ano-

2031 5566 2206 5605 muaos
2231 5551 2501 5621 intelligit,
2537 5563 2595 5605 ut
2622 5560 2789 5620 patet.

2100 5621 2213 5688 (33)
2243 5619 2310 5691 in
2331 5619 2775 5691 principio.’Geu.
2810 5639 2850 5689 ι,
2888 5623 2938 5677 1.

2104 5690 2399 5763 (34)_Erat.
2432 5690 2551 5748 [ιώ.
2579 5692 2598 5745 ι
2632 5692 2764 5763 Reg.
2806 5710 2848 5757 ι,
2885 5697 2936 5759 1,
2979 5694 3069 5750 ubi
3101 5693 3287 5749 Grteca
3324 5692 3491 5753 editio
3525 5708 3622 5747 vo-

2033 5757 2173 5834 cem,
2200 5757 2302 5834 ἦν,
2328 5777 2604 5834 nuncnou
2639 5757 2799 5834 habet
2832 5782 2847 5819 :
2880 5757 2960 5819 sic
2999 5767 3153 5834 enim_
3183 5767 3232 5816 in
3270 5777 3332 5817 ea
3368 5763 3615 5834 legitur;

2030 5832 2143 5906 ξςαι
2164 5829 2384 5906 ἐγένετο
2404 5831 2691 5906 ᾅνθρωπος
2741 5829 2821 5897 εἷς
2847 5835 2905 5899 ἐξ
2948 5831 3270 5906 (Ἄρμαθαῒμ
3294 5829 3468 5906 Σιφᾶ,
3511 5831 3617 5905 vel,

2028 5901 2088 5967 ἐξ
2130 5901 2483 5973 Ἀραμαθαῖμ
2510 5901 2713 5973 Σοφίμ,
2735 5907 2888 5974 juxta
2920 5901 3190 5975 Complut.
3220 5901 3532 5962 editionem.
