4004 6460
279 409 382 478 ῑὶῖι
1483 436 1570 491 ΒΕ
1609 434 1989 491 TRINITATE
2023 433 2233 489 LIBER
2269 430 2543 488 PRIMUS.
3537 418 3645 479 59.6

307 542 756 630 Ἰερουσαλὴμ
790 565 899 629 εις
922 560 1131 631 μέσον
1152 558 1264 611 τῶν
1286 554 1474 610 ἐθνῶν
1493 554 1722 608 τέθεικα
1743 551 1956 620 aberit"

2067 552 2176 625 3E.
2202 551 2420 622 quidem
2450 562 2549 605 sua
2598 544 2940 617 praescientia
2990 551 3117 598 ante
3148 540 3346 597 saecula
3385 551 3649 611 operatus

321 643 408 699 tui.
434 645 504 700 tu
540 658 655 721 ptfq'
678 652 937 723 ψαλμῷ*
976 654 1084 715 Εἰς
1109 651 1209 703 τὸν
1237 648 1440 710 alium.
1468 647 1646 716 Κύριε
1663 685 1678 709 ,
1713 647 1745 698 d
1776 646 1960 713 λόγος

2067 655 2143 702 est
2162 644 2391 700 salutem
2422 641 2578 697 nobis
2616 641 2668 694 in
2702 637 3075 694 incarnatione
3104 635 3273 691 Filius
3313 655 3325 689 :
3353 650 3413 689 re
3448 645 3630 690 autem

344 757 451 800 σου
484 741 768 813 διαμένει
796 745 876 797 ἐν
898 741 991 808 τῷ
1007 739 1250 811 οὐρανῷ.
1283 741 1389 793 Καὶ
1415 738 1577 801 αὐτὸς
1615 737 1744 807 περὶ
1767 733 1960 788 ἑαυτοῦ

2067 736 2207 805 ipsa,
2246 732 2465 803 quando
2486 743 2709 801 propter
2747 744 2899 784 suam
2938 727 3235 782 bonitatem
3273 724 3385 789 ille,
3417 725 3509 794 qui
3541 723 3649 780 im-

362 841 391 894 ὺ
414 838 697 908 Δεσπότης
729 838 1050 908 αἱρετικοῖς
1073 851 1173 888 που
1202 833 1417 895 πάντως
1454 830 1761 884 ἀποκλείων
1789 824 1960 881 εἶπενο

2067 825 2335 897 passibilis
2358 833 2464 888 est,
2497 837 2597 892 pro
2620 822 2772 875 nobis
2798 820 2879 875 sic
2910 833 3099 888 passus
3122 826 3225 881 est,
3256 828 3313 869 ut
3340 816 3454 885 ipse
3477 816 3645 881 novit,

379 926 566 997 Ἀμὴν
596 906 766 997 ἀμὴν·
788 906 953 995 ,λέγω
994 941 1113 978 σοι’
1155 923 1268 992 πρὸ
1318 922 1424 976 τοῦ
1458 922 1601 987 τοὺς
1622 919 1845 985 αἰῶνας
1871 934 1960 987 γε-

2067 926 2117 971 et
2147 915 2334 980 voluit,
2363 925 2419 969 et
2448 928 2620 982 usque
2654 913 2720 965 ad
2751 927 2846 966 cor
2876 920 3033 963 terra:
3074 906 3210 979 (41),
3243 916 3299 961 ιιι
3324 907 3403 962 sic
3426 907 3641 975 loquar,

376 1019 608 1085 réo'liat,
647 1016 761 1087 ἐγώ
792 1019 934 1086 ειμι.

2067 1006 2232 1061 venit.
2267 1005 2386 1071 Quo
2419 1019 2578 1058 sensu
2621 1002 2870 1057 Ezechiel
2907 1014 3122 1069 quoque
3166 998 3452 1067 prophetat
3490 1000 3639 1051 hisce

384 1110 557 1164 verbis
604 1126 620 1162 :
667 1107 850 1174 Ipsam
897 1105 1015 1175 (42)
1063 1104 1360 1160 Jerusalem
1408 1104 1462 1156 in
1506 1104 1676 1156 medio
1732 1101 1962 1171 gentium
1995 1099 2148 1166 posui
2184 1114 2320 1151 eam.
2361 1097 2425 1150 Et
2476 1097 2528 1149 in
2574 1110 2738 1150 csvttt
2787 1099 2997 1163 psalmo
3042 1111 3056 1146 :
3108 1091 3174 1145 Ia
3208 1101 3461 1145 atternum
3509 1092 3644 1162 (45),

393 1198 627 1261 Domine,
661 1198 889 1253 Verbum
914 1208 1061 1251 tuum
1107 1206 1371 1266 permanet
1408 1195 1460 1248 in
1495 1195 1641 1249 ccelo.
1694 1192 1756 1247 Et
1799 1192 1911 1260 ipse
1935 1191 2002 1244 de
2028 1204 2087 1245 se
2120 1191 2234 1259 ipso
2268 1188 2549 1250 Dominus,
2601 1187 2871 1241 haereticis
2906 1201 3004 1240 ora
3067 1184 3289 1239 omnino
3334 1183 3647 1249 obstructis,

388 1292 490 1363 35
536 1292 737 1345 alicubi
789 1291 865 1344 ait
899 1308 914 1345 :
943 1288 1109 1343 Amen
1148 1286 1259 1358 (44)
1289 1302 1440 1340 amen
1482 1286 1599 1338 dico
1633 1284 1725 1337 tibi
1765 1299 1779 1336 :
1812 1292 2090 1345 antequam
2133 1279 2328 1335 sa'cula
2376 1279 2582 1343 ﬁerent,
2618 1294 2710 1347 ego
2754 1294 2891 1331 sicut.

450 1388 591 1459 Περὶ
629 1387 687 1439 δὲ
740 1386 834 1440 τοῦ
892 1385 1221 1440 καθεστάναι
1268 1383 1485 1437 πάντων
1539 1378 1847 1450 ἀσωμάτων
1900 1393 1960 1428 τε

2143 1375 2295 1442 Quod
2325 1384 2502 1429 autem
2535 1372 2705 1427 Filius
2750 1388 2854 1427 non
2904 1372 3171 1440 minister,
3228 1382 3325 1428 aut
3371 1373 3643 1427 mediator

382 1481 479 1535 καὶ
544 1476 928 1550 σωματοειδῶν
982 1475 1335 1548 δημιουργὸν,
1394 1473 1513 1543 οὐχὶ
1567 1471 1623 1523 δὲ
1692 1467 1960 1540 ὑπουργὸν

2071 1468 2165 1531 sit,
2196 1468 2290 1521 sed
2339 1467 2580 1520 omnium
2624 1480 2747 1520 cum
2802 1464 3271 1532 incorporearum,
3307 1474 3420 1519 tum
3460 1479 3652 1533 corpo-

379 1572 416 1643 ἢ
484 1569 739 1642 μεσίτην,
795 1569 854 1622 ὲν
900 1566 1080 1637 ταυτῷ
1125 1566 1182 1619 δὲ
1232 1564 1327 1618 καὶ
1366 1564 1621 1635 ἄναρχον·
1671 1560 1804 1631 πρὸς
1845 1562 1960 1622 ταῖς

2070 1574 2287 1613 reorum
2351 1571 2533 1613 rerum
2588 1556 2836 1613 conditor
2868 1596 2884 1622 ,
2949 1558 3222 1628 simulque
3281 1561 3446 1613 etiam
3494 1567 3652 1612 aeter-

380 1659 486 1731 seq
545 1656 968 1728 παρατεθείσαις
1020 1653 1349 1727 μαρτυρίαις
1392 1654 1488 1706 καὶ
1532 1649 1694 1704 Δαυῒδ
1739 1650 1795 1701 ὲν
1859 1653 1960 1719 ριγ¹

2070 1666 2196 1714 nus,
2245 1660 2440 1720 praeter
2490 1649 2604 1715 illa,
2644 1663 2766 1718 quas
2817 1649 2977 1703 allata
3044 1659 3193 1715 sunt,
3246 1649 3502 1720 capitula,
3553 1647 3654 1702 Da-

380 1750 584 1821 ψαλμῷ
637 1749 772 1821 ᾅδειο
821 1748 877 1800 '0
929 1747 1073 1813 Θεὸς
1114 1746 1283 1817 ἡμῶν
1330 1747 1401 1801 ἐν
1454 1744 1534 1811 τῷ
1579 1742 1813 1813 οὐρανῷ
1869 1742 1960 1796 xal

2067 1743 2151 1796 vid
2208 1756 2424 1811 quoque
2475 1741 2785 1797 testimonio
2850 1755 2949 1797 suo
3008 1740 3295 1796 conﬁrmat
3350 1759 3366 1795 :
3427 1755 3549 1794 nam
3596 1741 3648 1795 in

389 1842 463 1895 ἐν
492 1839 570 1909 τῇ
598 1839 698 1910 ni,
756 1837 954 1892 πάντα
1007 1837 1125 1892 ὅσα
1152 1836 1458 1905 ἠθέλησεν
1501 1836 1811 1903 ἐποίησεν.
1854 1833 1960 1887 Οὐκ

2067 1847 2193 1889 csttt
2240 1830 2446 1901 psalmo
2475 1831 2673 1886 canit:
2720 1830 2858 1885 Deus
2910 1831 3028 1901 (45)
3083 1841 3261 1885 noster
3315 1830 3371 1885 in
3396 1829 3548 1892 creto,
3598 1838 3650 1884 et

382 1929 562 1998 simu,
620 1932 759 1984 Ὅσα
799 1929 1105 2001 ἐπετράπη.
1155 1929 1252 1992 Τίς
1298 1922 1391 1982 οὖν
1451 1927 1842 1999 καταρνήσαιτ⁹
1875 1924 1960 1989 ἂν,

2067 1924 2122 1975 in
2160 1933 2299 1977 terra
2338 1922 2516 1976 omnia
2553 1937 2877 1992 quacunque
2920 1922 3102 1988 voluit,
3153 1922 3294 1991 fecit.
3351 1920 3467 1976 Non
3523 1922 3600 1977 ait
3632 1940 3647 1976 :

381 2024 489 2095 τῆς
534 2021 875 2089 αὑτεξουσὶου
912 2022 1007 2076 καὶ
1061 2016 1445 2084 παντεξουσίου
1501 2017 1727 2090 μονάδος
1777 2014 1960 2080 οὐσίας

2075 2016 2410 2084 Quwcurtque
2457 2014 2560 2079 ipsi
2626 2016 2874 2068 mandata
2913 2022 3053 2068 sunt.
3111 2014 3243 2069 Eum
3310 2029 3461 2084 ergo,
3497 2013 3651 2083 cujus

381 2178 834 2249 Paralipomenon
869 2193 883 2207 ·
914 2175 1167 2252 Regnaoit
1192 2173 1426 2252 _Athalia
1458 2188 1616 2252 super
1643 2180 1855 2252 terram,
1906 2178 1963 2252 et

386 2253 538 2306 alibi.
571 2241 759 2317 itaque
787 2257 846 2301 nt
878 2261 955 2317 ει(
976 2241 1207 2317 theologi
1249 2245 1414 2298 nostri
1453 2243 1633 2317 verbis
1673 2241 1796 2317 jure
1840 2241 1963 2306 quis

384 2322 641 2389 colligere
671 2312 869 2385 posset,
892 2315 1237 2389 __Go|gothsm
1266 2326 1501 2389 montem
1539 2312 1618 2389 iu_
1640 2312 1816 2365 medio
1856 2322 1962 2363 ter-

393 2382 552 2446 restFi
622 2382 777 2457 globo
825 2382 1098 2447 collocari,
1146 2385 1534 2457 ostendendum
1594 2382 1962 2457 io_re_t,__terra:

391 2460 611 2514 nomine
625 2451 858 2527 'glohum
902 2455 1313 2527 terrestrgmuab
1348 2454 1463 2521 ipso
1491 2452 1738 2521 intelligi.
1765 2451 1959 2504 Verum

389 2531 443 2583 id
475 2525 910 2596 neque'ostcndit
933 2525 1146 2596 articuli
1176 2525 1316 2577 illius
1342 2534 1550 2596 auctor,
1583 2537 1755 2596 neque
1786 2531 1963 2596 osten-

391 2591 697 2660 sums'est,
738 2606 795 2650 ut
841 2605 991 2665 puto.
1048 2595 1300 2665 Didymus
1349 2594 1494 2647 enim
1546 2593 1749 2665 psalmi
1786 2591 1961 2665 locum

390 2670 688 2737 explicans.
737 2661 866 2719 nihil
904 2661 1347 2737 alljrignattaliud,
1403 2661 1563 2737 quani
1608 2662 1784 2737 verbis
1833 2661 1961 2737 illis,

391 2731 669 2791 in'medio
713 2747 886 2800 terrce,
950 2733 1271 2801 Golgotham
1335 2734 1582 2795 indicari,
1639 2731 1960 2800 Golgotham

393 2824 526 2860 ιρι-ο
578 2823 748 2875 ιρειιιιι
784 2822 813 2858 a
845 2805 1265 2875 Psalinographo
1314 2804 1492 2857 voeari
1537 2803 1707 2875 locum
1738 2802 1806 2875 in
1853 2802 1963 2863 ipso

390 2878 564 2929 medio
597 2872 793 2937 situm,
828 2892 890 2929 ac
941 2872 1101 2928 veluti
1140 2883 1372 2927 centrum
1418 2884 1591 2926 terra’.
1651 2872 1787 2936 Quid
1835 2886 1962 2922 vero

390 2957 548 3000 terra:
573 2948 787 2999 nomine
830 2961 858 2998 θ
892 2944 1092 2997 Davide
1148 2943 1497 3013 intelligatur,
1532 2954 1746 2995 totusue
1788 2950 1963 3013 terra-

392 3031 511 3068 rnm
540 3016 705 3076 orbis,
747 3032 813 3067 an
853 3014 1053 3083 aliquid
1083 3014 1251 3077 aliud,
1284 3012 1387 3083 non
1436 3014 1645 3065 statuit.
1693 3012 1798 3063 Sed
1839 3026 1960 3083 cum

391 3100 623 3139 censore
667 3081 957 3138 liberaliter
999 3099 1237 3151 agamus.
1280 3082 1598 3151 Golgotham
1642 3094 1874 3133 montem
1909 3081 1962 3131 in

393 3157 573 3209 medio
596 3165 858 3208 terrarum
888 3154 1019 3207 orbe
1049 3154 1208 3204 situm
1229 3153 1427 3206 dixerit
1457 3152 1733 3220 theologus
1758 3160 1958 3203 noster.

397 3221 646 3293 Runquid
692 3225 946 3293 continuo
1002 3222 1084 3275 vel
1138 3223 1250 3289 ipsa
1311 3221 1965 3293 geugraphia:elementa

403 3291 706 3363 ignorarit?
737 3292 792 3345 Si
829 3294 903 3347 ita
933 3307 991 3347 se
1023 3307 1105 3345 res
1133 3293 1313 3363 habet,
1341 3308 1501 3363 quiam
1538 3291 1719 3363 multis
1750 3305 1812 3343 ea
1846 3299 1965 3341 uola

401 3360 751 3433 scriptoribus
780 3362 1039 3417 inureuda
1064 3362 1202 3414 erit?
1224 3360 1371 3415 Nihil
1395 3362 1459 3415 de
1492 3360 1731 3433 profanis
1759 3362 1961 3433 theam,

404 3436 491 3503 qui
514 3430 778 3488 celebrem
811 3433 1163 3487 Phoceusium
1208 3433 1395 3485 urbem
1437 3433 1666 3498 Delphos
1703 3432 1754 3483 in
1789 3430 1964 3481 medio

406 3511 668 3550 terrarum
721 3505 854 3550 orbe
910 3504 1135 3550 positam
1201 3502 1336 3550 falso
1397 3510 1728 3550 censuerunt
1773 3518 1785 3550 :
1832 3498 1964 3550 ttiltil

406 3502 668 3557 terrarum
721 3505 854 3556 orbe
910 3504 1135 3569 positam
1200 3502 1336 3555 falso
1397 3510 1728 3569 censuerunt
1773 3518 1785 3552 :

402 3571 580 3641 itaque
623 3573 689 3627 de
729 3567 992 3641 Pindaro,
1041 3571 1223 3641 quiin
1259 3582 1412 3626 sexto
1463 3568 1775 3639 Pythiarum
1820 3567 1966 3621 εῖδει

400 3640 519 3696 eam
548 3653 701 3697 voca:
724 3640 966 3712 ὀμφαλὸν
997 3640 1231 3712 χθονόςζ
1232 3642 1282 3694 id
1320 3649 1404 3695 est
1434 3641 1737 3693 umbilicum
1759 3650 1963 3712 terrm;

402 3713 533 3766 nihil
559 3714 625 3767 de
646 3706 932 3780 Sophocle,
961 3706 1051 3780 qui
1077 3711 1127 3763 in
1152 3710 1359 3780 (Edin
1385 3721 1610 3779 tyranno
1638 3706 1965 3779 μεσόμφαλα

400 3783 522 3847 τᾶς,
568 3784 619 3836 id
664 3778 745 3836 est
797 3778 1025 3835 medium
1068 3791 1220 3834 terrea
1244 3779 1565 3843 umbilicum,
1608 3778 1748 3833 illam
1780 3780 1916 3831 dixit
1942 3778 1961 3831 :

399 3852 529 3904 nihil
559 3854 626 3904 de
652 3850 714 3905 T.
738 3850 912 3915 Livio,
942 3851 1031 3921 qui
1052 3850 1170 3921 ilib.
1199 3864 1405 3904 sxxvrtt
1431 3849 1685 3921 Manlium
1719 3849 1963 3921 inquien-

396 3930 505 3974 tetn
543 3921 746 3975 inducit
775 3939 790 3974 :
819 3918 994 3974 Etiam
1033 3920 1280 3987 Delphos.
1305 3962 1320 3977 .
1346 3958 1362 3973 .
1384 3959 1399 3974 .
1425 3961 1440 3976 .
1481 3920 1785 3973 umbilicum
1823 3918 1964 3971 orbis

391 3996 664 4043 terrarum
685 3989 825 4044 Galli
840 3991 1223 4058 spoliaverunt;
1254 3989 1385 4043 nihil
1420 3991 1635 4043 demum
1660 3991 1725 4043 de
1748 3987 1959 4053 Ovidio,

390 4060 490 4129 qui
524 4062 576 4114 in
612 4059 1120 4129 Melamorphosibus
1155 4061 1393 4129 cecinit:

1236 4128 1565 4197 Mediumque
1594 4138 1821 4184 tenentes

506 4195 662 4267 Orbis
702 4200 915 4252 humum
960 4196 1205 4267 Delphos.

474 4265 682 4322 ﬂorum
715 4272 927 4338 quidem
980 4265 1162 4337 opinio
1221 4267 1585 4339 superstitioni
1624 4269 1795 4339 magis
1836 4283 1967 4325 con-

397 4349 660 4392 sentanea
721 4348 844 4402 est,
895 4354 1057 4408 quam
1110 4338 1323 4408 veritati
1359 4352 1502 4390 ’Clllll
1563 4340 1613 4391 in
1658 4338 1967 4393 cadistau-

402 4410 501 4469 tia,
560 4422 680 4475 quat
746 4407 1235 4462 inter’Columnas
1292 4407 1570 4470 llerculis,
1632 4420 1723 4461 aut
1784 4410 1959 4463 loeum

400 4478 572 4539 illum,
608 4478 760 4549 cujus
803 4478 1154 4531 meridianum
1210 4475 1472 4549 circulum
1532 4479 1688 4546 quasi
1725 4481 1961 4549 prinmm

398 4549 579 4610 posuit
632 4548 962 4610 Ptolemaeus,
1027 4557 1078 4601 et
1127 4561 1221 4602 eos
1258 4547 1347 4615 qui
1410 4548 1476 4599 ad
1515 4547 1777 4602 orientem
1831 4550 1963 4605 lines

400 4630 558 4668 teme
601 4618 726 4669 olim
777 4618 1131 4678 habebuntur,
1190 4616 1510 4675 intercedit,
1572 4620 1803 4672 medium
1853 4621 1963 4673 cir-

398 4698 540 4739 crter
610 4687 782 4739 locum
850 4688 1034 4755 Delphi
1118 4704 1220 4741 noti
1303 4697 1549 4740 tettereut
1602 4709 1615 4741 :
1665 4691 1759 4743 sed
1828 4705 1957 4743 num

398 4756 1005 4836 proptereascriptores
1047 4756 1119 4810 illi
1159 4757 1313 4824 quasi
1353 4759 1705 4836 geographiae
1735 4774 1957 4836 prorsus

398 4825 575 4893 ignari
619 4825 843 4880 habendi
879 4825 1019 4887 sint,
1064 4841 1131 4880 an
1174 4840 1301 4880 vero
1341 4827 1435 4895 qui
1472 4825 1613 4881 banc
1659 4825 1750 4882 eis'
1783 4830 1957 4883 dicam

399 4895 695 4966 impingat,
738 4896 960 4965 perinde
990 4896 1463 4966 faceregvideatur
1487 4911 1553 4951 ac
1597 4898 1643 4951 si
1683 4899 1827 4966 quis,
1869 4898 1956 4952 ubi

400 4964 705 5035 quempiam
741 4964 1024 5020 idicentem
1071 4965 1384 5035 audiverit:
1430 4964 1576 5019 Velut
1624 4964 1761 5022 inter
1810 4974 1959 5021 orbes

401 5036 531 5088 luna
553 5034 795 5098 minores,
835 5035 979 5089 illico
1012 5035 1271 5091 exclamet
1304 5052 1320 5090 :
1350 5034 1404 5088 ll
1426 5038 1427 5041 “
1449 5036 1535 5089 n‘a
1562 5052 1657 5101 pas
1690 5039 1853 5092 méme
1884 5040 1957 5091 les

400 5106 642 5159 aea-au.
687 5106 752 5159 de
784 5103 1164 5171 l‘astronomie,
1198 5105 1287 5159 alii
1338 5106 1590 5161 viderint.
1638 5106 1791 5174 Quod
1833 5123 1960 5162 vero

404 5186 603 5241 spectat
629 5176 696 5228 ad
726 5176 1025 5243 theologum
1057 5186 1320 5241 nostrum,
1362 5175 1407 5230 si
1439 5176 1524 5229 vel
1556 5177 1793 5245 ipsorum
1827 5193 1958 5245 geo-

405 5247 635 5312 graphia
684 5246 1073 5299 elementorum
1128 5248 1345 5315 ignarus
1398 5247 1597 5315 merito
1638 5250 1953 5310 haberetur,

406 5318 616 5380 ignarus
662 5318 851 5369 eadem
894 5320 960 5369 de
994 5313 1169 5369 causa
1199 5313 1479 5369 habendus
1522 5328 1669 5371 esset
1700 5316 1956 5381 Irenaaus,

403 5400 492 5453 qui
523 5385 789 5439 Ecclesiae.
836 5384 887 5436 iu
942 5384 1221 5438 Palwsttua
1267 5387 1593 5441 constitutas
1637 5398 1816 5448 Vocat,
1856 5387 1959 5450 τὰς

394 5455 535 5509 κατὰ
562 5455 704 5527 μέσα
719 5454 815 5508 τοῦ
842 5454 1068 5527 κῤ-σμου,
1095 5456 1147 5509 id
1173 5464 1274 5519 est,
1308 5456 1376 5508 ad
1402 5458 1582 5527 mundi
1609 5457 1959 5510 meditullium

390 5526 522 5581 sitas
552 5523 822 5596 figuarus
878 5523 1268 5594 Hieronymus,
1325 5525 1415 5593 qui
1466 5540 1584 5579 eam
1645 5527 1956 5595 opinionem

391 5598 694 5652 rationibus
745 5610 830 5666 ex_
854 5596 1176 5666 geugrapnia
1237 5597 1418 5666 petitis
1469 5596 1711 5650 defendit
1743 5616 1756 5651 :
1788 5598 1958 5666 ignari

392 5681 498 5721 uno
523 5671 688 5723 verbo
732 5666 769 5719 ii
805 5664 1030 5727 Patres,
1070 5665 1160 5734 qui
1211 5680 1332 5719 cum
1365 5664 1662 5721 Jerusalem
1711 5670 1780 5721 ab
1812 5664 1959 5722 Eze-

385 5738 551 5794 chiele
588 5750 643 5793 et
676 5734 1143 5807 umbilicusterra:
1178 5737 1318 5789 dictu
1345 5740 1436 5799 sit,
1464 5748 1518 5790 et
1550 5738 1602 5790 in
1641 5738 1811 5807 medio
1837 5753 1961 5807 gen-

384 5811 507 5864 tium
536 5812 612 5866 ita
647 5806 859 5880 posita,
886 5806 1019 5857 utin
1054 5807 1271 5880 circuitu
1298 5818 1461 5860 terras
1487 5809 1699 5871 habeat,
1720 5824 1747 5880 a
1779 5806 1961 5861 Ps‘alte

375 5895 547 5939 autent
572 5886 631 5937 in
647 5876 847 5935 'medio
872 5885 1024 5927 terra:
1057 5876 1394 5939 exhibentur,
1420 5887 1573 5930 terra:
1603 5879 1819 5930 nomine
1854 5894 1958 5930 non

367 5954 633 6021 Judaattn,
663 5957 728 6006 ut
746 5946 1150 6013 Joscphus,sed
1177 5948 1447 6013 mundum,
1481 5948 1533 6004 id
1554 5958 1658 6013 est,
1694 5958 1958 6002 terrarum

2069 2168 2255 2224 orbem
2297 2169 2695 2225 intellexerunt.
2754 2170 2891 2237 Quid
2928 2170 3115 2238 plura?
3154 2170 3373 2236 Ignarus
3408 2170 3650 2226 elemen-

2072 2250 2250 2311 torum
2323 2243 2662 2311 geographiae
2709 2243 2814 2295 erit
2869 2257 3093 2308 magnus
3142 2243 3240 2311 ille
3309 2244 3649 2311 geographus

2071 2309 2494 2379 Christopborus
2520 2312 2802 2376 Cellarius,
2837 2314 2949 2379 qui,
2985 2309 3463 2382 cuiuJerosolyuia
3491 2309 3650 2366 sexa-

2071 2381 2217 2451 ginta
2255 2383 2474 2451 circiter
2508 2382 2762 2449 gradibus
2794 2383 2957 2436 distet
2988 2384 3051 2434 ab
3085 2381 3350 2450 llispania
3376 2382 3644 2445 ulteriori,

2071 2450 2135 2503 ac
2182 2450 2400 2503 totidem
2449 2466 2478 2503 a
2515 2452 2697 2517 Gange
2739 2451 2917 2508 lluvio.
2971 2452 3150 2519 itaque
3198 2453 3370 2506 media
3430 2454 3651 2506 circiter

2070 2521 2211 2573 nolis
2244 2530 2367 2574 tunc
2392 2530 2546 2574 terra:
2581 2524 2772 2574 linibus
2804 2522 3150 2588 interjuceat.
3197 2524 3401 2576 idcirco
3448 2538 3551 2575 non
3592 2531 3648 2575 ut

2062 2590 2218 2661 anilis
2262 2591 2443 2659 fabula
2490 2591 2735 2661 (inquit)
2785 2594 3003 2644 ridenda
3038 2602 3115 2644 est
3148 2593 3239 2645 illa
3272 2594 3503 2660 antiqua:
3544 2591 3650 2644 Ec-

2061 2660 2234 2713 clesia:
2269 2660 2468 2725 opinio,
2502 2660 2561 2732 in
2601 2663 2768 2714 medio
2809 2665 3002 2714 mundo
3045 2663 3219 2714 urbem
3264 2660 3650 2732 Hierosolymi-

2062 2741 2241 2783 tanam
2286 2733 2444 2783 sitam
2488 2731 2673 2800 fuisse,
2721 2744 2765 2785 et
2800 2734 2855 2784 in
2899 2733 3077 2784 cadent
3119 2732 3397 2785 medietate
3443 2731 3648 2795 natum,

2069 2800 2325 2868 supplicio
2354 2801 2619 2865 a/fectum.
2650 2819 2680 2853 a
2710 2812 2873 2854 morte
2893 2803 3175 2855 excitatum
3204 2802 3420 2855 hnntani
3447 2804 3649 2871 generis

2070 2884 2421 2933 reparatorcm
2448 2888 2465 2924 :
2499 2873 2689 2924 scilicet
2722 2884 2773 2922 ut
2804 2874 3041 2925 omnibus
3075 2882 3271 2941 pateret
3298 2882 3447 2923 tanta
3481 2871 3644 2938 salus,

2066 2954 2114 2992 et
2155 2956 2219 2991 ex
2251 2957 2398 3008 a'quo
2443 2942 2752 2994 annuntiari
2792 2942 3030 2994 omnibus
3074 2942 3433 3010 applicarique
3468 2943 3649 2996 divina

2071 3010 2321 3077 beneﬁcia
2361 3021 2585 3074 possent.
2626 3011 2699 3064 lla
2743 3012 3033 3074 Ccllarius,
3081 3012 3179 3065 etsi
3220 3013 3379 3064 homo
3428 3011 3647 3065 hetero-

2072 3081 2265 3131 iloxus.
2324 3082 2386 3132 At
2436 3096 2628 3134 censor
2677 3082 2842 3134 inulto
2890 3082 3093 3134 aliter:
3130 3080 3177 3132 ll
3227 3080 3310 3132 n‘a
3356 3097 3451 3147 pas
3483 3081 3649 3136 triente

2071 3148 2143 3218 les
2198 3151 2444 3203 éléments
2494 3154 2558 3202 de
2612 3152 2663 3202 la
2725 3152 3034 3218 geographia
3067 3167 3086 3205 :
3122 3150 3160 3203 il
3211 3150 3358 3215 place
3402 3150 3450 3202 le
3503 3162 3646 3206 mont

2072 3217 2329 3287 Golgotha
2370 3237 2439 3272 au
2466 3220 2641 3274 milieu
2683 3217 2756 3272 du
2784 3217 2952 3289 globe.
2998 3221 3137 3286 Quin
3178 3220 3368 3273 volnus
3396 3219 3646 3289 refricat,

2073 3289 2197 3341 dum
2228 3290 2364 3410 tzpis
2415 3292 2528 3343 haec
2574 3292 2790 3354 mamlo,
2828 3301 3016 3344 auctor
3055 3289 3355 3343 Litteraria:
3385 3288 3648 3358 Epheme-

2073 3360 2205 3410 ridis
2270 3358 2569 3410 ‘lorentinte
2598 3373 2615 3410 :
2649 3376 2771 3410 nam
2800 3361 2864 3410 ad
2898 3362 3038 3410 diem
3081 3360 3115 3410 5
3160 3359 3278 3410 Maii
3322 3362 3476 3410 huius
3516 3364 3644 3410 armi

2073 3360 2205 3410 ridis
2247 3358 2569 3413 Florentium
2598 3373 2615 3412 :
2649 3376 2771 3413 nam
2800 3361 2864 3412 ad
2898 3362 3038 3413 diem
3081 3360 3115 3414 5
3160 3359 3278 3413 Maii
3322 3362 3476 3423 hujus
3516 3364 3645 3418 anni

2072 3426 2231 3493 1765,
2252 3444 2353 3481 non
2382 3430 2553 3483 solum
2585 3431 2807 3499 Didymo
2829 3445 2972 3493 eam,
2995 3445 3158 3499 quam
3179 3432 3309 3493 dixi,
3334 3431 3643 3499 Opinionem

2070 3499 2230 3551 nimis
2290 3499 2628 3554 conﬁdenter
2677 3501 2893 3563 tribuit,
2947 3514 3129 3554 terum
3178 3501 3342 3553 etiam
3382 3501 3463 3553 sic
3501 3501 3644 3569 loqui

2069 3583 2174 3620 non
2199 3569 2409 3622 dubitat
2438 3610 2454 3640 ,ν
2483 3570 2694 3635 Quanto
2737 3570 2840 3622 allo
2876 3571 3164 3640 sproposito
3206 3570 3522 3640 geograﬁco.
3545 3610 3559 3624 .
3587 3610 3601 3626 .
3624 3614 3640 3630 .

2066 3649 2246 3691 auesta
2286 3654 2409 3691 casa
2439 3639 2467 3693 ὲ
2495 3656 2710 3693 comune
2744 3641 2850 3709 agli
2882 3641 3077 3694 antichi
3128 3638 3316 3697 Padri.
3352 3638 3470 3693 lam
3516 3656 3645 3695 vero

2068 3723 2188 3761 cuiu
2227 3711 2337 3762 hzrc
2367 3709 2439 3761 ita
2469 3724 2527 3763 se
2559 3710 2811 3772 habeant,
2857 3712 3105 3779 equidem
3144 3709 3449 3764 Parisiuum
3492 3711 3642 3767 illum

2068 3779 2348 3831 articulum
2379 3796 2406 3830 a
2438 3781 2698 3847 praeclaro
2746 3793 3019 3849 geometra
3066 3780 3353 3851 Jacquiero
3378 3781 3641 3850 scriptum

2068 3863 2187 3901 esse
2220 3864 2493 3915 nunquam
2538 3852 2589 3903 in
2624 3851 2862 3903 animum
2894 3851 3150 3906 imlueere
3184 3851 3328 3920 pomi
3362 3868 3376 3904 :
3412 3865 3633 3920 geome-

2024 3988 2025 3991 η
2071 3929 2165 3991 ira:
2193 3920 2335 3972 enim
2371 3936 2492 3974 esse
2532 3922 2855 3985 arbitrabar,
2902 3935 3024 3990 qua:
3063 3932 3209 3976 certa
3236 3936 3365 3991 non
3405 3923 3534 3991 sint,
3575 3938 3641 3979 ea

2070 3988 2295 4041 lidentcr
2347 4005 2451 4042 non
2506 3992 2808 4055 allirutare;
2853 3988 2951 4045 nec
2987 3990 3279 4045 verisimile
3334 3990 3639 4057 videbatur,

2068 4058 2383 4113 doctissimo
2411 4060 2731 4129 viroigimta
2770 4060 2935 4113 fuisse
2971 4076 3089 4128 quae
3127 4062 3395 4116 Cellarius
3436 4062 3534 4116 hac
3574 4065 3642 4117 de

2072 4130 2473 4202 rescripserat.
2509 4130 2580 4184 Le
2604 4132 3019 4202 rnalhématicien
3046 4133 3130 4202 n’y
3169 4149 3202 4185 a
3227 4134 3372 4201 point
3403 4131 3468 4183 de
3496 4143 3649 4198 part,-

2066 4199 2199 4252 scite
2227 4199 2400 4267 inquit
2422 4199 2740 4269 Jacquierus
2764 4204 2895 4270 ipse.
2923 4199 3187 4255 Nimirum
3222 4199 3465 4270 impenso
3494 4203 3636 4256 veri-

2069 4271 2193 4322 tatis
2244 4284 2430 4322 amore
2481 4273 2673 4325 ductus
2727 4272 2953 4339 insignis
3020 4274 3109 4327 ille
3185 4272 3638 4338 mathematicus,

2069 4352 2325 4406 meusque
2356 4340 2407 4391 in
2454 4340 2619 4407 ipsius
2657 4343 2899 4395 veritatis
2944 4356 3128 4395 amore
3172 4343 3376 4407 rivalis,
3428 4342 3641 4395 dubita-

2071 4408 2269 4479 tionem
2307 4411 2461 4463 nobis
2489 4426 2702 4463 onmem
2735 4413 2957 4464 sustulit
2983 4430 2995 4464 :
3027 4418 3076 4464 iu
3105 4413 3328 4479 epistola
3360 4411 3503 4467 enim
3537 4411 3640 4466 Pa-

2070 4477 2251 4546 risinus
2280 4479 2350 4530 illi
2396 4479 2731 4546 Ephemeridi
2761 4481 2962 4533 inserta
2997 4487 3061 4533 ad
3094 4477 3233 4534 diem
3261 4481 3295 4535 5
3321 4482 3480 4536 Febr.
3510 4483 3638 4537 anni

2069 4545 2227 4608 1765,
2244 4550 2356 4601 hate
2373 4552 2563 4603 scribit
2580 4551 2671 4602 .Le
2688 4551 3123 4615 mathematicien,
3146 4567 3269 4604 sans
3287 4564 3434 4607 autre
3455 4553 3639 4606 interit

2067 4633 2167 4685 que
2187 4617 2319 4693 celui
2351 4620 2413 4671 de
2443 4619 2498 4693 la
2528 4622 2714 4693 Avérilé,
2741 4621 2965 4693 declare.
2989 4660 3002 4673 .
3030 4659 3043 4672 .
3072 4662 3084 4675 .
3119 4620 3248 4686 qu’il
3292 4621 3374 4693 ιιά
3402 4628 3550 4693 point
3575 4629 3642 4675 de

2065 4697 2180 4759 part
2202 4689 2235 4739 ὰ
2264 4698 2391 4741 cette
2420 4690 2658 4758 critique.
2697 4690 2878 4758 Itaque
2920 4691 3243 4745 Florentium
3280 4689 3638 4759 Ephemeridis

2067 4756 2368 4833 Litterarite
2397 4756 2617 4833 auctori
2655 4756 3046 4833 aliquantulum
3093 4756 3336 4833 irascor,
3362 4764 3505 4833 quod
3541 4778 3639 4816 au-

2066 4840 2217 4879 reum
2244 4828 2369 4881 illttd
2398 4829 2677 4897 Augustini
2712 4832 2762 4901 i_t_t
2794 4829 3188 4901 Canonicorum
3222 4828 3422 4901 Regula
3456 4835 3634 4886 moni-

2069 4905 2179 4974 tum
2211 4902 2679 4974 non_altenderit_:
2713 4897 2940 4974 Famula
2989 4899 3081 4955 Dei
3121 4897 3328 4956 dicenti
3365 4904 3491 4974 quid
3538 4903 3638 4957 sibi

2065 4965 2263 5030 doleat,
2291 4968 2404 5021 sine
2433 4969 2757 5022 dubitatione
2789 4972 3053 5025 credatur.

2139 5035 2252 5112 (4i)
2291 5034 2591 5112 Cor-terrm.
2629 5040 2751 5112 Ideo
2784 5040 2862 5112 sic
2886 5039 3034 5112 loqui
3071 5040 3353 5112 Didymum
3381 5043 3632 5112 coniicio,

2066 5108 2212 5175 quod
2276 5110 2528 5175 respiciat
2574 5126 2635 5162 ea
2696 5110 2894 5164 Christi
2964 5108 3187 5165 Domini
3239 5113 3407 5167 nostri
3473 5108 3639 5167 verba

2036 5181 2206 5244 -apud
2246 5177 2554 5233 Matthteum
2583 5196 2597 5233 :
2630 5178 2718 5233 Sic
2756 5182 2853 5233 erit
2904 5179 3074 5234 Filius
3119 5182 3346 5237 hominis
3388 5184 3441 5238 ia
3482 5186 3638 5237 corde

2066 5257 2240 5310 terrm,
2279 5260 2384 5301 etc.

2139 5319 2251 5385 (4‘2)
2286 5317 2485 5392 Ipsam.
2511 5318 2706 5392 Ezecli.
2743 5336 2796 5384 ν,
2825 5321 2894 5392 5.7
2916 5320 3003 5392 ubi
3037 5319 3224 5392 (ἔξευρε
3256 5323 3460 5377 editio:

2079 5387 2461 5461 Ἰερουσαλὴμ,
2506 5390 2563 5441 ἐν
2607 5390 2773 5460 μέσῳ,
2815 5391 2909 5443 καὶ
2950 5389 3018 5443 τὰ
3060 5390 3208 5461 ἑξῆς,
3257 5394 3308 5446 id
3349 5402 3475 5449 est:
3509 5387 3640 5447 11ωέ

2065 5459 2501 5530 esl_.leru_salem;
2541 5459 2819 5530 inmerito,
2852 5473 2909 5514 et
2936 5459 3159 5530 reliqua.

2161 5528 2252 5593 45)
2285 5526 2356 5581 1η
2382 5538 2657 5585 reternum.
2701 5529 2845 5584 Psal.
2872 5526 3069 5596 cxvm,
3088 5546 3230 5587 vers.
3261 5530 3352 5586 89.

2162 5597 2252 5667 44)
2299 5599 2484 5652 Amen.
2527 5596 2680 5652 Joan.
2719 5614 2839 5663 vnt,
2886 5600 2975 5656 58.
3020 5600 3250 5656 Sensum
3297 5611 3476 5655 tamen
3505 5596 3639 5653 citat

2067 5666 2348 5738 Didymus,
2399 5684 2502 5722 non
2534 5669 2694 5723 verba
2728 5686 2741 5721 :
2781 5672 2850 5724 ibi
2880 5674 3024 5725 enim
3064 5687 3184 5725 cum
3222 5670 3407 5726 Grieca
3448 5670 3634 5731 editio,

2070 5737 2183 5792 tum
2226 5737 2448 5808 Vulgata
2507 5742 2788 5794 translatio
2836 5742 3080 5795 habent:
3111 5741 3297 5804 Amen,
3326 5756 3477 5793 amen
3519 5742 3637 5793 dico

2066 5808 2231 5871 tabis,
2265 5821 2545 5877 antequam
2578 5810 2842 5862 Abraham
2878 5813 3048 5876 ﬁeret,
3082 5826 3175 5878 ego
3208 5827 3351 5878 sum.
3387 5810 3634 5864 Notanda

2070 5888 2333 5949 praeterea
2353 5879 2405 5931 in
2430 5880 2652 5949 Didynm
2677 5883 2820 5933 vocis
2845 5881 3009 5941 illius,
3026 5878 3350 5943 ἀποκλείων,
3371 5894 3637 5947 acceptio.

2140 5946 2253 6017 (45)
2280 5947 2437 6004 Deus.
2456 5946 2595 6005 Psal.
2616 5965 2771 6015 cstn,
2801 5964 2941 6005 Vers.
2976 5950 3060 6004 ιι.
3098 5949 3229 6006 Vide
3249 5964 3367 6005 not.
3390 5946 3631 6018 79,p.l1.
