4004 6406
487 369 586 424 351

998 507 1126 580 '33
1170 505 1322 564 CAP.
1363 502 1506 560 τινι.

493 686 565 740 De
613 687 702 750 iis,
733 689 821 757 qui
860 687 1039 741 dicunt
1092 703 1112 742 :
1166 687 1358 742 Parem
1398 686 1635 742 excludit
1685 685 1986 757 Pateriet
2047 699 2066 738 .‘

566 757 664 812 Est
694 755 867 827 major
897 757 1053 818 Filio;
1079 769 1124 811 et
1156 773 1174 809 :
1205 758 1360 811 Aliud
1385 769 1468 812 est
1494 759 1690 826 imago,
1715 757 1857 809 aliud
1897 755 2064 820 Deus;

561 837 611 881 et
641 841 660 879 :
697 827 869 881 Homo
897 828 1058 881 etiam
1098 830 1276 882 dictus
1319 837 1400 881 est
1448 828 1501 879 in
1551 827 1824 894 Scriptura
1865 827 2066 891 imago,

559 907 616 950 et
644 898 810 962 gloria
850 898 961 952 Dei.
1001 897 1062 950 Et
1101 900 1164 950 de
1194 915 1251 950 eo
1287 898 1425 966 quod
1485 905 1703 950 testatur
1762 896 2061 964 Scriptura,

563 969 709 1022 nullo
747 969 906 1023 modo
945 966 1164 1022 diil‘erre
1192 985 1220 1020 a
1246 968 1381 1023 Filio
1412 967 1650 1021 Patrem.

564 1167 695 1222 lllud
741 1182 868 1220 vero
898 1169 1062 1222 etiam
1097 1165 1267 1228 Patri,
1299 1182 1364 1220 eo
1385 1166 1529 1234 quod
1560 1164 1629 1218 sit
1651 1163 1942 1232 ingenitus,
1970 1163 2068 1216 tri-

494 1261 688 1326 buunt,
736 1268 793 1313 ut
829 1274 1015 1330 parem
1048 1259 1302 1314 excludat
1332 1272 1639 1328 personam.
1671 1266 1726 1310 et
1756 1256 1828 1310 sit
1855 1256 2064 1325 major:

495 1350 632 1404 Filio
680 1360 880 1412 autem,
917 1359 977 1403 ut
1000 1350 1071 1403 sit
1094 1348 1371 1404 dissimilis
1393 1347 1528 1418 (6|),
1557 1363 1621 1401 eo
1645 1348 1789 1418 quod
1819 1347 1889 1400 sit
1917 1347 2069 1417 geni-

493 1452 582 1497 tus
618 1459 631 1494 :
672 1455 864 1496 rursus
901 1440 1108 1494 scilicet,
1132 1454 1250 1510 quae
1272 1439 1338 1493 ad
1372 1453 1580 1492 summe
1607 1436 1927 1492 ineffabilem
1951 1436 2068 1490 dei-

499 1543 667 1587 tatem
695 1542 962 1602 spectant,
997 1547 1062 1586 ea
1096 1531 1422 1601 deprimunt,
1457 1537 1510 1582 et
1537 1528 1604 1582 ad
1640 1538 1839 1583 nostra:
1864 1539 2069 1581 natura:

493 1624 855 1680 conditionem
897 1622 1006 1694 (62)
1045 1622 1308 1688 trahunt;
1349 1636 1575 1691 quaeque
1607 1620 1866 1691 spiritalia
1918 1631 2066 1684 sunt,

495 1726 657 1784 atque
683 1715 960 1769 intellectu
999 1721 1207 1768 tantum
1243 1713 1639 1784 percipiuntur,
1667 1726 1732 1766 ea
1770 1711 1927 1766 ﬂuxae
1955 1727 2070 1766 ma-

1724 361 1970 419 -'DIDYMI
2012 361 2066 416 Al

2169 362 2288 420 (AN
2296 362 2482 419 DRlNl
3625 364 3732 424 ’ἂνξ

2776 500 2934 553 xm.
2985 501 3101 568 ις’.

2168 695 2309 762 Περὶ
2333 693 2453 747 τῶν
2476 694 2800 774 λεγόντων,
2827 691 2916 746 ὅτι
2964 690 3321 813 Ἀσύγκρὶτος
3349 689 3442 745 καὶ
3475 692 3666 762 μείζων
3700 697 3725 747 ὁ

2237 767 2432 813 Πατὴρ
2489 783 2584 813 του
2615 764 2767 813 Υἱου’
2813 763 2932 813 καὶ.
2965 761 3055 813 ὅτι
3105 765 3173 813 ’Δ
3241 778 3270 813 ο
3304 760 3463 813 εἰκὼν
3497 764 3586 813 καὶ
3612 763 3725 813 ἄλλο

2237 760 2432 838 Πατὴρ
2489 760 2932 838 τοῦῌΥίοῦχκρὶ,
2965 761 3055 814 ὅτι
3105 760 3270 838 Ἀλλο
3304 760 3586 838 εἰκὼνχκαὶ
3612 763 3727 838 ἀλλο

2237 829 2665 914 Θεόςξξίιαὶκᾷτιι
2697 835 2808 914 Καὶἶ
2836 834 3121 914 ἄνθρωπος
3159 829 3495 914 είκῲνΑΘεοῦ
3527 834 3726 914 ὲγράξξη

2238 907 2330 958 καὶ
2360 905 2505 971 δόξα.
2544 904 2654 958 Καὶ
2683 905 2814 971 περὶ
2846 902 2952 956 τοῦ
2989 902 3416 971 μαρτυρεῖσθαι
3446 905 3562 955 κατ’
3591 902 3728 958 οὐδὲν

2238 975 2514 1048 διαφέρειν
2538 975 2634 1028 τοῦ
2662 974 2791 1027 Υἱοῦ
2820 973 2912 1027 τὸν
2941 973 3181 1044 Πατέρα.

2239 1173 2349 1226 Καὶ
2368 1172 2429 1224 τὸ
2459 1172 2789 1242 ἀσύγκριτον
2826 1171 2882 1225 δὲ
2912 1172 3007 1225 καὶ
3045 1171 3229 1241 μεῖζον
3263 1169 3340 1240 τῷ
3367 1169 3543 1242 Πατρὶ
3572 1169 3655 1224 διὰ
3676 1168 3729 1224 τὸ

2170 1266 2462 1337 ἀγέννητον
2485 1264 2860 1334 ἀπονέμουσι·
2893 1263 2973 1334 τῷ
3003 1263 3058 1316 δὲ
3093 1263 3206 1333 Υἱῷ
3244 1263 3306 1316 τὸ
3350 1264 3624 1334 ἀνόμοιον,
3651 1264 3728 1316 διὰ

2169 1361 2230 1412 τὸ
2263 1359 2406 1431 ἔχειν
2429 1359 2490 1413 τὸ
2519 1359 2801 1430 γεννητὸν,
2827 1357 3185 1420 καθέλκοντες
3210 1357 3371 1410 πάλιν
3398 1357 3467 1409 τά
3492 1357 3617 1428 περὶ
3642 1357 3727 1426 τῆς

2169 1447 2545 1520 ἀρῤητοτάτης
2571 1446 2826 1518 θεότητος
2854 1448 2936 1508 εἰς
2974 1445 3042 1499 τὰ
3066 1445 3169 1515 τῆς
3211 1444 3486 1517 ἡμετέρας
3532 1445 3728 1514 φύσεως

2170 1540 2584 1611 ἀποτελέσματα
2610 1581 2626 1607 ,
2660 1539 2756 1593 καὶ
2807 1537 2878 1590 τά
2917 1539 3082 1608 νοητά
3135 1539 3246 1599 τοῖς
3293 1537 3390 1607 τῆς
3446 1535 3576 1607 ῦλης
3625 1532 3724 1607 pati-

2173 1649 2335 1704 μασιν
2402 1630 2876 1703 συνεξομοιοῦσθαι
2936 1629 3268 1700 νομίζοντες.
3343 1627 3427 1681 Τά
3485 1627 3583 1698 μὲν
3636 1628 3728 1696 γὰτ

2171 1726 2540 1798 ὑπερουράνια
2593 1726 2772 1779 πάντα
2832 1721 2956 1776 νοῦν
2998 1723 3092 1774 καὶ
3131 1723 3310 1774 πᾶσαν
3361 1721 3548 1791 νόησιν
3579 1720 3721 1788 ὑπερ-

495 1809 645 1862 teria:
674 1807 870 1861 similia
901 1822 1023 1862 esse
1055 1807 1376 1863 existimant
1403 1819 1420 1860 :
1452 1819 1576 1860 cum
1613 1803 1702 1858 illa
1729 1819 1852 1875 quae
1875 1818 2066 1873 super-

2169 1814 2450 1891 βαίνοντα,
2483 1813 2552 1868 τά
2593 1813 2651 1866 δὲ
2681 1814 2845 1883 γήϊνα
2875 1813 2970 1865 καὶ
2996 1811 3226 1864 ταπεινά
3271 1809 3366 1864 καὶ
3392 1809 3568 1880 χρόνῳ
3595 1807 3727 1876 γινό-

493 1902 739 1958 coeleStia
773 1910 918 1963 sunt,
949 1915 1163 1955 omnem
1199 1910 1456 1967 mentem,
1485 1909 1540 1954 et
1568 1897 1950 1968 cogitationem
1976 1911 2068 1952 su-

491 2004 713 2062 perent;
735 2005 856 2064 quae
881 2008 1012 2048 vero
1035 2000 1252 2046 terrena
1269 2000 1412 2072 sunt,
1442 1989 1652 2059 abiecta
1680 1989 1841 2044 etiam
1858 1990 1987 2052 sint,
2003 2003 2070 2044 ac

493 2096 736 2156 tempore
758 2085 918 2150 facta,
947 2085 1356 2140 etdecremeuto
1385 2083 1653 2152 mortique
1681 2081 1934 2136 obnoxia;
1962 2080 2068 2136 Sed

493 2177 584 2232 ille
607 2179 840 2232 maxime
861 2175 1076 2246 quidem
1101 2176 1167 2230 ab
1192 2184 1397 2231 aeterno
1433 2175 1652 2246 genitus
1673 2181 1779 2239 est,
1794 2189 1916 2228 cum
1943 2188 2069 2228 vero

493 2281 593 2320 suo
613 2264 794 2329 Patre,
811 2265 974 2320 veluti
990 2267 1076 2320 lux
1091 2281 1211 2319 cum
1227 2264 1356 2321 solis
1367 2265 1541 2328 disco,
1554 2273 1608 2320 et
1625 2263 1789 2320 simul
1801 2263 2068 2320 exsistens

493 2365 549 2412 et
571 2358 732 2412 simul
767 2372 1002 2426 operans
1031 2375 1046 2412 :
1082 2357 1210 2413 illud
1257 2372 1385 2416 vero
1411 2358 1576 2412 etiam
1603 2357 1787 2422 habet,
1815 2365 1876 2410 ut
1900 2366 1955 2412 et
1975 2356 2066 2420 sit,

493 2461 609 2505 eta
652 2449 950 2519 Scripturis
1009 2451 1220 2505 dicatur
1271 2451 1432 2512 Deus,
1496 2448 1772 2514 Dominus,
1821 2456 2067 2511 sanctus,

492 2555 730 2608 creator,
779 2542 1222 2613 incorruptibilis,
1266 2541 1394 2607 vita,
1430 2541 1541 2604 lux,
1595 2553 1650 2597 et
1691 2540 1873 2596 omnia
1922 2556 2070 2610 quae-

493 2650 706 2706 cunque
737 2641 821 2690 est
871 2633 1049 2690 Pater.
1080 2634 1158 2687 Ac
1187 2633 1365 2703 potius
1408 2648 1474 2688 ex
1508 2632 1750 2701 pluribus
1809 2633 2061 2689 similitu-

437 2761 456 2782 .
494 2729 678 2783 dinem
711 2727 913 2782 habere
943 2726 1122 2791 debet,
1150 2733 1205 2780 et
1227 2725 1610 2795 aequalitatem,
1646 2741 1811 2795 quam
1863 2741 1930 2780 ex
1963 2739 2070 2780 uno

497 2819 1017 2875 dissimilitudinem.
1072 2818 1355 2886 Quomodo
1398 2829 1577 2872 autem
1613 2817 1784 2872 Adam
1831 2827 1886 2873 et
1936 2818 2065 2880 Eva,

497 2913 589 2982 qui
624 2911 790 2983 geniti
837 2927 942 2966 non
997 2910 1230 2974 fuerant,
1277 2925 1452 2980 neque
1490 2919 1696 2980 patrem
1744 2908 2068 2975 habuerant,

482 3005 682 3071 'nobis,
707 3005 797 3074 qui
827 3019 894 3060 ex
923 3003 1055 3073 ipsis
1082 3003 1186 3057 orti
1219 3017 1429 3064 sumus,
1454 3013 1645 3056 natura
1677 3003 1912 3073 aequales
1949 3002 2070 3057 fue-

495 3099 654 3152 runt?
703 3099 810 3154 Aut
851 3096 1155 3168 qualisnam
1199 3095 1422 3150 omnino
1457 3103 1541 3149 est
1593 3108 1656 3148 ea
1713 3095 2068 3164 comparatio,

2178 1925 2312 1980 μενα
2379 1909 2475 1962 καὶ
2523 1906 2892 1975 ἀπογινόμενα
2945 1902 3228 1973 τυγχάνει.
3296 1901 3462 1954 Ἀλλά
3515 1901 3726 1972 μάλιστα

2176 1999 2276 2070 μὲν
2339 1997 2450 2071 [15
2508 1996 2584 2070 lt]
2642 1997 2892 2069 ἀνάρχως
2947 1995 3179 2064 ἐτέχθη,
3245 1992 3606 2064 συνυπάρχων
3647 1992 3732 2046 καὶ

2173 2092 2543 2164 συμπράττων
2573 2089 2652 2161 τῷ
2687 2088 2880 2144 ἑαυτοῦ
2922 2085 3161 2158 ἀληθινῷ
3206 2085 3403 2158 Πατρι,
3449 2085 3524 2148 ὡς
3547 2083 3605 2137 τὸ
3629 2083 3732 2152 φῶς

2169 2184 2247 2254 τῷ
2273 2183 2483 2256 ἡλιακῷ
2509 2183 2699 2252 δίσκῳ.
2732 2182 2884 2252 Ἔχει
2903 2179 2960 2232 δὲ
2993 2180 3058 2233 τὸ
3079 2175 3218 2232 εἶναι
3250 2179 3342 2232 καὶ
3369 2177 3479 2232 ἀπὸ
3517 2176 3732 2248 Γραφῶν

2174 2273 2569 2348 μαρτυρεῖσθαι
2620 2273 2785 2336 Θεὸς,
2838 2270 3085 2342 Κύριος,
3147 2269 3344 2338 ἅγιος,
3405 2267 3734 2340 Δημιουργὸς

2171 2367 2466 2439 ἄφθαρτος,
2494 2364 2637 2436 ζωὴ,
2665 2363 2801 2433 φῶς,
2830 2363 2926 2416 καὶ
2959 2361 3138 2415 πάντα
3169 2362 3270 2414 ὅσα
3316 2361 3346 2414 ὁ
3393 2362 3603 2432 Πατήρ.
3634 2360 3734 2412 Καὶ

2174 2459 2372 2530 μᾶλλον
2405 2459 2470 2512 ὲκ
2511 2455 2619 2510 τῶν
2668 2456 2928 2509 πλειόνων
2963 2455 3025 2509 τὸ
3067 2455 3252 2525 ὅμοιον
3292 2455 3392 2507 καὶ
3439 2453 3552 2506 ἴσον
3604 2451 3732 2523 ἔχειν

2171 2551 2400 2621 ὀφείλει,
2430 2552 2576 2623 ἥπερ
2606 2549 2714 2603 ἀπὸ
2749 2547 2843 2602 τοῦ
2889 2547 3008 2610 ἐνὸς
3047 2547 3109 2600 τὸ
3145 2547 3420 2614 ἀνόμοιον.
3461 2545 3585 2608 Πῶς
3623 2543 3673 2595 δὲ
3705 2543 3732 2594 ό

2183 2645 2354 2716 Ἀδὰμ
2380 2644 2475 2698 καὶ
2502 2645 2535 2715 ἡ
2568 2641 2699 2705 Εῦα,
2722 2641 2784 2694 οὐ
2809 2638 3177 2709 γεννηθέντες,
3205 2637 3323 2691 οὐδὲ
3352 2638 3564 2708 πατέρα
3588 2637 3732 2706 ἐσχηο

2170 2737 2346 2798 κότες,
2380 2735 2492 2797 τοῖς
2525 2732 2584 2797 ἐξ
2606 2730 2786 2785 αὐτῶν
2818 2731 2952 2800 ἡμῖν
2985 2727 3090 2782 ῐσοι
3115 2731 3182 2799 τῇ
3221 2727 3386 2796 φύσει
3422 2727 3727 2796 γεγόνασινς

2169 2829 2204 2900 ἢ
2233 2827 2394 2880 ποίαν
2423 2823 2606 2887 ἁπλῶς
2658 2821 2961 2892 παράθεσιν
2992 2819 3351 2890 ποιησάμενοι
3382 2818 3508 2885 τοῦ,
3539 2819 3612 2881 ὼς
3656 2816 3732 2869 λέ-

2169 2935 2377 2988 γουσιν,
2407 2915 2690 2986 ἀνομοίους
2733 2913 2768 2984 ἢ
2793 2912 2911 2976 πῶς
2943 2912 3476 2985 παραμετρῆσαντες
3516 2910 3730 2980 ἐπέστη-

2171 3027 2270 3065 σαν
2295 3009 2373 3081 τῷ
2404 3009 2672 3080 κρείττονι
2698 3006 2793 3058 καὶ
2829 3004 3068 3076 μείζονι;
3103 3003 3323 3075 Γραφῆς
3350 3003 3453 3074 μὲν
3504 3001 3638 3055 οῦτε·
3661 3000 3730 3052 δι·

2169 3100 2458 3174 οριζοῦσης
2483 3101 2550 3168 τῇ
2585 3095 2745 3167 φύσει
2774 3096 2875 3166 τὴν
2895 3095 3058 3164 ἁγίαν
3097 3093 3190 3146 καὶ
3225 3094 3464 3165 ἄναρχον
3495 3093 3618 3164 μίαν
3647 3091 3728 3144 καὶ

480 3190 582 3246 vel
615 3205 892 3254 mensura,
936 3190 1003 3244 ad
1038 3203 1201 3258 quam
1249 3187 1422 3251 illum,
1452 3187 1542 3254 qui
1578 3195 1680 3254 est,
1723 3197 1783 3240 ut
1833 3186 1935 3256 ipsi
1986 3188 2066 3242 in-

2173 3191 2468 3262 ἀμέριστον
2499 3186 2726 3258 Τριάδα,
2765 3185 2874 3238 οὐδ’
2896 3179 2962 3237 αὖ
3004 3184 3165 3238 πάλιν
3194 3183 3563 3254 ἀφοριζούσης
3605 3183 3727 3252 αὐτῇ

493 3285 708 3354 quiunt,
745 3283 1017 3355 ἀνόμοιος,
1053 3295 1244 3350 nempe
1297 3280 1567 3334 dissimilis
1591 3320 1606 3342 ,
1641 3280 1904 3345 referunt,
1939 3281 2066 3334 dum

492 3375 551 3429 in
582 3389 647 3431 eo
703 3373 983 3436 insistunt,
1017 3381 1074 3426 ut
1118 3371 1339 3425 Patrem
1376 3370 1805 3438 praestantiorem
1860 3369 2063 3434 dicant,

495 3477 658 3536 atque
713 3463 1014 3532 majorem?
1067 3475 1188 3516 cum
1243 3459 1525 3530 Scriptura
1560 3460 1776 3528 quidem
1831 3475 1902 3515 ex
1962 3475 2067 3514 una

483 3569 652 3631 parte
697 3571 870 3623 neque
910 3565 1225 3608 naturarum
1261 3553 1313 3606 in
1357 3565 1567 3617 sancta,
1602 3560 1656 3608 et
1685 3566 1907 3618 aeterna,
1933 3568 2066 3616 una,

484 3649 881 3715 'individuaque
917 3645 1187 3699 Trinitate
1219 3643 1620 3698 distinctionem
1653 3643 1925 3706 admittat,
1966 3658 2066 3697 ne-

495 3758 602 3811 que
630 3738 784 3792 alteri
815 3738 1032 3807 quidem
1085 3736 1184 3790 hoc
1215 3733 1477 3788 attribuat
1527 3731 1664 3804 (65),
1697 3742 1754 3788 ut
1799 3735 1948 3804 prior
1972 3737 2066 3802 sit,

497 3832 655 3886 alteri
684 3840 887 3893 autem,
935 3837 993 3882 ut
1021 3826 1287 3897 posterior
1325 3844 1340 3880 :
1377 3841 1440 3880 ex
1473 3825 1577 3879 alia
1607 3839 1735 3879 vero
1781 3835 1932 3894 parte
1959 3826 2067 3880 duo

477 3925 612 3978 'harc
649 3919 932 3976 manifesta
966 3919 1101 3983 sint;
1138 3917 1314 3987 primo
1361 3915 1571 3971 scilicet
1610 3917 1922 3970 necessario
1961 3932 2067 3972 non

493 4015 670 4084 sequi,
717 4021 775 4064 ut
803 4011 943 4078 quod
979 4009 1151 4078 majus
1193 4017 1298 4071 est,
1357 4008 1427 4063 sit
1463 4007 1848 4072 heterousium,
1877 4009 2069 4064 videli-

495 4116 583 4162 cet
617 4103 841 4158 alterius
870 4100 1121 4156 essentim
1156 4119 1168 4153 :
1221 4099 1417 4153 deinde
1459 4098 1828 4168 comparativa
1861 4099 1926 4153 de
1978 4101 2066 4164 iis,

492 4211 616 4268 qua:
661 4191 946 4249 homousia
1009 4197 1155 4254 sunt,
1191 4187 1242 4242 id
1279 4195 1362 4242 est
1399 4186 1903 4250 consubstantialia,
1961 4202 2066 4241 nou

493 4287 604 4360 39
632 4287 696 4342 de
747 4285 834 4350 iis,
873 4296 994 4351 quae
1039 4289 1165 4335 sunt
1223 4279 1547 4346 heterousia,
1581 4279 1683 4332 hoc
1725 4288 1808 4333 est
1848 4277 2069 4332 alterius

493 4389 722 4441 naturaa,
773 4372 1067 4430 enuntiari.
1112 4370 1295 4439 Neque
1346 4385 1473 4426 vero
1518 4371 1902 4438 temporarium
1954 4369 2066 4440 (64)

494 4471 646 4526 illum
677 4469 856 4524 dicere
900 4465 1207 4528 tenta'bunt,
1236 4462 1360 4532 quia
1388 4477 1453 4517 ne
1494 4461 1562 4517 de
1590 4461 1680 4516 illo
1712 4463 1950 4532 quidem,
1976 4463 2066 4531 qui

2169 3284 2230 3336 τὸ
2259 3281 2538 3353 πρώτιστα
2563 3279 2656 3333 καὶ
2680 3279 2742 3330 τὸ
2774 3276 2996 3341 instra;
3023 3275 3198 3347 δήλων
3229 3275 3285 3328 δὲ
3312 3275 3486 3329 ὄντων
3507 3275 3595 3328 δύο
3617 3270 3728 3326 τού-

2171 3391 2300 3438 των,
2329 3375 2410 3427 ὅτι
2437 3389 2498 3424 τε
2544 3371 2603 3423 οῦ
2645 3370 2860 3432 πάντως
2897 3368 2958 3420 τὸ
2995 3367 3180 3438 μεῖζον
3232 3367 3570 3439 ἑτεροούσιόν
3605 3369 3726 3428 ἐστι,

2171 3468 2265 3521 καὶ
2295 3467 2376 3520 ὃτι
2411 3464 2534 3519 καθ’
2565 3463 2686 3516 ὅλου
2708 3462 2778 3515 τὰ
2807 3460 3134 3532 συγκριτικὰ
3167 3460 3259 3512 ἐπὶ
3278 3461 3596 3530 όμοουσίων,
3626 3456 3728 3510 ἀλλ’

2169 3560 2271 3612 οὐκ
2296 3559 2388 3611 ἐπὶ
2429 3553 2780 3626 ἐτεροουσὶων
2821 3553 3059 3621 λέγεται.
3086 3553 3201 3605 Οὐκ
3227 3552 3293 3605 ἂν
3319 3553 3377 3606 δὲ
3404 3552 3512 3607 οὐδ’
3539 3552 3595 3618 ἐξ
3623 3555 3728 3604 ἐπι-

2170 3650 2332 3719 ϐολῆς
2361 3649 2565 3702 εἴποιεν
2605 3647 2836 3716 καίριον,
2865 3645 2946 3698 ὅτι
2972 3644 3089 3697 οὐδὲ
3123 3646 3252 3715 περὶ
3281 3645 3376 3698 τοῦ
3411 3645 3724 3714 ἅσυγκρίτου

2171 3741 2266 3793 καὶ
2310 3740 2573 3811 μείζονος.
2606 3739 2681 3792 Οὐ
2713 3735 2856 3790 κατά
2885 3735 3134 3806 μέγεθος,
3161 3737 3193 3806 ἦ
3219 3753 3347 3790 τινα
3375 3737 3537 3807 ὄγκον
3564 3755 3575 3767 ⁸
3599 3738 3722 3806 ἁμε-

2170 3831 2337 3902 γέθης
2394 3831 2503 3903 γάρ
2547 3830 2641 3883 καὶ
2689 3829 2937 3900 ἀπλατής
2991 3830 3170 3893 ἐστιν,
3220 3831 3316 3883 καὶ
3386 3829 3725 3901 πηλικότητος

2171 3925 2372 3994 πάσης,
2413 3925 2506 3976 καὶ
2553 3923 2876 3986 συνθέσεως,
2925 3923 3020 3976 καὶ
3064 3925 3339 3993 σχήματος
3386 3923 3724 3993 ἀναχωρήσας

2169 4019 2197 4070 ὁ
2253 4016 2385 4080 Θεὸς
2437 4015 2608 4084 Λόγος
2659 4014 2836 4085 (καθὰ
2885 4015 2981 4069 καὶ
3021 4017 3049 4068 ό
3093 4016 3306 4086 Πατὴρ,
3347 4017 3445 4070 καὶ
3482 4017 3540 4070 τὸ
3588 4014 3724 4083 ἅγιον

2171 4105 2396 4176 Πνεῦμα
2461 4103 2700 4172 αὐτοῦ),
2762 4105 2856 4158 καὶ
2945 4104 3050 4158 ὑπὸ
3121 4105 3350 4176 μηδενὸς
3415 4107 3514 4179 μὲν
3583 4121 3723 4173 περι-

2169 4197 2428 4270 εχόμενος
2477 4197 2660 4261 αὐτὸς,
2708 4199 2884 4251 πάντα
2937 4197 2994 4250 δὲ
3037 4199 3420 4270 ἐμπεριέχωνο
3474 4199 3602 4252 διότι
3643 4195 3721 4248 καὶ

2171 4289 2390 4342 πάντων
2451 4286 2594 4359 ἁρχὴ
2653 4287 2898 4358 μεγεθῶν
2948 4289 3024 4352 ὡς
3092 4291 3323 4360 ποιητής
3401 4291 3564 4344 ἐστιν.
3623 4284 3718 4338 Ποῦ

2169 4379 2279 4452 γάρ
2313 4381 2372 4433 ὲν
2417 4383 2537 4445 ταῖς
2577 4381 2925 4453 ἀκροτάταις,
2971 4380 3067 4433 καὶ
3115 4381 3597 4452 ὑπερασωμάτοις,
3642 4377 3720 4429 καὶ

2175 4472 2477 4544 κρείττοσιν
2506 4473 2837 4528 ὑποστάσεσι
2880 4472 3137 4544 μέγεθος;
3167 4473 3303 4526 Οὐδὲ
3327 4473 3468 4528 κατὰ
3489 4473 3546 4528 τὸ
3573 4472 3720 4540 ἀναρσ

493 4564 804 4634 asyncritus
854 4565 970 4632 (seu
1021 4573 1207 4627 parem
1249 4555 1590 4626 excludens),
1631 4565 1686 4609 et
1735 4555 1912 4634 major
1960 4565 2064 4622 est,

2173 4580 2295 4636 χον’
2331 4565 2666 4638 συνυπάρχει
2689 4565 2798 4637 γὰρ
2827 4565 2904 4635 τῷ
2933 4566 3128 4636 Πατρὶ,
3168 4565 3244 4629 ὡς
3275 4565 3607 4637 ἀπαύγασμα
3632 4563 3718 4632 τῆς

495 4656 713 4710 dicitur.
744 4653 858 4706 Non
887 4649 1066 4719 quoad
1103 4649 1485 4720 quantitatem,
1511 4656 1606 4700 aut
1627 4649 1916 4716 quamdam
1947 4662 2067 4702 mo-

493 4746 599 4802 lem
631 4764 646 4800 :
685 4745 881 4800 etenim
920 4743 1035 4799 sine
1061 4739 1433 4812 magnitudine
1459 4737 1570 4808 (65)
1599 4747 1701 4802 est,
1751 4753 1813 4794 ac
1843 4739 1960 4793 sine
1990 4738 2068 4793 la-

497 4837 747 4901 titudine,
779 4848 832 4892 et
863 4854 891 4890 a
925 4836 1114 4906 quavis
1137 4834 1459 4903 quantitate,
1489 4841 1542 4886 et
1571 4831 1982 4898 compositione,
2012 4841 2067 4889 et

560 5015 688 5137 [(66).
717 5014 1024 5068 Dissimilis.
1067 5014 1377 5079 Anommos,
1412 5016 1526 5068 sive
1561 5012 1932 5069 Eunomianos
1976 5013 2068 5070 hic

579 5096 613 5137 e'
653 5103 664 5137 ι
697 5121 713 5137 .

492 5087 713 5139 refellit.

567 5155 680 5225 (62)
703 5153 1087 5208 Conditionem.
1112 5151 1217 5225 seu
1243 5153 1601 5225 perfectiones,
1624 5153 1676 5225 id
1706 5157 2064 5225 est-proprie-

497 5222 668 5284 tates,
689 5226 978 5292 qualitates
1011 5233 1116 5278 etc.
1157 5223 1288 5276 \‘ide
1317 5238 1487 5292 segm.
1520 5222 1588 5276 58
1618 5224 1668 5286 b,
1703 5236 1756 5277 et
1785 5223 1895 5277 202
1924 5242 1977 5279 ιι.

565 5293 678 5365 {65)
719 5295 1004 5348 Attribuat.
1051 5293 1208 5347 Ludit
1254 5293 1305 5346 in
1347 5294 1569 5348 vocibus
1625 5293 1966 5365 διοριζούσης
2007 5305 2063 5350 et

493 5363 878 5435 ἀφοριξούσης.

567 5433 678 5506 (b4)
727 5433 1153 5506 iTetttporart'um.
1204 5433 1393 5506 Utrum
1445 5435 1657 5503 aliquod
1690 5434 1779 5492 hic
1810 5437 2063 5491 mendum

497 5504 923 5576 lateat,_rjudicet
969 5507 1213 5576 eruditus
1261 5505 1449 5576 lector.
1504 5507 1764 5576 Equidem
1818 5507 2066 5574 suspicor

496 5574 748 5629 nonnulla
788 5577 996 5640 deesse,
1037 5575 1233 5644 quibus
1281 5575 1444 5629 veluti
1487 5574 1574 5630 via
1626 5585 1959 5630 sterneretur
1999 5592 2064 5630 ac

496 5646 752 5714 transitus
783 5649 848 5701 ad
887 5662 947 5699 ea
984 5660 1108 5714 qua:
1142 5656 1443 5714 sequuntur
1475 5664 1489 5698 :
1529 5655 1584 5702 et
1614 5645 1792 5701 Patris
1827 5649 2064 5700 essentia

493 5713 669 5834 «inﬁtior
713 5717 822 5773 ullo
870 5713 1031 5772 modo
1073 5728 1192 5771 esse
1233 5713 1554 5786 negaretur,
1614 5731 1778 5786 quam
1828 5717 2062 5774 essentia

539 5799 551 5832 Ι
579 5797 634 5834 ll.

2173 4653 2330 4726 δόξης
2357 4652 2554 4717 αὑτοῦ,
2590 4655 2685 4707 καὶ
2723 4653 2797 4725 μὴ
2828 4655 2968 4726 ἔχων
3000 4655 3107 4726 πρὸ
3146 4654 3312 4708 αὑτοῦ
3356 4656 3506 4709 Θεὸν.
3559 4652 3644 4725 [l6
3669 4647 3716 4719 α]

2173 4745 2284 4798 Καὶ
2325 4745 2433 4816 γάρ
2471 4760 2664 4817 φησιν’
2704 4746 2802 4800 Ἐν
2837 4744 2995 4814 ἀρχῇ
3031 4742 3112 4815 ἦν
3149 4749 3182 4799 ὀ
3223 4747 3431 4816 Λόγος.
3481 4745 3583 4799 Καὶ
3610 4742 3715 4797 οὐδὲ

2171 4839 2564 4906 συμμετρεῖται
2611 4837 2787 4910 χρόνῳ
2819 4837 2981 4904 Θεὸς,
3019 4837 3115 4892 καὶ
3161 4840 3390 4910 ποιητὴς
3433 4839 3677 4908 ποιήματι
3713 4855 3715 4857 ί

2239 5010 2352 5082 (65)
2382 5009 2510 5066 Sine
2540 5013 2922 5083 magnitudine.
2953 5011 3072 5079 Quo
3104 5013 3304 5066 clarior
3332 5021 3474 5067 esset
3506 5007 3714 5083 transla-

2167 5075 2263 5143 tio,
2314 5075 2886 5154 tituluissem'vertere,
2926 5075 3040 5136 sine
3068 5085 3360 5154 quantitate
3382 5123 3398 5148 ,
3428 5091 3481 5134 ut
3516 5081 3564 5132 in
3598 5075 3714 5142 Epi-

2163 5158 2299 5205 stolo
2326 5156 2394 5204 ad
2430 5153 2740 5205 Archintum
2769 5151 2867 5206 feci
2907 5171 2920 5207 :
2957 5159 3048 5206 sed
3075 5151 3145 5206 ob
3174 5169 3236 5207 ea
3277 5169 3394 5221 qua:
3419 5158 3710 5219 sequuntur.

2161 5223 2472 5287 quantitatis
2526 5225 2842 5275 vocabulum
2895 5223 2984 5276 hic
3029 5224 3282 5276 omittere
3333 5232 3546 5275 coactus
3583 5230 3708 5270 sum.

2165 5290 2278 5345 Vox
2303 5307 2433 5358 ergo
2467 5291 2712 5362 μέγεθος,
2740 5307 2832 5346 seu
2864 5293 3194 5362 magnitudo,
3219 5309 3338 5361 qum
3361 5288 3712 5362 apudjlarco-

2164 5365 2307 5424 sios,
2343 5358 2556 5416 Irenaeo
2591 5372 2758 5427 teste,
2793 5358 2971 5432 angeli
3009 5379 3203 5416 nomen
3237 5358 3414 5421 erat;
3445 5377 3471 5412 a
3505 5358 3709 5432 Didymo

2163 5447 2305 5500 saepe
2347 5433 2417 5485 ita
2462 5443 2770 5499 usurpatur,
2815 5444 2873 5484 ut
2925 5435 3270 5500 quantitatem
3297 5433 3484 5491 valeat,
3523 5437 3706 5500 aut,__SI

2165 5493 2359 5573 lita-Vis,
2389 5493 2610 5563 molem;
2637 5493 2791 5570 δῖνον(
2815 5513 2872 5573 ut
2900 5493 3132 5573 fortasse
3164 5504 3217 5556 in
3252 5503 3458 5573 Didymi
3495 5493 3707 5573 librat):

2163 5572 2366 5638 Spiritu
2398 5584 2600 5636 sancto,
2633 5564 2895 5636 ιιιιιιιξῖϐ,
2922 5564 3491 5641 vertitHierouymus),
3513 5564 3708 5620 vastita-

2165 5653 2287 5713 tetn.
2322 5641 2506 5709 Itaque
2536 5644 2758 5713 cwlosie
2789 5644 3243 5713 contrario_vocat
3273 5643 3523 5713 Didymus
3551 5647 3702 5713 segtpo

2164 5712 2268 5766 155
2321 5729 2372 5771 a,
2423 5701 3011 5782 ’παμμεγεθεστὰτους.
3065 5711 3184 5767 Jam
3237 5701 3588 5782 vero'Censot:
3611 5701 3704 5782 ille,

2176 5784 2324 5852 cujus
2357 5775 2573 5837 memini
2603 5775 2717 5837 not.
2745 5784 2834 5847 40,
2871 5775 2990 5853 pag.
3038 5783 3129 5851 '55,
3164 5799 3226 5840 ex
3273 5797 3338 5839 eo
3381 5783 3515 5854 quod
3557 5775 3703 5831 Deum
