4004 6416
211 327 309 383 33

1409 335 1496 392 DE
1535 337 1912 395 TRINITATE
1950 338 2156 396 LIBER
2195 334 2485 394 PRIMUS.

3465 337 3573 393 33-3

218 443 334 498 tusi.
359 445 600 520 ἀνάγκη
644 451 897 519 αὐτοὺς
937 456 1167 509 ἁπαιτεί
1192 454 1353 527 (ὅπερ
1393 455 1489 508 καὶ
1517 457 1720 510 ἐννοεῖν
1747 474 1883 525 σφα-

1996 455 2166 524 ﬁgura
2217 450 2428 506 alienus
2453 449 2595 503 Deus
2623 449 2879 512 Verbum,
2912 449 3365 518 quemadmodum
3407 451 3570 504 etiam

222 535 375 607 λερδν
397 537 420 608 )
441 579 458 604 ,
492 540 808 615 πρότερον
863 546 1185 616 ὑποστῆσαι
1213 541 1304 598 τοῦ
1346 546 1582 618 ἀνάρχου
1608 547 1702 601 καὶ
1741 549 1876 600 ἀπε-

240 631 491 702 ρινοήτου
523 632 680 688 Θεοῦ
716 639 836 692 καὶ
868 640 1094 711 Πατρὸς
1119 638 1322 710 χρόνον,
1362 639 1455 692 καὶ
1482 637 1624 692 οὕτω
1653 639 1882 710 συγκρί-

248 739 380 777 νειν.
433 724 794 795 ¹Ἄνθρωποι
853 729 918 782 δὲ
964 727 1183 781 εἰώθασι
1231 725 1481 797 μείζονας
1525 728 1710 780 καλεῖν
1757 729 1885 790 τοὺς

267 813 440 884 “(iam
470 813 574 884 τὴν
602 815 846 883 γένεσιν
895 816 1326 889 προειληφότας,
1369 817 1508 870 κατὰ
1555 817 1646 870 τὸν
1700 816 1885 870 Ἰσαὰκ

289 904 704 977 διαταττόμενον
724 925 740 938 ο
791 907 860 963 Ὀ
886 907 1102 978 μείζων
1129 909 1446 962 δουλεύσει
1474 907 1554 973 τῷ
1583 908 1882 963 ἐλάττονι.

308 999 435 1052 Οὐδὲ
474 997 542 1061 ὼς
581 997 772 1063 αἴτιος
798 1017 814 1031 ο
865 1001 929 1052 οὐ
977 1000 1086 1071 γὰρ
1126 999 1298 1062 αἴτιος
1357 996 1546 1053 αύτοῦ.
1613 999 1885 1070 Ἀναρχος

310 1091 416 1160 γὰρ
441 1092 524 1144 n‘t
542 1091 570 1142 ὁ
598 1091 912 1162 μονογενὴς
941 1091 1065 1154 Υίὸς
1083 1089 1294 1161 ἐδείχθη
1313 1107 1326 1121 ·
1352 1090 1474 1143 ἐπεὶ
1497 1089 1697 1161 ὁμοίως
1720 1088 1884 1143 αὐτοῦ

311 1201 373 1237 τε
421 1184 503 1238 καὶ
540 1182 708 1254 ⁴ἡμῶν
772 1182 1004 1254 μείζων·
1055 1182 1191 1252 ὅπερ
1247 1180 1321 1253 μὴ
1365 1180 1575 1250 γένοιτο
1621 1181 1795 1232 εἰπεῖν
1850 1179 1882 1250 ἣ

309 1274 548 1329 ἀκοῦσαι.
598 1274 741 1327 Οὑδέ
783 1273 925 1327 κατὰ
965 1271 1064 1344 τὴν
1096 1271 1281 1325 οὐσίαν
1328 1272 1422 1324 καὶ
1461 1269 1523 1323 τὺ
1564 1271 1747 1342 ὅμοιον
1771 1285 1784 1298 ·
1827 1270 1885 1336 ἐξ

305 1369 467 1423 αὑτοῦ
497 1368 609 1440 γὰρ
639 1368 716 1432 ὡς
746 1365 1057 1437 Μονογενὴς
1089 1365 1240 1438 παρὰ
1279 1365 1492 1436 Πατρὸς
1540 1363 1754 1435 πλήρης
1783 1363 1885 1433 χὰ-

303 1478 448 1532 ριτος
491 1461 590 1513 καὶ
629 1458 908 1529 ἀληθείας,
957 1459 1050 1511 κα).
1086 1457 1161 1520 ὡς
1193 1458 1480 1529 χαρακτὴρ
1509 1455 1608 1526 τῆς
1651 1457 1886 1510 ὑποστά-

297 1571 440 1615 σεως
469 1552 610 1623 πρὸς
652 1553 868 1605 ἅπαντα
912 1549 987 1603 ὢν
1024 1550 1310 1620 χαρακτὴρ
1335 1591 1348 1612 ,
1374 1550 1469 1602 καὶ
1497 1550 1573 1613 ὡς
1599 1549 1762 1603 εἰκὼν
1791 1549 1884 1602 τοῦ

291 1645 460 1708 Θεοῦ,
494 1645 561 1714 ἢν
588 1647 616 1696 ὁ
640 1641 900 1715 ἑωρακὼς
940 1641 1152 1713 ἑώρακε
1181 1643 1270 1695 τὸν
1300 1643 1536 1714 Πατέρα.
1591 1643 1694 1698 Ἐν
1725 1640 1887 1708 αὺτῷ

292 1738 410 1808 γὰρ
462 1733 735 1789 κατοικεῖ
777 1733 899 1789 πᾶν
950 1733 1017 1786 τὸ
1075 1733 1365 1804 πλήρωμα
1404 1734 1515 1804 τῆς
1564 1735 1883 1803 θεότητοςο

1985 544 2171 608 Pater,
2202 552 2257 599 et
2284 550 2507 597 sanctus
2537 539 2680 595 illius
2710 538 2987 609 Spiritus;
3033 552 3088 594 et
3111 557 3138 592 a
3176 542 3319 595 nulla
3353 542 3569 609 quidem

1987 651 2048 691 re
2079 637 2195 705 ipse
2243 634 2576 700 continetur,
2612 633 2795 687 omnia
2840 647 2969 688 vero
3005 633 3058 687 in
3103 648 3161 687 se
3212 633 3471 701 continet,
3507 648 3574 688 eo

1988 725 2134 797 quod
2168 724 2411 779 omnium
2440 725 2601 778 etiam
2628 725 3067 793 magnitudinum
3112 724 3439 794 principium
3463 734 3570 792 est,

1990 823 2177 885 utpote
2206 829 2394 870 earum
2436 814 2634 870 factor.
2672 815 2952 880 Quomodo
2987 815 3130 868 enim
3178 815 3230 868 in
3279 816 3571 884 supremis,

1987 913 2043 961 et
2077 906 2437 976 incorporeis.
2478 915 2534 959 et
2567 905 2764 960 divinis
2801 905 3184 976 hypostasibus
3233 909 3570 977 magnitudo,

1987 1011 2083 1052 seu
2113 997 2406 1068 quantitas,
2446 1010 2570 1052 esse
2630 998 2850 1064 potest?
2894 995 3004 1052 Nec
3061 997 3238 1066 quoad
3300 1000 3576 1052 aeternita-

1991 1101 2135 1153 tem;
2170 1088 2368 1142 etenim
2399 1104 2504 1142 una
2534 1103 2658 1142 cum
2690 1087 2850 1143 Patre
2879 1091 3213 1144 coexsistens
3245 1101 3351 1157 est,
3386 1096 3576 1160 utpote

1989 1180 2246 1250 splendor
2298 1179 2484 1251 gloriae
2551 1180 2732 1246 illius,
2808 1191 2862 1236 et
2905 1198 3009 1237 non
3081 1183 3288 1238 habens
3343 1195 3469 1239 ante
3516 1200 3576 1240 se

1991 1274 2182 1329 Deum.
2211 1271 2367 1337 Nam,
2399 1271 2466 1326 In
2495 1273 2779 1342 principio,
2822 1275 3016 1344 inquit,
3046 1285 3157 1329 erat
3187 1272 3436 1330 Verbum.
3471 1275 3576 1334 Ne-

1989 1379 2098 1432 que
2149 1379 2281 1418 vero
2343 1365 2486 1420 Deus
2547 1377 3022 1421 commensuratur
3091 1367 3343 1437 tempori,
3399 1385 3576 1440 neque

1990 1457 2163 1512 factor
2205 1457 2429 1513 factum
2465 1479 2478 1514 :
2511 1460 2754 1530 alioquin
2812 1459 3112 1515 necessitas
3142 1475 3238 1515 eos
3275 1460 3407 1515 illuc
3454 1463 3573 1517 adi-

1989 1559 2097 1620 get,
2131 1559 2192 1604 ut
2225 1561 2351 1607 ante
2384 1561 2671 1619 :cternum,
2711 1563 2767 1607 et
2793 1562 2991 1606 creatae
3045 1553 3212 1607 menti
3269 1554 3577 1625 incompre-

1991 1643 2308 1699 hensibilem
2344 1645 2512 1698 Deum
2568 1643 2814 1708 Patrem,
2870 1654 3082 1714 tempus
3119 1644 3424 1702 subsiSIens
3478 1663 3576 1717 po-

1991 1745 2148 1801 nant,
2185 1751 2250 1792 ac
2283 1747 2393 1790 tum
2437 1737 2900 1806 comparationem
2943 1738 3228 1792 instituant
3261 1756 3274 1792 :
3321 1738 3465 1808 quod
3491 1738 3576 1794 vel

290 1830 608 1884 ἐπισπᾶται
643 1829 701 1881 δὲ
741 1827 896 1880 τοῦτο
936 1826 1210 1898 μαρτυρία
1267 1827 1363 1880 καὶ
1403 1827 1483 1892 τὸ,
1531 1827 1886 1898 Ποιήσωμεν

1995 1831 2230 1900 cogitare
2259 1829 2626 1900 periculosum
2680 1838 2784 1884 est.
2849 1828 3265 1885 Consueverunt
3296 1842 3475 1886 autem
3505 1832 3574 1887 ab

291 1922 624 1992 ἄνθρωπον
665 1923 794 1975 κατ’
845 1921 1048 1974 εἰκόνα
1090 1919 1188 1973 καὶ
1232 1919 1518 1988 ὁμοίωσιν
1565 1920 1880 1990 ἡμετέραν.

293 2014 438 2082 Οὐδὲ
489 2011 634 2066 κατὰ
673 2011 952 2080 ποιότητος
990 2008 1268 2062 ἐπίτασιν·
1308 2009 1432 2062 ἐπεὶ
1481 2009 1556 2081 μὴ
1601 2009 1885 2082 ποιότητες

296 2081 369 2159 ai‘
399 2106 546 2158 Θεῖαι
575 2105 669 2156 καὶ
691 2103 988 2174 ἀπόρρητοι
1027 2101 1353 2165 ὑποστάσεις
1378 2117 1391 2131 ·
1435 2103 1493 2154 ἐν
1533 2102 1748 2172 σώμασι
1775 2081 1885 2174 γὰρ

294 2202 332 2268 ἡ
364 2199 598 2268 ποιότης
618 2215 630 2228 ·
666 2199 719 2250 αἱ
746 2197 802 2249 δὲ
835 2194 1116 2265 ἀσώματοι
1136 2235 1150 2258 ,
1177 2195 1269 2248 καὶ
1303 2195 1516 2266 νοηταί.
1565 2195 1726 2249 Ἀλλὰ
1751 2196 1886 2268 μηδέ

298 2292 544 2345 νοεῖσθαι
595 2289 849 2344 δύνασθαι
898 2287 1026 2359 περὶ
1066 2286 1266 2354 αὐτῶν,
1309 2287 1386 2352 ὡς
1431 2287 1516 2360 εἴη
1569 2288 1664 2343 τοῦ
1717 2289 1885 2342 καλοῦ

301 2383 545 2446 κάλλιον,
582 2382 674 2436 καὶ
705 2380 797 2434 τοῦ
824 2378 1100 2441 καλλίονος
1129 2378 1342 2449 βέλτιον
1390 2381 1789 2452 παραπλησίως
1818 2382 1884 2451 τῇ

301 2479 434 2547 περὶ
463 2475 622 2529 ἄλλου
668 2475 897 2549 λεγούσῃ
944 2472 1156 2528 Παύλου
1209 2476 1357 2545 φωνῇ
1384 2491 1397 2505 ·
1435 2473 1587 2527 Νυνὶ
1616 2473 1685 2526 δὲ
1718 2471 1887 2542 μένει

298 2569 375 2620 τὰ
403 2568 537 2635 τρία
568 2565 753 2621 ταῦτα
775 2582 790 2596 ⁶
825 2569 1048 2631 πίστις,
1082 2565 1279 2632 ἐλπὶς,
1320 2564 1520 2634 ἀγάπη
1542 2581 1556 2595 ⁸
1583 2561 1796 2634 μείζων
1821 2562 1888 2616 δὲ

298 2659 536 2711 τούτων
568 2659 605 2725 ή
633 2656 830 2728 ἀγάπη
859 2673 874 2688 ·
914 2656 1000 2709 διὰ
1034 2655 1142 2726 γὰρ
1182 2655 1281 2726 τὴν
1326 2657 1406 2719 είς
1451 2653 1653 2726 ἀρετὴν
1693 2654 1886 2706 ἐπίτα-

303 2768 410 2813 σιν,
453 2750 745 2819 ἀπένειμεν
782 2751 848 2820 τῇ
893 2748 1082 2820 ἀγάπῃ
1115 2748 1177 2800 τὸ
1218 2745 1394 2817 μείζω
1418 2788 1432 2801 .
1477 2747 1887 2817 Ἀγαπήσαντες

299 2840 437 2910 γὰρ,
480 2840 642 2910 φησὶ,
671 2841 1067 2909 πιστεύομεν
1097 2839 1188 2892 καὶ
1224 2840 1684 2903 πιστεύσαντες,
1716 2837 1881 2892 ἐλπὶ-

299 2926 480 2998 ζομεν
521 2925 1006 2995 συμϐασαιεῦσαι
1043 2923 1123 2990 τῷ
1162 2922 1415 2992 Χριστῷ.
1457 2924 1522 2976 Εἰ
1551 2923 1661 2993 γὰρ
1689 2921 1888 2994 ἀληθὲς

301 3015 384 3079 ὦ,
417 3011 523 3083 Εἷς
547 3017 710 3082 Θεὸς,
745 3016 841 3070 καὶ
872 3017 955 3080 τὸ,
990 3018 1124 3072 Ἵνα
1148 3015 1406 3087 γένησθε
1427 3015 1592 3080 θείας
1615 3013 1884 3067 κοινωνοὶ

309 3109 400 3183 [16
430 3109 486 3180 b]
531 3110 790 3177 φύσεως,
833 3109 930 3161 καὶ
969 3109 1111 3178 οὐχ),
1145 3107 1360 3178 φύσεων
1386 3123 1401 3137 ·
1437 3107 1494 3159 ἓν
1523 3103 1663 3159 εἶναι
1704 3105 1797 3159 καὶ
1827 3105 1888 3156 τὸ

307 3199 432 3253 καθ’
479 3199 625 3263 ἅπαξ
657 3199 821 3252 καλὸν
853 3197 1262 3258 ἀποδέδεικται,
1315 3196 1459 3267 φημὶ
1505 3195 1562 3248 δέ
1606 3192 1883 3265 ὴθεὸτης.

312 3293 454 3346 Οὐδὲ
481 3292 617 3345 κατὰ
660 3292 721 3345 τὸ
754 3291 897 3346 ἴσον·
933 3291 1103 3352 διότι,
1149 3291 1337 3358 Μέγας
1372 3288 1467 3342 καὶ
1507 3287 1601 3340 ἐπὶ
1644 3287 1883 3351 πάντων,

312 3387 636 3457 γέγραπται,
668 3385 796 3448 Θεὸς
825 3386 853 3437 ὁ
883 3383 1031 3447 Υἱὸς,
1081 3382 1194 3434 ἴσον
1236 3382 1424 3435 ἐαυτὸν
1459 3379 1628 3433 ποιῶν
1660 3378 1738 3449 τῷ
1768 3379 1883 3431 Πα-

314 3483 425 3553 “rei,
460 3483 568 3542 καὶ,
611 3480 852 3550 Ὀμνύων
890 3478 1011 3532 καθ’
1054 3477 1283 3544 ἐαυτοῦ,
1321 3475 1508 3547 ἐπειδὴ
1543 3476 1618 3546 μὴ
1647 3475 1758 3546 ἔχει
1791 3472 1884 3526 τὸν

319 3574 555 3644 μείζονα.
602 3573 734 3626 Οὐδὲ
779 3572 921 3626 κατὰ
967 3571 1065 3643 τὴν
1099 3569 1348 3640 δύναμιν.
1386 3566 1700 3637 Γέγραπται
1735 3565 1842 3634 γάρ
1869 3579 1883 3594 ·

315 3667 544 3736 Χριστὸν
569 3665 702 3719 Θεοῦ
730 3663 957 3734 δύναμιν
985 3663 1079 3717 καὶ
1103 3663 1240 3715 Θεοῦ
1269 3661 1462 3730 σοφίαν
1485 3677 1498 3690 ’
1533 3658 1650 3722 καὶ,
1682 3657 1888 3711 Πάντα

311 3757 432 3814 ὅσα
461 3758 536 3812 ἂν
573 3757 713 3826 ποιῇ
739 3760 772 3811 ὸ
817 3757 1016 3826 Πατὴρ
1058 3757 1157 3810 καὶ
1205 3757 1239 3808 ό
1285 3753 1416 3819 Υἱὸς
1453 3753 1667 3822 ὁμοίως
1707 3749 1882 3804 ποιεῖ.

308 3851 448 3904 Οὐδὲ
490 3850 634 3903 κατὰ
659 3849 756 3920 τὴν
804 3849 980 3916 δόξαν,
1024 3848 1058 3919 ἦ
1101 3865 1152 3900 τι
1203 3845 1442 3916 ἀξίωμα.
1496 3846 1567 3898 El
1611 3843 1720 3913 γὰρ
1752 3841 1886 3910 ᾖδε-

306 3962 454 4006 σαν,
481 3945 666 4014 φησὶν,
699 3945 807 3996 οὐκ
840 3941 918 3995 ἂν
949 3941 1055 3995 τὸν
1083 3941 1302 4009 Κύριον
1329 3937 1440 4006 τῆς
1468 3936 1654 4003 δόξης
1673 3935 1889 3989 ἐσταύ-

305 4052 535 4106 ρωσαν.
597 4033 704 4087 Καὶ
752 4033 960 4104 Θέλημά
1000 4033 1115 4084 ἐστι
1174 4030 1268 4083 τοῦ
1332 4028 1548 4100 Πατρὸς
1601 4027 1744 4081 κατὰ
1793 4027 1886 4079 τὸν

322 4128 599 4197 Ἰωάννην,
644 4126 776 4181 Ἵνα
819 4123 1038 4190 πάντες
1063 4123 1272 4193 τιμῶσι
1318 4121 1426 4176 τὸν
1479 4119 1638 4186 my,
1688 4119 1884 4184 καθὼς

313 4217 526 4287 τιμῶσι
567 4216 674 4269 τὸν
712 4215 958 4284 Πατέρα.
995 4213 1145 4267 Κατὰ
1177 4213 1230 4266 τί
1257 4207 1350 4266 οὖν
1379 4211 1565 4264 λοιπὸν
1592 4210 1655 4264 τὸ
1677 4209 1885 4280 μείζω,

320 4396 481 4465 hujus
515 4398 696 4468 operis
752 4407 938 4451 auctor
982 4395 1126 4449 dicat
1172 4391 1706 4468 apsyéOq,_aliisque
1748 4409 1885 4468 non-_

320 4462 482 4523 nuilis
513 4462 813 4536 hujustnodi
845 4462 1640 4536 locutionibusiutatur’,intulit
1667 4479 1790 4518 eum
1818 4465 1883 4536 ad

1989 1921 2306 1977 hominibus
2339 1922 2580 1992 majores
2611 1923 2796 1977 vocari
2829 1922 2929 1984 illi,
2962 1923 3054 1992 qui
3088 1931 3329 1992 tempore
3362 1924 3575 1992 priores

1986 2014 2226 2084 generati
2275 2023 2422 2076 sunt,
2464 2013 2622 2082 juxta
2665 2013 2794 2068 illud
2839 2013 3009 2069 lsaaci
3039 2023 3366 2084 praeceptum
3401 2033 3414 2069 :
3452 2011 3573 2068 Μα-

1979 2105 2072 2175 jor
2105 2106 2218 2176 (66)
2257 2109 2444 2162 serviet
2483 2108 2699 2161 minori.
2733 2105 2920 2176 Neque
2955 2117 3010 2160 ut
3046 2121 3243 2173 causa;
3297 2119 3399 2161 nec
3426 2109 3571 2160 enim

1987 2207 2070 2252 est
2112 2197 2256 2252 illius
2299 2213 2465 2254 causa
2535 2216 2550 2253 :
2603 2215 2726 2254 cum
2775 2196 2949 2254 Filius
3009 2213 3224 2269 quoque
3263 2200 3574 2268 unigenitus

1987 2287 2254 2357 principio
2313 2304 2506 2344 carens
2543 2299 2792 2345 ostensus
2830 2291 2902 2345 sit
2937 2309 2950 2344 :
3001 2289 3240 2358 alioquin
3282 2291 3443 2344 simili
3487 2307 3576 2344 ιλ·
3624 2283 3634 2290 ’

1988 2380 2132 2432 tione
2161 2380 2297 2449 ipso,
2335 2396 2400 2434 ac
2433 2382 2617 2446 nobis,
2665 2382 2841 2452 major
2876 2389 3023 2437 esset
3068 2381 3260 2449 Pater;
3301 2383 3442 2451 quod
3477 2383 3574 2436 ab-

1988 2471 2059 2524 sit
2098 2480 2156 2524 ut
2190 2473 2458 2536 dicamus,
2491 2482 2584 2527 aut
2634 2473 2838 2528 dicenti
2869 2487 3031 2528 aures
3059 2473 3396 2542 prtebeamus
3433 2472 3570 2545 (67).

1985 2562 2096 2635 40
2120 2563 2307 2632 Neque
2324 2567 2499 2632 quoad
2517 2568 2834 2632 essentiam,
2851 2575 2905 2622 et
2927 2566 3340 2622 similitudinem
3367 2585 3380 2620 :
3407 2582 3468 2621 ex
3506 2583 3574 2623 eo

1989 2659 2132 2709 enim
2167 2665 2252 2709 est
2284 2658 2426 2712 sicut
2457 2657 2784 2727 Unigenitns
2823 2674 2852 2712 a
2909 2657 3087 2723 Patre,
3148 2661 3334 2729 plenus
3384 2663 3575 2730 gratia;

1989 2753 2042 2798 et
2077 2746 2354 2813 veritatis;
2398 2755 2452 2802 et
2505 2750 2646 2804 sicut
2700 2749 2983 2805 character
3029 2753 3413 2824 hypostaseos,
3457 2753 3576 2808 sive

1989 2839 2332 2901 substantiae,
2371 2839 2526 2909 isque
2575 2840 2698 2896 talis
2738 2853 2796 2896 ut
2828 2845 3004 2911 quoad
3034 2845 3216 2900 omnia
3274 2844 3342 2900 sit
3376 2847 3576 2899 chara-

1989 2938 2106 2984 cter
2137 2928 2384 2998 perfecte
2437 2941 2874 3000 repraesentans;
2927 2943 2983 2989 et
3035 2934 3176 2990 sicut
3226 2935 3402 3006 imago
3458 2937 3575 3002 Dei,

1989 3035 2152 3084 quam
2182 3021 2274 3089 qui
2304 3021 2462 3087 vidit,
2491 3021 2630 3077 vidit
2661 3023 2878 3081 Patrem
2931 3043 2945 3079 :
2995 3027 3198 3082 etenim
3233 3029 3288 3081 in
3316 3031 3431 3096 ipso
3463 3029 3576 3101 (68)

1990 3111 2251 3165 inhabitat
2284 3115 2452 3167 omnis
2476 3114 2750 3183 plenitudo
2781 3117 3097 3172 divinitatis.
3141 3116 3219 3173 Ex
3261 3123 3576 3176 testimonio

1994 3213 2177 3258 autem
2220 3201 2513 3275 Scriptura:
2556 3206 2660 3260 hoc
2715 3207 2968 3272 infertur,
3004 3220 3056 3262 et
3085 3227 3151 3264 ex
3208 3210 3315 3265 illis
3344 3214 3523 3268 verbis
3557 3231 3574 3270 :

1997 3294 2288 3350 Faciamus
2323 3297 2434 3370 (69)
2477 3298 2741 3352 hominem
2775 3302 3058 3353 secundum
3093 3303 3398 3371 imaginem.
3429 3316 3476 3358 et
3505 3308 3580 3359 si-

1990 3392 2344 3444 militudinem
2385 3400 2642 3446 nostram.
2702 3387 2890 3459 Neque
2927 3393 3109 3461 quoad
3154 3394 3435 3463 qualitatis
3489 3396 3580 3451 in-

1989 3482 2338 3538 tensionem:
2390 3484 2648 3552 quoniam
2702 3483 2992 3552 qualitates
3041 3499 3150 3538 non
3185 3495 3332 3551 sunt,
3383 3487 3579 3544 divinte

1989 3584 2044 3630 et
2104 3573 2408 3629 inetl‘abiles
2471 3589 2764 3644 personae:
2808 3575 2863 3628 in
2918 3577 3239 3644 corporibus
3299 3579 3442 3631 enim
3493 3590 3580 3634 est

1989 3663 2246 3733 qualitas,
2316 3661 2421 3718 illae
2475 3673 2654 3717 autem
2711 3664 3045 3735 incorporea:
3111 3676 3256 3731 sunt,
3309 3679 3364 3723 et
3415 3669 3578 3733 intel-

1990 3754 2245 3823 ligibiles.
2294 3753 2404 3809 Sed
2443 3769 2513 3810 ne
2557 3754 2691 3809 illud
2749 3756 2970 3825 quidem
3028 3756 3095 3810 de
3149 3758 3286 3825 ipsis
3335 3760 3578 3825 cogitare

1995 3847 2223 3916 potestis
2289 3845 2434 3915 ('70),
2514 3861 2636 3901 esse
2695 3847 2749 3901 in
2809 3848 2916 3904 illis
2983 3849 3212 3917 pulchro
3267 3851 3576 3919 pulchrius,

1995 3945 2050 3991 et
2102 3936 2412 4004 pulchriora
2479 3936 2694 4001 melius,
2728 3951 2836 4006 quo
2875 3939 3038 3993 modo
3108 3937 3305 3995 Paulus
3346 3941 3413 3995 de
3471 3940 3577 3997 alia

1950 4093 1957 4099 α
2002 4043 2064 4082 re
2099 4027 2236 4082 dixit
2272 4046 2286 4082 :
2319 4027 2476 4081 Nunc
2514 4038 2687 4081 autem
2721 4027 2832 4098 (71)
2872 4039 3084 4084 manent
3110 4031 3214 4084 tria
3255 4032 3385 4096 ha'c,
3420 4033 3576 4101 ﬁdes,

2011 4135 2151 4184 spes,
2178 4117 2412 4172 charitas
2459 4137 2478 4173 :
2518 4135 2693 4188 major
2732 4129 2908 4173 autem
2963 4136 3029 4175 ea:
3060 4121 3142 4176 his
3173 4132 3249 4176 est
3303 4123 3577 4190 charitas;

1997 4225 2118 4262 nam
2201 4210 2522 4266 cbaritatem
2591 4211 2850 4280 majorem
2913 4212 3068 4284 (72)
3139 4214 3311 4279 dixit,
3352 4216 3421 4271 ob
3492 4217 3578 4272 iu-

1992 4406 2143 4446 reses
2167 4394 2460 4462 scripsere.
2499 4393 2632 4448 Vide
2667 4409 2834 4462 segm.
2869 4393 2938 4447 58
2965 4411 3015 4450 τι.

2065 4463 2176 4534 (66)
2202 4461 2396 4532 Major.
2422 4465 2558 4518 Gen.
2595 4479 2718 4524 xxv,
2739 4461 2836 4518 '25.
2867 4463 3056 4518 Graeca
3089 4461 3276 4528 editio,
3301 4461 3573 4518 ἐλάσσονι.

320 4537 465 4592 Petri
501 4531 784 4593 Loinbardi
819 4551 1053 4605 tempora
1093 4535 1384 4603 pertinere.
1433 4531 1668 4587 N’est-ce
1697 4551 1788 4600 pas
1810 4534 1884 4600 ιὰ,

323 4611 518 4672 inquit,
560 4626 660 4661 une
686 4608 870 4672 phrase
901 4609 964 4661 de
1001 4604 1180 4660 Pierre
1211 4603 1508 4665 Lombard,
1543 4621 1611 4657 ou
1645 4605 1708 4656 de
1737 4604 1887 4672 quel-

1996 4531 2254 4656 Didgutus
2286 4535 2487 4598 Attice,
2520 4535 2786 4589 ἐλάττονι.

2068 4609 2084 4672 (
2127 4604 2182 4668 7)
2222 4603 2390 4658 Aures
2437 4609 2782 4671 prazbeamus.

323 4611 518 4676 inquit,
560 4626 660 4661 une
686 4608 870 4673 phrase
901 4603 964 4661 de
1001 4604 1180 4660 Pierre
1211 4603 1611 4676 Lombardtou
1632 4605 1708 4676 tie
1737 4604 1888 4672 quel-

326 4673 567 4750 φείσαιτο
602 4680 892 4748 théologien
930 4678 992 4731 de
1024 4695 1124 4750 son,
1148 4675 1367 4750 temps
1394 4677 1471 4750 _At
1500 4673 1729 4750 {Syrillus
1759 4689 1892 4750 quo-

326 4743 429 4814 que
457 4743 852 4802 Alexandrinus
885 4763 989 4802 non
1019 4747 1204 4800 multis
1243 4760 1271 4796 a
1309 4743 1518 4813 Didymi
1551 4745 1700 4796 obitu
1731 4745 1890 4798 anuis

329 4819 492 4873 Deum
538 4820 669 4872 dixit
696 4818 936 4890 ἀμεγέοη
957 4859 972 4881 ,
1023 4817 1073 4871 id
1105 4825 1209 4880 est,
1245 4814 1632 4890 magnitudinis
1666 4815 1893 4890 (nempe

328 4890 677 4956 quantitatis)
728 4883 1005 4955 expertem,
1060 4897 1193 4942 tom.
1245 4883 1309 4956 Υ,
1342 4898 1493 4956 _pag.
1537 4883 1892 4956 59i.'_Simili

333 4953 485 5013 modo
525 4953 832 5012 substantia:
874 4973 1085 5027 quoque
1131 4953 1453 5008 vocabulum
1484 4954 1636 5021 quasi
1672 4954 1778 5027 Deo
1810 4955 1896 5008 in-

332 5031 545 5098 dignum
571 5031 806 5084 nonnulli
837 5025 1020 5082 Patres
1043 5028 1369 5098 habuerunt,
1403 5039 1466 5076 ac
1497 5025 1769 5098 essentiam
1792 5040 1896 5098 _p_o-

337 5095 457 5163 tius,
483 5117 640 5168 quam
667 5100 1022 5155 substantiam
1051 5097 1139 5151 Dei
1170 5097 1456 5168 dicendam
1483 5096 1582 5146 rati
1597 5104 1761 5168 _sunt_.
1783 5095 1897 5168 illa-

335 5162 572 5236 nifesuim
622 5181 696 5222 est
738 5170 955 5238 (inquit
1013 5167 1342 5238 Augustinus
1371 5164 1404 5216 Ι.
1455 5179 1548 5216 vm
1587 5162 1687 5238 De
1718 5163 1894 5229 Trin.,

333 5233 449 5306 cap.
475 5241 507 5293 5
532 5243 549 5306 )
606 5233 769 5293 Deum
797 5233 1007 5293 abusive
1033 5233 1377 5306 substantiam
1405 5240 1604 5287 vocari.
1629 5233 1895 5288 Nimirum

332 5311 385 5362 hi
405 5305 759 5365 substantiam
790 5311 1125 5378 spectabant,
1148 5316 1207 5361 ut
1237 5321 1264 5357 a
1295 5305 1670 5378 Peripateticis
1694 5308 1899 5360 descri-

331 5381 495 5442 bitur,
533 5375 900 5435 accidentibus
938 5380 1224 5434 obnoxiam
1261 5390 1324 5428 ac
1348 5376 1513 5428 veluti
1552 5375 1892 5429 substantem.

325 5450 460 5504 Aliis
490 5466 619 5504 vero
651 5450 955 5517 hujusmodi
991 5445 1372 5507 locutiouibus,
1413 5459 1558 5517 quas
1592 5446 1749 5517 hodie
1776 5447 1898 5513 quis

325 5522 600 5574 immerito
637 5514 961 5574 recentiores
993 5517 1291 5584 putaverit,
1322 5525 1376 5569 et
1415 5514 1754 5568 scholasticas
1801 5532 1900 5569 no-

327 5593 638 5652 minaverit,
674 5591 873 5658 passim
904 5605 1032 5642 usus
1063 5600 1144 5642 est
1175 5595 1303 5658 ante
1331 5584 1636 5658 Didymum,
1673 5596 1738 5658 uti
1767 5587 1900 5639 reli-

327 5676 465 5727 quos
493 5655 760 5725 omittam,
787 5661 1039 5714 Clemens
1065 5655 1462 5727 Alexandrinus
1485 5671 1498 5717 ;
1532 5656 1742 5727 Didymi
1773 5671 1900 5708 vero

327 5724 508 5796 étate,
554 5743 647 5784 aut
699 5724 820 5800 pust
865 5732 1074 5798 ipsum,
1118 5729 1152 5780 ii
1188 5726 1525 5800 potissimum
1583 5724 1769 5779 Patres
1808 5728 1898 5793 qui

331 5795 517 5854 contra
547 5795 861 5857 subtiliores
885 5795 1322 5862 Blatticbxorum,
1348 5802 1401 5851 et
1429 5795 1758 5852 Arianorum
1790 5799 1896 5852 ba:-

2127 4604 2182 4668 7)
2222 4603 2390 4658 Aures
2437 4609 2782 4671 prazbeamus.
2831 4602 3246 4657 Consueverunt
3275 4601 3572 4660 Christiani

1993 4685 2229 4736 veteres,
2259 4674 2347 4730 ubi
2382 4676 2607 4744 impium
2647 4674 2848 4741 aliquid
2891 4689 2920 4724 a
2966 4689 3250 4744 quoquam
3283 4674 3575 4740 diceretur,

1997 4759 2160 4796 aures
2188 4743 2472 4799 obturare.
2493 4744 2674 4811 Itaque
2704 4745 3064 4813 Hieronymus
3092 4743 3351 4813 inprimo
3387 4745 3580 4796 adver-

1994 4831 2085 4867 sus
2122 4813 2370 4881 Ruﬁnum
2396 4830 2414 4868 :
2446 4810 2660 4884 Lectis,
2682 4813 2878 4883 inquit,
2908 4810 3094 4881 'nuper
3121 4810 3396 4874 Theophili
3425 4830 3578 4884 papa:

1996 4885 2252 4953 epistolis,
2292 4885 2348 4938 in
2392 4886 2578 4955 quibus
2627 4883 3088 4952 Origenisexponit
3123 4885 3580 4955 erroresLdicitur

1997 4951 2270 5008 o'bturasse
2312 4951 2464 5008 aures
2511 4972 2656 5008 suas.
2699 4951 3032 5008 Athanasius
3069 4969 3196 5007 vero
3238 4957 3289 5006 in
3335 4951 3579 5018 Epistola

1998 5031 2067 5096 ad
2099 5024 2368 5096 solitarios
2403 5040 2422 5078 :
2459 5025 2555 5088 Τίς
2584 5025 2825 5086 ἀκούσας
2855 5025 2916 5077 οὑ
2955 5023 3268 5096 δακρύσειε,
3297 5025 3452 5094 ’τάχα
3485 5024 3580 5096 καὶ

1997 5095 2096 5166 τὴν
2137 5095 2305 5166 ἀκοὴν
2349 5095 2600 5160 κλείσειε,
2643 5096 2732 5149 ἴνα
2771 5096 2908 5166 μηδὲ
2950 5093 3146 5166 ἐτέρου,
3182 5093 3432 5161 λέγοντος
3488 5095 3580 5146 ἁν-

1998 5164 2226 5236 ἑχηται;
2253 5164 2304 5218 id
2338 5179 2442 5230 est,
2469 5170 2584 5236 quis
2607 5169 2718 5219 ha'c
2747 5164 2964 5219 audiens
3000 5164 3102 5236 non
3131 5165 3331 5233 lugeat,
3367 5174 3457 5216 aut
3483 5181 3581 5236 auj

2001 5234 2267 5288 res‘etiam
2291 5254 2394 5290 non
2417 5234 2622 5290 obturet
2654 5253 2714 5288 ne
2735 5237 2958 5288 alterum
3003 5235 3258 5300 dicentem
3285 5237 3534 5287 sustineat
3558 5234 3584 5284 2’

2002 5304 2202 5359 Morem
2235 5305 2376 5361 hunc
2401 5308 2599 5374 szepius
2634 5307 2854 5375 respicit
2888 5305 3164 5374 Didymus.
3195 5303 3330 5359 Vide
3359 5301 3582 5367 non“,

1999 5376 2303 5446 pag.76,Aet
2344 5392 2512 5446 segni.
2553 5376 2622 5430 55
2655 5395 2707 5441 ιι,
2740 5386 2846 5429 etc.

2073 5445 2186 5513 (68)
2225 5444 2286 5516 in
2321 5444 2454 5516 ipso.
2485 5448 2692 5502 Coloss.
2729 5461 2789 5509 tt,
2820 5447 2871 5502 9.

2072 5516 2186 5586 (69,
2214 5515 2517 5586 faciamus.
2550 5516 2688 5570 Gen.
2716 5533 2754 5579 ι,
2780 5517 2870 5570 26.

2217 5585 2464 5658 Potestis.
2492 5587 2657 5655 Lego,
2681 5586 2948 5658 δύνασθε.

2074 5652 2190 5726 (71)
2236 5652 2394 5710 Nunc
2433 5652 2627 5711 autem.
2681 5656 2703 5710 Ι
2746 5657 2872 5712 Cor.
2937 5673 3056 5724 χιιι,
3129 5654 3223 5721 ⁸15,
3271 5652 3358 5707 ubi
3396 5663 3584 5716 voces.

2002 5727 2071 5781 τὰ
2098 5727 2423 5798 τρίαγταῧτα
2452 5738 2864 5798 postpununtur.
2939 5797 2942 5798 ν
3024 5781 3027 5786 .

2075 5787 2186 5867 (ῚΞ)
2217 5787 2494 5867 Majoreni.
2516 5787 2735 5854 Videtur
2760 5797 3042 5869 legendum
3071 5795 3122 5850 iu
3148 5793 3353 5862 Grazco,
3382 5791 3442 5844 τὸ
3465 5787 3587 5863 μεί-
