4004 6426
455 381 566 438 355

1708 374 1948 431 DIDYMI
1986 373 2461 431 ALEXANDRINI

3612 383 3712 441 536

444 499 788 564 :teusionem,
820 512 924 569 qua
950 497 1007 553 in
1039 497 1293 553 virtutem
1330 497 1501 553 tendit
1531 514 1546 552 :
1592 497 1668 552 ait
1690 498 1837 553 enim
1895 497 2041 554 Scri-

2146 499 2244 552 καὶ
2279 497 2532 568 ἀνόμοιον
2559 512 2573 562 ;
2617 494 2704 559 Ὠς
2738 494 2977 568 ἐδείχθη,
3013 497 3132 550 κατ’
3160 495 3332 551 οὐδέν.
3384 496 3495 551 Καὶ
3530 499 3655 568 γοῦν
3686 503 3715 556 ὸ

445 599 614 658 tptura
649 608 665 643 :
702 586 989 658 Diligenter
1022 587 1135 659 (73)
1169 588 1451 654 credimus,
1497 596 1546 641 et
1601 589 1869 643 credentes
1928 606 2043 659 spe-

444 699 635 737 ramus
681 695 901 749 regnare
938 696 1058 733 cum
1114 677 1345 734 Christo.
1383 680 1597 736 Etenim
1648 681 1693 735 si
1729 696 1915 736 verum
1961 691 2045 736 est

459 778 586 833 illud
626 795 640 831 :
678 775 827 831 Unus
873 773 986 847 (τι)
1018 774 1180 839 Deus,
1212 784 1267 829 et
1308 774 1437 829 illud
1468 789 1484 829 :
1516 772 1586 829 Ut
1608 775 1905 846 eﬁiciamini
1928 774 2042 846 (75)

457 870 656 927 divina:
712 878 978 925 consortes
1038 877 1267 932 natum,
1324 881 1431 921 non
1490 882 1621 921 vero
1695 876 2042 934 naturarum;

459 977 626 1016 unum
675 975 893 1030 quoque
941 975 1061 1014 esse
1111 958 1186 1023 id,
1224 960 1365 1029 quod
1404 959 1628 1014 omnino
1688 960 1889 1015 bonum
1935 971 2041 1027 est,

459 1055 886 1117 demonstratur,
911 1066 1106 1119 nempe
1130 1052 1408 1105 deitatem.
1436 1050 1624 1122 Neque
1653 1052 1830 1122 quoad
1859 1066 2042 1120 aequa-

459 1143 704 1211 litatem;
755 1143 880 1213 quia
924 1142 1169 1211 Magnus,
1202 1152 1280 1207 et,
1311 1158 1477 1212 super
1502 1143 1685 1197 omnia
1717 1143 1861 1198 Deus
1908 1142 2045 1198 dici-

462 1246 549 1290 tur
571 1235 738 1293 Filius
764 1235 820 1290 in
855 1234 1159 1305 Scriptura,
1213 1245 1266 1288 et
1315 1233 1599 1302 [Equalcm
1639 1235 1753 1306 (76)
1803 1236 2042 1305 seipsum

460 1329 665 1383 faciens
704 1328 874 1394 Patri,
903 1341 978 1393 et,
1007 1326 1206 1382 Juraus
1250 1328 1361 1398 (77‘:
1388 1343 1484 1397 per
1509 1328 1884 1400 semetipsum,
1917 1343 2042 1383 cum

462 1437 566 1476 non
604 1421 806 1476 haheat
840 1422 1102 1489 majorem
1134 1434 1212 1473 se.
1247 1418 1432 1489 Neque
1483 1420 1660 1488 quoad
1699 1421 1993 1489 potentiam
2025 1439 2039 1475 :

459 1514 720 1583 scriptum
774 1522 858 1568 est
888 1513 1031 1565 enim
1067 1531 1079 1566 :
1125 1510 1406 1566 Christum
1450 1503 1714 1582 (78)'Dei
1764 1510 2041 1576 virtutem,

459 1622 554 1661 seu
585 1607 904 1675 potentiam,
935 1614 989 1660 et
1027 1604 1118 1658 Dei
1152 1603 1504 1672 sapientiam;
1539 1612 1595 1658 et
1648 1620 1661 1657 :
1703 1601 1898 1657 Omnia
1930 1602 2042 1673 (79)

457 1713 784 1766 quiscunque
815 1693 940 1765 facit
968 1693 1149 1759 Pater,
1183 1691 1357 1748 Filius
1388 1709 1591 1764 quoque
1618 1693 1862 1747 similiter
1893 1693 2042 1763 facit.

459 1788 645 1856 Neque
677 1786 852 1855 quoad
888 1785 1144 1856 gloriam,
1202 1794 1298 1839 aut
1352 1785 1645 1855 quamdam
1702 1784 2041 1856 dignitatem.

2158 588 2499 652 Ἀπόστολος,
2534 588 2634 653 τάς
2661 590 2742 653 είς
2767 590 2860 643 τὸν
2889 589 3154 661 μονογενῆ
3178 589 3306 644 Υίὸν
3333 590 3430 643 καὶ
3453 578 3583 643 Θεὸν
3608 594 3718 647 ἀσε-

2145 681 2258 746 ϐεῖς
2289 680 2585 754 ὑπολήψεις
2631 681 2927 753 αἱρετικῶν
2959 682 3321 750 ἀναστέλλων,
3349 682 3451 754 τὴν
3492 683 3549 736 δὲ
3593 685 3721 756 πρὸς

2143 776 2237 830 τὸν
2263 776 2486 848 Πατέρα
2510 776 2676 830 αὐτοῦ
2704 777 2803 848 τῆς
2833 776 3051 847 φύσεως
3086 777 3411 848 ταυτότητα.
3446 777 3528 830 ἔτι
3553 777 3607 831 δὲ
3634 779 3722 833 καὶ

2143 866 2206 921 τὸ
2238 868 2573 941 ωνάναρχον
2602 868 2908 940 κηρύττων,
2938 869 3178 942 γράψας,
3217 870 3294 933 ὡς
3321 870 3583 941 ἀνωτέρω
3611 870 3720 924 ἐλέ-

2145 960 2271 1032 χθη,
2302 961 2377 1027 ὡς
2432 962 2541 1016 Ὧν
2583 962 2952 1032 ἀπαύγασμα
2999 960 3108 1031 τῆς
3140 962 3319 1029 δόξης
3356 960 3453 1015 τοῦ
3483 963 3720 1033 Πατρὸς,

2146 1054 2448 1123 ἐπήγαγεν,
2474 1052 2576 1106 καὶ
2606 1051 2913 1121 χαρακτὴρ
2939 1051 3050 1120 τῆς
3085 1052 3484 1117 ὑποστάσεως
3524 1053 3721 1108 αὐτοῦ.

2145 1143 2257 1198 Καὶ
2308 1144 2469 1198 πάλιν
2522 1144 2658 1216 πρὸς
2724 1145 3055 1208 Κολοσσαεῖς
3103 1145 3197 1199 καὶ
3246 1145 3383 1216 πρὸς
3447 1144 3723 1215 Ἑϐραίους

2145 1236 2452 1290 ἐπέστειλεσ
2501 1237 2611 1304 ’ος
2657 1237 2833 1292 ἐστιν
2858 1237 3038 1292 εἰκὼν
3069 1237 3177 1292 τοῦ
3222 1236 3370 1292 Θεοῦ
3408 1236 3516 1289 τοῦ
3555 1236 3723 1305 ἀορά-

2144 1345 2271 1381 του.
2327 1329 2437 1383 Καὶ
2470 1330 2530 1383 ὲν
2577 1328 2654 1401 τῷ
2699 1331 2842 1384 κατά
2899 1330 3153 1401 Ἰωάννην
3205 1329 3262 1383 δὲ
3312 1330 3668 1399 Εὐαγγελίῳ,
3699 1332 3726 1383 ὁ

2145 1420 2272 1483 Υἱὸς
2306 1420 2406 1492 τὴν
2440 1422 2632 1475 ἑαυτοῦ
2666 1421 2855 1475 οὐσίαν
2886 1422 3140 1494 πατρικῷ
3173 1421 3493 1494 χαρακτῆρι
3523 1423 3720 1493 ἐσφρα-

2144 1511 2327 1581 γίσθαι
2390 1513 2704 1585 παριστῶν,
2765 1510 2920 1567 εἴπεο
2983 1514 3203 1568 Τοῦτον
3273 1514 3386 1584 γὰρ
3438 1516 3473 1567 ὁ
3532 1512 3725 1582 Πατὴρ

2156 1604 2528 1675 ἐσφράγισεν
2572 1606 2606 1659 ὁ
2656 1607 2819 1672 Θεός·
2858 1605 3331 1675 συνυφεστηκυίας
3374 1604 3433 1657 δὲ
3463 1603 3621 1674 δῆλον
3650 1606 3727 1659 ὅτι

2145 1697 2244 1768 τῆς
2285 1697 2580 1767 σφραγῖδος
2618 1696 2697 1768 τῷ
2746 1696 3062 1769 ἀρχετύπῳ,
3098 1696 3193 1750 καὶ
3231 1694 3493 1749 ίσοτύπου
3533 1694 3722 1767 οὐσης,

2145 1788 2241 1842 καὶ
2265 1789 2323 1842 ὲν
2351 1790 2519 1860 ἑαυτῇ
2548 1790 2604 1842 δὲ
2629 1788 2983 1859 δεικνυούσης
3011 1788 3233 1851 τελείως
3259 1789 3356 1841 καὶ
3384 1786 3605 1860 ἀληθῶς
3634 1788 3724 1857 τὴν

460 1880 548 1933 Ait
574 1878 718 1934 enim
748 1876 1030 1948 Scriptura
1068 1896 1081 1932 :
1114 1874 1172 1932 Si
1200 1877 1561 1947 cognovissent
1592 1876 1725 1949 (80).
1757 1876 2037 1932 Dominum

2145 1880 2360 1952 Πατρὸς
2400 1881 2495 1935 καὶ
2534 1881 2665 1934 Υἱού
2706 1882 2798 1935 καὶ
2831 1881 3147 1952 Πνεύματος
3192 1880 3349 1949 ἁγίου
3393 1880 3602 1951 μονάδα
3634 1879 3723 1949 τῆς

456 1969 641 2041 gloria:
684 1985 789 2024 non
843 1967 1248 2036 cruciﬁxissem.
1304 1967 1373 2022 Et
1419 1967 1669 2021 voluntas
1718 1967 1892 2022 Patris
1931 1977 2036 2027 est.

450 2063 606 2133 juxta
636 2059 921 2125 Joannem,
948 2069 1002 2113 ut
1029 2076 1205 2113 omnes
1239 2058 1351 2131 (8|)
1397 2060 1648 2114 honorent
1685 2057 1906 2126 Filium,
1934 2061 2040 2113 sic-

454 2162 514 2209 ut
567 2155 829 2209 honorant
891 2151 1122 2207 Patrem.
1172 2149 1481 2207 Secundum
1531 2152 1658 2220 quid
1707 2167 1837 2220 ergo
1870 2161 2037 2206 restat

456 2257 516 2303 ut
546 2246 719 2316 major
771 2244 883 2317 (82)
919 2245 992 2300 sit
1019 2244 1202 2309 Pater,
1253 2255 1310 2300 et
1350 2244 1632 2301 dissimilis
1674 2244 1880 2299 Filius?
1934 2244 2037 2299 Sea

455 2341 689 2395 cundum
722 2339 878 2407 nihil,
919 2347 982 2394 ut
1024 2348 1304 2393 ostensum
1363 2347 1471 2391 est.
1525 2336 1814 2406 Apostolus
1854 2335 2039 2404 itaque

455 2431 837 2488 haereticorum
874 2430 1069 2502 impias
1103 2429 1171 2485 de
1199 2429 1480 2500 unigenito
1512 2429 1652 2484 Filio
1698 2438 1754 2484 et
1781 2426 1888 2482 Deo
1918 2427 2040 2497 opi-

457 2520 648 2579 niones
690 2522 798 2595 41
836 2521 1114 2591 reiiciens,
1162 2529 1219 2576 et
1259 2521 1505 2575 eamdem
1556 2519 1657 2589 ipsi
1711 2534 1835 2575 cum
1877 2518 2038 2573 Patre

455 2624 711 2671 naturam
758 2628 898 2677 esse.
932 2626 1162 2682 eamque
1187 2621 1511 2666 coaeteruam
1558 2611 1881 2682 praedicans,
1910 2626 2035 2665 cum

455 2705 790 2776 scripsisset,
827 2712 885 2758 ut
918 2704 1168 2774 superius
1219 2702 1422 2758 dictum
1463 2712 1550 2757 est
1605 2720 1620 2756 :
1660 2701 1766 2767 Qui
1822 2718 1939 2756 cum
1972 2703 2035 2755 sit

456 2798 573 2874 (85)
606 2798 854 2865 splendor
887 2796 1072 2867 gloria:
1111 2794 1328 2863 Patris;
1369 2793 1649 2863 subjunxit
1681 2813 1695 2850 :
1740 2792 1808 2848 Et
1849 2792 2037 2847 chara-

454 2903 563 2947 cter
592 2891 912 2962 hypostasis,
959 2906 1051 2944 seu
1082 2888 1415 2954 substantiae,
1449 2888 1587 2958 ejus.
1631 2888 1698 2942 Et
1729 2904 1917 2944 rursus
1968 2887 2035 2941 ad

453 2983 827 3048 Colossenscs,
870 2989 926 3036 et
957 2981 1023 3034 ad
1073 2978 1324 3035 Hebraeos
1350 2978 1462 3051 (84)
1498 2979 1760 3050 scripsit:
1806 2978 1911 3047 Qui
1959 2987 2037 3033 est

453 3068 569 3142 (85)
603 3070 778 3140 imago
810 3065 906 3122 Dei
962 3066 1258 3122 invisibilis.
1301 3070 1364 3123 In
1396 3068 1692 3140 Evangelia
1734 3079 1915 3125 autem
1952 3084 2038 3124 se-

453 3164 692 3219 cundum
746 3161 1035 3228 Joannem,
1092 3162 1265 3219 Filius
1316 3176 1468 3218 suam
1516 3161 1807 3217 essentiam
1859 3159 2036 3216 Patris

2147 1970 2382 2042 φύσεως.
2445 1973 2509 2026 Ἡ
2552 1972 2662 2045 γὰρ
2711 1972 2969 2045 σφραγὶς,
3015 1972 3090 2036 ὡς
3137 1973 3232 2026 καὶ
3282 1974 3311 2026 ὁ
3358 1970 3645 2045 χαρακτὴρ
3667 1972 3724 2025 τὸ

2145 2065 2331 2135 ὅμοιον
2364 2066 2459 2119 καὶ
2488 2065 2779 2120 ἀνόθευτον
2809 2065 3103 2137 σημαίνει·
3138 2064 3263 2117 ἐπεὶ
3293 2064 3495 2134 καιρὸς
3555 2061 3642 2135 [l7
3672 2061 3723 2135 a]

2145 2157 2319 2209 εἰπεῖν
2351 2156 2445 2210 καὶ
2472 2155 2562 2209 τὸν
2589 2156 2812 2227 Πατέρα
2843 2156 2918 2229 μὴ
2949 2159 3230 2228 ἀγενήτως
3257 2157 3354 2209 καὶ
3388 2154 3725 2228 ἀσυγκρίτως

2144 2247 2308 2320 ἔχειν,
2357 2249 2516 2320 εἴπερ
2550 2248 2939 2314 ὲξεικονίζεται
2975 2249 3072 2303 καὶ
3115 2248 3590 2320 χαρακτηρίζεται
3631 2246 3726 2299 ὑπὸ

2145 2338 2374 2412 γενητοῦ
2413 2340 2508 2395 καὶ
2538 2340 2816 2411 ἀνομοίου.
2853 2340 2937 2394 Τά
2963 2339 3082 2395 θεῖα
3108 2338 3283 2393 ταῦτα
3307 2341 3404 2393 καὶ
3438 2337 3724 2411 ἑρμηνείας

2144 2429 2404 2485 ἀνεπιδεᾶ
2445 2430 2602 2500 λόγια
2651 2430 2726 2503 μὴ
2772 2432 3020 2496 συνέντες
3063 2429 3270 2501 ὀρθῶς,
3314 2430 3727 2502 διαστρέφοντες

2142 2523 2221 2586 δὲ,
2247 2522 2342 2576 καὶ
2363 2521 2722 2594 ἀνθρωπίνοις
2749 2525 2981 2594 νοήμασι
3012 2523 3311 2594 μαχόμενοι
3330 2524 3448 2585 τοῖς
3474 2521 3568 2575 τοῦ
3601 2519 3723 2573 Θεοῦ

2146 2614 2388 2685 ῥήμασι,
2441 2611 2777 2683 φάσκουσιν·
2835 2610 2999 2665 Ἀλλο
3051 2610 3217 2676 Θεὸς,
3263 2609 3361 2662 καὶ
3404 2608 3534 2663 ἄλλο
3574 2605 3724 2661 εἰκὼν

2143 2705 2301 2759 Θεοῖν
2325 2705 2402 2769 ὡς
2433 2704 2562 2761 ἀλλο
2592 2703 2910 2776 ἄνθρωπος,
2943 2703 3037 2757 καὶ
3069 2702 3196 2758 ἄλλο
3229 2701 3395 2757 εἰκὼν
3426 2697 3722 2771 ἀνθρώπων

2144 2797 2239 2850 καὶ
2264 2796 2468 2868 τρόπον
2500 2796 2624 2850 τινά
2654 2794 2826 2849 είκόνι
2855 2795 3097 2865 ἀκινήτῳ
3133 2794 3225 2847 τὸν
3252 2791 3437 2858 ζῶντα
3465 2792 3561 2846 καὶ
3591 2791 3724 2860 ἐνερ-

2143 2888 2239 2956 γὸν
2285 2888 2419 2942 Θεὸν
2465 2887 2638 2956 Λόγον
2690 2886 3081 2950 ἀπεικάζουσιο
3118 2887 3236 2938 κατ’
3288 2884 3484 2937 οὐσίαν
3536 2882 3590 2936 δὲ
3644 2881 3725 2937 καὶ

2143 2980 2283 3033 κατά
2329 2980 2510 3034 πάντα
2546 2977 2711 3033 εἰκών
2743 2979 2893 3033 ἐστιν
2941 2976 3324 3048 ἀπλανεστάτη
3359 2976 3457 3029 καὶ
3504 2976 3724 3044 ἄναρχος

2143 3067 2237 3123 τοῦ
2273 3069 2505 3140 Πατρὸς,
2540 3068 2633 3123 καὶ
2662 3069 2722 3122 οὐ
2756 3069 2900 3121 κατά
2945 3067 3160 3139 μορφὴν
3190 3067 3285 3120 καὶ
3329 3065 3558 3138 σχῆμα,
3606 3063 3676 3126 ὡς
3698 3063 3725 3116 ὁ

2143 3159 2612 3233 πλαστουργηθεὶς
2645 3160 2677 3232 ἢ
2713 3157 3096 3229 γεγλυμμένος
3141 3156 3348 3221 ἄπνους
3386 3158 3484 3211 καὶ
3514 3156 3611 3209 οὐκ
3636 3153 3723 3208 αὐ-

457 3254 777 3309 cbaractere
822 3253 1161 3325 obsignatam
1198 3267 1320 3308 esse
1357 3253 1671 3318 ostendens,
1706 3252 1783 3306 ait
1816 3270 1830 3307 :
1881 3250 2039 3305 Hunc

2145 3250 2424 3323 τοκίνητος
2457 3249 2682 3321 ἀνδριάς
2700 3266 2713 3279 ·
2744 3248 2865 3302 οὐδὲ
2895 3246 3039 3301 κατὰ
3067 3242 3207 3308 εἶδος
3236 3246 3334 3299 καὶ
3358 3245 3560 3317 χρῶμα
3586 3243 3657 3306 ὡς
3689 3239 3720 3293 ὗ

453 3345 566 3419 (86)
601 3349 740 3401 enim
773 3345 942 3402 Pater
995 3347 1213 3416 signavit
1272 3345 1433 3403 Deus.
1488 3344 1781 3418 Propterea
1810 3345 2042 3410 scilicet,

451 3440 596 3512 quod
638 3439 873 3512 sigillum
942 3455 1052 3495 una
1109 3454 1233 3495 cum
1284 3440 1582 3510 archetypo
1643 3439 1927 3503 subsistat,
1988 3448 2046 3491 et

451 3532 720 3603 aequalem
754 3547 876 3586 cum
920 3546 987 3587 eo
1035 3540 1248 3602 typum,
1288 3543 1384 3585 seu
1431 3530 1663 3585 formam
1724 3530 1945 3595 habeat,
1990 3538 2047 3584 et

453 3623 714 3693 perfecte,
761 3638 826 3678 ac
857 3638 985 3679 vere
1018 3625 1279 3679 unitatem
1319 3632 1529 3678 naturae
1579 3622 1779 3689 Patris,
1813 3635 1868 3679 et
1898 3622 2044 3687 Filii,

453 3725 510 3770 et
537 3714 773 3784 Spiritus
804 3715 978 3769 sancti
1032 3714 1089 3769 in
1130 3730 1189 3771 se
1238 3714 1355 3786 ipso
1391 3716 1642 3769 ostendat
1678 3732 1691 3769 :
1732 3731 1857 3769 nam
1898 3714 2047 3785 sigil-

457 3808 595 3872 lum,
650 3808 779 3860 item
826 3818 886 3860 ut
927 3807 1237 3871 character,
1287 3806 1723 3874 similitudinem,
1762 3816 1818 3862 et
1860 3807 2048 3877 genui-

455 3911 585 3954 nam
616 3896 958 3951 nativitatem
998 3895 1267 3964 signiticat
1319 3914 1333 3952 :
1382 3896 1581 3966 alioqui
1609 3912 1680 3953 ne
1719 3896 1884 3952 Pater
1920 3896 2043 3967 qui-

456 3981 581 4038 dem
613 3981 904 4052 ingenitus,
935 3989 1102 4050 atque
1151 3982 1591 4051 incomparabilis
1627 3983 1885 4039 dicendus
1929 3981 2043 4051 jam

455 4074 587 4143 erit,
624 4076 669 4130 si
699 4072 809 4140 ille,
843 4074 934 4143 qui
978 4083 1215 4140 creatus,
1260 4083 1316 4128 et
1344 4073 1394 4127 ei
1435 4073 1714 4130 dissimilis
1742 4083 1847 4140 est,
1876 4075 2045 4146 ipsius

457 4166 656 4238 imago,
695 4177 749 4223 et
789 4168 1077 4222 character
1099 4177 1205 4224 est.
1237 4166 1428 4222 Divina
1456 4166 1591 4233 ham,
1634 4175 1690 4222 et
1723 4168 2046 4237 interpreta-

459 4256 624 4314 tionis
653 4273 758 4312 non
796 4256 1091 4328 indigentia
1134 4256 1356 4312 oracula
1409 4267 1560 4311 recte
1599 4271 1703 4310 non
1734 4255 2040 4326 intelligen—

455 4355 541 4404 tes
570 4348 836 4413 haeretici,
882 4349 980 4405 sed
1025 4358 1082 4404 et
1133 4365 1198 4404 ea
1256 4354 1651 4419 pervertentes,
1693 4356 1747 4403 et
1790 4347 2043 4402 humanis

453 4441 782 4497 commentis
819 4442 886 4495 ad
926 4441 1293 4511 impugnanda
1344 4440 1438 4496 Dei
1470 4440 1638 4495 verba
1683 4447 1921 4504 utentes,
1960 4437 2043 4494 sic

454 4533 613 4588 aiunt
640 4550 659 4589 :
694 4534 855 4590 Aliud
880 4544 966 4591 est
1004 4533 1171 4602 Deus,
1196 4533 1344 4589 aliud
1375 4534 1552 4605 imago
1580 4532 1705 4599 Dei;
1732 4533 1873 4588 sicut
1896 4532 2041 4587 aliud

2143 3340 2378 3412 τεχνητὴ
2412 3340 2508 3394 καὶ
2541 3340 2754 3411 μιμητὴ
2789 3340 3006 3408 ἄφωνος
3042 3337 3230 3391 εἰκών.
3260 3336 3453 3391 Ταῦτα
3480 3336 3589 3407 γάρ
3613 3332 3723 3387 οὐδὲ

2143 3430 2288 3485 κατά
2337 3429 2517 3499 φύσιν,
2559 3430 2685 3483 οὐδὲ
2720 3428 2827 3499 μὴν
2861 3429 2941 3492 είς
2970 3426 3070 3481 ὅλα
3111 3426 3183 3480 τά
3237 3426 3377 3480 ἄλλα
3422 3423 3724 3495 ἐκφαίνουσι

2143 3522 2234 3576 τὸν
2265 3521 2645 3592 πρωτότυπον.
2674 3521 2787 3574 Kal.
2819 3519 2946 3583 Υἱὸς
2973 3518 3073 3590 μὲν
3101 3518 3211 3591 γάρ
3245 3518 3540 3590 ἀνθρώπου
3570 3513 3722 3568 εἰκὼν

2144 3613 2333 3678 οὐσίας
2369 3613 2463 3667 τοῦ
2516 3610 2711 3667 ἑαυτοῦ
2755 3612 2970 3684 Πατρός
3021 3612 3168 3663 ἐστιν
3195 3627 3211 3641 °
3265 3609 3407 3663 ἀλλά
3454 3604 3722 3678 συμϐαίνει

2144 3704 2548 3778 παραλλάττειν
2598 3705 2839 3777 ἠλικίαν,
2869 3704 2903 3775 ἢ
2936 3698 3098 3770 εἶδος,
3140 3702 3174 3774 ἢ
3223 3701 3477 3773 γνώμην,
3512 3699 3544 3770 ἦ
3573 3697 3721 3750 δύνα-

2145 3814 2260 3869 μιν.
2288 3797 2321 3869 ἧ
2353 3795 2532 3862 ἀξίαν,
2579 3795 2612 3868 ἦ
2643 3796 2714 3849 τὰ
2752 3796 3168 3868 συναμφότερα,
3200 3795 3235 3868 ἦ
3286 3793 3384 3848 καί
3431 3810 3485 3847 τι
3526 3792 3718 3861 ἕτερον.

2154 3890 2214 3943 Ὀ
2246 3889 2304 3942 δὲ
2336 3889 2470 3953 Θεὸς
2501 3888 2674 3957 Λόγος
2693 3928 2709 3952 ,
2746 3888 3186 3960 ἀπαραλλάκτως
3218 3885 3313 3941 καὶ
3342 3877 3722 3955 ἀπηκριϐωμέ·

2143 3997 2270 4045 νιος,
2303 3982 2383 4043 εἰς
2408 3979 2506 4033 ὅλα
2535 3980 2634 4051 τὴν
2658 3980 2860 4050 ἁπλῆν,
2904 3979 3000 4033 καὶ
3030 3977 3348 4043 ἀσύνθετον,
3384 3977 3480 4031 καὶ
3511 3971 3710 4028 ἀποίκι·

2142 4069 2235 4125 λον
2265 4071 2541 4144 πατρικὴν
2589 4071 2821 4143 θεότητα
2871 4071 3114 4141 φυσικῶς
3146 4070 3243 4124 κα)⁹
3285 4070 3541 4141 ἀνάρχως
3584 4062 3712 4127 ἐξει-

2142 4162 2370 4228 κονίζει.
2409 4163 2545 4217 Οὐδὲ
2568 4163 2677 4235 γὰρ
2708 4165 2850 4217 νοεῖν
2878 4163 3020 4230 ὲξὸν,
3051 4162 3127 4227 ὡς
3158 4161 3304 4216 κατά
3326 4179 3384 4215 τι
3414 4159 3547 4215 Θεοῦ
3571 4153 3719 4210 εἰκὼν

2143 4254 2239 4308 καὶ
2272 4256 2425 4328 παρά
2465 4272 2561 4308 τι·
2606 4256 2728 4309 οὐδὲ
2764 4256 2873 4329 μὴν
2919 4256 3131 4325 γίνεται
3174 4255 3511 4327 ἀσυγκρίτου
3543 4248 3715 4311 είκὼν,

2140 4346 2262 4400 οὐδὲ
2282 4347 2509 4402 δύναται
2536 4347 2625 4402 διὰ
2648 4348 2743 4402 τοῦ
2769 4348 3046 4422 ἀνομοίου,
3071 4349 3105 4420 ἢ
3133 4348 3483 4420 μικροτέρου,
3513 4344 3545 4415 ἦ
3570 4336 3718 4402 ὑπεξ-

2139 4439 2326 4494 ουσίου
2372 4440 2436 4494 τὸ
2483 4439 2711 4512 ἀληθὲς,
2761 4441 2856 4494 καὶ
2898 4441 3231 4513 ἀρχέτυπον,
3279 4439 3377 4494 καὶ
3425 4435 3607 4509 μείζω,
3634 4429 3719 4484 καὶ

2141 4532 2510 4600 αὐτεξούσιον,
2545 4534 2641 4589 καὶ
2668 4533 3001 4605 ἀσύγκριτον
3036 4533 3347 4605 φαίνεσθαι.
3396 4529 3517 4586 Οὐδ’
3549 4522 3614 4581 αὖ
3638 4521 3715 4576 διὰ

455 4711 588 4779 ζων,
616 4718 678 4768 ut
724 4725 914 4766 vocem
935 4709 1105 4779 ipsam
1134 4709 1337 4767 indicet
1363 4707 1653 4779 Didymus,
1685 4723 1849 4779 quam
1885 4709 2048 4779 habet
2083 4718 2126 4773 ι)
2179 4777 2189 4779 Α
2224 4707 2340 4779 (80)
2380 4708 2443 4765 Si
2473 4709 2856 4779 cognovissent.
2912 4705 2930 4762 Ι
2978 4705 3106 4762 Cor.
3148 4720 3213 4773 ll,
3273 4705 3329 4762 8.
3379 4706 3561 4761 Graeca
3615 4707 3713 4756 cdt-

456 4777 677 4837 Paulus.
716 4780 869 4836 Malit
906 4777 1137 4850 fortasse
1185 4781 1308 4849 quis
1361 4777 1541 4850 legere
1578 4777 1640 4831 τὸ
1678 4777 1883 4850 μεῖξον.
1934 4778 2048 4834 Nec

455 4854 689 4909 deerunt
732 4852 962 4907 forsitan
1011 4847 1216 4919 quibus
1237 4864 1324 4920 Διιε
1372 4847 1534 4903 lectio
1577 4847 1796 4920 quidem
1842 4851 2048 4904 codicis

457 4920 741 4992 displiceat
791 4939 822 4992 :7
856 4934 1005 4992 cum
1032 4918 1092 4992 et
1127 4918 1288 4992 paulo
1322 4930 1444 4992 ροει
1474 4934 1538 4992 ea
1573 4918 1861 4985 occurrat,
1903 4929 1968 4992 et
2014 4934 2046 4973 a

456 4987 737 5047 Clemente
765 4987 1138 5045 Alexandrino
1175 4989 1228 5044 in
1266 4988 1427 5042 tertio
1465 4987 1790 5044 Stromatum
1823 4990 2043 5057 quidam

458 5061 699 5133 Matthxi
731 5060 909 5133 locus_
933 5059 1007 5113 ita
1027 5059 1252 5133 _ci_tetur_
1283 5074 1298 5111 :
1344 5057 1470 5111 Ἐὰν
1521 5057 1607 5133 μὴΔ
1634 5058 1975 5133 περισσεύσῃ
2008 5061 2042 5127 ἡ

456 5128 951 5203 δικαιοσύνηὴιῶν
985 5128 1158 5203 πλείω
1185 5126 1293 5181 τῶν
1314 5126 1723 5203 γραμματέων-ί
1745 5130 1833 5183 ubi
1864 5126 2042 5203 tamen

456 5200 646 5257 Graeca
680 5197 974 5256 Biblidrum
1010 5197 1177 5254 editio
1213 5213 1328 5269 pro,
1342 5197 1574 5269 -ξπλείω,
1614 5201 1800 5263 habet,
1835 5199 2041 5254 πλεῖον.

456 5268 593 5325 Vide
621 5281 732 5325 not.
760 5270 851 5334 82,
880 5270 986 5335 hic,
1015 5278 1071 5323 et
1100 5267 1270 5337 segni.
1309 5267 1374 5321 l7
1413 5285 1467 5333 a,
1498 5269 1567 5322 83
1595 5285 1649 5331 a,
1686 5269 1777 5323 Ml
1816 5269 1868 5322 ί).

530 5341 655 5411 (75),
676 5340 978 5411 Ditigentes.
1013 5338 1217 5411 Locum
1247 5339 1391 5411 hunc
1423 5338 1477 5392 in
1508 5338 1788 5411 Scriptura
1818 5354 1924 5396 non
1955 5338 2040 5393 in-

456 5406 601 5465 veni.
626 5406 900 5480 Respicit,
934 5419 992 5462 ut
1018 5410 1230 5479 opinor,
1248 5406 1285 5480 ,ι
1310 5407 1454 5463 Petr.
1489 5423 1529 5475 ι,
1558 5408 1613 5465 8.

530 5481 643 5551 (τι)
674 5478 848 5551 prius.
886 5478 1083 5551 Ephesi.
1116 5478 1288 5551 tv,_6.

525 5546 640 5623 (75)
668 5546 1090 5623 Uie’ﬁciu'ntini.
1121 5546 1164 5601 ll
1199 5547 1377 5623 Petra
1402 5564 1442 5614 ι,
1473 5549 1530 5605 4.

553 5611 642 5690 76)
681 5611 988 5690 (Equidem,
1019 5611 1191 5690 ,Joan.
1225 5611 1437 5690 v.7718f
1558 5632 1561 5637 ·

555 5625 620 5676 76
681 5625 988 5690 Αἰᾳιιαιεπι.
1033 5625 1191 5675 Joan.
1225 5632 1280 5681 v,
1314 5625 1329 5671 l

555 5625 645 5763 77)
675 5692 901 5763 (uram.
933 5688 1102 5763 Hebr.
1135 5703 1212 5750 v1,
1240 5688 1329 5763 131.

528 5757 642 5831 (78)
671 5760 959 5844 Christum.
994 5757 1017 5812 ι
1046 5760 1171 5813 Cor.
1207 5773 1248 5817 ι.
1286 5757 1374 5815 24.

532 5831 642 5901 (79)
681 5830 899 5886 Omnia.
933 5828 1093 5886 Joan.
1119 5843 1175 5898 v,
1208 5826 1298 5884 19.

536 5865 642 5900 μυ]
682 5865 899 5886 νηυῑηιι
933 5865 1093 5886 ’ναιε-
1130 5865 1175 5898 ν,
1212 5865 1298 5884 ινα

2154 4776 2264 4848 tio,
2280 4776 2549 4848 ἔγνωσαν,
2583 4794 2680 4848 pro
2699 4776 2925 4848 ᾔδεσαν.

2221 4846 2337 4923 (ξε)
2366 4847 2431 4923 1!!
2463 4846 2663 4923 ρ’κηξδο
2691 4846 2848 4923 σκηψ-
2881 4862 2934 4913 Va
2959 4846 3055 4923 i25-
3134 4916 3182 4923 ._
3563 4922 3567 4923 ,
3639 4908 3665 4923 ..

2221 4907 2334 4990 (82)
2365 4917 2570 4989 Major.
2597 4917 2654 4972 In
2682 4918 2890 4983 codice,
2920 4907 2992 4971 ’τὸ
3055 4916 3250 4988 μείζω.
3304 4916 3434 4987 Vide
3487 4922 3594 4969 not.
3639 4907 3714 4963 7‘2.

2148 5000 2309 5044 SllDl’a
2321 5030 2334 5044 .

2364 5056 2471 5124 Qui
2511 5074 2629 5111 cum
2654 5058 2764 5129 sit.
2809 5055 2975 5113 Hebr.
2994 5056 3130 5129 μβ.
3162 5055 3437 5129 Pro,_tbg,
3468 5047 3711 5129 Ιεεοηὸςν

2141 5121 2449 5198 praesertim
2490 5143 2616 5182 cum
2650 5128 2722 5183 ita
2751 5128 3032 5198 scripserit
3057 5121 3285 5182 Paulus.
3308 5125 3364 5181 In
3394 5121 3542 5198 ljhro'
3566 5121 3712 5198 etiam

2148 5194 2459 5267 Desint-itu
2483 5209 2687 5261 sancto,
2722 5194 2879 5253 num.
2901 5198 2958 5261 5,
2988 5196 3284 5267 Epistulam
3313 5199 3379 5253 ad
3404 5195 3646 5250 Hebrum
3665 5194 3715 5238 ul

2149 5283 2181 5321 a
2225 5266 2694 5352 P‘aIulq‘scriptam
2714 5270 2959 5352 agnoscit
2997 5266 3278 5352 Didymus.
3350 5337 3364 5352 _
3576 5343 3600 5352 Δ
3661 5325 3672 5340 ,

2223 5336 2338 5411 (84)
2373 5337 2443 5391 Et
2477 5336 2550 5389 ad
2593 5336 2867 5393 Hebrd’os.
2898 5336 3146 5405 Conjici'o
3176 5337 3454 5407 legendum
3489 5343 3620 5391 esse,
3646 5336 3712 5385 ως

2149 5409 2247 5462 καὶ
2276 5408 2415 5479 πρὸς
2448 5407 2756 5479 Ἑϐραίους,
2783 5410 2960 5472 idest,
2986 5410 3122 5462 sicut
3144 5416 3193 5461 et
3218 5409 3286 5460 ad
3314 5398 3707 5479 Helineostaut

2150 5467 2474 5532 verha'ill—a:
2507 5467 2612 5543 Q'ui
2640 5467 2729 5531 est.
2742 5467 2956 5546 imago,
2973 5488 3028 5532 et
3054 5486 3272 5544 caetera,
3308 5479 3359 5530 in
3406 5469 3623 5546 Epistula
3650 5467 3706 5546 a-l

2153 5547 2408 5602 Hebraeos
2433 5563 2540 5602 non
2564 5558 2803 5612 exstant,
2830 5542 2933 5603 εἰεί
2970 5547 3219 5603 eumdem
3250 5542 3465 5602 sensum
3497 5542 3707 5597 habeam

2151 5634 2216 5670 ac.
2244 5618 2333 5671 illa
2363 5635 2378 5673 :
2409 5618 2695 5673 Character
2717 5618 2848 5686 (seu
2882 5618 3077 5686 fama)
3103 5617 3412 5673 substantitz
3435 5616 3564 5686 ejus,
3602 5613 3706 5677 qua!

2148 5686 2401 5758 leguntur
2437 5689 2491 5742 in
2534 5686 2775 5756 Epistola
2814 5688 2882 5741 ad
2930 5686 3208 5745 Hebraeos.

2221 5756 2332 5828 (βὸ)
2364 5756 2468 5828 Qui
2492 5767 2594 5828 est.
2620 5758 2825 5813 Coloss.
2860 5774 2899 5821 ι,
2931 5757 3017 5812 15.

2219 5826 2333 5899 (86)
2365 5826 2543 5883 Hunc.
2572 5827 2729 5884 Joan.
2759 5836 2833 5897 Vl,
2875 5828 2967 5884 27.
