4004 6438
304 448 394 504 357
1506 458 1594 512 DE
1631 454 2004 512 TlllNlTATE
2040 452 2241 508 LIBER
2279 450 2565 508 PRIMUS.
3362 444 3367 448 ’
3554 445 3660 500 558

305 563 382 616 τοῦ
411 562 759 636 κτίσματος
790 572 838 642 ἡ
878 574 1125 646 φυσικὴ
1160 574 1332 645 μορφὴ
1372 572 1466 627 τοῦ
1498 574 1781 637 κτίσαντος
1812 589 1982 626 κατα-

2094 579 2169 625 est
2199 570 2382 633 homo,
2414 566 2558 621 aliud
2588 565 2766 632 imago
2812 560 3091 617 hominis:
3132 573 3196 613 ac
3241 557 3444 625 vivum,
3498 568 3662 627 atque

309 653 574 710 νοεῖσθαι.
606 657 777 712 Οὐδὲ
815 660 937 733 [17
974 662 1037 737 b]
1102 662 1209 735 γάρ
1234 663 1351 716 οὑδὲ
1376 662 1508 733 ἄλλη
1543 663 1705 732 φύσις
1736 662 1835 733 τὴν
1864 660 1983 715 ἐτέ-

2094 670 2398 731 operantem
2442 659 2607 713 Deum
2650 656 2883 712 Verbum
2921 651 3141 723 imagini
3201 660 3349 703 motu
3388 648 3663 704 de8tituta:

320 762 405 814 [av
434 748 500 799 ὲν
536 749 740 822 ἑαυτῇ
778 754 1223 809 ἐπιδείκνυσιν·
1254 754 1387 809 ἀλλά
1414 754 1509 808 καὶ
1548 755 1577 807 6
1609 754 1801 824 Πατὴρ
1838 752 1985 825 εὑρί-

2094 751 2481 822 quodammodo
2523 746 2869 803 assimilant:
2914 758 3045 799 cum
3069 742 3115 797 is
3148 751 3202 796 et
3252 741 3429 810 quoad
3474 752 3664 794 essen-

329 855 516 893 σιεται
558 841 1007 908 ἀνυπόστατος
1061 845 1384 917 γεγενῆσθαι
1433 846 1521 899 ὅτε
1570 845 1839 916 αἰρετικοί⁹
1890 843 1983 897 τὸν

2094 844 2322 908 tiam,et
2346 840 2519 911 quoad
2546 840 2751 903 omnia,
2805 837 2984 906 imago
3026 834 3096 889 sit
3136 833 3313 887 Patris
3352 830 3503 885 omni
3544 845 3662 883 0m-

343 933 675 1004 ιαοακτῆρα.
705 935 780 989 οὑ
816 936 1086 991 διδόασιν
1118 937 1259 1009 ἔχειν
1283 937 1445 992 αὑτὸν
1475 937 1576 1009 τῆς
1608 937 1981 1001 ὑποστάσεως.

2094 937 2214 990 ιιίηο
2239 933 2551 989 diversitate
2582 944 2796 994 carens,
2821 937 2877 982 et
2922 938 3145 990 aeterna,
3174 939 3280 978 non
3314 938 3442 978 vero
3476 925 3542 975 ad
3597 921 3661 975 il-

75 3966 110 4005 ιι

76 4060 115 4097 'rt

86 4138 109 4162 τί

76 4176 109 4199 '3‘

80 4240 119 4265 ,φὶ

80 4270 111 4283 Ἀ

76 4350 119 4383 ’τι

78 4434 117 4475 τὲ

373 1020 503 1074 Ἦ».ὶέ
534 1022 659 1077 οὑδὲ
686 1026 721 1078 6
755 1026 1023 1099 ἀόρατος
1041 1068 1056 1094 ,
1086 1028 1181 1080 καὶ
1204 1027 1517 1092 ἀσύνθετος,
1547 1029 1641 1082 καὶ
1669 1028 1982 1100 ἀσχημάτι-

385 1131 500 1178 στος
522 1114 646 1180 Θεὸς
674 1117 893 1171 εἰκόνα
924 1118 1044 1191 ἔχει
1072 1121 1190 1173 οἵαν
1223 1121 1419 1174 ἐκεῖνοι
1447 1121 1772 1190 ἐμφαίνουσι
1807 1138 1982 1192 μιμη-

395 1208 557 1277 τικήν.
591 1208 899 1280 Παραλύει
954 1210 1014 1263 δὲ
1054 1210 1124 1263 τὰ
1174 1210 1398 1264 ἐκείνων
1439 1209 1625 1279 σαφῶς
1655 1211 1750 1264 καὶ
1802 1211 1837 1281 ἡ
1881 1210 1984 1262 ea-

405 1296 593 1365 αγωγὴ,
616 1298 836 1369 ἔχουσα
854 1317 871 1331 ⁸
905 1302 1033 1368 Οὐχ
1072 1299 1385 1369 ἁρπαγμὸν
1415 1301 1686 1370 ἡγήσατο
1732 1299 1800 1354 τὸ
1831 1300 1985 1354 εἶναι

408 1391 500 1444 ἶσα
536 1388 675 1455 Θεῷ.
712 1392 866 1463 Περὶ
912 1392 971 1445 δὲ
1014 1392 1250 1461 φυσικῆς
1298 1392 1505 1456 εἰκόνος
1549 1392 1841 1462 ὑφηγεῖται
1889 1390 1985 1444 καὶ

403 1485 631 1553 Musei;
650 1483 920 1537 οὑτωσεί’
961 1482 1323 1553 Ἔγέννησεν
1357 1483 1541 1553 Ἀδὰμ
1559 1483 1667 1537 τὸν
1692 1482 1815 1550 Σὴθ
1834 1481 1985 1537 κατὰ

360 1632 367 1635 μ
403 1576 512 1643 τὴν
531 1576 735 1629 εὶὸἐαν
758 1575 973 1631 αὑτοῦ.
1006 1577 1119 1630 Οὐκ
1146 1571 1212 1646 ἦν
1236 1576 1291 1629 δὲ
1313 1576 1649 1648 ὲτεροούσιος
1674 1574 1984 1644 ἀναγκαίως

400 1668 429 1719 6
462 1667 568 1738 Σὴθ
612 1666 695 1738 τῷ
748 1667 925 1738 Ἀδάμ
947 1684 962 1698 ο
1009 1667 1104 1720 καὶ
1130 1667 1279 1738 ὅμως
1312 1668 1499 1721 εἰκόνα
1539 1668 1637 1738 τὴν
1671 1668 1846 1722 εἰδέαν
1889 1667 1985 1721 καὶ

400 1761 663 1829 ὁμοίωσιν
702 1759 806 1829 τῆς
847 1759 1032 1823 οὐσίας
1064 1759 1340 1813 ἐκάλεσεν.
1381 1758 1544 1814 Ἀλλά
1594 1761 1689 1813 καὶ
1721 1761 1849 1833 περὶ
1891 1760 1981 1813 ἀν-

404 1849 648 1920 θρώπου,
677 1851 843 1918 φησί,
880 1850 1207 1920 γέγραπται,
1244 1850 1325 1902 ὅτι
1365 1849 1513 1902 ἔστιν
1546 1848 1709 1902 εἰκὼν
1736 1849 1830 1902 καὶ
1856 1848 1987 1915 δόξα

399 1938 563 1992 Θεοῦ.
624 1938 766 1991 Ἀλλ’
814 1936 1070 2008 ούδαμοῦ,
1127 1932 1173 1991 ὧ
1223 1929 1388 2002 οὗτοι,
1440 1937 1725 2009 ἅνθρωπος
1768 1938 1800 2010 ἢ
1856 1937 1984 1992 ἄλλο

402 2030 624 2101 ποίημα
667 2029 975 2102 γέγραπται
998 2024 1138 2081 εἰναι
1166 2029 1506 2100 ἀπαύγασμα
1549 2030 1647 2100 τῆς
1685 2028 1843 2100 δόξης
1887 2028 1983 2083 τοῦ

401 2121 544 2175 Θεοῦ
575 2122 674 2176 καὶ
704 2122 988 2192 χαρακτὴρ
1028 2122 1128 2193 τῆς
1160 2121 1528 2184 ὑποστάσεως
1566 2121 1695 2176 ἄλλο
1738 2121 1797 2174 δέ
1836 2122 1984 2175 ἐστιν

403 2214 698 2285 ἄνθρωπον
723 2214 903 2267 εἰκόνα
939 2210 1076 2267 εἶναι
1104 2213 1260 2278 Θεοῦ,
1304 2214 1447 2267 τοῦτ’
1481 2213 1598 2267 ἐστι
1640 2214 1703 2267 τὸ
1729 2215 1985 2285 τεχνηθὲν

406 2304 504 2356 τοῦ
538 2303 969 2373 τεχνησαμένου,
997 2303 1071 2367 ὡς
1098 2302 1282 2375 δίφρος
1310 2300 1406 2356 τοῦ
1433 2305 1702 2368 τέκτονος.
1737 2305 1987 2377 Σολομὼν

409 2397 519 2467 γὰρ
558 2394 709 2464 λέγει
733 2409 747 2422 ·
793 2395 1125 2465 Ἀναλόγως
1170 2394 1291 2448 τῶν
1340 2395 1684 2465 κτισμάτων
1730 2400 1764 2451 ὁ
1808 2400 1990 2451 Γενε-

407 2486 701 2555 σιοιῬτὸς
733 2485 1023 2554 θεωρεῖται
1042 2504 1055 2516 ·
1087 2486 1182 2539 καὶ
1212 2484 1339 2539 ἄλλο
1380 2486 1550 2553 ἐστὶν,
1583 2487 1725 2540 κατὰ
1759 2486 1820 2539 τὸ
1850 2486 1988 2559 σύμ-

413 2594 646 2648 μορφον,
678 2579 768 2630 καὶ
789 2576 1122 2641 ταυτούσιον,
1149 2579 1241 2630 καὶ
1263 2579 1621 2649 συνάναρχον,
1643 2578 1988 2651 ἀπαύγασμα

408 2662 558 2720 εἰναι
584 2665 763 2734 δόξης,
794 2668 886 2719 καὶ
910 2666 1232 2737 χαρακτῆρα
1258 2667 1607 2731 ὑποστάσεως
1628 2669 1989 2723 ὲνυπόστατον

410 2755 511 2809 καὶ
558 2754 970 2824 ἀψευδέστατον.
1003 2757 1141 2826 Φησί
1190 2758 1263 2824 γά
1271 2775 1303 2828 ρ
1328 2774 1341 2789 ο
1404 2758 1467 2811 '0
1518 2757 1781 2826 ἑωρακὼς
1838 2759 1946 2829 ἐμὲ
1970 2800 1986 2827 ,

408 2847 641 2914 ἑώρακε
675 2846 778 2900 τόν
806 2848 1066 2916 [Iatépa'
1110 2850 1139 2902 6
1179 2848 1238 2901 δὲ
1272 2849 1533 2920 ἑωρακὼς
1559 2849 1867 2922 ἄνθρωπον,
1893 2852 1991 2923 οὐχ

410 2937 629 3010 ἑώρακε
675 2937 765 2989 τὸν
794 2937 921 2991 Θεόν
947 2955 959 2969 ·
986 2938 1062 3002 ὡς
1112 2940 1141 2992 6
1175 2938 1509 3010 θεασάμενος
1536 2941 1628 2995 τὸν
1652 2941 1862 3014 δίφρον,
1893 2944 1989 3013 οὑχ

413 3028 629 3100 ἑώρακε
645 3029 735 3082 τὸν
752 3030 989 3083 τέκτονα.
1010 3030 1170 3084 Ἀλλά
1191 3032 1283 3084 καὶ
1306 3032 1518 3104 ἀνάγκη
1542 3032 1635 3085 τοῦ
1655 3033 1816 3103 μόνου
1832 3034 1995 3104 ἀοράο

413 3137 508 3171 τού
527 3119 663 3173 Θεοῦ
688 3120 854 3191 μόνην
883 3122 1113 3193 ἀόρατον
1135 3118 1274 3176 εἶναι
1307 3124 1523 3194 ἐκείνην
1552 3124 1649 3194 τὴν
1679 3125 1861 3178 εἰκόνα
1895 3125 1993 3180 καὶ

420 3211 484 3261 οὑ
513 3209 600 3261 τὸν
631 3210 750 3263 κατ’
776 3209 961 3263 εἰκόνα
997 3210 1189 3280 ὁρατὸν
1218 3211 1524 3280 ἄνθρωπον.
1554 3210 1693 3265 Uine
1717 3207 1811 3265 οὖν
1846 3211 1992 3283 ἄλλῳ

425 3300 606 3368 ὅμοιός
626 3301 769 3353 ἐστιν
798 3302 826 3353 6
861 3301 1015 3364 Υἱὸς·
1048 3300 1250 3371 γράφει
1282 3302 1410 3373 γάρ⁶
1447 3303 1542 3369 Τίς
1569 3302 1993 3372 ὁμοιωθήσεται
2020 3287 2062 3345 C

426 3390 513 3455 τῷ
539 3392 721 3459 Κιφίῳ
743 3392 813 3445 ἐν
846 3392 997 3458 υἱοῖς
1034 3393 1181 3446 Θεοῦ
1197 3410 1218 3459 ;
1256 3392 1393 3446 Οὔτε
1440 3392 1517 3465 τῷ
1549 3393 1658 3466 [18
1686 3412 1717 3448 a
1743 3393 1766 3468 ]
1797 3394 1990 3448 ἑαυτοῦ

428 3482 598 3554 Πατρὶ
626 3483 903 3554 ἀνόμοιος·
953 3482 1101 3553 Ἐγὼ
1148 3484 1281 3554 γὰρ,
1325 3485 1479 3556 φησι,
1511 3484 1610 3538 καὶ
1639 3488 1671 3539 ὀ
1697 3486 1900 3553 Πατὴρ
1925 3484 1996 3540 ἒν

427 3573 630 3641 ἐσμεν.
666 3575 727 3627 Οἱ
753 3574 809 3627 δὲ
843 3575 1069 3644 κτιστῆς
1093 3575 1300 3639 εἰκόνος
1328 3575 1535 3631 ἔννοιαν
1557 3576 1649 3630 ἐπὶ
1676 3578 1839 3631 αὑτοῦ
1862 3578 1998 3649 λαμ·-

428 3662 700 3728 6άνοπες,
744 3663 1113 3735 ὲξομοιοῦνται
1142 3666 1220 3737 τῷ
1252 3666 1737 3741 Ναϐουχοδονόσωρ
1767 3668 1996 3740 ποιητὴν

426 3755 625 3825 ἄψυχον
673 3757 857 3811 εἰκόνα
902 3758 1324 3835 προσκυνεῖσθαι
1369 3758 1701 3813 τυπώσαντι.
1750 3762 1861 3814 Καὶ
1904 3760 1995 3815 τὸν

436 3849 605 3918 Ἀδάμ
636 3848 695 3901 δὲ
740 3848 826 3903 διὰ
864 3848 962 3920 τὴν
1008 3850 1293 3922 παρακοὴν
1339 3852 1406 3905 ὲκ
1455 3851 1551 3905 τοῦ
1594 3853 1923 3924 παραδείσου
1967 3854 1996 3906 6

414 3940 554 4004 θεὸς
586 3939 810 4005 δικαίως
834 3941 1025 4013 ἔρριψε
1049 3959 1064 3973 ο
1116 3943 1209 3997 τὸν
1243 3942 1301 3996 δὲ
1334 3942 1562 4016 λῃστὴν,
1595 3945 1691 3998 καὶ
1719 3946 1816 3999 σὺν
1848 3943 1996 4017 αὑτῷ

414 4032 512 4084 τὸν
554 4031 728 4102 ’Δδάμ
748 4033 917 4087 καὶτὸ
946 4035 1127 4089 κοινὸν
1150 4036 1305 4106 ἡμῶν
1325 4037 1446 4091 ὅλον
1472 4038 1628 4107 γένος
1663 4039 1693 4092 6
1724 4039 1853 4104 Υἱὸς
1886 4041 1998 4093 εἰσ-

416 4123 633 4192 ήγαγεν
654 4122 729 4185 ὡς
756 4124 872 4184 [σος
896 4123 1114 4189 πάντως
1140 4128 1207 4197 τῇ
1235 4124 1557 4197 θεότητικαὶ
1580 4128 1873 4199 ἀγαθότητι
1903 4129 1997 4183 καὶ

418 4214 716 4285 δεσποτεία
746 4213 823 4286 τῷ
856 4215 1072 4287 ρἰαντι
1104 4217 1407 4289 τυγχάνων.
1451 4217 1562 4272 Ποῦ
1589 4218 1646 4272 δὲ
1670 4220 1884 4292 ἐγράφη
1915 4221 1998 4275 ὅτι

420 4307 755 4378 ἀσύγκριτος
797 4311 825 4361 6
864 4309 1054 4379 Πατὴρ
1097 4310 1231 4380 πρὸς
1258 4310 1350 4364 τὸν
1390 4309 1585 4365 ἑαυτοῦ
1614 4313 1930 4386 Μονογενῆς
1961 4314 1995 4385 ἢ

419 4402 504 4452 ὅτι
536 4401 565 4453 6
610 4400 741 4462 Υἱὸς
779 4399 941 4453 αὑτοῦ
974 4400 1069 4453 καὶ
1110 4399 1219 4455 τῶν
1266 4402 1484 4456 πάντων
1512 4404 1856 4477 Δημιουργὸς
1902 4407 1997 4459 καὶ

421 4491 642 4563 κριτὴς,
668 4492 809 4545 κατά
834 4492 930 4563 τὴν
952 4492 1140 4564 θεῖκὴν
1160 4493 1323 4547 αὑτοῦ
1348 4495 1444 4549 καὶ
1473 4495 1609 4549 ὅλων
1641 4498 1736 4568 ὲξῃ
1749 4514 1813 4569 ρη
1823 4497 1993 4569 μένην

2084 1024 2190 1079 lius
2213 1024 2444 1080 formam
2469 1036 2535 1077 ac
2579 1021 2807 1089 ﬁgurant
2833 1019 2924 1084 sit,
2949 1018 3119 1071 instar
3141 1012 3415 1069 simulacri
3437 1028 3465 1065 a
3492 1012 3662 1081 plaste

2085 1115 2275 1178 eﬂicti,
2303 1123 2395 1169 aut
2427 1112 2646 1180 sculpti,
2674 1110 2818 1181 quod
2864 1107 3161 1162 inanimum
3197 1112 3298 1170 est,
3339 1117 3438 1157 nec
3464 1116 3560 1155 sua
3601 1115 3662 1155 se

2085 1208 2136 1263 vi
2169 1220 2434 1262 movens:
2476 1218 2652 1273 neque
2691 1203 2985 1257 secundum
3014 1199 3158 1253 illius
3184 1196 3444 1266 speciem,
3495 1203 3549 1247 et
3569 1207 3662 1247 co-

2086 1300 2254 1354 loretn
2295 1294 2715 1365 sit,'cnjusmodi
2747 1303 2833 1346 est
2872 1291 3170 1344 artiﬁciosa
3202 1290 3268 1342 ad
3303 1286 3660 1342 imitationem

2086 1388 2252 1451 facta,
2287 1395 2517 1441 etmuta
2563 1382 2810 1453 elligies:
2860 1380 3169 1450 huiusmodi
3213 1380 3358 1434 enim
3400 1378 3663 1447 imagines

2087 1492 2265 1549 neque
2302 1477 2480 1548 quoad
2515 1483 2790 1537 naturam,
2817 1485 2991 1541 neque
3014 1486 3083 1525 ex
3118 1470 3329 1537 integro
3352 1468 3528 1537 quoad
3554 1467 3661 1520 alia

2086 1580 2433 1640 prototypum
2484 1565 2766 1622 exhibent.
2818 1562 2985 1619 Porro
3030 1562 3267 1618 hominis
3320 1563 3483 1616 etiam
3521 1560 3663 1614 ﬁlius

2087 1663 2265 1732 imago
2320 1671 2403 1715 est
2434 1657 2751 1714 substantia:
2798 1656 2966 1725 patris
3015 1654 3122 1718 sui,
3167 1653 3261 1707 sed
3302 1652 3549 1707 diversus
3594 1649 3663 1704 ab

2087 1754 2205 1823 ipso
2263 1761 2344 1807 est
2372 1760 2551 1816 aetate,
2601 1760 2696 1803 aut
2745 1749 2947 1816 specie,
2976 1754 3069 1799 aut
3114 1743 3401 1806 sententia,
3440 1751 3532 1796 aut
3581 1742 3661 1803 vi.

2087 1854 2179 1899 aut
2211 1845 2491 1913 dignitate,
2540 1851 2635 1895 aut
2683 1840 2766 1895 his
2813 1840 3066 1893 omnibus
3120 1836 3303 1897 simul,
3334 1843 3431 1889 aut
3482 1834 3659 1902 aliqua

2021 1926 2060 1984 Β
2091 1937 2255 1991 etiam
2285 1934 2394 1988 alia
2428 1949 2507 1989 re.
2535 1934 2605 1986 At
2638 1931 2780 1985 Deus
2808 1929 3047 1984 Verbum
3070 1928 3187 1983 sine
3215 1927 3322 1980 ullo
3352 1926 3664 1980 discrimine

2089 2037 2145 2081 et
2184 2025 2514 2081 adamussim
2550 2024 2725 2095 quoad
2770 2024 2951 2078 omnia
3004 2020 3323 2087 simplicem,
3367 2028 3422 2072 et
3460 2019 3666 2071 inomn-

2091 2119 2347 2189 positam,
2373 2128 2428 2173 et
2463 2117 2725 2171 varietate
2767 2124 3043 2170 carentem
3073 2112 3248 2166 Patris
3279 2110 3535 2163 deitatem
3566 2124 3663 2161 na-

2093 2198 2359 2275 turaliter,
2387 2218 2442 2263 et
2465 2208 2533 2262 ab
2561 2219 2766 2261 uerno
2792 2206 2956 2260 habet
2985 2215 3042 2258 ut
3079 2201 3253 2256 Patris
3278 2203 3458 2269 imago
3486 2218 3500 2254 :
3540 2215 3665 2253 nam

2095 2300 2236 2370 quod
2269 2301 2383 2368 ipse
2407 2300 2477 2354 sit
2510 2297 2605 2353 Dei
2633 2297 2811 2367 imago
2838 2294 2947 2369 42
2981 2294 3273 2350 secundum
3298 2293 3445 2362 quid,
3469 2302 3523 2347 et
3552 2307 3671 2361 pro-

2094 2405 2214 2463 pter
2260 2392 2482 2460 aliquid,
2518 2405 2588 2445 ne
2618 2389 2860 2459 cogitare
2917 2388 3133 2458 quidem
3176 2385 3324 2440 licet.
3373 2383 3484 2438 Nec
3537 2399 3668 2438 vero

2093 2485 2383 2554 quidquam
2423 2482 2566 2537 illius
2613 2481 2792 2550 imago
2808 2490 2913 2545 est,
2946 2478 3036 2548 qui
3065 2476 3181 2545 ejus
3212 2476 3670 2545 respectuincom-

2094 2579 2352 2647 parabilis
2377 2577 2450 2634 sit
2483 2596 2498 2633 :
2539 2589 2713 2645 neque
2736 2590 2832 2644 per
2879 2589 3001 2628 eum
3041 2573 3130 2641 qui
3155 2570 3432 2626 dissimilis
3462 2570 3556 2633 sit,
3577 2578 3670 2622 aut

2094 2672 2295 2735 minor,
2328 2679 2423 2723 aut
2455 2667 2755 2739 subjectus,
2809 2664 3190 2733 repraesentari
3234 2673 3410 2732 potest
3456 2660 3544 2715 ille
3577 2659 3672 2729 qui

2097 2777 2256 2818 verus
2292 2762 2385 2826 sit,
2425 2770 2480 2816 et
2508 2760 2857 2831 archetypus,
2880 2766 2934 2812 et
2960 2756 3160 2825 major,
3183 2766 3236 2810 et
3259 2755 3340 2809 sui
3374 2754 3485 2824 ipse
3508 2753 3668 2824 juris,

2095 2864 2150 2909 et
2194 2852 2633 2923 incomparabilis
2682 2869 2697 2906 :
2737 2864 2912 2920 neque
2969 2850 3170 2918 pariter
3218 2860 3314 2915 per
3361 2855 3673 2901 creaturam

2097 2945 2364 3000 naturalis
2391 2943 2565 2998 forma
2600 2942 2875 2998 Creatoris
2929 2939 3157 3009 intelligi
3203 2946 3377 3007 poteSt
3406 2956 3419 2994 :
3453 2953 3575 2990 nam
3606 2953 3672 2991 ne

2096 3036 2197 3091 alia
2232 3036 2448 3106 quidem
2479 3035 2585 3088 ulla
2625 3044 2819 3088 natura
2872 3032 3105 3086 alterum
3155 3033 3207 3085 in
3249 3032 3538 3101 semetipsa
3583 3045 3670 3084 re-

2097 3137 2409 3198 pratseutat.
2436 3125 2576 3192 Quin
2640 3127 2803 3179 etiam
2835 3124 2962 3177 illud
3002 3124 3268 3192 sequitur,
3322 3134 3379 3176 ut
3419 3122 3575 3176 Pater
3602 3124 3674 3174 sit

2099 3219 2218 3272 sine
2254 3216 2582 3280 substantia,
2611 3213 2715 3269 nisi
2749 3229 2934 3267 verum
2978 3213 3050 3266 sit
3089 3213 3234 3278 illud,
3260 3213 3399 3281 quod
3438 3211 3674 3265 Ita'retiei

2095 3315 2312 3373 negant,
2338 3306 2514 3369 ipsum
2542 3303 2743 3358 habere
2763 3302 3132 3357 characterem
3163 3301 3498 3356 sobstantiae.
3535 3300 3674 3353 Prae-

2096 3406 2239 3449 terea
2277 3394 2588 3458 invisibilis,
2620 3403 2678 3448 et
2730 3392 3143 3462 incompositus,
3176 3403 3229 3446 et
3271 3390 3440 3461 ﬁgura
3485 3405 3677 3444 carens

2095 3487 2234 3541 Deus
2285 3486 2576 3555 imaginem
2614 3482 2814 3537 habere
2844 3498 2948 3536 non
2983 3491 3183 3551 pmest,
3214 3481 3428 3551 qualem
3458 3480 3557 3550 ipsi
3590 3482 3678 3535 de-

2095 3577 2365 3641 scribunt,
2402 3590 2524 3644 quae
2562 3573 2772 3629 scilicet
2804 3573 2871 3627 ad
2914 3572 3272 3627 imitationem
3309 3570 3445 3625 facta
3491 3570 3672 3624 fuerit.

2092 3666 2308 3722 Illorum
2336 3678 2519 3719 autem
2548 3672 2863 3718 commenta
2910 3660 3198 3716 manifeste
3251 3673 3473 3716 enervat
3509 3662 3675 3716 etiam

2094 3760 2235 3829 quod
2263 3757 2568 3825 subjicitur,
2600 3766 2656 3809 et
2693 3755 2773 3811 sic
2792 3770 2851 3809 se
2873 3755 3037 3809 habet
3064 3771 3081 3809 :
3118 3752 3242 3808 Non
3271 3755 3508 3820 rapinam
3564 3752 3687 3824 (87)

2095 3855 2384 3909 arbitratus
2416 3862 2489 3906 est
2517 3868 2627 3906 esse
2658 3867 2712 3904 se
2740 3848 2995 3920 aequalem
3029 3848 3155 3901 Deo.
3192 3848 3265 3900 De
3294 3847 3526 3901 naturali
3548 3862 3678 3900 vero

2100 3948 2335 4015 imagine
2378 3945 2594 4014 Moyses
2642 3958 2856 4012 quoque
2902 3942 2979 3995 sic
3037 3941 3317 4009 loquitur:
3357 3939 3529 3991 Adam
3563 3937 3675 4007 (88)

2094 4040 2267 4107 genuit
2293 4035 2418 4091 Seth
2446 4036 2729 4089 secundant
2744 4038 2972 4102 [armant
3005 4048 3179 4086 suam.
3219 4028 3401 4100 Neque
3421 4044 3550 4083 Vero
3579 4027 3678 4082 fuit

2098 4127 2228 4185 Setli
2257 4127 2482 4183 alterius
2516 4127 2825 4181 necessario
2881 4125 3219 4187 substantize,
3257 4123 3436 4176 habita
3473 4121 3683 4176 ratione

2097 4223 2164 4275 ad
2196 4219 2462 4274 Adatnum
2492 4237 2509 4285 ;
2560 4229 2615 4273 et
2650 4228 2827 4271 tamen
2866 4216 3157 4289 imaginem
3192 4214 3303 4286 (89)
3338 4212 3547 4268 vocavit
3576 4212 3680 4267 for-

2097 4328 2268 4379 mam,
2303 4322 2357 4366 et
2389 4309 2804 4365 similitudinem
2858 4308 3201 4362 substantiae.
3247 4306 3317 4359 At
3362 4306 3427 4361 de
3460 4306 3677 4361 homine

2095 4420 2331 4476 quoque,
2366 4403 2639 4472 inquiunt,
2666 4403 2929 4471 scriptum
2959 4412 3040 4455 est
3069 4398 3204 4468 (90),
3227 4413 3348 4453 eum
3385 4413 3506 4453 esse
3548 4398 3680 4451 ima-

2098 4499 2302 4570 ginem,
2343 4505 2399 4551 et
2428 4495 2655 4565 gloriam
2688 4494 2803 4549 Dei.
2838 4477 2945 4547 Sed
2998 4491 3142 4546 nullo
3181 4492 3234 4545 in
3292 4491 3438 4558 loco,
3479 4507 3512 4546 ο
3554 4507 3683 4545 sua-

422 4585 653 4652 ᾰπειρον
688 4582 849 4652 φύσιν
880 4584 1085 4656 κτίσμα
1122 4584 1303 4651 ὲστίν;
1337 4585 1370 4657 ἢ
1413 4585 1571 4651 ὅλως,
1604 4586 1688 4640 ὅτι
1725 4587 1858 4641 ποτὲ
1895 4589 1993 4642 οὑκ

2102 4589 2331 4650 vissimi,
2374 4588 2441 4642 de
2476 4586 2718 4650 homine,
2742 4594 2835 4638 aut
2862 4583 2930 4637 de
2960 4582 3066 4637 alia
3096 4581 3202 4636 ulla
3235 4591 3486 4636 creatura
3537 4584 3678 4635 seti-

421 4667 527 4742 ἧνς
562 4672 596 4743 ῆ
628 4671 733 4726 πού
770 4672 949 4738 ἰδικῶς
987 4675 1089 4745 ἔφη
1120 4677 1150 4729 6
1174 4674 1383 4747 Πατὴρ,
1422 4676 1654 4731 Ἔκτισά
1691 4695 1781 4749 μοι
1823 4678 1953 4734 Υἱόν
1977 4696 1991 4710 ·

422 4768 460 4838 ἢ
481 4770 512 4821 6
550 4767 702 4834 Υἱὸς,
727 4769 1009 4841 Ἐκτίσθην
1039 4771 1144 4825 ὑπὸ
1175 4771 1269 4824 τοῦ
1308 4772 1550 4844 11ατρὸς;
1585 4774 1722 4842 ὅπερ
1752 4773 1993 4839 ἀκούειν,

430 4866 624 4934 μήτιγε
666 4865 761 4918 καὶ
791 4864 999 4934 λέγειν,
1045 4867 1272 4938 φρικτὸν
1319 4867 1415 4921 καὶ
1447 4865 1702 4936 φευκτόν.
1747 4867 1997 4940 Οὐδαμοῦ

431 4957 532 5026 μὲν
575 4954 669 5011 οὖν
711 4958 993 5023 παντελῶς
1030 4958 1179 5024 θείας
1223 4960 1318 5014 καὶ
1351 4960 1730 5031 πνευματικῆς
1772 4960 1999 5033 Γραφῆς

430 5047 657 5120 εὕρηται
688 5050 884 5109 ταῦτα,
933 5052 1256 5107 Τούναντίον
1286 5053 1343 5106 δὲ
1379 5053 1766 5125 συγκρίνοντος
1805 5052 2000 5106 ἑαυτὸν

432 5141 569 5210 πρὸς
610 5142 699 5195 τὸν
736 5143 958 5211 Πατέρα
1004 5144 1117 5197 ἐστὶ
1184 5144 1364 5197 πάντα
1402 5143 1499 5197 τοῦ
1533 5142 1876 5210 Μονογενοῦς
1927 5142 1999 5195 τά

433 5232 681 5303 περὶτῆς
708 5232 963 5341 θεότητος
981 5233 1145 5287 αὑτοῦ
1175 5236 1393 5307 ῥήματα
1412 5252 1426 5265 ·
1462 5235 1558 5290 καὶ
1590 5233 1837 5297 ὲνοῦντος
1866 5235 1998 5287 ἑαυ-

496 5407 610 5480 (87)
641 5407 765 5464 Non
786 5411 1046 5478 rapinam.
1074 5410 1301 5480 Philipp.
1336 5429 1397 5476 tt,
1424 5415 1478 5467 6.

493 5479 607 5552 (88)
642 5481 828 5553 Adam.
864 5481 1006 5553 VGn-n.
1039 5497 1092 5545 ν.
1128 5483 1181 5537 5.
1222 5479 1426 5538 ϐψω-ιι
1467 5483 1634 5538 editio
1664 5499 1781 5553 pro,
1823 5483 1999 5537 εἰδέαν

420 5550 611 5624 habet,
644 5550 805 5604 ἰδέαν.
844 5552 1075 5605 Sensum
1099 5566 1273 5606 tamen
1321 5555 1501 5623 potius
1533 5550 1695 5624 quam
1726 5555 1886 5609 verba
1921 5554 2000 5607 ci-

422 5630 508 5700 tat
534 5621 800 5700 lticlxnius
821 5640 837 5675 :
873 5637 1015 5700 quae,
1040 5621 1399 5700 ευρ-ξεινίης)
1431 5621 1664 5700 reddant
1690 5624 1832 5700 quod
1884 5624 1999 5700 ipse

423 5690 719 5763 sulijungit,
752 5693 842 5763 hic
870 5690 1077 5748 aﬂ'ero:
1111 5692 1314 5761 Ἔζησε
1340 5694 1397 5747 δὲ
1431 5694 1604 5763 Ἀδὰμ
1623 5690 1871 5747 διακόσια
1903 5693 2001 5763 καὶ

432 5759 710 5835 τριάκοντα
743 5761 883 5835 ἔτη,
907 5762 1001 5835 καὶ
1028 5759 1284 5835 ἐγέννησε
1322 5765 1465 5819 κατά
1505 5759 1605 5835 τῆν
1640 5763 1782 5817 ἰδέαν
1829 5762 1996 5835 αὑτοῦ

425 5831 517 5918 καὶ
542 5833 692 5918 κατά,
706 5831 1024 5918 ¹λιιίιεν.ἐἱ›ι‹5να
1048 5831 1234 5918 asia-6:3,
1262 5835 1359 5888 ml.
1386 5831 1710 5918 ἐπωνόμασε
1738 5835 1799 5888 τὸ
1822 5833 2000 5903 ὄνομα

425 5901 580 5958 αὑτοῦ
625 5901 778 5973 Σήθξ
810 5904 865 5959 ω
887 5915 975 5959 est
1016 5922 1033 5936 ο
1079 5901 1221 5958 Vixit
1251 5922 1365 5961 vero
1400 5901 1583 5960 Adam'
1608 5920 1779 5960 ccxxx
1807 5901 2000 5970 annos,

2101 4690 2252 4752 ptum
2283 4689 2390 4747 est,
2416 4692 2537 4732 eam
2571 4692 2695 4731 esse
2722 4676 3065 4746 splendorem
3099 4672 3283 4744 gloria:
3316 4673 3429 4737 Dei,
3464 4683 3518 4728 et
3547 4674 3679 4727 rha-

2104 4785 2373 4828 racterem
2435 4767 2774 4825 substantiae.
2817 4764 2976 4820 Aliud
3011 4775 3191 4819 autem
3248 4774 3353 4831 est,
3409 4767 3687 4821 hominem

2101 4880 2221 4921 esse
2253 4863 2541 4932 imaginem
2574 4858 2689 4926 Dei,
2717 4858 2767 4912 id
2803 4866 2886 4913 est
2917 4872 3029 4911 rem
3065 4855 3420 4911 Sahret'actam
3449 4857 3685 4912 archite-

2101 4961 2175 5015 cti
2211 4972 2334 5013 esse
2360 4955 2675 5025 imaginem,
2713 4951 2853 5008 sicut
2887 4950 3019 5006 sella
3066 4961 3149 5006 est
3182 4950 3360 5020 imago
3394 4951 3557 5019 fabri;
3609 4954 3686 5007 ait

2062 5094 2065 5097 .
2101 5052 2248 5105 enim
2288 5048 2546 5105 Salomon
2595 5064 2610 5101 :
2651 5044 2757 5099 Per
2802 5043 3102 5115 analogiam
3155 5043 3282 5114 (9i).
3316 5053 3696 5098 creaturarum-

2106 5141 2361 5197 Conditor
2399 5139 2652 5194 cernitur.
2692 5138 2849 5193 Aliud
2900 5152 3027 5191 vero
3067 5145 3172 5199 est,
3208 5151 3305 5206 per
3349 5136 3681 5190 identitateni

2107 5234 2318 5298 fortine,
2369 5233 2640 5297 essentiae,
2692 5241 2750 5287 et
2799 5229 3139 5297 aeternitatis,
3176 5228 3521 5299 splendorem
3564 5242 3701 5284 esse-

2107 5421 2155 5465 et
2184 5415 2362 5482 genuit
2390 5412 2679 5465 secundum
2713 5411 2945 5482 formam
2963 5425 3137 5474 suam,
3161 5417 3206 5482 et
3234 5406 3520 5482 secundum
3546 5405 3684 5458 ima-

2106 5477 2274 5551 ginem
2312 5498 2487 5551 suam,
2514 5494 2562 5535 et
2600 5481 2881 5533 nominavit
2916 5495 3099 5533 nomen
3137 5478 3258 5551 ejus
3284 5477 3436 5551 Seth.

2178 5550 2290 5622 (89)
2326 5543 2641 5621 Imaginem.
2673 5551 2903 5622 Exultat:
2938 5565 3070 5622 νίνου
3118 5543 3575 5622 cbnjicere__licet,
3620 5543 3686 5622 lf-

2106 5613 2346 5678 hrarlum
2380 5613 2621 5675 noetrum
2670 5620 2723 5672 in
2763 5617 2992 5674 Genesis
3025 5618 3142 5672 loco
3173 5613 3297 5669 ante
3343 5616 3508 5668 allato
3546 5613 3687 5666 omi-

2105 5698 2247 5747 sisse
2277 5691 2434 5745 verba
2465 5692 2577 5757 illa,
2606 5691 2702 5745 καὶ
2735 5688 2878 5743 κατά
2910 5688 3011 5760 τὴν
3056 5686 3242 5742 εἰκόνα
3268 5684 3458 5751 αὑτοῦ,
3494 5685 3546 5740 id
3576 5691 3692 5746 est,

2103 5774 2151 5818 et
2182 5763 2465 5832 secundum
2493 5763 2775 5832 imaginem
2798 5762 2973 5832 suam.

2176 5830 2288 5900 (90)
2319 5829 2583 5900 Scriptum
2606 5828 2703 5885 Est.
2739 5831 2759 5884 ι
2785 5831 2910 5900 Cor.
2941 5844 3018 5893 χι,
3047 5828 3102 5880 7.

2179 5894 2291 5975 (91)
2337 5894 2455 5976 Par:
2485 5902 2806 5972 analogiam.
2846 5899 2974 5970 Sag.
3015 5913 3143 5962 xm,
3168 5894 3223 5949 5.
