4004 6460
492 435 594 492 34⁸1

1760 432 1996 488 DIDYMI
2034 431 2506 491 ALEXANDRINI

3634 431 3729 488 548

490 571 526 610 o
570 552 710 607 Deus
744 548 1088 615 exercituum,
1143 557 1238 604 aut
1295 551 1567 605 virtutum.
1630 547 1771 615 Quin
1826 561 1883 605 et
1928 551 2076 607 Elias

2197 555 2275 608 ιαὶ
2330 553 2520 617 Ἠλίας
2555 554 2584 606 ὀ
2613 550 2880 621 Θεσδετης
2907 564 2966 604 εν
3002 550 3070 620 τῇ
3107 547 3269 621 τρίτῃ
3306 546 3417 602 τῶν
3456 547 3733 603 Βασιλειῶν

494 642 780 698 Thesbites
810 640 865 695 in
927 642 1082 695 tertia
1119 636 1429 711 Regnorum
1493 639 1720 696 historia
1773 639 1909 711 (29),
1963 640 2077 713 48

494 751 618 791 cum
674 741 908 797 orasset,
957 741 1018 787 ut
1059 742 1332 787 mortuum
1389 731 1628 788 Sidoniae
1674 732 1848 787 vidua:
1904 731 2077 787 lilium

495 826 562 880 ad
600 825 767 879 vitam
795 830 1093 886 revocaret,
1109 831 1193 877 ter
1218 822 1272 878 in
1306 821 1484 890 ipsum
1509 820 1819 886 insutilavit,
1843 830 1901 876 et
1925 830 2079 892 post-

494 932 562 971 ca
610 916 761 972 illum
802 915 1143 972 resuscitavit
1178 932 1194 969 :
1238 921 1398 983 atque
1437 914 1509 968 ita
1564 929 1670 967 non
1716 913 1874 968 modo
1902 922 2080 969 osten-

498 1010 581 1063 dit
630 1022 690 1063 se
726 1008 780 1061 in
819 1006 1070 1061 oratione
1117 1004 1386 1060 viviﬁcam
1422 1004 1744 1060 Trinitatem
1780 1003 2080 1059 invocavis-

500 1116 586 1165 se,
615 1101 708 1155 sed
739 1108 794 1153 et
827 1113 925 1152 nos
951 1096 1152 1161 docuit,
1187 1111 1293 1150 non
1321 1096 1481 1150 aliam
1514 1108 1752 1151 nostram
1783 1105 1876 1149 aut
1897 1095 2075 1161 ﬁdem,

502 1202 597 1245 aut
627 1191 680 1245 in
721 1190 990 1244 reddenda
1028 1188 1138 1243 Deo
1173 1188 1340 1257 gloria
1399 1187 1684 1242 formulam
1716 1202 1836 1243 esse
1860 1186 2076 1242 debere.

500 1280 637 1337 Cum
674 1295 807 1337 vero
837 1281 926 1346 iis,
958 1281 1048 1351 qui
1078 1296 1273 1348 aquam
1302 1280 1613 1348 portabant,
1645 1281 1901 1351 praecepit
1929 1294 1945 1333 :
1977 1278 2083 1334 Ite-

502 1389 622 1427 rum
648 1372 765 1445 (50)
792 1372 889 1428 hoc
915 1373 1102 1441 facile;
1122 1383 1175 1427 et
1206 1389 1222 1429 :
1264 1372 1438 1426 Tertio
1467 1373 1563 1425 hoc
1590 1372 1770 1441 facile,
1801 1381 1912 1426 tres
1944 1370 2075 1426 has-

424 1508 430 1515 .
506 1482 569 1521 ce
610 1470 861 1523 omnibus
897 1468 1112 1540 hymnis
1142 1468 1338 1539 dignas
1369 1483 1629 1538 personas
1656 1470 1849 1538 aequali
1881 1469 1933 1523 vi
1959 1468 2083 1523 ubi-

505 1575 611 1629 que
647 1560 700 1615 in
729 1560 982 1615 omnibus
1010 1561 1254 1630 operari,
1289 1570 1344 1615 et
1398 1563 1676 1631 aequaliter
1736 1563 2082 1617 honorandas

460 1665 629 1704 esse
685 1649 963 1705 indicavit.
1027 1650 1178 1717 Quod
1235 1652 1279 1706 si
1336 1652 1490 1707 vobis
1544 1652 1739 1721 placet,
1778 1667 1848 1706 ex
1902 1652 2080 1706 divina

510 1754 884 1809 quoquevoce
932 1755 1121 1794 rursus
1151 1741 1203 1795 id
1238 1740 1438 1811 ipsum,
1468 1741 1534 1795 de
1562 1755 1673 1810 quo
1701 1743 1899 1811 agitur,
1930 1740 2083 1794 vobis

508 1838 697 1883 notum
756 1829 975 1885 faciam.
1019 1828 1154 1886 Nam
1212 1846 1336 1886 cum
1385 1831 1577 1893 turris,
1618 1841 1679 1886 ut
1732 1832 1900 1886 estin
1945 1830 2083 1887 libro

2179 645 2421 717 ἱστορίᾳ,
2489 643 2591 714 τῆς
2652 642 2910 706 Σιδωνίας
2970 642 3144 714 χήρας
3219 641 3311 694 τὸν
3377 640 3495 693 υίδν
3558 641 3738 711 νεκρὸν

2177 734 2306 789 ὄντα
2349 734 2650 789 ἀναϐιῶναι
2695 732 3024 805 εὐξάμενος,
3069 733 3251 804 τρίτον
3298 730 3627 801 ἐνεφύσησεν
3666 734 3737 796 είς

2178 828 2365 891 αὑτὸν,
2408 827 2505 879 καὶ
2541 826 2714 889 οὕτως
2753 825 3053 895 ἀνέστησεν
3078 840 3092 855 ο
3135 826 3199 876 ἐκ
3237 822 3431 876 τούτου
3475 824 3738 892 μονονουχὶ

2184 920 2454 990 σημάνας,
2496 918 2572 981 ὼς
2613 917 2776 981 αὐτὸς
2809 918 2867 971 ἐν
2908 919 2976 987 τῇ
3021 918 3300 987 προσευχῇ
3346 915 3452 985 τὴν
3493 913 3738 977 ζωοποιὺν

2180 1007 2547 1060 ἐπεκαλέσατο
2593 1007 2819 1077 Τριάδα,
2853 994 2991 1061 ἀλλά
3021 1005 3117 1059 καὶ
3148 1006 3298 1076 ἡμᾶς
3342 1004 3420 1075 μὴ
3456 1003 3628 1067 ἄλλως
3662 1021 3742 1057 πι-

2181 1096 2393 1153 στεῦειν
2421 1100 2517 1153 καί⁸
2546 1098 2789 1163 δοξάζειν
2816 1098 3052 1163 διδάξας.
3078 1097 3189 1151 Καὶ
3213 1098 3323 1158 τοῖς
3352 1092 3668 1168 ὑδροφόροις
3693 1095 3744 1148 δέ

2181 1191 2709 1262 παρακελευόμενος,
2748 1190 3141 1254 Δισσεύσατε,
3174 1188 3291 1251 καὶ,
3327 1188 3741 1255 Τρισσεύσατε,

2180 1284 2280 1346 τὰς
2308 1285 2460 1355 τρεῖς
2492 1284 2875 1353 πανυμνὴτους
2906 1281 3235 1343 ὑποστάσεις
3283 1278 3623 1346 ίσοδυνάμως
3662 1279 3746 1330 καί⁵

2181 1375 2463 1446 ὀμοτίμως
2502 1372 2782 1444 πανταχοῦ
2824 1374 2884 1425 ἐν
2927 1372 3098 1424 πᾶσιν
3139 1371 3386 1441 ἐνεργεῖν
3434 1367 3743 1439 παρεδήλου.

2182 1465 2246 1518 Εἰ
2273 1465 2330 1518 δὲ
2371 1463 2651 1533 βούλεσθε,
2681 1461 2959 1534 γνώριμον
2991 1461 3121 1530 ὑμῖν
3159 1459 3255 1512 καὶ
3287 1459 3353 1510 ἐκ
3395 1456 3551 1519 θείας
3581 1455 3745 1525 φωνῆς

2184 1551 2344 1618 αὖθις
2373 1555 2436 1608 τὸ
2482 1554 2802 1624 κινούμενον
2840 1554 3073 1623 ποιήσω.
3127 1550 3215 1604 Ἐν
3254 1549 3366 1619 γὰρ
3403 1547 3574 1618 βίϐλῳ
3608 1547 3747 1600 Γενέ-

2187 1664 2345 1711 σεως,
2379 1649 2437 1701 ἐν
2464 1650 2530 1718 τῇ
2573 1645 2925 1717 πυργοποιῖᾳ,
2955 1646 2985 1698 ὁ
3015 1642 3147 1706 Θεὸς
3174 1642 3268 1695 καὶ
3301 1641 3499 1711 Πατὴρ
3526 1639 3623 1701 τὰς
3654 1654 3746 1708 μα-

2187 1740 2385 1810 καρίας
2424 1739 2752 1802 ὑποστάσεις
2796 1737 3078 1807 ἐξέφηνεν,
3114 1736 3249 1807 πρὸς
3281 1735 3375 1788 τὸν
3409 1731 3605 1786 ἐαυτοῦ
3635 1730 3749 1787 Υίὺν

2186 1832 2281 1885 καὶ
2313 1831 2374 1884 τὸ
2418 1832 2573 1901 ἅγιον
2616 1830 2782 1886 αὐτοῦ
2813 1830 3039 1899 Πνεῦμα
3068 1827 3305 1900 εἰρηκώς
3325 1844 3339 1857 ·
3373 1826 3555 1880 Δεῦτε
3590 1838 3751 1879 κατα-

506 1916 752 1983 Genesis,
788 1919 1169 1985 :edilicaretur,
1205 1920 1350 1976 Deus
1378 1931 1432 1976 et
1464 1919 1629 1975 Pater
1663 1922 1850 1975 beatas
1899 1936 2084 1992 perso-

2197 1922 2395 1989 9a'rtsc
2424 1897 2776 1992 συγχέωμεν
2803 1921 2930 1976 ἐκεῖ
2959 1897 3160 1975 αὑτῶ)-
3327 1916 3636 1989 γλώσσας,
3665 1915 3753 1967 ἵνα

508 2024 609 2065 nas
642 2011 1028 2079 manifestavit,
1060 2013 1136 2068 ita
1163 2012 1360 2068 Filium
1389 2027 1572 2078 suum,
1597 2022 1655 2069 et
1686 2025 1934 2069 sanctum
1963 2012 2083 2083 ejus

2197 2014 2268 2082 μὴ
2298 2014 2646 2068 ἀκούσωσιν
2673 2012 2932 2078 ἕκαστος
2954 2010 3070 2081 τὴν
3096 2010 3307 2081 φωνὴν
3332 2009 3448 2064 τοῦ
3480 2006 3749 2075 πλησίον.

508 2099 774 2169 Spiritum
832 2101 1112 2172 alloquens
1158 2120 1174 2159 :
1232 2101 1421 2158 Venite
1472 2103 1608 2176 (5t),
1668 2105 2082 2169 descendemus,

509 2193 895 2262 confundamus
925 2194 1003 2250 ibi
1031 2194 1238 2267 linguas
1267 2211 1469 2262 eorum,
1500 2207 1557 2250 ut
1585 2213 1688 2250 non
1720 2197 1905 2250 audiat
1925 2212 2088 2250 unus-

507 2288 724 2357 quisque
757 2303 931 2343 vocem
965 2290 1196 2358 proximi
1231 2290 1336 2345 sui.
1369 2289 1578 2361 Moyses
1605 2300 1782 2361 autem
1811 2290 1877 2344 ad
1906 2299 2090 2345 osten-

448 2390 456 2398 '
512 2377 762 2445 dendam,
798 2385 857 2431 ut
896 2377 1112 2448 opinor,
1150 2377 1437 2433 Trinitatis
1484 2360 1870 2449 aeqttalitatem,
1924 2394 2088 2435 unam

511 2467 678 2522 vitem
741 2469 992 2539 exposuit
1046 2468 1102 2523 in
1154 2468 1326 2523 tribus
1362 2471 1744 2541 propaginibus
1771 2469 1904 2541 (52),
1956 2483 2091 2524 nus-

514 2573 676 2629 quam
726 2573 856 2614 vero
905 2558 1129 2614 alteram
1172 2561 1523 2630 propaginem
1559 2560 1729 2616 altera
1783 2559 2094 2631 profundio-

514 2665 629 2703 rem
664 2650 777 2720 (53)
815 2650 952 2705 dixit
1000 2669 1016 2706 :
1062 2667 1129 2706 ne
1166 2653 1287 2721 quis
1323 2651 1533 2707 scilicet
1585 2667 1751 2706 unam
1800 2666 2088 2721 personam

519 2743 689 2798 altera
726 2744 962 2815 priorem
997 2756 1170 2816 putet,
1208 2747 1303 2802 sed
1360 2756 1472 2802 tres
1506 2746 1573 2802 ad
1621 2762 1783 2802 unam
1834 2746 2092 2803 deitatem

514 2845 764 2906 spectare
793 2838 1084 2893 credamus
1122 2839 1382 2894 universi.
1416 2838 1534 2906 Qua
1555 2841 1719 2895 etiam
1753 2839 1821 2894 de
1852 2854 2016 2894 causa
2042 2840 2093 2893 in

519 2927 700 2992 altari,
734 2928 789 2983 in
823 2943 931 2999 quo
957 2928 1198 2986 Trinitas
1233 2931 1592 3002 gloriﬁcatur,
1624 2934 1826 3002 gradus
1853 2932 1971 2987 ﬁeri
1999 2946 2097 2987 ve-

517 3018 621 3071 tuit
647 3018 827 3072 divina
855 3018 1130 3090 Scriptura
1164 3020 1276 3092 (54)
1311 3038 1326 3076 :
1357 3036 1425 3076 ne
1445 3021 1652 3076 scilicet
1680 3021 1948 3086 homines,
1986 3024 2092 3078 sic-

515 3120 576 3164 ut
608 3110 659 3164 in
694 3111 950 3180 gradibus
978 3151 993 3178 ,
1027 3112 1235 3168 divinas
1281 3127 1542 3184 personas
1572 3114 1646 3167 ita
1675 3113 1988 3180 delinirent,
2037 3123 2096 3169 ut

517 3202 743 3257 alteram
772 3204 942 3258 altera
982 3204 1298 3259 inferiorem
1334 3205 1593 3261 dicerent.
1632 3206 1690 3260 In
1741 3220 1953 3260 summa
1988 3205 2095 3262 Ve-
2122 3239 2170 3303 ο

519 3303 606 3348 tus
647 3295 1054 3350 Testamentum
1096 3295 1228 3351 Novi
1271 3306 1454 3367 typum
1490 3296 1692 3363 ferens,
1736 3298 1981 3367 mystice,
2042 3307 2099 3354 et

518 3385 914 3441 consultissime
941 3385 1197 3456 loquitur,
1229 3389 1540 3459 mysterium
1568 3390 1753 3452 hocce,
1785 3392 1925 3459 quod
1955 3398 2103 3459 post-

515 3491 583 3530 ea
631 3475 957 3546 patefactum
1005 3478 1134 3546 luit,
1185 3481 1523 3551 aenigmatice
1569 3484 1746 3552 potius
1809 3482 1991 3537 multis
2046 3482 2099 3536 in

518 3561 654 3618 locis
683 3565 947 3630 iudicans,
981 3581 1141 3636 quam
1192 3570 1242 3623 in
1276 3586 1383 3625 uno
1432 3572 1730 3642 eodemque
1759 3571 1871 3643 (35)
1919 3571 2102 3642 expla-

523 3670 685 3722 nans,
718 3671 784 3713 ac
810 3657 969 3712 simul
1003 3662 1177 3729 magis
1198 3660 1325 3715 illud
1357 3662 1659 3733 explicans,
1688 3679 1849 3734 quam
1874 3666 2102 3719 obscure

521 3745 769 3802 indicans
795 3766 810 3803 :
837 3762 904 3801 ne
927 3748 1136 3804 scilicet
1166 3760 1259 3806 aut
1295 3766 1409 3818 eos,
1438 3754 1530 3823 qui
1564 3755 1757 3810 initiati
1788 3770 1894 3810 non
1922 3765 2099 3821 erant,

522 3836 724 3908 quique
755 3841 991 3895 nondum
1048 3842 1180 3897 satis
1209 3842 1373 3907 ﬁrmi,
1426 3846 1730 3916 divinisque
1780 3848 2103 3918 cognitionis

528 3944 758 4000 capaces
778 3932 1136 4001 exsistebant,
1160 3937 1434 4005 repentina
1470 3940 1827 4009 impressione
1845 3940 2105 4011 percelle-

523 4035 632 4089 ret,
661 4035 755 4079 aut
804 4029 951 4082 omni
1014 4045 1108 4085 eos
1170 4031 1370 4085 damno
1439 4030 1701 4097 adiceret;
1764 4032 1892 4087 illud
1957 4034 2102 4087 enim

525 4126 672 4172 esset
718 4116 831 4190 49
878 4119 1203 4191 imperitiae,
1258 4122 1363 4177 hoc
1418 4133 1597 4178 autem
1666 4122 2101 4180 inbumauitatis.

525 4208 681 4279 Saepe
706 4224 1021 4277 verolettam
1044 4229 1229 4269 eorum
1268 4214 1404 4286 ('56),
1441 4230 1560 4285 qua:
1587 4231 1652 4269 ex
1685 4216 1971 4272 occasione
1997 4232 2105 4273 uno

524 4298 581 4354 in
623 4301 740 4355 loco
769 4303 933 4357 nobis
954 4303 1111 4372 .dixit
1136 4303 1205 4357 ad
1234 4307 1808 4374 comprehendendum
1846 4306 2103 4373 dillicilia,

525 4390 882 4457 solutionem,
906 4394 1436 4466 explicationemque
1465 4397 1522 4451 in
1552 4398 1658 4453 alio
1687 4398 1926 4469 capitulo
1964 4414 2106 4469 pra:-

531 4478 665 4536 bere
701 4483 1012 4538 consuevit.
1063 4482 1271 4539 Novum
1322 4495 1502 4540 autem
1534 4484 1943 4540 Testamentum
1993 4502 2106 4541 non

2187 2105 2298 2158 Kal.
2321 2104 2561 2174 Μωῦσῆς
2587 2103 2668 2167 δὲ,
2699 2104 2797 2175 τὴν
2827 2104 3047 2173 ἰσότητα
3075 2103 3174 2173 τῆς
3210 2100 3469 2173 Τριάδος,
3497 2099 3574 2162 ὡς
3596 2093 3754 2167 οἶμαι,

2187 2195 2403 2266 δηλῶν,
2442 2195 2660 2260 ἐξέθετο
2713 2197 2843 2268 μίαν
2892 2196 3136 2268 ἄμπελον
3185 2195 3242 2247 ἐν
3286 2194 3442 2265 τρισὶ
3496 2191 3751 2262 πυθμέσι,

2185 2282 2373 2338 τοῦτον
2397 2284 2494 2338 τοῦ
2532 2285 2694 2339 ἄλλου
2731 2285 3006 2356 πυθμένος
3045 2281 3284 2354 οὐδαμοῦ
3324 2279 3755 2353 προϐαθέστερον

2189 2378 2459 2450 εἰρηκώς·
2505 2379 2591 2433 ἵνα
2629 2381 2702 2450 μή
2733 2396 2817 2443 τις
2855 2379 2956 2449 τὴν
2984 2377 3280 2430 ὑπόστασιν
3308 2374 3521 2446 ταύτην
3559 2373 3753 2442 ἐκείνης

2191 2470 2546 2542 προτερεύειν
2573 2471 2793 2541 νομίσῃ,
2833 2469 2968 2523 ἀλλὰ
3010 2469 3109 2533 τὰς
3139 2470 3290 2540 τρεῖς
3319 2469 3383 2521 ἐν
3420 2468 3522 2539 μιᾷ
3568 2462 3753 2517 συντεί-

2192 2579 2305 2616 νειν
2368 2562 2388 2635 [
2415 2562 2488 2617 20
2513 2564 2540 2616 b
2563 2562 2586 2635 ]
2629 2563 2843 2632 θεότητι
2874 2562 3072 2625 πάντες
3099 2560 3470 2631 πιστεύωμεν.
3499 2557 3595 2611 Διά
3618 2555 3754 2609 τοῦτο

2192 2655 2285 2709 καὶ
2314 2655 2348 2726 ὴ
2379 2654 2739 2719 θεόπνευστος
2767 2653 2959 2726 Γραφὴ
2988 2651 3257 2707 ἐκώλυσεν
3286 2653 3343 2704 ὲν
3377 2650 3458 2721 τῷ
3487 2650 3757 2715 θυσιαστη-

2196 2747 2318 2818 ρίῳ,
2346 2748 2405 2800 ὲν
2440 2740 2487 2815 ᾧ
2527 2749 2561 2818 ἡ
2607 2746 2778 2817 Τριὰς
2821 2744 3131 2813 δοξάζεται,
3174 2742 3532 2815 ἀναϐαθμοὺς
3569 2741 3751 2794 ποιεῖν’

2194 2836 2337 2890 ὥστε
2368 2837 2444 2907 μὴ
2471 2836 2548 2899 ώς
2573 2838 2631 2890 ἐν
2664 2836 2889 2906 βαθμοῖς
2919 2831 3248 2905 διορίζεσθαι
3275 2830 3620 2902 ἀνθρώπους,
3647 2825 3751 2880 καθ’

2196 2928 2389 2999 ὕφεσιν
2419 2944 2544 2983 τινα
2574 2925 2715 2981 εἶναι
2740 2927 2840 2991 τὰς
2869 2926 3019 2991 θείας
3064 2926 3417 2988 ὑποστάσεις.
3454 2924 3565 2976 Kal.
3591 2918 3755 2981 ἁπλῶς

2198 3023 2234 3094 ἡ
2264 3021 2479 3076 Παλαιὰ
2506 3021 2776 3093 Διαθήκη,
2808 3020 2976 3073 τύπον
3006 3019 3248 3089 φέρουσα
3270 3019 3370 3088 τῆς
3393 3017 3564 3080 Νέας,
3595 3028 3757 3085 μυστι-

2197 3115 2313 3179 κῶς
2329 3114 2423 3169 καὶ
2447 3113 2913 3186 προμηθεστάτως
2931 3111 3258 3180 διαλέγεταιο
3271 3107 3617 3179 αἰνιττομένη
3640 3102 3755 3177 μᾶλ-

2197 3207 2288 3262 λον
2316 3208 2373 3261 ἐν
2408 3201 2643 3270 πολλοῖς,
2669 3205 2703 3277 ἢ
2730 3204 3013 3277 φράζουσα
3043 3205 3102 3258 ἐν
3131 3202 3315 3272 ταυτῷ
3333 3218 3348 3232 ·
3376 3202 3473 3255 καὶ
3503 3197 3763 3271 φράζουσα·

2201 3299 2383 3365 πλέον,
2407 3300 2550 3370 ἢπερ
2575 3298 2927 3369 αἱνισσομένη
2955 3296 3018 3350 τό
3041 3294 3268 3366 ὕστερον
3289 3292 3562 3363 ἐκφανθὲν
3585 3289 3763 3363 μυστή-

2203 3408 2318 3463 ριον
2340 3407 2354 3421 ⁸
2401 3391 2551 3453 ὅπως
2599 3389 2738 3460 μήτε
2797 3386 2978 3459 πλήξῃ
3012 3387 3079 3457 τῇ
3135 3383 3311 3455 ἁθρόα
3354 3380 3626 3455 προσϐολῇ
3651 3377 3757 3437 τοὺς

2203 3483 2501 3553 ἀμυήτους,
2525 3480 2622 3533 καὶ
2640 3478 2792 3532 οὔπω
2812 3477 2972 3540 ὄντας
2987 3472 3284 3547 σταθερούς
3308 3489 3367 3525 τε
3395 3472 3489 3526 καὶ
3504 3465 3758 3525 δεκτικοὺς

2200 3575 2300 3645 τῆς
2325 3571 2578 3634 θεοπτίας
2594 3589 2610 3603 ·
2635 3571 2770 3641 μήτε
2796 3569 2901 3640 μὴν
2931 3569 3010 3631 είς
3038 3566 3100 3620 τὸ
3124 3564 3390 3626 παντελὲς
3416 3560 3677 3635 ζημιώσῃ·
3707 3554 3757 3606 τὸ

2207 3667 2304 3738 μὲν
2332 3665 2440 3736 γὰρ
2472 3659 2541 3735 ἦν
2568 3662 2845 3732 ἀπειρίας,
2885 3659 2946 3712 τὸ
2974 3659 3031 3713 δὲ
3069 3655 3491 3727 ἀπανθρωπίας.
3518 3647 3756 3708 Πολλάκις

2202 3758 2261 3811 δέ
2288 3756 2384 3810 καὶ
2411 3754 2556 3823 ἅπερ
2593 3752 2755 3823 τυχὸν
2790 3746 3026 3805 ἐνταῦθα
3068 3748 3201 3818 ἡμῖν
3229 3744 3570 3814 δυσεφίκτως
3614 3739 3757 3809 ἐφρα-

2206 3864 2295 3910 σε,
2325 3845 2390 3899 δι’
2432 3844 2626 3916 ἐτέρας
2672 3842 2891 3914 γραφῆς
2934 3840 3034 3911 τὴν
3073 3836 3227 3890 λύσιν
3263 3836 3590 3906 παρέσχετο.
3628 3825 3756 3916 ’11δέ

2205 3936 2325 3989 Νέα
2357 3935 2457 3988 οὐκ
2503 3915 2583 3987 ἔτι
2610 3932 2686 3996 ὡς
2718 3932 2777 3983 ἐν
2813 3931 2940 4000 σκιᾷ
2971 3929 3064 3982 καὶ
3116 3926 3600 4006 παραπετάσματι,
3640 3915 3755 4006 ἀλλὰ

2206 4027 2394 4097 σαφῶς
2436 4027 2530 4082 καὶ
2559 4023 2854 4096 διαρρήδην
2881 4020 3096 4093 φράζει,
3119 4002 3194 4082 ώς
3218 4015 3588 4089 μαρτυροῦσιν
3612 4002 3752 4063 οὗτοι·

2204 4119 2421 4183 Παῦλος
2460 4117 2710 4190 γράφων,
2747 4111 3038 4182 Ῥωμαίοις
3074 4109 3195 4181 μὲν,
3234 4108 3420 4176 Ειπερ
3445 4101 3533 4171 εἷς
3556 4107 3587 4158 ὀ
3613 4099 3754 4163 Θεός⁶

2204 4208 2474 4271 Γαλάταις
2521 4206 2578 4259 δὲ
2614 4206 2709 4258 καὶ
2760 4200 3068 4275 Κορινθίοις
3092 4215 3107 4230 ·
3164 4198 3228 4251 '0
3283 4198 3431 4264 Θεὸς
3469 4190 3555 4260 εἷς
3587 4193 3752 4245 ἐστιν.

2206 4303 2317 4357 Καὶ
2354 4300 2515 4354 πάλιν
2543 4298 2601 4351 δὲ
2641 4294 2949 4366 Κορινθίοις
2973 4292 3035 4345 τὸ
3059 4289 3332 4361 δεύτερον
3372 4289 3444 4345 Ἦ
3479 4285 3640 4356 χάρις
3666 4277 3755 4376 101:)

2206 4392 2428 4462 Κυρίου
2463 4389 2634 4460 ἡμῶν
2681 4385 2884 4454 Ἰησοῦ
2914 4382 3173 4453 Χριστοῦ
3192 4421 3208 4445 ,
3239 4381 3339 4436 καὶ
3368 4382 3407 4447 ή
3444 4377 3633 4447 ἀγάπη
3665 4385 3755 4462 του

2210 4456 2381 4550 Θεοῦ,
2406 4456 2518 4535 καί.
2545 4481 2586 4549 ὴ
2626 4477 2909 4532 κοινωνία
2929 4474 3037 4529 τοῦ
3060 4472 3233 4543 ἁγίου
3265 4472 3604 4539 Πνεύματος
3627 4456 3756 4532 μετὰ

523 4568 635 4637 jam
668 4576 926 4641 tanquam
955 4572 1009 4627 in
1040 4575 1256 4641 umbra,
1280 4583 1335 4629 et
1360 4577 1460 4631 sub
1491 4575 1634 4643 velo,
1669 4576 1764 4631 sed
1793 4577 2095 4641 manifesto1

2209 4574 2450 4629 πάντων
2482 4568 2669 4641 ὑμῶν.
2723 4566 2985 4622 Ἐνταῦθα
3012 4564 3102 4619 διὰ
3138 4562 3200 4616 τὸ
3231 4560 3430 4616 ταυτὸν
3459 4561 3565 4653 τῆς
3589 4553 3754 4646 θεότηῖ

529 4666 585 4712 et
617 4674 875 4729 expresse
898 4662 1164 4731 loquitur,
1195 4674 1256 4718 ut
1287 4673 1558 4720 testantur
1592 4666 1654 4729 ii,
1676 4680 1906 4736 quorum
1940 4667 2102 4721 verba

531 4751 781 4820 subjicio.
814 4754 1014 4810 Paulus
1064 4753 1324 4812 Romanis
1350 4758 1569 4829 quidem
1606 4758 1891 4814 scribens:
1925 4755 2095 4828 Siqui-

603 4954 718 5024 (29)
780 4953 1046 5025 Historia.
1085 4955 1151 5010 lll
1198 4955 1329 5025 Reg.
1378 4972 1532 5023 xvu,
1576 4957 1667 5013 2|.
1716 4956 1917 5013 Eodem
1947 4957 2105 5011 modo

529 5025 776 5081 Justinus
834 5026 888 5079 in
950 5024 1319 5079 Cohortatione
1385 5029 1454 5079 ad
1517 5025 1753 5091 σίγησε,
1805 5043 1958 5082 ηυιιι.
2009 5028 2103 5089 51,

534 5100 684 5168 hunc
724 5095 919 5168 librum
948 5095 1100 5168 citat.
1131 5095 1244 5149 Οὐκ
1270 5094 1378 5168 ἀπὸ
1406 5097 1504 5168 τῇς
1536 5097 1724 5168 τρίτης
1752 5096 1971 5168 (inquit)
1996 5097 2107 5149 τῶν

535 5115 675 5148 nunc
725 5115 919 5148 nurum
948 5115 1100 5149 (τιιίιι.
1131 5115 1244 5149 υυκ
1270 5115 1378 5148 απο
1406 5115 1436 5148 τ
1477 5115 1504 5161 ς
1536 5115 1724 5168 τριτης
1752 5115 1971 5167 υῐιψιιι)
1996 5115 2104 5149 των

535 5162 833 5244 Βασιλειῶν
857 5164 1137 5244 ’ἱστορίας
1174 5182 1231 5220 κ.
1260 5181 1312 5218 τ.
1339 5164 1389 5218 λ.
1416 5115 1607 5221 λυοηηε
1632 5183 1699 5221 ea:
1726 5168 1881 5221 tertia
1906 5165 2104 5238 Regna-

534 5252 647 5286 rum
683 5235 905 5287 historia
926 5236 951 5289 ?
975 5244 1079 5289 etc.

605 5305 749 5375 (‘50),
781 5302 1000 5359 Iterum.
1051 5302 1116 5357 Ill
1178 5302 1312 5375 Reg.
1367 5321 1523 5370 xvm,
1575 5307 1666 5362 '54.
1713 5305 2112 5375 Complutensis

532 5374 700 5468 ediltlio
739 5374 936 5468 liabet:
990 5372 1369 5468 Δευτερώσατε
1390 5387 1510 5468 ,met
1539 5372 1931 5468 Τρισσεύσατε.
1964 5376 2113 5432 Nono

536 5444 707 5517 nulla}
723 5444 861 5517 alja’,
890 5442 1287 5517 Δευτερώσατε,
1320 5457 1386 5517 et.
1403 5442 1775 5517 Τρισσώσατε.

608 5515 719 5586 (ﬁl)
769 5512 971 5586 Venite.
1027 5512 1165 5586 Gen.
1211 5530 1300 5581 xu,
1356 5515 1410 5586 7.
1451 5512 2108 5586 ‘Complutensisieditio:

476 5630 486 5637 .
537 5583 724 5656 ᾼεῦτε,
752 5585 848 5656 καί.
871 5583 1207 5656 καταϐάντες
1238 5585 1554 5656 συγχέωμεν
1576 5583 1756 5642 αὐτῶν
1789 5585 2109 5654 γλῶσσαν...

538 5652 768 5725 ἕκαστος
790 5655 888 5725 τῆς
924 5654 1126 5725 φωνῆς.
1157 5652 1432 5711 Nonnulla:
1455 5652 1573 5713 alia:
1609 5652 1875 5711 editiones
1906 5658 2110 5711 habent

542 5732 604 5774 ut
624 5724 763 5794 legit
777 5724 1072 5794 ‘Didytnus.

612 5792 727 5862 (52)
767 5791 1175 5862 Ρτοραῃίηὶὸιιε.
1204 5793 1340 5849 Gen.
1377 5811 1465 5861 xu,
1497 5796 1531 5855 9
1557 5804 1612 5850 et
1643 5794 1728 5850 10.

614 5862 729 5933 (53)
770 5862 1197 5932 Profundiorem.
1236 5864 1367 5929 Vox,
1406 5866 1684 5939 προὸαθύς
1722 5867 1872 5926 deest
1899 5866 1954 5926 itt
1989 5864 2104 5925 vul-

2209 4684 2322 4730 τος,
2355 4663 2570 4735 πρώτου
2608 4660 3013 4733 ἐμνημόνευσεν
3053 4654 3148 4709 τοῦ
3186 4652 3316 4707 Υίοῦ
3337 4692 3352 4717 ,
3388 4652 3485 4706 καὶ¹
3509 4646 3641 4703 οὕτω
3675 4656 3753 4693 του

2211 4756 2447 4829 Πατρδς,
2475 4751 2594 4808 εἶτα
2617 4752 2712 4807 τοῦ
2738 4752 2893 4820 άγίου
2924 4748 3063 4803 Πνεύ
3073 4763 3239 4813 ματος
3264 4744 3449 4800 αὑτοῦ·
3473 4735 3757 4796 κοινωνίαν

2212 4955 2354 5024 gatis
2380 4953 2603 5016 lexicis,
2635 4960 2740 5024 aut,
2773 4949 2917 5005 nullo
2960 4946 3208 5019 exemplo
3245 4946 3507 5003 illustrata
3539 4940 3754 4998 atfertnr,

2214 5022 2271 5081 ut
2306 5026 2357 5078 in
2389 5024 2607 5077 Patricii
2641 5022 2832 5076 lexico.

2284 5094 2742 5217 (5i$_Scriptura.
2772 5090 2938 5145 Exod.
2963 5105 3066 5169 xx,
3084 5086 3172 5143 26.
3198 5085 3399 5141 Eodem
3419 5083 3570 5163 plane
3593 5077 3748 5134 modo.

2284 5182 2325 5217 ιο
2419 5165 2661 5217 tdvntus.
2713 5162 2855 5215 hunc
2902 5160 3071 5214 Exodt
3118 5158 3295 5212 locum
3343 5162 3545 5217 accepit
3588 5157 3748 5217 auctor

2292 5157 2325 5220 δ
2370 5157 2855 5234 υίάγιιιίιε.,ιιυιιο
2902 5159 3071 5214 Exodi
3118 5157 3546 5234 109'1'33-a<=.°0pi.£
3588 5157 3753 5234 ""92!

2257 5182 2325 5220 uo
2370 5181 2661 5234 Didymus,
2713 5181 2855 5215 nunc
2902 5181 3071 5214 nxuut
3118 5181 3295 5234 IUCIIII’
3343 5181 3545 5234 at;_ccpu
3588 5181 3743 5226 mtuu-

2214 5181 2526 5291 Elossarum
2564 5235 2620 5286 in
2669 5231 2949 5293 Exedunt,
2998 5241 3142 5282 anno
3188 5224 3360 5288 1756,
3401 5240 3451 5295 ιιι
3500 5214 3753 5295 Fam-truta

2217 5284 2792 5359 Eaééa'ézéritn'zahtc
2829 5284 3025 5354 editus.
3073 5295 3250 5362 Nihil,
3296 5284 3467 5359 inquit
3495 5307 3608 5362 pag.
3640 5284 3750 5362 liti.

2217 5378 2275 5429 in
2314 5372 2575 5428 Trinitate
2604 5372 2868 5441 superius,
2900 5366 3033 5441 nihil
3069 5359 3309 5441 inferi—us
3345 5360 3642 5441 credendum

2220 5418 2286 5498 ἦξε
3254 5435 3469 5487 dicendo
3500 5429 3647 5483 Patre
3669 5418 3751 5473 Fi-

2220 5514 2350 5568 lium
2377 5512 2652 5568 minorem.
2680 5521 2727 5564 et
2761 5509 2903 5562 Filio
2937 5507 3195 5568 Spiritum
3226 5515 3483 5560 sanctum.
3598 5565 3609 5568 _
3737 5556 3747 5567 ,

2302 5531 2350 5565 m
2377 5529 2652 5573 utmorem,
2680 5529 2727 5564 ει
2761 5529 2903 5562 ruta
2937 5529 3195 5573 optutum
3226 5529 3483 5573 sanetum.
3597 5565 3610 5573 _
3737 5556 3747 5573 9

2244 5524 2350 5568 tum
2377 5527 2652 5573 utmorem,
2680 5524 2727 5564 et
2761 5524 2903 5562 huc
2937 5524 3195 5575 optutum
3226 5524 3483 5560 sanetum.
3737 5556 3746 5567 ,

2294 5583 2407 5652 (55)
2450 5579 2867 5652 Eodemque._ln
2888 5578 3122 5652 Graeco,
3154 5578 3212 5630 ἐν
3237 5571 3450 5652 ταυτῷ,
3478 5565 3610 5652 quod

2217 5637 2587 5721 etiam'putest
2614 5637 2852 5706 adverbii
2885 5650 3078 5721 instar,
3107 5637 3183 5721 ut
3210 5637 3414 5721 valeat,
3446 5637 3609 5697 simul.
3639 5643 3745 5689 ωιαν

2216 5716 2614 5805 εἱνςδὶιιξγιιιὲ.
2646 5722 2912 5805 interpres
2935 5719 3077 5786 loqui
3105 5717 3268 5803 solet,
3293 5716 3345 5767 in
3372 5725 3598 5805 ungit-Em
3639 5761 3746 5805 “de

2287 5761 2775 5918 {Eqiggiggiiﬁﬁ
2790 5761 3080 5853 fama;
3102 5761 3268 5859 ἐξέῥζ
3295 5761 3400 5857 “5.5
3410 5761 3613 5846 ὧνπερ.
3639 5761 3753 5822 Vide

2215 5873 2326 5921 nol.
2358 5873 2387 5917 Ἰ
2418 5877 2537 5935 pag.
2562 5873 2651 5918 au.
