4004 6432
72 5771 85 5802 F

175 364 252 421 35?
1398 393 1481 448 DE
1519 391 1897 449 TRINITATE
1935 391 2142 447 LIBER
2178 391 2460 449 PRIMUS.

3457 396 3566 452 358

175 501 368 553 τησαν·
428 496 639 558 διότι
688 511 985 581 Κύριος
1037 513 1365 567 ἐνετείλατο
1396 512 1625 578 αὑταῖς,
1666 512 1765 565 καὶ
1815 511 1880 565 τὸ

1988 513 2093 566 ritu
2127 528 2265 577 meo,
2290 512 2367 565 ait
2401 509 2656 564 Dominus
2692 509 3037 577 omnipotens.
3071 507 3278 576 Quibus
3304 511 3357 564 in
3387 512 3565 566 verbis

180 581 389 653 Πνεῦμα
446 595 705 652 αὐτοῦ
770 605 1176 674 συνήγαγεν
1214 601 1416 667 αὐτάς.
1452 601 1664 664 Παῦλος
1689 600 1747 653 δὲ
1778 603 1887 654 Κο-

187 680 375 750 ρωθὶοις
397 701 417 716 ⁹
452 692 622 747 Οὐκ
662 698 963 764 οἴδατε,
1009 701 1099 754 ὅτι
1135 701 1278 766 ναὸς
1312 699 1458 752 Θεοῦ
1487 700 1661 763 ἐστε,
1690 699 1786 750 καὶ
1815 697 1882 750 τὸ

195 775 404 846 Πνεῦμα
436 783 576 837 τοῦ
609 788 814 842 Θεοῦ
852 794 1035 846 οἰκεῖ
1054 792 1124 844 ἐν
1149 790 1290 861 ὑμῖν
1307 807 1324 855 ;
1347 789 1458 842 Καὶ
1481 788 1659 843 πάλιν·
1713 787 1804 858 [‘25
1826 787 1882 859 a]

210 869 270 923 'II
297 871 503 943 ἀγάπη
557 879 702 933 τοῦ
753 885 946 940 Θεοῦ
983 885 1300 954 ἐκκέχυται
1344 885 1414 936 ἐν
1450 883 1580 947 ταῖς
1613 882 1885 950 καρδίαις

218 963 365 1037 ἡμῶν
388 965 484 1021 διὰ
529 973 970 1043 Πνεύματος
1003 978 1209 1046 ἁγίουσ
1247 977 1340 1029 καὶ
1382 974 1573 1028 πάλιν·
1615 975 1778 1043 Ἡμῖν
1815 973 1884 1027 δὲ

237 1059 632 1130 ἀπεκάλυψεν
684 1070 724 1119 ὁ
783 1068 960 1135 Θεὸς
1008 1068 1105 1122 διὰ
1149 1067 1255 1122 τοῦ
1287 1067 1632 1136 Πνεύματος
1673 1062 1880 1119 αὐτοῦ.

252 1152 460 1207 Ἀλλοτε.
488 1155 548 1209 δὲ
600 1157 805 1227 μόνον
857 1161 961 1214 τὸν
1006 1161 1133 1214 Υἱὸν
1176 1159 1556 1230 ὀνομάζουσιν,
1602 1157 1678 1220 ὡς
1719 1156 1884 1228 ἡνίκα

273 1248 480 1312 Ἦσαῖας
505 1252 883 1325 προφητεύῃ
905 1268 918 1282 ³
956 1252 1064 1307 Καὶ
1093 1252 1228 1314 νῦν,
1260 1252 1456 1318 Κύριε,
1490 1249 1686 1317 πατὴρ
1716 1247 1885 1316 ἡμῶν

277 1340 369 1404 σὺ,
397 1339 560 1405 ἡμεῖς
600 1339 679 1392 δὲ
723 1342 949 1409 πηλὸς
994 1342 1138 1411 ἔργα
1175 1340 1292 1394 τῶν
1334 1339 1550 1409 χειρῶν
1579 1355 1694 1393 σου
1735 1337 1884 1391 πάν-

283 1449 385 1498 τες.
437 1432 654 1496 Παῦλος
700 1434 770 1487 δὲ
829 1433 1140 1497 Γαλάταις·
1176 1434 1345 1486 Ὅσοι
1379 1433 1490 1502 γὰρ
1519 1434 1605 1496 εἱς
1629 1430 1885 1498 Χριστὸν

282 1525 693 1592 ἐϐαπτίσθητε,
749 1526 1018 1593 Χριστὸν
1061 1525 1456 1580 ἐνεδύσασθε.
1508 1523 1733 1576 Ἀλλοτε
1787 1525 1883 1576 σὺν

279 1614 355 1685 τῷ
397 1615 535 1685 ἁγίῳ
582 1615 884 1686 Πνεὺματι
925 1617 1016 1668 τὸν
1060 1615 1336 1684 Μονογενῆ
1383 1613 1768 1685 κηρύττουσιν,
1807 1611 1882 1674 ὡς

282 1711 407 1761 ὅταν
441 1709 656 1772 Παῦλος
713 1708 1033 1779 Κορινθίοις
1063 1709 1160 1778 μὲν
1187 1707 1505 1777 ἐπιστέλλῃ·
1568 1707 1744 1760 Ἀλλὰ
1771 1705 1884 1759 άπ-

281 1802 655 1860 ελσύσασθε,
691 1801 837 1854 ἀλλ’
867 1797 1217 1868 ἡγιάσθητε,
1246 1799 1383 1852 ἀλλ’
1412 1795 1790 1863 ἐδικαιώθητε
1814 1796 1884 1848 ὲν

286 1890 366 1955 τῷ
390 1893 640 1959 ὀνόματι
663 1892 774 1945 τοῦ
792 1892 1017 1960 Kvplov
1041 1891 1210 1960 ἡμῶν
1246 1891 1452 1959 Ἰησοῦ
1475 1890 1754 1958 Χριστοῦ,
1783 1890 1882 1943 καὶ

284 1982 451 2047 ἐντῷ
470 1985 776 2052 Πνεύματι
793 1981 896 2034 τοῦ
919 1979 1066 2034 Θεοῦ
1088 1980 1273 2050 ἡμῶν·
1302 1981 1595 2051 Ῥωμαίοις
1612 1981 1689 2034 δέ·
1724 1978 1881 2046 Ἀλή-

286 2077 461 2126 θειαν
486 2075 648 2143 λέγω
679 2074 751 2127 ἑν
776 2072 1006 2142 Χριστῷ
1025 2113 1039 2137 ,
1074 2075 1149 2126 οὐ
1175 2074 1472 2143 ψεύδομαι
1491 2113 1506 2136 ,
1538 2089 1882 2143 συμμαρτυ-

277 2167 523 2232 ρούσης
564 2185 671 2236 μοι
713 2165 826 2234 τῆς
869 2164 1282 2233 συνειδήσεώς
1314 2183 1436 2234 μου
1469 2165 1538 2219 ἐν
1579 2166 1880 2233 Πνεύματι

282 2263 437 2330 ἁγίῳ
459 2277 476 2289 ·
506 2262 606 2313 καὶ
638 2260 802 2326 πάλιν
823 2271 839 2286 ⁶
875 2259 944 2312 El
965 2257 1083 2326 μὲν
1109 2258 1218 2327 γὰρ
1248 2260 1280 2310 ὁ
1329 2257 1650 2326 ἐρχόμενος
1687 2256 1882 2310 ἄλλον

301 2350 548 2419 Ἰησοῦν
577 2351 898 2418 κηρύσσει,
928 2348 1001 2402 ὃν
1023 2350 1135 2402 οὐκ
1154 2348 1548 2418 ἐκηρύξαμεν·
1573 2347 1612 2416 ἢ
1640 2348 1883 2414 Πνεῦμα

285 2445 505 2512 ἕτερον
547 2440 885 2511 λαμϐάνετε
903 2478 919 2505 ,
967 2440 998 2494 ὃ
1037 2441 1148 2494 οὐκ
1201 2437 1465 2494 ἐλάϐετε.
1527 2439 1642 2492 Καὶ
1694 2437 1881 2492 ἄλλοτε

284 2535 387 2586 τοῦ
445 2533 612 2601 ἁγίου
667 2531 983 2601 Πνεύματος
1049 2530 1189 2585 κατὰ
1257 2531 1423 2601 μόνας
1487 2530 1879 2601 ἐπιμέμνηται,

281 2625 367 2689 ὡς
425 2626 636 2678 ὁπόταν
684 2623 909 2686 Ἡσαΐας
976 2622 1074 2692 μὲν
1109 2622 1462 2699 «pacm-estin:
1505 2621 1685 2676 Αὐτοὶ
1714 2621 1882 2688 ἠπεί-

277 2721 521 2784 θησαν,
552 2714 655 2768 καὶ
680 2713 1038 2783 παρώξυναν
1067 2713 1132 2767 τὸ
1163 2714 1404 2784 Πνεῦμα
1445 2714 1512 2768 τὸ
1550 2712 1742 2783 ἅγιον.
1775 2713 1882 2765 Καὶ

277 2805 734 2874 πάλιν.Κατέϐη
773 2805 1014 2875 Πνεῦμα
1049 2806 1209 2874 παρὰ
1242 2806 1486 2874 Κυρίου,
1517 2804 1618 2858 καὶ
1648 2804 1880 2873 ὡδήγη-

275 2916 406 2954 σεν
432 2899 682 2963 αὐτούς.
716 2897 925 2962 Παῦλος
971 2898 1026 2951 δὲ
1056 2897 1368 2968 Κορινθίοις
1395 2897 1598 2968 γράφει
1621 2913 1636 2928 ·
1671 2899 1880 2964 Σαρκι-

277 2991 397 3056 κὸς
434 2990 511 3042 οε
535 2990 848 3057 ἅνθρωπος
896 2993 968 3045 οὐ
1004 2987 1236 3058 δέχεται
1278 2988 1351 3042 τὰ
1392 2989 1500 3043 τοῦ
1537 2990 1880 3058 Πνεῦματος

285 3081 398 3134 τοῦ
433 3080 589 3134 Θεοῦ
609 3097 624 3108 ·
653 3081 747 3133 καὶ
766 3081 841 3143 ὡς
869 3079 1138 3148 Στέφανος
1173 3081 1231 3132 ἐν
1250 3082 1368 3143 ταῖς
1397 3078 1636 3150 Πράξεσι
1658 3079 1878 3148 φάσκεν

301 3175 501 3244 Ὑμεῖς
524 3174 608 3238 τῷ
635 3175 929 3244 Πνεύματι
957 3173 1035 3237 τῷ
1056 3173 1200 3242 ἁγιῳ
1217 3171 1618 3226 ἀντιπίπτετε.
1642 3171 1753 3226 Καὶ
1782 3171 1883 3224 πά-

1988 605 2383 660 immorandum
2414 613 2500 658 est
2546 600 2661 673 (82)
2695 618 2710 654 :
2743 617 2867 656 cum
2908 602 3052 656 enim
3101 603 3369 657 interdum
3417 605 3564 658 hete-

1985 694 2171 747 rodoxi
2205 691 2490 761 Spiritum,
2533 691 2579 745 si
2612 707 2716 744 una
2739 706 2862 745 cum
2892 689 3052 744 Patre
3085 702 3564 758 commemoretur,

1990 781 2302 850 signiﬁcare
2330 781 2514 835 dicant
2550 781 2839 848 quamdam
2878 780 3132 834 virtutem
3173 779 3281 852 54
3309 796 3411 835 non
3441 786 3541 837 sub

1984 874 2262 928 sistentem
2278 872 2412 944 (8⁵5),
2430 874 2496 927 ad
2514 888 2700 927 eorum
2720 874 2990 927 cavendas
3014 873 3236 927 insidias
3253 874 3393 927 valet
3416 875 3563 940 illud,

1984 966 2126 1035 quod
2157 966 2406 1034 superius
2436 967 2669 1035 positum
2697 977 2804 1027 est,
2834 966 3230 1020 testimonium.
3264 966 3328 1020 Et
3349 965 3518 1021 Isaias
3549 986 3563 1020 :

1987 1055 2054 1110 Et
2089 1073 2226 1109 nunc
2259 1055 2372 1126 (84)
2403 1056 2656 1110 Dominus
2683 1057 2826 1108 misit
2854 1072 2934 1109 me
2959 1095 2977 1122 ,
3015 1067 3060 1109 et
3096 1056 3350 1123 Spiritum
3387 1074 3564 1110 suum.

1983 1149 2052 1203 Et
2077 1164 2264 1203 rursus
2292 1167 2306 1202 :
2346 1147 2466 1202 Illic
2502 1148 2615 1220 (85)
2644 1159 2982 1202 occurrerunt
3008 1165 3194 1211 εει-να,
3227 1160 3272 1201 et
3310 1150 3563 1203 dederunt

1984 1238 2099 1312 (86)
2143 1240 2304 1308 facies
2339 1240 2554 1293 invicem
2583 1255 2603 1293 :
2645 1256 2860 1292 numero
2902 1243 3266 1306 praeterierunt
3315 1239 3430 1311 (87)
3459 1281 3475 1306 ,
3517 1252 3563 1295 ιι

1985 1349 2092 1386 una
2123 1349 2188 1386 ea:
2210 1332 2338 1401 ipsis
2362 1348 2465 1385 non
2492 1333 2684 1398 periit:
2712 1332 2881 1386 altera
2904 1332 3127 1386 alteram
3159 1349 3260 1385 non
3283 1335 3521 1402 quiesii-it
3545 1355 3562 1388 .-

1983 1425 2106 1494 quia
2164 1425 2412 1478 Dominus
2464 1423 2580 1494 (88)
2643 1426 2886 1493 prwcepit
2945 1441 3050 1488 eis,
3097 1435 3144 1478 et
3181 1422 3414 1493 Spiritus
3449 1426 3564 1493 ejus

1986 1516 2311 1586 congregavit
2345 1531 2453 1569 eas.
2493 1514 2693 1569 Paulus
2724 1525 2902 1568 autem
2944 1517 3010 1567 ad
3050 1514 3404 1571 Corinthios:
3453 1515 3551 1570 Ne-

1984 1607 2129 1660 scitis
2159 1605 2309 1676 (89),
2341 1607 2479 1675 quod
2508 1606 2756 1675 templum
2792 1605 2888 1660 Dei
2922 1607 3046 1659 estis
3074 1647 3088 1670 ,
3123 1615 3172 1660 et
3201 1605 3434 1670 Spiritus
3470 1608 3563 1663 Dei

1985 1698 2183 1752 habitat
2214 1699 2268 1751 in
2303 1699 2482 1753 vobis?
2506 1698 2573 1751 Et
2608 1713 2797 1753 rursus
2830 1716 2844 1752 :
2902 1697 3147 1753 Charitas
3180 1700 3292 1769 (90')
3327 1700 3425 1755 Dei
3455 1702 3562 1770 dif-

1986 1793 2106 1859 fusa
2153 1802 2231 1846 est
2259 1792 2318 1845 in
2366 1791 2608 1845 cordibus
2650 1793 2843 1845 nostris
2887 1807 2979 1860 per
3011 1790 3269 1858 Spiritum
3298 1802 3560 1848 sanctum.

1917 1885 1957 1942 Β
1988 1883 2052 1936 Ει
2105 1898 2339 1938 rursus:
2377 1871 2544 1936 Nobis
2596 1882 2708 1952 (9i)
2755 1890 2930 1936 autem
2984 1883 3227 1936 reuelauit
3282 1883 3421 1937 Deus
3474 1900 3561 1954 rer

1983 1973 2241 2042 Spiritum
2273 1989 2449 2029 suum.
2484 1973 2632 2028 Alias
2653 1987 2785 2027 vero
2818 1971 2991 2026 solum
3019 1971 3212 2026 Filium
3238 1973 3559 2028 nominant:

1995 2072 2054 2117 ut
2089 2078 2208 2117 cum
2226 2062 2392 2116 Isaias
2411 2063 2738 2131 prophetans
2757 2063 2832 2114 ait
2855 2076 2872 2114 :
2899 2060 2965 2114 Et
2992 2078 3129 2114 nunc
3152 2062 3288 2132 (92),
3316 2063 3559 2128 Domine,

1981 2164 2131 2224 pater
2163 2163 2341 2208 noster
2377 2171 2431 2206 es
2476 2167 2552 2218 tu,
2585 2164 2682 2206 nos
2721 2168 2839 2206 uero
2882 2152 3072 2215 lutum;
3101 2168 3258 2218 opera
3307 2169 3561 2207 manuum

1981 2259 2192 2302 tuarum
2227 2265 2422 2302 omnes.
2460 2245 2659 2300 Paulus
2701 2257 2879 2300 autem
2918 2245 2987 2299 ad
3022 2245 3286 2301 Galatas:
3325 2245 3560 2310 Quicun-

1981 2356 2078 2410 que
2107 2340 2217 2408 (95)
2250 2340 2389 2393 enim
2421 2341 2473 2390 in
2511 2337 2776 2390 Christum
2813 2338 3069 2405 baptizati
3101 2337 3223 2390 estis
3249 2375 3262 2401 ,
3294 2334 3560 2390 Christum

1983 2433 2248 2486 induistis.
2276 2433 2423 2486 Alias
2446 2446 2568 2485 cum
2604 2430 2809 2501 Spiritu
2838 2441 3030 2486 sancto
3053 2429 3396 2501 Unigenitum
3425 2446 3560 2499 pra:-

1983 2528 2167 2584 dicant
2200 2548 2213 2582 :
2249 2537 2310 2582 ut
2340 2544 2462 2582 cum
2494 2527 2694 2583 Paulus
2733 2529 2798 2582 ad
2836 2527 3152 2583 Corinthios
3199 2529 3388 2583 scribit
3415 2545 3430 2582 :
3455 2527 3559 2583 Sed

1983 2620 2149 2672 abluti
2172 2621 2301 2674 estis
2333 2619 2471 2689 (94),
2505 2620 2595 2672 sed
2635 2619 2955 2687 sanctificati
2985 2621 3130 2680 estis,
3163 2620 3252 2673 sed
3273 2619 3560 2690 justiﬁcati

1982 2711 2104 2763 estis
2136 2711 2189 2764 in
2213 2713 2423 2764 nomine
2455 2710 2665 2763 Domini
2693 2712 2853 2764 nostri
2880 2709 3012 2764 Jesu
3041 2710 3263 2777 Christi,
3287 2721 3337 2764 et
3366 2713 3420 2764 in
3443 2711 3559 2780 Spi-

1983 2805 2088 2855 ritu
2123 2801 2218 2856 Dei
2247 2804 2431 2856 nostri.
2465 2804 2547 2857 Ad
2571 2803 2845 2856 Romanos
2873 2813 3050 2857 autem
3076 2821 3090 2858 :
3133 2803 3415 2858 Veritatem
3444 2805 3556 2876 (95)

1982 2896 2100 2946 dico
2127 2893 2182 2946 in
2213 2893 2448 2960 Christo,
2472 2910 2578 2948 non
2610 2895 2854 2957 mentior,
2887 2895 3236 2947 testimonium
3264 2895 3420 2948 simul
3443 2900 3559 2949 red-

1984 2987 2138 3039 dente
2171 3001 2376 3038 mecum
2422 2986 2737 3040 conscientia
2773 3001 2887 3038 mea
2922 2986 2977 3040 in
3011 2983 3213 3054 Spiritu
3263 2996 3465 3040 sancto.
3494 2988 3560 3041 Et

1984 3093 2211 3132 rursus:
2259 3075 2401 3130 Nam
2447 3079 2490 3130 si
2544 3075 2658 3147 (96)
2691 3079 2780 3140 is,
2833 3077 2921 3145 qui
2971 3079 3127 3141 venit,
3179 3077 3344 3131 alium
3375 3078 3559 3131 Jesum

1984 3168 2255 3236 praedicat,
2278 3184 2430 3238 quem
2447 3184 2549 3222 non
2579 3168 2978 3236 prtedicavimus
3005 3207 3020 3231 ,
3057 3179 3148 3220 aut
3187 3168 3352 3221 alium
3385 3168 3553 3238 Spiri-

291 3231 413 3318 }.t:r
454 3231 641 3336 ’Πμεῖς
659 3231 848 3334 ἐσμεν
865 3231 1309 3334 μάρέυρεςντῶν
1323 3263 1606 3332 ῥημάτων
1629 3264 1874 3328 τούτων,

1988 3269 2096 3315 tum
2123 3261 2386 3330 accipitis,
2409 3276 2565 3330 quem
2602 3277 2706 3314 non
2739 3261 3034 3327 accepistis.
3063 3260 3210 3314 Alias
3232 3275 3360 3314 vero
3395 3261 3537 3331 Spiri

297 3358 410 3412 καὶ
441 3360 504 3410 τὸ
531 3359 770 3427 Πνεῦμα
798 3357 864 3410 τὸ
889 3357 1076 3427 ἅγιον.
1097 3356 1256 3411 Καθὰ
1273 3357 1349 3420 ὡς
1377 3355 1580 3408 ἐπίπαν
1608 3355 1878 3425 εἰώθαμεν
1908 3390 1912 3392 -

293 3451 516 3519 λέγειν’
550 3452 737 3520 Ἡμεῖς
763 3450 911 3522 μόνοι
937 3449 1169 3504 ἐνταῦθα
1204 3451 1392 3520 ἐσμεν,
1427 3448 1518 3501 καὶ
1541 3448 1568 3500 ὀ
1591 3446 1740 3511 Θεὸς.
1766 3447 1878 3499 Kal.

302 3669 406 3706 nes
436 3653 683 3706 omittunt
728 3649 991 3713 voculam,
1018 3650 1076 3720 ἡ.
1105 3645 1387 3703 Nonnullae
1422 3660 1554 3702 vero
1585 3654 1706 3717 post
1740 3645 1887 3718 ἰσχύϊ

299 3735 550 3790 :epetunt
573 3737 757 3775 vocem
777 3719 1003 3792 μεγάλῃ.

377 3787 491 3862 (89.)
519 3787 912 3862 Immorundnm
957 3787 1055 3843 cst.
1088 3787 1252 3862 Lego,
1293 3789 1694 3862 ἐγχρονισςεον.

1983 3360 2097 3405 tum
2130 3359 2378 3406 sanctum
2414 3351 2677 3404 duntaxat
2701 3359 3130 3405 commemorant
3163 3351 3274 3420 (97)
3302 3370 3316 3407 :
3352 3360 3409 3406 ut
3435 3367 3558 3407 cum

1982 3443 2158 3499 Isaias
2199 3442 2414 3512 quidem
2440 3443 2519 3498 sic
2551 3443 2833 3512 prophetat
2860 3462 2877 3498 :
2916 3440 3028 3512 Ipsi
3057 3441 3169 3515 (98)
3197 3458 3299 3497 non
3324 3444 3555 3498 credide-

1995 3643 2051 3708 6,
2088 3643 2303 3714 legitur,
2347 3641 2754 3714 κατελάὸοσαν,
2785 3657 2883 3714 pro
2927 3640 3287 3714 xacéka6ov.__
3308 3640 3373 3714 Et
3403 3643 3558 3710 paulo

1995 3711 2350 3784 postfuempte
2387 3729 2541 3784 rvers.
2573 3713 2665 3775 21,
2710 3711 3025 3783 ὲξήλθοσαν,
3046 3727 3176 3784 pro,
3209 3711 3432 3781 ἐξῆλθον
3459 3731 3472 3742 ·
3503 3723 3558 3767 et

1991 3782 2117 3838 alibi
2154 3785 2356 3838 similes
2385 3782 2721 3847 inllexiéues,
2755 3782 2847 3837 seu
2903 3783 3308 3838 terminationes
3364 3797 3556 3838 occur-

372 3849 490 3932 (83)
521 3861 643 3915 Non
683 3861 1060 3932 subsistentem.
1101 3849 1490 3912 Nmiuullos'ex
1523 3857 1871 3910 Macedonia-

1988 3853 2446 3932 runtLutfi’Socatv
2478 3869 2573 3932 pro
2605 3849 2765 3932 εἶδον,
2795 3863 2851 3907 et
2877 3863 3090 3932 extera.

296 3931 389 3987 nis
438 3935 660 3996 indicat,
691 3931 779 4006 qui
807 3931 1067 4006 Spiritum
1107 3939 1353 4006 sanctum
1403 3944 1506 4006 non
1559 3936 1882 4006 creaturam.

291 4006 583 4063 dicebant,
620 4002 707 4055 sed
751 4001 1012 4065 essentia,
1065 4014 1156 4052 seu
1205 3998 1530 4062 substantia,
1559 4012 1622 4052 ac
1655 3998 1870 4064 pr0pria'

293 4072 664 4129 subsistentia
702 4081 996 4125 carentem.
1049 4068 1232 4137 Itaque
1281 4069 1614 4137 Augustinus
1642 4068 1696 4120 in
1735 4066 1874 4120 libro

298 4143 380 4197 De
428 4143 734 4204 haeresibus,
792 4139 980 4194 haeresi
1026 4138 1113 4199 52,

300 4216 499 4267 scribit
529 4229 542 4264 :
577 4211 679 4265 Sed
706 4216 767 4263 de
803 4208 1003 4276 Spiritu
1049 4217 1230 4261 sancto
1276 4208 1373 4260 hoc
1408 4209 1588 4261 nolunt
1642 4207 1872 4269 credere,

303 4298 606 4337 creaturam
631 4297 738 4334 esse
755 4280 1091 4333 dicentes.....
1131 4278 1380 4342 Quamvis
1412 4295 1442 4328 a
1473 4277 1737 4330 nonnullis
1758 4293 1876 4342 per-

302 4356 607 4412 hibeantur,
650 4368 750 4403 non
798 4348 992 4413 Deum,
1027 4350 1115 4400 sed
1156 4349 1403 4400 deitatem
1444 4346 1622 4400 Patris
1661 4357 1707 4399 et
1746 4344 1875 4399 Filii

301 4427 480 4476 dicere
513 4422 763 4487 Spiritum
787 4431 1044 4483 sanctum,
1075 4417 1354 4487 etnullam
1385 4418 1648 4485 propriam
1686 4417 1874 4469 habere

2045 3925 2158 3992 (88)
2194 3926 2330 3989 Quia
2380 3921 2648 3977 Dominus.
2685 3925 2870 3979 Graeca
2917 3924 3101 3989 editio,
3133 3923 3216 3977 ὅτι
3262 3925 3293 3976 ὁ
3329 3921 3555 3993 Κύριος.

2045 3995 2160 4065 (89)
2195 3995 2443 4065 (Vescitis.
2478 3993 2654 4065 I7Cor.
2683 4010 2764 4058 In,
2801 3995 2887 4047 lli.

2045 4062 2159 4133 (90)
2187 4062 2455 4118 Charitas.
2489 4064 2649 4120 Rom.
2681 4081 2737 4129 ν,
2768 4065 2822 4118 5.
2852 4063 2984 4120 Vide
3015 4077 3188 4134 segm.
3215 4063 3284 4118 75
3310 4063 3360 4129 ὁ,
3395 4072 3450 4118 et
3479 4063 3553 4120 ibi

1180 4141 1248 4192 de
1300 4139 1700 4192 Macedonianis
1755 4137 1869 4190 haec
1973 4149 2122 4190 meas
2155 4145 2332 4189 notas.

2046 4204 2160 4275 (91)
2198 4203 2381 4275 δοὸἱε.
2420 4204 2589 4275 lCor.
2619 4220 2681 4270 II,
2716 4203 2805 4258 10.

2045 4272 2158 4341 (92)
2193 4272 2262 4326 Et
2287 4288 2444 4329 nunc.
2481 4274 2585 4330 lsa.
2613 4291 2760 4340 LXIV,
2789 4275 2842 4329 8.

2043 4343 2159 4416 (95)
2197 4343 2524 4416 Quicunque.
2555 4345 2676 4416 Gal.
2709 4362 2792 4409 ιιι,
2827 4345 2916 4398 27.

2045 4411 2158 4484 (94)
2196 4411 2302 4468 Sed
2356 4411 2542 4468 abluti.
2605 4414 2628 4468 Ι
2674 4416 2798 4471 Cor.
2859 4430 2910 4468 νι
2939 4453 2958 4484 ,ν
3019 4413 3103 4468 Il.
3149 4414 3338 4484 Graeca
3385 4414 3557 4468 editio

304 4482 679 4547 substantiam.
757 4482 1054 4556 Utramque
1130 4482 1568 4542 Macedonianam
1658 4495 1867 4540 sectam
1905 4553 1934 4557 _
1978 4482 2147 4557 caret
2175 4485 2397 4557 vocibus
2434 4485 2614 4557 ἡμῶν,
2656 4497 2709 4539 et
2735 4483 2998 4556 Χριστοῦ.
3046 4487 3114 4557 dt
3173 4482 3431 4557 llulgatus
3460 4500 3556 4539 eas

306 4581 482 4631 segtn.
528 4563 742 4629 quidem
790 4559 859 4612 26
909 4576 941 4610 a
966 4550 1367 4631 tacitae-arpi},
1390 4557 1461 4631 (in
1516 4557 1650 4610 libro
1692 4567 1872 4631 autem
1905 4553 1949 4607 D
1979 4555 2126 4624 legit,
2153 4564 2211 4608 ut
2241 4550 2520 4631 Didymus.
2553 4554 2610 4609 In
2635 4550 2996 4631 libro'autem
3046 4554 3124 4607 De
3184 4550 3387 4631 Spiritu
3418 4569 3556 4631 .san-

303 4626 613 4698 De'Spiritu
639 4639 817 4683 sancto
846 4639 1030 4694 aperte
1078 4626 1273 4681 refellit
1302 4627 1560 4696 Didymus
1594 4646 1607 4681 :
1643 4628 1871 4698 primani

306 4695 525 4771 quidem
560 4701 780 4770 passim,
809 4699 1031 4751 alteram
1056 4713 1183 4771 vero
1214 4712 1361 4749 num.
1389 4695 1482 4760 25,
1511 4699 1599 4750 ubi
1635 4695 1748 4771 haec
1781 4695 1878 4771 bu-

303 4765 400 4828 ὕει
434 4791 449 4825 :
480 4765 628 4824 Unde
653 4771 904 4821 discentes
932 4768 1390 4834 operatricem.....
1430 4777 1673 4820 naturam
1707 4765 1880 4833 Spiri-
1925 4766 1927 4768 ’

306 4857 393 4894 tas
425 4844 614 4904 sancti,
638 4856 741 4893 non
785 4840 1109 4890 abducantur
1137 4837 1200 4889 ab
1229 4837 1336 4898 Itis,
1357 4838 1447 4902 qui
1482 4840 1664 4890 dicunt
1692 4851 1880 4904 opera-

306 4921 524 4976 tionem,
579 4923 628 4964 et
681 4926 784 4962 non
821 4912 1170 4961 substantiam
1205 4906 1298 4959 Dei
1329 4923 1440 4960 esse
1475 4905 1728 4974 Spiritum
1751 4911 1885 4958 san-‘

301 4992 496 5176 :33)
526 5049 592 5103 ει
620 5065 777 5104 nunc.
805 5045 912 5100 Isa.
937 5061 1126 5114 ιινιιι,
1159 5046 1247 5102 16.
1267 5045 1403 5101 Vide
1433 5055 1615 5100 notam
1638 5045 1734 5112 20,
1759 5059 1878 5115 p38-

383 5161 496 5263 (85)
522 5191 664 5248 Illic.
694 5189 794 5244 lsa.
829 5201 1021 5263 xxytv,
1062 5186 1131 5263 αξ
1183 5199 1238 5242 et
1263 5186 1359 5263 Δ16.
1391 5185 1527 5263 Cum
1549 5202 1668 5263 __vox
1699 5185 1889 5255 ἔλαφοι

305 5257 711 5317 δὶιόοιιιωυηίε
741 5258 976 5329 generis,
1011 5257 1460 5329 inComplntensi
1495 5257 1751 5329 editione
1769 5273 1890 5310 ver-

303 5334 460 5399 titur,
486 5334 641 5386 cervi.
672 5326 784 5401 Ego
829 5326 1105 5401 transtuli,
1139 5326 1322 5401 cernit.
1353 5329 1424 5381 ob
1465 5329 1690 5401 nomina
1733 5327 1892 5401 fem_i-_-

301 5395 456 5469 nina,
486 5419 609 5474 quae
643 5395 962 5472 sequuntur,
991 5395 1108 5467 μία,
1150 5398 1204 5452 id
1231 5407 1335 5462 est,
1367 5413 1497 5465 una,
1530 5407 1584 5452 et
1606 5395 1798 5468 ἑτέρα,
1836 5398 1890 5450 id

294 5480 813 5614 οεῗδεῗῗὲἇεναηι.
853 5544 1039 5600 Graeca
1094 5539 1275 5604 editio,
1317 5533 1481 5606 εἷδον,
1516 5537 1571 5592 id
1596 5547 1702 5604 est,
1736 5537 1882 5591 uide-

290 5626 492 5754 1Ἦιῦἒτῖ)
546 5680 1279 5754 PrteterieruntsComplut.
1335 5679 1525 5743 editio,
1587 5677 1889 5750 παρῆλθον.

304 5751 791 5826 Francolurtensis.
821 5751 1125 5826 παρῆλθεν,
1158 5754 1258 5826 sed
1281 5767 1347 5806 ex
1403 5764 1619 5826 errore__
1639 5763 1896 5826 typogra-

307 5827 398 5896 pbi
427 5825 665 5886 fortasse.
725 5819 1014 5897 Didymus,
1048 5820 1423 5893 παρήλθοσαν.
1455 5821 1545 5877 Sic
1584 5819 1818 5876 Zachar.
1851 5835 1888 5885 ι,

1981 4638 2088 4689 cto,
2118 4639 2265 4678 num.
2302 4624 2359 4690 4,
2384 4626 2585 4679 cilatur
2634 4625 2784 4679 locus
2829 4639 2856 4676 a
2900 4624 3148 4693 Didytuo,
3180 4625 3330 4690 juxta
3363 4625 3551 4677 editio-

1980 4710 2103 4748 nem
2143 4695 2507 4750 Veronensem
2544 4714 2556 4750 :
2590 4693 2657 4748 In
2690 4696 2902 4749 nomine.
2928 4693 3058 4747 Jesu
3110 4694 3342 4755 Christi;
3381 4703 3438 4746 at
3463 4709 3555 4746 co-

1982 4767 2082 4818 dex
2128 4780 2230 4819 ms.
2272 4773 2468 4820 nostra:
2507 4766 2845 4820 bibliotheca:
2893 4767 3089 4831 smpius
3109 4763 3230 4832 jam
3250 4766 3447 4816 citatus
3475 4764 3549 4819 ibi

1982 4833 2278 4889 liabet-.In
2329 4837 2538 4889 nomine
2585 4835 2799 4888 Domini
2847 4838 3011 4886 nostri
3041 4831 3168 4886 Jesu
3198 4831 3432 4898 Christi;
3461 4835 3554 4902 qui

1983 4906 2179 4968 codex,
2223 4906 2324 4958 etsi
2384 4907 2594 4960 merulis
2621 4915 2844 4970 scateat,
2869 4904 3051 4971 plures
3075 4910 3257 4958 tamen
3289 4903 3450 4957 habet
3479 4907 3557 4959 le—

1985 4977 2193 5044 ctiones
2207 4977 2675 5029 animadversione
2703 4975 2910 5044 dignas.

2055 5043 2168 5114 (95)
2201 5044 2500 5099 Veritatem.
2531 5046 2687 5100 Rom.
2723 5043 2795 5109 ixi,
2830 5045 2882 5098 1.

2059 5115 2171 5184 (96)
2207 5114 2346 5168 Nam
2378 5118 2442 5168 si.
2473 5116 2514 5168 ll
2547 5116 2672 5170 Cor.
2703 5130 2776 5176 III,
2806 5115 2861 5168 4.

2061 5183 2174 5256 (97)
2200 5185 2639 5256 Commemorant.
2674 5185 2731 5238 In
2761 5185 2969 5256 Graeco,
3003 5183 3396 5256 ἐπιμέμνηται.
3417 5183 3558 5239 sub-

1989 5253 2247 5325 intellige,
2341 5255 2550 5326 Γραφή.
2583 5255 2693 5310 [Nisi
2727 5255 2883 5310 malis
2910 5253 3111 5324 legere,
3128 5253 3554 5377 ὲτὲιμέμνῆνται.

2061 5325 2174 5377 (98)
2199 5325 2330 5377 Inst.
2363 5325 2468 5377 lsa.
2500 5340 2655 5377 LXIII.
2686 5325 2775 5377 10.
2807 5324 2884 5377 Ita
2928 5325 3200 5377 transtuli.
3255 5337 3315 5377 ut
3421 5341 3554 5377 tero.

2061 5324 2180 5396 (98)
2199 5324 2330 5395 Ipsi.
2363 5324 2485 5396 lSa._
2500 5324 2655 5396 1.xI_II,
2686 5325 2775 5378 10.
2807 5324 2884 5379 Ita
2928 5324 3315 5396 transtuli,jut
3367 5324 3560 5379 Hiero—

1991 5393 2188 5464 nymus
2217 5393 2270 5450 in
2298 5396 2434 5450 libro
2453 5394 2530 5448 De
2566 5393 2769 5463 Spiritu
2799 5408 3000 5458 sancto,
3025 5410 3172 5449 num.
3201 5395 3291 5461 47,
3326 5397 3416 5450 ubi
3445 5398 3529 5448 hu:

1993 5465 2159 5520 habet
2201 5466 2499 5535 Didymus:
2535 5483 2553 5515 ι
2579 5466 2855 5535 Siquidem
2898 5475 2953 5518 et
2983 5464 3054 5520 ibi
3096 5475 3218 5532 post
3279 5475 3543 5535 peccaturi

1993 5536 2194 5590 dicitur
2245 5534 2314 5590 ad
2347 5534 2865 5605 eoszDereliquistis
2907 5535 3212 5601 Dominum,
3239 5545 3287 5588 et
3325 5534 3394 5585 ad
3449 5536 3530 5585 ira

1993 5610 2241 5660 cundiam
2281 5606 2580 5659 concitastis
2609 5617 2845 5658 sanctum
2895 5605 3102 5668 Israel;
3130 5615 3185 5657 et
3218 5618 3360 5658 nunc
3417 5612 3555 5670 quot.

1994 5677 2094 5739 ipsi
2123 5695 2226 5730 non
2259 5676 2593 5746 crediderunt
2622 5675 2850 5746 [rectius
2872 5677 3096 5728 fortasse
3114 5677 3284 5746 codex
3320 5682 3510 5746 noster
3539 5686 3554 5722 :

1994 5748 2060 5800 Et
2091 5760 2412 5817 Iiuncﬂmque
2437 5763 2451 5798 :
2480 5745 2593 5813 Ipsi
2625 5741 2744 5799 "non
2776 5743 3157 5817 crediderunt],
3190 5754 3238 5796 et
3275 5741 3548 5797 exacerba-

1997 5830 2178 5874 rerunt
2213 5814 2467 5888 Spiritum
2496 5825 2735 5871 sanctum
2762 5817 2895 5883 eius.
2936 5834 2954 5866 ›
