4004 6422
546 364 656 423 359

1805 358 2041 415 DIDYMI
2082 358 2562 414 ALEXANDRINI

3677 372 3766 430 566

547 494 674 535 runt
697 519 715 546 ,
752 478 858 550 55
889 490 936 532 et
966 478 1407 533 exacerbaverunt
1442 477 1706 548 Spiritum
1752 490 2016 533 sanctum.
2069 478 2119 532 r21

2231 481 2261 531 ὁ
2283 478 2473 550 Σωτὴρ
2501 478 2557 532 δὲ
2582 479 2713 550 παρ’
2758 477 3002 549 Ἰωάννῃ,
3029 477 3193 549 μόνου
3218 480 3536 553 μνημονεύει
3564 484 3651 539 τοῦ
3675 487 3769 541 θεῖ-

548 586 740 629 rnrsus
774 590 787 626 :
821 570 1099 625 Descendit
1132 570 1242 641 (99)
1265 568 1495 637 Spiritus
1525 588 1558 624 a
1588 571 1809 625 Domino
1832 611 1849 638 ,
1887 582 1934 625 et
1958 574 2124 624 dedit-

542 666 623 717 sit
661 681 768 721 eos.
789 662 985 717 Paulus
1034 677 1161 716 vero
1204 662 1272 716 ad
1291 660 1604 717 Corinthios
1650 664 1884 717 scribit:
1922 662 2129 718 Carna-

546 755 611 809 lis
641 754 719 825 (Ι)
757 764 931 808 autem
975 755 1128 806 homo
1175 768 1280 806 non
1338 753 1517 821 recipit
1561 769 1679 822 qua:
1716 761 1837 807 sunt
1893 751 2127 823 Spiritus

546 847 683 911 Dei;
714 856 768 900 et
810 842 1207 914 Stephanus(?.)
1234 843 1284 897 in
1308 844 1457 897 Actis
1505 844 1582 897 ait
1616 862 1629 897 :
1670 841 1771 897 Vos
1805 842 1882 915 i5)
1905 842 2127 906 Spiritui

546 944 733 993 sancto
769 936 1034 989 resistitis.
1056 933 1123 987 Et
1143 949 1331 990 rursus
1358 952 1372 987 :
1403 934 1515 988 Nos
1541 950 1719 988 sumus
1753 934 1829 1005 (4)
1854 945 2001 989 testes
2029 936 2096 988 lto

550 1041 663 1078 rum
703 1023 1010 1087 uerborum,
1038 1034 1083 1076 et
1110 1022 1340 1091 Spiritus
1379 1035 1614 1078 sanctus.
1658 1025 1730 1077 Eo
1774 1025 1934 1094 plane
1967 1025 2126 1079 modo

548 1133 654 1186 quo
687 1117 868 1172 dicere
907 1116 1289 1170 consuevimus
1329 1133 1343 1169 :
1387 1116 1494 1170 Nos
1539 1116 1638 1170 soli
1690 1117 1777 1170 hic
1808 1132 2028 1181 sumus,
2072 1125 2125 1171 et

548 1209 711 1263 Deus.
765 1207 905 1276 Quin
957 1207 1209 1262 Salvator
1257 1209 1420 1262 etiam
1465 1209 1607 1277 apud
1648 1205 1912 1262 Joannem
1957 1207 2124 1262 solius

548 1299 793 1355 meminit
823 1300 987 1354 divini
1020 1298 1254 1369 Spiritus
1280 1340 1295 1364 ,
1340 1302 1466 1353 dum
1495 1300 1572 1353 ait
1599 1317 1613 1354 :
1642 1299 1774 1352 Cum
1814 1313 1993 1353 autem
2024 1299 2123 1367 l5)

545 1392 746 1445 venerit
787 1389 907 1454 ille,
960 1390 1190 1459 Spiritus
1237 1392 1503 1455 veritatis,
1542 1391 1759 1444 deducet
1797 1390 1872 1463 (6)
1924 1408 2012 1446 vos
2068 1395 2122 1446 in

545 1496 747 1535 omnem
775 1483 1062 1536 veritatem.
1094 1483 1158 1536 Et
1188 1482 1320 1536 Acta
1356 1483 1604 1537 similiter
1627 1483 1694 1537 de
1716 1483 1818 1537 hoc
1839 1483 1994 1537 iidem
2042 1483 2120 1538 fa-

544 1574 697 1627 ciunt
729 1591 743 1627 :
777 1573 937 1627 Petro
965 1573 1040 1643 (7)
1062 1584 1236 1627 autem
1260 1576 1521 1643 cogitante
1577 1575 1641 1627 de
1671 1575 1818 1628 verba
1851 1574 1927 1645 (8)
1947 1615 1963 1640 ,
1986 1575 2119 1629 dixit

543 1664 591 1716 ei
622 1661 851 1732 Spiritus
885 1673 1099 1717 sanctus
1133 1664 1209 1733 (9)
1244 1682 1256 1716 :
1287 1662 1519 1734 Surgens
1561 1665 1848 1727 descende,
1886 1676 1933 1718 et
1987 1668 2119 1720 vade

544 1768 660 1805 cum
688 1753 761 1807 eis
796 1752 929 1806 nihil
967 1751 1246 1816 dubitans,
1276 1754 1401 1822 quia
1429 1769 1523 1821 ego
1558 1753 1675 1806 misi
1719 1753 1858 1808 illos.
1887 1753 1954 1808 Et
1998 1771 2119 1809 rur-

2230 570 2328 623 κοῦ
2359 569 2497 623 Πνεύ
2506 586 2693 640 ματος,
2725 568 2929 638 λέγων·
2970 569 3150 624 Ὅταν
3178 569 3247 623 δὲ
3276 572 3421 641 ἔλθῃ
3449 572 3680 641 ἐκεῖνος,
3714 575 3771 633 τὸ

2227 660 2473 729 Πνεῦμα
2503 659 2615 729 τῆς
2666 660 2975 726 ἀληθείας,
3031 659 3321 730 ὁδηγήσει
3362 660 3514 731 ὑμᾶς
3561 667 3641 729 εις
3675 667 3772 734 τὴν

2226 751 2518 818 ἀλήθειαν
2578 749 2804 807 πᾶσαν.
2852 751 2962 803 Kal
3011 752 3069 804 al
3122 750 3359 821 Πράξεις
3393 751 3639 817 diali-tau;
3662 756 3773 826 περὶ

2225 844 2415 897 τούτου
2455 842 2549 915 [9.5
2585 842 2638 915 ιι]
2702 842 3056 897 πιστοῦνται·
3094 842 3206 897 Τοῦ
3252 842 3323 897 δὲ
3356 842 3574 913 Πέτρου
3602 847 3772 899 διανο-

2226 936 2487 1005 ουμένου
2508 935 2643 1003 περὶ
2668 935 2773 989 τοῦ
2796 933 3086 1004 ῥήματος,
3111 930 3283 989 εἶπεν
3294 935 3453 1001 αὐτῷ
3472 936 3538 989 τὸ
3562 936 3773 1006 Πνεῦμα

2224 1027 2293 1081 τὸ
2317 1026 2521 1096 ἅγιον·
2556 1026 2839 1092 Ἀναστὰς
2874 1025 3178 1094 κατάϐηθι,
3231 1026 3332 1080 καὶ
3381 1027 3631 1094 πορεύου
3670 1028 3774 1081 σὺν

2224 1118 2447 1184 αὐτοῖς,
2457 1117 2652 1188 μηδὲν
2670 1116 3142 1186 διακρινόμενος·
3159 1117 3311 1172 διότι
3327 1117 3441 1187 ἐγὼ
3453 1118 3773 1174 ἀπέσταλκα

2223 1211 2466 1276 αὐτούς.
2515 1209 2627 1263 Kal
2675 1207 2834 1262 πάλιν
2859 1223 2874 1238 ·
2932 1206 3079 1263 Τάδε
3117 1207 3281 1276 λέγει
3318 1207 3386 1262 τὸ
3440 1208 3673 1277 Πνεῦμα
3716 1210 3774 1263 τὸ

2223 1302 2423 1372 ἅγιον·
2462 1300 2803 1370 Ἁφορίσατέ
2823 1317 2923 1371 μοι
2954 1300 3062 1354 τὸν
3093 1301 3341 1355 Παῦλον
3381 1301 3479 1355 καὶ
3517 1300 3620 1354 τὸν
3643 1303 3773 1366 Bap.

2222 1392 2414 1447 νάϐαν
2435 1395 2523 1457 εἰς
2549 1393 2616 1446 τὸ
2643 1392 2840 1462 ἔργον,
2867 1392 2899 1447 ὃ
2926 1392 3381 1461 προσκέκλημαι
3418 1394 3651 1459 αὐτούς.
3680 1392 3774 1446 Kal

2224 1483 2382 1538 πάλιν
2409 1483 2602 1555 Πέτρῳ
2634 1479 2789 1537 εἶπεν
2812 1483 2872 1536 τὸ
2904 1482 3061 1552 ἆγιον
3088 1482 3347 1553 Πνεῦμα·
3389 1482 3663 1549 Ἀναστὰς
3686 1496 3773 1535 κο-

2214 1577 2463 1645 ρεύθητι
2490 1578 2579 1642 εις
2613 1575 2721 1631 τὸν
2743 1572 2912 1630 οἶκον
2937 1575 3300 1643 Κορνηλίου.
3336 1574 3450 1627 Kal
3474 1571 3624 1638 αὖθις
3653 1592 3771 1644 κομ-

2217 1669 2515 1741 ψευόμεναι
2547 1668 2604 1721 αἱ
2630 1667 2985 1722 ἀποστολικαὶ
3028 1664 3266 1739 Πράξεις
3288 1704 3304 1728 ,
3339 1665 3616 1737 διατριϐὴν
3650 1681 3773 1736 παρ·

2220 1761 2405 1832 έχουσι
2452 1758 2531 1829 τῷ
2580 1758 2769 1828 τοιῷδε
2820 1757 3002 1828 λόγῳ·
3054 1756 3370 1827 περιέχουσι
3410 1756 3551 1828 γάρ·
3601 1758 3776 1810 Τότεό

544 1856 664 1896 sus:
685 1842 812 1897 lla'c
832 1844 959 1896 dicit
988 1843 1100 1914 (10)
1139 1842 1369 1911 Spiritus
1405 1855 1618 1899 sanctus
1643 1860 1662 1899 .'
1687 1843 1963 1916 Segregate
1989 1848 2119 1901 mihi

2223 1828 2465 1916 Παῦλος
2501 1828 2797 1918 πλησθεὶς
2848 1849 3191 1918 Πνεύματος
3242 1846 3440 1916 ἁγίου,
3493 1842 3614 1900 εἷπε
3646 1846 3777 1914 πρὸς

543 1933 772 1988 Paulum
797 1935 942 2006 (ll),
982 1945 1029 1989 et
1063 1933 1361 1989 Barnabam
1400 1937 1453 1989 in
1489 1952 1618 2003 opus
1667 1937 1736 1990 ad
1761 1938 1900 2007 quod
1940 1940 2119 1993 uocaui

542 2042 659 2079 eos.
693 2025 757 2079 Et
809 2040 1000 2081 rursus
1038 2025 1198 2081 Petro
1241 2027 1377 2080 dixit
1418 2027 1653 2095 Spiritus
1697 2038 1921 2083 sanctus
1952 2029 2065 2099 (12)
2098 2047 2113 2082 :

545 2115 773 2186 Surgens
798 2119 926 2171 vade
949 2117 1005 2171 in
1026 2116 1236 2170 domum
1260 2117 1512 2172 Cornelii.
1547 2116 1614 2171 Et
1645 2134 1831 2173 rursus
1847 2119 1956 2191 56
1984 2121 2117 2175 Acta

543 2209 833 2277 apostolica
852 2224 975 2263 cum
1005 2209 1179 2278 gratia
1216 2224 1280 2263 ac
1300 2209 1641 2278 jucunditate
1666 2209 1722 2264 in
1742 2211 1843 2265 hoc
1871 2226 2120 2266 sermone

545 2314 644 2352 nos
689 2298 934 2353 detinent
965 2314 980 2350 :
1020 2301 1134 2353 haec
1172 2299 1315 2352 enim
1360 2301 1643 2354 continent
1676 2318 1690 2354 :
1720 2298 1865 2353 Tunc
1913 2298 2119 2357 Paulus

544 2389 768 2449 repletas
793 2388 997 2456 Spiritu
1020 2399 1199 2443 sancto
1221 2390 1354 2443 dia'it
1381 2391 1449 2442 ad
1469 2406 1586 2444 eum
1607 2389 1742 2460 (15).
1770 2389 1833 2444 Et
1859 2391 2077 2461 insuper
2100 2409 2115 2446 :

545 2479 733 2533 Petrus
772 2478 884 2549 (14)
914 2480 1049 2533 enim
1069 2480 1254 2549 plenus
1303 2477 1510 2549 Spiritu
1547 2491 1731 2535 sancto
1762 2482 1897 2535 dixit
1923 2483 1993 2534 ad
2024 2497 2119 2547 po-

543 2568 747 2633 pulant.
789 2569 1106 2623 Divinarum
1135 2580 1316 2623 autem
1338 2609 1355 2635 ,
1388 2571 1645 2639 omnique
1686 2570 1894 2625 honore
1929 2570 2117 2626 colen-

546 2659 735 2712 darum
779 2660 1149 2730 hypostasium
1186 2661 1412 2729 arqualis
1453 2662 1534 2716 vis
1578 2676 1642 2716 ac
1682 2662 1923 2731 potentia
1960 2662 2018 2717 in
2055 2676 2122 2717 eo

458 2812 461 2815 _
544 2749 706 2801 etiam
748 2747 998 2804 similiter
1043 2750 1422 2818 significatur,
1467 2752 1610 2820 quod
1667 2752 1931 2808 Dominus
1979 2753 2123 2809 Deus

546 2839 807 2905 Verbum,
840 2856 934 2910 per
953 2842 1263 2911 praedictam
1305 2858 1463 2898 suam
1496 2845 1563 2898 de
1610 2844 1878 2913 baptismo
1900 2846 2121 2916 hymnis

545 2945 761 3001 semper
805 2932 1186 2989 celebrandam
1234 2949 1455 3002 vocem,
1489 2936 1855 3005 aequalitatem
1899 2938 2121 2994 honoris

2224 1944 2431 1997 αὐτόν.
2477 1941 2589 1997 Kal
2632 1940 2746 1994 ἔτι·
2797 1939 2850 1992 '0
2880 1938 2989 2009 γὰρ
3026 1938 3239 2006 Πέτρος
3294 1938 3591 2006 πλησθεὶς
3613 1938 3772 1991 Hreu-

2216 2050 2406 2105 ματος
2427 2033 2623 2103 ἁγίου,
2659 2027 2790 2085 εἷπε
2831 2030 2982 2099 πρὸς
3006 2029 3111 2083 τὸν
3151 2030 3331 2084 λαόν.
3386 2031 3707 2100 Σημαίνεται
3729 2028 3776 2080 δὲ

2221 2124 2423 2194 ὁμοίως
2461 2123 2522 2177 τὸ
2554 2122 2845 2195 ἰσόρροπον
2890 2121 2984 2173 xal
3020 2119 3337 2191 ἰσοδύναμον
3376 2120 3488 2174 τῶν
3522 2120 3778 2190 παντίμων

2225 2215 2599 2270 ὑποστάσεων.
2630 2214 2725 2268 καὶ
2775 2213 2833 2265 ὲν
2886 2210 2965 2281 τῷ
3016 2211 3107 2265 τὸν
3137 2211 3412 2282 Δεσπότην
3444 2211 3576 2264 Θεὸν
3607 2212 3775 2279 Λόγον,

2222 2305 2310 2359 διὰ
2338 2306 2441 2376 τῆς
2470 2304 2862 2374 προλεχθείσης
2911 2302 3074 2357 αὐτοῦ
3122 2303 3202 2368 εἰς
3234 2301 3296 2354 τὸ
3347 2302 3631 2373 βάπτισμα
3665 2319 3775 2357 παν-

2223 2396 2464 2467 υμνήτου
2497 2397 2701 2466 φωνῆς,
2746 2395 2842 2466 τὴν
2897 2393 3165 2464 ἰσοτιμίαν
3210 2394 3387 2465 ἐαυτῷ
3441 2395 3633 2464 καὶτῷ
3657 2394 3779 2465 ἁγίῳ

2223 2487 2504 2560 Πνεύματι
2530 2488 2628 2557 τὴν
2662 2487 2800 2559 πρὸς
2833 2487 2923 2541 τὸν
2953 2487 3175 2557 Πατέρα
3206 2485 3437 2555 φυλάξαι
3459 2504 3473 2518 ·
3526 2488 3592 2541 δι’
3623 2487 3684 2558 ἣν
3730 2487 3778 2540 al

2224 2582 2371 2653 ἱεραὶ
2416 2578 2612 2649 βίϐλοι,
2666 2579 2796 2649 ποτὲ
2848 2578 2947 2649 μὲν
2974 2575 3192 2648 πρώτου
3231 2576 3537 2648 μέμνηνται
3565 2575 3653 2629 τοῦ
3683 2576 3779 2629 Πα-

2221 2672 2349 2743 τρὸς
2372 2711 2387 2736 ,
2427 2671 2521 2724 καὶ
2570 2668 2713 2722 οὕτω
2744 2667 2838 2721 τοῦ
2874 2668 3026 2734 Υἱοῦ,
3081 2669 3115 2740 ἢ
3148 2667 3244 2722 τοῦ
3272 2668 3432 2736 ἁγίου
3465 2667 3777 2738 Πνεύμρςιτος⁶

2224 2757 2355 2811 ποτὲ
2375 2757 2431 2811 δὲ
2459 2757 2677 2829 πρώτου
2711 2760 3112 2830 ὲπιμέμνηνται
3136 2758 3231 2813 τοῦ
3257 2757 3416 2823 Υὶοῦ,
3459 2758 3549 2811 διὰ
3605 2758 3664 2811 τὸ
3696 2759 3782 2827 τῆς

2222 2848 2439 2918 φύσεως
2462 2850 2778 2921 ἀμέριστον,
2803 2852 2895 2903 καὶ
2930 2849 3031 2919 τῆς
3053 2849 3330 2918 θεολογίας
3369 2850 3435 2904 τὸ
3467 2849 3781 2921 κάδιᾶίρορον*

2222 2939 2301 3004 ὡς
2331 2940 2459 2993 ὅταν
2483 2938 2616 3011 λέγῃ
2650 2939 2791 3005 Ἰὼϐ,
2825 2940 3035 3011 τρανῶς
3066 2939 3165 3012 τὴν
3204 2940 3409 3012 Τριὰδα
3459 2941 3665 3013 δηλῶν·
3708 2935 3781 3007 Ζῆ

617 3105 1067 3186 (D9)_Desc_endit_.
1130 3108 1457 3186 In_Vulgato
1508 3111 1816 3186 interprete
1841 3111 1981 3167 haud
2037 3112 2110 3186 ita

2223 3114 2363 3186 bent,
2394 3113 2560 3186 αῷτοῦ
2595 3114 2891 3186 μάρτυρες,
2923 3124 3000 3182 et,
3038 3115 3264 3186 Πνεῦμα
3296 3116 3376 3171 δέ.

546 3177 703 3231 facile
737 3178 849 3231 ha'c
888 3178 1148 3232 invenies.
1189 3177 1420 3234 Exstant
1454 3177 1731 3235 autem'iu
1777 3181 1964 3236 Grasea
1996 3184 2111 3237 edi-

547 3250 692 3301 tione
721 3244 843 3301 Isai.
877 3262 1032 3311 uin,
1076 3248 1159 3302 H.

621 3317 698 3438 (1)
737 3315 1002 3375 Carnalis.
1051 3317 1072 3370 l
1127 3319 1254 3374 Cor.
1310 3334 1386 3381 ll,
1445 3320 1530 3373 ill.
1590 3318 1775 3374 Graeca
1828 3321 2013 3380 editio.
2058 3332 2114 3375 et

621 3398 804 3438 Itzattts
833 3387 930 3438 int.
967 3389 1147 3438 habet.
1178 3389 1423 3438 ὡυνικόε.
1456 3392 1507 3438 id
1538 3400 1620 3438 est
1660 3392 1923 3438 animalis.
1966 3392 2107 3438 "uin

550 3385 804 3456 Vulgattts
833 3387 930 3441 ittt.
967 3389 1147 3452 habet,
1178 3389 1423 3458 ψυχικὸς,
1456 3392 1507 3443 id
1538 3400 1620 3443 est
1660 3392 1923 3443 animalis.
1966 3392 2107 3457 Quin

548 3458 805 3528 Didymus
852 3459 965 3525 ipse
1001 3467 1130 3528 tum
1161 3460 1213 3512 iu
1261 3463 1361 3513 hoc
1395 3475 1575 3525 tmere,
1604 3474 1776 3525 segni.
1810 3460 1881 3515 28
1916 3461 1966 3524 ὸ,
2008 3462 2111 3515 154

546 3544 601 3589 a,
633 3539 686 3581 et
710 3527 859 3589 alibi,
901 3538 1011 3581 ttttn
1044 3529 1096 3581 in
1121 3527 1257 3583 libro
1281 3530 1352 3582 De
1379 3531 1586 3597 Spiritu
1619 3538 1821 3594 sancto,
1851 3546 1997 3583 num.
2021 3532 2115 3590 51.

548 3597 745 3659 habet,
776 3598 1055 3666 animalis,
1088 3613 1191 3653 non
1222 3614 1381 3662 vero,
1415 3599 1666 3654 carnalis.
1698 3599 1853 3666 Quod
1891 3600 1936 3653 si
1971 3602 2115 3655 edita

551 3674 756 3739 tantum
785 3664 899 3739 ejus
930 3667 1049 3739 libri
1069 3664 1745 3739 exetnplariaAspectemus,
1764 3669 2031 3724 videbitur
2048 3670 2116 3723 ibi

547 3737 712 3805 paulo
736 3746 854 3805 post
888 3736 1100 3807 legisse,
1141 3754 1203 3792 ea
1236 3753 1352 3807 qam
1383 3736 1611 3805 Spiritus
1649 3749 1790 3804 sunt,
1828 3752 1933 3792 non
1963 3754 2113 3802 vero,

551 3802 615 3858 ea
637 3802 754 3873 qua}
778 3815 900 3859 sunt
930 3802 1162 3874 Spiritus
1182 3802 1297 3861 Dei.
1322 3808 1392 3862 At
1423 3802 1509 3862 res
1536 3808 1692 3862 aliter
1724 3802 1784 3862 se
1810 3808 2047 3875 habebit,
2074 3812 2120 3864 si

554 3876 794 3947 codicem
822 3891 922 3947 ms.
963 3875 1304 3932 bibliotheca:
1325 3887 1520 3931 nostra:
1552 3878 1836 3947 inspicere,
1860 3892 1924 3931 ac
1962 3881 2116 3945 sequi

552 3946 826 3998 malimus.
875 3945 954 3999 En
1000 3956 1170 4000 totum
1221 3947 1430 4009 locum,
1463 3958 1522 4000 ut
1552 3945 1730 4002 exstat
1780 3951 1832 4001 in
1884 3948 2122 4002 editione

552 4012 895 4086 Veronensis
953 4032 972 4066 ι
1015 4015 1238 4070 Docebit
1286 4031 1426 4086 vero
1452 4033 1557 4070 non
1608 4018 1764 4086 quasi
1807 4017 2018 4081 doctor,
2069 4030 2126 4072 et

553 4088 812 4153 magister
833 4085 1149 4154 disciplima,
1177 4102 1337 4156 quam
1386 4085 1599 4139 aliunde
1620 4085 1706 4141 εει
1727 4097 2119 4142 consecatus...

553 4156 648 4208 sed
689 4157 843 4225 quasi
886 4158 999 4225 ipse
1044 4170 1162 4218 ars,
1214 4167 1378 4224 atque
1418 4156 1687 4220 doctrina,
1728 4165 1784 4208 et
1824 4157 2122 4224 sapientia,

550 4224 915 4294 veritatisque
935 4226 1261 4294 Spiritus....
1290 4231 1545 4279 audacter
1569 4226 1675 4279 alio
1706 4228 2074 4280 cont-laniante
2106 4245 2120 4280 :

550 4294 815 4374 Docuistin
836 4312 952 4361 me,
985 4294 1131 4374 _Deu_s
1158 4336 1202 4374 ,Ἀ
1224 4314 1258 4374 a_
1298 4296 1773 4374 juventutemntea:
1823 4310 1989 4374 atque
2045 4297 2115 4374 ita
2151 4320 2193 4374 ο
2225 4299 2320 4353 καί
2350 4298 2442 4350 τὸν
2462 4294 2691 4374 Σαῦλον,
2716 4294 2780 4374 et
2816 4294 3141 4374 ιἰιιῖιιιὶιιηλιιὶΔ
3167 4294 3305 4356 libro
3334 4303 3558 4374 quidem

2290 3182 2368 3253 (5)
2408 3182 2541 3238 Cum
2572 3182 2952 3240 autem.’loan.
2986 3201 3095 3249 xvt,
3127 3182 3213 3240 l5.

2292 3254 2384 3326 (6)
2430 3254 2678 3326 Deducat.
2701 3255 2865 3326 Sive,
2898 3257 3087 3326 diriget
3111 3294 3126 3318 ,
3153 3264 3225 3326 (ut
3251 3254 3515 3311 transfert
3539 3255 3781 3324 Hierony-

2221 3322 2342 3377 mus
2372 3322 2425 3376 in
2456 3324 2665 3393 Didymi
2700 3323 2837 3378 libro
2886 3324 2963 3378 De
3007 3322 3220 3393 'Spiritu
3271 3337 3474 3393 sancto,
3512 3342 3655 3382 num.
3702 3322 3781 3379 53.

2223 3393 2478 3461 Vulgatns
2503 3392 2807 3460 interpres:
2833 3394 3056 3452 docebit.

2292 3463 2370 3533 (7)
2412 3462 2593 3516 Petro.
2630 3466 2750 3516 Act.
2787 3479 2844 3528 ι,
2876 3464 2943 3518 19
2972 3475 3027 3519 et
3055 3463 3149 3520 20.
3180 3465 3453 3522 Nonnulla
3481 3463 3780 3523 intermedia

2224 3532 2313 3588 hic
2350 3534 2695 3585 omittuntur.

2298 3601 2376 3673 (8)
2406 3599 2682 3673 cogitante
2718 3601 2782 3673 de
2813 3600 2983 3656 verba.
3026 3602 3138 3660 Hoc
3175 3614 3281 3671 est,
3320 3604 3387 3661 de
3418 3620 3486 3661 re
3517 3624 3530 3659 :
3565 3605 3617 3658 id
3656 3603 3783 3657 enim

2223 3670 2364 3745 sape
2397 3670 2931 3745 valet__llebrai_stnus
2981 3673 3104 3731 iste.
3157 3675 3484 3745 Quanquam
3529 3690 3593 3729 ea
3639 3675 3783 3745 etiam

2223 3744 2377 3814 uerba
2438 3742 2753 3814 intelligere
2781 3742 2951 3814 licet,
2985 3759 3106 3814 qua:
3156 3742 3348 3811 Petro,
3409 3745 3543 3799 dum
3592 3744 3785 3797 celebro

2225 3812 2351 3864 illud
2391 3825 2490 3865 vas
2527 3811 2895 3875 descenderet,
2944 3811 3243 3868 inrvisiotie
3264 3815 3406 3868 dicta
3436 3824 3590 3868 sunt.
3617 3814 3786 3868 Graeca

2224 3883 2389 3954 editio
2421 3898 2436 3935 :
2485 3880 3065 3954 ἐνθυμουμένῳ-περὶ
3107 3882 3202 3936 τοῦ
3234 3884 3547 3954 ὁράματος,
3581 3883 3680 3938 hoc
3716 3889 3789 3935 est

2224 3942 2484 4022 cogitante
2507 3955 2570 4003 de
2603 3942 2823 4022 uisio'pe.
2864 3951 2993 4006 Vide
3010 3942 3203 4022 'segm.
3231 3942 3405 4009 102Ἱι.

2296 4017 2372 4091 (9)
2414 4017 2964 4091 δηηοιιιιπιὶεεονοιι
3000 4017 3151 4077 deest
3186 4034 3296 4078 tum
3352 4025 3404 4077 in
3461 4021 3650 4079 Graeca
3695 4018 3789 4076 edi-

2226 4089 2392 4153 lioue,
2431 4101 2541 4142 tum
2573 4091 2624 4142 in
2657 4089 2809 4158 Vulg.
2841 4090 2941 4145 int.

2296 4158 2437 4228 (10)
2474 4158 2605 4211 Ηηιο
2631 4154 2784 4212 dicit:
2817 4162 2937 4214 Act.
2971 4176 3093 4223 xnt.
3123 4162 3179 4215 2.
3207 4161 3397 4218 Graeca
3434 4161 3603 4216 editio
3632 4177 3647 4213 :
3678 4154 3787 4211 εἷπε

2223 4227 2646 4315 τὸιΠνεῦμζαητὸ
2696 4228 2788 4297 ἆγ.
2837 4229 3019 4311 ’Δςρομ
3063 4231 3128 4303 δή
3167 4249 3256 4313 μοι
3293 4231 3387 4285 τόν
3414 4249 3490 4313 ,τε
3519 4228 3789 4352 Βαῧνάῦαν

2225 4316 2320 4353 και
2350 4298 2442 4350 τὸν
2466 4298 2691 4354 Malea.
2725 4310 2780 4354 et
2816 4302 3041 4354 rehaua.
3076 4301 3130 4354 lu
3167 4305 3305 4354 libro
3334 4304 3558 4354 autdem
3640 4317 3667 4352 ε
3698 4299 3786 4354 Sa.

3640 4317 3667 4352 e
3698 4316 3786 4355 δυ.

550 4378 742 4440 omnes
787 4366 920 4440 ﬁunt
965 4367 1131 4440 docti.
1171 4367 1262 4419 Dei
1301 4381 1513 4440 quoque
1556 4364 1723 4420 Filius
1766 4377 1821 4420 et
1852 4366 2114 4440 sapientia
2152 4364 2188 4374 “’
2220 4377 2402 4422 sancto
2436 4385 2586 4423 uutu.
2618 4369 2671 4432 8,
2701 4369 2829 4440 haec
2858 4364 3019 4424 habet
3049 4370 3302 4440 Didymus
3328 4364 3400 4425 εἰ
3436 4370 3575 4424 Hinc
3605 4368 3786 4440 [codex

552 4433 645 4488 Dei
674 4445 728 4488 et
760 4438 959 4490 veritas
984 4435 1065 4489 sic
1096 4435 1252 4490 docet
1290 4436 1580 4503 participes
1608 4450 1826 4491 suos....
1875 4434 2024 4490 Unde
2064 4444 2119 4489 et

552 4519 674 4573 eum
721 4505 984 4561 docentur
1032 4505 1202 4560 Solum
1245 4506 1561 4573 magistrum
1601 4521 1797 4559 vocare
1843 4507 2114 4573 discipuli.

558 4572 662 4645 llas
694 4578 910 4631 easdem
940 4576 1272 4644 disciplinas,
1304 4591 1424 4645 quae
1456 4577 1651 4629 dantur
1677 4591 1707 4629 a
1746 4575 1917 4645 Patre
1939 4572 1993 4627 et
2025 4574 2117 4629 Fi-

555 4643 625 4713 lio
662 4645 717 4697 in
764 4649 923 4699 corda
961 4643 1294 4699 credentimn
1325 4643 1560 4713 Spiritus
1596 4653 1814 4699 sanctus
1853 4644 2121 4698 ministrat

556 4712 641 4765 his
667 4752 683 4777 ,
720 4715 810 4782 qui
842 4714 1104 4769 animales
1134 4729 1256 4771 esse
1295 4712 1577 4769 desierint.
1628 4712 1887 4767 Animalis
1933 4716 2119 4781 quippe

557 4784 710 4835 homo
751 4799 854 4855 non
885 4785 1099 4851 percipit
1132 4799 1227 4850 ea,
1252 4801 1369 4855 quin
1401 4784 1630 4853 Spiritus
1667 4793 1786 4837 sunt
1811 4798 1830 4836 :
1854 4782 2119 4836 arbitrans

556 4866 680 4905 esse
711 4852 991 4906 stultitiam
1025 4868 1144 4921 qua
1176 4852 1447 4921 dicuntur.
1490 4871 1512 4904 ι
1553 4855 1737 4909 Codex
1769 4868 1899 4906 vero
1934 4863 2119 4921 uoster

561 4921 726 4975 habet
752 4939 765 4974 :
803 4920 1218 4987 Docebit,etc...
1245 4933 1295 4976 et
1327 4920 1611 4991 Sapientia:
1638 4924 1968 4992 veritatisque
2002 4920 2121 4987 Spio

558 4994 761 5045 ritus...
774 4992 1025 5045 audacter
1035 4992 1141 5044 alio
1160 4994 1517 5045 conclamante
1537 5007 1554 5045 :
1572 4993 1807 5046 Docuisti
1830 5008 1938 5056 me,
1959 4991 2121 5054 Deus,

560 5077 589 5113 a
616 5062 896 5127 iuventute
921 5076 1060 5115 mea.
1084 5061 1249 5128 Atque
1276 5075 1295 5113 :
1327 5062 1524 5117 Omnes
1553 5066 1685 5115 liuut
1716 5061 1976 5116 docibiles
2006 5061 2118 5113 Dei.

560 5130 736 5183 Filius
775 5146 978 5198 quoque
1034 5128 1269 5192 Veritas,
1310 5141 1356 5184 et
1390 5129 1660 5198 Sapientia
1704 5129 1797 5183 Dei
1847 5133 1924 5184 sic
1975 5130 2121 5183 docet

558 5200 848 5270 participes
870 5215 1063 5256 suos...
1087 5198 1129 5252 U
1140 5206 1238 5254 nde
1258 5216 1446 5270 etcum
1480 5202 1652 5254 solum
1675 5200 1932 5270 docentur
1956 5201 2125 5268 magi-

558 5269 728 5323 stram
765 5285 947 5322 t-acare
976 5270 1243 5338 discipuli.
1283 5269 1398 5323 llas
1437 5274 1645 5324 easdem
1680 5269 1842 5337 igitur
1880 5269 2118 5336 discipli-

561 5356 681 5401 nas,
708 5354 825 5408 qua:
853 5339 1065 5404 dantur,
1090 5349 1244 5394 etc...
1276 5338 1356 5391 Itis
1395 5340 1484 5407 qui
1518 5342 1772 5392 animales
1817 5355 1927 5393 esse
1953 5341 2124 5392 desie-

560 5421 716 5469 runt,
748 5408 996 5461 animalis
1037 5410 1232 5477 quippe
1281 5414 1439 5462 homo
1483 5425 1588 5462 non
1640 5410 1867 5475 percipit
1910 5425 1971 5462 ea
2006 5422 2126 5475 qua:

561 5489 688 5532 sunt
724 5478 958 5546 Spiritus
989 5480 1102 5542 Det,
1137 5480 1428 5543 arbitrans,
1464 5495 1576 5532 esse
1599 5478 1878 5531 stultitiam
1900 5493 2016 5547 qua;
2040 5478 2124 5529 ai-

560 5563 773 5601 σηπίαν.
1749 5594 1765 5608 ο

633 5617 712 5688 (2)
753 5616 1071 5688 Stephanus.
1126 5614 1430 5688 Legendnm
1475 5617 1530 5670 in
1576 5615 1799 5688 Grave,
1833 5615 2123 5688 Στέφανος.

636 5685 711 5757 (5)
762 5685 881 5740 Vos.
913 5687 1032 5739 Act.
1066 5702 1158 5750 vn,
1194 5685 1295 5755 51,
1341 5688 1430 5741 ubi
1475 5688 1691 5755 legitur.
1731 5687 1889 5756 ὑμεῖς
1917 5685 2029 5753 ἀεί,
2077 5695 2133 5740 et

562 5768 778 5812 extera.

634 5826 714 5893 (4)
754 5824 864 5880 Nos
888 5843 1088 5883 sumus.
1119 5827 1244 5881 Act.
1283 5841 1331 5894 ν,
1363 5825 1455 5892 52,
1488 5825 1577 5881 ubi
1605 5822 1790 5880 Graeca
1823 5823 1991 5882 Biblia
2029 5827 2126 5881 ha-

2219 4447 2408 4510 noster
2427 4453 2530 4510 ms.
2555 4436 2716 4509 unde]
2741 4448 2794 4490 et
2819 4440 3034 4510 quidam
3067 4436 3189 4494 cuin
3215 4442 3503 4510 supercilio
3526 4436 3791 4510 ait—:Vlla'c

2217 4509 2342 4560 dicit
2370 4505 2599 4575 Spiritus
2619 4505 2852 4561 sanctus:
2897 4526 2916 4559 ι
2948 4507 3145 4563 Verum
3188 4511 3260 4562 ibi
3285 4505 3396 4565 non
3433 4510 3613 4564 locum
3654 4509 3786 4562 hunc

2222 4578 2467 4645 respicit,
2499 4578 2593 4647 sed
2629 4577 2749 4631 Act.
2779 4592 2895 4640 ut,
2925 4577 3013 4641 11,
3045 4579 3132 4631 ubi
3158 4578 3377 4647 Agubus
3402 4594 3468 4633 eo
3493 4578 3652 4633 modo
3680 4591 3789 4631 cum

2218 4648 2497 4717 supercilio
2532 4646 3074 4717 loquensinducitur.
3109 4646 3239 4717 Yide
3262 4663 3437 4717 segni.
3473 4647 3580 4701 102
3602 4648 3653 4717 b_.

2291 4716 2403 4785 (11)
2445 4712 2620 4784 δεθνξ
2652 4716 2799 4785 mihi
2825 4712 3077 4770 Paulum.
3116 4715 3260 4783 Pro,
3295 4712 3562 4780 Paulum,
3616 4715 3788 4769 Graeca

2219 4784 2391 4839 editio
2426 4787 2618 4850 habet,
2668 4784 2912 4840 Saulum.
2962 4785 3019 4839 In
3065 4786 3204 4839 libro
3249 4798 3428 4841 autem
3477 4786 3554 4839 De
3593 4785 3789 4852 Spiritu

2221 4866 2427 4917 sancto,
2469 4870 2619 4908 num.
2647 4854 2742 4917 25,
2773 4853 2993 4908 alfertur
3029 4855 3117 4909 hic
3148 4855 3298 4911 locus
3324 4858 3377 4909 in
3404 4857 3551 4911 hunc
3582 4857 3787 4908 modum

2225 4925 2276 4975 in
2312 4924 2474 4977 editis
2500 4924 2902 4992 exemplaribus
2927 4942 2943 4978 :
2975 4922 3231 4990 Separate
3253 4926 3381 4979 mihi
3408 4923 3716 4978 Barnabam
3743 4932 3785 4973 et

2222 4992 2467 5056 Saulutn,
2497 5005 2551 5047 et
2571 5004 2787 5048 caetera.
2816 4994 2887 5047 At
2918 4994 3116 5048 ibidem
3155 4997 3327 5050 codex
3350 5005 3536 5048 noster
3566 5008 3670 5047 ms.
3702 4994 3789 5045 ha-

2222 5061 2349 5134 bet,
2371 5059 2642 5134 (Paulum.
2673 5061 2954 5134 Conjicere
2980 5063 3173 5134 itaque
3211 5063 3368 5129 licet,
3403 5063 3787 5134 Hieronymum

2223 5146 2290 5184 ex
2321 5131 2549 5201 Didymo
2592 5134 2820 5188 vertisse
2849 5130 3114 5201 Paulum}
3155 5148 3223 5189 ac
3264 5133 3518 5189 scitulam
3566 5130 3791 5201 aliquem

2222 5216 2289 5254 ex
2328 5198 2514 5255 Bibltis
2544 5203 2885 5262 emendasse,
2917 5198 3160 5256 Saulum.

2295 5269 2406 5341 (12)
2447 5272 2543 5340 Sp.
2571 5282 2806 5326 sanctus.
2851 5272 2975 5325 Act.
3006 5287 3062 5339 ι,
3088 5271 3156 5328 19
3174 5280 3231 5328 et
3249 5270 3340 5327 20.
3366 5271 3600 5328 Sensum
3626 5279 3792 5325 tamen

2224 5340 2378 5402 citat,
2406 5355 2509 5393 non
2540 5344 2728 5394 verba.

2297 5410 2407 5478 (15)
2450 5408 2595 5463 Tunc
2634 5407 2855 5463 Paulus.
2890 5410 3014 5465 Act.
3060 5426 3194 5477 λιιι,
3244 5411 3299 5466 9.
3346 5410 3578 5467 Sensum
3632 5407 3794 5476 magis

2227 5478 2403 5544 affert,
2438 5495 2596 5548 quam
2631 5480 2812 5533 verba.

2300 5549 2412 5618 (14)
2453 5548 2663 5602 Petrus.
2699 5550 2824 5603 Act.
2875 5564 2948 5614 tv,
2990 5548 3044 5605 8.
3095 5548 3313 5604 Videtur
3362 5550 3622 5618 Didymus
3653 5558 3794 5614 sape

2237 5618 2432 5672 riorem
2481 5620 2654 5671 locum
2684 5635 2804 5673 cum
2846 5620 3013 5675 hocce
3058 5620 3426 5685 confundere,
3455 5628 3552 5672 aut
3582 5629 3789 5674 sensum

2236 5692 2435 5760 potius,
2480 5690 2797 5760 quatnuipsa
2830 5691 2995 5747 verba
3039 5691 3322 5760 utrobique
3350 5687 3787 5746 citare-voluisse.

2239 5755 2372 5845 Vide
2403 5755 2570 5828 segni.
2604 5755 2716 5812 107
2736 5758 2788 5812 b.
