4004 6406
356 365 456 423 3M

1481 362 1570 416 DE
1609 362 1986 419 TRINITATE
2023 363 2227 419 LiBER
2267 366 2552 424 PRIMUS.

3558 375 3667 439 583

366 482 602 550 Κύριος,
643 480 712 547 ὃς
738 480 911 534 οὕτω
940 496 1025 550 με
1062 477 1287 548 κέκρικε
1308 516 1322 541 ,
1357 479 1454 533 καὶ
1490 482 1523 533 ὁ
1542 478 1963 548 Παντοκράτωι

2080 497 2200 536 cum
2236 481 2396 538 Patre
2424 483 2553 547 sibi,
2583 493 2639 539 et
2665 484 2890 555 Spiritui
2924 475 3115 542 sancio
3141 488 3461 545 servaverit.
3482 488 3664 560 Atque

366 578 403 630 ὁ
428 571 726 639 πικράν-ας
734 589 861 642 μου
892 571 1021 640 τὴν
1043 569 1252 641 ψυχήν
1274 589 1288 604 ο
1310 572 1360 625 si
1382 570 1512 641 μὴν
1528 572 1617 625 ἑτι
1645 570 1759 640 τῆς
1780 572 1976 641 πνοῆς

364 684 486 737 μου
524 666 808 733 ἐνούσης,
837 663 1095 733 Πνεῦμα
1116 661 1185 716 δὲ
1220 662 1379 717 θεῖον
1419 663 1488 716 τὸ
1527 664 1738 733 περιόν
1763 682 1869 733 μοι
1901 664 1974 718 ἐν

364 759 563 827 ῥισίν.
599 756 674 809 To
706 755 1013 820 ζωοποιοῦν
1047 772 1114 825 με
1154 753 1307 823 ἅγιον
1347 754 1595 826 Πνεῦμα,
1633 762 1817 825 φησιν,
1880 757 1975 809 καὶ

371 849 666 904 ἁναπνέειν
697 847 777 901 ἔτι
816 847 1032 902 ποιοῦν.
1060 846 1171 900 Καὶ
1208 846 1283 910 ὡς
1330 846 1494 918 ἡνίκα
1534 846 1744 911 Παῦλος
1772 848 1977 902 Θεσσα-

375 940 649 995 ἳωνικεῦσι
682 938 744 993 τὸ
767 938 1024 1011 δεύτερον
1051 938 1283 1009 γράψει’
1317 938 1515 1005 Αὐτὸς
1553 938 1623 992 δὲ
1672 941 1705 993 ὀ
1758 941 1975 1008 Κύριος

387 1031 547 1104 ἡμῶν
580 1031 814 1100 Ἰησοῦς
841 1031 1118 1100 Χριστὸς,
1143 1030 1244 1084 καὶ
1270 1033 1302 1085 ό
1333 1030 1478 1096 Θεὸς
1507 1030 1608 1087 καὶ
1631 1030 1835 1100 Πατὴρ
1864 1046 1976 1085 πα-

384 1123 702 1197 ρακαλέσει
754 1122 923 1194 ὑμῶν
973 1122 1064 1198 [24
1097 1122 1160 1195 a]
1191 1123 1300 1189 τὰς
1331 1122 1600 1191 καρδίας.
1632 1123 1743 1177 Καὶ
1796 1123 1972 1178 Γαλά-

390 1237 502 1284 ταις
519 1237 533 1249 ⁸
553 1218 797 1284 Παῦλος
814 1217 1182 1282 ἀπόστολος,
1206 1218 1319 1269 οὐκ
1342 1216 1445 1270 ἀπ’
1472 1214 1811 1283 ἀνθρώπου,
1831 1215 1974 1270 οὐδὲ

384 1312 454 1366 δι’
484 1308 822 1379 ἀνθρώπου,
855 1307 1016 1363 ἀλλὰ
1044 1307 1140 1362 διὰ
1179 1306 1377 1375 Ἰησοῦ
1405 1306 1666 1376 Χριστοῦ
1693 1306 1791 1361 καὶ
1822 1305 1972 1360 Θεοῦ

378 1405 629 1471 Πατρός.
662 1401 773 1455 Καὶ
813 1399 1133 1474 Κορινθίοις,
1160 1399 1237 1464 ὡς
1287 1399 1642 1471 προείρηται’
1713 1399 1774 1453 Ἠ
1799 1397 1973 1468 χάρις

375 1494 485 1551 τοῦ
512 1494 739 1562 Κυρίου
768 1491 936 1562 ἡμῶν
968 1491 1175 1561 Ἰησοῦ
1209 1489 1471 1560 Χριστοῦ
1493 1529 1509 1555 ,
1545 1490 1645 1544 καὶ
1691 1490 1730 1557 ἡ
1766 1490 1969 1563 ἀγάπη

374 1588 484 1643 τοῦ
518 1586 669 1642 Θεοῦ
693 1585 792 1640 καὶ
821 1584 1073 1653 Πατρός,
1115 1582 1215 1637 καὶ
1243 1584 1283 1652 ἡ
1316 1584 1598 1637 κοινωνία
1642 1582 1750 1637 τοῦ
1796 1584 1970 1654 ἁγίου

372 1680 747 1749 Πνεύμιιτος.
773 1678 883 1732 Καὶ
927 1679 957 1731 ὁ
1008 1675 1197 1747 Σωτὴρ
1223 1675 1279 1729 δέ
1306 1693 1470 1747 φησιν
1491 1695 1503 1706 ο
1572 1675 1972 1745 Ἐλευσόμεθα

371 1774 491 1844 ἐγὼ
510 1773 609 1827 καὶ
657 1775 690 1827 ό
720 1770 941 1839 Πατὴρ,
975 1769 1071 1823 καὶ
1097 1768 1301 1838 μονὴν
1336 1767 1473 1835 παρ’
1499 1766 1662 1833 αὐτῷ
1716 1765 1971 1834 ποιήσο-

2079 573 2151 627 ob
2180 571 2321 628 hanc
2356 575 2719 644 aequalitatem
2751 577 2889 630 sacri
2917 577 3043 631 libri
3076 579 3235 633 modo
3257 580 3475 649 quidem
3508 582 3663 651 prius

2079 666 2408 721 mentionem
2442 664 2649 723 faciunt
2685 666 2900 734 Patris,
2941 678 3052 723 tum
3096 668 3258 734 Filii,
3301 681 3394 726 aut
3428 670 3665 742 Spiritus

2077 759 2286 825 sancti;
2321 760 2479 814 modo
2523 775 2654 815 vero
2685 763 2833 830 prius
2874 773 3181 818 memorant
3236 764 3433 819 Filium
3468 783 3482 819 :
3518 766 3659 836 quod

2077 859 2270 903 natura
2304 851 2373 904 ab
2423 851 2489 906 iis
2529 851 2840 909 individuus
2893 856 2992 920 sit,
3032 865 3085 909 et
3130 857 3274 925 quod
3320 858 3414 912 Dei
3461 874 3660 916 nomen

2075 941 2197 997 sine
2233 942 2338 997 ulla
2389 943 2757 1014 discrepantia
2793 947 3046 1002 omnibus
3081 950 3370 1004 conveniat
3407 950 3545 1022 (15).
3597 950 3665 1012 Ut

2076 1047 2198 1088 cum
2233 1033 2309 1087 ait
2343 1032 2481 1101 Job,
2506 1034 2829 1090 Trinitatem
2864 1037 3153 1092 manifesto
3187 1039 3479 1107 designans
3510 1058 3526 1094 :
3566 1038 3664 1095 Vi-

2074 1125 2147 1177 rit
2168 1121 2281 1194 (16)
2300 1124 2556 1179 Dominus
2582 1127 2673 1197 qui
2707 1127 2785 1180 sic
2810 1142 2890 1181 me
2904 1127 3170 1197 judicavit
3189 1168 3203 1191 ,
3246 1139 3295 1183 et
3320 1128 3664 1199 Omnipotens

2074 1214 2164 1283 qui
2214 1217 2285 1269 ad
2325 1217 2737 1271 amaritudinem
2790 1217 3017 1272 adduxit
3077 1221 3311 1274 animam
3360 1237 3531 1276 meam
3564 1238 3583 1281 .'
3615 1225 3663 1279 si

2073 1308 2287 1377 quidem
2314 1310 2438 1362 dum
2464 1309 2638 1363 adhuc
2664 1309 2800 1365 inest
2839 1310 3039 1366 halitus
3070 1327 3212 1365 meus
3232 1354 3248 1380 ,
3282 1311 3513 1383 Spiritus
3558 1332 3662 1369 au-

2074 1411 2173 1449 tem
2208 1396 2417 1451 divinus
2472 1397 2561 1467 qui
2595 1405 2830 1465 superest
2882 1397 3011 1451 mihi
3067 1399 3127 1453 in
3174 1400 3390 1455 naribus
3436 1416 3456 1454 .'
3498 1402 3657 1473 quasi

2074 1487 2278 1543 diceret
2310 1507 2324 1543 :
2358 1488 2593 1558 Spiritus
2622 1500 2876 1553 sanctus,
2908 1490 3001 1561 qui
3041 1506 3127 1547 me
3165 1492 3444 1559 viviﬁcat,
3476 1504 3531 1549 et
3563 1496 3658 1566 qui

2075 1578 2249 1633 adhuc
2294 1594 2379 1634 me
2432 1581 2705 1650 respirare
2765 1578 2920 1639 facit.
2972 1581 3038 1636 Et
3100 1584 3241 1637 sicut
3281 1598 3405 1638 cum
3458 1584 3659 1643 Paulus

2074 1667 2129 1721 in
2162 1670 2403 1723 secunda
2447 1671 2513 1723 ad
2555 1668 3071 1727 Thessalonicenses
3111 1672 3300 1727 scribit
3337 1691 3352 1728 :
3384 1672 3507 1743 Ipse
3544 1675 3657 1747 (17)

2075 1770 2247 1814 autem
2278 1759 2530 1817 Dominus
2559 1771 2736 1815 noster
2761 1760 2795 1816 .1
2802 1778 2919 1816 esus
2942 1760 3206 1829 Christus,
3230 1772 3277 1817 et
3295 1762 3436 1819 Deus
3459 1781 3522 1818 ac
3547 1764 3659 1819 Pa.

365 1881 507 1935 μεν.
542 1864 681 1916 Ποτὲ
708 1861 766 1914 δὲ
788 1860 1002 1932 πρῶτον
1028 1860 1090 1914 τὸ
1120 1859 1274 1927 ἅγιον
1310 1859 1538 1929 Πνεῦμα
1584 1857 1963 1930 ὀνομάζουσιν,

2075 1859 2150 1904 ter
2177 1852 2533 1906 consolabitur
2566 1856 2731 1907 corda
2761 1863 2952 1908 vestra.
2990 1854 3056 1909 Et
3087 1858 3154 1910 ad
3197 1854 3418 1913 Galatas
3457 1874 3471 1910 :
3506 1855 3658 1910 Pau-

375 1958 679 2030 μετέπειτα
715 1954 772 2008 δὲ
799 1953 889 2007 τὸν
915 1952 1156 2023 Πατέρα,
1192 1951 1225 2023 ἦ
1255 1952 1359 2023 ἰον⁴
1376 1951 1525 2016 Υἱὸν,
1554 1951 1629 2015 ὡς
1656 1952 1785 2006 ὅταν
1806 1951 1970 2010 Δαυῒδ

372 2049 557 2122 eam“
575 2067 588 2080 ·
615 2045 740 2101 Ποῦ
765 2042 1035 2113 πορευθῶ
1050 2042 1165 2097 ἀπὸ
1192 2043 1298 2098 τοῦ
1319 2044 1669 2114 Πνεύματός
1694 2058 1811 2097 σου
1826 2060 1846 2107 ;
1864 2045 1966 2099 καὶ

372 2142 495 2197 ἀπὸ
518 2140 626 2195 τοῦ
653 2139 975 2208 προσώπου
1008 2154 1125 2193 σου
1156 2137 1274 2191 ποῦ
1304 2137 1505 2207 φύγω
1528 2137 1639 2190 Καὶ
1669 2138 1699 2190 ὁ
1736 2135 1880 2201 Ἰὼϐ,
1906 2137 1967 2189 τὸ

373 2234 659 2305 εὔγνωμον
680 2234 913 2298 δεικνὺς,
946 2232 1147 2302 φάσκει
1175 2248 1188 2263 ·
1213 2229 1459 2299 Πνεῦμα
1491 2228 1655 2284 θεῖον
1703 2231 1770 2283 τὸ
1795 2228 1968 2298 ποιῆ-

371 2327 497 2383 σὰν
522 2345 597 2396 με
619 2346 634 2358 ο
661 2326 817 2395 πνοὴ
862 2325 932 2379 δὲ
960 2322 1458 2393 Παντοκρὰτορος
1489 2323 1528 2390 ἡ
1584 2321 1967 2377 διδάσκουσα

372 2434 467 2486 με.
498 2417 610 2469 Καὶ
640 2416 714 2479 ὡς
743 2413 956 2479 Παῦλος
985 2416 1044 2467 ὲν
1074 2417 1142 2486 τῇ
1193 2412 1386 2486 πρώτῃ
1431 2412 1719 2483 Ἐπιστολῇ
1768 2413 1967 2484 Κοριν-

374 2509 512 2573 θίοις
544 2509 741 2581 γράφει
762 2523 775 2539 ⁸
823 2509 1151 2575 Διαιρέσεις
1182 2505 1251 2559 δὲ
1276 2504 1667 2575 χαρισμάτων
1689 2505 1870 2568 εἰσὶν,
1898 2504 1965 2557 τὸ

372 2600 443 2654 δὲ
465 2599 614 2653 αὐτὸ
646 2598 887 2668 Πνεῦμα
906 2616 920 2629 ο
950 2598 1047 2653 καὶ
1077 2595 1401 2666 διαιρέσεις
1444 2594 1760 2650 διακονιῶν
1783 2598 1961 2659 εἰσιν,

373 2695 410 2745 ὁ
439 2690 508 2743 δὲ
543 2690 724 2755 αὐτὸς
767 2691 978 2757 Κύριος
1003 2706 1018 2720 ο
1071 2688 1170 2743 καὶ
1197 2686 1522 2757 διαιρέσεις
1547 2687 1962 2757 ἐνεργημάτων

370 2783 558 2844 εἰσιν,
589 2779 708 2834 eos
732 2781 914 2845 αὐτὸς
940 2778 1105 2843 Θεὸς,
1141 2780 1174 2832 ό
1208 2775 1469 2846 ἐνεργῶν
1523 2777 1597 2831 τὰ
1651 2776 1844 2832 πάντα
1892 2777 1963 2831 ἐν

371 2870 586 2927 πᾶσιν.
614 2873 750 2926 Ποτὲ
788 2872 843 2925 δὲ
881 2871 1011 2942 περὶ
1059 2869 1152 2923 δύο
1210 2869 1567 2951 ὑποστᾴσεων
1622 2868 1960 2936 διαλέγονται

371 2965 675 3036 ἅνωνύμως
694 3007 710 3031 ,
737 2964 811 3028 ὡς
830 2965 918 3017 ὅτε
959 2962 1235 3033 Ζαχαρίας
1267 2960 1416 3029 λέγει
1444 2977 1457 2989 ·
1509 2957 1701 3015 Εἶπεν
1743 2962 1961 3029 Κύριος

372 3058 527 3127 πρὸς
556 3056 665 3110 τὸν
692 3055 978 3111 διάϐολον
1004 3071 1018 3085 ⁸
1072 3052 1443 3122 Ἐπιτιμήσει
1474 3053 1685 3121 Κύριος
1746 3053 1812 3108 ἐν
1835 3052 1956 3116 σοι,

375 3150 633 3204 Gallicis.
679 3148 788 3202 Καὶ
819 3148 1077 3220 ἀνωτέρω
1107 3146 1323 3217 ἐδείχθη
1350 3145 1443 3199 διὰ
1464 3145 1754 3201 πλειόνων.

2070 1942 2152 1996 lus
2192 1942 2304 2014 (l8)
2344 1943 2614 2010 apostolus
2658 1960 2763 1997 non
2806 1944 2871 1998 ab
2896 1946 3127 2009 homine,
3168 1964 3330 2019 neque
3361 1965 3456 2018 per
3480 1950 3656 2007 homiv

2071 2051 2217 2101 nem,
2250 2036 2341 2090 sed
2382 2052 2474 2104 per
2499 2035 2684 2090 Jesum
2719 2034 2985 2093 Christum
3009 2048 3059 2093 et
3106 2037 3269 2095 Deum
3317 2037 3547 2095 Patrem.
3570 2042 3656 2099 ‘Et

2070 2128 2136 2180 ad
2167 2126 2501 2191 Corinthios,
2529 2137 2587 2182 ut
2609 2135 2767 2183 antea
2804 2126 2915 2200 (l9)
2952 2130 3155 2184 dictum
3178 2139 3300 2186 est:
3333 2129 3515 2187 Gratia
3539 2132 3654 2203 (20)

2070 2217 2283 2273 Domini
2299 2220 2464 2274 nostri
2476 2219 2603 2273 Jesu
2618 2218 2835 2285 Christi,
2853 2230 2901 2275 et
2933 2221 3168 2276 charitas
3189 2222 3285 2279 Dei
3309 2241 3371 2277 ac
3386 2222 3588 2289 Patris,
3600 2234 3653 2283 ιι

2068 2312 2467 2365 communicatio
2484 2313 2651 2365 sancti
2663 2311 2918 2381 Spiritus.
2949 2313 3200 2370 Salvator
3217 2330 3344 2371 vero
3359 2316 3521 2372 etiam
3542 2318 3652 2373 ait:

2084 2400 2354 2457 Yeniemus
2377 2403 2491 2473 (21)
2525 2420 2619 2473 ego
2656 2414 2705 2459 et
2740 2404 2924 2471 Pater,
2944 2417 2990 2460 et
3015 2405 3122 2479 57
3146 2409 3474 2463 mansionem
3512 2408 3655 2478 apud

2067 2511 2184 2549 eum
2234 2495 2509 2564 faciemus.
2552 2496 2708 2552 Modo
2758 2513 2890 2553 vero
2930 2499 3165 2568 primum
3219 2499 3483 2569 Spiritum
3524 2517 3654 2557 san.

2069 2596 2214 2643 ctum
2240 2589 2539 2656 nominant,
2560 2592 2757 2647 deinde
2771 2591 2987 2647 Patrem
3006 2632 3020 2654 .
3044 2601 3140 2647 aut
3162 2592 3355 2648 Filium
3391 2613 3403 2648 :
3440 2603 3498 2649 ut
3528 2610 3650 2650 cum

2069 2679 2235 2734 David
2263 2681 2442 2751 psallit
2473 2698 2486 2734 :
2519 2681 2634 2747 Quo
2668 2681 2755 2737 ibo
2784 2682 2897 2755 (22)
2938 2702 2969 2738 ιι
2998 2682 3207 2754 Spiritu
3230 2695 3321 2739 tuo
3340 2727 3354 2752 ,
3386 2695 3435 2739 et
3458 2703 3490 2739 a
3514 2687 3653 2755 facis

2067 2782 2159 2826 tua
2196 2789 2299 2839 quo
2332 2774 2576 2845 fugiam?
2600 2775 2665 2830 Et
2692 2774 2859 2833 Jobus
2892 2793 2995 2831 non
3036 2777 3311 2848 ingratum
3356 2793 3415 2833 se
3468 2789 3656 2833 osten-r

2066 2867 2199 2921 dens
2226 2866 2302 2920 ait
2329 2884 2343 2921 :
2380 2864 2610 2930 Spiritus
2657 2866 2769 2938 (25)
2800 2869 3005 2921 divinus
3037 2871 3127 2938 qui
3150 2868 3271 2937 fecit
3311 2885 3393 2922 me
3414 2910 3429 2932 ,
3456 2870 3653 2925 halitus

2064 2975 2183 3012 vero
2246 2958 2631 3027 Omnipotentis
2673 2959 2862 3014 docens
2914 2977 3013 3013 me.
3061 2960 3125 3013 Et
3166 2962 3308 3015 sicut
3355 2960 3555 3015 Paulus
3597 2962 3650 3014 in

2065 3051 2240 3119 prima
2267 3051 2334 3104 ad
2355 3049 2667 3105 Corinthios
2689 3050 2925 3121 Epistula
2955 3051 3144 3105 scribit
3171 3072 3183 3106 :
3214 3051 3507 3107 Divisiones
3534 3050 3651 3124 (24)

1987 3140 2030 3197 C
2065 3152 2238 3197 autem
2284 3143 2663 3197 charismatum
2695 3154 2850 3209 sunt,
2886 3144 3024 3196 idem
3072 3156 3246 3197 autem
3288 3141 3558 3214 Spiritus;
3601 3155 3653 3198 et

380 3245 653 3300 divisiones
710 3244 1116 3298 ministeriorum
1163 3252 1316 3307 sunt,
1371 3241 1508 3294 idem
1553 3251 1727 3293 autem
1776 3238 2032 3292 Dominus
2095 3236 2245 3309 (:25);
2313 3246 2361 3292 et
2435 3238 2716 3291 divisiones
2769 3237 3132 3306 operationum
3175 3247 3326 3301 sunt,
3367 3237 3504 3291 idem
3545 3253 3653 3290 au.

383 3344 475 3389 tem
519 3334 692 3399 Deus,
740 3336 830 3404 qui
881 3344 1128 3401 operatur
1171 3334 1349 3387 omnia
1421 3333 1478 3385 in
1549 3330 1809 3384 omnibus.
1861 3329 2017 3382 Modo
2056 3344 2188 3385 vero
2232 3328 2300 3383 de
2350 3329 2557 3383 duabus
2595 3327 2840 3396 persenis
2884 3326 3210 3394 loquuntur,
3245 3328 3376 3398 quin
3421 3342 3516 3382 eas
3548 3343 3652 3382 no.

385 3426 580 3478 minent
609 3424 722 3495 (26)
749 3444 764 3479 :
793 3435 847 3479 ut
879 3442 1000 3479 cum
1024 3424 1320 3479 Zacharias
1348 3424 1464 3477 ait:
1502 3421 1645 3476 Dixit
1704 3420 1817 3493 (27)
1850 3421 2103 3475 Dominus
2139 3423 2207 3476 ad
2242 3422 2508 3476 diabolum
2537 3438 2555 3476 :
2589 3421 2894 3477 lncreoabit
2958 3420 3217 3475 Dominus
3250 3424 3304 3476 in
3369 3431 3416 3477 te
3436 3464 3452 3489 ,
3519 3423 3651 3478 αέα-ν

383 3514 508 3572 bolo.
535 3515 601 3571 Et
628 3525 687 3570 ut
715 3516 962 3587 superius
987 3515 1099 3588 (28)
1132 3527 1410 3573 ostensum
1436 3530 1520 3572 εει
1551 3517 1742 3572 fusius.

446 3756 561 3826 (15)
608 3754 707 3810 Dei
742 3772 997 3812 nomen...
1034 3759 1328 3814 conveniat.
1372 3757 1454 3812 Ad
1497 3757 1723 3812 verbum
1757 3772 1771 3826 ξ
1802 3763 1855 3808 et
1898 3754 1961 3809 ob

377 3825 665 3898 theologum
692 3828 1120 3897 indifferentiam.
1181 3829 1348 3883 Porro
1407 3828 1549 3881 sicut
1580 3825 1958 3898 Axuptoloysiv,

377 3909 481 3962 est,
511 3896 790 3968 Dominum
812 3915 1016 3963 vocare,
1043 3899 1124 3953 sic
1145 3899 1419 3968 θεολογείν
1435 3908 1541 3962 est,
1563 3896 1733 3951 Deum
1756 3912 1961 3968 uocare,

375 3979 437 4021 ut
461 3966 720 4037 omnibus
750 3978 932 4021 notum
961 3978 1076 4033 est,
1111 3969 1178 4025 iis
1219 3966 1491 4029 maxime,
1524 3970 1616 4037 qui
1654 3968 1708 4019 in
1750 3966 1964 4021 Graeco-

377 4053 501 4091 rum
526 4034 741 4089 Patrum
777 4037 1004 4091 lectione
1044 4040 1244 4094 versati
1275 4047 1420 4094 sunt.
1455 4034 1641 4106 Itaque
1666 4037 1781 4091 haec
1816 4037 1962 4089 theo-

377 4110 540 4179 logitg
561 4107 912 4179 indtﬁ’erentia
933 4152 947 4174 ,
979 4110 1044 4163 de
1071 4124 1175 4177 qua
1208 4110 1504 4179 Didymus,
1532 4110 1585 4161 iu
1610 4122 1676 4161 eo
1700 4108 1804 4179 sita
1835 4116 1957 4179 est,

381 4175 446 4299 2t
496 4175 595 4229 Dei
639 4192 821 4231 nomen
854 4179 965 4233 sine
994 4175 1539 4233 discrimine'divinis
1581 4178 1830 4247 personis
1861 4177 1959 4229 tri-

417 4258 597 4299 ιιιιιιιν.

417 4258 597 4300 statur.

451 4318 569 4385 (16)
620 4313 770 4370 Vivit.
806 4316 905 4372 Joh
948 4334 1122 4380 xxvii,
1161 4318 1197 4376 2
1222 4328 1276 4371 et
1300 4318 1355 4372 3.
1408 4317 1802 4388 Complutensis
1838 4315 1956 4388 edi-

2072 3754 2144 3809 lbi
2177 3755 2319 3810 enim
2347 3755 2498 3823 prius
2539 3752 2653 3809 haec
2681 3753 2944 3824 dictavit:
2983 3773 3002 3807 ι
3044 3753 3111 3808 Ει
3148 3754 3421 3824 Salvator,
3461 3757 3647 3814 Venie~

2071 3842 2222 3891 mus,
2267 3822 2465 3895 inquit,
2505 3841 2598 3893 ego
2625 3834 2675 3878 et
2716 3822 2882 3896 Pater
2917 3822 3549 3896 (hauddubinm,quin
3579 3830 3649 3890 ad

2069 3910 2192 3949 eum
2218 3935 2233 3958 ,
2281 3894 2373 3964 qui
2406 3907 2673 3966 praecepta
2706 3895 2833 3967 ejus
2845 3894 3177 3967 servaverit)
3202 3936 3218 3960 ,
3246 3907 3297 3950 et
3322 3894 3650 3954 mansionem

2068 3967 2210 4031 apud
2244 3981 2366 4019 eum
2409 3965 2691 4035 faciemus.
2736 3983 2755 4016 ι
2792 3965 2928 4020 Tum
2962 3965 3117 4034 quasi
3158 3965 3288 4020 eum
3321 3971 3645 4035 paeniteret,

2071 4038 2214 4109 qum!
2265 4037 2428 4091 verba
2472 4037 2583 4104 ipsa
2630 4038 2924 4109 sermonis,
2955 4037 3128 4109 id_est
3167 4044 3346 4094 textus
3376 4040 3467 4109 (id
3501 4040 3648 4096 enim

2068 4106 2213 4161 valet
2242 4122 2354 4188 non
2375 4121 2499 4188 raro
2524 4120 2626 4188 vox
2655 4106 3309 4188 λόγοςέιῃιιιιῆῡιιῌιιιιιιω,
3333 4106 3396 4162 ιιι
3414 4109 3649 4188 vidimus

2067 4189 2236 4245 segm.
2284 4175 2356 4230 22
2398 4178 2447 4243 li,
2498 4186 2553 4230 et
2602 4182 2741 4246 apud
2786 4174 2923 4231 alius
2973 4174 3238 4245 Patres),
3291 4179 3407 4232 haec
3460 4187 3646 4235 statim

2061 4245 2377 4314 subjunxit:
2417 4267 2435 4299 ι
2478 4245 2649 4302 Porro
2693 4249 2771 4302 sic
2817 4262 3000 4301 sermo
3048 4246 3148 4299 iste
3191 4248 3539 4302 contexitur:
3584 4248 3646 4304 Si

2064 4321 2178 4382 quis
2199 4317 2371 4389 diligit
2400 4334 2547 4372 me...
2582 4314 2743 4371 Pater
2770 4333 2913 4372 meus
2943 4316 3125 4385 diliget
3160 4331 3302 4379 eum,
3328 4327 3377 4371 et
3411 4319 3482 4371 ad
3519 4335 3641 4374 eum

381 4365 469 4442 tio‘
493 4365 574 4440 sic
602 4388 776 4450 habet,
806 4399 861 4439 nt
900 4365 1197 4456 Didymiis:
1215 4388 1495 4442 Nonnulla:
1543 4365 1671 4441 lalia:
1703 4403 1801 4457 pro
1843 4386 1957 4440 Κύ-
1988 4365 2033 4421 Ῑ)
2063 4365 2340 4453 ὖεηίρηιιιῗ,
2377 4408 2395 4440 ι
2434 4399 2488 4441 et
2511 4389 2736 4457 reliqua.

385 4474 502 4526 ριος
554 4458 766 4520 habent,
793 4458 1091 4530 6-826;,_et
1115 4473 1212 4527 pro
1256 4460 1306 4512 el
1362 4461 1468 4530 μήν
1498 4456 1714 4530 habent,
1748 4456 1780 4530 ἢ
1814 4460 1943 4527 μήν.

384 4530 487 4592 Qui
517 4537 674 4580 notas
718 4530 963 4597 apposuit
994 4528 1435 4584 Francoinrtensi
1475 4529 1718 4593 editioni,
1756 4529 1953 4582 lectio-

386 4611 532 4655 nem,
562 4599 610 4648 el
650 4598 772 4667 μήν,
809 4600 1115 4654 mendosam
1152 4601 1327 4655 dixit:
1370 4615 1476 4653 non
1512 4600 1954 4652 animadvertetis

386 4670 629 4787 [ﬁnqsse’
659 4669 1022 4745 bebraismum
1067 4672 1155 4724 hic
1196 4671 1400 4734 latere,
1441 4683 1506 4723 ac
1544 4668 1782 4739 jurantis
1831 4682 1953 4723 esse

387 4752 402 4787 Ι
445 4755 495 4787 ιι(
523 4776 540 4787 .
582 4753 652 4787 ε..
689 4750 798 4787 aut-
827 4754 893 4787 5:.

386 4738 540 4798 illud,
582 4738 652 4801 εξ,
689 4750 798 4802 aut,
827 4742 893 4790 si.

456 4807 571 4876 (Π)
607 4806 747 4874 Ipse.
810 4807 853 4862 ll
913 4807 1108 4864 Thess.
1148 4825 1208 4875 ιι,
1262 4810 1329 4866 16
1402 4818 1457 4862 et
1532 4807 1620 4860 17.
1689 4804 1953 4876 Nonnulla

385 4875 705 4951 mnittnntur
763 4879 1100 4951 intermedia.
1161 4880 1264 4935 Pro
1328 4878 1702 4951 παρακαλέσει
1768 4875 1955 4951 (ξι-διεδ

388 4948 552 5001 editio
575 4949 769 5017 habet,
799 4949 1203 5017 παρακαλέσαι,
1236 4951 1378 5006 sicut
1411 4948 1474 5003 ἐι
1514 4950 1771 5017 Vulgatus
1801 4948 1946 5014 legit.

458 5016 572 5085 (18)
612 5015 832 5071 Paulus.
867 5015 1044 5073 Galal.
1091 5037 1127 5085 ι,
1165 5021 1216 5073 1.
1262 5020 1450 5076 Cra-ca
1499 5015 1667 5073 editio
1718 5026 1774 5071 et
1823 5018 1953 5072 Vul-

388 5101 508 5157 gata
540 5088 1053 5157 translatioihahent
1083 5108 1096 5143 :
1131 5107 1233 5144 non
1269 5091 1335 5143 ab
1362 5090 1684 5144 hominibus.

454 5157 566 5225 (19)
604 5159 789 5228 Antea.
818 5156 999 5228 Segni.
1034 5160 1106 5213 20
1133 5163 1182 5214 ι».

454 5228 569 5299 (20)
637 5226 961 5299 (ἐταιιιι.ίιι
1028 5232 1153 5284 Cor.
1227 5246 1343 5294 xm,
1417 5229 1506 5284 15.
1563 5226 1954 5299 Explicationis

383 5298 557 5353 causa
588 5298 741 5371 addit
789 5298 1047 5371 Didymus
1094 5302 1257 5356 verba
1313 5301 1401 5355 illa
1429 5309 1538 5371 .het
1576 5298 1791 5371 Patris,
1828 5313 1956 5371 (qua:

383 5384 553 5438 segni.
580 5368 652 5425 20
679 5371 710 5419 b
757 5384 862 5422 non
892 5368 1193 5424 addiderat
1225 5389 1238 5423 :
1271 5380 1330 5423 ut
1360 5369 1568 5424 scilicet
1596 5368 1793 5422 clarius
1824 5369 1958 5421 indi-

382 5451 491 5502 cet,
523 5439 855 5509 Deitwtttine
881 5440 1126 5509 seDeum
1150 5440 1365 5493 Patrem
1402 5440 1722 5509 intelligere.

452 5509 565 5580 (21)
619 5508 911 5564 γεηιειιιιιε.
938 5508 1093 5564 Joan.
1127 5526 1236 5575 xw,
1263 5511 1356 5573 23,
1389 5510 1478 5563 ubi
1504 5507 1663 5561 verba
1692 5507 1800 5573 illa,
1832 5523 1947 5576 ego,

380 5588 433 5633 et
458 5580 654 5643 .Pater,
679 5594 784 5631 non
810 5590 1045 5644 exstant,
1077 5581 1170 5634 sed
1200 5599 1228 5632 a
1256 5583 1481 5650 Didyme
1506 5594 1724 5650 sensum
1750 5580 1955 5650 citante

382 5652 470 5705 hic
502 5652 776 5726 adduntur
806 5665 822 5701 :
859 5666 959 5703 nec
994 5665 1068 5726 ea
1092 5651 1143 5704 in
1181 5649 1467 5726 Evangelia
1500 5652 1627 5726 ipse.
1663 5649 1807 5726 legit,
1838 5659 1950 5726 aut,

382 5730 439 5775 ut
466 5722 669 5775 rectius
711 5719 923 5786 Ianuar,
970 5720 1071 5774 sibi
1109 5737 1137 5773 a
1169 5723 1282 5774 suis
1328 5723 1464 5774 lecta
1512 5719 1757 5772 audivit:
1813 5719 1959 5771 sicut

379 5791 668 5848 nuntiesto
708 5799 934 5858 apparet
963 5805 1029 5844 ex
1061 5791 1195 5845 libro
1220 5790 1295 5844 De
1323 5788 1419 5847 Su.
1446 5802 1648 5856 sancto,
1673 5802 1822 5843 num.
1858 5786 1952 5843 24.

665 5910 940 5971 Ρλτιιοι..
987 5906 1105 5971 Gn.
1151 5906 1457 5970 XXXIX.

2007 4610 2013 4617 ‘
2056 4610 2178 4664 post

2131 4457 2243 4529 (22)
2287 4458 2401 4523 Quo
2435 4458 2539 4512 ibo.
2573 4457 2716 4529 Psal.
2755 4472 3020 4526 cxxxvut,
3057 4459 3091 4516 6
3120 4459 3239 4529 (seu
3266 4459 3341 4528 7).

2130 4526 2266 4612 (25)-
2285 4529 2536 4612 Spiritus.
2589 4526 2691 4582 Job
2721 4531 2996 4612 sxa-itu}.
3047 4526 3449 4612 compluteusu
3473 4528 3643 4586 editio

2056 4610 2178 4664 post
2219 4598 2660 4671 Παποκράτορος
2685 4638 2699 4660 ,
2734 4598 2886 4652 addit
2916 4600 3052 4657 ἐστι.
3080 4598 3217 4655 Alia:
3247 4599 3518 4656 editiones
3544 4615 3645 4655 vo-

2054 4668 2231 4790 :iliillqim
2279 4684 2399 4723 eam
2444 4672 2738 4769 omittunt,
2791 4678 2849 4721 ut
2889 4667 3148 4740 Didymus
3193 4682 3307 4725 tum
3356 4669 3476 4738 hic,
3527 4681 3642 4727 tum

2057 4754 2208 4793 aIIDI.
2612 4760 2619 4769 '

2127 4808 2242 4876 (2t)
2281 4807 2595 4863 Divisiones.
2627 4807 2646 4862 Ι
2695 4806 2823 4861 Cor.
2859 4822 2961 4870 xu.
3001 4809 3097 4863 4-6

2127 4878 2239 4949 (25)
2278 4877 2429 4931 Idem
2465 4890 2642 4949 autem
2693 4878 2965 4931 Dominus.
3002 4880 3189 4936 Graeca
3230 4880 3397 4936 editio
3430 4882 3638 4938 habet:

2056 4947 2152 5021 καὶ
2192 4947 2227 5002 ὁ
2260 4948 2424 5011 αὐτὸς
2458 4947 2665 5021 Κύριος
2691 4988 2707 5013 ,
2741 4964 2901 5021 quam
2933 4949 3215 5005 lectionem
3265 4953 3513 5021 sequitur
3550 4953 3643 5008 Di-

2055 5019 2250 5087 dymus
2274 5034 2444 5087 segm.
2475 5020 2548 5072 26
2580 5036 2634 5083 a,
2668 5030 2723 5072 et
2748 5019 2818 5073 94
2840 5020 2890 5082 ὸ,
2924 5030 3008 5083 et,
3040 5030 3099 5074 ut
3139 5019 3375 5085 videtur,
3411 5023 3465 5077 in
3494 5023 3639 5079 libro

2056 5086 2134 5141 De
2169 5086 2375 5157 Spiritu
2407 5099 2609 5149 sancto.
2640 5104 2788 5144 num.
2825 5088 2917 5155 22.,
2955 5105 3076 5144 cum
3105 5090 3177 5144 ibi
3227 5091 3520 5148 Vaticanus
3547 5108 3641 5148 co-

2055 5164 2194 5228 dex.
2225 5173 2290 5213 ac
2321 5170 2527 5222 noster,
2567 5170 2624 5211 et
2665 5158 2832 5213 Vetus
2873 5161 3041 5214 editio
3087 5161 3365 5217 habeant:
3418 5164 3485 5217 Et
3530 5165 3639 5228 ipse

2058 5225 2332 5299 Dominus.
2365 5228 2503 5299 Quin
2530 5230 2693 5281 etiam
2728 5230 2917 5282 vocula
2947 5232 3088 5294 ἐστι,
3115 5246 3235 5299 quae
3260 5248 3382 5288 mox
3413 5225 3634 5287 addiiur

2058 5296 2110 5349 in
2143 5296 2349 5374 Grtncis
2379 5297 2585 5374 Dibliis,
2622 5299 2693 5353 ibi
2726 5299 2977 5354 similiter
3005 5296 3275 5358 Otuittitur
3302 5318 3333 5358 a
3378 5301 3630 5374 Didymo,

2058 5376 2116 5420 ut
2159 5369 2258 5421 hoc
2298 5368 2352 5421 in
2389 5372 2523 5423 loco.

2130 5438 2241 5513 (26)
2285 5436 2425 5513 Quin
2448 5455 2540 5513 eas
2556 5441 2843 5513 nominent.
2892 5438 2998 5494 Pro
3026 5440 3329 5513 ἁνωνύμως
3353 5441 3636 5512 legendum

2056 5506 2322 5580 SIISpieor,
2362 5506 2669 5580 apwvtipw;
2693 5550 2708 5571 ,
2739 5510 2790 5562 id
2818 5519 2924 5573 est,
2948 5513 3208 5580 ambigue.

2128 5578 2241 5647 (27)
2287 5578 2453 5633 Dixit.
2498 5579 2725 5632 Zachar.
2760 5595 2842 5643 ιιι,
2869 5580 2926 5634 2.
2959 5578 3146 5635 Grznca
3167 5581 3333 5636 editio
3364 5594 3460 5650 pro
3513 5581 3638 5641 im-

2055 5651 2489 5720 ‘ttpnaethahet,
2522 5649 2868 5720 ἐπιτιμῆσαι,
2905 5651 3007 5704 hoc
3039 5662 3123 5704 est
3151 5649 3398 5719 increpet.

2136 5716 2248 5790 (28)
2281 5718 2552 5789 Superius.
2588 5716 2747 5775 Initio
2776 5722 2934 5791 hujus
2957 5722 3172 5792 capitis,
3206 5716 3323 5777 sive
3343 5733 3514 5791 segm.
3547 5716 3637 5783 19.

3256 5906 3329 5974 12
