4082 6396
489 396 591 453 567

1794 399 1950 455 DIDY
1962 399 2034 454 Ml
2070 398 2539 457 ALEXANDRINI

3624 414 3717 469 568

484 517 554 571 Et
582 512 843 571 Jeremias
873 512 1123 569 similiter
1157 530 1171 567 :
1201 511 1267 567 Et
1290 529 1392 567 non
1423 512 1534 585 (55)
1564 512 1773 568 dixistis
1801 513 2021 585 (inquit)

2176 513 2480 587 Ἐϐραίους,
2513 517 2543 570 ὁ
2572 516 2671 587 μὲν
2698 515 2939 582 Montio-ii;
2964 516 3166 590 Κύριον
3201 519 3349 591 λέγει
3393 524 3451 577 ὲν
3492 525 3567 596 τῷ
3600 529 3721 581 Aeo—

484 608 585 663 L‘bi
619 617 692 662 est
725 606 1007 670 Dominus,
1044 607 1134 675 qui
1175 605 1377 659 reduxit
1405 620 1498 657 nos
1530 603 1595 658 de
1629 616 1771 658 terra
1809 603 2059 675 .Egypti,

480 703 572 771 qui
612 699 829 754 deduxit
859 714 951 752 nos
969 697 1024 750 in
1058 697 1261 749 deserto
1292 698 1317 751 7
1349 696 1515 750 Isaias
1565 705 1743 751 autem
1786 710 1819 749 a
1858 695 2059 763 Spiritu

482 804 672 848 sancto
703 789 960 845 deductos
993 788 1161 842 fuisse
1203 787 1335 842 dicit
1365 805 1379 839 :
1411 788 1490 841 ait
1527 787 1672 841 enim
1706 805 1722 841 :
1748 786 1912 840 Duxit
1944 786 2059 859 (54)

482 900 569 937 eos
593 897 686 951 per
715 881 958 949 abyssum
977 920 991 942 ,
1030 879 1163 931 sicut
1204 894 1388 945 equum
1413 892 1504 945 per
1541 877 1802 931 desertum
1824 917 1838 939 ,
1869 886 1919 931 et
1955 864 2058 931 non

482 976 883 1037 laboraverunt;
911 981 961 1025 et
1003 972 1135 1025 sicut
1167 970 1410 1039 jumentu
1455 985 1547 1039 per
1600 969 1871 1037 planitiem
1911 982 1930 1021 :
1967 970 2060 1022 de-

481 1067 684 1121 scendit
726 1064 951 1133 Spiritus
985 1081 1017 1118 ο
1047 1062 1271 1117 Domino
1292 1101 1306 1124 ,
1340 1071 1386 1115 et
1426 1062 1644 1115 deduxit
1682 1061 1823 1115 illos.
1854 1060 2057 1115 Paulus

481 1166 662 1212 autem
724 1157 854 1225 ipsis
898 1157 1089 1210 durem
1149 1156 1248 1209 via:
1305 1153 1583 1208 Christum
1635 1153 1802 1209 fuisse
1850 1154 2051 1208 docet:

478 1249 732 1304 Bibebant
760 1247 872 1318 (55)
895 1248 1053 1311 enim,
1084 1247 1278 1316 inquit,
1309 1249 1374 1299 de
1405 1245 1671 1313 spirituali
1692 1252 1936 1315 sequente
1967 1262 2056 1308 pe-

479 1352 600 1406 tra;
627 1350 773 1410 petra
814 1350 987 1392 autem
1019 1348 1131 1392 erat
1177 1338 1437 1392 Christus.
1469 1337 1566 1392 Cui
1612 1352 1850 1392 consona
1889 1338 2053 1392 etiam

476 1429 646 1490 Judas
674 1434 727 1485 in
752 1430 1039 1494 catholica,
1066 1430 1166 1483 hoc
1195 1439 1277 1485 est
1303 1427 1596 1484 universali
1614 1468 1630 1491 ,
1648 1427 1889 1495 Epistola
1920 1430 2055 1482 scri-

460 1526 557 1584 bit
588 1543 602 1580 :
645 1522 749 1589 Qui
780 1524 892 1592 (56)
926 1522 1065 1574 enim
1117 1520 1370 1574 Dominus
1417 1518 1575 1573 Jesus
1613 1518 1769 1571 semel
1804 1518 2053 1585 populum

448 1615 789 1685 .ex/Egypto
828 1614 1083 1677 salvarit,
1131 1613 1356 1666 secundo
1400 1627 1522 1676 eos,
1556 1612 1645 1680 qui
1672 1627 1775 1663 non
1817 1611 2054 1663 credide-

476 1716 598 1761 runt
637 1706 771 1775 ipsi,
810 1705 1061 1773 perdidit.
1098 1703 1293 1757 Eorum
1319 1702 1432 1772 (57)
1480 1717 1611 1770 ergo
1661 1711 1919 1766 conatus,
1958 1701 2049 1771 qui

475 1797 803 1852 adorabilem
833 1795 1061 1857 Filium,
1102 1804 1158 1848 et
1182 1795 1421 1848 divinum
1454 1792 1716 1861 Spiritum
1747 1795 1899 1848 aiunt
1925 1808 2049 1848 esse

473 1898 776 1946 creaturam
802 1929 817 1955 ,
856 1888 1067 1941 duobus
1110 1886 1200 1940 hic
1236 1885 1409 1938 modis
1448 1874 1711 1940 evertitur
1751 1903 1765 1937 :
1811 1885 2046 1954 primum

472 1982 678 2037 scilicet
704 1996 770 2036 es
801 1994 887 2044 eo,
910 1979 1053 2050 quod
1080 1980 1146 2032 de
1172 1987 1404 2046 utraque
1432 1991 1661 2045 persona
1688 1976 1742 2030 in
1766 1974 2046 2046 Scriptura

470 2074 613 2129 dicta
646 2073 783 2138 sint,
817 2086 939 2141 qua:
966 2084 1127 2124 unam
1176 2070 1438 2123 inﬁnitam
1473 2079 1721 2122 naturam
1755 2068 2045 2131 denotant;

470 2165 665 2220 deinde
696 2178 763 2219 ex
794 2177 898 2227 eo,
927 2161 1071 2231 quod
1120 2160 1353 2214 addatur
1397 2176 1412 2213 :
1456 2157 1580 2212 Non
1622 2166 1732 2211 erat
1775 2173 1894 2211 cum
1940 2157 2045 2210 illis

475 2258 613 2312 Deus
641 2256 875 2321 alienus,
907 2255 961 2308 id
995 2263 1080 2308 est
1114 2252 1439 2306 heterousius
1461 2291 1477 2315 ,
1514 2251 1629 2305 sive
1665 2250 1887 2304 alterius
1922 2249 2047 2303 sub-

470 2350 703 2406 stantiae.
750 2347 950 2403 Eadem
1000 2349 1212 2401 ratlone
1254 2343 1465 2416 Moyses
1506 2344 1721 2412 quidem
1760 2343 1836 2396 ait
1870 2356 1886 2396 :
1922 2342 2046 2397 Non

468 2444 566 2496 erit
590 2441 701 2513 (58)
726 2456 870 2508 pars,
905 2454 1065 2508 neque
1098 2453 1214 2490 sors
1252 2436 1441 2490 Levitis
1483 2437 1538 2489 in
1568 2447 1708 2490 terra
1743 2450 1761 2488 :
1791 2433 2045 2488 Dominus

469 2535 578 2603 ipse
606 2544 677 2587 est
698 2549 820 2600 pars
843 2546 1044 2585 eorum.
1064 2529 1128 2583 Et
1149 2527 1413 2583 Jeremias
1448 2545 1460 2580 :
1484 2528 1586 2593 Qui
1611 2527 1852 2595 formavit
1871 2526 2009 2597 (59)
2028 2568 2042 2589 .

483 2626 701 2695 inquit,
743 2624 955 2689 omnia,
1000 2624 1111 2690 ipse
1154 2630 1227 2674 est
1283 2620 1562 2673 Iuvreditas
1609 2617 1773 2672 Iacob
1804 2634 1822 2672 :
1853 2618 2043 2672 Domi-

469 2733 567 2770 nus
599 2731 783 2768 nomen
810 2713 918 2767 illi.
953 2713 1030 2767 Ac
1063 2711 1230 2765 David
1285 2711 1338 2765 in
1388 2726 1454 2763 sv
1502 2709 1708 2780 psalmo
1740 2728 1753 2763 :
1790 2709 2043 2764 Dominus

470 2807 581 2880 (60)
625 2824 745 2876 pars
789 2805 1114 2860 lia'reditatis
1151 2819 1313 2868 ntere,
1353 2811 1401 2855 et
1438 2803 1618 2855 calicis
1650 2801 1773 2855 mei.
1815 2802 1883 2856 At
1914 2816 2045 2854 vero

467 2899 669 2953 Paulus
702 2896 960 2967 Spiritum
989 2905 1234 2949 sanctum
1272 2894 1638 2947 haereditatcm
1684 2908 1805 2947 esse
1854 2894 2044 2948 scribit

468 2989 714 3061 Ephesiis
748 3006 762 3041 :
791 2985 857 3039 In
878 3002 979 3055 quo
1013 2983 1161 3055 (6i),
1200 2983 1388 3052 inquit,
1425 2983 1689 3036 credentes
1719 2983 1913 3051 signati
1951 3000 2045 3037 su-

466 3100 584 3138 mus
617 3081 817 3150 Spiritu
837 3078 1196 3148 promissionis
1218 3076 1527 3146 sancto,qni
1549 3086 1626 3129 est
1658 3075 1847 3145 pignus
1877 3076 2046 3130 luere-

2162 608 2460 678 τερονομίῳ
2482 625 2495 638 ·
2522 610 2736 676 Κύριος
2760 609 2888 681 γὰρ,
2915 612 3101 680 φησὶν,
3126 614 3314 680 μόνος
3332 610 3469 684 ἦγεν
3489 618 3720 686 αὐτοὺς,

2169 700 2270 755 καὶ
2302 703 2413 754 οὐκ
2444 696 2523 770 ἦν
2534 701 2669 770 μετ’
2697 701 2896 755 αὐτῶν
2915 702 3050 768 θεὸς
3077 704 3411 772 ἀλλότριος.
3444 709 3553 761 Καὶ
3575 711 3604 762 ὁ
3636 710 3725 762 Ίε-

2160 793 2358 862 ρεμίας
2382 792 2643 857 ὡσαύτως
2661 810 2674 823 ·
2701 793 2809 848 Καὶ
2830 796 2939 848 οὐκ
2969 794 3193 862 εἴπατε,
3213 797 3376 868 φησίν
3391 815 3405 828 ·
3428 799 3551 853 Ποῦ
3564 799 3725 854 ἐστιν

2158 881 2378 950 Κύριος
2424 887 2456 938 ό
2510 883 2829 955 ἀναγαγὼν
2886 882 3043 953 ὑμᾶς
3092 887 3160 940 ἐκ
3190 886 3300 957 γῆς
3349 890 3663 958 Αἰγύπτου,
3694 894 3725 945 ό

2158 975 2581 1044 καθοδηγήσας
2602 975 2758 1046 ὑμᾶς
2779 978 2851 1030 ἐν
2870 976 2945 1046 τῇ
2966 978 3162 1048 ἐρήμῳ
3189 995 3208 1043 ;
3247 980 3304 1033 'O
3318 980 3375 1034 δέ
3397 998 3460 1050 γε
3486 982 3722 1046 Ἡσαΐας,

2157 1066 2219 1120 τὸ
2258 1069 2410 1136 ἆγιον
2445 1068 2671 1139 Πνεῦμα
2714 1069 3056 1139 ὡδηγηκέναι
3102 1071 3249 1138 λέγει
3274 1089 3288 1101 ⁸
3344 1072 3552 1142 Ἠγαγε
3598 1074 3721 1146 γὰρ,

2158 1160 2341 1231 φησὶν,
2375 1161 2597 1226 αὐτοὺς
2621 1160 2716 1215 διὰ
2742 1163 3039 1228 ἀϐύσσου,
3071 1164 3151 1229 ὠς
3179 1166 3368 1219 ἵππον
3387 1165 3459 1219 δι’
3489 1164 3722 1235 ἐρήμου,

2155 1251 2253 1304 καὶ
2291 1254 2403 1305 οὐκ
2465 1252 2832 1307 ἐκοπίασαν·
2873 1255 2970 1307 καὶ
3023 1256 3105 1320 ὡς
3131 1255 3321 1324 κτήνη
3363 1256 3463 1309 διὰ
3500 1256 3720 1311 πεδίου.

2155 1343 2385 1410 Κατέϐη
2413 1343 2653 1412 Πνεῦμα
2678 1344 2838 1412 παρὰ
2870 1346 3115 1415 Κυρίου,
3146 1347 3244 1401 καὶ
3283 1347 3599 1418 ὡδήγησεν
3626 1351 3725 1404 αὑ·-

2152 1435 2314 1499 τούς.
2362 1434 2422 1487 ’0
2459 1434 2515 1487 δὲ
2546 1434 2756 1499 Παῦλος
2798 1435 2996 1504 ὁδηγὸν
3018 1437 3200 1491 αὐτῶν
3228 1439 3322 1491 τὸν
3358 1440 3595 1510 Χριστὸν
3631 1457 3718 1509 γε-

2153 1524 2413 1594 γενῆσθαι
2438 1524 2678 1578 διδάσκει
2700 1543 2714 1556 ο
2748 1526 2994 1579 Ἕπινον
3030 1527 3161 1596 γὰρ,
3202 1529 3385 1599 φησὶν,
3431 1528 3501 1582 ἐκ
3556 1543 3723 1585 πνευ-

2152 1614 2406 1683 ματικῆς
2460 1618 2918 1683 ἀκολουθούσης
2953 1616 3204 1686 πέτραςο
3231 1622 3270 1687 ἡ
3300 1620 3368 1673 δὲ
3392 1619 3577 1688 πέτρα
3599 1616 3670 1690 ἦν
3690 1624 3721 1674 ό

2152 1706 2424 1774 Χριστός.
2460 1699 2531 1777 ’ᾫ
2561 1707 2771 1777 συνῳδὰ
2799 1708 2893 1761 καὶ
2931 1708 3130 1772 Ἰούδας
3161 1709 3466 1773 καθολικῶς
3495 1710 3718 1780 γράφει·

2154 1796 2342 1860 ’Λπαξ
2371 1797 2482 1865 γὰρ
2508 1798 2722 1865 Κύριος
2765 1797 2999 1865 Ἰησοῦς
3023 1799 3179 1853 λαὸν
3195 1799 3265 1864 ἐξ
3290 1802 3592 1869 Αἰγύπτου
3615 1802 3722 1854 σὼο

2083 1867 2124 1923 Β
2151 1907 2287 1958 σας,
2314 1891 2596 1960 δεύτερον
2635 1892 2776 1957 τοὺς
2801 1892 2889 1960 μὴ
2943 1867 3389 1958 πιστεύσαντας
3419 1891 3581 1959 αὐτῷ
3616 1894 3719 1947 ἀπ-

2148 1984 2395 2039 ώλεσεν.
2424 1985 2687 2039 Ἐνταῦθα
2711 1982 2805 2040 οὖν
2828 1985 3031 2047 διπλῶς
3063 1985 3361 2056 ἀναιρεῖται
3384 1985 3419 2054 ή
3447 1983 3718 2055 ἐπιχείρη-

2151 2091 2236 2138 σις
2268 2074 2377 2128 τῶν
2430 2074 2696 2142 λεγόντων
2745 2076 2948 2146 κτίσμα
2984 2075 3074 2128 τὸν
3110 2074 3307 2127 σεπτὸν
3343 2075 3473 2127 Υἱὸν
3521 2075 3613 2127 καὶ
3661 2072 3718 2125 τὸ

2149 2166 2328 2221 θεῖκὸν
2361 2167 2605 2238 Πνεῦμα,
2630 2168 2740 2222 ἀπό
2770 2185 2827 2220 τε
2874 2169 2968 2220 τοῦ
3005 2168 3135 2239 περὶ
3181 2166 3453 2237 ἑκατέρας
3494 2165 3716 2219 ὑποστά-

2148 2276 2283 2322 σεως
2313 2258 2806 2330 κεχρησμῳδῆσθαι
2864 2257 2933 2311 τὰ
2958 2259 3058 2329 τὴν
3103 2257 3324 2328 ἄπειροι
3391 2257 3519 2329 μίαν
3564 2257 3715 2322 φύσιν

2147 2352 2650 2422 κατασημαινοντα,
2684 2351 2794 2403 ἀπό
2821 2368 2877 2403 τε
2909 2350 3005 2403 τοῦ
3054 2348 3422 2421 παρακεῖσθαι
3444 2390 3458 2412 ,
3495 2349 3578 2401 ὅτι
3601 2349 3714 2399 Οὐκ

2144 2436 2225 2510 ἦν
2244 2440 2370 2509 μετ’
2405 2439 2603 2493 αὐτῶν
2649 2440 2786 2505 θεὸς
2813 2440 3132 2507 ἀλλότριος
3151 2481 3163 2498 ,
3194 2437 3338 2491 τοῦτ’
3364 2438 3515 2492 ἐστιν
3542 2439 3713 2507 ἐτερο-

2145 2531 2344 2601 οὑσιος.
2381 2532 2484 2584 Τὸν
2534 2532 2647 2585 ἴσον
2695 2532 2895 2602 τρόπον
2960 2530 3201 2600 Μωῦσῆς
3241 2531 3339 2600 μὲν
3370 2530 3559 2598 λέγει·
3600 2530 3712 2581 Οὐκ

2144 2625 2313 2679 ἔσται
2334 2623 2523 2693 μερὶς,
2556 2624 2698 2677 οὐδὲ
2727 2622 2957 2691 κλῆρος
2979 2623 3105 2688 τοῖς
3121 2623 3398 2687 Λευΐταις
3413 2623 3516 2676 ἐπὶ
3546 2620 3634 2693 [26
3658 2618 3710 2691 α]

2143 2716 2254 2787 τῆς
2281 2716 2423 2787 γῆς·
2456 2716 2676 2784 Κύριος
2712 2716 2933 2782 αὐτὸς,
2968 2716 3139 2784 μερὶς
3176 2714 3410 2768 αὐτῶνθ
3455 2713 3711 2785 Ἱερεμίας

2142 2811 2220 2862 δέ·
2264 2810 2325 2862 '0
2348 2808 2613 2874 πλάσας,
2648 2808 2833 2878 φησὶν,
2868 2808 2941 2861 τὰ
2960 2806 3177 2868 πάντα,
3211 2808 3396 2872 αὑτ¹ς
3429 2810 3711 2873 κληρονο-

2137 2903 2248 2971 μία
2271 2901 2376 2955 τοῦ
2410 2898 2621 2954 Ἰακώϐ
2640 2915 2654 2930 ο
2686 2898 2905 2967 Κύριος
2939 2899 3125 2968 ὄνομα
3176 2895 3366 2963 αὐτῷ’
3392 2897 3555 2952 Δαυτδ
3584 2896 3711 2950 δὲέν

2146 2996 2207 3048 ιε’
2240 2993 2475 3066 ψαλμῷσ
2527 2991 2776 3061 Κύριος,
2808 2992 2980 3061 μερὶς
3025 2991 3134 3059 τῆς
3168 2990 3578 3061 κληρονομίας
3600 3004 3710 3057 μου

2145 3085 2376 3141 καὶτοῦ
2400 3084 2691 3153 ποτηρίου
2723 3099 2864 3153 μου.
2901 3083 2958 3136 'O
2995 3083 3051 3136 δέ
3076 3098 3140 3151 γε
3193 3080 3409 3145 Παῦλος
3458 3080 3525 3133 τὸ
3568 3079 3711 3148 ᾶγιον

466 3176 649 3232 ditatis
669 3183 878 3228 nostrae.
903 3169 1164 3225 Similiter
1182 3170 1248 3224 ad
1274 3167 1588 3225 Corinthios
1611 3167 2039 3223 scribitPaulus:

2146 3177 2372 3249 Πνεῦμα
2403 3177 2501 3248 τὴν
2527 3174 2891 3247 κληρονομίαν
2926 3171 3065 3229 εἶναι
3106 3173 3373 3244 Ἐφεσίοις
3395 3172 3706 3227 ἐπιστέλλει·

466 3269 753 3325 Divisiones
773 3264 883 3333 (62)
906 3273 1076 3324 autem
1097 3262 1478 3315 charismatum
1510 3269 1655 3322 sunt,
1700 3261 1838 3314 idem
1863 3269 2041 3313 autem

2158 3271 2260 3326 Ἐν
2281 3263 2350 3337 ᾧ,
2378 3269 2561 3341 φησὶν,
2593 3268 3051 3331 πιστεύσαντες,
3105 3266 3598 3336 ὲσφραγίσθημεν
3638 3262 3711 3328 τῷ

466 3361 696 3431 Spiritus
727 3374 749 3415 :
782 3367 832 3412 et
871 3356 1147 3410 divisiones
1202 3354 1612 3407 ministeriorum
1643 3362 1796 3415 sunt,
1831 3361 1881 3406 et
1896 3353 2042 3413 idem

2146 3365 2443 3429 Πνεύματι
2470 3358 2575 3428 τῆς
2599 3359 2959 3429 ἐπαγγελίας
2985 3357 3065 3423 τῷ
3086 3358 3250 3428 ἁγίῳ,
3282 3358 3315 3410 ὅ
3350 3358 3523 3411 ἐστιν
3544 3357 3712 3426 ἀρῤα·

475 3451 828 3508 Dominus:et
850 3446 1127 3500 divisiones
1165 3443 1527 3511 Operationum
1567 3452 1708 3507 sunt,
1748 3444 1886 3497 idem
1930 3442 2042 3513 (65)

2146 3451 2268 3505 ϐὼν
2320 3452 2431 3519 τῆς
2487 3450 2888 3519 κληρονομίας
2945 3449 3134 3519 ἡμῶν.
3223 3448 3459 3519 Ὁμοίως
3512 3447 3711 3508 Παῦλος

465 3555 637 3599 autem
660 3541 825 3604 Deus,
843 3540 932 3608 qui
960 3547 1206 3606 operatur
1224 3535 1470 3588 omniain
1499 3535 1758 3587 omnibus.
1788 3533 1857 3589 Ut
1886 3551 2042 3604 porro

2146 3544 2453 3616 Κορινθίοις
2520 3544 2750 3615 γράφειν
2812 3540 3138 3610 Διαιρέσεις
3196 3540 3264 3595 δὲ
3337 3538 3711 3611 χαρισμάτων

465 3634 681 3694 deitatis
712 3632 817 3703 ει
844 3632 1176 3684 identitatem
1200 3626 1467 3689 ostendat,
1493 3641 1595 3681 non
1622 3627 1782 3679 modo
1808 3626 2042 3695 Spiritus

2145 3636 2305 3691 εἰσὶν
2333 3675 2348 3699 ,
2415 3635 2483 3689 τὸ
2556 3634 2626 3688 δὲ
2681 3635 2831 3689 αὐτὸ
2897 3635 3175 3703 Πνεῦμα’
3240 3633 3339 3687 καὶ
3397 3631 3709 3700 διαιρέσεις

461 3727 696 3798 primum
722 3721 966 3776 meminit
995 3720 1097 3773 hoc
1118 3719 1171 3771 in
1199 3717 1338 3779 loco,
1371 3716 1567 3770 deinde
1619 3714 1764 3782 Filii,
1797 3731 1862 3771 ac
1893 3729 2040 3784 post-

2145 3724 2459 3781 διακονιῶν
2527 3727 2685 3778 εἰσιν
2707 3764 2723 3789 ,
2782 3724 2880 3778 καὶ
2941 3727 2974 3778 ό
3034 3724 3218 3789 αὐτὸς
3250 3764 3257 3771 .
3285 3723 3502 3791 Κύριος
3529 3739 3543 3753 ·
3613 3720 3707 3774 καὶ

466 3817 681 3873 modum
744 3811 921 3866 Patris
983 3827 996 3863 :
1046 3808 1139 3864 sed
1201 3808 1363 3861 etiam
1398 3806 1489 3861 ille
1526 3807 1683 3876 ipse,
1740 3808 1832 3877 qui
1891 3821 2034 3861 nunc

2145 3816 2463 3887 διαιρέσεις
2514 3813 2932 3886 ἐνεργημάτων
2964 3814 3122 3868 εἰσιν
3145 3852 3160 3875 ,
3188 3816 3222 3867 ό
3263 3812 3334 3866 δὲ
3351 3813 3539 3879 αὐτὸς
3575 3810 3708 3877 Θεὸς

465 3909 650 3971 dixit,
693 3904 862 3959 Deum
903 3901 1079 3955 omnia
1125 3899 1355 3969 operari,
1413 3908 1536 3967 post
1590 3912 1759 3967 pauca
1814 3900 2033 3955 subdit:

2145 3913 2176 3964 ὁ
2214 3907 2473 3978 ἐνεργῶν
2521 3909 2596 3962 τὰ
2639 3906 2836 3961 πάντα
2880 3908 2951 3961 ἐν
2978 3906 3185 3962 πᾶσιν.
3237 3908 3468 3971 Δεικνὺς
3513 3906 3570 3961 δὲ
3612 3904 3706 3974 τὴν

467 3999 597 4054 Ha'c
619 4007 791 4053 autem
816 3993 925 4066 (64)
949 3993 1125 4046 omnia
1146 3999 1394 4059 operatur
1416 4006 1553 4043 unus
1595 3999 1644 4045 et
1686 3991 1828 4045 idem
1857 3992 2037 4061 Spiri-

2145 3998 2438 4068 ταυτότητα
2482 3996 2583 4067 τῆς
2609 3995 2879 4066 θεότητος,
2914 3996 2973 4049 οὐ
3016 3996 3176 4066 μόνον
3214 3994 3452 4050 ἐνταῦθα
3499 3992 3703 4066 πρώτου

462 4102 547 4146 tus
597 4089 831 4143 dividens
879 4099 1111 4140 seorsum
1153 4082 1448 4152 unicuique,
1481 4082 1613 4136 sicut
1638 4082 1745 4136 vult
1775 4099 1794 4137 :
1835 4086 2010 4141 mani-

2145 4087 2505 4159 ἐπιμέμνηται
2552 4085 2646 4139 τοῦ
2695 4084 3042 4156 Πνεύματος,
3104 4081 3223 4141 εἶτα
3266 4086 3361 4140 τοῦ
3415 4085 3578 4149 Υἱοῦ,
3619 4084 3704 4137 καὶ

465 4182 621 4248 feste,
653 4191 708 4235 et
742 4192 1000 4249 expresse
1028 4173 1340 4239 ostendens,
1378 4173 1640 4243 Spiritum
1687 4189 1807 4229 esse
1873 4178 2035 4233 simul

2145 4177 2283 4232 οὕτω
2305 4177 2401 4231 τοῦ
2435 4176 2679 4248 Πατρός·
2721 4175 2856 4230 ἀλλὰ
2884 4176 2978 4228 καὶ
3022 4178 3050 4230 ὁ
3081 4175 3174 4231 νῦν
3206 4175 3444 4250 εἰρηκὼς
3465 4176 3555 4229 τὸν
3581 4173 3702 4228 Θεὸν

462 4286 517 4330 et
543 4275 706 4329 Deum
748 4272 919 4338 Patri,
977 4284 1040 4323 ac
1066 4265 1205 4321 Filio
1234 4265 1774 4329 consubstantialem,
1833 4276 1888 4322 et
1935 4286 2032 4325 sua

2145 4269 2209 4323 τὰ
2256 4268 2433 4322 πάντα
2474 4267 2735 4338 ἐνεργεῖν,
2782 4269 2898 4336 μετ’
2926 4266 3103 4335 ὀλίγον
3149 4268 3344 4336 ἐπάγει
3365 4284 3379 4297 ·
3415 4267 3602 4322 Ταῦτα
3639 4262 3701 4316 δὲ

462 4365 743 4434 praeditum
792 4360 1118 4415 auctoritate
1147 4399 1163 4423 ,
1205 4372 1269 4411 ac
1304 4366 1589 4427 potestate.
1657 4354 1797 4423 Quin
1833 4361 2035 4416 audire

2145 4360 2336 4416 πάντα
2387 4359 2616 4429 ἐνεργεῖ
2655 4359 2724 4413 τὸ
2754 4359 2823 4414 ἓν
2851 4360 2949 4414 καὶ
2980 4360 3046 4413 τὸ
3088 4360 3235 4414 αὐτὸ
3263 4360 3527 4431 Πνεῦμα,
3562 4358 3703 4412 διαι-

462 4457 627 4512 etiam
658 4456 786 4510 licet
813 4455 976 4508 Deum
1034 4467 1099 4507 ac
1130 4450 1347 4505 Patrem
1398 4450 1450 4503 in
1508 4448 1643 4504 Isaia
1691 4451 1962 4506 dicentem
2016 4472 2031 4509 :

464 4548 531 4603 Et
582 4549 802 4621 gloriam
862 4547 976 4619 (65)
1025 4561 1197 4600 meam
1247 4543 1402 4597 alteri
1427 4557 1530 4595 non
1551 4541 1731 4596 dabo:
1761 4552 1816 4598 et
1857 4540 2027 4598 Joan-

2129 4453 2286 4522 ροῦν
2320 4451 2441 4521 ἰδίᾳ
2487 4450 2741 4519 ἑκάστῳ,
2786 4450 2979 4517 καθὼς
3012 4452 3332 4515 ,ϐούλεταιο
3389 4450 3570 4521 σαφῶς
3610 4446 3697 4500 καὶ

2134 4544 2432 4616 διαρρήδην
2484 4543 2615 4597 αὐτὸ
2665 4542 2798 4597 Θεὸν
2843 4542 3124 4614 ὀμοούσιον
3166 4542 3244 4614 τῷ
3288 4544 3465 4614 Πατρὶ
3502 4542 3592 4597 καὶ
3627 4538 3699 4610 τῷ

534 4727 648 4798 (55)
691 4727 758 4781 Et
799 4741 936 4798 non.)
962 4722 1161 4798 Jerem.
1217 4738 1284 4798 ιι,
1317 4721 1369 4777 6.
1408 4719 1843 4798 Grmca_editio:
1875 4719 2037 4779 εἶπαν

2145 4721 2403 4798 plutensis
2425 4722 2598 4798 editio
2637 4723 2799 4798 habet
2833 4741 2848 4777 :
2880 4723 2994 4798 ῼὺιι
3015 4722 3165 4798 ἔσται
3184 4726 3314 4798 τοῖς,
3334 4723 3582 4798 [leuitate
3611 4737 3698 4791 με·

463 4791 569 4871 pro_
593 4791 823 4871 sititane,
838 4807 891 4850 et
916 4796 1061 4871 ῄμᾶς
1090 4794 1385 4871 utrobique
1400 4807 1499 4871 pro
1508 4791 1681 4871 ¹ὑμᾶς.

532 4869 644 4938 (54)
688 4861 866 4938 Duxit.
916 4861 1020 4938 l'sa_.
1050 4879 1212 4938 tam,
1242 4864 1329 4938 15,
1366 4864 1452 4916 14.
1483 4861 1628 4917 Edit.
1651 4864 1750 4934 τῆς
1770 4862 2029 4920 ἀϐύσσου.

687 4936 963 5010 Dicebant.
996 4934 1013 4987 l
1042 4933 1168 4986 Cor.
1208 4949 1264 5010 ξ,
1293 4934 1346 5010 4Σ

536 4942 626 5010 (55
687 4942 963 4990 Bibebant.
996 4942 1013 4987 l
1042 4942 1168 4986 Cor.
1208 4949 1264 4994 χ,
1293 4942 1346 4985 4.

536 4942 650 5078 (56)
694 5007 818 5078 Qui.
851 5005 1001 5078 ludas
1036 5019 1176 5078 vers.
1324 4999 1508 5078 Graeca
1534 5003 1717 5078 editio
1759 5020 1800 5078 :_
1824 5003 2033 5078 εἰδότας

462 5072 607 5149 ὑμᾶς
631 5072 796 5149 ’ἅπαξ
831 5074 1013 5149 τοῦτο,
1042 5072 1124 5124 ὅτι
1155 5074 1184 5124 ὁ
1212 5072 1417 5149 Κύριος
1448 5072 1590 5149 ’λαὸν
1627 5075 1692 5125 ἐκ
1736 5074 1838 5149 γῇς
1860 5076 2032 5149 *Αἱγύο

462 5141 668 5205 πιεούοο·
715 5141 789 5217 μὴ
827 5142 1221 5217 πιστεύφαντας
1252 5141 1405 5217 μῦτῷ
1437 5142 1737 5217 ἀπώλεσεν.
1778 5141 2032 5214 angatus

463 5222 564 5275 int.
589 5211 1012 5284 pro,'D'ominus,
1033 5215 1211 5272 habet.
1234 5211 1409 5265 .Iesus.
1441 5215 1697 5284 Didymus
1720 5211 2027 5283 utrumque.

531 5282 647 5360 (57)
694 5285 893 5360 Eorum
914 5321 929 5346 ,
965 5294 1070 5360 etc.
1120 5284 1461 5360 Anoinmos,
1494 5283 1608 5336 sive
1656 5282 2021 5360 Eunomianos

461 5352 802 5426 poiissimum
864 5352 1127 5420 designat.
1179 5352 1531 5426 Macedonius
1575 5355 1774 5426 enim,
1833 5364 1891 5407 ut
1947 5357 2023 5409 ait

461 5420 621 5481 etiam
668 5427 925 5494 Didymus
958 5436 1127 5494 segni.
1172 5422 1239 5475 l8
1269 5423 1318 5486 ὁ,
1352 5422 1525 5475 solum
1573 5420 1834 5489 Spiritum
1869 5439 2019 5494 Asan-

2138 4792 2788 4873 p};_xai.ulﬁpog_r:a_p3¢_
2816 4796 2941 4873 soi;
2973 4794 3232 4873 ἀδελφοῖς
3258 4794 3467 4873 αῦτῷνς
3505 4792 3697 4873 Κύριος

2133 4862 2296 4925 αὐτὸς
2329 4862 2530 4934 κλῆρος
2557 4862 2743 4917 αὐτοῦ.
2772 4864 2827 4915 ld
2851 4875 2969 4917 est:
3005 4864 3127 4916 Non
3155 4866 3252 4916 erit
3292 4863 3478 4917 Levitis
3505 4879 3623 4930 pars
3650 4868 3694 4934 et

2130 4934 2387 4999 possessio
2421 4929 2577 4999 apud
2608 4935 2798 5000 fratres
2831 4949 2974 4986 suos.
3009 4934 3262 4987 Dominus
3301 4936 3410 5002 ipse
3444 4929 3692 5002 possessio

2129 5003 2264 5070 ejus.
2293 5004 2425 5055 Aliae
2454 5005 2717 5057 editiones
2745 5005 2920 5056 aliter.

2202 5069 2314 5142 (59)
2359 5071 2460 5142 Qui
2513 5072 2784 5140 formavit.
2843 5072 3094 5142 Bis_li:ec
3145 5073 3365 5140 scripsit
3410 5069 3686 5142 Jeremias.

2128 5134 2250 5213 cap.
2283 5134 2333 5200 it.
2367 5134 2421 5213 5,
2450 5134 2523 5213 et:
2538 5158 2658 5212 cap.
2694 5159 2768 5210 ιι,
2798 5143 2885 5196 l9.
2921 5140 3215 5212 Utrobique
3248 5134 3344 5213 pro
3372 5140 3464 5194 τοῦ
3507 5134 3690 5192 Ἰακώὸ

2128 5210 2325 5281 legitur
2352 5210 2542 5268 αὑτοῦ.

2199 5283 2312 5351 (60)
2356 5283 2634 5351 Dominus.
2668 5281 2810 5335 Psal.
2843 5298 2931 5346 xv,
2960 5282 3013 5337 5.

2201 5347 2311 5421 (6|)
2350 5350 2420 5421 In
2470 5368 2593 5418 quo.
2648 5353 2843 5419 Eplies.
2904 5370 2943 5415 ι,
2995 5352 3082 5418 15,
3120 5352 3210 5407 14.
3262 5350 3447 5407 Graeca
3476 5347 3688 5421 editio_:

2128 5416 2554 5492 ἐσφραγίσθητε,
2583 5424 2634 5475 id
2662 5416 2738 5477 est
2767 5424 2959 5491 signati
2981 5416 3129 5492 estis.
3162 5424 3227 5475 Et
3249 5426 3407 5489 paulo
3438 5428 3553 5488 post
3580 5434 3593 5468 :
3626 5416 3679 5476 ὃς

456 5511 625 5559 ctum,
653 5491 989 5550 non'Filium
1026 5493 1232 5546 volebat
1262 5506 1384 5545 esse
1408 5502 1733 5546 creaturam.
1781 5492 1920 5558 Quin
1950 5495 2018 5547 de
2122 5491 2290 5545 ἐστιν.
2322 5491 2507 5559 Segni.
2542 5493 2611 5547 56
2636 5510 2689 5552 a.
2717 5503 2772 5545 et
2802 5497 2852 5545 in
2880 5493 2972 5546 lib.
3004 5493 3077 5545 De
3104 5491 3304 5560 Spiritu
3332 5505 3527 5551 sancta,
3547 5500 3682 5541 nutu.

460 5562 1433 5631 Mat-edontanisquoqueiAugustinus
1447 5562 1505 5631 in
1535 5561 1672 5614 libro
1700 5561 1773 5615 De
1797 5563 2018 5615 luci-esi-

460 5637 576 5697 bus,
607 5640 792 5690 haeresi
814 5629 903 5695 52,
937 5634 1011 5685 ait
1039 5648 1051 5684 :
1080 5630 1155 5684 De
1182 5634 1337 5683 l’atre
1366 5642 1413 5683 et
1436 5629 1575 5683 Filio
1594 5639 1729 5684 recte
1761 5633 2015 5697 sentiunt,

457 5706 773 5775 quodiunius
801 5708 902 5758 sint
931 5703 1263 5775 eiusdemque
1287 5701 1595 5775 substantiae
1620 5703 1725 5753 sive
1756 5703 2011 5775 essentia.

532 5774 643 5843 (58)
686 5772 810 5827 Non
839 5777 960 5826 erit.
1027 5772 1178 5825 Dent.
1218 5786 1271 5829 Χ,
1314 5771 1385 5843 9,-
1412 5772 1499 5843 ubi
1558 5785 1752 5843 sensus
1796 5772 2011 5843 quidem

458 5839 547 5899 est
587 5844 702 5900 fere
734 5846 896 5911 idem,
943 5843 1038 5899 sed
1079 5844 1239 5896 Verba
1267 5839 1537 5911 paululum
1575 5839 1825 5897 diversa.
1848 5841 2012 5897 Com-

2122 5563 2176 5627 5,
2207 5564 2367 5616 etiam
2399 5562 2652 5632 Didymus
2686 5563 2907 5616 dictavit
2932 5581 2945 5615 :
2975 5566 3166 5632 signati
3197 5564 3345 5617 estis.

2193 5632 2305 5703 (62)
2347 5631 2654 5703 Divisiones.
2692 5632 2860 5686 ICor.
2904 5650 3001 5693 xu,
3035 5631 3153 5686 4-6.

2192 5693 2304 5769 (65)
2345 5703 2512 5757 Idem.
2541 5702 2755 5756 Omittit
2784 5706 3028 5756 voc-uiam
3059 5704 3197 5763 ἐστι,
3232 5713 3289 5756 ιιι
3336 5715 3503 5771 segni.
3531 5693 3597 5750 24
3627 5709 3676 5745 αι

2191 5774 2305 5836 (64)
2342 5770 2467 5825 Ηαιο
2496 5783 2691 5825 autem.
2723 5772 2741 5825 Ι
2772 5772 2898 5826 Cor.
2933 5789 3029 5831 su.
3068 5774 3150 5828 11.

2195 5843 2308 5911 (65)
2345 5841 2409 5894 Et
2439 5842 2681 5909 gloriam.
2720 5842 2916 5897 Vocula
2944 5843 3036 5895 καί
3068 5846 3216 5898 deest
3245 5844 3296 5897 in
3327 5840 3425 5897 Gr.
3449 5850 3533 5895 eo.
