4082 6416
603 390 717 449 53⁵5

1848 384 2090 442 DiDYMi
2128 384 2599 442 ALEXANDRINI

3741 387 3833 444 38$

607 508 685 563 hil
716 520 838 559 eum
870 503 924 558 in
954 504 1243 573 semetipso
1271 502 1497 566 habere,
1525 502 1666 572 quod
1715 503 2041 573 acquisitum
2070 502 2186 557 [ηε-

2302 518 2473 572 μενον,
2501 504 2558 553 ὲν
2588 498 2766 570 ἑαυτῷ
2797 495 2935 552 εἶναι
2954 515 2967 529 ·
2993 496 3203 552 οἴκοθεν
3239 497 3284 550 δ’
3321 496 3618 565 ἐπάγεσθαι
3648 499 3835 567 τάγαθὰ

606 601 700 663 rit,
731 606 823 651 aut
856 596 1001 667 quod
1031 596 1170 650 alter
1207 596 1260 650 in
1306 596 1423 665 ipso
1465 603 1723 664 operatus
1750 595 1841 659 sit,
1877 595 1973 650 sed
2005 597 2185 649 omnia

2290 594 2468 647 πάντα
2502 593 2802 665 παριστῶν,
2833 591 2931 663 τὴν
2968 590 3094 661 μίαν
3122 589 3309 660 θεῖκὴν
3336 591 3576 660 εἰρήνην,
3608 585 3675 661 ἦς
3712 591 3836 661 ὅρων

608 704 670 745 se
721 691 856 743 bona
892 689 958 742 de
999 703 1097 742 suo
1137 687 1356 751 habere,
1404 702 1467 741 ac
1511 700 1696 741 secum
1750 686 1987 750 trahere,
2025 701 2188 739 unam

2302 684 2389 736 26x
2420 682 2565 737 ἔστιν
2590 699 2604 713 ο
2643 682 2771 751 περὶ
2801 677 2870 753 ἧς
2927 681 3153 745 Ἦσαῖας
3198 679 3575 750 διακέκραγεν’
3619 682 3783 748 Κύριε
3814 686 3837 736 ό

610 779 848 836 divinam
876 792 1086 847 pacem,
1124 776 1280 845 cujus
1311 790 1420 831 non
1451 785 1536 829 est
1571 775 1695 829 linis
1722 774 1857 846 (52),
1882 787 1937 830 et
1979 776 2045 829 de
2082 790 2186 843 qua

2293 774 2436 840 Θεὸς
2486 771 2691 842 ἡμῶν,
2727 771 2980 839 εἰρήνην
3011 771 3117 837 δὸς
3156 769 3299 838 ἡμῖν
3324 785 3338 799 ο
3370 768 3569 823 πάντα
3612 770 3717 838 γὰρ
3748 771 3841 825 ἀπ-

610 870 778 925 lsaias
821 869 1031 923 loculus
1071 877 1190 934 est,
1237 883 1358 921 cum
1400 865 1769 921 exclamavit:
1806 865 2025 919 Domine
2077 864 2188 935 (53)

2302 860 2516 927 ἔδωκας
2546 860 2691 930 ἡμῖν
2709 877 2723 891 ’
2760 863 2958 928 Κύριε,
2990 859 3166 924 ἐκτὸς
3190 856 3308 911 σοῦ
3325 856 3520 911 ἄλλον
3551 861 3659 910 οὐκ
3699 858 3843 911 σίδα-

609 962 754 1018 Deus
802 970 994 1021 noster,
1017 974 1195 1027 pacem
1231 960 1299 1011 da
1341 959 1487 1011 nobis
1501 974 1520 1023 ;
1543 959 1717 1011 omnia
1746 959 1881 1011 enim
1916 957 2190 1010 reddidisti

2302 969 2402 1013 μεν
2423 968 2437 983 ·
2487 951 2563 1015 ὡς
2596 949 2765 1005 αὑτοῦ
2794 948 3193 1020 τυγχάνουσαν,
3228 946 3318 1001 διὰ
3368 947 3429 1000 τὸ
3461 947 3729 1000 ἐπίκοινον
3760 948 3843 1017 τῆς

613 1053 761 1105 nobis
786 1066 806 1106 :
838 1050 1076 1113 Domine,
1121 1057 1272 1103 extra
1309 1060 1357 1102 te
1383 1048 1547 1103 alium
1586 1066 1688 1102 non
1725 1049 1961 1103 novimus
1985 1065 2004 1103 :
2028 1050 2188 1114 hanc,

613 1142 854 1213 inquam,
903 1157 1112 1211 pacem,
1175 1151 1361 1211 utpote
1417 1155 1539 1211 quae
1592 1141 1735 1195 illius
1768 1151 1875 1206 est,
1924 1156 1991 1195 eo
2039 1140 2185 1210 quod

612 1249 956 1288 communem
1003 1248 1127 1288 cum
1176 1232 1336 1287 Patre
1387 1242 1637 1285 naturam
1692 1231 1908 1296 habeat,
1940 1241 1994 1285 et
2038 1247 2192 1301 atque

614 1326 876 1382 Dominus
922 1326 1014 1391 sit,
1044 1340 1113 1393 ac
1156 1324 1265 1390 ille,
1298 1323 1516 1393 propria
1570 1324 1898 1377 auctoritate
1940 1323 2189 1394 largitur.

612 1417 703 1470 Ait
732 1415 874 1467 enim
901 1431 914 1467 :
943 1412 1139 1467 Pacem
1173 1413 1288 1484 (54)
1317 1412 1551 1483 relinquo
1585 1412 1747 1476 vobis,
1790 1428 1971 1481 pacem
2023 1428 2193 1465 meam

615 1507 685 1560 do
730 1506 892 1559 vobis.
936 1504 1141 1561 Idcirco
1180 1503 1381 1559 Paulus
1429 1518 1645 1572 quoque
1686 1504 1882 1557 eodem
1922 1502 2082 1556 modo
2113 1503 2194 1556 di-

566 1654 578 1671 .
614 1597 798 1650 vinum
832 1596 945 1666 (55)
976 1598 1077 1652 hoc
1107 1598 1305 1651 donum
1337 1595 1527 1650 ambas
1559 1596 1829 1649 increatas
1878 1597 2195 1667 hypostases

615 1688 737 1742 sine
771 1689 881 1742 ullo
921 1688 1239 1742 discriminc
1278 1688 1697 1742 subministrare
1734 1687 1833 1749 ait,
1866 1701 1988 1740 cum
2018 1687 2104 1740 sic
2128 1688 2191 1740 ad

616 1778 892 1834 Romanos
944 1778 1141 1834 alicubi
1178 1778 1368 1832 scribit
1396 1795 1409 1831 :
1440 1776 1628 1832 Gratia
1663 1777 1773 1847 (56)
1806 1776 1969 1843 vobis,
2001 1788 2049 1831 et
2088 1794 2195 1845 pax

614 1889 649 1925 ιι
679 1871 783 1924 Deo
823 1868 985 1924 Patre
1025 1880 1225 1933 nostro,
1267 1879 1314 1922 et
1363 1868 1586 1922 Domino
1640 1867 1772 1922 Iesu
1817 1867 2044 1923 Christo.
2086 1869 2197 1924 Hoc

618 1975 802 2017 autem
837 1963 1012 2027 ipsum
1048 1962 1121 2015 ita
1158 1976 1216 2015 se
1258 1961 1483 2023 habere,
1529 1960 1846 2026 dignoscere
1885 1961 2040 2015 nobis
2072 1959 2196 2014 licet

615 2054 783 2108 etiam
815 2068 881 2108 ex
923 2052 1029 2107 illis
1058 2052 1239 2106 verbis
1269 2068 1282 2105 :
1311 2050 1508 2105 Omnia
1536 2049 1651 2119 (57)
1684 2065 2008 2120 quacunque
2039 2049 2195 2104 habet

614 2144 806 2211 Pater,
837 2161 954 2199 mea
992 2154 1138 2198 sunt.
1174 2141 1300 2197 Huic
1352 2142 1496 2196 enim
1537 2157 1645 2195 non
1682 2144 1748 2195 de
1784 2152 2053 2205 creatura,
2094 2141 2197 2197 hoc

614 2245 702 2294 est
740 2238 810 2293 de
854 2237 1072 2293 Christo
1101 2245 1159 2289 ut
1198 2236 1438 2298 homine,
1466 2234 1660 2288 inscite
1701 2233 2017 2302 accipienda
2047 2245 2196 2299 sunt,

618 2331 714 2386 sed
746 2330 812 2384 de
834 2329 1014 2385 divina
1040 2328 1324 2398 dignitate,
1354 2327 1398 2380 si
1442 2336 1620 2380 tamen
1658 2325 1976 2395 dignitatem
2010 2327 2061 2379 in
2089 2325 2198 2380 Deo

621 2422 807 2477 dicere
855 2420 937 2475 l’as
974 2431 1077 2474 est.
1120 2420 1261 2474 Deus
1301 2418 1444 2472 enim
1474 2417 1695 2489 (inquit)
1724 2427 1807 2472 est
1844 2418 2196 2473 PaterISum

621 2524 677 2567 et
714 2526 848 2581 ego;
879 2527 998 2567 cum
1033 2511 1202 2566 Filius
1228 2510 1343 2579 ejus
1370 2510 1676 2578 nnigenitus
1699 2510 1823 2573 sim,
1847 2520 1900 2564 et
1925 2524 2103 2576 verus,
2144 2520 2199 2564 et

622 2604 869 2659 dilectus.
908 2603 1167 2657 Dominus
1209 2612 1293 2656 est
1323 2601 1515 2655 Pater?
1538 2600 1669 2655 Sum
1718 2609 1775 2653 et
1817 2614 1916 2669 ego
1957 2601 2198 2653 omnium

621 2693 905 2760 Dominus,
926 2703 983 2747 et
1012 2694 1204 2756 haeres,
1233 2693 1323 2762 qui
1365 2691 1579 2746 vivente
1611 2690 1771 2745 Patre
1798 2691 1850 2744 in
1882 2690 2200 2744 haereditate

623 2780 922 2836 dcininium
950 2795 1180 2835 exerceo
1205 2796 1219 2833 :
1245 2795 1307 2834 ac
1335 2795 1522 2834 eorum
1589 2794 1709 2849 qua:
1739 2792 1858 2833 mea
1895 2779 2062 2848 ipsius
2085 2778 2198 2851 (58)

624 2880 752 2924 sunt
811 2870 982 2924 haeres
1011 2870 1236 2935 exsisto,
1288 2879 1400 2921 tum
1453 2876 1719 2937 quatenus
1761 2867 1999 2936 ipsorum
2038 2867 2203 2921 Crea-

626 2972 731 3023 tor,
768 2970 879 3015 tum
930 2975 1059 3015 vero
1102 2962 1265 3014 etiam
1299 2970 1357 3013 ut
1384 2974 1675 3028 germanus
1706 2957 1915 3014 Filius:
1952 2961 2204 3013 constitu-

624 3063 711 3106 tus
739 3063 918 3105 autem
952 3067 1072 3106 sum
1110 3052 1276 3106 hwres
1305 3051 1447 3123 (59‘),
1506 3061 1565 3105 ut
1606 3052 1937 3105 incarnatus.
1971 3050 2199 3105 Creator

622 3155 678 3197 et
706 3143 820 3197 Rex
850 3152 933 3198 est
959 3141 1152 3197 Pater?
1187 3144 1318 3198 Sum
1358 3158 1459 3213 ego
1496 3157 1711 3212 quoque
1740 3160 1753 3195 :
1779 3143 1889 3196 dixi
1920 3142 2033 3214 (60)
2058 3144 2201 3197 enim

2293 1042 2525 1112 φύσεως.
2568 1042 2662 1095 καὶ
2694 1040 3018 1112 κυριότητος
3056 1039 3270 1092 δίδωσιν
3315 1038 3689 1103 κατεξουσίαν.
3720 1040 3844 1108 Ἔφη

2292 1132 2399 1205 γάρ
2423 1150 2437 1164 ·
2476 1132 2744 1201 Εἰρήνην
2792 1131 3005 1199 ἀφίημι
3051 1129 3215 1199 ὑμῖν,
3251 1127 3505 1196 ειρήνην
3563 1127 3675 1196 τὴν
3712 1128 3846 1197 ἐμὴν

2292 1222 2498 1293 δίδωμι
2525 1223 2686 1293 ὑμῖν.
2722 1224 2811 1276 Διὸ
2840 1223 2938 1293 οὐχ
2979 1222 3181 1291 ἥκιστα
3218 1221 3313 1273 καὶ
3353 1220 3567 1284 Παῦλος
3606 1220 3754 1273 τοῦτο
3797 1221 3847 1273 τὺ

2293 1307 2565 1363 θεόσδοτον
2613 1311 2799 1381 χρῆμα
2847 1310 3015 1380 ἄμφω
3060 1309 3159 1372 τὰς
3203 1309 3507 1378 ἀγενήτους
3548 1309 3845 1372 ὑποστάσεις

2293 1399 2726 1471 ἀπαραλλάκτως
2767 1402 3021 1474 χορηγεῖν
3062 1400 3189 1471 ἔφη,
3238 1400 3533 1470 Ῥωμαίοις
3580 1399 3717 1454 οὕτω
3759 1418 3843 1454 που

2294 1491 2509 1563 γράψας
2528 1509 2540 1521 ·
2576 1491 2757 1561 Χάρις
2787 1492 2930 1562 ὑμῖν
2956 1492 3055 1548 καὶ
3085 1489 3292 1560 εἰρήνη
3318 1491 3440 1545 ἀπὸ
3466 1490 3619 1545 Θεοῦ
3645 1491 3846 1559 Πατρός
3932 1545 3936 1559 ,

2294 1581 2465 1651 ἡμῶν
2497 1583 2595 1636 καὶ
2644 1584 2868 1651 Κυρίου
2904 1584 3101 1651 Ἰησοῦ
3149 1583 3411 1651 Χριστοῦ
3433 1601 3447 1614 ⁸
3496 1582 3774 1652 διάγνωσιν
3803 1582 3847 1634 δὲ

2294 1675 2449 1745 ἡμῖν,
2497 1674 2643 1726 τοῦτ’
2691 1674 2823 1727 αὐτὸ
2871 1673 3045 1737 οὕτως
3096 1672 3263 1744 ἔχειν,
3305 1672 3617 1744 παρέσχετο
3655 1673 3743 1725 καὶ
3780 1672 3847 1735 τὺ,

2297 1763 2501 1819 Πάντα
2525 1763 2644 1819 ὅσα
2679 1764 2806 1834 ἔχει
2846 1767 2880 1818 ό
2905 1764 3129 1833 Πατὴρ,
3167 1763 3282 1834 ἐμά
3314 1765 3511 1819 ἐστιν.
3548 1763 3725 1817 Ταῦτα
3760 1762 3848 1834 γὰρ

2228 1850 2270 1904 Β
2298 1858 2401 1910 οὐκ
2429 1856 2656 1927 ἀμαθῶς
2679 1859 2759 1920 εἰς
2783 1856 2881 1928 τὴν
2911 1856 3110 1921 κτίσιν,
3139 1856 3253 1910 ἀλλ’
3281 1857 3363 1919 εἰς
3390 1856 3495 1926 τὴν
3519 1854 3702 1926 θεῖκὴν
3721 1853 3850 1918 ἀξίαν

2302 1950 2737 2020 ὲκλαμόἀνεται,
2781 1951 2831 2002 ει
2877 1949 3036 2015 ἀξίαν
3077 1949 3171 2002 ἐπὶ
3213 1948 3309 2002 τοῦ
3351 1947 3493 2002 Θεοῦ
3545 1949 3706 2017 φάναι
3744 1948 3847 2019 χρή.

2302 2043 2436 2106 Θεὸς
2475 2042 2621 2112 γάρ,
2668 2043 2856 2112 φησιν,
2892 2042 3038 2094 ἐστὶν
3081 2042 3111 2093 6
3165 2033 3391 2111 Πατήρ;
3430 2041 3553 2111 εἰμὶ
3593 2038 3685 2093 καὶ
3729 2037 3849 2108 ὲγώο

2304 2131 2431 2195 Υἱὸς
2471 2131 2581 2202 γὰρ
2610 2130 2777 2184 αὐτοῦ
2816 2129 3128 2201 μονογενὴς,
3163 2128 3261 2182 καὶ
3294 2128 3555 2199 ἀληθινὸς
3574 2168 3589 2191 ,
3619 2130 3706 2182 καὶ
3734 2129 3850 2196 ἀγα-

2305 2224 2495 2295 πητός.
2529 2222 2737 2294 Κύριός
2766 2223 2912 2274 ἐστιν
2938 2224 2967 2275 6
2997 2221 3223 2292 Πατήρς
3263 2219 3379 2291 εἰμὶ¹
3402 2222 3503 2274 καὶ
3525 2220 3636 2291 ἐγὼ
3667 2221 3851 2275 πάντων

2304 2316 2527 2388 Κύριος,
2557 2316 2650 2369 καὶ
2686 2314 3020 2386 κληρονόμος
3062 2313 3265 2378 ζῶντος
3300 2314 3540 2386 Πατρός,
3559 2316 3653 2386 τῆς
3681 2314 3850 2385 κληρο-

2304 2409 2498 2479 νομίας
2538 2406 2835 2471 δεσπόζων.
2873 2404 3213 2477 κληρονομῶ
3255 2405 3312 2457 δὲ
3337 2404 3407 2457 τά
3434 2404 3695 2476 ἐμαυτοῦ,
3721 2404 3852 2456 τοῦτο

2309 2500 2408 2572 μὲν
2448 2499 2524 2562 ὡς
2571 2499 2801 2569 ποιητὴς
2841 2497 3042 2562 αὐτῶν,
3091 2496 3250 2550 τοῦτο
3291 2497 3349 2550 δὲ
3393 2498 3493 2552 καὶ
3544 2497 3620 2561 ὡς
3665 2496 3851 2567 γνήσιος

2306 2590 2454 2654 Υἱός.
2521 2588 2743 2660 Ἐτὲθην
2785 2589 2843 2642 δὲ
2890 2588 3263 2660 κληρονόμος,
3310 2589 3388 2653 ὡς
3440 2589 3849 2660 ὲνανθρωπήσας.

2306 2681 2646 2753 Δημιουργδς
2668 2681 2763 2734 καὶ
2788 2680 3042 2751 βασιλεύς
3066 2684 3213 2735 ὲστιν
3244 2683 3274 2734 6
3300 2682 3532 2753 Πατήρ;
3564 2679 3693 2751 εἰμί.
3717 2675 3851 2732 Εἶπον

2306 2774 2416 2843 γὰρ
2463 2774 2613 2843 ὑμῖν,
2658 2772 2734 2835 ὼς
2778 2768 2889 2826 Ἦν
2924 2789 3015 2838 τις
3055 2772 3397 2838 βασιλεὺς,
3439 2772 3542 2826 καί
3592 2770 3848 2837 ἐπορεύθη

2308 2864 2556 2933 ποιῆσαι
2588 2864 2812 2934 γάμους
2840 2862 2920 2930 τῷ
2942 2862 3050 2929 υἱῷ
3072 2863 3260 2918 αὑτοῦ
3287 2862 3367 2928 τῷ
3389 2862 3663 2928 βασιλεῖ.
3697 2863 3852 2931 "Aspe-

2309 2957 2440 3020 πτός
2468 2958 2614 3009 ἐστιν
2641 2956 2669 3007 6
2699 2957 2924 3026 Πατήρ;
2956 2957 3073 3027 εἰμὶ
3113 2957 3208 3010 καὶ
3253 2955 3382 3025 ἐγώ.
3418 2953 3851 3026 Κεχρησμῴδηται

2308 3050 2417 3121 γάρ
2452 3049 2579 3120 περὶ
2606 3048 2740 3119 ἐμοῦ
2762 3065 2776 3079 ⁸
2806 3048 2890 3102 Σὺ
2942 3052 2975 3103 ὁ
3013 3049 3196 3115 αὐτὸς
3223 3045 3311 3112 εἷ,
3359 3049 3466 3102 καί
3511 3048 3586 3102 τὰ
3624 3047 3851 3114 ἕτηασου

2310 3144 2421 3195 οὐκ
2447 3141 2861 3208 ἐκλείψουσιν.
2897 3139 3139 3213 Ἀπαθής
3173 3143 3322 3194 ἐστιν
3351 3139 3379 3191 6
3404 3141 3622 3211 Πατήρς
3652 3139 3772 3208 εἰμὶ,
3794 3135 3853 3197 ὡς

623 3234 802 3299 vobis,
839 3232 1006 3288 fuisse
1040 3239 1318 3302 quemdam
1370 3251 1562 3305 regem,
1587 3243 1637 3289 et
1666 3235 1879 3302 abiisse,
1908 3246 1962 3289 ut
2009 3236 2201 3304 faceret

2307 3231 2542 3294 καὶτοὺς
2566 3204 2826 3302 μετόχους
2852 3249 2952 3302 μου
2979 3204 3244 3295 ἀπαθείας
3258 3231 3352 3303 [30
3365 3229 3416 3303 b]
3437 3204 3849 3303 μεταλαμόὼθειν.

624 3327 836 3393 nuptias
865 3324 979 3393 filio
1011 3340 1107 3378 suo
1142 3324 1273 3394 regi.
1313 3322 1677 3378 lmntutabilis
1715 3334 1802 3380 est
1845 3325 2047 3378 Pater?
2069 3325 2200 3378 Sum

625 3427 679 3468 et
701 3430 822 3485 ego.
851 3417 1125 3486 Scriptum
1154 3427 1239 3471 est
1269 3417 1413 3471 enim
1439 3417 1505 3471 de
1526 3432 1613 3472 me
1637 3415 1748 3487 (6|)
1774 3433 1789 3471 :
1826 3416 1905 3470 Tu
1930 3418 2070 3471 idem
2095 3419 2202 3486 ipse

627 3524 704 3573 es,
741 3518 790 3562 et
826 3509 1052 3562 annitui
1091 3524 1195 3562 non
1236 3508 1501 3576 deﬁcient.
1534 3507 1859 3578 lmpatibilis
1896 3520 1979 3565 est
2010 3509 2215 3565 Pater?

630 3600 762 3653 Sum
792 3614 894 3668 ego
928 3614 1165 3668 quoque,
1202 3600 1272 3653 ita
1305 3609 1364 3654 ut
1410 3602 1576 3656 etiam
1626 3602 1928 3671 participes.
1964 3617 2059 3656 seu
2089 3618 2213 3655 con-

625 3701 793 3746 sortes
824 3690 932 3760 (61)
979 3691 1081 3760 71
1118 3692 1247 3753 mei,
1284 3692 1701 3759 impatibilitatis
1739 3693 2030 3762 participes
2074 3693 2204 3749 sint.

625 3781 889 3840 .‘Eternus
937 3792 1021 3837 est
1064 3782 1268 3836 Pater?
1305 3782 1434 3837 Smn
1477 3794 1532 3837 et
1569 3798 1689 3853 ego.
1731 3783 2019 3854 Nunquam
2064 3785 2209 3839 enim

629 3875 747 3945 ipse
790 3890 899 3928 non
942 3875 1132 3929 habuit
1172 3888 1369 3929 nomen
1412 3874 1614 3939 Patris,
1646 3884 1703 3929 et
1735 3874 2128 3929 subsistentem
2157 3875 2209 3929 in

626 3982 695 4021 eo
720 3966 907 4037 gloriae
929 3982 1039 4022 sua:
1062 3964 1432 4036 splendorem,
1455 3976 1512 4020 et
1534 3968 1915 4022 characterem
1949 3969 2206 4023 substan-

629 4057 740 4119 tiae,
773 4066 826 4110 et
852 4056 1143 4126 imaginem
1185 4056 1430 4121 deitatis,
1461 4071 1657 4125 nempe
1690 4072 1797 4112 me.
1832 4057 1979 4123 Vita,
2012 4068 2067 4111 et
2095 4059 2205 4125 lux,

626 4156 684 4200 et
722 4147 963 4212 bonitas,
1011 4158 1066 4202 et
1105 4146 1367 4217 potentia,
1411 4157 1466 4202 et
1500 4147 1788 4217 sapientia,
1819 4157 1875 4202 et
1901 4148 2124 4216 veritas,
2154 4157 2211 4203 et

626 4241 836 4303 omnia,
880 4256 1000 4311 quae
1031 4240 1141 4295 Deo
1183 4240 1345 4310 digna
1401 4249 1549 4308 sunt,
1592 4250 1677 4295 est
1727 4239 1927 4293 Pater?
1976 4239 2110 4295 Sunt
2155 4253 2211 4295 et

626 4348 749 4404 ego,
776 4341 839 4388 ut
861 4344 1022 4388 antea
1072 4332 1320 4388 audistis.
1358 4331 1523 4402 Atqui
1577 4333 1743 4387 etiam
1796 4329 2048 4388 Salvator
2085 4349 2205 4389 sum

2312 3324 2578 3393 Ἀναρχος
2607 3325 2637 3377 6
2668 3325 2895 3395 Ηατήρς
2943 3324 3078 3396 εἰμί.
3116 3325 3192 3377 Οὐ
3221 3324 3331 3394 γὰρ
3362 3321 3456 3395 ἦν,
3495 3326 3585 3378 ὅτε
3618 3325 3711 3376 οὐκ
3737 3317 3850 3390 εἶχεν

2306 3417 2368 3469 τὸ
2399 3416 2568 3487 ὄνομα
2596 3415 2690 3469 τοῦ
2724 3417 2957 3488 Πατρδς.
2989 3417 3085 3470 καὶ
3111 3417 3209 3488 τῆς
3233 3417 3392 3488 δόξης
3420 3416 3592 3470 αὐτοῦ
3621 3416 3677 3469 τὸ
3698 3410 3853 3466 ὲνυπύ-

2311 3524 2504 3561 στατον
2534 3508 2896 3579 ἀπαύγασμα,
2928 3509 3022 3563 καὶ
3048 3508 3139 3561 τὸν
3169 3508 3500 3580 χαρακτῆρα
3525 3509 3622 3577 τῆς
3650 3501 3850 3558 ὑποστά-

2311 3617 2448 3665 σεως
2467 3641 2480 3664 ,
2528 3602 2623 3655 καὶ
2650 3602 2749 3673 τὴν
2777 3601 2963 3655 εἰκόνα
3000 3602 3101 3673 τῆς
3145 3601 3417 3672 θεότητος,
3460 3602 3583 3672 ἐμέ.
3612 3598 3753 3665 Ζωὴ,
3780 3594 3851 3647 καὶ

2308 3695 2445 3764 φῶςν
2493 3697 2590 3750 καὶ
2637 3695 2914 3767 ἀγαθότης
2938 3738 2952 3761 ,
2986 3696 3081 3749 καί
3120 3695 3373 3766 δύναμις,
3419 3697 3520 3749 καὶ
3555 3694 3739 3763 σοφία,
3779 3688 3853 3741 καὶ

2306 3783 2551 3855 ἀλήθεια,
2578 3784 2672 3838 καὶ
2703 3785 2804 3838 ὅσα
2828 3784 2963 3838 Θεοῦ
2991 3784 3117 3849 ἄξιά
3148 3786 3293 3837 ἐστιν
3330 3786 3359 3837 6
3391 3786 3584 3856 Πατήρ
3609 3800 3623 3847 ;
3652 3781 3775 3851 εἰμὶ,
3795 3776 3851 3838 ὡς

2307 3874 2611 3944 φθάσαντες
2658 3875 2951 3945 ἠκούσατε.
3003 3876 3114 3929 Καὶ
3165 3875 3347 3946 μέντοι
3396 3876 3496 3928 καὶ
3536 3874 3717 3944 Σωτὴρ
3747 3866 3849 3938 ἐγὼ.

2308 3965 2612 4020 ἀνατέλλων
2637 3966 2729 4020 τὸν
2775 3968 2926 4038 ἥλιον
2958 3969 3050 4021 ἐπὶ
3083 3967 3327 4031 δικαίους
3367 3968 3466 4020 καὶ
3514 3961 3848 4037 ἁμαρτωλοὺς.

2309 4056 2405 4109 καὶ
2432 4057 2532 4110 οὐκ
2559 4058 2784 4125 ὲπάγων
2827 4058 3001 4111 κακὸν
3037 4058 3160 4111 ἀντὶ
3202 4057 3397 4113 κακοῦ.
3424 4056 3799 4126 -Φιλάνθρωπος
3827 4047 3849 4098 δ

2307 4145 2528 4216 Πατήρ;
2565 4146 2703 4216 είμί-
2740 4147 2939 4216 ὅπουγε
2968 4147 3118 4219 ὑμῶν
3156 4147 3321 4203 ἓνεκα
3348 4148 3589 4218 ἐμαυτὸν
3621 4145 3848 4203 ἐκένωεαν

2314 4238 2527 4309 μορφὴν
2551 4238 2740 4294 δούλου
2759 4238 2940 4294 λαΰών
2963 4255 2981 4272 ο
3004 4241 3098 4295 καὶ
3124 4239 3487 4312 ῥαπιζόντων,
3514 4242 3604 4293 καὶ
3629 4232 3851 4308 ὲμπτυόν-

2310 4346 2441 4394 των,
2468 4332 2563 4385 καὶ
2619 4332 3026 4403 ὲμπαιζόντων,
3065 4333 3161 4386 καὶ
3185 4333 3565 4406 σταυροῦντων
3592 4328 3735 4401 ὑμῶν
3772 4326 3849 4393 ὴν-

629 4512 770 4567 sisse
790 4511 1090 4594 exsistimo,
1117 4510 1279 4594 quod,
1317 4524 1441 4592 cum
1481 4509 1624 4594 inter
1649 4510 1898 4594 homines
1930 4509 2207 4594 Griecani-
2237 4515 2288 4576 ι)
2342 4583 2354 4594 .
2385 4510 2498 4594 (55)
2530 4509 2797 4594 υἱεξηιιηι.
2829 4510 3300 4594 Recteﬁedcoo-rov
3340 4509 3564 4594 dictavit
3589 4506 3846 4594 [iidymtlff

629 4595 713 4636 car.
731 4582 1050 4636 eruditionis
1075 4581 1479 4635 amantissimos
1499 4581 1825 4645 scriberent,
1856 4591 2203 4644 venerentur,

631 4666 727 4714 ne,
753 4651 798 4703 si
841 4651 998 4705 aliter
1026 4666 1086 4705 se
1115 4652 1436 4718 gessissent,
1465 4650 1629 4705 veluti
1689 4651 1874 4715 rudes,
1911 4662 1967 4705 ει
2001 4651 2202 4705 indocti

633 4720 1070 4791 despicerentur;
1113 4728 1206 4773 aut
1234 4720 1376 4791 quod
1405 4719 1663 4791 majorem
1692 4721 1797 4791 hac
1820 4722 2027 4791 ratione
2065 4720 2207 4791 apud

633 4789 754 4841 illos
782 4789 936 4843 [idem
968 4791 1070 4844 sibi
1116 4789 1408 4844 conciliare
1432 4790 1651 4845 vellent.
1689 4790 1951 4845 Praeclare
1985 4792 2043 4847 S.
2071 4790 2207 4842 Am-

631 4857 849 4912 brosius
879 4860 971 4914 lib.
1020 4875 1080 4914 Ill
1117 4857 1191 4911 De
1218 4858 1345 4928 ﬁde,
1373 4874 1494 4928 cap.
1522 4862 1576 4925 1,
1613 4875 1736 4915 cum
1770 4860 1822 4913 in
1859 4861 2031 4929 primo
2071 4859 2209 4913 libro

634 4942 741 4980 non
777 4938 1054 5000 poetarum
1096 4930 1392 5000 versiculos
1424 4930 1666 4994 citasset,
1703 4938 1763 4982 ut
1806 4930 2085 5000 Didymus.
2114 4932 2209 4983 sed

634 5011 705 5069 ex
725 4998 949 5069 poeticis
971 4997 1648 5069 fabuliscomparationem
1677 4997 1922 5054 duxisset
1948 5018 1961 5053 :
1989 4998 2044 5053 Si
2066 5000 2206 5069 quis,

634 5065 835 5133 inquit,
875 5080 1055 5121 contra
1101 5065 1332 5120 licitunf
1361 5078 1507 5134 putat
1562 5069 1788 5123 colorem
1838 5065 2209 5135 disputationis

584 5154 591 5160 ν
635 5135 897 5207 eiusmodi
927 5154 957 5189 a
991 5139 1203 5206 poeticis
1228 5137 1422 5206 fabulis
1453 5139 1768 5199 derivatum,
1799 5151 1847 5193 et
1881 5156 1998 5193 cum
2029 5140 2083 5191 in
2106 5140 2212 5207 {ide

643 5205 775 5257 nihil
812 5208 951 5273 quod
993 5205 1293 5275 uituperare
1343 5208 1506 5275 possit
1570 5209 1841 5274 invenerit,
1893 5205 2116 5278 aliquid
2154 5211 2212 5262 in

638 5289 875 5346 sermone
921 5278 1282 5344 reprehendit;
1337 5289 1582 5346 agnoscat
1631 5296 1749 5346 noni
1787 5280 1957 5333 solum
2001 5290 2211 5333 senten-

639 5344 765 5409 tias,
787 5344 876 5396 sed
897 5346 1062 5420 etiam
1081 5346 1357 5401 versiculos
1376 5344 1686 5417 poetarum,
1720 5345 2012 5420 Scripturis
2043 5352 2215 5402 inser-

639 5422 720 5467 tos
742 5429 852 5466 esse
873 5416 1081 5468 divinis.

712 5483 825 5556 (52)
860 5481 1035 5556 Finis.
1068 5484 1309 5556 Respicit
1366 5484 1470 5556 lsa.
1521 5499 1597 5555 ix,
1622 5487 1676 5552 7,
1699 5488 1788 5543 ubi
1838 5488 2076 5556 legitur:
2104 5488 2214 5542 Καὶ

637 5553 993 5692 ᾑςεείρήνης
1039 5556 1143 5608 οῦκ
1185 5555 1300 5608 ἔστι
1324 5555 1499 5622 τέλος,
1528 5553 1712 5624 idest,
1753 5569 1801 5612 et
1825 5553 1971 5629 pacis
2003 5575 2107 5613 non
2139 5569 2215 5614 est

685 5638 785 5675 111⁸.

720 5691 832 5764 (55)
867 5691 1104 5747 Domine.
1137 5694 1240 5750 lsa.
1272 5711 1420 5764 xx",
1468 5697 1535 5752 12
1564 5709 1619 5756 et
1648 5699 1736 5755 15.
1762 5697 2026 5755 Nonnulla
2056 5699 2217 5755 omit-

642 5759 715 5818 tit
731 5759 1087 5817 intermedia.

716 5819 832 5898 (Si)
867 5829 1074 5889 Pacem.
1107 5834 1296 5894 Joanu.
1330 5852 1438 5907 xiv,
1467 5837 1553 5894 27.

2311 4577 2555 4652 sic'en'im
2594 4581 2858 4635 Pindarus
2900 4579 3063 4651 Pyth.
3099 4583 3189 4652 od.
3239 4597 3270 4652 ν
3298 4582 3535 4652 scripsit,
3566 4577 3848 4652 aliique“;-

2312 4662 2476 4706 teres.
2513 4649 2700 4719 Itaque
2752 4643 3073 4705 vocabdlum
3112 4650 3274 4721 illud,
3331 4649 3595 4721 θεόςτοτος,
3646 4643 3771 4713 quod
3807 4643 3846 4721 in

2314 4718 2625 4792 fragmento
2668 4721 3052 4792 Didymi‘apud
3104 4718 3365 4775 Joannem
3416 4719 3781 4792 Damascenum
3806 4718 3846 4761 in

2312 4783 2623 4857 Paraltelis,
2663 4783 2788 4861 pag:
2847 4783 2974 4858 685',
3026 4790 3246 4859 legitur,
3288 4793 3604 4846 mendosum
3652 4783 3848 4838 fortasse

2312 4872 2389 4917 CSI
2402 4900 2414 4913 .

2382 4930 2493 5002 (56)
2525 4929 2731 4985 Gratia.
2758 4928 2915 5002 Rom.
2952 4946 2993 4995 ι,
3026 4930 3078 4984 7.

2412 4999 2501 5071 57⁷)
2534 5001 2746 5071 ania.
2768 5000 2923 5071 Joang.
2957 5015 3069 5065 xw,
3095 4999 3183 5054 15.

2409 5061 2495 5133 58ἱ
2526 5069 2646 5123 Mea
2674 5071 2857 5133 ipsius.
2893 5069 3037 5138 Lego
3056 5061 3304 5139 ’ἐμαυτοῦ
3334 5081 3431 5139 pro
3457 5061 3668 5139 ἑαυτοῦ.

2409 5128 2497 5207 59)
2532 5128 3193 5195 Constitutus....:htei'es.
3218 5128 3454 5207 Respicit
3476 5136 3636 5192 Hebr.
3660 5149 3696 5197 ι,
3717 5128 3768 5185 2.

2385 5142 2474 5211 (a9
2532 5142 2978 5195 Constitutus.....
3006 5143 3151 5194 luere

2384 5142 2498 5283 (60;
2537 5210 2683 5283 pixi.
2714 5210 2902 5283 Matth.
2935 5209 3151 5283 xm,

2387 5275 2497 5354 (tit)
2528 5281 2599 5354 ρε
2628 5296 2729 5333 me.
2766 5280 2909 5354 Vide
2931 5291 3038 5334 not.
3067 5281 3307 5354 πύξος.
3341 5275 3431 5333 27.
3722 5331 3838 5354 ,με

2388 5334 2500 5423 ξίῑὲδ
2532 5348 2837 5423 Consortes.
2892 5349 3114 5423 Locutio
3143 5334 3353 5423 'B'iblica
3423 5360 3497 5423 ex_
3534 5343 3631 5423 illo
3679 5334 3839 5423 psaltlti

2315 5415 2460 5486 XLiv,
2479 5424 2635 5475 ducta
2666 5435 2679 5471 :
2713 5418 2836 5473 Prae
2863 5421 3191 5474 consortibus
3222 5420 3337 5489 (seu
3361 5415 3717 5489 participibus).
3736 5419 3836 5489 nus.

2317 5495 2470 5558 Quod
2498 5505 2626 5544 vero
2659 5500 2872 5558 spectat
2899 5492 2965 5543 ad
3002 5491 3146 5543 illam
3189 5486 3475 5558 ἀπάθειαν,
3501 5486 3551 5558 id
3578 5492 3676 5543 est.
3700 5486 3840 5558 imPf‘

2318 5554 2641 5625 tibilitatem,
2672 5554 2826 5626 cujus
2852 5576 2952 5614 nos
2982 5561 3269 5629 participes
3289 5557 3422 5629 ellici
3456 5554 3693 5615 ailirmat,
3717 5555 3839 5629 qua}:

2318 5648 2424 5701 que
2472 5620 2783 5701 Hieronymi
2826 5620 3463 5701 accusatioue'iinfamis,
3500 5620 3840 5701 ηυιήειιερεξξθ

2319 5691 2534 5761 saltem,
2566 5691 2694 5752 duni
2723 5700 2836 5753 haec
2885 5701 3112 5753 dictaret
3168 5700 3442 5769 Didymus,
3469 5691 3702 5769 nondum.
3729 5693 3835 5769 οξξ-

2322 5755 2487 5832 Serm.
2523 5755 2693 5821 dicam
2724 5770 2777 5825 in
2808 5770 2948 5826 notis
2980 5769 3047 5825 ad
3091 5755 3407 5842 segto.'l75
3428 5755 3495 5831 ἀ,
3516 5768 3624 5820 sive
3644 5755 3705 5813 ad
3730 5762 3832 5819 ca?-

2324 5841 2390 5895 12
2417 5838 2561 5895 tertii
2587 5839 2730 5895 libri.

2324 5841 2390 5895 l2
2417 5838 2561 5895 tertii
2587 5839 2730 5895 libri.
