4082 6404
203 345 295 406 3.3:.
1406 352 1496 408 DE
1539 337 1916 407 'l‘RlNlTA’l‘E
1953 347 2157 403 LIBER
2198 348 2481 408 PRIMUS.
3477 359 3584 417 sse

218 465 481 541 ισχόμην.
538 474 780 528 Πάντα
834 466 944 530 οὖν
981 469 1100 527 εἷπε
1164 470 1227 524 τὰ
1299 469 1545 542 πατρικὰ
1602 466 1883 538 τυγχάνειν

1993 479 2114 535 ego,
2152 466 2241 534 qui
2272 467 2404 521 oriri
2438 466 2582 521 facio
2614 467 2729 539 (65)
2757 475 2928 524 sotem
2966 485 3130 537 super
3147 471 3345 541 justos,
3377 483 3430 526 et
3455 488 3584 544 pee-

225 560 376 617 αὺτοῦ
400 600 420 625 ,
466 561 644 616 ὥστε
692 565 893 636 μηδὲν
944 562 1105 617 πλέον
1130 561 1321 616 διδόναι
1351 561 1430 633 τῷ
1461 559 1583 629 Θεῷ
1610 559 1818 630 Πατρὶ,
1853 557 1883 627 ἢ

1996 564 2230 623 calores,
2257 567 2440 611 etnon
2472 557 2670 613 induco
2709 560 2909 614 malum
2944 576 3043 631 pro
3077 562 3220 617 malo
3252 561 3385 634 (6i).
3423 563 3586 620 Beni-

235 655 384 729 μόνον
425 654 499 708 τὸ
532 650 708 709 εἶναι
764 657 1014 728 Πατέρα
1064 653 1189 709 Υἱοῦ
1236 652 1575 725 συνανάρχου
1623 653 1719 705 καὶ
1766 668 1883 703 συν-

1994 663 2130 715 gnus
2183 658 2267 704 est
2306 650 2499 705 Pater?
2547 650 2678 706 Sum
2734 662 2788 707 et
2831 667 2974 722 ego:
3005 654 3446 724 quandoquidem
3503 671 3589 712 me
3626 708 3631 713 .

239 746 584 819 υφεστῶτος.
611 749 804 804 Οῦτω
822 748 1110 803 πιστεύειν
1138 746 1418 802 ἀναπείθει
1445 747 1541 801 καὶ
1571 745 1653 812 τὸ,
1683 743 1883 798 Πάντα

1995 740 2170 809 ipsum
2216 752 2440 812 prapter
2478 758 2574 799 vos
2620 744 2919 811 exinanivi,
2962 743 3195 801 formam
3238 748 3383 803 servi
3428 751 3590 803 acci-

249 839 320 895 τὰ
339 840 448 913 ἐμὰ
501 838 597 895 σά
622 840 826 895 ἐστιν
842 860 857 872 ⁸
890 842 990 895 καὶ
1019 840 1088 894 τὰ
1107 839 1207 902 σὰ,
1228 838 1342 908 ἐμά
1364 856 1378 870 ·
1403 837 1501 892 καὶ
1522 836 1883 903 δεδόξασμαι

1993 836 2167 903 piens.
2210 837 2473 906 vobisque
2500 837 2676 908 alapis
2721 853 2806 893 me
2836 839 3195 904 caedentibus,
3221 851 3385 910 atque
3410 841 3463 895 in
3495 857 3584 896 me

268 934 333 987 ὲτ
371 932 596 999 αὐτοῖς.
634 934 712 986 Et
746 932 869 1004 γὰρ
923 934 997 1005 μὴ
1030 932 1116 986 διὰ
1162 931 1259 1004 τὴν
1299 932 1538 1002 φυσικὴν
1570 930 1753 1001 σχέσιν
1782 921 1887 981 ὦδε

280 1026 489 1097 ὲλὲχθτδ,
530 1026 632 1078 καὶ
671 1027 858 1078 πᾶσιν
889 1028 1003 1089 τοῖς
1043 1027 1328 1095 πατρικοῖς
1357 1022 1632 1087 οὐσιωδῶς
1675 1021 1888 1086 δεδόξα-

292 1136 410 1173 σται
430 1121 457 1170 ὁ
484 1118 648 1179 Υἱός*
684 1119 741 1171 εἰ
782 1117 860 1188 μὴ
890 1117 1138 1188 βασιλεία
1181 1118 1275 1171 καὶ
1306 1116 1594 1169 δεσποτεία
1629 1115 1728 1186 μία
1751 1131 1885 1183 τυγ-

290 1213 470 1283 15pm-
516 1210 659 1281 ἄρα,
705 1211 856 1264 κατὰ
888 1226 951 1277 γε
984 1210 1141 1277 λόγον
1185 1210 1480 1280 αἱρετικὸν,
1542 1208 1688 1261 ἐστιν
1724 1208 1759 1262 ἆ
1807 1206 1881 1278 μὴ

292 1304 393 1357 ὑπὸ
424 1307 517 1374 τὴν
566 1302 670 1356 τοῦ
728 1302 969 1374 Πατρὸς,
1018 1302 1132 1355 ἀλλ’
1180 1300 1287 1356 ὑπὸ
1336 1302 1436 1373 τὴν
1489 1301 1735 1368 ἐξουσίαν
1786 1302 1882 1355 τοῦ

288 1394 418 1449 Υἰοῦ
471 1395 647 1450 τελεῖ.
704 1395 821 1448 Καὶ⁹
875 1395 1039 1447 πάλιν
1064 1412 1077 1424 '
1138 1394 1281 1447 Ἐὰν
1314 1392 1428 1462 ἐγὼ
1453 1391 1677 1457 δοξάζω
1704 1393 1885 1462 ἐμαυ-

279 1487 407 1549 τὸν,
460 1488 502 1555 ἢ
550 1486 714 1551 δόξα
767 1505 887 1554 μου
931 1486 1111 1540 οὐδέν
1154 1487 1361 1540 ἐστιν’
1398 1484 1573 1539 ἐστιν
1618 1489 1653 1541 ὁ
1680 1486 1883 1553 Πατήρ

263 1596 393 1648 μου
486 1581 522 1632 ό
599 1577 871 1641 δοξάζων
943 1596 1038 1648 με.
1115 1579 1301 1649 Ἐμοὶ,
1388 1580 1591 1650 φησιν,
1668 1578 1882 1648 λέγοντι

270 1671 409 1740 περὶ
460 1670 566 1739 τῆς
620 1670 864 1740 ἐμαυτοῦ
916 1670 1103 1741 θεῐκῆς
1144 1671 1322 1740 δόξης,
1370 1671 1454 1725 ὅτι
1501 1669 1642 1741 Ἐγὼ
1695 1671 1795 1724 καὶ
1849 1673 1883 1724 ὀ

271 1762 490 1829 Πατὴρ
515 1762 592 1815 ἓν
621 1763 832 1831 ἐσμεν,
866 1764 1140 1817 ἀπιστεῖτε
1162 1779 1176 1793 ⁸
1207 1762 1321 1817 ἀλλ’
1356 1755 1554 1818 ἐστινὸ
1584 1759 1882 1833 μαρτυρῶν

1992 930 2441 997 conspuentibus,
2468 940 2524 983 et
2563 928 2694 983 mihi
2728 929 3101 996 illudentibus,
3139 948 3335 1002 meque
3366 936 3589 988 crucili-

1993 1021 2272 1088 gentibus,
2304 1021 2419 1074 haec
2456 1021 2711 1076 universa
2742 1022 3003 1079 sustinui.
3048 1023 3244 1079 Omnia
3277 1040 3427 1094 ergo,
3461 1042 3583 1095 quae

1991 1110 2172 1167 Patris
2210 1124 2359 1178 sunt,
2399 1130 2492 1168 sua
2537 1114 2675 1170 dixit
2717 1131 2859 1179 esse,
2923 1117 2998 1171 ita
3050 1127 3110 1170 ut
3170 1118 3304 1172 nihil
3356 1119 3590 1189 amplius

1992 1206 2103 1261 Deo
2145 1206 2290 1261 Patri
2325 1210 2437 1273 det,
2484 1208 2590 1263 nisi
2635 1209 2738 1264 hoc
2775 1210 2974 1275 solum,
3009 1212 3151 1279 quod
3196 1210 3314 1281 ipse
3346 1213 3415 1266 sit
3448 1227 3591 1267 coae-

1990 1301 2154 1366 terni,
2181 1316 2245 1355 ac
2281 1300 2443 1355 simul
2472 1318 2595 1356 cum
2626 1317 2690 1357 eo
2734 1303 3242 1367 subsistentisFilil
3283 1305 3464 1361 Pater.
3499 1305 3594 1359 Sic

1989 1408 2087 1446 nos
2112 1394 2338 1448 credere
2356 1392 2696 1463 jubetetiam
2727 1396 3012 1450 oraculum
3049 1397 3178 1450 illud
3207 1413 3221 1449 :
3252 1395 3446 1452 Omnia
3474 1397 3591 1467 (65)

1987 1498 2102 1537 mea
2168 1494 2258 1536 tua
2323 1495 2485 1548 sunt,
2534 1493 2586 1537 ρι
2647 1494 2737 1537 tua
2792 1501 2946 1549 mea,
2998 1496 3046 1538 et
3105 1486 3431 1555 gloriﬁcatus
3474 1503 3590 1540 sum

1985 1575 2040 1627 in
2070 1575 2197 1631 illis.
2234 1574 2289 1629 Si
2343 1575 2487 1628 enim
2534 1591 2639 1629 non
2686 1587 2913 1646 propter
2952 1579 3259 1633 naturalem
3307 1579 3589 1634 habitudi-

1988 1679 2111 1719 nem
2142 1666 2193 1720 id
2224 1667 2297 1719 ita
2326 1668 2530 1720 dictum
2566 1666 2690 1732 fuit,
2720 1684 2783 1722 ac
2815 1670 2860 1724 si
2890 1684 2995 1723 non
3028 1673 3303 1736 omnibus,
3328 1688 3446 1739 qua:
3487 1671 3591 1725 Pa-

1992 1758 2090 1812 tris
2126 1771 2272 1826 sunt,
2316 1762 2757 1816 substantialiter
2802 1763 3139 1829 glorilicatus
3184 1774 3267 1820 est
3317 1766 3508 1830 Filius,
3543 1769 3589 1821 si

276 1872 375 1925 μοι
416 1853 644 1925 Πατὴρ,
679 1855 761 1908 ὅτι
795 1854 938 1908 κατὰ
966 1854 1126 1925 φύσιν
1159 1854 1474 1925 δοξάζομαι,
1518 1855 1647 1917 Υἱὸς
1681 1855 1780 1924 μὲν
1808 1852 1883 1906 ὢν

1988 1848 2202 1902 demum
2239 1852 2520 1919 utriusque
2561 1867 2784 1920 regnum
2824 1868 2886 1907 ac
2917 1854 3216 1909 dominium
3256 1871 3422 1909 unum
3479 1872 3586 1910 non

272 1944 450 1998 αὐτοῦ
506 1944 805 2015 ἀγαπητὸς
849 1945 944 1998 καὶ
997 1944 1278 2014 ἀληθινὸς,
1323 1944 1456 2009 Θεὸς
1502 1945 1560 1997 δὲ
1595 1944 1750 2015 ὑμῶν
1796 1945 1892 1998 καὶ

274 2038 597 2107 Δεσπότης.
646 2033 778 2089 Εἶτα
810 2036 997 2102 λέγει’
1032 2036 1243 2105 Πάτερ,
1295 2036 1555 2101 δόξασόν
1610 2051 1727 2089 σου
1788 2035 1893 2090 τὸν

280 2130 452 2192 Υἱόν,
506 2131 613 2183 ἵνα
656 2128 752 2183 καὶ
782 2131 814 2182 ό
860 2129 992 2195 Υἱός
1037 2143 1154 2182 σου
1189 2127 1425 2196 δοξάσῃ
1455 2144 1549 2182 σε.
1601 2130 1723 2197 ’Ίση
1754 2129 1889 2182 κάν-

269 2220 459 2275 ταῦθα
496 2219 782 2291 ἐφυλάχθη
811 2221 945 2291 τιμή
983 2237 1041 2273 τε
1080 2219 1173 2273 καὶ
1203 2220 1329 2284 δόξα
1361 2222 1480 2283 ταῖς
1510 2219 1681 2283 θείαις
1705 2219 1791 2291 [5i
1829 2218 1886 2291 ιι]

273 2312 684 2366 ὑποττὰσεσιν.
742 2304 812 2381 ’ᾯ
871 2311 981 2381 γὰρ
1032 2310 1098 2364 ἂν
1154 2311 1511 2382 ὑπολάϐωμεν
1561 2313 1749 2384 τρόπῳ
1798 2313 1889 2367 τὸν

271 2405 516 2474 Πατέρα
542 2403 793 2469 δοξάζειν
824 2403 913 2455 τὸν
944 2403 1075 2456 Υιὸν
1104 2403 1268 2457 αὐτοῦ
1294 2445 1309 2467 ,
1338 2403 1516 2475 τούτῳ
1545 2405 1710 2468 αὐτὸς
1736 2406 1890 2472 δοξὰ-

272 2497 439 2561 ζεται
465 2498 564 2548 ὑπ’
590 2494 783 2549 αὑτοῦ.
815 2497 923 2549 Καὶ
948 2491 1111 2559 αὖθις
1140 2497 1337 2565 ἐπάγει
1364 2513 1379 2529 ⁸
1426 2496 1537 2551 Καὶ
1570 2498 1689 2551 νῦν
1712 2497 1891 2562 δόξα-

269 2593 401 2645 σόν
418 2606 503 2659 με
532 2630 547 2654 ,
578 2587 773 2656 Πάτερ
791 2628 807 2652 ,
834 2590 993 2657 παρὰ
1023 2585 1257 2653 σεαυτῷ
1281 2627 1296 2651 ,
1332 2586 1408 2656 τῇ
1453 2588 1604 2655 δόξῃ
1652 2582 1692 2659 ᾗ
1722 2584 1891 2657 εἶχον

268 2682 400 2751 πρὸ
427 2682 543 2737 τοῦ
571 2682 685 2735 τὸν
706 2682 940 2751 κόσμον
961 2678 1114 2735 εἶναι
1142 2678 1303 2750 παρὰ
1324 2683 1446 2735 σοί.
1469 2682 1701 2753 Φρικτὸν
1725 2682 1885 2753 ἀκοῇ,

171 2838 180 2845 .
269 2775 365 2827 ὅτι
397 2777 428 2828 ὁ
469 2774 636 2837 δόξαν
673 2773 809 2844 ἔχων
858 2773 1109 2845 ἀνάρχως
1157 2773 1307 2845 παρὰ
1345 2773 1423 2844 τῷ
1471 2773 1667 2828 ἑαυτοῦ
1712 2774 1889 2845 Πατρὶ

271 2866 472 2936 (τοῦτο
495 2866 610 2936 γὰρ
637 2865 891 2937 σημαίνει
921 2865 1004 2927 τὸ,
1032 2861 1117 2938 τῌ
1140 2861 1308 2935 εἶχον
1329 2865 1479 2935 δόξῃ
1509 2865 1623 2935 πρὸ
1651 2865 1759 2920 τοῦ
1784 2865 1890 2919 τὸν

272 2959 529 3027 κόσμον
542 2954 721 3027 εἶναι)
784 2959 889 3011 ὑπὸ
919 2958 1212 3030 αἱρετικῶν
1237 2960 1298 3014 οὐ
1326 2957 1628 3024 δοξάζεται.
1659 2959 1797 3013 Ποία
1830 2958 1888 3014 δὲ

276 3045 356 3121 ἦν
392 3052 574 3121 αὖτη;
631 3053 755 3113 Ἦν,
793 3052 871 3115 ὼς
904 3046 1081 3123 οἶμαι,
1132 3052 1225 3106 καὶ
1255 3053 1482 3123 Μάρκος
1528 3052 1664 3124 ἔφη’
1700 3053 1888 3106 ’Ὅταν

281 3144 446 3213 ἔλθῃ
479 3149 513 3199 ὁ
558 3143 692 3210 Υἱὸς
717 3144 789 3197 ἑν
819 3143 894 3213 τῇ
932 3144 1081 3213 δόξῃ
1113 3144 1220 3199 τοῦ
1261 3146 1490 3213 Πατρὺς
1522 3144 1732 3198 αὐτοῦ’
1762 3144 1885 3197 ἀντὶ

1995 1954 2099 2006 εει,
2127 1943 2573 2011 sequitur,juxta
2614 1946 2928 2000 haareticam
2960 1948 3180 2017 quidem
3209 1949 3586 2003 ratiocinatio-

1998 2052 2144 2098 nem,
2180 2045 2237 2089 ut
2268 2038 2513 2103 quaedam
2543 2037 2675 2104 sint,
2717 2054 2837 2106 quae
2869 2053 2975 2093 non
3004 2038 3105 2093 sub
3135 2038 3334 2105 Patris,
3362 2041 3456 2105 sed
3487 2040 3589 2094 sub

1992 2126 2114 2180 Filii
2191 2138 2458 2197 potestate
2524 2141 2936 2183 enumerentur.
3031 2129 3099 2184 Et
3185 2147 3380 2185 rursus
3446 2144 3460 2184 :
3519 2131 3583 2186 Si

1991 2235 2083 2288 ego
2103 2219 2213 2291 (66)
2237 2220 2475 2290 glori/ica
2501 2238 2581 2275 me
2605 2223 2801 2287 ipsum,
2833 2224 3004 2293 gloria
3037 2239 3150 2277 mea
3183 2224 3313 2276 nihil
3347 2234 3423 2278 est
3460 2236 3478 2275 :
3509 2231 3588 2276 est

1993 2310 2160 2365 Pater
2193 2329 2357 2376 meus,
2393 2314 2484 2383 qui
2510 2313 2773 2383 glori/iant
2821 2330 2919 2367 me.
2954 2314 3105 2379 Mihi,
3134 2316 3330 2386 inquit,
3373 2318 3438 2370 de
3469 2334 3585 2372 mea

1993 2403 2175 2456 divina
2213 2403 2383 2474 gloria
2404 2403 2649 2459 dicenti:
2690 2403 2801 2475 Ego
2830 2404 2941 2475 (67)
2981 2418 3030 2460 et
3075 2406 3239 2460 Pater
3279 2425 3443 2462 unum
3494 2426 3589 2463 su-

1992 2511 2132 2556 mus,
2175 2511 2280 2548 non
2333 2497 2589 2560 creditis;
2621 2496 2717 2550 sed
2744 2509 2849 2562 est,
2878 2498 2968 2568 qui
3028 2498 3160 2552 mihi
3214 2501 3585 2557 testimonium

1993 2588 2266 2655 perhibet,
2306 2586 2491 2651 Pater,
2526 2590 2824 2644 semiudum
2866 2602 3117 2645 naturam
3169 2591 3463 2661 gloriﬁcari
3499 2608 3588 2649 tne

1994 2689 2222 2744 testans,
2254 2697 2377 2734 cum
2410 2682 2579 2750 ipsius
2618 2684 2879 2737 exsistam
2915 2684 3146 2739 dilectus
3175 2684 3367 2751 Filius,
3402 2698 3458 2741 et
3494 2702 3588 2741 ve-

1994 2787 2107 2834 rtts,
2135 2784 2318 2828 vester
2340 2784 2521 2830 autem
2550 2777 2714 2841 Deus,
2742 2788 2795 2830 et
2830 2777 3110 2833 Dominus.
3140 2779 3345 2835 Deinde
3369 2780 3540 2850 inquit
3568 2798 3584 2835 :

1996 2860 2168 2916 Pater
2191 2863 2327 2934 (68),
2361 2863 2604 2934 gloriﬁca
2653 2874 2801 2917 tuum
2838 2863 3058 2927 Filium,
3106 2875 3161 2918 ut
3190 2879 3234 2919 et
3264 2864 3438 2919 Filius
3465 2876 3587 2920 tuzts

1992 2955 2244 3026 gloriﬁcel
2279 2968 2344 3011 te.
2375 2956 2626 3026 Equalis
2675 2956 2777 3011 hoc
2808 2957 2971 3010 etiam
3011 2958 3063 3011 in
3102 2956 3220 3011 loco
3248 2958 3446 3011 divinis
3475 2973 3588 3013 ser-

1992 3057 2153 3103 vatus
2191 3058 2274 3102 est
2313 3058 2369 3103 et
2400 3049 2596 3112 honor,
2623 3057 2679 3101 et
2719 3048 2890 3119 gloria
2937 3052 3185 3118 personis
3217 3066 3230 3101 :
3263 3065 3586 3119 quocunque

1991 3144 2135 3195 enim
2173 3143 2386 3197 modoa
2428 3141 2590 3196 Patre
2633 3142 2928 3213 gloriﬁcari
2977 3143 3472 3197 exisﬁmaverimus
3496 3141 3586 3197 Fi-

284 3232 415 3298 τοῦ,
451 3234 563 3306 Τὴν
597 3233 874 3306 πατρικὴν
901 3234 1057 3298 δόξαν
1081 3234 1192 3305 ἔχει
1214 3274 1228 3298 ,
1268 3235 1358 3287 καὶ
1388 3237 1447 3286 ἐν
1489 3235 1624 3305 αὐτῇ
1668 3233 1788 3304 ἥξει
1822 3234 1883 3286 τὸ

1990 3235 2120 3288 lium
2162 3251 2346 3302 suum,
2379 3236 2570 3289 eodem
2614 3237 2730 3306 ipse
2791 3235 2955 3288 Pater
2984 3251 3012 3288 a
3051 3234 3189 3289 Filio
3226 3234 3579 3307 glorificatur.

279 3325 567 3397 δεύτερον.
596 3322 700 3380 Ὧν
730 3327 786 3380 δὲ
816 3329 849 3397 ή
880 3326 1007 3392 δόξα
1037 3326 1155 3397 μία,
1187 3327 1284 3379 οὐκ
1313 3326 1447 3398 ἄλλη
1483 3327 1578 3380 καὶ
1605 3324 1740 3396 ἄλλη
1764 3324 1883 3378 θεό-

272 3435 427 3489 της,
479 3419 570 3471 καὶ
626 3418 903 3488 βασιλεία,
952 3419 1045 3473 καὶ
1094 3418 1465 3491 προσκύνησις
1519 3417 1882 3488 καθέστηκεν.

274 3513 458 3566 Ὅθεν
487 3510 981 3585 προπαραγγέλλει
1007 3525 1022 3539 ’
1072 3513 1396 3565 Πιστεύετε
1442 3514 1531 3577 είς
1569 3510 1678 3565 τὸν
1712 3510 1885 3578 Θεὸν,

273 3604 391 3655 καὶ
421 3603 514 3667 είς
556 3601 668 3670 ἐμὲ
713 3602 1028 3655 πιστεύετε
1053 3617 1067 3629 ·
1105 3602 1175 3655 ἐν
1202 3600 1281 3670 τῇ
1312 3601 1471 3669 οἰκίᾳ
1511 3602 1617 3655 τοῦ
1656 3602 1885 3669 Πατρός

270 3710 409 3762 μου
433 3693 616 3764 μοναὶ
646 3694 875 3747 πολλαί
896 3695 1075 3748 εἰσιν.
1106 3694 1219 3765 Τῆς
1251 3694 1359 3765 γὰρ
1386 3694 1663 3766 θεότητος,
1691 3694 1881 3766 φησιν,

277 3785 553 3856 διαφορὰν
578 3786 683 3838 οὐκ
706 3786 955 3857 ἐχούσης.
984 3785 1113 3858 μίαν
1141 3786 1380 3851 πίστεως
1400 3786 1602 3855 γνῶσιν
1630 3786 1758 3858 περὶ
1782 3786 1885 3856 τῆς

273 3877 523 3949 Τριάδος
554 3880 703 3950 ἔχειν
744 3877 1016 3946 ὀφείλετε,
1054 3879 1118 3931 ἵν’
1153 3877 1296 3932 οὕτω
1334 3879 1797 3951 κατασκηνώσητε
1826 3883 1885 3932 ἐν

264 3970 531 4033 ἐκείναις
572 3973 698 4033 ταῖς
740 3970 1237 4043 τρισμακαρίσταις
1277 3971 1490 4036 αὐλαῖς,
1540 3975 1662 4035 ταῖς
1715 3974 1883 4025 πᾶσιν

265 4064 583 4134 ἁρμοδέαις
634 4080 696 4117 τε
734 4065 826 4117 καὶ
868 4063 1185 4137 ἀρκούσαις.
1214 4065 1289 4118 Οὐ
1321 4065 1481 4135 μόνον
1522 4064 1653 4133 γοῦν
1686 4064 1755 4118 τὰ
1790 4064 1884 4134 ὑφ’

268 4155 527 4226 ἡγητοῦ,
556 4156 697 4210 ἀλλὰ
721 4158 815 4210 καὶ
836 4157 904 4211 τὰ
929 4158 1064 4212 Θεοῦ
1103 4159 1378 4230 παρέχων,
1415 4158 1598 4228 λέγει’
1622 4158 1886 4228 νἈερέον-

272 4249 389 4301 ται
419 4265 524 4302 σοι
555 4251 617 4301 al
658 4250 965 4317 ἁμαρτίαι·
1010 4251 1300 4321 προσέχεις
1334 4250 1613 4305 κάνταῦθα
1661 4251 1722 4305 τὸ
1749 4253 1881 4305 αὑτ-

277 4338 536 4404 εξοὺσιον
558 4341 750 4406 αὐτοῦ,
773 4342 852 4395 ὅτι
872 4342 1071 4396 ὡσανεὶ
1095 4343 1231 4415 πρὸς
1250 4343 1471 4413 μείζονα
1489 4344 1549 4397 οὐ
1569 4344 1881 4416 πρεσϐεύει,

275 4433 406 4486 ἀλλ’
432 4435 511 4497 ὡς
539 4435 897 4506 αὐτοκράτωρ
927 4438 1219 4506 συγχωρεῖ.
1247 4434 1527 4500 Ματθαῖος
1559 4436 1638 4499 δὲ,
1675 4454 1883 4492 συνεισ-

280 4525 480 4595 φέρων
504 4526 602 4578 καὶ
632 4526 794 4589 αὐτὸς
824 4531 945 4591 ταῖς
970 4529 1099 4599 περὶ
1121 4528 1216 4581 τοῦ
1247 4529 1569 4600 μονογενοῦς
1597 4528 1731 4582 Υἱοῦ
1760 4528 1881 4582 θεο-

278 4614 524 4684 λογίαις,
554 4618 659 4688 ἔφη
678 4634 691 4647 ·
728 4619 937 4685 Οὐδεὶς
962 4618 1240 4690 γινώσκει
1277 4620 1386 4675 τὸν
1416 4620 1651 4691 Πατέρα
1669 4662 1685 4686 ,
1713 4623 1768 4676 εὶ
1786 4620 1875 4691 μὴ

280 4710 324 4760 ό
394 4710 545 4774 Υἱός·
576 4708 719 4763 οὐδὲ
744 4710 850 4764 τὸν
891 4712 1024 4765 Flor
1050 4729 1140 4778 τις
1172 4711 1589 4783 ἐπιγινώσκει,
1619 4716 1671 4767 εὶ
1702 4712 1789 4783 μὴ
1844 4716 1877 4767 ὁ

278 4799 519 4869 Πατήρ.
550 4801 673 4865 Πῶς
704 4804 882 4856 τοίνυν
904 4801 1049 4860 οὗτοι
1077 4804 1501 4875 φιλονεικοῦσιν,
1528 4807 1605 4869 ὡς
1631 4806 1833 4870 εἰδότες
1857 4846 1873 4870 ,

278 4888 391 4942 τὸν
443 4891 543 4961 μὲν
592 4894 810 4966 Πατέρα
862 4896 1226 4968 ἀσύγκριτον*
1281 4897 1373 4951 τὸν
1423 4898 1652 4952 δὲ’Υίὸν
1683 4897 1871 4962 αὑτοῦ,

277 4980 548 5051 ἀνόμοιον
571 4985 754 5057 αὐτῷ·
794 4986 892 5059 τὴν
933 4989 991 5042 δὲ
1036 4990 1244 5055 οὐσίαν,
1298 4990 1628 5062 ἀγεννησίαν
1651 5007 1667 5022 ·
1718 4990 1872 5044 οὐδὲν

366 5181 485 5257 (65)
516 5184 655 5257 Oriri
683 5192 843 5257 facio.
872 5191 1010 5246 Vide
1045 5193 1230 5246 Matth.
1260 5209 1313 5253 ν,
1355 5192 1445 5246 45.

364 5256 485 5332 (tut
515 5256 612 5311 Pro
634 5256 796 5313 malo.
823 5261 954 5316 Vide
988 5263 1144 5317 ιιοιυ.
1182 5280 1282 5327 ιιι,
1314 5265 1416 5330 il;
1449 5272 1504 5317 et
1541 5262 1561 5318 Ι
1606 5263 1752 5320 Petr.
1785 5280 1869 5332 ιιι,

268 5326 341 5390 9;
375 5337 432 5379 et
455 5325 652 5382 Jereut.
686 5345 759 5393 tv,
792 5335 843 5395 li,
876 5345 982 5388 etc.

345 5397 467 5539 (135)
494 5398 710 5453 Omnia.
747 5400 900 5456 Joan.
938 5420 1068 5469 xvu,
1102 5404 1189 5460 10.

370 5468 461 5539 66)
499 5469 557 5525 St
583 5487 700 5539 ego.
732 5470 886 5525 Joan.
923 5491 1040 5537 \‘lll,
1073 5475 1162 5529 54.

370 5468 461 5540 66)
499 5469 557 5525 St
583 5487 700 5540 ego.
732 5470 886 5525 Joan.
923 5468 1162 5537 “H.754.

337 5539 455 5611 (67)
480 5540 620 5612 Ego.
655 5539 814 5612 Joau.
844 5559 894 5607 ιι,
929 5545 1022 5599 3t).

354 5612 443 5681 68)
476 5610 676 5672 Pater.
706 5610 867 5668 Joan.
905 5630 1038 5678 xm,
1075 5615 1126 5670 1.

349 5684 439 5757 69)
468 5684 538 5738 Et
566 5700 741 5757 nune.
772 5681 928 5757 Joan.
965 5701 1102 5750 xm,
1138 5685 1190 5753 5,
1219 5688 1307 5741 ubi
1331 5688 1519 5742 Graeca
1559 5687 1725 5743 editio
1769 5690 1867 5744 ad.

253 5753 617 5813 ιῖἰιτοιδιιιίιιιι
649 5753 749 5817 σύ,
785 5756 837 5810 id
866 5768 971 5821 est,
1014 5765 1087 5812 lu.

315 5828 429 5901 (70)
454 5826 794 5901 Signiﬁcat.
851 5823 980 5884 Vide
1034 5842 1154 5897 quae
1194 5830 1516 5885 adnotamus
1574 5832 1637 5886 ad
1686 5850 1857 5906 Segni.

1988 3325 2057 3379 Et
2103 3341 2295 3381 rursus
2333 3328 2480 3381 addit
2515 3343 2528 3379 :
2560 3325 2627 3380 Et
2666 3344 2803 3381 nunc
2834 3326 2945 3398 (69)
2981 3327 3221 3395 glori/ica
3260 3344 3360 3392 me,
3398 3326 3581 3394 Pater,

1987 3420 2131 3488 apud
2181 3417 2513 3485 temetipsum
2574 3419 2746 3489 gloria
2819 3433 2977 3487 quam
3035 3416 3217 3483 habui,
3272 3419 3582 3487 priusquam

1988 3511 2219 3563 mundus
2261 3519 2417 3573 esset,
2460 3511 2602 3579 apud
2656 3521 2727 3566 te.
2780 3498 3116 3563 llorreudum
3152 3509 3337 3563 auditu
3379 3517 3479 3573 est,
3512 3509 3583 3565 il-

1988 3598 2099 3652 lum
2131 3599 2237 3669 72
2264 3600 2354 3668 qui
2408 3600 2635 3669 gloriam
2668 3599 2737 3653 ab
2760 3611 2966 3653 aeterno
2998 3600 3160 3654 habet
3189 3601 3330 3669 apud
3361 3599 3580 3656 Patrem

1989 3708 2145 3746 suum
2174 3696 2303 3764 (hoc
2334 3693 2481 3747 enim
2543 3693 2817 3762 siguilieat
2850 3692 2962 3763 (70)
3001 3693 3129 3746 illud
3156 3708 3171 3746 :
3199 3690 3382 3746 Gloria
3421 3710 3581 3763 quam

1994 3783 2154 3838 habui
2209 3784 2518 3853 priusquam
2564 3787 2794 3836 mundus
2830 3786 3012 3853 esset),
3054 3783 3122 3836 ab
3162 3783 3439 3837 haereticis
3474 3800 3582 3837 non

1992 3875 2318 3947 gierilicari.
2361 3875 2551 3941 Qualis
2572 3886 2756 3929 autem
2788 3886 2910 3929 erat
2941 3875 3087 3929 ista?
3117 3874 3212 3937 Ea,
3248 3885 3306 3929 ut
3338 3884 3490 3944 puto,
3517 3876 3585 3929 de

1988 3984 2094 4037 qua
2132 3966 2348 4021 Marcus
2394 3967 2560 4022 etiam
2606 3968 2679 4020 ait
2707 3982 2721 4018 :
2750 3965 2881 4020 Cum
2924 3966 3113 4021 venerit
3154 3965 3268 4037 (71)
3299 3964 3477 4021 Filius
3527 3968 3584 4021 in

1988 4061 2160 4131 gloria
2195 4059 2375 4114 Patris
2401 4061 2484 4113 sui
2515 4075 2534 4112 :
2564 4060 2706 4128 quod
2739 4056 2966 4129 perinde
3015 4069 3101 4114 est
3142 4074 3206 4114 ac
3244 4062 3289 4115 si
3333 4061 3578 4116 diceret:

1989 4153 2172 4208 Patris
2206 4153 2434 4221 gloriam
2475 4153 2661 4218 habet,
2690 4161 2744 4206 et
2776 4153 2827 4206 in
2862 4151 2961 4206 hac
2985 4153 3182 4206 iterum
3211 4152 3415 4206 veniet.
3436 4153 3580 4217 Quo-

1988 4261 2109 4301 rum
2149 4254 2330 4299 autem
2368 4259 2472 4297 una
2509 4253 2598 4299 est
2628 4243 2825 4313 gloria,
2874 4244 2979 4298 alia
3010 4257 3175 4313 atque
3219 4244 3324 4297 alia
3362 4253 3582 4298 nonest

1987 4342 2185 4402 deitas,
2214 4347 2271 4394 et
2313 4354 2565 4409 regnum,
2603 4349 2657 4392 et
2686 4339 2958 4391 adoratio.
2990 4337 3106 4404 Qua
3140 4337 3207 4391 de
3232 4351 3392 4390 causa
3424 4337 3578 4404 prius

1987 4432 2232 4502 praecipit
2264 4448 2278 4484 :
2309 4428 2532 4485 Creditis
2564 4428 2679 4499 (7‘2)
2719 4429 2774 4484 in
2823 4427 3017 4493 Deum,
3055 4436 3105 4483 et
3148 4428 3203 4481 in
3237 4442 3319 4480 me
3362 4427 3575 4481 credite.

1987 4522 2054 4577 In
2098 4527 2254 4577 domo
2291 4523 2470 4577 Patris
2506 4525 2605 4575 mei
2643 4523 2947 4575 mansiones
2997 4523 3181 4573 multa:
3227 4528 3371 4574 sum.
3410 4519 3577 4586 Quasi

1986 4615 2329 4670 dieat:Cnm
2372 4616 2594 4669 deitatis
2658 4613 2862 4668 nullum
2913 4615 2985 4668 sit
3034 4612 3352 4676 discrimen,
3411 4628 3577 4668 uuam

1985 4714 2052 4764 de
2087 4709 2355 4762 Triuilale
2400 4708 2603 4761 habere
2644 4707 2859 4761 debetis
2905 4706 3027 4760 ﬁdei
3078 4705 3447 4774 cognitionem
3480 4717 3578 4762 :ut

1984 4804 2058 4857 ita
2088 4804 2375 4859 credentes
2410 4802 2463 4855 in
2501 4801 2608 4856 illis
2646 4811 2728 4857 ter
2753 4801 3085 4855 beatissimis
3122 4799 3285 4861 aulis,
3316 4814 3434 4868 quae
3456 4816 3575 4854 om-

1984 4896 2142 4951 nibus
2178 4904 2377 4964 aptatae
2405 4905 2556 4960 stutt,
2590 4909 2653 4948 ac
2688 4894 3047 4959 sullicientes,
3090 4894 3409 4949 iuhabitetis
3437 4893 3574 4965 (75).

1982 4989 2101 5044 Jam
2146 5005 2276 5045 vero
2317 5006 2422 5045 non
2475 4992 2636 5046 modo
2690 4991 2967 5047 doctorem
3005 4989 3117 5063 (74)
3156 5006 3216 5046 se
3257 4993 3576 5057 ostendens,

1982 5195 2088 5320 ξθὲ
2136 5215 2192 5252 a.
2247 5195 2459 5250 Excidit
2515 5193 2740 5249 librario
2785 5211 2889 5252 vox
2954 5193 3116 5265 εἶναι,
3152 5199 3397 5256 addenda
3447 5209 3576 5255 ante

1982 5285 2058 5319 υπ
2093 5305 2107 5318 ο
3558 5282 3574 5309 \

1982 5267 2107 5319 ὑπό.
3558 5282 3574 5309 ι

2052 5338 2164 5409 (7!)
2202 5334 2334 5409 Cum
2374 5340 2588 5409 venerit.
2624 5338 2789 5393 Marc.
2828 5353 2947 5398 νιιι.
2972 5339 3063 5394 58.

2051 5407 2164 5476 (72)
2190 5408 2440 5461 Creditis.
2480 5407 2636 5462 Joan.
2666 5427 2773 5470 xw,
2810 5409 2830 5461 1
2860 5423 2913 5463 et
2938 5410 2990 5462 2.

2052 5479 2164 5549 (75)
2227 5479 2394 5533 Aulis.
2429 5518 2442 5531 .
2485 5518 2498 5531 .
2534 5518 2549 5533 .
2588 5518 2603 5533 .
2633 5480 2954 5533 inhabilelis.
2986 5480 3210 5535 Locutio
3269 5481 3467 5535 Biblica
3498 5495 3567 5535 ex

1973 5546 2169 5601 Psaltn.
2212 5564 2359 5607 LXIV,
2389 5564 2528 5621 vers.
2571 5551 2605 5604 4
2643 5551 2758 5621 (seu
2802 5549 2857 5618 5)
2892 5552 3221 5621 desumpta,
3291 5555 3379 5606 ubi
3432 5552 3566 5621 legi-

1970 5627 2056 5690 tur
2088 5636 2100 5670 :
2132 5619 2567 5690 Κατασκηνώσει
2597 5619 2658 5674 ὲν
2690 5623 2811 5683 ταῖς
2845 5620 3034 5684 αὐλαῖς
3063 5638 3178 5687 σου,
3209 5622 3344 5687 sive,
3397 5631 3455 5676 ut
3485 5619 3571 5678 εει

1964 5689 2018 5742 in
2060 5691 2216 5757 Vulg.
2250 5689 2723 5755 int._,’inhabitabit
2750 5692 2805 5743 in
2832 5693 2986 5745 atriis
3010 5693 3135 5747 tuis.

2039 5759 2150 5825 (74)
2188 5761 2488 5817 Doctorem.
2526 5760 2691 5845 Lego,
2730 5760 3040 5841 ὑφηγητοῦ.
