4082 6396
570 329 682 387 393
1837 319 2075 377 DIDYMI
2114 318 2295 375 ALEX
2309 317 2588 374 ANDRINI
3686 327 3779 382 396

577 461 683 499 non
723 451 796 496 est
836 440 995 509 ﬁnis;
1036 448 1112 502 et,
1165 437 1452 503 Salvator;
1486 445 1561 504 et,
1611 436 1781 490 omnia
1820 436 1875 488 in
1914 435 2189 495 omnibus,

2179 439 2225 495 Α
2254 433 2491 511 σεόεζας
2542 430 2882 501 μυστήριον
2918 429 3093 501 (δῆλον
3143 429 3186 485 δ’
3235 431 3311 494 ὡς
3358 434 3416 487 τὸ
3463 434 3774 503 Χριστιανων,

574 536 852 600 Christus;
889 542 965 599 et,
1012 532 1326 587 Benedictus
1364 533 1418 583 in
1468 530 1698 592 smcula;
1735 537 1808 592 et,
1849 518 1991 596 quod
2030 544 2148 579 ma-

2256 526 2386 595 παρ’
2441 518 2523 586 οἷς
2574 522 2836 592 ἀγένητος
2893 521 3024 586 Θεὸς
3074 524 3319 591 ὑμνεῖται
3350 527 3378 578 6
3409 526 3661 597 Χριστός)·
3705 530 3781 583 καὶ

571 640 732 692 gnum
789 631 865 678 est
911 622 1116 692 pietatis
1159 616 1855 689 mysteriumlperspimtum
1890 630 2017 670 vero
2043 624 2147 678 est,

2254 615 2336 668 ὅτι
2385 618 2453 685 τῇ
2504 614 2699 668 ἑαυτοῦ
2748 614 2963 685 θεότητι
2998 619 3275 686 περιποιεῖ
3303 617 3396 670 τὸν
3419 617 3559 683 λαὸν,
3603 619 3681 677 διὰ
3736 622 3787 675 τὸ

575 717 643 770 de
695 713 1131 770 Christianorum
1184 712 1443 781 mysterio
1486 711 1589 764 hoc
1637 709 1779 774 dici,
1822 707 1964 776 apud
2014 721 2150 775 quos

2254 705 2550 776 ὁμοουσίως
2581 705 2725 775 ἔχειν
2783 704 2916 775 πρὸς
2965 705 3057 759 τὸν
3102 706 3344 777 Πατέρα.
3374 708 3594 761 Τοιῶσδε
3637 711 3789 763 τοίνυν

573 806 824 862 Christus
849 816 908 860 ut
958 807 1229 861 increatus
1272 805 1411 858 Deus
1453 802 1667 872 hymnis
1697 798 2057 871 celebratur];
2096 808 2151 854 et

2256 798 2385 868 περὶ
2412 798 2615 851 τούτων
2648 797 2895 865 λέγουσιν
2913 798 2963 851 οἱ
2992 798 3551 871 μνημονευθησόμενοι
3576 802 3663 855 νῦν
3675 802 3790 873 πτὸς

574 896 718 967 quod
735 910 832 952 sua
851 898 1052 951 deitate
1069 894 1319 964 populum
1339 892 1593 963 acquirit,
1606 905 1669 945 ac
1687 890 1882 945 liberal
1898 904 1990 947 :eo
2005 891 2149 959 quod

2256 887 2412 958 ἡμῶν
2440 887 2604 955 ἆγιοιο
2634 882 2716 950 οἷς
2740 889 2769 941 6
2821 887 2974 951 Θεὸς,
3006 887 3147 941 κατὰ
3169 888 3261 942 τὸν
3297 896 3358 942 ιε’
3385 890 3589 961 ψαλμὸν
3607 933 3621 957 ,
3642 893 3791 960 ἐγνώ-

574 988 811 1045 sitPatri
837 984 1533 1045 consubsmntialisﬁancti
1568 982 1680 1055 (15)
1719 997 1869 1054 ergo,
1895 984 1983 1052 qui
2006 998 2150 1038 nunc

2259 996 2406 1048 ρισεν
2438 980 2590 1043 ὀδοὺς
2629 978 2793 1051 ζωῆς.
2824 978 3006 1044 Δαυῖδ,
3041 981 3099 1032 έν
3150 981 3249 1051 μὲν
3281 981 3325 1046 ζ’
3359 981 3552 1054 ψαλμῷ
3599 984 3793 1054 εὐχόμε-

576 1097 606 1136 a
652 1081 807 1136 nobis
838 1079 1425 1141 commemorabuntur,
1472 1079 1773 1148 quibusque
1817 1074 2149 1143 Deus,juxta

2254 1089 2363 1135 νος·
2411 1071 2801 1141 Ἐξεγέρθητι,
2848 1074 3026 1142 Κύριε
3067 1077 3100 1128 ό
3153 1074 3298 1141 Θεός
3350 1092 3488 1143 μου,
3520 1075 3588 1129 ἐν
3633 1091 3794 1143 προσ-

573 1172 839 1243 psalmum
862 1187 954 1235 xv,
984 1169 1260 1240 notas(l6)
1297 1169 1419 1238 fecit
1450 1171 1562 1224 vias
1590 1168 1731 1233 vitta,
1751 1166 1824 1222 ita
1857 1169 1925 1222 de
1957 1168 2041 1222 his
2072 1167 2150 1221 lo-

2253 1163 2503 1235 τάγματι
2529 1156 2578 1230 ᾧ
2610 1163 2909 1230 ἐνετείλω,
2933 1164 3033 1220 καὶ
3062 1164 3386 1235 συναγωγὴ
3414 1165 3576 1219 λαῶν
3598 1164 3796 1219 κυκλώ-

555 1263 833 1333 'quuntur.
870 1262 1038 1316 David
1074 1263 1124 1314 in
1151 1277 1223 1315 vn
1250 1262 1465 1330 quidem
1499 1260 1708 1329 psalmo
1733 1261 1813 1315 sic
1855 1268 2003 1315 orat:
2040 1258 2151 1314 Ea:-

2254 1269 2351 1309 σει
2378 1269 2471 1308 σε’
2514 1253 2613 1308 καί
2661 1252 2815 1322 ὑπὲρ
2855 1255 3077 1323 ταύτης
3123 1256 3211 1321 εις
3251 1254 3412 1323 ὕψος
3442 1256 3793 1323 ἐπίστρεψον.

574 1371 729 1426 surge
745 1352 879 1425 (17),
902 1353 1121 1408 Domine
1143 1352 1279 1407 Deus
1300 1367 1464 1417 meus,
1495 1352 1551 1405 in
1569 1363 1825 1420 prtccepto
1845 1353 1983 1423 quod
1999 1368 2151 1406 man-

2254 1346 2512 1419 Δίσθάνῃ,
2543 1345 2620 1410 ὡς
2648 1347 2677 1399 6
2716 1347 3003 1418 προφήτης
3036 1346 3240 1418 Κύριον
3283 1347 3377 1402 καὶ
3408 1346 3538 1399 Θεδν
3559 1341 3688 1398 οἶδεν
3715 1347 3795 1399 αὑ-

574 1450 805 1511 dasti,et
826 1461 1092 1516 synagoga
1130 1444 1442 1513 populorum
1471 1442 1817 1497 circumdabit
1853 1454 1921 1505 te.
1949 1452 1995 1497 et
2026 1458 2150 1511 pro-

2253 1438 2364 1503 τὸν,
2420 1439 2515 1492 καὶ
2568 1437 2747 1492 δέεται
2794 1438 2960 1492 αὐτοῦ
2993 1437 3183 1507 λέγων·
3226 1439 3569 1512 Ἐξεγέρθητι
3609 1440 3694 1493 ἐπὶ
3714 1441 3796 1510 τὴν

572 1548 689 1606 τηει-
726 1539 861 1591 hanc
890 1537 946 1589 in
974 1534 1136 1589 altum
1173 1534 1462 1605 regredere.
1506 1533 1685 1602 Ipsum
1721 1549 1752 1587 a
1783 1533 2050 1605 Propheta
2092 1542 2150 1589 ut

2254 1529 2662 1602 ὲνανθρὼπησίν
2692 1548 2809 1593 σου,
2835 1532 3024 1603 τρόπῳ
3049 1525 3094 1601 ᾧ
3122 1531 3436 1604 προώρισας
3472 1532 3567 1603 τῷ,
3592 1534 3796 1588 Λύσατε

575 1626 859 1683 Dominum
896 1639 962 1679 ac
996 1626 1159 1679 Deum
1194 1624 1411 1694 agnosci
1452 1625 1643 1684 sentis.
1666 1638 1831 1694 quem
1874 1623 2036 1679 etiam
2073 1623 2149 1678 ita

2254 1622 2362 1675 τὸν
2384 1623 2535 1676 ναὸν
2553 1621 2790 1689 τοῦτον,
2813 1623 2913 1677 καὶ
2932 1624 3003 1678 ἐν
3030 1623 3227 1692 τρισίν
3245 1624 3493 1694 ἡμέραις
3514 1623 3682 1694 ἐγερῶ
3707 1626 3797 1677 αὑ-

577 1726 831 1787 precatur
858 1735 872 1770 :
908 1713 1166 1786 Exsurge,
1189 1716 1240 1769 in
1272 1713 1525 1770 ineffabili
1556 1723 1647 1769 tua
1673 1714 2149 1776 lncarnatione.eo

2254 1715 2380 1768 τόν.
2434 1714 2604 1787 Ὑπὲρ
2651 1716 2854 1786 ταύτης
2880 1716 2989 1788 γάρ
3043 1734 3208 1788 φησιν
3257 1717 3359 1788 τῆς
3411 1719 3797 1788 περιγινομένης

574 1811 754 1874 modo.
768 1824 927 1879 quem
950 1809 1175 1878 ipsemet
1196 1806 1472 1876 praefinisti
1490 1807 1593 1862 illis
1609 1808 1815 1863 verbis:
1830 1806 2024 1863 Solvite
2038 1806 2148 1879 (18)
2182 1805 2186 1859 ξ

2187 1803 2226 1859 Β
2254 1806 2385 1877 ἡμῖν
2412 1806 2661 1861 ἐντεῦθεν
2702 1808 2996 1880 σωτηρίας,
3030 1808 3099 1862 τὰ
3130 1811 3228 1881 μὲν
3256 1809 3384 1882 ἔθνη
3416 1812 3484 1881 τῇ
3519 1810 3686 1862 πίστει
3720 1826 3799 1861 κυ-

574 1902 819 1972 templunt
869 1899 1136 1971 7811M,
1170 1909 1220 1954 et
1271 1897 1436 1953 tribus
1485 1898 1671 1954 diebus
1722 1892 1955 1954 excitabo
1991 1900 2146 1955 illud.

2249 1896 2449 1952 κλώσει
2481 1914 2561 1950 σε’
2589 1899 2653 1951 σὺ
2687 1897 2768 1961 δὲ,
2804 1898 2928 1952 ὃθεν
2954 1893 3137 1970 ἦλθες,
3179 1899 3503 1970 ἀχωρίστως
3546 1897 3796 1953 ὲπάνελθε’

576 1994 713 2048 Nam
748 2003 972 2064 propter
999 1994 1159 2057 hanc,
1188 1990 1385 2060 inquit,
1415 2005 1536 2060 qua:
1581 1991 1735 2047 nobis
1762 1992 1887 2047 inde
1920 2006 2141 2063 compa-

2248 1991 2307 2043 έν
2335 1989 2392 2043 δὲ
2427 1996 2544 2061 pg“
2580 1988 2724 2056 Θεὸς
2733 1989 2923 2060 μέγας
2950 1992 3185 2059 Κύριος,
3205 1991 3302 2044 καὶ
3323 1990 3621 2057 ,βασιλεὺς
3639 1990 3800 2059 μέγας

572 2096 695 2143 rata
724 2096 828 2152 est,
870 2085 1119 2149 salutem,
1145 2093 1334 2154 gentes
1358 2084 1575 2153 quidem
1608 2083 1714 2139 lida
1734 2084 2149 2139 circumdabunt

2248 2081 2345 2135 ἐπὶ
2376 2079 2584 2136 πᾶσαν
2614 2081 2730 2149 τὴν
2771 2081 2910 2153 γῆν·
2953 2070 3012 2135 ἓν
3064 2082 3124 2135 δὲ
3179 2081 3283 2152 μθ¹⁸
3346 2082 3483 2136 Ἀπὸ
3522 2079 3801 2136 ἀνατολῶν

574 2191 647 2243 te,
679 2187 736 2234 tu
770 2192 901 2234 vero
930 2176 1058 2233 illuc
1099 2176 1241 2231 unde
1278 2178 1350 2231 ita
1401 2175 1621 2242 venisti,
1668 2183 1725 2229 ut
1767 2175 2148 2245 inseparabilis

2248 2172 2428 2240 ἡλίου
2453 2170 2632 2240 μέχρι
2662 2171 2936 2242 δυσμῶν,
2988 2172 3059 2226 ἐκ
3103 2171 3258 2226 Σιὼν
3286 2173 3325 2241 ἡ
3354 2169 3669 2241 εὐπρέπεια
3714 2166 3802 2236 τῆς

575 2281 754 2326 tamen
783 2283 1050 2334 maneres,
1079 2269 1398 2338 regredere;
1437 2267 1491 2321 in
1537 2266 1743 2335 psalmo
1767 2275 1945 2320 autem
1977 2282 2099 2321 XLVI
2127 2284 2143 2323 :

2248 2264 2604 2330 ὡραιότητος
2629 2264 2836 2319 αὐτοῦ·
2891 2267 2924 2318 ό
2956 2263 3051 2335 [54
3083 2263 3138 2334 a]
3188 2263 3332 2330 Θεὸς
3362 2262 3638 2333 ἐμφανῶς
3667 2262 3795 2329 ἣξει·

577 2358 845 2430 Deus(i9)
871 2373 1094 2427 magnus
1145 2356 1425 2419 Dominus,
1471 2364 1521 2408 et
1576 2369 1668 2408 rea:
1718 2370 1939 2424 magnus
1995 2369 2150 2423 super

2248 2354 2307 2407 ὲν
2337 2353 2395 2407 δὲ
2442 2351 2537 2419 ξξη
2584 2353 2922 2421 Ἀναστήτω
2953 2357 2985 2407 ό
3013 2356 3176 2420 Θεὸς,
3222 2354 3321 2407 καὶ
3360 2349 3798 2421 διασκορπισθή-

570 2466 780 2507 omnem
838 2459 1072 2511 terram;
1128 2455 1183 2502 et
1226 2448 1278 2501 in
1319 2445 1526 2517 psalmo
1567 2459 1693 2499 χιιι
1737 2461 1751 2499 :
1787 2445 1829 2496 A
1872 2443 1997 2498 solis
2034 2443 2145 2516 (20)

2248 2462 2450 2499 τωσαν
2492 2448 2547 2499 oi
2597 2445 2800 2515 ἐχθροὶ
2856 2446 3062 2501 αὐτοῦ’
3123 2445 3237 2511 καὶ,
3277 2446 3696 2513 Ὃδοποιήσατε
3736 2440 3802 2507 τῷ

575 2551 694 2595 ortu
748 2554 911 2610 usque
959 2540 1027 2591 ad
1072 2552 1351 2601 occasum,
1402 2551 1469 2590 ea:
1521 2534 1650 2591 Sion
1692 2535 1885 2604 species
1943 2535 2149 2590 decoris

2247 2537 2619 2605 ἐπιϐεϐηκότι
2639 2537 2739 2590 ἐπὶ
2765 2537 3025 2607 δυσμάςο
3081 2539 3295 2606 Κύριος
3321 2538 3511 2608 ὄνομα
3546 2535 3712 2602 αὐτῷ·
3754 2536 3801 2588 ὲν

575 2634 690 2704 ejus
715 2649 736 2687 :
769 2631 908 2688 Deus
939 2629 1215 2698 manifeste
1239 2628 1440 2691 veniet;
1466 2636 1522 2682 et
1564 2628 1614 2681 in
1654 2641 1801 2681 vau
1833 2644 1848 2681 :
1875 2623 2144 2696 Exsurgat

2248 2629 2307 2683 δὲ
2353 2636 2462 2684 πα”
2498 2630 2771 2693 Ἀνάστα,
2804 2632 2838 2683 ό
2883 2629 3047 2696 Θεός·
3079 2630 3286 2699 κρῖνον
3322 2630 3442 2701 τὴν
3470 2629 3603 2699 γῆν.
3640 2627 3802 2698 Ἀθρει

574 2725 690 2797 (21)
732 2723 894 2790 Deus,
925 2733 975 2777 et
1007 2721 1324 2791 dissipentur
1355 2719 1555 2774 inimici
1597 2717 1746 2788 eius;
1782 2726 1874 2773 et:
1914 2714 2028 2772 Iter
2067 2716 2151 2786 {a-

2252 2718 2371 2789 μὲν,
2391 2718 2508 2783 πῶς
2552 2718 2756 2788 ἑκάστη
2798 2718 2943 2782 λέξις
2986 2719 3216 2772 ἀνάπτει
3269 2720 3366 2790 τὴν
3396 2720 3531 2792 περὶ
3567 2716 3804 2773 αὑτοῦδό-

573 2822 673 2872 cite
695 2814 805 2889 (‘22)
840 2816 889 2870 ei
920 2815 1009 2889 qui
1063 2815 1297 2868 ascendit
1340 2827 1498 2881 super
1549 2827 1793 2866 occasum
1828 2825 1848 2865 :
1889 2809 2149 2864 Dominus

2250 2809 2368 2876 ξαν,
2400 2812 2495 2862 καὶ
2519 2807 2741 2880 ἐξαρκεί
2771 2812 2955 2863 πεῖσαι
2983 2811 3082 2880 τῆς
3106 2811 3378 2881 πατρικῆς
3403 2810 3628 2881 μονάδος
3650 2808 3798 2880 ὑπάρ-

572 2924 762 2965 mmen
801 2907 919 2972 illi;
949 2915 1003 2961 et
1045 2906 1097 2960 in
1141 2920 1303 2960 ιιιχι
1343 2923 1356 2959 :
1395 2902 1562 2975 Surge
1607 2903 1743 2976 (23),
1775 2901 1940 2968 Deus,
1963 2900 2150 2971 judico

2249 2918 2366 2971 χειν
2410 2900 2573 2953 αὐτὸν
2626 2900 2830 2964 οὐσίας’
2867 2904 2961 2956 καὶ
3001 2903 3085 2957 ὅτι
3113 2904 3142 2956 6
3171 2902 3608 2973 μεγαλογράφος,
3632 2902 3713 2955 τὸν
3756 2902 3802 2953 ὲν

573 3009 793 3056 terram.
831 2999 1215 3054 Animadverte
1263 2997 1351 3053 hic
1392 3012 1578 3068 porro,
1634 2996 1907 3067 quomodo
1954 3010 2151 3050 unum-

2249 2994 2406 3064 τάφῳ
2431 2995 2490 3048 οὐ
2526 2994 2649 3066 δίχα
2703 2994 2849 3065 ζωῆς
2882 2993 3126 3057 τεθέντα,
3159 2994 3245 3047 ἵνα
3266 2992 3366 3048 σὺν
3390 2996 3508 3058 τοῖς
3539 2994 3692 3058 ζῶσιν
3724 2993 3803 3046 καί

575 3090 825 3160 quodque
859 3104 926 3144 ex
959 3089 1108 3145 hisce
1142 3089 1463 3145 testimoniis
1491 3089 1618 3157 quid
1650 3089 1716 3143 de
1738 3087 1875 3141 Filio
1909 3087 2149 3143 sentien-
2180 3150 2187 3160 Α

2192 3144 2218 3160 η
2249 3085 2375 3150 τοὺς
2400 3085 2735 3150 ἀπελθόντας
2760 3087 2870 3140 τῶν
2901 3084 3258 3156 ἀνθρωπίνων
3286 3086 3626 3158 πραγμάτων
3655 3084 3804 3156 σώσῃ,

575 3144 701 3236 dum
730 3144 822 3248 sit,
857 3180 1104 3245 deﬁniat,
1140 3189 1197 3234 et
1242 3194 1431 3235 eorum
1480 3144 1757 3249 quodlibet
1790 3176 2039 3243 suﬁiciat,
2091 3150 2187 3232 ut‘

2191 3144 2219 3203 Β
2250 3144 2383 3232 Θεὸν
2415 3179 2592 3244 καλεῖ,
2611 3144 3040 3234 καὶανίστασθοιι
3064 3178 3160 3233 τοῦ
3180 3181 3282 3251 μνή
3484 3144 3803 3252 προφητεύει,

573 3273 725 3329 illum
753 3275 820 3328 ad
848 3273 1105 3329 unitatem
1150 3282 1391 3343 paterna
1434 3270 1686 3326 essentizn
1715 3270 1990 3340 pertinere
2028 3284 2150 3339 per-

2252 3269 2545 3342 κρινοῦντα
2583 3271 2710 3335 τοὺς
2741 3270 2881 3342 μετὰ
2908 3270 3178 3342 τοσαύτην
3207 3271 3300 3325 καὶ
3329 3272 3659 3343 τηλικαύτην
3676 3270 3806 3341 εὐερ-

573 3367 920 3421 suadeamur.
956 3366 1036 3419 Ac
1067 3363 1196 3418 illud
1235 3363 1398 3417 etiam
1425 3362 1676 3426 observa,
1698 3361 1842 3431 quod
1883 3360 2150 3431 magnilo-

2252 3362 2445 3430 γεσίαν
2493 3363 2697 3433 γηΐνως
2746 3364 3140 3434 φρονήσαντας.
3187 3363 3327 3417 Ἴσθι
3370 3363 3453 3428 δὲ,
3484 3366 3566 3418 ὅτι
3624 3361 3806 3431 δυσμὰς

575 3471 714 3526 quus
772 3457 1004 3524 scriptor
1055 3467 1208 3517 eum,
1257 3454 1347 3524 qui
1396 3455 1470 3508 in
1532 3452 1816 3523 sepulcro,
1869 3466 1973 3506 non
2033 3452 2153 3507 sine

2253 3452 2382 3516 τοὺς
2409 3453 2673 3523 ἐσχάτους
2695 3452 2842 3520 λέγει
2869 3451 3115 3523 καιρούς.
3152 3454 3237 3506 Ἐν
3271 3452 3459 3518 αὐτοῖς
3485 3455 3591 3525 γὰρ
3628 3452 3803 3519 ἐπέστη

574 3547 688 3602 vita
717 3544 832 3618 (24)
864 3555 1042 3600 tamen
1066 3545 1355 3609 exsistens,
1385 3544 1506 3600 ideo
1534 3545 1747 3614 «positus
1775 3552 1880 3610 est,
1906 3551 1967 3599 ut
1993 3543 2154 3598 simul

2253 3542 2516 3614 ἐμφανῶς
2549 3544 2685 3614 τῷδε
2721 3543 2798 3615 τῷ
2823 3544 2997 3615 θεατῷ
3029 3544 3242 3616 κόσμῳ·
3275 3546 3335 3599 ὲν
3383 3546 3578 3612 δέος-ὀ
3601 3545 3699 3600 Ἐν
3739 3539 3806 3607 τῷ

571 3652 701 3692 cum
729 3636 870 3692 vivis
896 3650 990 3691 eos
1012 3635 1177 3690 etiam
1205 3643 1466 3698 servaret,
1508 3634 1598 3705 qui
1646 3648 1678 3689 e
1722 3634 1857 3690 vivis
1897 3648 2148 3690 excesse-

2253 3633 2399 3703 άγιῳ
2415 3634 2452 3701 ἠ
2478 3631 2619 3699 ὁδός
2635 3648 2772 3687 σουο
2791 3632 2882 3700 τις
2903 3633 3050 3700 Θεὸς
3057 3633 3266 3703 μέγας,
3294 3635 3375 3700 ὡς
3400 3639 3439 3689 ό
3466 3634 3608 3701 Θεὸς
3634 3632 3805 3705 qui”;

574 3737 720 3795 rant,
751 3727 928 3782 Deum
967 3736 1144 3795 vocat,
1193 3734 1356 3795 atque
1398 3739 1430 3781 e
1480 3734 1830 3780 monumento
1872 3735 2150 3781 surrectu-

2253 3722 2339 3777 Σὺ
2360 3719 2417 3777 εἴ
2440 3726 2476 3777 ὁ
2524 3723 2670 3790 Θεὸς
2700 3726 2733 3776 ό
2766 3723 2955 3778 ποιῶν
2976 3723 3282 3794 θαυμάσια
3307 3727 3522 3794 μόνος.
3549 3727 3649 3782 Τὸν
3693 3741 3806 3793 σαρ-

575 3833 699 3875 rum
726 3818 1073 3889 praenuntiat,
1101 3832 1302 3887 eosque
1340 3815 1728 3885 iudicaturum,
1774 3815 1865 3884 qui
1895 3824 2017 3885 post
2048 3816 2155 3873 tale

2255 3814 2504 3868 κωθέντα
2555 3816 2688 3869 Θεὸν
2724 3817 2895 3884 Λόγον
2954 3816 3261 3889 ἀνευφημεῖ
3297 3818 3595 3883 κάνταῦθα,
3638 3819 3723 3872 τὸν
3758 3818 3806 3869 ἐν

577 3926 645 3966 ac
671 3918 881 3965 tantum
907 3908 1227 3964 beneﬁcium
1263 3916 1477 3963 terrena
1520 3906 1756 3975 sapiunt.
1777 3904 1924 3962 Scito
1950 3917 2151 3972 autem,

2254 3908 2333 3980 τῷ
2367 3907 2639 3979 Ἰουδαῖκῷ
2673 3908 2804 3981 ίερῷ
2835 3910 3382 3981 ὲμφιλοχωρήσαντα,
3411 3913 3509 3965 καὶ
3526 3911 3803 3975 διδάξαντα,

576 4017 803 4059 occasus
836 4002 1053 4057 nomine
1098 4015 1220 4054 eum
1263 3999 1555 4054 novissima
1597 4007 1841 4067 tempora
1876 3999 2152 4065 denotare,

2253 3999 2348 4054 καὶ
2369 3999 2947 4070 θαυματουργήσαντα·
2970 4001 3028 4053 ἐν
3060 4000 3117 4053 δὲ
3148 3999 3226 4072 τῷ
3248 4000 3368 4074 ριζ’⁶
3411 4000 3806 4074 Εὐλογημένος

576 4092 774 4162 quibus
826 4090 1141 4162 aspectabili
1190 4090 1314 4144 huic
1358 4091 1558 4145 mundo
1599 4088 1729 4145 solis
1769 4088 1944 4143 instar
1980 4089 2154 4143 maui-

2254 4093 2288 4145 d
2317 4091 2645 4161 ἐρχόμενος
2678 4092 2750 4145 ἐν
2790 4092 3033 4161 ὀνόματι
3062 4093 3306 4161 Κυρίου·
3353 4093 3500 4161 Θεὸς
3514 4094 3695 4165 μέγας
3711 4091 3808 4147 Κύ-

575 4184 713 4240 feste
768 4183 1096 4248 imminens,
1143 4181 1411 4253 apparuit.
1464 4180 1532 4235 Et
1578 4180 1631 4235 in
1682 4180 1887 4251 psalmo
1931 4195 2092 4235 mm
2135 4199 2149 4236 :

2244 4199 2399 4252 ριος,
2432 4182 2531 4235 καὶ
2555 4178 2860 4252 ἐπέφανεν
2884 4182 3047 4253 ἡμῖν.
3071 4184 3135 4237 Ei
3159 4183 3393 4254 εὐλόγως
3432 4186 3586 4258 παρὰ
3609 4184 3682 4256 τῷ
3700 4198 3807 4255 προ-

576 4275 648 4330 In
697 4286 878 4330 sancto
918 4273 1030 4346 (‘25)
1066 4275 1148 4328 via
1198 4282 1293 4327 tua
1338 4287 1358 4325 :
1390 4273 1508 4343 quis
1555 4271 1694 4326 Deus
1742 4288 1984 4341 magnus,
2018 4272 2154 4327 sicut

2254 4274 2399 4347 φήτῃ
2427 4272 2573 4340 Θεὸς
2591 4274 2808 4345 μέγας,
2842 4277 2937 4330 καὶ
2968 4277 3017 4329 εἰ
3056 4276 3488 4347 εὐλογημένος,
3519 4280 3547 4334 ὃ
3575 4281 3713 4333 ἐστιν
3734 4278 3808 4331 δε·

576 4368 719 4423 Deus
745 4368 958 4423 noster?
985 4364 1063 4420 Tu
1102 4382 1157 4420 es
1214 4362 1379 4427 Deus,
1407 4363 1497 4434 qui
1526 4364 1658 4432 facis
1686 4361 1951 4416 mirabilia
1989 4361 2153 4415 solus.

2251 4364 2597 4435 δοξασμένος,
2624 4365 2718 4420 καὶ
2757 4365 3011 4438 βασιλεὺς
3056 4367 3246 4439 μέγας,
3276 4370 3371 4423 καὶ
3419 4371 3581 4441 μόνος⁹
3624 4370 3808 4439 θαυμα-

576 4459 920 4549 incarnatum
951 4459 1135 4549 _Deum
1171 4456 1404 4549 Verbum
1461 4454 1702 4549 celebrat
1750 4453 1912 4510 etiam
1942 4453 2046 4509 hoc
2095 4454 2150 4509 in
2181 4494 2188 4549 J

2195 4493 2228 4548 υ
2254 4457 2482 4528 τουργὸς
2513 4457 2749 4530 ὑπάρχει
2779 4459 2810 4512 6
2839 4460 3122 4529 ἐπιφανεὶς
3150 4462 3282 4532 ἡμῖν
3326 4460 3532 4533 Κύριος
3562 4462 3718 4535 (ἐστιν
3758 4456 3807 4512 δὲ

577 4547 718 4613 loco,
736 4547 832 4617 qui
864 4548 918 4602 in
944 4544 1170 4603 Judaico
1198 4545 1398 4616 templo
1435 4552 1492 4600 et
1521 4544 1715 4599 crebro
1760 4553 2006 4599 versatus
2044 4554 2147 4610 est,
2181 4544 2189 4549 ’

2193 4544 2215 4548 ”
2254 4550 2284 4603 6
2313 4549 2484 4619 Υίός)·
2536 4549 2745 4620 ἀλόγως
2798 4551 2948 4625 παρὰ
3003 4555 3320 4625 αἱρετικοίς,
3361 4555 3679 4627 μικρότερος
3724 4548 3805 4605 τοῦ

579 4648 634 4691 et
665 4637 868 4701 docuit,
910 4646 965 4691 et
1008 4635 1269 4691 miracula
1314 4630 1563 4705 patravit.
1617 4631 1675 4688 In
1726 4632 1933 4701 psalmo
1968 4641 2149 4689 autem

2259 4640 2389 4694 ίδίου
2404 4642 2627 4714 ,Πατρὸς
2670 4645 2998 4699 ὑπονοεῖται.
3030 4645 3145 4699 οὐκ
3167 4646 3441 4718 ἐνδέχεται
3467 4648 3595 4719 γὰρ,
3615 4647 3700 4701 τὸν
3722 4645 3808 4699 αὖ·

578 4744 723 4785 cxvn
754 4743 772 4783 :
799 4729 1108 4784 Benedictus
1133 4727 1244 4801 (26)
1277 4731 1366 4799 qui
1397 4729 1531 4782 venit
1565 4727 1620 4781 in
1661 4726 1864 4781 nomine
1898 4726 2149 4783 Domini:

2254 4729 2345 4784 τὸν
2379 4733 2447 4802 τῇ
2500 4730 2745 4805 ἀληθείᾳ,
2802 4732 3032 4809 πρώτως
3085 4733 3185 4805 μὲν
3237 4735 3382 4807 ἔχειν
3411 4736 3555 4791 κατὰ
3584 4738 3680 4808 τὴν
3695 4750 3809 4805 προ-

577 4820 722 4875 Deus
751 4838 969 4892 magnus
994 4820 1273 4890 Dominus,
1302 4832 1354 4874 et
1376 4819 1555 4874 illuxit
1586 4818 1753 4875 nobis.
1787 4817 1939 4887 Quod
1964 4820 2010 4876 si
2041 4822 2151 4877 Do-

2257 4823 2504 4894 φητείαν,
2525 4824 2793 4898 δευτέρως
2835 4825 2893 4879 δὲ
2930 4825 3051 4881 κατ’
3070 4827 3333 4892 ἐκείνους.
3359 4828 3423 4882 Εί
3454 4828 3522 4901 δὴ
3547 4825 3806 4899 πυθόμεθα

652 4998 767 5076 (μέ)
802 4997 1010 5076 ξμηειὶ.
1033 4997 1171 5076 Yide
1197 5008 1375 5076 notam
1398 4998 1489 5063 9'5,
1529 5015 1664 5076 pag.
1690 5000 1780 5056 64.
2316 5002 2439 5076 Δ(24)
2471 5002 2594 5058 Νοη
2619 5006 2732 5059 sine
2757 5005 2882 5076 vita.
2911 5003 3046 5059 Nam
3076 5015 3220 5061 eteo
3249 5014 3513 5074 tempore,
3554 4999 3810 5076 quoCIiri-

653 5066 768 5146 (lli)
807 5066 1000 5146 Ilotas.
1036 5068 1275 5146 Ex‘psal.
1309 5085 1400 5137 xv,
1432 5066 1737 5146 γεω-11.-
2259 5066 2555 5146 ξιῖςοῖψυε
2593 5076 2643 5128 in
2667 5074 2920 5146 sepulcro
2946 5078 3163 5146 mansit,
3203 5066 3378 5131 eidem
3401 5066 3615 5146 corpori
3640 5071 3804 5128 divina

654 5136 771 5213 (ῃ)
807 5136 1245 5213 Exsurge._Psal.
1272 5136 1539 5213 vn,_'vers.
1569 5140 1600 5193 7
1626 5151 1680 5197 et
1707 5140 1766 5194 8.
2259 5141 2425 5213 Verbi
2457 5136 2695 5213 'persona
2723 5136 3002 5213 conjuncta
3040 5136 3157 5200 mn;

680 5209 771 5286 εξ)
803 5206 1023 5286 δοιυὶιέ.
1058 5206 1214 5286 J_oan.
1240 5209 1415 5276 ",19.
1513 5279 1541 5286 _
1579 5279 1588 5286 ι
1711 5278 1758 5286 Μ
1837 5280 1868 5286 _
2091 5280 2125 5286 __
2314 5206 2525 5286 ⁸(25)1η
2557 5206 2920 5286 sancto.P§za_l.
2951 5230 3136 5286 um,
3153 5230 3296 5271 vers.
3325 5215 3393 5270 15
3417 5216 3533 5285 (seu
3563 5214 3675 5283 14).
3708 5209 3806 5286 Vox

681 5279 780 5353 ω)
795 5277 956 5353 Deus.
972 5276 1117 5353 [δεδι.
1142 5293 1290 5340 τινι.
1328 5293 1467 5353 vers.
1510 5279 1546 5333 2
1570 5279 1686 5353 (seu
1711 5278 1797 5353 '5).
1827 5280 2014 5353 Graeca
2041 5280 2157 5336 edi-
2258 5276 2440 5353 μόνος,
2467 5285 2518 5338 id
2540 5293 2625 5338 est
2651 5285 2815 5351 solus,
2848 5284 2995 5340 deest
3020 5285 3073 5340 in
3103 5276 3286 5340 Cra-ca
3313 5276 3571 5348 editione,
3601 5276 3654 5341 et
3675 5282 3807 5336 vide—

586 5345 706 5437 tioi:
736 5345 944 5421 Κύριος
980 5345 1225 5419 ὕψιστος,
1247 5349 1497 5420 φοϐερὸς,
1528 5345 1622 5405 καὶ
1659 5345 1929 5421 βασιλεύς,
1969 5362 2025 5408 et
2051 5366 2159 5407 ca:-

2257 5345 2367 5436 iur.
2396 5345 2500 5435 iure
2554 5345 2814 5437 translata
2840 5370 2934 5437 ἐξ
2971 5356 3253 5437 versiculo.
3275 5356 3343 5411 l9
3377 5345 3577 5437 psalmi
3608 5365 3805 5437 θερινῆς

585 5429 769 5547 malli
802 5488 848 5542 Α
878 5488 1028 5543 solis.
1053 5488 1197 5545 Psal.
1235 5505 1383 5547 χιιι.
1412 5502 1555 5545 vers.
1575 5489 1611 5544 2
1636 5500 1691 5545 et
1703 5490 1759 5545 3.

2499 5424 2694 5494 primi,
2764 5425 2853 5481 ubi
2913 5425 3106 5496 legitur
3162 5443 3175 5479 :
3229 5427 3260 5480 6
3314 5423 3484 5480 ποιῶν
3550 5423 3804 5495 θαυμάσια

654 5490 769 5632 (2οζ
802 5490 848 5542 Α
878 5490 1028 5543 solis.
1053 5490 1197 5545 Psal.
1235 5505 1383 5558 χιιι,
1412 5502 1555 5545 vers.
1575 5490 1611 5544 2
1636 5500 1691 5545 et
1703 5490 1759 5545 3.
2259 5490 2266 5564 ε

655 5561 743 5635 (gi
791 5559 1084 5635 @csurgat.
1114 5558 1258 5613 Psal.
1287 5573 1459 5625 Lxm,
1493 5574 1637 5635 vers.
1669 5562 1694 5615 1
1728 5560 1972 5635 (ξω-ε).
2069 5633 2078 5635 _
2135 5632 2144 5635 Α

2259 5493 2441 5635 μόῖἔθ)
2466 5561 2963 5635 Benedictus.Psal.
3000 5580 3166 5630 cxvn,
3194 5581 3338 5622 vers.
3367 5565 3439 5621 24
3481 5576 3531 5622 et
3558 5564 3646 5619 25.
3678 5560 3805 5635 Non-

678 5565 769 5632 21)
791 5565 967 5614 Ecsur
1001 5570 1073 5613 at.
1114 5565 1258 5613 Psal.
1287 5573 1459 5625 van,
1493 5574 1637 5616 vers.
1669 5565 1694 5615 1
1731 5565 1848 5631 (seu
1877 5565 1955 5632 2).
2351 5565 2441 5635 26)
2466 5565 2963 5619 Benedictus.Psal.
3000 5580 3166 5630 cxvu,
3194 5581 3338 5622 vers.
3367 5565 3439 5621 24
3481 5576 3531 5622 et
3558 5565 3646 5619 25.
3684 5565 3802 5617 Non-

655 5569 770 5713 ἷξε)
797 5628 925 5684 Iter.
962 5575 1107 5684 ἔδει.
1138 5644 1306 5695 vau,
1341 5643 1486 5685 vers.
1519 5629 1554 5683 4
1577 5631 1696 5701 (seu
1725 5630 1802 5704 5).
1832 5629 2010 5689 Edilio
2031 5648 2045 5688 :
2065 5632 2159 5688 ἐπὶ
2260 5565 2405 5688 nulla
2440 5634 2640 5713 omittit
2667 5634 3008 5713 ittterinedia.
3052 5635 3162 5713 Yon
3206 5650 3381 5692 autem
3414 5637 3610 5707 μέγας,
3641 5634 3689 5689 id
3710 5638 3802 5692 est.

586 5700 837 5776 Scep.ng
1004 5770 1038 5776 _
1111 5768 1124 5776 _
1543 5700 1595 5776 -'
1762 5700 1771 5704 ⁷
1864 5742 1867 5747 μ
2263 5720 2504 5776 magnus,
2531 5704 2681 5762 deest
2708 5705 2761 5760 in
2794 5703 2982 5762 Graeca
3019 5706 3275 5762 editione.

660 5768 773 5841 (25)
799 5769 983 5842 Surge.
1003 5768 1147 5831 Psal.
1166 5783 1350 5842 um,
1372 5783 1515 5831 vers.
1538 5769 1593 5830 8.
2352 5768 2373 5776 '
2490 5768 2517 5819 ἲ
