  <div class='ocr_page' id='page_1' title='image "/cluster/home/n/w/nwhite01/storage/ocr_20150623/39/coo.31924054869361/209.png"; bbox 0 0 4082 6408; ppageno 0'>
   <div class='ocr_carea' id='block_1_1' title="bbox 546 388 656 444">
    <p class='ocr_par' dir='ltr' id='par_1_1' title="bbox 546 388 656 444">
     <span class='ocr_line' id='line_1_1' title="bbox 546 388 656 444; baseline -0.009 0"><span class='ocrx_word' id='word_1_1' title='bbox 546 388 656 444; x_wconf 66' lang='grc'><strong><em>405</em></strong></span> 
     </span>
    </p>
   </div>
   <div class='ocr_carea' id='block_1_2' title="bbox 550 503 2131 582">
    <p class='ocr_par' dir='ltr' id='par_1_2' title="bbox 550 503 2131 582">
     <span class='ocr_line' id='line_1_2' title="bbox 550 503 2131 582; baseline -0.006 -19"><span class='ocrx_word' id='word_1_2' title='bbox 550 513 676 564; x_wconf 79' lang='lat' dir='ltr'><strong><em>dum</em></strong></span> <span class='ocrx_word' id='word_1_3' title='bbox 699 507 814 582; x_wconf 87' lang='grc'>(50)</span> <span class='ocrx_word' id='word_1_4' title='bbox 841 507 1178 560; x_wconf 77' lang='lat' dir='ltr'><strong><em>traditionem</em></strong></span> <span class='ocrx_word' id='word_1_5' title='bbox 1221 505 1514 568; x_wconf 82' lang='lat' dir='ltr'><strong><em>hominum,</em></strong></span> <span class='ocrx_word' id='word_1_6' title='bbox 1563 503 1846 557; x_wconf 88' lang='lat' dir='ltr'><strong><em>secundum</em></strong></span> <span class='ocrx_word' id='word_1_7' title='bbox 1880 503 2131 556; x_wconf 89' lang='lat' dir='ltr'><strong><em>elementa</em></strong></span> 
     </span>
    </p>
   </div>
   <div class='ocr_carea' id='block_1_3' title="bbox 550 593 2126 666">
    <p class='ocr_par' dir='ltr' id='par_1_3' title="bbox 550 593 2126 666">
     <span class='ocr_line' id='line_1_3' title="bbox 550 593 2126 666; baseline -0.008 -10"><span class='ocrx_word' id='word_1_8' title='bbox 550 603 754 666; x_wconf 83' lang='lat' dir='ltr'><strong><em>mundi,</em></strong></span> <span class='ocrx_word' id='word_1_9' title='bbox 772 612 816 654; x_wconf 86' lang='lat' dir='ltr'><strong><em>et</em></strong></span> <span class='ocrx_word' id='word_1_10' title='bbox 842 615 944 651; x_wconf 87' lang='lat' dir='ltr'><strong><em>nou</em></strong></span> <span class='ocrx_word' id='word_1_11' title='bbox 960 596 1243 651; x_wconf 87' lang='lat' dir='ltr'><strong><em>secundum</em></strong></span> <span class='ocrx_word' id='word_1_12' title='bbox 1259 593 1524 649; x_wconf 74' lang='lat' dir='ltr'><strong><em>Christum</em></strong></span> <span class='ocrx_word' id='word_1_13' title='bbox 1543 593 1761 656; x_wconf 81' lang='lat' dir='ltr'><strong><em>Iesum;</em></strong></span> <span class='ocrx_word' id='word_1_14' title='bbox 1793 594 1919 662; x_wconf 90' lang='lat' dir='ltr'><strong><em>quia</em></strong></span> <span class='ocrx_word' id='word_1_15' title='bbox 1934 593 1988 644; x_wconf 89' lang='lat' dir='ltr'><strong><em>in</em></strong></span> <span class='ocrx_word' id='word_1_16' title='bbox 2013 593 2126 657; x_wconf 88' lang='lat' dir='ltr'><strong><em>ipso</em></strong></span> 
     </span>
    </p>
   </div>
   <div class='ocr_carea' id='block_1_4' title="bbox 553 681 2130 754">
    <p class='ocr_par' dir='ltr' id='par_1_4' title="bbox 553 681 2130 754">
     <span class='ocr_line' id='line_1_4' title="bbox 553 681 2130 754; baseline -0.006 -11"><span class='ocrx_word' id='word_1_17' title='bbox 553 691 756 743; x_wconf 77' lang='lat' dir='ltr'><strong><em>habitat</em></strong></span> <span class='ocrx_word' id='word_1_18' title='bbox 785 689 951 740; x_wconf 89' lang='lat' dir='ltr'><strong><em>omnis</em></strong></span> <span class='ocrx_word' id='word_1_19' title='bbox 966 685 1238 754; x_wconf 89' lang='lat' dir='ltr'><strong><em>plenitudo</em></strong></span> <span class='ocrx_word' id='word_1_20' title='bbox 1257 682 1552 738; x_wconf 72' lang='lat' dir='ltr'><strong><em>divinitatis</em></strong></span> <span class='ocrx_word' id='word_1_21' title='bbox 1573 682 1947 749; x_wconf 70' lang='lat' dir='ltr'><strong><em>corporaliter;</em></strong></span> <span class='ocrx_word' id='word_1_22' title='bbox 1979 681 2028 734; x_wconf 87' lang='lat' dir='ltr'><strong><em>id</em></strong></span> <span class='ocrx_word' id='word_1_23' title='bbox 2045 691 2130 735; x_wconf 86' lang='lat' dir='ltr'><strong><em>est</em></strong></span> 
     </span>
    </p>
   </div>
   <div class='ocr_carea' id='block_1_5' title="bbox 551 770 2128 841">
    <p class='ocr_par' dir='ltr' id='par_1_5' title="bbox 551 770 2128 841">
     <span class='ocr_line' id='line_1_5' title="bbox 551 770 2128 841; baseline -0.004 -9"><span class='ocrx_word' id='word_1_24' title='bbox 551 776 1016 839; x_wconf 83' lang='lat' dir='ltr'><strong><em>substantialiter;</em></strong></span> <span class='ocrx_word' id='word_1_25' title='bbox 1068 790 1191 828; x_wconf 89' lang='lat' dir='ltr'><strong><em>nam</em></strong></span> <span class='ocrx_word' id='word_1_26' title='bbox 1243 773 1333 828; x_wconf 88' lang='lat' dir='ltr'><strong><em>ille</em></strong></span> <span class='ocrx_word' id='word_1_27' title='bbox 1380 787 1442 827; x_wconf 76' lang='lat' dir='ltr'><strong><em>es</em></strong></span> <span class='ocrx_word' id='word_1_28' title='bbox 1486 780 1673 825; x_wconf 88' lang='lat' dir='ltr'><strong><em>natura</em></strong></span> <span class='ocrx_word' id='word_1_29' title='bbox 1728 783 1812 826; x_wconf 90' lang='lat' dir='ltr'><strong><em>est</em></strong></span> <span class='ocrx_word' id='word_1_30' title='bbox 1854 770 2128 841; x_wconf 92' lang='lat' dir='ltr'><strong><em>plenitudo</em></strong></span> 
     </span>
    </p>
   </div>
   <div class='ocr_carea' id='block_1_6' title="bbox 551 863 2128 940">
    <p class='ocr_par' dir='ltr' id='par_1_6' title="bbox 551 863 2128 940">
     <span class='ocr_line' id='line_1_6' title="bbox 551 863 2128 940; baseline -0.006 -15"><span class='ocrx_word' id='word_1_31' title='bbox 551 871 690 940; x_wconf 89' lang='lat' dir='ltr'><strong><em>ipsa,</em></strong></span> <span class='ocrx_word' id='word_1_32' title='bbox 727 884 849 924; x_wconf 90' lang='lat' dir='ltr'><strong><em>cum</em></strong></span> <span class='ocrx_word' id='word_1_33' title='bbox 880 868 951 923; x_wconf 89' lang='lat' dir='ltr'><strong><em>sit</em></strong></span> <span class='ocrx_word' id='word_1_34' title='bbox 979 878 1201 937; x_wconf 86' lang='lat' dir='ltr'><strong><em>paterna</em></strong></span> <span class='ocrx_word' id='word_1_35' title='bbox 1249 867 1362 936; x_wconf 89' lang='lat' dir='ltr'><strong><em>ipse</em></strong></span> <span class='ocrx_word' id='word_1_36' title='bbox 1404 865 1582 920; x_wconf 90' lang='lat' dir='ltr'><strong><em>Deitas</em></strong></span> <span class='ocrx_word' id='word_1_37' title='bbox 1631 880 1697 918; x_wconf 77' lang='lat' dir='ltr'><strong><em>ex</em></strong></span> <span class='ocrx_word' id='word_1_38' title='bbox 1735 863 1967 919; x_wconf 76' lang='lat' dir='ltr'><strong><em>essentia</em></strong></span> <span class='ocrx_word' id='word_1_39' title='bbox 2001 880 2015 915; x_wconf 91' lang='lat'><strong><em>:</em></strong></span> <span class='ocrx_word' id='word_1_40' title='bbox 2046 876 2128 916; x_wconf 87' lang='lat' dir='ltr'><strong><em>et-</em></strong></span> 
     </span>
    </p>
   </div>
   <div class='ocr_carea' id='block_1_7' title="bbox 549 955 2126 1031">
    <p class='ocr_par' dir='ltr' id='par_1_7' title="bbox 549 955 2126 1031">
     <span class='ocr_line' id='line_1_7' title="bbox 549 955 2126 1031; baseline -0.007 -13"><span class='ocrx_word' id='word_1_41' title='bbox 549 965 694 1018; x_wconf 93' lang='lat' dir='ltr'><strong><em>enim</em></strong></span> <span class='ocrx_word' id='word_1_42' title='bbox 723 979 826 1016; x_wconf 90' lang='lat' dir='ltr'><strong><em>non</em></strong></span> <span class='ocrx_word' id='word_1_43' title='bbox 847 962 1088 1031; x_wconf 84' lang='lat' dir='ltr'><strong><em>rapinam</em></strong></span> <span class='ocrx_word' id='word_1_44' title='bbox 1121 960 1232 1031; x_wconf 70' lang='lat'><strong>(51)</strong></span> <span class='ocrx_word' id='word_1_45' title='bbox 1258 961 1543 1014; x_wconf 79' lang='lat' dir='ltr'><strong><em>arbitratus</em></strong></span> <span class='ocrx_word' id='word_1_46' title='bbox 1575 970 1648 1013; x_wconf 85' lang='lat' dir='ltr'><strong><em>est</em></strong></span> <span class='ocrx_word' id='word_1_47' title='bbox 1669 974 1778 1012; x_wconf 89' lang='lat' dir='ltr'><strong><em>esse</em></strong></span> <span class='ocrx_word' id='word_1_48' title='bbox 1796 973 1851 1011; x_wconf 90' lang='lat' dir='ltr'><strong><em>se</em></strong></span> <span class='ocrx_word' id='word_1_49' title='bbox 1872 955 2126 1024; x_wconf 70' lang='lat' dir='ltr'><strong><em>aqualem</em></strong></span> 
     </span>
    </p>
   </div>
   <div class='ocr_carea' id='block_1_8' title="bbox 551 1047 2128 1122">
    <p class='ocr_par' dir='ltr' id='par_1_8' title="bbox 551 1047 2128 1122">
     <span class='ocr_line' id='line_1_8' title="bbox 551 1047 2128 1122; baseline -0.003 -14"><span class='ocrx_word' id='word_1_50' title='bbox 551 1054 684 1109; x_wconf 83' lang='lat' dir='ltr'><strong><em>Deo.</em></strong></span> <span class='ocrx_word' id='word_1_51' title='bbox 711 1053 821 1110; x_wconf 80' lang='lat' dir='ltr'><strong><em>Nos</em></strong></span> <span class='ocrx_word' id='word_1_52' title='bbox 865 1064 1046 1108; x_wconf 88' lang='lat' dir='ltr'><strong><em>autem</em></strong></span> <span class='ocrx_word' id='word_1_53' title='bbox 1081 1069 1148 1106; x_wconf 80' lang='lat' dir='ltr'><strong><em>ex</em></strong></span> <span class='ocrx_word' id='word_1_54' title='bbox 1187 1051 1278 1106; x_wconf 92' lang='lat' dir='ltr'><strong><em>illo</em></strong></span> <span class='ocrx_word' id='word_1_55' title='bbox 1322 1053 1413 1122; x_wconf 89' lang='lat' dir='ltr'><strong><em>qui</em></strong></span> <span class='ocrx_word' id='word_1_56' title='bbox 1462 1060 1545 1105; x_wconf 90' lang='lat' dir='ltr'><strong><em>est</em></strong></span> <span class='ocrx_word' id='word_1_57' title='bbox 1575 1049 1870 1120; x_wconf 84' lang='lat' dir='ltr'><strong><em>plenitudo,</em></strong></span> <span class='ocrx_word' id='word_1_58' title='bbox 1908 1049 1979 1104; x_wconf 91' lang='lat' dir='ltr'><strong><em>ob</em></strong></span> <span class='ocrx_word' id='word_1_59' title='bbox 2009 1047 2128 1117; x_wconf 83' lang='lat' dir='ltr'><strong><em>ejus</em></strong></span> 
     </span>
    </p>
   </div>
   <div class='ocr_carea' id='block_1_9' title="bbox 551 1144 2127 1217">
    <p class='ocr_par' dir='ltr' id='par_1_9' title="bbox 551 1144 2127 1217">
     <span class='ocr_line' id='line_1_9' title="bbox 551 1144 2127 1217; baseline -0.006 -15"><span class='ocrx_word' id='word_1_60' title='bbox 551 1148 850 1202; x_wconf 86' lang='lat' dir='ltr'><strong><em>bonitatem</em></strong></span> <span class='ocrx_word' id='word_1_61' title='bbox 885 1146 1116 1217; x_wconf 76' lang='lat' dir='ltr'><strong><em>gratiam</em></strong></span> <span class='ocrx_word' id='word_1_62' title='bbox 1149 1144 1478 1215; x_wconf 87' lang='lat' dir='ltr'><strong><em>accepimus,</em></strong></span> <span class='ocrx_word' id='word_1_63' title='bbox 1498 1158 1662 1212; x_wconf 89' lang='lat' dir='ltr'><strong><em>quam</em></strong></span> <span class='ocrx_word' id='word_1_64' title='bbox 1695 1151 1907 1207; x_wconf 91' lang='lat' dir='ltr'><strong><em>natura,</em></strong></span> <span class='ocrx_word' id='word_1_65' title='bbox 1943 1147 2127 1210; x_wconf 83' lang='lat' dir='ltr'><strong><em>utpote</em></strong></span> 
     </span>
    </p>
   </div>
   <div class='ocr_carea' id='block_1_10' title="bbox 551 1231 2125 1305">
    <p class='ocr_par' dir='ltr' id='par_1_10' title="bbox 551 1231 2125 1305">
     <span class='ocr_line' id='line_1_10' title="bbox 551 1231 2125 1305; baseline -0.006 -9"><span class='ocrx_word' id='word_1_66' title='bbox 551 1239 717 1302; x_wconf 87' lang='lat' dir='ltr'><strong><em>servi,</em></strong></span> <span class='ocrx_word' id='word_1_67' title='bbox 742 1254 849 1294; x_wconf 92' lang='lat' dir='ltr'><strong><em>non</em></strong></span> <span class='ocrx_word' id='word_1_68' title='bbox 885 1238 1237 1302; x_wconf 84' lang='lat' dir='ltr'><strong><em>habebamus,</em></strong></span> <span class='ocrx_word' id='word_1_69' title='bbox 1284 1237 1433 1305; x_wconf 80' lang='lat' dir='ltr'><strong><em>juxta</em></strong></span> <span class='ocrx_word' id='word_1_70' title='bbox 1473 1233 1732 1290; x_wconf 83' lang='lat' dir='ltr'><strong><em>Joannem</em></strong></span> <span class='ocrx_word' id='word_1_71' title='bbox 1774 1235 1864 1303; x_wconf 89' lang='lat' dir='ltr'><strong><em>qui</em></strong></span> <span class='ocrx_word' id='word_1_72' title='bbox 1890 1233 2006 1288; x_wconf 85' lang='lat' dir='ltr'><strong><em>ait:</em></strong></span> <span class='ocrx_word' id='word_1_73' title='bbox 2054 1231 2125 1286; x_wconf 90' lang='lat' dir='ltr'><strong><em>Et</em></strong></span> 
     </span>
    </p>
   </div>
   <div class='ocr_carea' id='block_1_11' title="bbox 551 1327 2127 1408">
    <p class='ocr_par' dir='ltr' id='par_1_11' title="bbox 551 1327 2127 1408">
     <span class='ocr_line' id='line_1_11' title="bbox 551 1327 2127 1408; baseline -0.006 -22"><span class='ocrx_word' id='word_1_74' title='bbox 551 1349 618 1386; x_wconf 78' lang='lat' dir='ltr'><strong><em>ea:</em></strong></span> <span class='ocrx_word' id='word_1_75' title='bbox 645 1329 756 1403; x_wconf 72' lang='lat'><strong>(52)</strong></span> <span class='ocrx_word' id='word_1_76' title='bbox 779 1331 1098 1399; x_wconf 80' lang='lat' dir='ltr'><strong><em>plenitudine</em></strong></span> <span class='ocrx_word' id='word_1_77' title='bbox 1133 1329 1245 1398; x_wconf 87' lang='lat' dir='ltr'><strong><em>ejus</em></strong></span> <span class='ocrx_word' id='word_1_78' title='bbox 1275 1344 1367 1408; x_wconf 87' lang='lat' dir='ltr'><strong><em>nos</em></strong></span> <span class='ocrx_word' id='word_1_79' title='bbox 1395 1343 1568 1381; x_wconf 86' lang='lat' dir='ltr'><strong><em>omnes</em></strong></span> <span class='ocrx_word' id='word_1_80' title='bbox 1599 1327 1908 1396; x_wconf 86' lang='lat' dir='ltr'><strong><em>accepimus,</em></strong></span> <span class='ocrx_word' id='word_1_81' title='bbox 1926 1335 1972 1380; x_wconf 88' lang='lat' dir='ltr'><strong><em>et</em></strong></span> <span class='ocrx_word' id='word_1_82' title='bbox 2006 1341 2127 1395; x_wconf 88' lang='lat' dir='ltr'><strong><em>gra-</em></strong></span> 
     </span>
    </p>
   </div>
   <div class='ocr_carea' id='block_1_12' title="bbox 553 1418 2126 1492">
    <p class='ocr_par' dir='ltr' id='par_1_12' title="bbox 553 1418 2126 1492">
     <span class='ocr_line' id='line_1_12' title="bbox 553 1418 2126 1492; baseline -0.003 -16"><span class='ocrx_word' id='word_1_83' title='bbox 553 1425 684 1476; x_wconf 87' lang='lat' dir='ltr'><strong><em>tiam</em></strong></span> <span class='ocrx_word' id='word_1_84' title='bbox 714 1439 808 1491; x_wconf 87' lang='lat' dir='ltr'><strong><em>pro</em></strong></span> <span class='ocrx_word' id='word_1_85' title='bbox 849 1423 1023 1492; x_wconf 86' lang='lat' dir='ltr'><strong><em>gratia</em></strong></span> <span class='ocrx_word' id='word_1_86' title='bbox 1043 1463 1057 1487; x_wconf 95' lang='lat'><strong><em>,</em></strong></span> <span class='ocrx_word' id='word_1_87' title='bbox 1093 1421 1145 1475; x_wconf 89' lang='lat' dir='ltr'><strong><em>id</em></strong></span> <span class='ocrx_word' id='word_1_88' title='bbox 1172 1429 1277 1485; x_wconf 91' lang='lat' dir='ltr'><strong><em>est,</em></strong></span> <span class='ocrx_word' id='word_1_89' title='bbox 1312 1418 1540 1488; x_wconf 82' lang='lat' dir='ltr'><strong><em>gratiam</em></strong></span> <span class='ocrx_word' id='word_1_90' title='bbox 1574 1419 1995 1488; x_wconf 80' lang='lat' dir='ltr'><strong><em>regenerationis</em></strong></span> <span class='ocrx_word' id='word_1_91' title='bbox 2027 1432 2126 1486; x_wconf 92' lang='lat' dir='ltr'><strong><em>pro</em></strong></span> 
     </span>
    </p>
   </div>
   <div class='ocr_carea' id='block_1_13' title="bbox 553 1511 2122 1584">
    <p class='ocr_par' dir='ltr' id='par_1_13' title="bbox 553 1511 2122 1584">
     <span class='ocr_line' id='line_1_13' title="bbox 553 1511 2122 1584; baseline -0.001 -19"><span class='ocrx_word' id='word_1_92' title='bbox 553 1515 748 1583; x_wconf 86' lang='lat' dir='ltr'><strong><em>gratia,</em></strong></span> <span class='ocrx_word' id='word_1_93' title='bbox 796 1528 956 1583; x_wconf 87' lang='lat' dir='ltr'><strong><em>quam</em></strong></span> <span class='ocrx_word' id='word_1_94' title='bbox 1000 1513 1297 1582; x_wconf 72' lang='lat' dir='ltr'><strong><em>abiecimus</em></strong></span> <span class='ocrx_word' id='word_1_95' title='bbox 1326 1512 1458 1584; x_wconf 83' lang='lat'><strong>(5&#39;5),</strong></span> <span class='ocrx_word' id='word_1_96' title='bbox 1509 1512 1724 1580; x_wconf 92' lang='lat' dir='ltr'><strong><em>quando</em></strong></span> <span class='ocrx_word' id='word_1_97' title='bbox 1764 1511 1993 1580; x_wconf 88' lang='lat' dir='ltr'><strong><em>primum</em></strong></span> <span class='ocrx_word' id='word_1_98' title='bbox 2034 1511 2122 1564; x_wconf 89' lang='lat' dir='ltr'><strong><em>Dei</em></strong></span> 
     </span>
    </p>
   </div>
   <div class='ocr_carea' id='block_1_14' title="bbox 551 1603 2122 1676">
    <p class='ocr_par' dir='ltr' id='par_1_14' title="bbox 551 1603 2122 1676">
     <span class='ocr_line' id='line_1_14' title="bbox 551 1603 2122 1676; baseline -0.001 -20"><span class='ocrx_word' id='word_1_99' title='bbox 551 1616 902 1675; x_wconf 69' lang='lat' dir='ltr'><strong><em>praeceptum,</em></strong></span> <span class='ocrx_word' id='word_1_100' title='bbox 928 1620 1033 1674; x_wconf 93' lang='lat' dir='ltr'><strong><em>quo</em></strong></span> <span class='ocrx_word' id='word_1_101' title='bbox 1055 1605 1123 1659; x_wconf 89' lang='lat' dir='ltr'><strong><em>ab</em></strong></span> <span class='ocrx_word' id='word_1_102' title='bbox 1150 1620 1254 1659; x_wconf 92' lang='lat' dir='ltr'><strong><em>una</em></strong></span> <span class='ocrx_word' id='word_1_103' title='bbox 1280 1606 1455 1676; x_wconf 85' lang='lat' dir='ltr'><strong><em>planta</em></strong></span> <span class='ocrx_word' id='word_1_104' title='bbox 1480 1606 1751 1660; x_wconf 89' lang='lat' dir='ltr'><strong><em>abstinere</em></strong></span> <span class='ocrx_word' id='word_1_105' title='bbox 1778 1603 2122 1674; x_wconf 78' lang='lat' dir='ltr'><strong><em>jubebantur,</em></strong></span> 
     </span>
    </p>
   </div>
   <div class='ocr_carea' id='block_1_15' title="bbox 553 1694 2123 1768">
    <p class='ocr_par' dir='ltr' id='par_1_15' title="bbox 553 1694 2123 1768">
     <span class='ocr_line' id='line_1_15' title="bbox 553 1694 2123 1768; baseline -0.001 -19"><span class='ocrx_word' id='word_1_106' title='bbox 553 1695 969 1766; x_wconf 74' lang='lat' dir='ltr'><strong><em>repudiavimus.</em></strong></span> <span class='ocrx_word' id='word_1_107' title='bbox 997 1695 1120 1751; x_wconf 89' lang='lat' dir='ltr'><strong><em>Non</em></strong></span> <span class='ocrx_word' id='word_1_108' title='bbox 1135 1695 1605 1768; x_wconf 70' lang='lat' dir='ltr'><strong><em>enim,inquit(54)</em></strong></span> <span class='ocrx_word' id='word_1_109' title='bbox 1628 1694 1844 1762; x_wconf 85' lang='lat' dir='ltr'><strong><em>Paulus,</em></strong></span> <span class='ocrx_word' id='word_1_110' title='bbox 1862 1695 1975 1765; x_wconf 82' lang='lat' dir='ltr'><strong><em>jam</em></strong></span> <span class='ocrx_word' id='word_1_111' title='bbox 1999 1695 2123 1748; x_wconf 86' lang='lat' dir='ltr'><strong><em>estis</em></strong></span> 
     </span>
    </p>
   </div>
   <div class='ocr_carea' id='block_1_16' title="bbox 551 1786 2126 1858">
    <p class='ocr_par' dir='ltr' id='par_1_16' title="bbox 551 1786 2126 1858">
     <span class='ocr_line' id='line_1_16' title="bbox 551 1786 2126 1858; baseline 0 -18"><span class='ocrx_word' id='word_1_112' title='bbox 551 1787 661 1857; x_wconf 77' lang='lat'><strong><em>83</em></strong></span> <span class='ocrx_word' id='word_1_113' title='bbox 693 1787 786 1841; x_wconf 91' lang='lat' dir='ltr'><strong><em>sub</em></strong></span> <span class='ocrx_word' id='word_1_114' title='bbox 813 1786 940 1858; x_wconf 86' lang='lat' dir='ltr'><strong><em>lege,</em></strong></span> <span class='ocrx_word' id='word_1_115' title='bbox 963 1797 1051 1842; x_wconf 83' lang='lat' dir='ltr'><strong><em>sed</em></strong></span> <span class='ocrx_word' id='word_1_116' title='bbox 1075 1788 1169 1842; x_wconf 87' lang='lat' dir='ltr'><strong><em>sub</em></strong></span> <span class='ocrx_word' id='word_1_117' title='bbox 1199 1790 1395 1858; x_wconf 86' lang='lat' dir='ltr'><strong><em>gratia.</em></strong></span> <span class='ocrx_word' id='word_1_118' title='bbox 1413 1787 1480 1842; x_wconf 87' lang='lat' dir='ltr'><strong><em>Et</em></strong></span> <span class='ocrx_word' id='word_1_119' title='bbox 1507 1804 1695 1843; x_wconf 85' lang='lat' dir='ltr'><strong><em>rursus</em></strong></span> <span class='ocrx_word' id='word_1_120' title='bbox 1718 1807 1730 1842; x_wconf 90' lang='lat'><strong><em>:</em></strong></span> <span class='ocrx_word' id='word_1_121' title='bbox 1759 1787 1898 1853; x_wconf 82' lang='lat' dir='ltr'><strong><em>Quia</em></strong></span> <span class='ocrx_word' id='word_1_122' title='bbox 1925 1788 2039 1856; x_wconf 83' lang='lat'><strong>(55)</strong></span> <span class='ocrx_word' id='word_1_123' title='bbox 2070 1789 2126 1840; x_wconf 91' lang='lat' dir='ltr'><strong><em>in</em></strong></span> 
     </span>
    </p>
   </div>
   <div class='ocr_carea' id='block_1_17' title="bbox 550 1864 2126 1949">
    <p class='ocr_par' dir='ltr' id='par_1_17' title="bbox 550 1864 2126 1949">
     <span class='ocr_line' id='line_1_17' title="bbox 550 1864 2126 1949; baseline 0.001 -17"><span class='ocrx_word' id='word_1_124' title='bbox 550 1882 664 1946; x_wconf 80' lang='lat' dir='ltr'><strong><em>ipso</em></strong></span> <span class='ocrx_word' id='word_1_125' title='bbox 685 1880 1017 1947; x_wconf 85' lang='lat' dir='ltr'><strong><em>complacuit,</em></strong></span> <span class='ocrx_word' id='word_1_126' title='bbox 1059 1896 1261 1934; x_wconf 89' lang='lat' dir='ltr'><strong><em>omnem</em></strong></span> <span class='ocrx_word' id='word_1_127' title='bbox 1297 1864 1672 1949; x_wconf 80' lang='lat' dir='ltr'><strong><em>plenitudinem</em></strong></span> <span class='ocrx_word' id='word_1_128' title='bbox 1710 1881 2024 1946; x_wconf 84' lang='lat' dir='ltr'><strong><em>inhabitare,</em></strong></span> <span class='ocrx_word' id='word_1_129' title='bbox 2076 1891 2126 1934; x_wconf 91' lang='lat' dir='ltr'><strong><em>et</em></strong></span> 
     </span>
    </p>
   </div>
   <div class='ocr_carea' id='block_1_18' title="bbox 553 1970 2127 2042">
    <p class='ocr_par' dir='ltr' id='par_1_18' title="bbox 553 1970 2127 2042">
     <span class='ocr_line' id='line_1_18' title="bbox 553 1970 2127 2042; baseline 0.001 -20"><span class='ocrx_word' id='word_1_130' title='bbox 553 1985 648 2032; x_wconf 87' lang='lat' dir='ltr'><strong><em>per</em></strong></span> <span class='ocrx_word' id='word_1_131' title='bbox 668 1986 787 2024; x_wconf 89' lang='lat' dir='ltr'><strong><em>eum</em></strong></span> <span class='ocrx_word' id='word_1_132' title='bbox 829 1972 1167 2026; x_wconf 84' lang='lat' dir='ltr'><strong><em>reconciliare</em></strong></span> <span class='ocrx_word' id='word_1_133' title='bbox 1214 1971 1457 2025; x_wconf 90' lang='lat' dir='ltr'><strong><em>omniain</em></strong></span> <span class='ocrx_word' id='word_1_134' title='bbox 1503 1972 1701 2042; x_wconf 88' lang='lat' dir='ltr'><strong><em>ipsum.</em></strong></span> <span class='ocrx_word' id='word_1_135' title='bbox 1755 1970 2127 2027; x_wconf 86' lang='lat' dir='ltr'><strong><em>Consentanea</em></strong></span> 
     </span>
    </p>
   </div>
   <div class='ocr_carea' id='block_1_19' title="bbox 525 2061 2126 2132">
    <p class='ocr_par' dir='ltr' id='par_1_19' title="bbox 525 2061 2126 2132">
     <span class='ocr_line' id='line_1_19' title="bbox 525 2061 2126 2132; baseline 0.004 -21"><span class='ocrx_word' id='word_1_136' title='bbox 525 2061 823 2115; x_wconf 71' lang='lat' dir='ltr'><strong><em>sunthaec</em></strong></span> <span class='ocrx_word' id='word_1_137' title='bbox 859 2076 1076 2132; x_wconf 87' lang='lat' dir='ltr'><strong><em>quoque</em></strong></span> <span class='ocrx_word' id='word_1_138' title='bbox 1128 2064 1530 2132; x_wconf 79' lang='lat' dir='ltr'><strong><em>superioribus;</em></strong></span> <span class='ocrx_word' id='word_1_139' title='bbox 1585 2079 1710 2118; x_wconf 89' lang='lat' dir='ltr'><strong><em>nam</em></strong></span> <span class='ocrx_word' id='word_1_140' title='bbox 1761 2079 1882 2118; x_wconf 92' lang='lat' dir='ltr'><strong><em>cum</em></strong></span> <span class='ocrx_word' id='word_1_141' title='bbox 1937 2072 2126 2118; x_wconf 66' lang='lat' dir='ltr'><strong><em>natura</em></strong></span> 
     </span>
    </p>
   </div>
   <div class='ocr_carea' id='block_1_20' title="bbox 553 2150 2126 2226">
    <p class='ocr_par' dir='ltr' id='par_1_20' title="bbox 553 2150 2126 2226">
     <span class='ocr_line' id='line_1_20' title="bbox 553 2150 2126 2226; baseline 0.003 -22"><span class='ocrx_word' id='word_1_142' title='bbox 553 2150 716 2208; x_wconf 88' lang='lat' dir='ltr'><strong><em>Pater</em></strong></span> <span class='ocrx_word' id='word_1_143' title='bbox 737 2153 788 2206; x_wconf 93' lang='lat' dir='ltr'><strong><em>in</em></strong></span> <span class='ocrx_word' id='word_1_144' title='bbox 814 2153 972 2222; x_wconf 91' lang='lat' dir='ltr'><strong><em>Filio,</em></strong></span> <span class='ocrx_word' id='word_1_145' title='bbox 1010 2164 1062 2210; x_wconf 88' lang='lat' dir='ltr'><strong><em>et</em></strong></span> <span class='ocrx_word' id='word_1_146' title='bbox 1091 2153 1264 2209; x_wconf 84' lang='lat' dir='ltr'><strong><em>Filius</em></strong></span> <span class='ocrx_word' id='word_1_147' title='bbox 1287 2155 1339 2208; x_wconf 92' lang='lat' dir='ltr'><strong><em>in</em></strong></span> <span class='ocrx_word' id='word_1_148' title='bbox 1369 2154 1552 2218; x_wconf 88' lang='lat' dir='ltr'><strong><em>Patre,</em></strong></span> <span class='ocrx_word' id='word_1_149' title='bbox 1579 2155 1825 2226; x_wconf 84' lang='lat' dir='ltr'><strong><em>quamvis</em></strong></span> <span class='ocrx_word' id='word_1_150' title='bbox 1848 2155 2126 2226; x_wconf 87' lang='lat' dir='ltr'><strong><em>bypostasi</em></strong></span> 
     </span>
    </p>
   </div>
   <div class='ocr_carea' id='block_1_21' title="bbox 552 2245 2128 2317">
    <p class='ocr_par' dir='ltr' id='par_1_21' title="bbox 552 2245 2128 2317">
     <span class='ocr_line' id='line_1_21' title="bbox 552 2245 2128 2317; baseline 0.002 -20"><span class='ocrx_word' id='word_1_151' title='bbox 552 2245 862 2309; x_wconf 84' lang='lat' dir='ltr'><strong><em>distinctus,</em></strong></span> <span class='ocrx_word' id='word_1_152' title='bbox 923 2247 1171 2311; x_wconf 81' lang='lat' dir='ltr'><strong><em>exsistat,</em></strong></span> <span class='ocrx_word' id='word_1_153' title='bbox 1229 2248 1372 2304; x_wconf 87' lang='lat' dir='ltr'><strong><em>sicut</em></strong></span> <span class='ocrx_word' id='word_1_154' title='bbox 1421 2263 1582 2303; x_wconf 90' lang='lat' dir='ltr'><strong><em>omne</em></strong></span> <span class='ocrx_word' id='word_1_155' title='bbox 1634 2248 1796 2302; x_wconf 89' lang='lat' dir='ltr'><strong><em>etiam</em></strong></span> <span class='ocrx_word' id='word_1_156' title='bbox 1847 2249 2128 2317; x_wconf 85' lang='grc' dir='ltr'>συγγενές,</span> 
     </span>
    </p>
   </div>
   <div class='ocr_carea' id='block_1_22' title="bbox 557 2338 2129 2411">
    <p class='ocr_par' dir='ltr' id='par_1_22' title="bbox 557 2338 2129 2411">
     <span class='ocr_line' id='line_1_22' title="bbox 557 2338 2129 2411; baseline 0.003 -19"><span class='ocrx_word' id='word_1_157' title='bbox 557 2338 660 2393; x_wconf 91' lang='lat' dir='ltr'><strong><em>hoc</em></strong></span> <span class='ocrx_word' id='word_1_158' title='bbox 698 2347 782 2393; x_wconf 85' lang='lat' dir='ltr'><strong><em>est</em></strong></span> <span class='ocrx_word' id='word_1_159' title='bbox 819 2341 1173 2406; x_wconf 78' lang='lat' dir='ltr'><strong><em>coexsistens,</em></strong></span> <span class='ocrx_word' id='word_1_160' title='bbox 1207 2340 1565 2408; x_wconf 81' lang='lat' dir='ltr'><strong><em>inseparabile</em></strong></span> <span class='ocrx_word' id='word_1_161' title='bbox 1609 2341 2009 2411; x_wconf 86' lang='lat' dir='ltr'><strong><em>quodammodo</em></strong></span> <span class='ocrx_word' id='word_1_162' title='bbox 2060 2341 2129 2396; x_wconf 89' lang='lat' dir='ltr'><strong><em>ab</em></strong></span> 
     </span>
    </p>
   </div>
   <div class='ocr_carea' id='block_1_23' title="bbox 556 2429 2126 2501">
    <p class='ocr_par' dir='ltr' id='par_1_23' title="bbox 556 2429 2126 2501">
     <span class='ocr_line' id='line_1_23' title="bbox 556 2429 2126 2501; baseline 0.004 -19"><span class='ocrx_word' id='word_1_163' title='bbox 556 2429 646 2482; x_wconf 87' lang='lat' dir='ltr'><strong><em>illo</em></strong></span> <span class='ocrx_word' id='word_1_164' title='bbox 687 2439 791 2493; x_wconf 88' lang='lat' dir='ltr'><strong><em>est,</em></strong></span> <span class='ocrx_word' id='word_1_165' title='bbox 829 2433 980 2501; x_wconf 85' lang='lat' dir='ltr'><strong><em>cujus</em></strong></span> <span class='ocrx_word' id='word_1_166' title='bbox 1009 2441 1252 2501; x_wconf 87' lang='lat' dir='ltr'><strong><em>respectu</em></strong></span> <span class='ocrx_word' id='word_1_167' title='bbox 1282 2434 1615 2487; x_wconf 81' lang='lat' dir='ltr'><strong><em>coexsistens</em></strong></span> <span class='ocrx_word' id='word_1_168' title='bbox 1649 2443 1733 2488; x_wconf 88' lang='lat' dir='ltr'><strong><em>est</em></strong></span> <span class='ocrx_word' id='word_1_169' title='bbox 1762 2454 1774 2489; x_wconf 92' lang='lat'><strong><em>:</em></strong></span> <span class='ocrx_word' id='word_1_170' title='bbox 1827 2433 2032 2488; x_wconf 88' lang='lat' dir='ltr'><strong><em>idcirco</em></strong></span> <span class='ocrx_word' id='word_1_171' title='bbox 2071 2435 2126 2488; x_wconf 92' lang='lat' dir='ltr'><strong><em>in</em></strong></span> 
     </span>
    </p>
   </div>
   <div class='ocr_carea' id='block_1_24' title="bbox 527 2519 2128 2596">
    <p class='ocr_par' dir='ltr' id='par_1_24' title="bbox 527 2519 2128 2596">
     <span class='ocr_line' id='line_1_24' title="bbox 527 2519 2128 2596; baseline 0.005 -26"><span class='ocrx_word' id='word_1_172' title='bbox 527 2552 530 2557; x_wconf 89' lang='lat'><strong><em>-</em></strong></span> <span class='ocrx_word' id='word_1_173' title='bbox 559 2535 646 2581; x_wconf 77' lang='lat' dir='ltr'><strong><em>uo,</em></strong></span> <span class='ocrx_word' id='word_1_174' title='bbox 679 2520 744 2573; x_wconf 88' lang='lat' dir='ltr'><strong><em>de</em></strong></span> <span class='ocrx_word' id='word_1_175' title='bbox 773 2535 880 2588; x_wconf 91' lang='lat' dir='ltr'><strong><em>quo</em></strong></span> <span class='ocrx_word' id='word_1_176' title='bbox 925 2535 1107 2575; x_wconf 86' lang='lat' dir='ltr'><strong><em>sermo</em></strong></span> <span class='ocrx_word' id='word_1_177' title='bbox 1137 2533 1241 2586; x_wconf 88' lang='lat' dir='ltr'><strong><em>est,</em></strong></span> <span class='ocrx_word' id='word_1_178' title='bbox 1295 2519 1587 2592; x_wconf 63' lang='lat' dir='ltr'><strong><em>Scriptura:</em></strong></span> <span class='ocrx_word' id='word_1_179' title='bbox 1634 2531 1784 2577; x_wconf 83' lang='lat' dir='ltr'><strong><em>textu</em></strong></span> <span class='ocrx_word' id='word_1_180' title='bbox 1837 2535 1981 2579; x_wconf 88' lang='lat' dir='ltr'><strong><em>recte</em></strong></span> <span class='ocrx_word' id='word_1_181' title='bbox 2016 2523 2128 2596; x_wconf 86' lang='lat'><strong>(56)</strong></span> 
     </span>
    </p>
   </div>
   <div class='ocr_carea' id='block_1_25' title="bbox 556 2608 2130 2682">
    <p class='ocr_par' dir='ltr' id='par_1_25' title="bbox 556 2608 2130 2682">
     <span class='ocr_line' id='line_1_25' title="bbox 556 2608 2130 2682; baseline 0.008 -21"><span class='ocrx_word' id='word_1_182' title='bbox 556 2608 743 2674; x_wconf 77' lang='lat' dir='ltr'><strong><em>etiam,</em></strong></span> <span class='ocrx_word' id='word_1_183' title='bbox 775 2611 876 2665; x_wconf 88' lang='lat' dir='ltr'><strong><em>etsi</em></strong></span> <span class='ocrx_word' id='word_1_184' title='bbox 906 2611 1057 2666; x_wconf 81' lang='lat' dir='ltr'><strong><em>valde</em></strong></span> <span class='ocrx_word' id='word_1_185' title='bbox 1083 2613 1367 2682; x_wconf 82' lang='lat' dir='ltr'><strong><em>profunde,</em></strong></span> <span class='ocrx_word' id='word_1_186' title='bbox 1393 2627 1458 2667; x_wconf 89' lang='lat' dir='ltr'><strong><em>ac</em></strong></span> <span class='ocrx_word' id='word_1_187' title='bbox 1494 2613 1564 2668; x_wconf 90' lang='lat' dir='ltr'><strong><em>ita</em></strong></span> <span class='ocrx_word' id='word_1_188' title='bbox 1591 2623 1648 2668; x_wconf 90' lang='lat' dir='ltr'><strong><em>ut</em></strong></span> <span class='ocrx_word' id='word_1_189' title='bbox 1678 2614 1836 2671; x_wconf 81' lang='lat' dir='ltr'><strong><em>facile</em></strong></span> <span class='ocrx_word' id='word_1_190' title='bbox 1866 2617 1916 2670; x_wconf 87' lang='lat' dir='ltr'><strong><em>id</em></strong></span> <span class='ocrx_word' id='word_1_191' title='bbox 1942 2632 2130 2673; x_wconf 86' lang='lat' dir='ltr'><strong><em>omnes</em></strong></span> 
     </span>
    </p>
   </div>
   <div class='ocr_carea' id='block_1_26' title="bbox 556 2703 2130 2775">
    <p class='ocr_par' dir='ltr' id='par_1_26' title="bbox 556 2703 2130 2775">
     <span class='ocr_line' id='line_1_26' title="bbox 556 2703 2130 2775; baseline 0.005 -20"><span class='ocrx_word' id='word_1_192' title='bbox 556 2705 773 2772; x_wconf 81' lang='lat' dir='ltr'><strong><em>assequi</em></strong></span> <span class='ocrx_word' id='word_1_193' title='bbox 811 2715 1104 2773; x_wconf 85' lang='lat' dir='ltr'><strong><em>nequeant,</em></strong></span> <span class='ocrx_word' id='word_1_194' title='bbox 1138 2706 1376 2760; x_wconf 90' lang='lat' dir='ltr'><strong><em>additum</em></strong></span> <span class='ocrx_word' id='word_1_195' title='bbox 1424 2715 1549 2762; x_wconf 85' lang='lat' dir='ltr'><strong><em>est:</em></strong></span> <span class='ocrx_word' id='word_1_196' title='bbox 1599 2703 1704 2761; x_wconf 89' lang='lat' dir='ltr'><strong><em>Per</em></strong></span> <span class='ocrx_word' id='word_1_197' title='bbox 1738 2708 1930 2775; x_wconf 87' lang='lat' dir='ltr'><strong><em>ipsum,</em></strong></span> <span class='ocrx_word' id='word_1_198' title='bbox 1977 2718 2028 2762; x_wconf 90' lang='lat' dir='ltr'><strong><em>et</em></strong></span> <span class='ocrx_word' id='word_1_199' title='bbox 2075 2711 2130 2763; x_wconf 88' lang='lat' dir='ltr'><strong><em>in</em></strong></span> 
     </span>
    </p>
   </div>
   <div class='ocr_carea' id='block_1_27' title="bbox 557 2797 2126 2871">
    <p class='ocr_par' dir='ltr' id='par_1_27' title="bbox 557 2797 2126 2871">
     <span class='ocr_line' id='line_1_27' title="bbox 557 2797 2126 2871; baseline 0.006 -25"><span class='ocrx_word' id='word_1_200' title='bbox 557 2797 729 2859; x_wconf 81' lang='lat' dir='ltr'><strong><em>ipsum</em></strong></span> <span class='ocrx_word' id='word_1_201' title='bbox 764 2797 1106 2851; x_wconf 86' lang='lat' dir='ltr'><strong><em>reconciliare</em></strong></span> <span class='ocrx_word' id='word_1_202' title='bbox 1127 2799 1346 2852; x_wconf 80' lang='lat' dir='ltr'><strong><em>omnia:</em></strong></span> <span class='ocrx_word' id='word_1_203' title='bbox 1379 2799 1513 2854; x_wconf 87' lang='lat' dir='ltr'><strong><em>adeo</em></strong></span> <span class='ocrx_word' id='word_1_204' title='bbox 1541 2810 1602 2854; x_wconf 89' lang='lat' dir='ltr'><strong><em>ut</em></strong></span> <span class='ocrx_word' id='word_1_205' title='bbox 1646 2799 1784 2855; x_wconf 92' lang='lat' dir='ltr'><strong><em>Filio</em></strong></span> <span class='ocrx_word' id='word_1_206' title='bbox 1815 2818 2027 2871; x_wconf 89' lang='lat' dir='ltr'><strong><em>quoque</em></strong></span> <span class='ocrx_word' id='word_1_207' title='bbox 2062 2803 2126 2856; x_wconf 86' lang='lat' dir='ltr'><strong><em>il-</em></strong></span> 
     </span>
    </p>
   </div>
   <div class='ocr_carea' id='block_1_28' title="bbox 556 2887 2128 2957">
    <p class='ocr_par' dir='ltr' id='par_1_28' title="bbox 556 2887 2128 2957">
     <span class='ocr_line' id='line_1_28' title="bbox 556 2887 2128 2957; baseline 0.008 -18"><span class='ocrx_word' id='word_1_208' title='bbox 556 2887 650 2942; x_wconf 82' lang='lat' dir='ltr'><strong><em>1nd</em></strong></span> <span class='ocrx_word' id='word_1_209' title='bbox 702 2889 1012 2952; x_wconf 89' lang='lat' dir='ltr'><strong><em>conveniat,</em></strong></span> <span class='ocrx_word' id='word_1_210' title='bbox 1056 2889 1198 2957; x_wconf 92' lang='lat' dir='ltr'><strong><em>quod</em></strong></span> <span class='ocrx_word' id='word_1_211' title='bbox 1252 2889 1316 2945; x_wconf 81' lang='lat' dir='ltr'><strong><em>(le</em></strong></span> <span class='ocrx_word' id='word_1_212' title='bbox 1367 2890 1527 2946; x_wconf 88' lang='lat' dir='ltr'><strong><em>Patre</em></strong></span> <span class='ocrx_word' id='word_1_213' title='bbox 1571 2892 1624 2946; x_wconf 92' lang='lat' dir='ltr'><strong><em>in</em></strong></span> <span class='ocrx_word' id='word_1_214' title='bbox 1660 2894 1830 2947; x_wconf 81' lang='lat' dir='ltr'><strong><em>sacris</em></strong></span> <span class='ocrx_word' id='word_1_215' title='bbox 1893 2896 2128 2951; x_wconf 89' lang='lat' dir='ltr'><strong><em>oraculis</em></strong></span> 
     </span>
    </p>
   </div>
   <div class='ocr_carea' id='block_1_29' title="bbox 555 2977 2129 3054">
    <p class='ocr_par' dir='ltr' id='par_1_29' title="bbox 555 2977 2129 3054">
     <span class='ocr_line' id='line_1_29' title="bbox 555 2977 2129 3054; baseline 0.007 -24"><span class='ocrx_word' id='word_1_216' title='bbox 555 2978 758 3031; x_wconf 83' lang='lat' dir='ltr'><strong><em>dictum</em></strong></span> <span class='ocrx_word' id='word_1_217' title='bbox 796 2987 916 3032; x_wconf 90' lang='lat' dir='ltr'><strong><em>est:</em></strong></span> <span class='ocrx_word' id='word_1_218' title='bbox 953 2977 1039 3031; x_wconf 80' lang='lat' dir='ltr'><strong><em>Ea:</em></strong></span> <span class='ocrx_word' id='word_1_219' title='bbox 1060 2994 1162 3048; x_wconf 87' lang='lat' dir='ltr'><strong><em>quo</em></strong></span> <span class='ocrx_word' id='word_1_220' title='bbox 1197 2979 1309 3050; x_wconf 82' lang='lat'><strong>(57)</strong></span> <span class='ocrx_word' id='word_1_221' title='bbox 1347 2983 1558 3046; x_wconf 89' lang='lat' dir='ltr'><strong><em>omnia;</em></strong></span> <span class='ocrx_word' id='word_1_222' title='bbox 1580 2984 1624 3037; x_wconf 91' lang='lat' dir='ltr'><strong><em>si</em></strong></span> <span class='ocrx_word' id='word_1_223' title='bbox 1655 2993 1800 3037; x_wconf 88' lang='lat' dir='ltr'><strong><em>recte</em></strong></span> <span class='ocrx_word' id='word_1_224' title='bbox 1829 2985 2045 3054; x_wconf 88' lang='lat' dir='ltr'><strong><em>quidem</em></strong></span> <span class='ocrx_word' id='word_1_225' title='bbox 2071 3002 2129 3041; x_wconf 87' lang='lat' dir='ltr'><strong><em>se</em></strong></span> 
     </span>
    </p>
   </div>
   <div class='ocr_carea' id='block_1_30' title="bbox 556 3068 2125 3147">
    <p class='ocr_par' dir='ltr' id='par_1_30' title="bbox 556 3068 2125 3147">
     <span class='ocr_line' id='line_1_30' title="bbox 556 3068 2125 3147; baseline 0.008 -27"><span class='ocrx_word' id='word_1_226' title='bbox 556 3068 758 3122; x_wconf 82' lang='lat' dir='ltr'><strong><em>habent</em></strong></span> <span class='ocrx_word' id='word_1_227' title='bbox 793 3079 847 3122; x_wconf 91' lang='lat' dir='ltr'><strong><em>et</em></strong></span> <span class='ocrx_word' id='word_1_228' title='bbox 871 3085 990 3138; x_wconf 74' lang='lat' dir='ltr'><strong><em>qua:</em></strong></span> <span class='ocrx_word' id='word_1_229' title='bbox 1014 3072 1173 3124; x_wconf 91' lang='lat' dir='ltr'><strong><em>modo</em></strong></span> <span class='ocrx_word' id='word_1_230' title='bbox 1198 3070 1338 3124; x_wconf 91' lang='lat' dir='ltr'><strong><em>dicta</em></strong></span> <span class='ocrx_word' id='word_1_231' title='bbox 1357 3083 1504 3138; x_wconf 91' lang='lat' dir='ltr'><strong><em>sunt,</em></strong></span> <span class='ocrx_word' id='word_1_232' title='bbox 1532 3081 1582 3127; x_wconf 87' lang='lat' dir='ltr'><strong><em>et</em></strong></span> <span class='ocrx_word' id='word_1_233' title='bbox 1609 3073 1761 3136; x_wconf 90' lang='lat' dir='ltr'><strong><em>illud,</em></strong></span> <span class='ocrx_word' id='word_1_234' title='bbox 1786 3074 1852 3128; x_wconf 88' lang='lat' dir='ltr'><strong><em>In</em></strong></span> <span class='ocrx_word' id='word_1_235' title='bbox 1879 3077 1989 3142; x_wconf 85' lang='lat' dir='ltr'><strong><em>ipso</em></strong></span> <span class='ocrx_word' id='word_1_236' title='bbox 2014 3077 2125 3147; x_wconf 85' lang='lat'><strong>(58)</strong></span> 
     </span>
    </p>
   </div>
   <div class='ocr_carea' id='block_1_31' title="bbox 1824 373 2575 435">
    <p class='ocr_par' dir='ltr' id='par_1_31' title="bbox 1824 373 2575 435">
     <span class='ocr_line' id='line_1_31' title="bbox 1824 373 2575 435; baseline -0.009 0"><span class='ocrx_word' id='word_1_237' title='bbox 1824 377 2064 435; x_wconf 81' lang='lat' dir='ltr'><strong><em>DIDYMI</em></strong></span> <span class='ocrx_word' id='word_1_238' title='bbox 2104 373 2575 432; x_wconf 78' lang='lat' dir='ltr'><strong><em>ALEXANDRINI</em></strong></span> 
     </span>
    </p>
   </div>
   <div class='ocr_carea' id='block_1_32' title="bbox 3689 377 3783 434">
    <p class='ocr_par' dir='ltr' id='par_1_32' title="bbox 3689 377 3783 434">
     <span class='ocr_line' id='line_1_32' title="bbox 3689 377 3783 434; baseline 0.032 -3"><span class='ocrx_word' id='word_1_239' title='bbox 3689 377 3783 434; x_wconf 73' lang='grc' dir='ltr'><strong><em>ιοι</em></strong></span> 
     </span>
    </p>
   </div>
   <div class='ocr_carea' id='block_1_33' title="bbox 2161 493 3787 566">
    <p class='ocr_par' dir='ltr' id='par_1_33' title="bbox 2161 493 3787 566">
     <span class='ocr_line' id='line_1_33' title="bbox 2161 493 3787 566; baseline -0.001 -15"><span class='ocrx_word' id='word_1_240' title='bbox 2161 505 2208 561; x_wconf 80' lang='grc' dir='ltr'><strong>Α</strong></span> <span class='ocrx_word' id='word_1_241' title='bbox 2236 497 2433 551; x_wconf 80' lang='grc' dir='ltr'>ἑαυτοῦ</span> <span class='ocrx_word' id='word_1_242' title='bbox 2466 494 2761 564; x_wconf 79' lang='grc' dir='ltr'>συγγενοῦς</span> <span class='ocrx_word' id='word_1_243' title='bbox 2785 495 3142 565; x_wconf 74' lang='grc' dir='ltr'>καθέστηκεν,</span> <span class='ocrx_word' id='word_1_244' title='bbox 3179 493 3280 549; x_wconf 78' lang='grc' dir='ltr'><strong><em>κᾶν</em></strong></span> <span class='ocrx_word' id='word_1_245' title='bbox 3313 497 3377 566; x_wconf 83' lang='grc' dir='ltr'>τῇ</span> <span class='ocrx_word' id='word_1_246' title='bbox 3409 495 3688 549; x_wconf 70' lang='grc' dir='ltr'><strong><em>ὑποστάσει</em></strong></span> <span class='ocrx_word' id='word_1_247' title='bbox 3714 499 3787 550; x_wconf 78' lang='lat'><strong><em>6-.-</em></strong></span> 
     </span>
    </p>
   </div>
   <div class='ocr_carea' id='block_1_34' title="bbox 2230 584 3784 656">
    <p class='ocr_par' dir='ltr' id='par_1_34' title="bbox 2230 584 3784 656">
     <span class='ocr_line' id='line_1_34' title="bbox 2230 584 3784 656; baseline -0.001 -16"><span class='ocrx_word' id='word_1_248' title='bbox 2230 589 2515 652; x_wconf 77' lang='grc' dir='ltr'>έζευκται’</span> <span class='ocrx_word' id='word_1_249' title='bbox 2547 585 2724 648; x_wconf 85' lang='grc' dir='ltr'>καλῶς</span> <span class='ocrx_word' id='word_1_250' title='bbox 2745 584 2882 638; x_wconf 75' lang='grc' dir='ltr'>καὶό</span> <span class='ocrx_word' id='word_1_251' title='bbox 2901 586 2960 638; x_wconf 85' lang='grc' dir='ltr'><strong><em>ἐν</em></strong></span> <span class='ocrx_word' id='word_1_252' title='bbox 2987 585 3064 655; x_wconf 79' lang='grc' dir='ltr'>τῷ</span> <span class='ocrx_word' id='word_1_253' title='bbox 3089 586 3390 656; x_wconf 76' lang='grc' dir='ltr'><strong><em>κινουμένῳ</em></strong></span> <span class='ocrx_word' id='word_1_254' title='bbox 3401 585 3604 655; x_wconf 75' lang='grc' dir='ltr'>ἐδαφίῳ</span> <span class='ocrx_word' id='word_1_255' title='bbox 3629 587 3784 655; x_wconf 85' lang='grc' dir='ltr'>λόγος,</span> 
     </span>
    </p>
   </div>
   <div class='ocr_carea' id='block_1_35' title="bbox 2229 675 3788 746">
    <p class='ocr_par' dir='ltr' id='par_1_35' title="bbox 2229 675 3788 746">
     <span class='ocr_line' id='line_1_35' title="bbox 2229 675 3788 746; baseline -0.001 -15"><span class='ocrx_word' id='word_1_256' title='bbox 2229 680 2277 730; x_wconf 87' lang='grc' dir='ltr'>εἰ</span> <span class='ocrx_word' id='word_1_257' title='bbox 2310 679 2402 730; x_wconf 77' lang='grc' dir='ltr'><strong><em>καὶ</em></strong></span> <span class='ocrx_word' id='word_1_258' title='bbox 2432 679 2571 746; x_wconf 83' lang='grc' dir='ltr'>ἄγαν</span> <span class='ocrx_word' id='word_1_259' title='bbox 2605 675 2833 746; x_wconf 81' lang='grc' dir='ltr'><strong><em>βαθέως,</em></strong></span> <span class='ocrx_word' id='word_1_260' title='bbox 2871 675 2985 728; x_wconf 80' lang='grc' dir='ltr'>ἀλλ’</span> <span class='ocrx_word' id='word_1_261' title='bbox 3016 675 3077 728; x_wconf 82' lang='grc' dir='ltr'><strong><em>οὐ</em></strong></span> <span class='ocrx_word' id='word_1_262' title='bbox 3125 678 3290 728; x_wconf 81' lang='grc' dir='ltr'>πᾶσιν</span> <span class='ocrx_word' id='word_1_263' title='bbox 3333 676 3685 740; x_wconf 84' lang='grc' dir='ltr'>εὐσυνόπτως,</span> <span class='ocrx_word' id='word_1_264' title='bbox 3719 681 3788 729; x_wconf 75' lang='lat' dir='ltr'><strong><em>A.‘</em></strong></span> 
     </span>
    </p>
   </div>
   <div class='ocr_carea' id='block_1_36' title="bbox 2228 764 3791 830">
    <p class='ocr_par' dir='ltr' id='par_1_36' title="bbox 2228 764 3791 830">
     <span class='ocr_line' id='line_1_36' title="bbox 2228 764 3791 830; baseline -0.003 -9"><span class='ocrx_word' id='word_1_265' title='bbox 2228 768 2415 821; x_wconf 84' lang='grc' dir='ltr'>αὐτοῦ</span> <span class='ocrx_word' id='word_1_266' title='bbox 2467 765 2567 819; x_wconf 76' lang='grc' dir='ltr'>καὶ</span> <span class='ocrx_word' id='word_1_267' title='bbox 2607 768 2696 830; x_wconf 87' lang='grc' dir='ltr'>εὶς</span> <span class='ocrx_word' id='word_1_268' title='bbox 2747 764 2935 818; x_wconf 79' lang='grc' dir='ltr'>αὐτὸν</span> <span class='ocrx_word' id='word_1_269' title='bbox 2967 765 3536 818; x_wconf 66' lang='grc' dir='ltr'>ἀποωταλλὰσσειν</span> <span class='ocrx_word' id='word_1_270' title='bbox 3559 765 3628 818; x_wconf 83' lang='grc' dir='ltr'>τὰ</span> <span class='ocrx_word' id='word_1_271' title='bbox 3659 765 3791 817; x_wconf 73' lang='grc' dir='ltr'><strong><em>πάν-</em></strong></span> 
     </span>
    </p>
   </div>
   <div class='ocr_carea' id='block_1_37' title="bbox 2227 856 3789 931">
    <p class='ocr_par' dir='ltr' id='par_1_37' title="bbox 2227 856 3789 931">
     <span class='ocr_line' id='line_1_37' title="bbox 2227 856 3789 931; baseline -0.004 -16"><span class='ocrx_word' id='word_1_272' title='bbox 2227 878 2333 915; x_wconf 77' lang='grc' dir='ltr'>τα’</span> <span class='ocrx_word' id='word_1_273' title='bbox 2383 861 2459 923; x_wconf 86' lang='grc' dir='ltr'>ὼς</span> <span class='ocrx_word' id='word_1_274' title='bbox 2489 861 2789 931; x_wconf 84' lang='grc' dir='ltr'><strong><em>ἁρμόττειν</em></strong></span> <span class='ocrx_word' id='word_1_275' title='bbox 2830 857 2908 928; x_wconf 85' lang='grc' dir='ltr'>τῷ</span> <span class='ocrx_word' id='word_1_276' title='bbox 2944 857 3058 928; x_wconf 84' lang='grc' dir='ltr'>Υίῷ</span> <span class='ocrx_word' id='word_1_277' title='bbox 3109 859 3205 910; x_wconf 80' lang='grc' dir='ltr'><strong><em>καὶ</em></strong></span> <span class='ocrx_word' id='word_1_278' title='bbox 3237 858 3297 910; x_wconf 81' lang='grc' dir='ltr'><strong><em>τὸ</em></strong></span> <span class='ocrx_word' id='word_1_279' title='bbox 3328 858 3456 929; x_wconf 76' lang='grc' dir='ltr'>περὶ</span> <span class='ocrx_word' id='word_1_280' title='bbox 3483 856 3575 910; x_wconf 77' lang='grc' dir='ltr'>τοῦ</span> <span class='ocrx_word' id='word_1_281' title='bbox 3599 859 3789 928; x_wconf 70' lang='grc' dir='ltr'>Πατρός</span> 
     </span>
    </p>
   </div>
   <div class='ocr_carea' id='block_1_38' title="bbox 2227 947 3789 1024">
    <p class='ocr_par' dir='ltr' id='par_1_38' title="bbox 2227 947 3789 1024">
     <span class='ocr_line' id='line_1_38' title="bbox 2227 947 3789 1024; baseline -0.001 -21"><span class='ocrx_word' id='word_1_282' title='bbox 2227 951 2466 1024; x_wconf 87' lang='grc' dir='ltr'>χρησθέν</span> <span class='ocrx_word' id='word_1_283' title='bbox 2487 968 2498 978; x_wconf 91' lang='grc'>·</span> <span class='ocrx_word' id='word_1_284' title='bbox 2547 951 2643 1016; x_wconf 78' lang='grc' dir='ltr'><strong><em>Ἐξ</em></strong></span> <span class='ocrx_word' id='word_1_285' title='bbox 2664 947 2735 1006; x_wconf 87' lang='grc' dir='ltr'>οὗ</span> <span class='ocrx_word' id='word_1_286' title='bbox 2767 950 2837 1003; x_wconf 82' lang='grc' dir='ltr'>τὰ</span> <span class='ocrx_word' id='word_1_287' title='bbox 2862 949 3089 1002; x_wconf 80' lang='grc' dir='ltr'>πάντα·</span> <span class='ocrx_word' id='word_1_288' title='bbox 3123 948 3281 1020; x_wconf 77' lang='grc' dir='ltr'>εἰπερ</span> <span class='ocrx_word' id='word_1_289' title='bbox 3311 949 3479 1016; x_wconf 80' lang='grc' dir='ltr'><strong>ὑγιῶς</strong></span> <span class='ocrx_word' id='word_1_290' title='bbox 3510 949 3639 1018; x_wconf 78' lang='grc' dir='ltr'>ἔχει,</span> <span class='ocrx_word' id='word_1_291' title='bbox 3655 950 3718 1002; x_wconf 85' lang='grc' dir='ltr'>τά</span> <span class='ocrx_word' id='word_1_292' title='bbox 3739 967 3789 1002; x_wconf 86' lang='grc' dir='ltr'><strong><em>τε</em></strong></span> 
     </span>
    </p>
   </div>
   <div class='ocr_carea' id='block_1_39' title="bbox 2229 1041 3788 1116">
    <p class='ocr_par' dir='ltr' id='par_1_39' title="bbox 2229 1041 3788 1116">
     <span class='ocr_line' id='line_1_39' title="bbox 2229 1041 3788 1116; baseline -0.001 -19"><span class='ocrx_word' id='word_1_293' title='bbox 2229 1044 2326 1098; x_wconf 79' lang='grc' dir='ltr'>νῦν</span> <span class='ocrx_word' id='word_1_294' title='bbox 2359 1044 2642 1116; x_wconf 84' lang='grc' dir='ltr'>εἰρημένα,</span> <span class='ocrx_word' id='word_1_295' title='bbox 2700 1042 2760 1096; x_wconf 88' lang='grc' dir='ltr'><strong><em>τό</em></strong></span> <span class='ocrx_word' id='word_1_296' title='bbox 2791 1059 2872 1105; x_wconf 90' lang='grc' dir='ltr'><strong><em>τε,</em></strong></span> <span class='ocrx_word' id='word_1_297' title='bbox 2919 1043 3014 1094; x_wconf 78' lang='grc' dir='ltr'><strong><em>Ἑν</em></strong></span> <span class='ocrx_word' id='word_1_298' title='bbox 3065 1041 3223 1106; x_wconf 79' lang='grc' dir='ltr'>αὐτῷ</span> <span class='ocrx_word' id='word_1_299' title='bbox 3283 1041 3547 1095; x_wconf 67' lang='grc' dir='ltr'>κατοικεῖ</span> <span class='ocrx_word' id='word_1_300' title='bbox 3594 1042 3706 1096; x_wconf 69' lang='grc' dir='ltr'><strong><em>πᾶν</em></strong></span> <span class='ocrx_word' id='word_1_301' title='bbox 3733 1052 3788 1096; x_wconf 81' lang='grc' dir='ltr'><strong><em>τό</em></strong></span> 
     </span>
    </p>
   </div>
   <div class='ocr_carea' id='block_1_40' title="bbox 2227 1133 3790 1206">
    <p class='ocr_par' dir='ltr' id='par_1_40' title="bbox 2227 1133 3790 1206">
     <span class='ocr_line' id='line_1_40' title="bbox 2227 1133 3790 1206; baseline -0.004 -15"><span class='ocrx_word' id='word_1_302' title='bbox 2227 1137 2518 1206; x_wconf 74' lang='grc' dir='ltr'>πλήρωμα</span> <span class='ocrx_word' id='word_1_303' title='bbox 2550 1135 2660 1204; x_wconf 78' lang='grc' dir='ltr'>τῆς</span> <span class='ocrx_word' id='word_1_304' title='bbox 2693 1137 2986 1203; x_wconf 83' lang='grc' dir='ltr'><strong><em>θεότητος.</em></strong></span> <span class='ocrx_word' id='word_1_305' title='bbox 3049 1136 3157 1187; x_wconf 76' lang='grc' dir='ltr'>Καὶ</span> <span class='ocrx_word' id='word_1_306' title='bbox 3201 1134 3451 1204; x_wconf 80' lang='grc' dir='ltr'><strong><em>Τιμοθέῳ</em></strong></span> <span class='ocrx_word' id='word_1_307' title='bbox 3487 1133 3544 1186; x_wconf 91' lang='grc' dir='ltr'><strong><em>δέ</em></strong></span> <span class='ocrx_word' id='word_1_308' title='bbox 3576 1134 3790 1204; x_wconf 76' lang='grc' dir='ltr'>γράψας,</span> 
     </span>
    </p>
   </div>
   <div class='ocr_carea' id='block_1_41' title="bbox 2229 1227 3792 1300">
    <p class='ocr_par' dir='ltr' id='par_1_41' title="bbox 2229 1227 3792 1300">
     <span class='ocr_line' id='line_1_41' title="bbox 2229 1227 3792 1300; baseline -0.003 -16"><span class='ocrx_word' id='word_1_309' title='bbox 2229 1233 2311 1294; x_wconf 86' lang='grc' dir='ltr'><strong><em>είς</em></strong></span> <span class='ocrx_word' id='word_1_310' title='bbox 2344 1231 2510 1300; x_wconf 76' lang='grc' dir='ltr'>ἄκρον</span> <span class='ocrx_word' id='word_1_311' title='bbox 2541 1229 2894 1299; x_wconf 83' lang='grc' dir='ltr'>ἐθεολόγησεν</span> <span class='ocrx_word' id='word_1_312' title='bbox 2928 1229 3057 1299; x_wconf 72' lang='grc' dir='ltr'>περὶ</span> <span class='ocrx_word' id='word_1_313' title='bbox 3105 1227 3292 1291; x_wconf 76' lang='grc' dir='ltr'>αὑτοῦ,</span> <span class='ocrx_word' id='word_1_314' title='bbox 3351 1228 3446 1280; x_wconf 65' lang='grc' dir='ltr'><strong><em>κα)⁵</em></strong></span> <span class='ocrx_word' id='word_1_315' title='bbox 3489 1229 3581 1282; x_wconf 86' lang='grc' dir='ltr'>ἀπ’</span> <span class='ocrx_word' id='word_1_316' title='bbox 3611 1229 3792 1297; x_wconf 82' lang='grc' dir='ltr'><strong><em>ἀμφοῖν</em></strong></span> 
     </span>
    </p>
   </div>
   <div class='ocr_carea' id='block_1_42' title="bbox 2226 1315 3791 1392">
    <p class='ocr_par' dir='ltr' id='par_1_42' title="bbox 2226 1315 3791 1392">
     <span class='ocr_line' id='line_1_42' title="bbox 2226 1315 3791 1392; baseline -0.005 -16"><span class='ocrx_word' id='word_1_317' title='bbox 2226 1323 2335 1376; x_wconf 78' lang='grc' dir='ltr'><strong><em>τῶν</em></strong></span> <span class='ocrx_word' id='word_1_318' title='bbox 2359 1323 2576 1388; x_wconf 79' lang='grc' dir='ltr'><strong><em>λέξεων,</em></strong></span> <span class='ocrx_word' id='word_1_319' title='bbox 2623 1322 2684 1373; x_wconf 90' lang='grc' dir='ltr'><strong><em>τὸ</em></strong></span> <span class='ocrx_word' id='word_1_320' title='bbox 2718 1323 2790 1392; x_wconf 81' lang='grc' dir='ltr'>μὴ</span> <span class='ocrx_word' id='word_1_321' title='bbox 2834 1315 2975 1373; x_wconf 78' lang='grc' dir='ltr'>εἶναι</span> <span class='ocrx_word' id='word_1_322' title='bbox 3009 1320 3149 1372; x_wconf 87' lang='grc' dir='ltr'><strong><em>κατά</em></strong></span> <span class='ocrx_word' id='word_1_323' title='bbox 3181 1319 3412 1388; x_wconf 88' lang='grc' dir='ltr'>θεότητα</span> <span class='ocrx_word' id='word_1_324' title='bbox 3461 1317 3613 1389; x_wconf 86' lang='grc' dir='ltr'><strong><em>παρά</em></strong></span> <span class='ocrx_word' id='word_1_325' title='bbox 3650 1318 3791 1386; x_wconf 83' lang='grc' dir='ltr'>φύσιν</span> 
     </span>
    </p>
   </div>
   <div class='ocr_carea' id='block_1_43' title="bbox 2226 1411 3789 1488">
    <p class='ocr_par' dir='ltr' id='par_1_43' title="bbox 2226 1411 3789 1488">
     <span class='ocr_line' id='line_1_43' title="bbox 2226 1411 3789 1488; baseline -0.005 -18"><span class='ocrx_word' id='word_1_326' title='bbox 2226 1417 2325 1488; x_wconf 86' lang='grc' dir='ltr'><strong><em>τὴν</em></strong></span> <span class='ocrx_word' id='word_1_327' title='bbox 2353 1415 2624 1487; x_wconf 85' lang='grc' dir='ltr'>πατρικὴν</span> <span class='ocrx_word' id='word_1_328' title='bbox 2659 1415 2914 1479; x_wconf 79' lang='grc' dir='ltr'>ἐδίδαξεν.</span> <span class='ocrx_word' id='word_1_329' title='bbox 2945 1411 3111 1467; x_wconf 82' lang='grc' dir='ltr'>Εἶπεν</span> <span class='ocrx_word' id='word_1_330' title='bbox 3145 1413 3254 1484; x_wconf 86' lang='grc' dir='ltr'><strong><em>γὰρ</em></strong></span> <span class='ocrx_word' id='word_1_331' title='bbox 3273 1412 3495 1464; x_wconf 82' lang='grc' dir='ltr'>τοιῶσὸε</span> <span class='ocrx_word' id='word_1_332' title='bbox 3518 1428 3533 1443; x_wconf 80' lang='grc' dir='ltr'><strong>ο</strong></span> <span class='ocrx_word' id='word_1_333' title='bbox 3576 1411 3789 1479; x_wconf 76' lang='grc' dir='ltr'>Ὁμολο-</span> 
     </span>
    </p>
   </div>
   <div class='ocr_carea' id='block_1_44' title="bbox 2227 1502 3789 1580">
    <p class='ocr_par' dir='ltr' id='par_1_44' title="bbox 2227 1502 3789 1580">
     <span class='ocr_line' id='line_1_44' title="bbox 2227 1502 3789 1580; baseline -0.015 -5"><span class='ocrx_word' id='word_1_334' title='bbox 2227 1510 2529 1580; x_wconf 76' lang='grc' dir='ltr'>γουμένως</span> <span class='ocrx_word' id='word_1_335' title='bbox 2571 1509 2725 1578; x_wconf 70' lang='grc' dir='ltr'>μέγα</span> <span class='ocrx_word' id='word_1_336' title='bbox 2762 1508 2932 1561; x_wconf 75' lang='grc' dir='ltr'>ἐστὶν</span> <span class='ocrx_word' id='word_1_337' title='bbox 2980 1508 3044 1561; x_wconf 82' lang='grc' dir='ltr'>τὸ</span> <span class='ocrx_word' id='word_1_338' title='bbox 3079 1506 3188 1575; x_wconf 83' lang='grc' dir='ltr'>τῆς</span> <span class='ocrx_word' id='word_1_339' title='bbox 3237 1506 3547 1570; x_wconf 70' lang='grc' dir='ltr'>εὐσεϐείας</span> <span class='ocrx_word' id='word_1_340' title='bbox 3577 1502 3789 1572; x_wconf 78' lang='grc' dir='ltr'>μυστή-</span> 
     </span>
    </p>
   </div>
   <div class='ocr_carea' id='block_1_45' title="bbox 2220 1595 3788 1670">
    <p class='ocr_par' dir='ltr' id='par_1_45' title="bbox 2220 1595 3788 1670">
     <span class='ocr_line' id='line_1_45' title="bbox 2220 1595 3788 1670; baseline -0.005 -16"><span class='ocrx_word' id='word_1_341' title='bbox 2220 1619 2376 1670; x_wconf 77' lang='grc' dir='ltr'>ριον·</span> <span class='ocrx_word' id='word_1_342' title='bbox 2392 1601 2526 1666; x_wconf 80' lang='grc' dir='ltr'>θεὸς</span> <span class='ocrx_word' id='word_1_343' title='bbox 2550 1599 2890 1669; x_wconf 63' lang='grc' dir='ltr'>ἐφανερώθη</span> <span class='ocrx_word' id='word_1_344' title='bbox 2914 1601 2982 1653; x_wconf 84' lang='grc' dir='ltr'><strong><em>ὲν</em></strong></span> <span class='ocrx_word' id='word_1_345' title='bbox 3004 1596 3526 1666; x_wconf 80' lang='grc' dir='ltr'>σαρκὶ,ἐδικαιώοη</span> <span class='ocrx_word' id='word_1_346' title='bbox 3549 1595 3788 1648; x_wconf 62' lang='lat' dir='ltr'><strong><em>erum;-</em></strong></span> 
     </span>
    </p>
   </div>
   <div class='ocr_carea' id='block_1_46' title="bbox 2221 1688 3790 1764">
    <p class='ocr_par' dir='ltr' id='par_1_46' title="bbox 2221 1688 3790 1764">
     <span class='ocr_line' id='line_1_46' title="bbox 2221 1688 3790 1764; baseline -0.006 -17"><span class='ocrx_word' id='word_1_347' title='bbox 2221 1711 2384 1763; x_wconf 85' lang='grc' dir='ltr'>ματι,</span> <span class='ocrx_word' id='word_1_348' title='bbox 2409 1693 2574 1762; x_wconf 61' lang='grc' dir='ltr'>ὤφθη</span> <span class='ocrx_word' id='word_1_349' title='bbox 2604 1693 2875 1762; x_wconf 73' lang='grc' dir='ltr'>ἀγγέλοις</span> <span class='ocrx_word' id='word_1_350' title='bbox 2901 1691 3070 1764; x_wconf 64' lang='grc'>(561)),</span> <span class='ocrx_word' id='word_1_351' title='bbox 3089 1693 3388 1759; x_wconf 80' lang='grc' dir='ltr'><strong><em>ἐκηρύχθη</em></strong></span> <span class='ocrx_word' id='word_1_352' title='bbox 3414 1691 3668 1750; x_wconf 82' lang='grc' dir='ltr'>ἑθνεσιν,</span> <span class='ocrx_word' id='word_1_353' title='bbox 3687 1688 3790 1739; x_wconf 78' lang='grc' dir='ltr'>ἐπι-</span> 
     </span>
    </p>
   </div>
   <div class='ocr_carea' id='block_1_47' title="bbox 2228 1780 3788 1855">
    <p class='ocr_par' dir='ltr' id='par_1_47' title="bbox 2228 1780 3788 1855">
     <span class='ocr_line' id='line_1_47' title="bbox 2228 1780 3788 1855; baseline -0.004 -15"><span class='ocrx_word' id='word_1_354' title='bbox 2228 1788 2449 1854; x_wconf 83' lang='grc' dir='ltr'>στεύθη</span> <span class='ocrx_word' id='word_1_355' title='bbox 2475 1787 2544 1840; x_wconf 84' lang='grc' dir='ltr'>ἐν</span> <span class='ocrx_word' id='word_1_356' title='bbox 2571 1787 2798 1855; x_wconf 78' lang='grc' dir='ltr'>κόσμῳ,</span> <span class='ocrx_word' id='word_1_357' title='bbox 2858 1784 3168 1853; x_wconf 67' lang='grc' dir='ltr'>ἀνελήφθη</span> <span class='ocrx_word' id='word_1_358' title='bbox 3214 1785 3284 1836; x_wconf 77' lang='grc' dir='ltr'>ἐν</span> <span class='ocrx_word' id='word_1_359' title='bbox 3304 1784 3477 1850; x_wconf 80' lang='grc' dir='ltr'>δόξῃ.</span> <span class='ocrx_word' id='word_1_360' title='bbox 3513 1781 3671 1836; x_wconf 75' lang='grc' dir='ltr'>Οὖπω</span> <span class='ocrx_word' id='word_1_361' title='bbox 3695 1780 3788 1851; x_wconf 69' lang='grc' dir='ltr'>γὰρ</span> 
     </span>
    </p>
   </div>
   <div class='ocr_carea' id='block_1_48' title="bbox 2231 1872 3788 1949">
    <p class='ocr_par' dir='ltr' id='par_1_48' title="bbox 2231 1872 3788 1949">
     <span class='ocr_line' id='line_1_48' title="bbox 2231 1872 3788 1949; baseline -0.006 -15"><span class='ocrx_word' id='word_1_362' title='bbox 2231 1882 2396 1934; x_wconf 81' lang='grc' dir='ltr'>πᾶσιν</span> <span class='ocrx_word' id='word_1_363' title='bbox 2440 1879 2628 1948; x_wconf 80' lang='grc' dir='ltr'>σαφῶς</span> <span class='ocrx_word' id='word_1_364' title='bbox 2661 1879 2883 1949; x_wconf 75' lang='grc' dir='ltr'>ἔκδηλος</span> <span class='ocrx_word' id='word_1_365' title='bbox 2911 1876 2987 1930; x_wconf 82' lang='grc' dir='ltr'><strong><em>ὢν</em></strong></span> <span class='ocrx_word' id='word_1_366' title='bbox 3020 1872 3172 1938; x_wconf 69' lang='grc' dir='ltr'>οὗτος</span> <span class='ocrx_word' id='word_1_367' title='bbox 3201 1879 3229 1929; x_wconf 84' lang='grc' dir='ltr'>ὁ</span> <span class='ocrx_word' id='word_1_368' title='bbox 3263 1877 3481 1929; x_wconf 84' lang='grc' dir='ltr'>πάντων</span> <span class='ocrx_word' id='word_1_369' title='bbox 3505 1890 3788 1943; x_wconf 83' lang='grc' dir='ltr'>γενεσιουρ-</span> 
     </span>
    </p>
   </div>
   <div class='ocr_carea' id='block_1_49' title="bbox 2231 1965 3790 2042">
    <p class='ocr_par' dir='ltr' id='par_1_49' title="bbox 2231 1965 3790 2042">
     <span class='ocr_line' id='line_1_49' title="bbox 2231 1965 3790 2042; baseline -0.007 -16"><span class='ocrx_word' id='word_1_370' title='bbox 2231 1974 2327 2042; x_wconf 86' lang='grc' dir='ltr'><strong><em>γὸς</em></strong></span> <span class='ocrx_word' id='word_1_371' title='bbox 2387 1972 2480 2025; x_wconf 75' lang='grc' dir='ltr'><strong><em>καὶ</em></strong></span> <span class='ocrx_word' id='word_1_372' title='bbox 2505 1971 2823 2041; x_wconf 74' lang='grc' dir='ltr'>εὐεργέτης,</span> <span class='ocrx_word' id='word_1_373' title='bbox 2887 1970 3128 2038; x_wconf 79' lang='grc' dir='ltr'>ἐκφανὴς</span> <span class='ocrx_word' id='word_1_374' title='bbox 3160 1967 3381 2038; x_wconf 81' lang='grc' dir='ltr'>εὑρέθη,</span> <span class='ocrx_word' id='word_1_375' title='bbox 3405 1967 3569 2038; x_wconf 78' lang='grc' dir='ltr'>ἡνίκα</span> <span class='ocrx_word' id='word_1_376' title='bbox 3597 1965 3678 2018; x_wconf 81' lang='grc' dir='ltr'>διὰ</span> <span class='ocrx_word' id='word_1_377' title='bbox 3706 1966 3790 2036; x_wconf 81' lang='grc' dir='ltr'>τὴν</span> 
     </span>
    </p>
   </div>
   <div class='ocr_carea' id='block_1_50' title="bbox 2231 2052 3790 2134">
    <p class='ocr_par' dir='ltr' id='par_1_50' title="bbox 2231 2052 3790 2134">
     <span class='ocr_line' id='line_1_50' title="bbox 2231 2052 3790 2134; baseline -0.006 -18"><span class='ocrx_word' id='word_1_378' title='bbox 2231 2065 2446 2118; x_wconf 81' lang='grc' dir='ltr'>πάντων</span> <span class='ocrx_word' id='word_1_379' title='bbox 2471 2063 2741 2134; x_wconf 77' lang='grc' dir='ltr'>σωτηρίαν</span> <span class='ocrx_word' id='word_1_380' title='bbox 2775 2060 2991 2130; x_wconf 81' lang='grc' dir='ltr'>ἐγένετο</span> <span class='ocrx_word' id='word_1_381' title='bbox 3035 2059 3336 2128; x_wconf 83' lang='grc' dir='ltr'>ἐθελοντὴς,</span> <span class='ocrx_word' id='word_1_382' title='bbox 3373 2059 3471 2111; x_wconf 72' lang='grc' dir='ltr'><strong><em>καὶ</em></strong></span> <span class='ocrx_word' id='word_1_383' title='bbox 3495 2057 3570 2120; x_wconf 87' lang='grc' dir='ltr'>ὼς</span> <span class='ocrx_word' id='word_1_384' title='bbox 3596 2052 3671 2119; x_wconf 77' lang='grc' dir='ltr'>εἷς</span> <span class='ocrx_word' id='word_1_385' title='bbox 3699 2054 3790 2107; x_wconf 82' lang='grc' dir='ltr'>τῶν</span> 
     </span>
    </p>
   </div>
   <div class='ocr_carea' id='block_1_51' title="bbox 2230 2149 3790 2221">
    <p class='ocr_par' dir='ltr' id='par_1_51' title="bbox 2230 2149 3790 2221">
     <span class='ocr_line' id='line_1_51' title="bbox 2230 2149 3790 2221; baseline -0.006 -11"><span class='ocrx_word' id='word_1_386' title='bbox 2230 2157 2467 2210; x_wconf 84' lang='grc' dir='ltr'>πάντων.</span> <span class='ocrx_word' id='word_1_387' title='bbox 2503 2155 2666 2208; x_wconf 79' lang='grc' dir='ltr'>Ὅθεν</span> <span class='ocrx_word' id='word_1_388' title='bbox 2701 2153 3007 2220; x_wconf 84' lang='grc' dir='ltr'><strong><em>ἐδικαιώθη</em></strong></span> <span class='ocrx_word' id='word_1_389' title='bbox 3038 2154 3108 2206; x_wconf 81' lang='grc' dir='ltr'>ἐν</span> <span class='ocrx_word' id='word_1_390' title='bbox 3137 2152 3460 2221; x_wconf 74' lang='grc' dir='ltr'>Πνεύματι,</span> <span class='ocrx_word' id='word_1_391' title='bbox 3495 2151 3633 2204; x_wconf 75' lang='grc' dir='ltr'>τοῦτ’</span> <span class='ocrx_word' id='word_1_392' title='bbox 3666 2149 3790 2202; x_wconf 78' lang='grc' dir='ltr'>ἔστιν</span> 
     </span>
    </p>
   </div>
   <div class='ocr_carea' id='block_1_52' title="bbox 2230 2242 3789 2318">
    <p class='ocr_par' dir='ltr' id='par_1_52' title="bbox 2230 2242 3789 2318">
     <span class='ocr_line' id='line_1_52' title="bbox 2230 2242 3789 2318; baseline -0.005 -18"><span class='ocrx_word' id='word_1_393' title='bbox 2230 2246 2545 2316; x_wconf 78' lang='grc' dir='ltr'>ἀπεφάνθη,</span> <span class='ocrx_word' id='word_1_394' title='bbox 2577 2247 2660 2318; x_wconf 73' lang='grc' dir='ltr'><strong><em>ἦτ’</em></strong></span> <span class='ocrx_word' id='word_1_395' title='bbox 2693 2242 2785 2300; x_wconf 78' lang='grc' dir='ltr'>οὖν</span> <span class='ocrx_word' id='word_1_396' title='bbox 2820 2244 3143 2314; x_wconf 85' lang='grc' dir='ltr'>ἐϐεϐαιώθη,</span> <span class='ocrx_word' id='word_1_397' title='bbox 3181 2243 3274 2296; x_wconf 71' lang='grc' dir='ltr'><strong><em>καὶ</em></strong></span> <span class='ocrx_word' id='word_1_398' title='bbox 3305 2243 3460 2312; x_wconf 83' lang='grc' dir='ltr'><strong><em>παρά</em></strong></span> <span class='ocrx_word' id='word_1_399' title='bbox 3479 2243 3586 2296; x_wconf 85' lang='grc' dir='ltr'><strong><em>τῶν</em></strong></span> <span class='ocrx_word' id='word_1_400' title='bbox 3611 2243 3789 2308; x_wconf 85' lang='grc' dir='ltr'>ἀγνοη-</span> 
     </span>
    </p>
   </div>
   <div class='ocr_carea' id='block_1_53' title="bbox 2231 2328 3790 2408">
    <p class='ocr_par' dir='ltr' id='par_1_53' title="bbox 2231 2328 3790 2408">
     <span class='ocr_line' id='line_1_53' title="bbox 2231 2328 3790 2408; baseline -0.005 -17"><span class='ocrx_word' id='word_1_401' title='bbox 2231 2339 2438 2392; x_wconf 84' lang='grc' dir='ltr'>σάντων</span> <span class='ocrx_word' id='word_1_402' title='bbox 2471 2339 2635 2392; x_wconf 81' lang='grc' dir='ltr'>αὑτὸν</span> <span class='ocrx_word' id='word_1_403' title='bbox 2693 2341 2750 2391; x_wconf 89' lang='grc' dir='ltr'><strong><em>ἐν</em></strong></span> <span class='ocrx_word' id='word_1_404' title='bbox 2802 2337 2881 2408; x_wconf 79' lang='grc' dir='ltr'><strong><em>τῷ</em></strong></span> <span class='ocrx_word' id='word_1_405' title='bbox 2932 2337 3156 2390; x_wconf 80' lang='grc' dir='ltr'>ὄπισθεν</span> <span class='ocrx_word' id='word_1_406' title='bbox 3194 2336 3373 2406; x_wconf 84' lang='grc' dir='ltr'>χρόνῳ</span> <span class='ocrx_word' id='word_1_407' title='bbox 3406 2333 3654 2404; x_wconf 80' lang='grc' dir='ltr'>ἀληθινὸς</span> <span class='ocrx_word' id='word_1_408' title='bbox 3671 2328 3790 2385; x_wconf 78' lang='grc' dir='ltr'>εἶναι</span> 
     </span>
    </p>
   </div>
   <div class='ocr_carea' id='block_1_54' title="bbox 2228 2425 3788 2500">
    <p class='ocr_par' dir='ltr' id='par_1_54' title="bbox 2228 2425 3788 2500">
     <span class='ocr_line' id='line_1_54' title="bbox 2228 2425 3788 2500; baseline -0.005 -17"><span class='ocrx_word' id='word_1_409' title='bbox 2228 2431 2360 2494; x_wconf 83' lang='grc' dir='ltr'>Θεός</span> <span class='ocrx_word' id='word_1_410' title='bbox 2384 2448 2399 2462; x_wconf 89' lang='grc'><strong>·</strong></span> <span class='ocrx_word' id='word_1_411' title='bbox 2426 2431 2522 2485; x_wconf 84' lang='grc' dir='ltr'><strong><em>καὶ</em></strong></span> <span class='ocrx_word' id='word_1_412' title='bbox 2553 2430 2713 2484; x_wconf 81' lang='grc' dir='ltr'>τοῦτό</span> <span class='ocrx_word' id='word_1_413' title='bbox 2737 2446 2924 2500; x_wconf 82' lang='grc' dir='ltr'>φησιν,</span> <span class='ocrx_word' id='word_1_414' title='bbox 2962 2430 3062 2482; x_wconf 74' lang='grc' dir='ltr'><strong><em>οὐκ</em></strong></span> <span class='ocrx_word' id='word_1_415' title='bbox 3087 2428 3490 2490; x_wconf 87' lang='grc' dir='ltr'>ἀϐασανίστως,</span> <span class='ocrx_word' id='word_1_416' title='bbox 3533 2426 3642 2480; x_wconf 85' lang='grc' dir='ltr'>ἀλλ’</span> <span class='ocrx_word' id='word_1_417' title='bbox 3671 2425 3788 2492; x_wconf 79' lang='grc' dir='ltr'>αὐτῇ</span> 
     </span>
    </p>
   </div>
   <div class='ocr_carea' id='block_1_55' title="bbox 2227 2513 3789 2593">
    <p class='ocr_par' dir='ltr' id='par_1_55' title="bbox 2227 2513 3789 2593">
     <span class='ocr_line' id='line_1_55' title="bbox 2227 2513 3789 2593; baseline -0.006 -18"><span class='ocrx_word' id='word_1_418' title='bbox 2227 2525 2295 2593; x_wconf 83' lang='grc' dir='ltr'>τῇ</span> <span class='ocrx_word' id='word_1_419' title='bbox 2335 2522 2539 2593; x_wconf 77' lang='grc' dir='ltr'>ψυχικῇ</span> <span class='ocrx_word' id='word_1_420' title='bbox 2569 2520 2725 2592; x_wconf 80' lang='grc' dir='ltr'>ἡμῶν</span> <span class='ocrx_word' id='word_1_421' title='bbox 2769 2521 3001 2591; x_wconf 80' lang='grc' dir='ltr'>κινήσει,</span> <span class='ocrx_word' id='word_1_422' title='bbox 3047 2518 3123 2580; x_wconf 82' lang='grc' dir='ltr'><strong><em>ὡς</em></strong></span> <span class='ocrx_word' id='word_1_423' title='bbox 3155 2520 3188 2589; x_wconf 80' lang='grc' dir='ltr'>ἡ</span> <span class='ocrx_word' id='word_1_424' title='bbox 3235 2518 3387 2588; x_wconf 86' lang='grc' dir='ltr'>κοινὴ</span> <span class='ocrx_word' id='word_1_425' title='bbox 3416 2516 3666 2588; x_wconf 78' lang='grc' dir='ltr'>συνήθεια</span> <span class='ocrx_word' id='word_1_426' title='bbox 3693 2513 3789 2584; x_wconf 79' lang='grc' dir='ltr'>ἔχει</span> 
     </span>
    </p>
   </div>
   <div class='ocr_carea' id='block_1_56' title="bbox 2228 2603 3788 2692">
    <p class='ocr_par' dir='ltr' id='par_1_56' title="bbox 2228 2603 3788 2692">
     <span class='ocr_line' id='line_1_56' title="bbox 2228 2603 3788 2692; baseline -0.006 -25"><span class='ocrx_word' id='word_1_427' title='bbox 2228 2614 2436 2682; x_wconf 85' lang='grc' dir='ltr'>λέγειν·</span> <span class='ocrx_word' id='word_1_428' title='bbox 2484 2615 2541 2666; x_wconf 83' lang='grc' dir='ltr'>Ὀ</span> <span class='ocrx_word' id='word_1_429' title='bbox 2569 2613 2719 2692; x_wconf 78' lang='grc' dir='ltr'>δεῖνα</span> <span class='ocrx_word' id='word_1_430' title='bbox 2743 2609 3032 2681; x_wconf 74' lang='grc' dir='ltr'>ἐδικαιώθη</span> <span class='ocrx_word' id='word_1_431' title='bbox 3064 2609 3316 2679; x_wconf 79' lang='grc' dir='ltr'>ἀληθινὸς</span> <span class='ocrx_word' id='word_1_432' title='bbox 3358 2605 3502 2661; x_wconf 82' lang='grc' dir='ltr'>εἶναι</span> <span class='ocrx_word' id='word_1_433' title='bbox 3536 2608 3649 2668; x_wconf 85' lang='grc' dir='ltr'>υίὸς</span> <span class='ocrx_word' id='word_1_434' title='bbox 3682 2603 3788 2656; x_wconf 82' lang='grc' dir='ltr'><strong><em>τοῦ-</em></strong></span> 
     </span>
    </p>
   </div>
   <div class='ocr_carea' id='block_1_57' title="bbox 2228 2696 3789 2775">
    <p class='ocr_par' dir='ltr' id='par_1_57' title="bbox 2228 2696 3789 2775">
     <span class='ocr_line' id='line_1_57' title="bbox 2228 2696 3789 2775; baseline -0.008 -15"><span class='ocrx_word' id='word_1_435' title='bbox 2228 2707 2306 2770; x_wconf 88' lang='grc' dir='ltr'><strong><em>δε,</em></strong></span> <span class='ocrx_word' id='word_1_436' title='bbox 2334 2707 2515 2759; x_wconf 85' lang='grc' dir='ltr'>πίστιν</span> <span class='ocrx_word' id='word_1_437' title='bbox 2546 2705 2735 2774; x_wconf 82' lang='grc' dir='ltr'>γένους</span> <span class='ocrx_word' id='word_1_438' title='bbox 2775 2703 3186 2775; x_wconf 76' lang='grc' dir='ltr'>παρασχόμενος</span> <span class='ocrx_word' id='word_1_439' title='bbox 3206 2717 3220 2731; x_wconf 74' lang='lat'>&#39;</span> <span class='ocrx_word' id='word_1_440' title='bbox 3257 2702 3352 2753; x_wconf 78' lang='grc' dir='ltr'>καὶ</span> <span class='ocrx_word' id='word_1_441' title='bbox 3368 2700 3559 2752; x_wconf 76' lang='grc' dir='ltr'>ἄλλοτε</span> <span class='ocrx_word' id='word_1_442' title='bbox 3579 2714 3595 2729; x_wconf 77' lang='grc' dir='ltr'><strong><em>ο</em></strong></span> <span class='ocrx_word' id='word_1_443' title='bbox 3627 2699 3679 2750; x_wconf 92' lang='grc' dir='ltr'>Ὁ</span> <span class='ocrx_word' id='word_1_444' title='bbox 3700 2696 3789 2747; x_wconf 82' lang='grc' dir='ltr'>δεῖ-</span> 
     </span>
    </p>
   </div>
   <div class='ocr_carea' id='block_1_58' title="bbox 2229 2787 3789 2870">
    <p class='ocr_par' dir='ltr' id='par_1_58' title="bbox 2229 2787 3789 2870">
     <span class='ocr_line' id='line_1_58' title="bbox 2229 2787 3789 2870; baseline -0.008 -16"><span class='ocrx_word' id='word_1_445' title='bbox 2229 2819 2294 2854; x_wconf 87' lang='grc' dir='ltr'><strong><em>να</em></strong></span> <span class='ocrx_word' id='word_1_446' title='bbox 2323 2798 2609 2870; x_wconf 87' lang='grc' dir='ltr'>ἐδικαιώθη</span> <span class='ocrx_word' id='word_1_447' title='bbox 2663 2797 2844 2859; x_wconf 82' lang='grc' dir='ltr'>καλῶς</span> <span class='ocrx_word' id='word_1_448' title='bbox 2873 2794 3243 2866; x_wconf 83' lang='grc' dir='ltr'>ἡγεμονεύειν.</span> <span class='ocrx_word' id='word_1_449' title='bbox 3299 2794 3412 2846; x_wconf 70' lang='grc' dir='ltr'>Καὶ</span> <span class='ocrx_word' id='word_1_450' title='bbox 3446 2794 3532 2845; x_wconf 80' lang='grc' dir='ltr'>ἵνα</span> <span class='ocrx_word' id='word_1_451' title='bbox 3556 2787 3789 2844; x_wconf 76' lang='grc' dir='ltr'>πιστικώ·</span> 
     </span>
    </p>
   </div>
   <div class='ocr_carea' id='block_1_59' title="bbox 2228 2882 3784 2964">
    <p class='ocr_par' dir='ltr' id='par_1_59' title="bbox 2228 2882 3784 2964">
     <span class='ocr_line' id='line_1_59' title="bbox 2228 2882 3784 2964; baseline -0.006 -22"><span class='ocrx_word' id='word_1_452' title='bbox 2228 2909 2384 2964; x_wconf 83' lang='grc' dir='ltr'>τερος</span> <span class='ocrx_word' id='word_1_453' title='bbox 2419 2894 2447 2946; x_wconf 87' lang='grc' dir='ltr'><strong><em>ό</em></strong></span> <span class='ocrx_word' id='word_1_454' title='bbox 2479 2891 2638 2959; x_wconf 84' lang='grc' dir='ltr'>λόγος</span> <span class='ocrx_word' id='word_1_455' title='bbox 2667 2891 2833 2960; x_wconf 84' lang='grc' dir='ltr'>φανῇ,</span> <span class='ocrx_word' id='word_1_456' title='bbox 2861 2882 3041 2957; x_wconf 79' lang='grc' dir='ltr'>ὦφθαι</span> <span class='ocrx_word' id='word_1_457' title='bbox 3067 2886 3227 2939; x_wconf 81' lang='grc' dir='ltr'>αὑτὸν</span> <span class='ocrx_word' id='word_1_458' title='bbox 3251 2885 3392 2949; x_wconf 83' lang='grc' dir='ltr'>ἀξιοῖ</span> <span class='ocrx_word' id='word_1_459' title='bbox 3416 2886 3510 2938; x_wconf 71' lang='grc' dir='ltr'>καὶ</span> <span class='ocrx_word' id='word_1_460' title='bbox 3541 2882 3784 2951; x_wconf 77' lang='grc' dir='ltr'>ἀγγέλοις,</span> 
     </span>
    </p>
   </div>
   <div class='ocr_carea' id='block_1_60' title="bbox 2229 2975 3787 3052">
    <p class='ocr_par' dir='ltr' id='par_1_60' title="bbox 2229 2975 3787 3052">
     <span class='ocr_line' id='line_1_60' title="bbox 2229 2975 3787 3052; baseline -0.008 -15"><span class='ocrx_word' id='word_1_461' title='bbox 2229 2979 2449 3046; x_wconf 73' lang='grc' dir='ltr'>οἷστισι,</span> <span class='ocrx_word' id='word_1_462' title='bbox 2479 2983 2567 3036; x_wconf 84' lang='grc' dir='ltr'>διὰ</span> <span class='ocrx_word' id='word_1_463' title='bbox 2599 2983 2698 3052; x_wconf 85' lang='grc' dir='ltr'><strong><em>τὴν</em></strong></span> <span class='ocrx_word' id='word_1_464' title='bbox 2725 2981 2874 3034; x_wconf 84' lang='grc' dir='ltr'>θείαν</span> <span class='ocrx_word' id='word_1_465' title='bbox 2901 2978 3063 3032; x_wconf 83' lang='grc' dir='ltr'>αὑτοῦ</span> <span class='ocrx_word' id='word_1_466' title='bbox 3106 2979 3358 3050; x_wconf 83' lang='grc' dir='ltr'>ἀπειρίαν</span> <span class='ocrx_word' id='word_1_467' title='bbox 3388 2979 3485 3030; x_wconf 74' lang='grc' dir='ltr'>καὶ</span> <span class='ocrx_word' id='word_1_468' title='bbox 3513 2975 3787 3044; x_wconf 84' lang='grc' dir='ltr'>ἀνειδεότη-</span> 
     </span>
    </p>
   </div>
   <div class='ocr_carea' id='block_1_61' title="bbox 2227 3066 3786 3147">
    <p class='ocr_par' dir='ltr' id='par_1_61' title="bbox 2227 3066 3786 3147">
     <span class='ocr_line' id='line_1_61' title="bbox 2227 3066 3786 3147; baseline -0.007 -17"><span class='ocrx_word' id='word_1_469' title='bbox 2227 3094 2319 3138; x_wconf 89' lang='grc' dir='ltr'><strong><em>τα,</em></strong></span> <span class='ocrx_word' id='word_1_470' title='bbox 2351 3077 2581 3147; x_wconf 88' lang='grc' dir='ltr'>ἀόρατος</span> <span class='ocrx_word' id='word_1_471' title='bbox 2607 3071 2674 3146; x_wconf 78' lang='grc' dir='ltr'>ἦν</span> <span class='ocrx_word' id='word_1_472' title='bbox 2727 3073 2835 3144; x_wconf 78' lang='grc' dir='ltr'><strong><em>πρὸ</em></strong></span> <span class='ocrx_word' id='word_1_473' title='bbox 2887 3073 3094 3125; x_wconf 78' lang='grc' dir='ltr'>ἐκείνου</span> <span class='ocrx_word' id='word_1_474' title='bbox 3140 3071 3234 3124; x_wconf 77' lang='grc' dir='ltr'>τοῦ</span> <span class='ocrx_word' id='word_1_475' title='bbox 3276 3070 3473 3141; x_wconf 82' lang='grc' dir='ltr'>χρόνου</span> <span class='ocrx_word' id='word_1_476' title='bbox 3515 3066 3786 3139; x_wconf 82' lang='grc' dir='ltr'>ὁμοίωςτῷ</span> 
     </span>
    </p>
   </div>
   <div class='ocr_carea' id='block_1_62' title="bbox 2163 1847 2203 1901">
    <p class='ocr_par' dir='ltr' id='par_1_62' title="bbox 2163 1847 2203 1901">
     <span class='ocr_line' id='line_1_62' title="bbox 2163 1847 2203 1901; baseline 0 0"><span class='ocrx_word' id='word_1_477' title='bbox 2163 1847 2203 1901; x_wconf 84' lang='grc' dir='ltr'><strong>Β</strong></span> 
     </span>
    </p>
   </div>
   <div class='ocr_carea' id='block_1_63' title="bbox 555 3157 2129 3250">
    <p class='ocr_par' dir='ltr' id='par_1_63' title="bbox 555 3159 2122 3228">
     <span class='ocr_line' id='line_1_63' title="bbox 555 3159 2122 3228; baseline 0.008 -17"><span class='ocrx_word' id='word_1_478' title='bbox 555 3159 757 3212; x_wconf 83' lang='lat' dir='ltr'><strong><em>habitat</em></strong></span> <span class='ocrx_word' id='word_1_479' title='bbox 781 3161 947 3214; x_wconf 87' lang='lat' dir='ltr'><strong><em>omnis</em></strong></span> <span class='ocrx_word' id='word_1_480' title='bbox 980 3160 1250 3228; x_wconf 82' lang='lat' dir='ltr'><strong><em>plenitudo</em></strong></span> <span class='ocrx_word' id='word_1_481' title='bbox 1289 3163 1599 3218; x_wconf 88' lang='lat' dir='ltr'><strong><em>divinitatis.</em></strong></span> <span class='ocrx_word' id='word_1_482' title='bbox 1651 3167 1732 3220; x_wconf 87' lang='lat' dir='ltr'><strong><em>Ad</em></strong></span> <span class='ocrx_word' id='word_1_483' title='bbox 1784 3166 2122 3224; x_wconf 84' lang='lat' dir='ltr'><strong><em>Timotheum</em></strong></span> 
     </span>
    </p>
   </div>
   <div class='ocr_carea' id='block_1_64' title="bbox 2228 3157 3784 3250">
    <p class='ocr_par' dir='ltr' id='par_1_64' title="bbox 2234 3157 3784 3250">
     <span class='ocr_line' id='line_1_64' title="bbox 2234 3157 3784 3250; baseline -0.007 -29"><span class='ocrx_word' id='word_1_484' title='bbox 2234 3168 2376 3239; x_wconf 85' lang='grc' dir='ltr'>μόνῳ</span> <span class='ocrx_word' id='word_1_485' title='bbox 2404 3167 2621 3238; x_wconf 77' lang='grc' dir='ltr'>ἀοράτῳ</span> <span class='ocrx_word' id='word_1_486' title='bbox 2649 3165 2767 3236; x_wconf 87' lang='grc' dir='ltr'><strong><em>Θεῷ</em></strong></span> <span class='ocrx_word' id='word_1_487' title='bbox 2791 3183 2802 3196; x_wconf 91' lang='grc'><strong>·</strong></span> <span class='ocrx_word' id='word_1_488' title='bbox 2851 3165 2945 3218; x_wconf 72' lang='grc' dir='ltr'>καὶ</span> <span class='ocrx_word' id='word_1_489' title='bbox 2973 3165 3064 3216; x_wconf 81' lang='grc' dir='ltr'>ὑπ’</span> <span class='ocrx_word' id='word_1_490' title='bbox 3091 3164 3267 3217; x_wconf 83' lang='grc' dir='ltr'>αὐτῶν</span> <span class='ocrx_word' id='word_1_491' title='bbox 3300 3161 3601 3233; x_wconf 82' lang='grc' dir='ltr'>ὑμνῆσθαι·</span> <span class='ocrx_word' id='word_1_492' title='bbox 3653 3157 3784 3250; x_wconf 70' lang='grc' dir='ltr'>Δόξα</span> 
     </span>
    </p>
   </div>
   <div class='ocr_carea' id='block_1_65' title="bbox 556 3251 2124 3329">
    <p class='ocr_par' dir='ltr' id='par_1_65' title="bbox 556 3251 2124 3329">
     <span class='ocr_line' id='line_1_65' title="bbox 556 3251 2124 3329; baseline 0.01 -29"><span class='ocrx_word' id='word_1_493' title='bbox 556 3265 771 3319; x_wconf 88' lang='lat' dir='ltr'><strong><em>quoque</em></strong></span> <span class='ocrx_word' id='word_1_494' title='bbox 809 3251 1074 3316; x_wconf 90' lang='lat' dir='ltr'><strong><em>scribens,</em></strong></span> <span class='ocrx_word' id='word_1_495' title='bbox 1119 3254 1314 3306; x_wconf 91' lang='lat' dir='ltr'><strong><em>mirum</em></strong></span> <span class='ocrx_word' id='word_1_496' title='bbox 1360 3255 1414 3308; x_wconf 84' lang='lat' dir='ltr'><strong><em>in</em></strong></span> <span class='ocrx_word' id='word_1_497' title='bbox 1454 3257 1670 3310; x_wconf 88' lang='lat' dir='ltr'><strong><em>modum</em></strong></span> <span class='ocrx_word' id='word_1_498' title='bbox 1721 3258 1959 3329; x_wconf 79' lang='lat' dir='ltr'><strong><em>theologi</em></strong></span> <span class='ocrx_word' id='word_1_499' title='bbox 2003 3277 2124 3315; x_wconf 88' lang='lat' dir='ltr'><strong><em>mu-</em></strong></span> 
     </span>
    </p>
   </div>
   <div class='ocr_carea' id='block_1_66' title="bbox 557 3344 2127 3424">
    <p class='ocr_par' dir='ltr' id='par_1_66' title="bbox 557 3344 2127 3424">
     <span class='ocr_line' id='line_1_66' title="bbox 557 3344 2127 3424; baseline 0.006 -26"><span class='ocrx_word' id='word_1_500' title='bbox 557 3359 688 3399; x_wconf 89' lang='lat' dir='ltr'><strong><em>nere</em></strong></span> <span class='ocrx_word' id='word_1_501' title='bbox 717 3344 937 3400; x_wconf 78' lang='lat' dir='ltr'><strong><em>functus</em></strong></span> <span class='ocrx_word' id='word_1_502' title='bbox 969 3357 1074 3410; x_wconf 88' lang='lat' dir='ltr'><strong><em>est,</em></strong></span> <span class='ocrx_word' id='word_1_503' title='bbox 1101 3345 1222 3401; x_wconf 88' lang='lat' dir='ltr'><strong><em>Filii</em></strong></span> <span class='ocrx_word' id='word_1_504' title='bbox 1253 3348 1591 3403; x_wconf 86' lang='lat' dir='ltr'><strong><em>divinitatem</em></strong></span> <span class='ocrx_word' id='word_1_505' title='bbox 1635 3365 1918 3407; x_wconf 82' lang='lat' dir='ltr'><strong><em>asserens:</em></strong></span> <span class='ocrx_word' id='word_1_506' title='bbox 1966 3365 2127 3424; x_wconf 89' lang='lat' dir='ltr'><strong><em>atque</em></strong></span> 
     </span>
    </p>
   </div>
   <div class='ocr_carea' id='block_1_67' title="bbox 556 3435 2125 3514">
    <p class='ocr_par' dir='ltr' id='par_1_67' title="bbox 556 3435 2125 3514">
     <span class='ocr_line' id='line_1_67' title="bbox 556 3435 2125 3514; baseline 0.007 -26"><span class='ocrx_word' id='word_1_507' title='bbox 556 3435 823 3490; x_wconf 91' lang='lat' dir='ltr'><strong><em>ambobus</em></strong></span> <span class='ocrx_word' id='word_1_508' title='bbox 857 3437 909 3490; x_wconf 93' lang='lat' dir='ltr'><strong><em>in</em></strong></span> <span class='ocrx_word' id='word_1_509' title='bbox 935 3436 1068 3491; x_wconf 92' lang='lat' dir='ltr'><strong><em>locis</em></strong></span> <span class='ocrx_word' id='word_1_510' title='bbox 1105 3437 1302 3506; x_wconf 91' lang='lat' dir='ltr'><strong><em>ipsum,</em></strong></span> <span class='ocrx_word' id='word_1_511' title='bbox 1340 3450 1576 3509; x_wconf 87' lang='lat' dir='ltr'><strong><em>spectata</em></strong></span> <span class='ocrx_word' id='word_1_512' title='bbox 1617 3442 1734 3510; x_wconf 87' lang='lat' dir='ltr'><strong><em>ejus</em></strong></span> <span class='ocrx_word' id='word_1_513' title='bbox 1765 3443 1965 3498; x_wconf 87' lang='lat' dir='ltr'><strong><em>deitate</em></strong></span> <span class='ocrx_word' id='word_1_514' title='bbox 1989 3444 2125 3514; x_wconf 87' lang='lat'><strong>(59),</strong></span> 
     </span>
    </p>
   </div>
   <div class='ocr_carea' id='block_1_68' title="bbox 557 3528 2127 3594">
    <p class='ocr_par' dir='ltr' id='par_1_68' title="bbox 557 3528 2127 3594">
     <span class='ocr_line' id='line_1_68' title="bbox 557 3528 2127 3594; baseline 0.008 -15"><span class='ocrx_word' id='word_1_515' title='bbox 557 3541 587 3579; x_wconf 87' lang='lat' dir='ltr'><strong><em>a</em></strong></span> <span class='ocrx_word' id='word_1_516' title='bbox 648 3535 870 3594; x_wconf 86' lang='lat' dir='ltr'><strong><em>paterna</em></strong></span> <span class='ocrx_word' id='word_1_517' title='bbox 922 3537 1114 3581; x_wconf 86' lang='lat' dir='ltr'><strong><em>natura</em></strong></span> <span class='ocrx_word' id='word_1_518' title='bbox 1153 3528 1388 3584; x_wconf 89' lang='lat' dir='ltr'><strong><em>alienum</em></strong></span> <span class='ocrx_word' id='word_1_519' title='bbox 1444 3547 1550 3587; x_wconf 91' lang='lat' dir='ltr'><strong><em>non</em></strong></span> <span class='ocrx_word' id='word_1_520' title='bbox 1608 3547 1728 3587; x_wconf 89' lang='lat' dir='ltr'><strong><em>esse</em></strong></span> <span class='ocrx_word' id='word_1_521' title='bbox 1777 3535 1998 3589; x_wconf 87' lang='lat' dir='ltr'><strong><em>docuit:</em></strong></span> <span class='ocrx_word' id='word_1_522' title='bbox 2047 3537 2127 3592; x_wconf 90' lang='lat' dir='ltr'><strong><em>sic</em></strong></span> 
     </span>
    </p>
   </div>
   <div class='ocr_carea' id='block_1_69' title="bbox 556 3617 2129 3693">
    <p class='ocr_par' dir='ltr' id='par_1_69' title="bbox 556 3617 2129 3693">
     <span class='ocr_line' id='line_1_69' title="bbox 556 3617 2129 3693; baseline 0.006 -21"><span class='ocrx_word' id='word_1_523' title='bbox 556 3617 703 3672; x_wconf 90' lang='lat' dir='ltr'><strong><em>enim</em></strong></span> <span class='ocrx_word' id='word_1_524' title='bbox 732 3619 809 3672; x_wconf 87' lang='lat' dir='ltr'><strong><em>ait</em></strong></span> <span class='ocrx_word' id='word_1_525' title='bbox 837 3637 851 3674; x_wconf 89' lang='lat'><strong><em>:</em></strong></span> <span class='ocrx_word' id='word_1_526' title='bbox 884 3619 1164 3687; x_wconf 79' lang='lat' dir='ltr'><strong><em>Manifeste</em></strong></span> <span class='ocrx_word' id='word_1_527' title='bbox 1193 3620 1306 3692; x_wconf 88' lang='lat'><strong>(60)</strong></span> <span class='ocrx_word' id='word_1_528' title='bbox 1337 3638 1583 3692; x_wconf 83' lang='lat' dir='ltr'><strong><em>magnum</em></strong></span> <span class='ocrx_word' id='word_1_529' title='bbox 1606 3635 1682 3678; x_wconf 88' lang='lat' dir='ltr'><strong><em>est</em></strong></span> <span class='ocrx_word' id='word_1_530' title='bbox 1711 3625 1916 3693; x_wconf 88' lang='lat' dir='ltr'><strong><em>pietatis</em></strong></span> <span class='ocrx_word' id='word_1_531' title='bbox 1948 3645 2129 3682; x_wconf 88' lang='lat' dir='ltr'><strong><em>sacra-</em></strong></span> 
     </span>
    </p>
   </div>
   <div class='ocr_carea' id='block_1_70' title="bbox 556 3711 2127 3790">
    <p class='ocr_par' dir='ltr' id='par_1_70' title="bbox 556 3711 2127 3790">
     <span class='ocr_line' id='line_1_70' title="bbox 556 3711 2127 3790; baseline 0.008 -27"><span class='ocrx_word' id='word_1_532' title='bbox 556 3719 822 3763; x_wconf 81' lang='lat' dir='ltr'><strong><em>mentum:</em></strong></span> <span class='ocrx_word' id='word_1_533' title='bbox 858 3711 994 3766; x_wconf 85' lang='lat' dir='ltr'><strong><em>Deus</em></strong></span> <span class='ocrx_word' id='word_1_534' title='bbox 1025 3713 1138 3780; x_wconf 81' lang='grc'>(61)</span> <span class='ocrx_word' id='word_1_535' title='bbox 1165 3715 1530 3784; x_wconf 80' lang='lat' dir='ltr'><strong><em>manifestatus</em></strong></span> <span class='ocrx_word' id='word_1_536' title='bbox 1569 3727 1648 3771; x_wconf 87' lang='lat' dir='ltr'><strong><em>est</em></strong></span> <span class='ocrx_word' id='word_1_537' title='bbox 1677 3719 1729 3772; x_wconf 90' lang='lat' dir='ltr'><strong><em>in</em></strong></span> <span class='ocrx_word' id='word_1_538' title='bbox 1752 3736 1928 3785; x_wconf 90' lang='lat' dir='ltr'><strong><em>carne,</em></strong></span> <span class='ocrx_word' id='word_1_539' title='bbox 1962 3721 2127 3790; x_wconf 80' lang='lat' dir='ltr'><strong><em>justi-</em></strong></span> 
     </span>
    </p>
   </div>
   <div class='ocr_carea' id='block_1_71' title="bbox 558 3801 2127 3880">
    <p class='ocr_par' dir='ltr' id='par_1_71' title="bbox 558 3801 2127 3880">
     <span class='ocr_line' id='line_1_71' title="bbox 558 3801 2127 3880; baseline 0.009 -27"><span class='ocrx_word' id='word_1_540' title='bbox 558 3801 747 3871; x_wconf 77' lang='lat' dir='ltr'><strong><em>ﬁcatus</em></strong></span> <span class='ocrx_word' id='word_1_541' title='bbox 775 3805 924 3857; x_wconf 87' lang='lat' dir='ltr'><strong><em>estin</em></strong></span> <span class='ocrx_word' id='word_1_542' title='bbox 975 3803 1202 3873; x_wconf 87' lang='lat' dir='ltr'><strong><em>Spiritu,</em></strong></span> <span class='ocrx_word' id='word_1_543' title='bbox 1250 3810 1492 3878; x_wconf 86' lang='lat' dir='ltr'><strong><em>apparuit</em></strong></span> <span class='ocrx_word' id='word_1_544' title='bbox 1544 3810 1763 3879; x_wconf 85' lang='lat' dir='ltr'><strong><em>angelis,</em></strong></span> <span class='ocrx_word' id='word_1_545' title='bbox 1814 3813 2127 3880; x_wconf 72' lang='lat' dir='ltr'><strong><em>prtedicatus</em></strong></span> 
     </span>
    </p>
   </div>
   <div class='ocr_carea' id='block_1_72' title="bbox 559 3893 2127 3969">
    <p class='ocr_par' dir='ltr' id='par_1_72' title="bbox 559 3893 2127 3969">
     <span class='ocr_line' id='line_1_72' title="bbox 559 3893 2127 3969; baseline 0.008 -27"><span class='ocrx_word' id='word_1_546' title='bbox 559 3901 638 3944; x_wconf 87' lang='lat' dir='ltr'><strong><em>est</em></strong></span> <span class='ocrx_word' id='word_1_547' title='bbox 660 3893 921 3962; x_wconf 86' lang='lat' dir='ltr'><strong><em>gentibus,</em></strong></span> <span class='ocrx_word' id='word_1_548' title='bbox 974 3897 1203 3950; x_wconf 86' lang='lat' dir='ltr'><strong><em>creditus</em></strong></span> <span class='ocrx_word' id='word_1_549' title='bbox 1245 3907 1321 3951; x_wconf 85' lang='lat' dir='ltr'><strong><em>est</em></strong></span> <span class='ocrx_word' id='word_1_550' title='bbox 1367 3899 1584 3965; x_wconf 87' lang='lat' dir='ltr'><strong><em>mundo,</em></strong></span> <span class='ocrx_word' id='word_1_551' title='bbox 1625 3910 1920 3969; x_wconf 82' lang='lat' dir='ltr'><strong><em>assumptus</em></strong></span> <span class='ocrx_word' id='word_1_552' title='bbox 1963 3912 2036 3954; x_wconf 89' lang='lat' dir='ltr'><strong><em>est</em></strong></span> <span class='ocrx_word' id='word_1_553' title='bbox 2075 3904 2127 3955; x_wconf 85' lang='lat' dir='ltr'><strong><em>in</em></strong></span> 
     </span>
    </p>
   </div>
   <div class='ocr_carea' id='block_1_73' title="bbox 564 4077 2135 4154">
    <p class='ocr_par' dir='ltr' id='par_1_73' title="bbox 564 4077 2135 4154">
     <span class='ocr_line' id='line_1_73' title="bbox 564 4077 2135 4154; baseline 0.004 -24"><span class='ocrx_word' id='word_1_554' title='bbox 564 4077 695 4154; x_wconf 77' lang='lat' dir='ltr'><strong><em>quid</em></strong></span> <span class='ocrx_word' id='word_1_555' title='bbox 729 4093 891 4154; x_wconf 81' lang='lat' dir='ltr'><strong><em>unum</em></strong></span> <span class='ocrx_word' id='word_1_556' title='bbox 933 4093 964 4134; x_wconf 80' lang='grc' dir='ltr'><strong><em>ο</em></strong></span> <span class='ocrx_word' id='word_1_557' title='bbox 1012 4095 1104 4134; x_wconf 80' lang='lat' dir='ltr'><strong><em>sex</em></strong></span> <span class='ocrx_word' id='word_1_558' title='bbox 1131 4095 1193 4134; x_wconf 89' lang='lat' dir='ltr'><strong><em>ac</em></strong></span> <span class='ocrx_word' id='word_1_559' title='bbox 1217 4079 1404 4148; x_wconf 88' lang='lat' dir='ltr'><strong><em>viginti</em></strong></span> <span class='ocrx_word' id='word_1_560' title='bbox 1436 4081 1805 4154; x_wconf 78' lang='lat' dir='ltr'><strong><em>superioribus</em></strong></span> <span class='ocrx_word' id='word_1_561' title='bbox 1830 4083 2135 4154; x_wconf 84' lang='lat' dir='ltr'><strong><em>capitibus?</em></strong></span> 
     </span>
    </p>
   </div>
   <div class='ocr_carea' id='block_1_74' title="bbox 562 4148 2132 4221">
    <p class='ocr_par' dir='ltr' id='par_1_74' title="bbox 562 4148 2132 4221">
     <span class='ocr_line' id='line_1_74' title="bbox 562 4148 2132 4221; baseline 0.003 -19"><span class='ocrx_word' id='word_1_562' title='bbox 562 4149 617 4202; x_wconf 88' lang='lat' dir='ltr'><strong><em>In</em></strong></span> <span class='ocrx_word' id='word_1_563' title='bbox 643 4148 707 4221; x_wconf 88' lang='lat' dir='ltr'><strong><em>iis</em></strong></span> <span class='ocrx_word' id='word_1_564' title='bbox 731 4149 969 4218; x_wconf 87' lang='lat' dir='ltr'><strong><em>quidem,</em></strong></span> <span class='ocrx_word' id='word_1_565' title='bbox 1019 4166 1139 4221; x_wconf 72' lang='lat' dir='ltr'><strong><em>quae</em></strong></span> <span class='ocrx_word' id='word_1_566' title='bbox 1169 4162 1481 4219; x_wconf 89' lang='lat' dir='ltr'><strong><em>supersunt,</em></strong></span> <span class='ocrx_word' id='word_1_567' title='bbox 1503 4148 1681 4205; x_wconf 83' lang='lat' dir='ltr'><strong><em>semel</em></strong></span> <span class='ocrx_word' id='word_1_568' title='bbox 1741 4148 1949 4209; x_wconf 83' lang='lat' dir='ltr'><strong><em>tantnin</em></strong></span> <span class='ocrx_word' id='word_1_569' title='bbox 1999 4156 2132 4208; x_wconf 90' lang='lat' dir='ltr'><strong><em>cita-</em></strong></span> 
     </span>
    </p>
   </div>
   <div class='ocr_carea' id='block_1_75' title="bbox 563 4220 2130 4290">
    <p class='ocr_par' dir='ltr' id='par_1_75' title="bbox 563 4220 2130 4290">
     <span class='ocr_line' id='line_1_75' title="bbox 563 4220 2130 4290; baseline 0.003 -16"><span class='ocrx_word' id='word_1_570' title='bbox 563 4230 655 4274; x_wconf 86' lang='lat' dir='ltr'><strong><em>tur</em></strong></span> <span class='ocrx_word' id='word_1_571' title='bbox 691 4220 841 4290; x_wconf 82' lang='lat' dir='ltr'><strong><em>locus</em></strong></span> <span class='ocrx_word' id='word_1_572' title='bbox 883 4222 968 4274; x_wconf 93' lang='lat' dir='ltr'><strong><em>hic</em></strong></span> <span class='ocrx_word' id='word_1_573' title='bbox 1007 4220 1258 4288; x_wconf 62' lang='lat' dir='ltr'><strong><em>Epistolas</em></strong></span> <span class='ocrx_word' id='word_1_574' title='bbox 1289 4222 1355 4274; x_wconf 91' lang='lat' dir='ltr'><strong><em>ad</em></strong></span> <span class='ocrx_word' id='word_1_575' title='bbox 1381 4221 1750 4290; x_wconf 83' lang='lat' dir='ltr'><strong><em>Colossenses,</em></strong></span> <span class='ocrx_word' id='word_1_576' title='bbox 1787 4225 1994 4279; x_wconf 90' lang='lat' dir='ltr'><strong><em>scilicet</em></strong></span> <span class='ocrx_word' id='word_1_577' title='bbox 2041 4239 2130 4279; x_wconf 86' lang='lat' dir='ltr'><strong><em>ca-</em></strong></span> 
     </span>
    </p>
   </div>
   <div class='ocr_carea' id='block_1_76' title="bbox 563 4289 2126 4359">
    <p class='ocr_par' dir='ltr' id='par_1_76' title="bbox 563 4289 2126 4359">
     <span class='ocr_line' id='line_1_76' title="bbox 563 4289 2126 4359; baseline 0.004 -17"><span class='ocrx_word' id='word_1_578' title='bbox 563 4290 677 4358; x_wconf 88' lang='lat' dir='ltr'><strong><em>pite</em></strong></span> <span class='ocrx_word' id='word_1_579' title='bbox 708 4289 792 4355; x_wconf 86' lang='grc'><strong><em>16,</em></strong></span> <span class='ocrx_word' id='word_1_580' title='bbox 819 4305 989 4359; x_wconf 89' lang='lat' dir='ltr'><strong><em>segm.</em></strong></span> <span class='ocrx_word' id='word_1_581' title='bbox 1025 4291 1096 4346; x_wconf 80' lang='lat' dir='ltr'><strong><em>l6</em></strong></span> <span class='ocrx_word' id='word_1_582' title='bbox 1127 4309 1179 4357; x_wconf 90' lang='lat' dir='ltr'><strong><em>a,</em></strong></span> <span class='ocrx_word' id='word_1_583' title='bbox 1213 4291 1258 4346; x_wconf 94' lang='lat' dir='ltr'><strong><em>si</em></strong></span> <span class='ocrx_word' id='word_1_584' title='bbox 1313 4302 1489 4346; x_wconf 90' lang='lat' dir='ltr'><strong><em>tamen</em></strong></span> <span class='ocrx_word' id='word_1_585' title='bbox 1527 4291 1596 4344; x_wconf 91' lang='lat' dir='ltr'><strong><em>ibi</em></strong></span> <span class='ocrx_word' id='word_1_586' title='bbox 1642 4293 1788 4349; x_wconf 91' lang='lat' dir='ltr'><strong><em>illum</em></strong></span> <span class='ocrx_word' id='word_1_587' title='bbox 1814 4295 1992 4359; x_wconf 88' lang='lat' dir='ltr'><strong><em>citari,</em></strong></span> <span class='ocrx_word' id='word_1_588' title='bbox 2022 4309 2126 4348; x_wconf 92' lang='lat' dir='ltr'><strong><em>non</em></strong></span> 
     </span>
    </p>
   </div>
   <div class='ocr_carea' id='block_1_77' title="bbox 562 4360 2128 4433">
    <p class='ocr_par' dir='ltr' id='par_1_77' title="bbox 562 4360 2128 4433">
     <span class='ocr_line' id='line_1_77' title="bbox 562 4360 2128 4433; baseline 0.004 -21"><span class='ocrx_word' id='word_1_589' title='bbox 562 4375 694 4414; x_wconf 82' lang='lat' dir='ltr'><strong><em>vero</em></strong></span> <span class='ocrx_word' id='word_1_590' title='bbox 743 4362 918 4433; x_wconf 75' lang='lat' dir='ltr'><strong><em>potius</em></strong></span> <span class='ocrx_word' id='word_1_591' title='bbox 963 4363 1176 4432; x_wconf 86' lang='lat' dir='ltr'><strong><em>attingi,</em></strong></span> <span class='ocrx_word' id='word_1_592' title='bbox 1232 4360 1523 4433; x_wconf 70' lang='lat' dir='ltr'><strong><em>dicendum</em></strong></span> <span class='ocrx_word' id='word_1_593' title='bbox 1558 4371 1659 4417; x_wconf 89' lang='lat' dir='ltr'><strong><em>est.</em></strong></span> <span class='ocrx_word' id='word_1_594' title='bbox 1705 4366 1773 4418; x_wconf 84' lang='lat' dir='ltr'><strong><em>At</em></strong></span> <span class='ocrx_word' id='word_1_595' title='bbox 1813 4367 1936 4433; x_wconf 88' lang='lat' dir='ltr'><strong><em>quis</em></strong></span> <span class='ocrx_word' id='word_1_596' title='bbox 1975 4373 2128 4432; x_wconf 87' lang='lat' dir='ltr'><strong><em>putet</em></strong></span> 
     </span>
    </p>
   </div>
   <div class='ocr_carea' id='block_1_78' title="bbox 565 4431 2126 4505">
    <p class='ocr_par' dir='ltr' id='par_1_78' title="bbox 565 4431 2126 4505">
     <span class='ocr_line' id='line_1_78' title="bbox 565 4431 2126 4505; baseline 0.005 -24"><span class='ocrx_word' id='word_1_597' title='bbox 565 4431 880 4505; x_wconf 61' lang='lat' dir='ltr'><strong><em>caputillud</em></strong></span> <span class='ocrx_word' id='word_1_598' title='bbox 910 4433 976 4485; x_wconf 85' lang='grc'>16</span> <span class='ocrx_word' id='word_1_599' title='bbox 1009 4431 1353 4505; x_wconf 56' lang='grc' dir='ltr'>Ιιίεξιζεερῑοίἳ</span> <span class='ocrx_word' id='word_1_600' title='bbox 1393 4431 1653 4505; x_wconf 80' lang='lat' dir='ltr'><strong><em>Equidem</em></strong></span> <span class='ocrx_word' id='word_1_601' title='bbox 1695 4431 1918 4490; x_wconf 84' lang='lat' dir='ltr'><strong><em>indicari</em></strong></span> <span class='ocrx_word' id='word_1_602' title='bbox 1947 4431 2126 4505; x_wconf 80' lang='lat' dir='ltr'><strong><em>potius</em></strong></span> 
     </span>
    </p>
   </div>
   <div class='ocr_carea' id='block_1_79' title="bbox 2231 3249 3787 3328">
    <p class='ocr_par' dir='ltr' id='par_1_79' title="bbox 2231 3249 3787 3328">
     <span class='ocr_line' id='line_1_79' title="bbox 2231 3249 3787 3328; baseline -0.004 -17"><span class='ocrx_word' id='word_1_603' title='bbox 2231 3259 2301 3311; x_wconf 77' lang='grc' dir='ltr'>ἐν</span> <span class='ocrx_word' id='word_1_604' title='bbox 2327 3261 2609 3328; x_wconf 73' lang='grc' dir='ltr'>ὑψίστοις</span> <span class='ocrx_word' id='word_1_605' title='bbox 2634 3257 2774 3324; x_wconf 86' lang='grc' dir='ltr'>Θεῷ,</span> <span class='ocrx_word' id='word_1_606' title='bbox 2814 3258 2910 3310; x_wconf 80' lang='grc' dir='ltr'>καὶ</span> <span class='ocrx_word' id='word_1_607' title='bbox 2953 3258 3051 3311; x_wconf 77' lang='grc' dir='ltr'>ἐπὶ</span> <span class='ocrx_word' id='word_1_608' title='bbox 3083 3256 3198 3327; x_wconf 68' lang='lat' dir='ltr'><strong><em>m&#39;c</em></strong></span> <span class='ocrx_word' id='word_1_609' title='bbox 3239 3255 3450 3324; x_wconf 74' lang='grc' dir='ltr'>εἰρήνη</span> <span class='ocrx_word' id='word_1_610' title='bbox 3472 3271 3485 3283; x_wconf 93' lang='grc'><strong>·</strong></span> <span class='ocrx_word' id='word_1_611' title='bbox 3508 3255 3576 3308; x_wconf 76' lang='grc' dir='ltr'><strong><em>ἐν</em></strong></span> <span class='ocrx_word' id='word_1_612' title='bbox 3593 3249 3787 3317; x_wconf 81' lang='grc' dir='ltr'>ἀνθρώ-</span> 
     </span>
    </p>
   </div>
   <div class='ocr_carea' id='block_1_80' title="bbox 2234 3338 3786 3420">
    <p class='ocr_par' dir='ltr' id='par_1_80' title="bbox 2234 3338 3786 3420">
     <span class='ocr_line' id='line_1_80' title="bbox 2234 3338 3786 3420; baseline -0.006 -17"><span class='ocrx_word' id='word_1_613' title='bbox 2234 3366 2367 3415; x_wconf 79' lang='grc' dir='ltr'>ποις</span> <span class='ocrx_word' id='word_1_614' title='bbox 2394 3349 2638 3403; x_wconf 81' lang='grc' dir='ltr'>εὐδοκία</span> <span class='ocrx_word' id='word_1_615' title='bbox 2661 3365 2672 3377; x_wconf 89' lang='grc'>·</span> <span class='ocrx_word' id='word_1_616' title='bbox 2703 3348 3042 3420; x_wconf 80' lang='grc' dir='ltr'>κεκηρύχθαι</span> <span class='ocrx_word' id='word_1_617' title='bbox 3074 3348 3131 3400; x_wconf 83' lang='grc' dir='ltr'><strong><em>δὲ</em></strong></span> <span class='ocrx_word' id='word_1_618' title='bbox 3162 3350 3218 3400; x_wconf 84' lang='grc' dir='ltr'><strong><em>ἐν</em></strong></span> <span class='ocrx_word' id='word_1_619' title='bbox 3246 3347 3380 3416; x_wconf 85' lang='grc' dir='ltr'>τῷδε</span> <span class='ocrx_word' id='word_1_620' title='bbox 3409 3346 3490 3417; x_wconf 79' lang='grc' dir='ltr'><strong><em>τῷ</em></strong></span> <span class='ocrx_word' id='word_1_621' title='bbox 3515 3344 3685 3404; x_wconf 79' lang='grc' dir='ltr'>παντὶ,</span> <span class='ocrx_word' id='word_1_622' title='bbox 3709 3338 3786 3394; x_wconf 77' lang='grc' dir='ltr'>καὶ</span> 
     </span>
    </p>
   </div>
   <div class='ocr_carea' id='block_1_81' title="bbox 2235 3433 3786 3510">
    <p class='ocr_par' dir='ltr' id='par_1_81' title="bbox 2235 3433 3786 3510">
     <span class='ocr_line' id='line_1_81' title="bbox 2235 3433 3786 3510; baseline -0.002 -17"><span class='ocrx_word' id='word_1_623' title='bbox 2235 3441 2611 3502; x_wconf 81' lang='grc' dir='ltr'>πεπιστεῦθαι,</span> <span class='ocrx_word' id='word_1_624' title='bbox 2642 3443 2834 3510; x_wconf 82' lang='grc' dir='ltr'>ὅτιπερ</span> <span class='ocrx_word' id='word_1_625' title='bbox 2860 3443 2888 3494; x_wconf 86' lang='grc' dir='ltr'>ὁ</span> <span class='ocrx_word' id='word_1_626' title='bbox 2908 3443 2972 3493; x_wconf 84' lang='grc' dir='ltr'><strong><em>ἐκ</em></strong></span> <span class='ocrx_word' id='word_1_627' title='bbox 3002 3440 3095 3492; x_wconf 82' lang='grc' dir='ltr'>τοῦ</span> <span class='ocrx_word' id='word_1_628' title='bbox 3118 3441 3354 3510; x_wconf 78' lang='grc' dir='ltr'>ἀρρήτου</span> <span class='ocrx_word' id='word_1_629' title='bbox 3383 3437 3561 3508; x_wconf 78' lang='grc' dir='ltr'>φωτὸς</span> <span class='ocrx_word' id='word_1_630' title='bbox 3574 3433 3786 3504; x_wconf 80' lang='grc' dir='ltr'>ἀχρόνως</span> 
     </span>
    </p>
   </div>
   <div class='ocr_carea' id='block_1_82' title="bbox 2235 3531 3786 3604">
    <p class='ocr_par' dir='ltr' id='par_1_82' title="bbox 2235 3531 3786 3604">
     <span class='ocr_line' id='line_1_82' title="bbox 2235 3531 3786 3604; baseline -0.005 -18"><span class='ocrx_word' id='word_1_631' title='bbox 2235 3533 2538 3604; x_wconf 69' lang='grc' dir='ltr'>ἐκλάμψας,</span> <span class='ocrx_word' id='word_1_632' title='bbox 2573 3533 2678 3586; x_wconf 83' lang='grc' dir='ltr'><strong><em>ἀπὸ</em></strong></span> <span class='ocrx_word' id='word_1_633' title='bbox 2719 3533 2821 3603; x_wconf 85' lang='grc' dir='ltr'>τῆς</span> <span class='ocrx_word' id='word_1_634' title='bbox 2863 3531 3242 3602; x_wconf 78' lang='grc' dir='ltr'>Ἀειπαρθένου</span> <span class='ocrx_word' id='word_1_635' title='bbox 3299 3534 3356 3584; x_wconf 89' lang='grc' dir='ltr'><strong><em>ἐν</em></strong></span> <span class='ocrx_word' id='word_1_636' title='bbox 3406 3531 3648 3600; x_wconf 84' lang='grc' dir='ltr'>ὑστέροις</span> <span class='ocrx_word' id='word_1_637' title='bbox 3687 3543 3786 3579; x_wconf 81' lang='grc' dir='ltr'>και-</span> 
     </span>
    </p>
   </div>
   <div class='ocr_carea' id='block_1_83' title="bbox 2239 3618 3786 3698">
    <p class='ocr_par' dir='ltr' id='par_1_83' title="bbox 2239 3618 3786 3698">
     <span class='ocr_line' id='line_1_83' title="bbox 2239 3618 3786 3698; baseline -0.005 -20"><span class='ocrx_word' id='word_1_638' title='bbox 2239 3629 2349 3698; x_wconf 88' lang='grc' dir='ltr'>ροῖς</span> <span class='ocrx_word' id='word_1_639' title='bbox 2387 3625 2475 3679; x_wconf 80' lang='grc' dir='ltr'>διὰ</span> <span class='ocrx_word' id='word_1_640' title='bbox 2506 3625 2909 3696; x_wconf 68' lang='grc' dir='ltr'>φιλανθρωπίαν</span> <span class='ocrx_word' id='word_1_641' title='bbox 2927 3624 3219 3695; x_wconf 80' lang='grc' dir='ltr'>ἀφράστως</span> <span class='ocrx_word' id='word_1_642' title='bbox 3239 3623 3457 3695; x_wconf 86' lang='grc' dir='ltr'>ἐτέχθη,</span> <span class='ocrx_word' id='word_1_643' title='bbox 3487 3623 3554 3676; x_wconf 79' lang='grc' dir='ltr'>τὰ</span> <span class='ocrx_word' id='word_1_644' title='bbox 3576 3618 3786 3693; x_wconf 84' lang='grc' dir='ltr'>πατρικά</span> 
     </span>
    </p>
   </div>
   <div class='ocr_carea' id='block_1_84' title="bbox 2234 3711 3784 3789">
    <p class='ocr_par' dir='ltr' id='par_1_84' title="bbox 2234 3711 3784 3789">
     <span class='ocr_line' id='line_1_84' title="bbox 2234 3711 3784 3789; baseline -0.006 -18"><span class='ocrx_word' id='word_1_645' title='bbox 2234 3719 2411 3772; x_wconf 75' lang='grc' dir='ltr'>πάντα</span> <span class='ocrx_word' id='word_1_646' title='bbox 2468 3719 2707 3789; x_wconf 84' lang='grc' dir='ltr'>ἐκφήνας</span> <span class='ocrx_word' id='word_1_647' title='bbox 2767 3720 2824 3770; x_wconf 91' lang='grc' dir='ltr'><strong><em>ἐν</em></strong></span> <span class='ocrx_word' id='word_1_648' title='bbox 2887 3717 3064 3787; x_wconf 85' lang='grc' dir='ltr'>ἐαυτῷ</span> <span class='ocrx_word' id='word_1_649' title='bbox 3091 3737 3102 3749; x_wconf 91' lang='grc'><strong>·</strong></span> <span class='ocrx_word' id='word_1_650' title='bbox 3159 3715 3552 3786; x_wconf 82' lang='grc' dir='ltr'>ἀναϐεϐηκέναι</span> <span class='ocrx_word' id='word_1_651' title='bbox 3601 3731 3658 3767; x_wconf 86' lang='grc' dir='ltr'><strong><em>τε</em></strong></span> <span class='ocrx_word' id='word_1_652' title='bbox 3709 3711 3784 3764; x_wconf 79' lang='grc' dir='ltr'><strong><em>τὸν</em></strong></span> 
     </span>
    </p>
   </div>
   <div class='ocr_carea' id='block_1_85' title="bbox 2234 3802 3783 3880">
    <p class='ocr_par' dir='ltr' id='par_1_85' title="bbox 2234 3802 3783 3880">
     <span class='ocr_line' id='line_1_85' title="bbox 2234 3802 3783 3880; baseline -0.004 -18"><span class='ocrx_word' id='word_1_653' title='bbox 2234 3811 2414 3864; x_wconf 86' lang='grc' dir='ltr'>πάντα</span> <span class='ocrx_word' id='word_1_654' title='bbox 2438 3811 2828 3880; x_wconf 87' lang='grc' dir='ltr'>περιειληφότα</span> <span class='ocrx_word' id='word_1_655' title='bbox 2856 3811 2913 3862; x_wconf 88' lang='grc' dir='ltr'><strong><em>ἐν</em></strong></span> <span class='ocrx_word' id='word_1_656' title='bbox 2950 3808 3095 3880; x_wconf 80' lang='grc' dir='ltr'>δόξῃ,</span> <span class='ocrx_word' id='word_1_657' title='bbox 3131 3802 3273 3880; x_wconf 74' lang='grc' dir='ltr'>ᾖάεὶ</span> <span class='ocrx_word' id='word_1_658' title='bbox 3305 3807 3594 3878; x_wconf 82' lang='grc' dir='ltr'>ἐτύγχανεν</span> <span class='ocrx_word' id='word_1_659' title='bbox 3611 3807 3678 3856; x_wconf 81' lang='grc' dir='ltr'><strong><em>ὢν</em></strong></span> <span class='ocrx_word' id='word_1_660' title='bbox 3707 3818 3783 3872; x_wconf 85' lang='grc' dir='ltr'>με·</span> 
     </span>
    </p>
   </div>
   <div class='ocr_carea' id='block_1_86' title="bbox 2232 3891 3785 3971">
    <p class='ocr_par' dir='ltr' id='par_1_86' title="bbox 2232 3891 3785 3971">
     <span class='ocr_line' id='line_1_86' title="bbox 2232 3891 3785 3971; baseline -0.006 -15"><span class='ocrx_word' id='word_1_661' title='bbox 2232 3902 2300 3955; x_wconf 89' lang='grc' dir='ltr'><strong><em>τά</em></strong></span> <span class='ocrx_word' id='word_1_662' title='bbox 2328 3901 2423 3956; x_wconf 84' lang='grc' dir='ltr'>τοῦ</span> <span class='ocrx_word' id='word_1_663' title='bbox 2463 3903 2617 3956; x_wconf 81' lang='grc' dir='ltr'>Θεοῦ.</span> <span class='ocrx_word' id='word_1_664' title='bbox 2663 3901 2994 3966; x_wconf 84' lang='grc' dir='ltr'>Ἀξιόπιστος</span> <span class='ocrx_word' id='word_1_665' title='bbox 3020 3901 3076 3953; x_wconf 83' lang='grc' dir='ltr'>δὲ</span> <span class='ocrx_word' id='word_1_666' title='bbox 3108 3902 3200 3954; x_wconf 78' lang='grc' dir='ltr'>καὶ</span> <span class='ocrx_word' id='word_1_667' title='bbox 3228 3900 3409 3966; x_wconf 79' lang='grc' dir='ltr'>αὐτὸς,</span> <span class='ocrx_word' id='word_1_668' title='bbox 3444 3901 3568 3971; x_wconf 81' lang='grc' dir='ltr'>περὶ</span> <span class='ocrx_word' id='word_1_669' title='bbox 3592 3891 3649 3951; x_wconf 74' lang='grc' dir='ltr'>οὗ</span> <span class='ocrx_word' id='word_1_670' title='bbox 3675 3897 3700 3949; x_wconf 87' lang='grc' dir='ltr'>ὁ</span> <span class='ocrx_word' id='word_1_671' title='bbox 3719 3893 3785 3946; x_wconf 76' lang='grc' dir='ltr'>λό·</span> 
     </span>
    </p>
   </div>
   <div class='ocr_carea' id='block_1_87' title="bbox 2333 4082 3223 4152">
    <p class='ocr_par' dir='ltr' id='par_1_87' title="bbox 2333 4082 3223 4152">
     <span class='ocr_line' id='line_1_87' title="bbox 2333 4082 3223 4152; baseline -0.007 -10"><span class='ocrx_word' id='word_1_672' title='bbox 2333 4087 2423 4150; x_wconf 87' lang='grc'><strong><em>55)</em></strong></span> <span class='ocrx_word' id='word_1_673' title='bbox 2464 4087 2625 4152; x_wconf 77' lang='lat' dir='ltr'><strong><em>Quia.</em></strong></span> <span class='ocrx_word' id='word_1_674' title='bbox 2673 4086 2880 4144; x_wconf 88' lang='lat' dir='ltr'><strong><em>Coloss.</em></strong></span> <span class='ocrx_word' id='word_1_675' title='bbox 2907 4103 2945 4152; x_wconf 88' lang='grc' dir='ltr'><strong><em>ι,</em></strong></span> <span class='ocrx_word' id='word_1_676' title='bbox 2977 4087 3042 4142; x_wconf 83' lang='lat' dir='ltr'><strong><em>l9</em></strong></span> <span class='ocrx_word' id='word_1_677' title='bbox 3076 4093 3130 4138; x_wconf 91' lang='lat' dir='ltr'><strong><em>et</em></strong></span> <span class='ocrx_word' id='word_1_678' title='bbox 3153 4082 3223 4137; x_wconf 74' lang='lat'><strong><em>20</em></strong></span> 
     </span>
    </p>
   </div>
   <div class='ocr_carea' id='block_1_88' title="bbox 2289 4087 3777 4241">
    <p class='ocr_par' dir='ltr' id='par_1_88' title="bbox 2289 4087 3777 4241">
     <span class='ocr_line' id='line_1_88' title="bbox 2333 4087 3223 4152; baseline -0.007 -10"><span class='ocrx_word' id='word_1_679' title='bbox 2333 4087 2423 4150; x_wconf 92' lang='lat'><strong><em>55)</em></strong></span> <span class='ocrx_word' id='word_1_680' title='bbox 2464 4087 2625 4152; x_wconf 77' lang='lat' dir='ltr'><strong><em>Quia.</em></strong></span> <span class='ocrx_word' id='word_1_681' title='bbox 2673 4087 2880 4144; x_wconf 88' lang='lat' dir='ltr'><strong><em>Coloss.</em></strong></span> <span class='ocrx_word' id='word_1_682' title='bbox 2907 4103 2945 4152; x_wconf 88' lang='grc' dir='ltr'><strong><em>ι,</em></strong></span> <span class='ocrx_word' id='word_1_683' title='bbox 2977 4087 3042 4142; x_wconf 83' lang='lat' dir='ltr'><strong><em>l9</em></strong></span> <span class='ocrx_word' id='word_1_684' title='bbox 3076 4093 3130 4138; x_wconf 91' lang='lat' dir='ltr'><strong><em>et</em></strong></span> <span class='ocrx_word' id='word_1_685' title='bbox 3153 4087 3223 4137; x_wconf 75' lang='lat'><strong><em>20</em></strong></span> 
     </span>
     <span class='ocr_line' id='line_1_89' title="bbox 2289 4087 3777 4241; baseline 0 0"><span class='ocrx_word' id='word_1_686' title='bbox 2289 4087 2624 4241; x_wconf 59' lang='lat' dir='ltr'><strong><em>l5“)..Textu</em></strong></span> <span class='ocrx_word' id='word_1_687' title='bbox 2673 4169 2844 4241; x_wconf 65' lang='grc' dir='ltr'>τεςιεο.</span> <span class='ocrx_word' id='word_1_688' title='bbox 2872 4156 2926 4241; x_wconf 70' lang='grc' dir='ltr'><strong><em>εη</em></strong></span> <span class='ocrx_word' id='word_1_689' title='bbox 2977 4157 3182 4241; x_wconf 50' lang='lat' dir='ltr'><strong><em>“rem</em></strong></span> <span class='ocrx_word' id='word_1_690' title='bbox 3231 4157 3443 4241; x_wconf 56' lang='grc' dir='ltr'><strong><em>ξελῷςς.</em></strong></span> <span class='ocrx_word' id='word_1_691' title='bbox 3487 4149 3777 4241; x_wconf 43' lang='lat' dir='ltr'><strong><em>“Isidi:</em></strong></span> 
     </span>
    </p>
   </div>
   <div class='ocr_carea' id='block_1_89' title="bbox 2233 4225 3780 4382">
    <p class='ocr_par' dir='ltr' id='par_1_89' title="bbox 2233 4225 3780 4382">
     <span class='ocr_line' id='line_1_90' title="bbox 2236 4225 3780 4293; baseline 0.001 -13"><span class='ocrx_word' id='word_1_692' title='bbox 2236 4225 2352 4282; x_wconf 82' lang='lat' dir='ltr'><strong><em>Nisi</em></strong></span> <span class='ocrx_word' id='word_1_693' title='bbox 2402 4225 2655 4283; x_wconf 89' lang='lat' dir='ltr'><strong><em>librarius</em></strong></span> <span class='ocrx_word' id='word_1_694' title='bbox 2681 4228 2884 4293; x_wconf 83' lang='lat' dir='ltr'><strong><em>aliquid</em></strong></span> <span class='ocrx_word' id='word_1_695' title='bbox 2925 4229 3137 4288; x_wconf 91' lang='lat' dir='ltr'><strong><em>omisit,</em></strong></span> <span class='ocrx_word' id='word_1_696' title='bbox 3173 4228 3513 4292; x_wconf 80' lang='lat' dir='ltr'><strong><em>subintellige</em></strong></span> <span class='ocrx_word' id='word_1_697' title='bbox 3544 4225 3669 4292; x_wconf 76' lang='grc' dir='ltr'>ἔχει,</span> <span class='ocrx_word' id='word_1_698' title='bbox 3702 4225 3780 4269; x_wconf 68' lang='grc' dir='ltr'><strong><em>θυι</em></strong></span> 
     </span>
     <span class='ocr_line' id='line_1_91' title="bbox 2233 4297 3780 4382; baseline 0.002 -32"><span class='ocrx_word' id='word_1_699' title='bbox 2233 4299 2361 4382; x_wconf 79' lang='lat' dir='ltr'><strong><em>quid</em></strong></span> <span class='ocrx_word' id='word_1_700' title='bbox 2405 4299 2598 4382; x_wconf 68' lang='lat' dir='ltr'><strong><em>simile.</em></strong></span> <span class='ocrx_word' id='word_1_701' title='bbox 2669 4297 2915 4382; x_wconf 64' lang='grc' dir='ltr'>’ῌδάφιον</span> <span class='ocrx_word' id='word_1_702' title='bbox 2962 4313 3087 4381; x_wconf 74' lang='lat' dir='ltr'><strong><em>vero</em></strong></span> <span class='ocrx_word' id='word_1_703' title='bbox 3126 4307 3222 4382; x_wconf 50' lang='lat' dir='ltr'><strong><em>est</em></strong></span> <span class='ocrx_word' id='word_1_704' title='bbox 3273 4299 3334 4382; x_wconf 64' lang='grc' dir='ltr'><strong><em>τὸ</em></strong></span> <span class='ocrx_word' id='word_1_705' title='bbox 3357 4298 3780 4382; x_wconf 38' lang='lat' dir='ltr'><strong><em>ﬁnesﬁnem-A52“</em></strong></span> 
     </span>
    </p>
   </div>
   <div class='ocr_carea' id='block_1_90' title="bbox 2233 4367 3778 4436">
    <p class='ocr_par' dir='ltr' id='par_1_90' title="bbox 2233 4367 3778 4436">
     <span class='ocr_line' id='line_1_92' title="bbox 2233 4367 3778 4436; baseline -0.006 -16"><span class='ocrx_word' id='word_1_706' title='bbox 2233 4377 2424 4421; x_wconf 68' lang='lat' dir='ltr'><strong><em>textus.</em></strong></span> <span class='ocrx_word' id='word_1_707' title='bbox 2457 4367 2531 4420; x_wconf 86' lang='lat' dir='ltr'><strong><em>lla</em></strong></span> <span class='ocrx_word' id='word_1_708' title='bbox 2564 4371 2701 4436; x_wconf 85' lang='lat' dir='ltr'><strong><em>apud</em></strong></span> <span class='ocrx_word' id='word_1_709' title='bbox 2733 4369 3086 4422; x_wconf 83' lang='lat' dir='ltr'><strong><em>Athanasium</em></strong></span> <span class='ocrx_word' id='word_1_710' title='bbox 3119 4368 3244 4422; x_wconf 87' lang='lat' dir='ltr'><strong><em>dial.</em></strong></span> <span class='ocrx_word' id='word_1_711' title='bbox 3279 4369 3312 4423; x_wconf 81' lang='grc'><strong><em>5</em></strong></span> <span class='ocrx_word' id='word_1_712' title='bbox 3349 4368 3423 4421; x_wconf 86' lang='lat' dir='ltr'><strong><em>De</em></strong></span> <span class='ocrx_word' id='word_1_713' title='bbox 3458 4367 3631 4436; x_wconf 70' lang='lat' dir='ltr'><strong><em>1&#39;rin_.._</em></strong></span> <span class='ocrx_word' id='word_1_714' title='bbox 3654 4369 3778 4436; x_wconf 68' lang='lat' dir='ltr'><strong><em>tom.</em></strong></span> 
     </span>
    </p>
   </div>
   <div class='ocr_carea' id='block_1_91' title="bbox 2238 4431 3781 4509">
    <p class='ocr_par' dir='ltr' id='par_1_91' title="bbox 2238 4431 3781 4509">
     <span class='ocr_line' id='line_1_93' title="bbox 2238 4431 3781 4509; baseline -0.006 -19"><span class='ocrx_word' id='word_1_715' title='bbox 2238 4437 2306 4501; x_wconf 88' lang='lat' dir='ltr'><strong><em>ll,</em></strong></span> <span class='ocrx_word' id='word_1_716' title='bbox 2347 4454 2469 4509; x_wconf 76' lang='lat' dir='ltr'><strong><em>pag.</em></strong></span> <span class='ocrx_word' id='word_1_717' title='bbox 2509 4431 2616 4509; x_wconf 13' lang='lat'><strong><em>2970</em></strong></span> <span class='ocrx_word' id='word_1_718' title='bbox 2642 4459 2654 4493; x_wconf 92' lang='lat'><strong>:</strong></span> <span class='ocrx_word' id='word_1_719' title='bbox 2679 4438 2894 4492; x_wconf 82' lang='grc' dir='ltr'>Μᾶλλον</span> <span class='ocrx_word' id='word_1_720' title='bbox 2922 4438 3031 4509; x_wconf 83' lang='grc' dir='ltr'><strong><em>γὰρ</em></strong></span> <span class='ocrx_word' id='word_1_721' title='bbox 3059 4439 3122 4490; x_wconf 84' lang='grc' dir='ltr'><strong><em>ἐκ</em></strong></span> <span class='ocrx_word' id='word_1_722' title='bbox 3142 4438 3261 4509; x_wconf 29' lang='grc' dir='ltr'>’τοῦ</span> <span class='ocrx_word' id='word_1_723' title='bbox 3300 4437 3519 4506; x_wconf 85' lang='grc' dir='ltr'>ἐδαφίου</span> <span class='ocrx_word' id='word_1_724' title='bbox 3564 4431 3781 4509; x_wconf 68' lang='grc' dir='ltr'>διδάσκο-</span> 
     </span>
    </p>
   </div>
   <div class='ocr_carea' id='block_1_92' title="bbox 2424 4223 3782 4293">
    <p class='ocr_par' dir='ltr' id='par_1_92' title="bbox 2424 4223 3782 4293">
     <span class='ocr_line' id='line_1_94' title="bbox 2424 4223 3782 4293; baseline -0.003 -13"><span class='ocrx_word' id='word_1_725' title='bbox 2424 4229 2655 4283; x_wconf 89' lang='lat' dir='ltr'><strong><em>ihrarius</em></strong></span> <span class='ocrx_word' id='word_1_726' title='bbox 2681 4228 2884 4293; x_wconf 83' lang='lat' dir='ltr'><strong><em>aliquid</em></strong></span> <span class='ocrx_word' id='word_1_727' title='bbox 2925 4229 3101 4281; x_wconf 91' lang='lat' dir='ltr'><strong><em>omisit</em></strong></span> <span class='ocrx_word' id='word_1_728' title='bbox 3122 4265 3137 4288; x_wconf 92' lang='lat'><strong><em>,</em></strong></span> <span class='ocrx_word' id='word_1_729' title='bbox 3173 4228 3513 4292; x_wconf 80' lang='lat' dir='ltr'><strong><em>subintellige</em></strong></span> <span class='ocrx_word' id='word_1_730' title='bbox 3544 4223 3669 4292; x_wconf 83' lang='grc' dir='ltr'>ἔχει,</span> <span class='ocrx_word' id='word_1_731' title='bbox 3702 4225 3782 4269; x_wconf 68' lang='grc' dir='ltr'><strong><em>θυι</em></strong></span> 
     </span>
    </p>
   </div>
   <div class='ocr_carea' id='block_1_93' title="bbox 564 4498 3780 4581">
    <p class='ocr_par' dir='ltr' id='par_1_93' title="bbox 564 4498 3780 4581">
     <span class='ocr_line' id='line_1_95' title="bbox 564 4498 3780 4581; baseline 0.001 -29"><span class='ocrx_word' id='word_1_732' title='bbox 564 4499 890 4581; x_wconf 70' lang='lat' dir='ltr'><strong><em>crediderim</em></strong></span> <span class='ocrx_word' id='word_1_733' title='bbox 917 4516 1078 4581; x_wconf 79' lang='lat' dir='ltr'><strong><em>caput</em></strong></span> <span class='ocrx_word' id='word_1_734' title='bbox 1102 4502 1189 4581; x_wconf 79' lang='lat' dir='ltr'><strong><em>l5,</em></strong></span> <span class='ocrx_word' id='word_1_735' title='bbox 1218 4498 1638 4581; x_wconf 75' lang='lat' dir='ltr'><strong><em>aut_capitulum</em></strong></span> <span class='ocrx_word' id='word_1_736' title='bbox 1680 4505 1893 4581; x_wconf 82' lang='lat' dir='ltr'><strong><em>aliquod</em></strong></span> <span class='ocrx_word' id='word_1_737' title='bbox 1935 4498 2124 4581; x_wconf 61' lang='lat' dir='ltr'><strong><em>capitis</em></strong></span> <span class='ocrx_word' id='word_1_738' title='bbox 2155 4522 2207 4581; x_wconf 77' lang='grc' dir='ltr'><strong><em>ι)</em></strong></span> <span class='ocrx_word' id='word_1_739' title='bbox 2231 4498 2373 4581; x_wconf 40' lang='grc' dir='ltr'>μέν(</span> <span class='ocrx_word' id='word_1_740' title='bbox 2415 4498 2512 4562; x_wconf 85' lang='lat' dir='ltr'><strong><em>Ubi</em></strong></span> <span class='ocrx_word' id='word_1_741' title='bbox 2561 4508 2840 4581; x_wconf 76' lang='lat' dir='ltr'><strong><em>interpres</em></strong></span> <span class='ocrx_word' id='word_1_742' title='bbox 2899 4498 3098 4581; x_wconf 77' lang='lat' dir='ltr'><strong><em>veriit:</em></strong></span> <span class='ocrx_word' id='word_1_743' title='bbox 3134 4506 3335 4581; x_wconf 81' lang='lat' dir='ltr'><strong><em>Magis_</em></strong></span> <span class='ocrx_word' id='word_1_744' title='bbox 3367 4498 3534 4581; x_wconf 42' lang='lat' dir='ltr'><strong><em>cuius</em></strong></span> <span class='ocrx_word' id='word_1_745' title='bbox 3559 4506 3618 4556; x_wconf 86' lang='lat' dir='ltr'><strong><em>ab</em></strong></span> <span class='ocrx_word' id='word_1_746' title='bbox 3670 4498 3780 4569; x_wconf 68' lang='lat' dir='ltr'><strong><em>ipsis</em></strong></span> 
     </span>
    </p>
   </div>
   <div class='ocr_carea' id='block_1_94' title="bbox 565 4571 2125 4643">
    <p class='ocr_par' dir='ltr' id='par_1_94' title="bbox 565 4571 2125 4643">
     <span class='ocr_line' id='line_1_96' title="bbox 565 4571 2125 4643; baseline 0.004 -19"><span class='ocrx_word' id='word_1_747' title='bbox 565 4571 710 4643; x_wconf 88' lang='lat' dir='ltr'><strong><em>illius</em></strong></span> <span class='ocrx_word' id='word_1_748' title='bbox 735 4573 883 4643; x_wconf 78' lang='lat' dir='ltr'><strong><em>plura</em></strong></span> <span class='ocrx_word' id='word_1_749' title='bbox 915 4574 1173 4643; x_wconf 85' lang='lat' dir='ltr'><strong><em>habentis</em></strong></span> <span class='ocrx_word' id='word_1_750' title='bbox 1204 4571 1495 4643; x_wconf 78' lang='grc' dir='ltr'>κεφάλαια,</span> <span class='ocrx_word' id='word_1_751' title='bbox 1528 4587 1621 4627; x_wconf 88' lang='lat' dir='ltr'><strong><em>seu</em></strong></span> <span class='ocrx_word' id='word_1_752' title='bbox 1653 4571 1906 4642; x_wconf 86' lang='lat' dir='ltr'><strong><em>capitula,</em></strong></span> <span class='ocrx_word' id='word_1_753' title='bbox 1932 4571 2125 4643; x_wconf 73' lang='lat' dir='ltr'><strong><em>dequo</em></strong></span> 
     </span>
    </p>
   </div>
   <div class='ocr_carea' id='block_1_95' title="bbox 566 4641 1739 4713">
    <p class='ocr_par' dir='ltr' id='par_1_95' title="bbox 566 4641 1739 4713">
     <span class='ocr_line' id='line_1_97' title="bbox 566 4641 1739 4713; baseline 0.003 -20"><span class='ocrx_word' id='word_1_754' title='bbox 566 4642 832 4713; x_wconf 31' lang='lat' dir='ltr'><strong><em>dixi‘not.</em></strong></span> <span class='ocrx_word' id='word_1_755' title='bbox 863 4642 953 4703; x_wconf 72' lang='lat'><strong><em>94,</em></strong></span> <span class='ocrx_word' id='word_1_756' title='bbox 988 4658 1111 4713; x_wconf 82' lang='lat' dir='ltr'><strong><em>pag.</em></strong></span> <span class='ocrx_word' id='word_1_757' title='bbox 1129 4643 1215 4696; x_wconf 81' lang='grc'><strong>74.</strong></span> <span class='ocrx_word' id='word_1_758' title='bbox 1244 4641 1377 4713; x_wconf 76' lang='lat' dir='ltr'><strong><em>Vide</em></strong></span> <span class='ocrx_word' id='word_1_759' title='bbox 1405 4644 1655 4712; x_wconf 76' lang='lat' dir='ltr'><strong><em>segm.68</em></strong></span> <span class='ocrx_word' id='word_1_760' title='bbox 1689 4641 1739 4696; x_wconf 59' lang='grc' dir='ltr'>οξ</span> 
     </span>
    </p>
   </div>
   <div class='ocr_carea' id='block_1_96' title="bbox 639 4709 2135 4778">
    <p class='ocr_par' dir='ltr' id='par_1_96' title="bbox 639 4709 2135 4778">
     <span class='ocr_line' id='line_1_98' title="bbox 639 4709 2135 4778; baseline 0.003 -16"><span class='ocrx_word' id='word_1_761' title='bbox 639 4709 750 4778; x_wconf 80' lang='grc'>(50)</span> <span class='ocrx_word' id='word_1_762' title='bbox 801 4709 1118 4768; x_wconf 76' lang='lat' dir='ltr'><strong><em>Secundum.</em></strong></span> <span class='ocrx_word' id='word_1_763' title='bbox 1171 4712 1378 4768; x_wconf 88' lang='lat' dir='ltr'><strong><em>Coloss.</em></strong></span> <span class='ocrx_word' id='word_1_764' title='bbox 1439 4709 1498 4778; x_wconf 69' lang='grc' dir='ltr'><strong><em>η’,</em></strong></span> <span class='ocrx_word' id='word_1_765' title='bbox 1543 4713 1576 4766; x_wconf 88' lang='grc'>8</span> <span class='ocrx_word' id='word_1_766' title='bbox 1630 4724 1684 4766; x_wconf 91' lang='lat' dir='ltr'><strong><em>et</em></strong></span> <span class='ocrx_word' id='word_1_767' title='bbox 1742 4715 1794 4770; x_wconf 90' lang='lat'><strong><em>9.</em></strong></span> <span class='ocrx_word' id='word_1_768' title='bbox 1861 4713 2135 4768; x_wconf 88' lang='lat' dir='ltr'><strong><em>Librarius</em></strong></span> 
     </span>
    </p>
   </div>
   <div class='ocr_carea' id='block_1_97' title="bbox 567 4783 2132 4853">
    <p class='ocr_par' dir='ltr' id='par_1_97' title="bbox 567 4783 2132 4853">
     <span class='ocr_line' id='line_1_99' title="bbox 567 4783 2132 4853; baseline 0.003 -21"><span class='ocrx_word' id='word_1_769' title='bbox 567 4795 752 4853; x_wconf 69' lang='lat' dir='ltr'><strong><em>porro,</em></strong></span> <span class='ocrx_word' id='word_1_770' title='bbox 787 4798 904 4837; x_wconf 90' lang='lat' dir='ltr'><strong><em>mea</em></strong></span> <span class='ocrx_word' id='word_1_771' title='bbox 959 4785 1171 4853; x_wconf 89' lang='lat' dir='ltr'><strong><em>quidem</em></strong></span> <span class='ocrx_word' id='word_1_772' title='bbox 1225 4784 1512 4853; x_wconf 88' lang='lat' dir='ltr'><strong><em>sententia,</em></strong></span> <span class='ocrx_word' id='word_1_773' title='bbox 1547 4783 1747 4852; x_wconf 86' lang='lat' dir='ltr'><strong><em>aliquid</em></strong></span> <span class='ocrx_word' id='word_1_774' title='bbox 1799 4785 1888 4839; x_wconf 91' lang='lat' dir='ltr'><strong><em>hic</em></strong></span> <span class='ocrx_word' id='word_1_775' title='bbox 1928 4787 2132 4838; x_wconf 89' lang='lat' dir='ltr'><strong><em>omisit.</em></strong></span> 
     </span>
    </p>
   </div>
   <div class='ocr_carea' id='block_1_98' title="bbox 567 4850 2138 4922">
    <p class='ocr_par' dir='ltr' id='par_1_98' title="bbox 567 4850 2138 4922">
     <span class='ocr_line' id='line_1_100' title="bbox 567 4850 2138 4922; baseline 0.003 -20"><span class='ocrx_word' id='word_1_776' title='bbox 567 4850 708 4915; x_wconf 84' lang='lat' dir='ltr'><strong><em>Quid</em></strong></span> <span class='ocrx_word' id='word_1_777' title='bbox 740 4853 911 4922; x_wconf 12' lang='lat' dir='ltr'><strong><em>ienim</em></strong></span> <span class='ocrx_word' id='word_1_778' title='bbox 951 4850 1051 4907; x_wconf 84' lang='lat' dir='ltr'><strong><em>sibi</em></strong></span> <span class='ocrx_word' id='word_1_779' title='bbox 1098 4853 1213 4908; x_wconf 88' lang='lat' dir='ltr'><strong><em>vult</em></strong></span> <span class='ocrx_word' id='word_1_780' title='bbox 1245 4852 1390 4922; x_wconf 60' lang='lat' dir='ltr'><strong><em>illud</em></strong></span> <span class='ocrx_word' id='word_1_781' title='bbox 1440 4853 1528 4907; x_wconf 86' lang='grc' dir='ltr'><strong><em>διά</em></strong></span> <span class='ocrx_word' id='word_1_782' title='bbox 1569 4850 1651 4918; x_wconf 79' lang='grc' dir='ltr'><strong><em>τί,</em></strong></span> <span class='ocrx_word' id='word_1_783' title='bbox 1704 4855 1753 4908; x_wconf 90' lang='lat' dir='ltr'><strong><em>id</em></strong></span> <span class='ocrx_word' id='word_1_784' title='bbox 1802 4865 1888 4908; x_wconf 87' lang='lat' dir='ltr'><strong><em>est</em></strong></span> <span class='ocrx_word' id='word_1_785' title='bbox 1929 4855 2138 4922; x_wconf 81' lang='lat' dir='ltr'><strong><em>quare?</em></strong></span> 
     </span>
    </p>
   </div>
   <div class='ocr_carea' id='block_1_99' title="bbox 567 4921 2136 4995">
    <p class='ocr_par' dir='ltr' id='par_1_99' title="bbox 567 4921 2136 4995">
     <span class='ocr_line' id='line_1_101' title="bbox 567 4921 2136 4995; baseline 0.001 -22"><span class='ocrx_word' id='word_1_786' title='bbox 567 4923 702 4995; x_wconf 68' lang='lat' dir='ltr'><strong><em>(lum</em></strong></span> <span class='ocrx_word' id='word_1_787' title='bbox 737 4921 900 4995; x_wconf 75' lang='lat' dir='ltr'><strong><em>igitur</em></strong></span> <span class='ocrx_word' id='word_1_788' title='bbox 949 4925 1010 4995; x_wconf 88' lang='lat' dir='ltr'><strong><em>in</em></strong></span> <span class='ocrx_word' id='word_1_789' title='bbox 1035 4923 1202 4977; x_wconf 83' lang='lat' dir='ltr'><strong><em>citato</em></strong></span> <span class='ocrx_word' id='word_1_790' title='bbox 1242 4921 1389 4995; x_wconf 82' lang='lat' dir='ltr'><strong><em>Pauli</em></strong></span> <span class='ocrx_word' id='word_1_791' title='bbox 1455 4923 1570 4978; x_wconf 90' lang='lat' dir='ltr'><strong><em>loco</em></strong></span> <span class='ocrx_word' id='word_1_792' title='bbox 1612 4923 1823 4995; x_wconf 77' lang='lat' dir='ltr'><strong><em>legatur</em></strong></span> <span class='ocrx_word' id='word_1_793' title='bbox 1855 4941 1870 4972; x_wconf 89' lang='lat'><strong><em>:</em></strong></span> <span class='ocrx_word' id='word_1_794' title='bbox 1915 4921 2010 4995; x_wconf 80' lang='grc' dir='ltr'>Διά</span> <span class='ocrx_word' id='word_1_795' title='bbox 2039 4924 2136 4995; x_wconf 83' lang='grc' dir='ltr'><strong><em>τῆς</em></strong></span> 
     </span>
    </p>
   </div>
   <div class='ocr_carea' id='block_1_100' title="bbox 567 4990 2134 5066">
    <p class='ocr_par' dir='ltr' id='par_1_100' title="bbox 567 4990 2134 5066">
     <span class='ocr_line' id='line_1_102' title="bbox 567 4990 2134 5066; baseline 0.001 -22"><span class='ocrx_word' id='word_1_796' title='bbox 567 4990 886 5066; x_wconf 75' lang='grc' dir='ltr'>φιλοσοφίας</span> <span class='ocrx_word' id='word_1_797' title='bbox 933 4994 1026 5046; x_wconf 77' lang='grc' dir='ltr'>καὶ</span> <span class='ocrx_word' id='word_1_798' title='bbox 1057 4995 1220 5066; x_wconf 77' lang='grc' dir='ltr'>κενῆς</span> <span class='ocrx_word' id='word_1_799' title='bbox 1259 4993 1492 5066; x_wconf 77' lang='grc' dir='ltr'>ἀπάτης,</span> <span class='ocrx_word' id='word_1_800' title='bbox 1516 4993 1657 5046; x_wconf 87' lang='grc' dir='ltr'><strong><em>κατά</em></strong></span> <span class='ocrx_word' id='word_1_801' title='bbox 1676 4990 1790 5066; x_wconf 67' lang='grc' dir='ltr'>τὴν</span> <span class='ocrx_word' id='word_1_802' title='bbox 1819 4990 2134 5066; x_wconf 80' lang='grc' dir='ltr'>παράδοσιν,</span> 
     </span>
    </p>
   </div>
   <div class='ocr_carea' id='block_1_101' title="bbox 567 5063 2138 5132">
    <p class='ocr_par' dir='ltr' id='par_1_101' title="bbox 567 5063 2138 5132">
     <span class='ocr_line' id='line_1_103' title="bbox 567 5063 2138 5132; baseline 0.004 -22"><span class='ocrx_word' id='word_1_803' title='bbox 567 5073 619 5132; x_wconf 68' lang='lat' dir='ltr'><strong><em>et</em></strong></span> <span class='ocrx_word' id='word_1_804' title='bbox 656 5063 882 5127; x_wconf 85' lang='lat' dir='ltr'><strong><em>reliqua,</em></strong></span> <span class='ocrx_word' id='word_1_805' title='bbox 916 5074 1023 5116; x_wconf 91' lang='lat' dir='ltr'><strong><em>uta</em></strong></span> <span class='ocrx_word' id='word_1_806' title='bbox 1058 5063 1284 5132; x_wconf 77' lang='lat' dir='ltr'><strong><em>Didymo</em></strong></span> <span class='ocrx_word' id='word_1_807' title='bbox 1324 5063 1595 5128; x_wconf 85' lang='lat' dir='ltr'><strong><em>citantur;</em></strong></span> <span class='ocrx_word' id='word_1_808' title='bbox 1647 5063 1846 5119; x_wconf 80' lang='lat' dir='ltr'><strong><em>idcirco</em></strong></span> <span class='ocrx_word' id='word_1_809' title='bbox 1879 5063 1994 5130; x_wconf 86' lang='lat' dir='ltr'><strong><em>pro,</em></strong></span> <span class='ocrx_word' id='word_1_810' title='bbox 2047 5063 2138 5116; x_wconf 88' lang='grc' dir='ltr'>διὰ</span> 
     </span>
    </p>
   </div>
   <div class='ocr_carea' id='block_1_102' title="bbox 565 5131 2136 5256">
    <p class='ocr_par' dir='ltr' id='par_1_102' title="bbox 565 5131 2136 5256">
     <span class='ocr_line' id='line_1_104' title="bbox 565 5131 2136 5256; baseline 0.003 -73"><span class='ocrx_word' id='word_1_811' title='bbox 565 5131 902 5256; x_wconf 52' lang='lat' dir='ltr'><strong><em>cfhconjicio</em></strong></span> <span class='ocrx_word' id='word_1_812' title='bbox 932 5134 1004 5188; x_wconf 83' lang='lat' dir='ltr'><strong><em>ita</em></strong></span> <span class='ocrx_word' id='word_1_813' title='bbox 1035 5131 1320 5204; x_wconf 86' lang='lat' dir='ltr'><strong><em>legendum</em></strong></span> <span class='ocrx_word' id='word_1_814' title='bbox 1355 5148 1495 5199; x_wconf 89' lang='lat' dir='ltr'><strong><em>esse,</em></strong></span> <span class='ocrx_word' id='word_1_815' title='bbox 1551 5145 1608 5188; x_wconf 91' lang='lat' dir='ltr'><strong><em>ut</em></strong></span> <span class='ocrx_word' id='word_1_816' title='bbox 1646 5136 1813 5190; x_wconf 86' lang='lat' dir='ltr'><strong><em>habet</em></strong></span> <span class='ocrx_word' id='word_1_817' title='bbox 1841 5133 2136 5189; x_wconf 87' lang='lat' dir='ltr'><strong><em>Bibliorum</em></strong></span> 
     </span>
     <span class='ocr_line' id='line_1_105' title="bbox 568 5217 753 5256; baseline 0 0"><span class='ocrx_word' id='word_1_818' title='bbox 568 5217 596 5256; x_wconf 86' lang='lat' dir='ltr'><strong><em>e</em></strong></span> <span class='ocrx_word' id='word_1_819' title='bbox 639 5219 650 5254; x_wconf 86' lang='grc' dir='ltr'><strong><em>ι</em></strong></span> <span class='ocrx_word' id='word_1_820' title='bbox 686 5218 753 5256; x_wconf 87' lang='grc' dir='ltr'>ιο.</span> 
     </span>
    </p>
   </div>
   <div class='ocr_carea' id='block_1_103' title="bbox 568 5213 753 5256">
    <p class='ocr_par' dir='ltr' id='par_1_103' title="bbox 568 5213 753 5256">
     <span class='ocr_line' id='line_1_106' title="bbox 568 5213 753 5256; baseline 0 0"><span class='ocrx_word' id='word_1_821' title='bbox 568 5213 753 5256; x_wconf 72' lang='grc' dir='ltr'><strong><em>θυΙιΙΟ.</em></strong></span> 
     </span>
    </p>
   </div>
   <div class='ocr_carea' id='block_1_104' title="bbox 640 5271 1634 5343">
    <p class='ocr_par' dir='ltr' id='par_1_104' title="bbox 640 5271 1634 5343">
     <span class='ocr_line' id='line_1_107' title="bbox 640 5271 1634 5343; baseline 0.005 -20"><span class='ocrx_word' id='word_1_822' title='bbox 640 5271 752 5340; x_wconf 86' lang='grc'>(51)</span> <span class='ocrx_word' id='word_1_823' title='bbox 782 5271 904 5343; x_wconf 53' lang='lat' dir='ltr'><strong><em>{Van</em></strong></span> <span class='ocrx_word' id='word_1_824' title='bbox 930 5275 1190 5340; x_wconf 88' lang='lat' dir='ltr'><strong><em>rapinam.</em></strong></span> <span class='ocrx_word' id='word_1_825' title='bbox 1215 5272 1446 5343; x_wconf 90' lang='lat' dir='ltr'><strong><em>Philipp.</em></strong></span> <span class='ocrx_word' id='word_1_826' title='bbox 1481 5290 1545 5338; x_wconf 91' lang='lat' dir='ltr'><strong><em>tt,</em></strong></span> <span class='ocrx_word' id='word_1_827' title='bbox 1581 5274 1634 5328; x_wconf 86' lang='lat'><strong><em>6.</em></strong></span> 
     </span>
    </p>
   </div>
   <div class='ocr_carea' id='block_1_105' title="bbox 637 5341 2047 5406">
    <p class='ocr_par' dir='ltr' id='par_1_105' title="bbox 637 5341 2047 5406">
     <span class='ocr_line' id='line_1_108' title="bbox 637 5341 2047 5406; baseline -0.035 0"><span class='ocrx_word' id='word_1_828' title='bbox 637 5343 752 5406; x_wconf 58' lang='grc' dir='ltr'><strong><em>(εὖίῆ</em></strong></span> <span class='ocrx_word' id='word_1_829' title='bbox 782 5341 848 5396; x_wconf 81' lang='lat' dir='ltr'><strong><em>Et</em></strong></span> <span class='ocrx_word' id='word_1_830' title='bbox 877 5359 962 5397; x_wconf 69' lang='lat' dir='ltr'><strong><em>ea}.</em></strong></span> <span class='ocrx_word' id='word_1_831' title='bbox 988 5344 1142 5399; x_wconf 76' lang='lat' dir='ltr'><strong><em>.lOun.</em></strong></span> <span class='ocrx_word' id='word_1_832' title='bbox 1167 5360 1207 5406; x_wconf 87' lang='grc'>1,</span> <span class='ocrx_word' id='word_1_833' title='bbox 1237 5344 1323 5398; x_wconf 84' lang='grc'>16,</span> <span class='ocrx_word' id='word_1_834' title='bbox 1359 5341 1371 5342; x_wconf 30' lang='grc' dir='ltr'><strong><em>ί</em></strong></span> <span class='ocrx_word' id='word_1_835' title='bbox 1395 5341 1406 5343; x_wconf 58' lang='grc'><em>’</em></span> <span class='ocrx_word' id='word_1_836' title='bbox 2043 5353 2047 5356; x_wconf 86' lang='grc'>.</span> 
     </span>
    </p>
   </div>
   <div class='ocr_carea' id='block_1_106' title="bbox 640 5413 2139 5484">
    <p class='ocr_par' dir='ltr' id='par_1_106' title="bbox 640 5413 2139 5484">
     <span class='ocr_line' id='line_1_109' title="bbox 640 5413 2139 5484; baseline 0.002 -17"><span class='ocrx_word' id='word_1_837' title='bbox 640 5413 753 5484; x_wconf 76' lang='grc'>(55)</span> <span class='ocrx_word' id='word_1_838' title='bbox 807 5413 1127 5484; x_wconf 81' lang='lat' dir='ltr'><strong><em>Abjecimus.</em></strong></span> <span class='ocrx_word' id='word_1_839' title='bbox 1185 5413 1287 5470; x_wconf 83' lang='lat' dir='ltr'><strong><em>Pro</em></strong></span> <span class='ocrx_word' id='word_1_840' title='bbox 1339 5413 1707 5484; x_wconf 83' lang='grc' dir='ltr'>ἀπελάϐομεν,</span> <span class='ocrx_word' id='word_1_841' title='bbox 1757 5414 1894 5483; x_wconf 85' lang='lat' dir='ltr'><strong><em>lego,</em></strong></span> <span class='ocrx_word' id='word_1_842' title='bbox 1936 5416 2139 5470; x_wconf 86' lang='grc' dir='ltr'>ἀπεϐά-</span> 
     </span>
    </p>
   </div>
   <div class='ocr_carea' id='block_1_107' title="bbox 567 5482 2138 5555">
    <p class='ocr_par' dir='ltr' id='par_1_107' title="bbox 567 5482 2138 5555">
     <span class='ocr_line' id='line_1_110' title="bbox 567 5482 2138 5555; baseline 0.003 -19"><span class='ocrx_word' id='word_1_843' title='bbox 567 5482 753 5554; x_wconf 84' lang='grc' dir='ltr'>λομεν.</span> <span class='ocrx_word' id='word_1_844' title='bbox 809 5482 940 5538; x_wconf 80' lang='lat' dir='ltr'><strong><em>Nam</em></strong></span> <span class='ocrx_word' id='word_1_845' title='bbox 991 5484 1056 5536; x_wconf 86' lang='grc' dir='ltr'><strong><em>τὸ</em></strong></span> <span class='ocrx_word' id='word_1_846' title='bbox 1089 5485 1498 5555; x_wconf 84' lang='grc' dir='ltr'>ἀπολαμϐάνειν</span> <span class='ocrx_word' id='word_1_847' title='bbox 1533 5482 1634 5553; x_wconf 73' lang='grc' dir='ltr'>τὴν</span> <span class='ocrx_word' id='word_1_848' title='bbox 1661 5482 1828 5555; x_wconf 66' lang='grc' dir='ltr'>χάριν</span> <span class='ocrx_word' id='word_1_849' title='bbox 1851 5487 1974 5540; x_wconf 91' lang='lat' dir='ltr'><strong><em>huic</em></strong></span> <span class='ocrx_word' id='word_1_850' title='bbox 2022 5490 2138 5540; x_wconf 89' lang='lat' dir='ltr'><strong><em>loco</em></strong></span> 
     </span>
    </p>
   </div>
   <div class='ocr_carea' id='block_1_108' title="bbox 571 5555 2139 5625">
    <p class='ocr_par' dir='ltr' id='par_1_108' title="bbox 571 5555 2139 5625">
     <span class='ocr_line' id='line_1_111' title="bbox 571 5555 2139 5625; baseline 0.003 -19"><span class='ocrx_word' id='word_1_851' title='bbox 571 5555 782 5625; x_wconf 69' lang='lat' dir='ltr'><strong><em>videtur</em></strong></span> <span class='ocrx_word' id='word_1_852' title='bbox 817 5555 992 5610; x_wconf 89' lang='lat' dir='ltr'><strong><em>minus</em></strong></span> <span class='ocrx_word' id='word_1_853' title='bbox 1023 5565 1384 5625; x_wconf 88' lang='lat' dir='ltr'><strong><em>opportunum</em></strong></span> <span class='ocrx_word' id='word_1_854' title='bbox 1419 5573 1432 5607; x_wconf 86' lang='lat'><strong><em>:</em></strong></span> <span class='ocrx_word' id='word_1_855' title='bbox 1466 5555 1668 5610; x_wconf 87' lang='lat' dir='ltr'><strong><em>librarii</em></strong></span> <span class='ocrx_word' id='word_1_856' title='bbox 1719 5571 1847 5609; x_wconf 80' lang='lat' dir='ltr'><strong><em>vero</em></strong></span> <span class='ocrx_word' id='word_1_857' title='bbox 1879 5572 1981 5609; x_wconf 92' lang='lat' dir='ltr'><strong><em>non</em></strong></span> <span class='ocrx_word' id='word_1_858' title='bbox 2015 5572 2139 5611; x_wconf 91' lang='lat' dir='ltr'><strong><em>raro</em></strong></span> 
     </span>
    </p>
   </div>
   <div class='ocr_carea' id='block_1_109' title="bbox 571 5624 2141 5693">
    <p class='ocr_par' dir='ltr' id='par_1_109' title="bbox 571 5624 2141 5693">
     <span class='ocr_line' id='line_1_112' title="bbox 571 5624 2141 5693; baseline 0.004 -20"><span class='ocrx_word' id='word_1_859' title='bbox 571 5624 795 5677; x_wconf 84' lang='lat' dir='ltr'><strong><em>.dteram</em></strong></span> <span class='ocrx_word' id='word_1_860' title='bbox 829 5639 1013 5678; x_wconf 89' lang='lat' dir='ltr'><strong><em>vocem</em></strong></span> <span class='ocrx_word' id='word_1_861' title='bbox 1036 5624 1135 5693; x_wconf 91' lang='lat' dir='ltr'><strong><em>pro</em></strong></span> <span class='ocrx_word' id='word_1_862' title='bbox 1157 5625 1322 5679; x_wconf 88' lang='lat' dir='ltr'><strong><em>altera</em></strong></span> <span class='ocrx_word' id='word_1_863' title='bbox 1345 5627 1589 5679; x_wconf 88' lang='lat' dir='ltr'><strong><em>scribunt</em></strong></span> <span class='ocrx_word' id='word_1_864' title='bbox 1624 5625 1674 5678; x_wconf 92' lang='lat' dir='ltr'><strong><em>in</em></strong></span> <span class='ocrx_word' id='word_1_865' title='bbox 1715 5627 1939 5679; x_wconf 87' lang='lat' dir='ltr'><strong><em>vetustis</em></strong></span> <span class='ocrx_word' id='word_1_866' title='bbox 1974 5642 2141 5682; x_wconf 78' lang='lat' dir='ltr'><strong><em>ment-</em></strong></span> 
     </span>
    </p>
   </div>
   <div class='ocr_carea' id='block_1_110' title="bbox 570 5693 2066 5763">
    <p class='ocr_par' dir='ltr' id='par_1_110' title="bbox 570 5693 2066 5763">
     <span class='ocr_line' id='line_1_113' title="bbox 570 5693 2066 5763; baseline 0.005 -19"><span class='ocrx_word' id='word_1_867' title='bbox 570 5693 774 5763; x_wconf 81' lang='lat' dir='ltr'><strong><em>branis,</em></strong></span> <span class='ocrx_word' id='word_1_868' title='bbox 805 5706 861 5747; x_wconf 87' lang='lat' dir='ltr'><strong><em>ut</em></strong></span> <span class='ocrx_word' id='word_1_869' title='bbox 883 5704 1077 5750; x_wconf 90' lang='lat' dir='ltr'><strong><em>norunt</em></strong></span> <span class='ocrx_word' id='word_1_870' title='bbox 1122 5697 1214 5763; x_wconf 89' lang='lat' dir='ltr'><strong><em>qui</em></strong></span> <span class='ocrx_word' id='word_1_871' title='bbox 1249 5710 1341 5749; x_wconf 83' lang='lat' dir='ltr'><strong><em>eas</em></strong></span> <span class='ocrx_word' id='word_1_872' title='bbox 1380 5694 1628 5748; x_wconf 86' lang='lat' dir='ltr'><strong><em>evolvere</em></strong></span> <span class='ocrx_word' id='word_1_873' title='bbox 1653 5706 2066 5750; x_wconf 78' lang='lat' dir='ltr'><strong><em>consueverunt.</em></strong></span> 
     </span>
    </p>
   </div>
   <div class='ocr_carea' id='block_1_111' title="bbox 609 5761 2140 5846">
    <p class='ocr_par' dir='ltr' id='par_1_111' title="bbox 609 5761 2140 5846">
     <span class='ocr_line' id='line_1_114' title="bbox 609 5761 2140 5846; baseline 0.005 -30"><span class='ocrx_word' id='word_1_874' title='bbox 609 5761 756 5846; x_wconf 37' lang='grc'>,(54)</span> <span class='ocrx_word' id='word_1_875' title='bbox 812 5763 1013 5835; x_wconf 84' lang='lat' dir='ltr'><strong><em>Inquit.</em></strong></span> <span class='ocrx_word' id='word_1_876' title='bbox 1073 5761 1232 5820; x_wconf 69' lang='lat' dir='ltr'><strong><em>nm...</em></strong></span> <span class='ocrx_word' id='word_1_877' title='bbox 1273 5781 1349 5829; x_wconf 71' lang='grc' dir='ltr'>γι,</span> <span class='ocrx_word' id='word_1_878' title='bbox 1390 5768 1477 5830; x_wconf 69' lang='lat' dir='ltr'><strong><em>ts,</em></strong></span> <span class='ocrx_word' id='word_1_879' title='bbox 1518 5766 1605 5821; x_wconf 91' lang='lat' dir='ltr'><strong><em>ubi</em></strong></span> <span class='ocrx_word' id='word_1_880' title='bbox 1635 5765 1848 5836; x_wconf 79' lang='lat' dir='ltr'><strong><em>legitur,</em></strong></span> <span class='ocrx_word' id='word_1_881' title='bbox 1899 5766 1982 5831; x_wconf 79' lang='grc' dir='ltr'><strong><em>οὐ,</em></strong></span> <span class='ocrx_word' id='word_1_882' title='bbox 2041 5783 2140 5838; x_wconf 84' lang='lat' dir='ltr'><strong><em>pro</em></strong></span> 
     </span>
    </p>
   </div>
   <div class='ocr_carea' id='block_1_112' title="bbox 568 5849 748 5886">
    <p class='ocr_par' dir='ltr' id='par_1_112' title="bbox 568 5849 748 5886">
     <span class='ocr_line' id='line_1_115' title="bbox 568 5849 748 5886; baseline 0.011 -2"><span class='ocrx_word' id='word_1_883' title='bbox 568 5849 748 5886; x_wconf 74' lang='grc' dir='ltr'>ουκετι</span> 
     </span>
    </p>
   </div>
   <div class='ocr_carea' id='block_1_113' title="bbox 2241 4576 3636 4648">
    <p class='ocr_par' dir='ltr' id='par_1_113' title="bbox 2241 4576 3636 4648">
     <span class='ocr_line' id='line_1_116' title="bbox 2241 4576 3636 4648; baseline -0.004 -17"><span class='ocrx_word' id='word_1_884' title='bbox 2241 4579 2599 4648; x_wconf 48' lang='lat' dir='ltr'><strong><em>fundamentis</em></strong></span> <span class='ocrx_word' id='word_1_885' title='bbox 2629 4579 2920 4632; x_wconf 85' lang='lat' dir='ltr'><strong><em>erudimur.</em></strong></span> <span class='ocrx_word' id='word_1_886' title='bbox 2956 4580 3060 4632; x_wconf 85' lang='lat' dir='ltr'><strong><em>Sed</em></strong></span> <span class='ocrx_word' id='word_1_887' title='bbox 3101 4579 3369 4648; x_wconf 81' lang='lat' dir='ltr'><strong><em>nonsatis</em></strong></span> <span class='ocrx_word' id='word_1_888' title='bbox 3397 4576 3636 4648; x_wconf 76' lang='lat' dir='ltr'><strong><em>feliciter.</em></strong></span> 
     </span>
    </p>
   </div>
   <div class='ocr_carea' id='block_1_114' title="bbox 2311 4646 3248 4717">
    <p class='ocr_par' dir='ltr' id='par_1_114' title="bbox 2311 4646 3248 4717">
     <span class='ocr_line' id='line_1_117' title="bbox 2311 4646 3248 4717; baseline 0.001 -16"><span class='ocrx_word' id='word_1_889' title='bbox 2311 4648 2424 4716; x_wconf 87' lang='lat'><strong>(57)</strong></span> <span class='ocrx_word' id='word_1_890' title='bbox 2465 4646 2549 4700; x_wconf 78' lang='lat' dir='ltr'><strong><em>Ex</em></strong></span> <span class='ocrx_word' id='word_1_891' title='bbox 2582 4665 2705 4717; x_wconf 82' lang='lat' dir='ltr'><strong><em>quo.</em></strong></span> <span class='ocrx_word' id='word_1_892' title='bbox 2750 4649 2766 4701; x_wconf 94' lang='lat' dir='ltr'><strong><em>l</em></strong></span> <span class='ocrx_word' id='word_1_893' title='bbox 2802 4651 2866 4701; x_wconf 87' lang='lat' dir='ltr'><strong><em>ad</em></strong></span> <span class='ocrx_word' id='word_1_894' title='bbox 2894 4648 3019 4704; x_wconf 86' lang='lat' dir='ltr'><strong><em>Cor.</em></strong></span> <span class='ocrx_word' id='word_1_895' title='bbox 3049 4663 3163 4712; x_wconf 82' lang='lat' dir='ltr'><strong><em>vni,</em></strong></span> <span class='ocrx_word' id='word_1_896' title='bbox 3195 4647 3248 4702; x_wconf 89' lang='lat'><strong><em>6.</em></strong></span> 
     </span>
    </p>
   </div>
   <div class='ocr_carea' id='block_1_115' title="bbox 2312 4717 3754 4791">
    <p class='ocr_par' dir='ltr' id='par_1_115' title="bbox 2312 4717 3754 4791">
     <span class='ocr_line' id='line_1_118' title="bbox 2312 4717 3754 4791; baseline 0 -21"><span class='ocrx_word' id='word_1_897' title='bbox 2312 4717 2423 4791; x_wconf 75' lang='lat'><strong>(58)</strong></span> <span class='ocrx_word' id='word_1_898' title='bbox 2462 4719 2668 4791; x_wconf 68' lang='lat' dir='ltr'><strong><em>t_.‘ol_oss.</em></strong></span> <span class='ocrx_word' id='word_1_899' title='bbox 2705 4736 2763 4791; x_wconf 85' lang='lat' dir='ltr'><strong><em>tt.</em></strong></span> <span class='ocrx_word' id='word_1_900' title='bbox 2797 4718 2850 4772; x_wconf 90' lang='lat'><strong><em>9.</em></strong></span> <span class='ocrx_word' id='word_1_901' title='bbox 2946 4790 2954 4791; x_wconf 14' lang='grc' dir='ltr'>ί</span> <span class='ocrx_word' id='word_1_902' title='bbox 3447 4789 3456 4791; x_wconf 20' lang='grc'><strong><em>4</em></strong></span> <span class='ocrx_word' id='word_1_903' title='bbox 3505 4785 3532 4791; x_wconf 85' lang='lat'>_</span> <span class='ocrx_word' id='word_1_904' title='bbox 3744 4779 3754 4791; x_wconf 83' lang='lat'><em>_</em></span> 
     </span>
    </p>
   </div>
   <div class='ocr_carea' id='block_1_116' title="bbox 2313 4785 3780 4860">
    <p class='ocr_par' dir='ltr' id='par_1_116' title="bbox 2313 4785 3780 4860">
     <span class='ocr_line' id='line_1_119' title="bbox 2313 4785 3780 4860; baseline -0.01 -18"><span class='ocrx_word' id='word_1_905' title='bbox 2313 4785 3094 4860; x_wconf 42' lang='lat' dir='ltr'><strong><em>(59)_Deitate;Ennomianos</em></strong></span> <span class='ocrx_word' id='word_1_906' title='bbox 3132 4791 3334 4860; x_wconf 80' lang='lat' dir='ltr'><strong><em>carpit,</em></strong></span> <span class='ocrx_word' id='word_1_907' title='bbox 3370 4789 3458 4858; x_wconf 85' lang='lat' dir='ltr'><strong><em>qui</em></strong></span> <span class='ocrx_word' id='word_1_908' title='bbox 3496 4785 3650 4838; x_wconf 83' lang='lat' dir='ltr'><strong><em>Deum</em></strong></span> <span class='ocrx_word' id='word_1_909' title='bbox 3677 4785 3780 4860; x_wconf 70' lang='lat' dir='ltr'><strong><em>qni-</em></strong></span> 
     </span>
    </p>
   </div>
   <div class='ocr_carea' id='block_1_117' title="bbox 2243 4858 3775 4932">
    <p class='ocr_par' dir='ltr' id='par_1_117' title="bbox 2243 4858 3775 4932">
     <span class='ocr_line' id='line_1_120' title="bbox 2243 4858 3775 4932; baseline -0.001 -19"><span class='ocrx_word' id='word_1_910' title='bbox 2243 4858 2364 4913; x_wconf 89' lang='lat' dir='ltr'><strong><em>dem</em></strong></span> <span class='ocrx_word' id='word_1_911' title='bbox 2401 4858 2650 4932; x_wconf 78' lang='lat' dir='ltr'><strong><em>dicebant</em></strong></span> <span class='ocrx_word' id='word_1_912' title='bbox 2680 4858 2898 4924; x_wconf 89' lang='lat' dir='ltr'><strong><em>Filium,</em></strong></span> <span class='ocrx_word' id='word_1_913' title='bbox 2942 4861 3032 4932; x_wconf 69' lang='lat' dir='ltr'><strong><em>sed</em></strong></span> <span class='ocrx_word' id='word_1_914' title='bbox 3063 4859 3389 4932; x_wconf 62' lang='grc' dir='ltr'>ὁμώνυμον,</span> <span class='ocrx_word' id='word_1_915' title='bbox 3411 4860 3457 4911; x_wconf 88' lang='lat' dir='ltr'><strong><em>id</em></strong></span> <span class='ocrx_word' id='word_1_916' title='bbox 3488 4865 3588 4932; x_wconf 61' lang='lat' dir='ltr'><strong><em>es}.</em></strong></span> <span class='ocrx_word' id='word_1_917' title='bbox 3627 4858 3775 4928; x_wconf 60' lang='lat' dir='ltr'><strong><em>alqui:</em></strong></span> 
     </span>
    </p>
   </div>
   <div class='ocr_carea' id='block_1_118' title="bbox 2244 4924 3776 4991">
    <p class='ocr_par' dir='ltr' id='par_1_118' title="bbox 2244 4924 3776 4991">
     <span class='ocr_line' id='line_1_121' title="bbox 2244 4924 3776 4991; baseline -0.006 -9"><span class='ocrx_word' id='word_1_918' title='bbox 2244 4944 2376 4982; x_wconf 78' lang='lat' dir='ltr'><strong><em>Voce</em></strong></span> <span class='ocrx_word' id='word_1_919' title='bbox 2427 4929 2506 4982; x_wconf 83' lang='lat' dir='ltr'><strong><em>sic</em></strong></span> <span class='ocrx_word' id='word_1_920' title='bbox 2557 4941 2825 4989; x_wconf 83' lang='lat' dir='ltr'><strong><em>vocatum,</em></strong></span> <span class='ocrx_word' id='word_1_921' title='bbox 2883 4940 2935 4982; x_wconf 88' lang='lat' dir='ltr'><strong><em>et</em></strong></span> <span class='ocrx_word' id='word_1_922' title='bbox 2975 4924 3119 4982; x_wconf 80' lang='lat' dir='ltr'><strong><em>Patri</em></strong></span> <span class='ocrx_word' id='word_1_923' title='bbox 3169 4924 3498 4983; x_wconf 74' lang='lat' dir='ltr'><strong><em>dissimilem.</em></strong></span> <span class='ocrx_word' id='word_1_924' title='bbox 3533 4924 3699 4991; x_wconf 85' lang='lat' dir='ltr'><strong><em>Lege,</em></strong></span> <span class='ocrx_word' id='word_1_925' title='bbox 3740 4924 3776 4971; x_wconf 84' lang='lat' dir='ltr'><strong><em>si</em></strong></span> 
     </span>
    </p>
   </div>
   <div class='ocr_carea' id='block_1_119' title="bbox 2245 4999 3774 5066">
    <p class='ocr_par' dir='ltr' id='par_1_119' title="bbox 2245 4999 3774 5066">
     <span class='ocr_line' id='line_1_122' title="bbox 2245 4999 3774 5066; baseline 0 -18"><span class='ocrx_word' id='word_1_926' title='bbox 2245 5000 2442 5066; x_wconf 84' lang='lat' dir='ltr'><strong><em>placet,</em></strong></span> <span class='ocrx_word' id='word_1_927' title='bbox 2479 5013 2623 5050; x_wconf 78' lang='lat' dir='ltr'><strong>xxxv</strong></span> <span class='ocrx_word' id='word_1_928' title='bbox 2687 4999 2928 5066; x_wconf 85' lang='lat' dir='ltr'><strong><em>Gregorii</em></strong></span> <span class='ocrx_word' id='word_1_929' title='bbox 2959 4999 3287 5054; x_wconf 80' lang='lat' dir='ltr'><strong><em>Nazianzeni</em></strong></span> <span class='ocrx_word' id='word_1_930' title='bbox 3322 4999 3633 5056; x_wconf 89' lang='lat' dir='ltr'><strong><em>orationem,</em></strong></span> <span class='ocrx_word' id='word_1_931' title='bbox 3671 5005 3774 5061; x_wconf 65' lang='lat' dir='ltr'><strong><em>pag.</em></strong></span> 
     </span>
    </p>
   </div>
   <div class='ocr_carea' id='block_1_120' title="bbox 2245 5067 3700 5141">
    <p class='ocr_par' dir='ltr' id='par_1_120' title="bbox 2245 5067 3700 5141">
     <span class='ocr_line' id='line_1_123' title="bbox 2245 5067 3700 5141; baseline 0.012 -25"><span class='ocrx_word' id='word_1_932' title='bbox 2245 5067 2535 5141; x_wconf 17' lang='lat' dir='ltr'><strong><em>Ij7ii_edi_t_.</em></strong></span> <span class='ocrx_word' id='word_1_933' title='bbox 2577 5067 2938 5141; x_wconf 45' lang='lat' dir='ltr'><strong><em>Coloniensis;</em></strong></span> <span class='ocrx_word' id='word_1_934' title='bbox 3237 5138 3282 5141; x_wconf 13' lang='grc' dir='ltr'>ί,</span> <span class='ocrx_word' id='word_1_935' title='bbox 3381 5137 3406 5141; x_wconf 36' lang='grc' dir='ltr'><strong>Α</strong></span> 
     </span>
    </p>
   </div>
   <div class='ocr_carea' id='block_1_121' title="bbox 2316 5131 3772 5205">
    <p class='ocr_par' dir='ltr' id='par_1_121' title="bbox 2316 5131 3772 5205">
     <span class='ocr_line' id='line_1_124' title="bbox 2316 5131 3772 5205; baseline -0.005 -13"><span class='ocrx_word' id='word_1_936' title='bbox 2316 5137 2425 5205; x_wconf 82' lang='lat'><strong>(60)</strong></span> <span class='ocrx_word' id='word_1_937' title='bbox 2467 5136 2766 5205; x_wconf 80' lang='lat' dir='ltr'><strong><em>Manifeste.</em></strong></span> <span class='ocrx_word' id='word_1_938' title='bbox 2809 5138 2827 5190; x_wconf 96' lang='lat' dir='ltr'><strong><em>l</em></strong></span> <span class='ocrx_word' id='word_1_939' title='bbox 2897 5137 3014 5192; x_wconf 93' lang='lat' dir='ltr'><strong><em>Tim</em></strong></span> <span class='ocrx_word' id='word_1_940' title='bbox 3057 5154 3152 5202; x_wconf 82' lang='grc' dir='ltr'>ιιι,</span> <span class='ocrx_word' id='word_1_941' title='bbox 3221 5138 3306 5193; x_wconf 82' lang='grc'><strong><em>16.</em></strong></span> <span class='ocrx_word' id='word_1_942' title='bbox 3368 5137 3547 5193; x_wconf 64' lang='lat' dir='ltr'><strong><em>Graeca</em></strong></span> <span class='ocrx_word' id='word_1_943' title='bbox 3587 5131 3772 5205; x_wconf 72' lang='lat' dir='ltr'><strong><em>editio:</em></strong></span> 
     </span>
    </p>
   </div>
   <div class='ocr_carea' id='block_1_122' title="bbox 2258 5199 3772 5275">
    <p class='ocr_par' dir='ltr' id='par_1_122' title="bbox 2258 5199 3772 5275">
     <span class='ocr_line' id='line_1_125' title="bbox 2258 5199 3772 5275; baseline -0.007 -15"><span class='ocrx_word' id='word_1_944' title='bbox 2258 5199 2344 5260; x_wconf 79' lang='grc' dir='ltr'>Ἐν</span> <span class='ocrx_word' id='word_1_945' title='bbox 2396 5199 2629 5260; x_wconf 62' lang='grc' dir='ltr'>ἐθνεσινξ</span> <span class='ocrx_word' id='word_1_946' title='bbox 2663 5210 2733 5261; x_wconf 89' lang='grc' dir='ltr'>Αι</span> <span class='ocrx_word' id='word_1_947' title='bbox 2781 5211 3025 5262; x_wconf 82' lang='lat' dir='ltr'><strong><em>voculam</em></strong></span> <span class='ocrx_word' id='word_1_948' title='bbox 3081 5199 3247 5273; x_wconf 84' lang='lat' dir='ltr'><strong><em>illam,</em></strong></span> <span class='ocrx_word' id='word_1_949' title='bbox 3297 5211 3374 5275; x_wconf 84' lang='grc' dir='ltr'><strong><em>ἐν,</em></strong></span> <span class='ocrx_word' id='word_1_950' title='bbox 3432 5220 3600 5275; x_wconf 89' lang='lat' dir='ltr'><strong><em>neque</em></strong></span> <span class='ocrx_word' id='word_1_951' title='bbox 3641 5199 3772 5264; x_wconf 76' lang='lat' dir='ltr'><strong><em>Vulg.</em></strong></span> 
     </span>
    </p>
   </div>
   <div class='ocr_carea' id='block_1_123' title="bbox 2243 5277 3197 5349">
    <p class='ocr_par' dir='ltr' id='par_1_123' title="bbox 2243 5277 3197 5349">
     <span class='ocr_line' id='line_1_126' title="bbox 2243 5277 3197 5349; baseline 0.001 -17"><span class='ocrx_word' id='word_1_952' title='bbox 2243 5277 2509 5349; x_wconf 81' lang='lat' dir='ltr'><strong><em>interpres</em></strong></span> <span class='ocrx_word' id='word_1_953' title='bbox 2539 5279 2888 5349; x_wconf 20' lang='lat' dir='ltr'><strong><em>legit,7neque</em></strong></span> <span class='ocrx_word' id='word_1_954' title='bbox 2925 5280 3197 5349; x_wconf 88' lang='lat' dir='ltr'><strong><em>Didymus.</em></strong></span> 
     </span>
    </p>
   </div>
   <div class='ocr_carea' id='block_1_124' title="bbox 2318 5343 3773 5417">
    <p class='ocr_par' dir='ltr' id='par_1_124' title="bbox 2318 5343 3773 5417">
     <span class='ocr_line' id='line_1_127' title="bbox 2318 5343 3773 5417; baseline 0.004 -17"><span class='ocrx_word' id='word_1_955' title='bbox 2318 5343 2427 5417; x_wconf 85' lang='grc'>(61)</span> <span class='ocrx_word' id='word_1_956' title='bbox 2469 5343 2630 5400; x_wconf 65' lang='lat' dir='ltr'><strong><em>Deus.</em></strong></span> <span class='ocrx_word' id='word_1_957' title='bbox 2676 5343 2860 5402; x_wconf 71' lang='lat' dir='ltr'><strong><em>Graeca</em></strong></span> <span class='ocrx_word' id='word_1_958' title='bbox 2889 5343 3047 5402; x_wconf 77' lang='lat' dir='ltr'><strong><em>etiam</em></strong></span> <span class='ocrx_word' id='word_1_959' title='bbox 3088 5351 3252 5403; x_wconf 88' lang='lat' dir='ltr'><strong><em>editio</em></strong></span> <span class='ocrx_word' id='word_1_960' title='bbox 3291 5349 3465 5410; x_wconf 81' lang='lat' dir='ltr'><strong><em>habet,</em></strong></span> <span class='ocrx_word' id='word_1_961' title='bbox 3489 5344 3619 5417; x_wconf 70' lang='grc' dir='ltr'><strong><em>Θεὸς</em></strong></span> <span class='ocrx_word' id='word_1_962' title='bbox 3637 5343 3773 5417; x_wconf 51' lang='grc' dir='ltr'><strong><em>,ἐέἒα-</em></strong></span> 
     </span>
    </p>
   </div>
   <div class='ocr_carea' id='block_1_125' title="bbox 2245 5411 3773 5503">
    <p class='ocr_par' dir='ltr' id='par_1_125' title="bbox 2245 5411 3773 5503">
     <span class='ocr_line' id='line_1_128' title="bbox 2245 5411 3773 5503; baseline -0.008 -31"><span class='ocrx_word' id='word_1_963' title='bbox 2245 5411 2476 5503; x_wconf 71' lang='grc' dir='ltr'>νερώθη,</span> <span class='ocrx_word' id='word_1_964' title='bbox 2501 5418 2680 5503; x_wconf 55' lang='lat' dir='ltr'><strong><em>id‘est,</em></strong></span> <span class='ocrx_word' id='word_1_965' title='bbox 2709 5417 2849 5500; x_wconf 64' lang='lat' dir='ltr'><strong><em>Deus</em></strong></span> <span class='ocrx_word' id='word_1_966' title='bbox 2881 5419 3367 5503; x_wconf 36' lang='lat' dir='ltr'><strong><em>ptaitifesta‘tusnest,</em></strong></span> <span class='ocrx_word' id='word_1_967' title='bbox 3398 5431 3468 5503; x_wconf 40' lang='lat' dir='ltr'><strong><em>ut!</em></strong></span> <span class='ocrx_word' id='word_1_968' title='bbox 3487 5416 3604 5482; x_wconf 81' lang='lat' dir='ltr'><strong><em>legit</em></strong></span> <span class='ocrx_word' id='word_1_969' title='bbox 3635 5411 3773 5503; x_wconf 53' lang='lat' dir='ltr'><strong><em>Diti):-</em></strong></span> 
     </span>
    </p>
   </div>
   <div class='ocr_carea' id='block_1_126' title="bbox 2244 5485 3768 5554">
    <p class='ocr_par' dir='ltr' id='par_1_126' title="bbox 2244 5485 3768 5554">
     <span class='ocr_line' id='line_1_129' title="bbox 2244 5485 3768 5554; baseline -0.005 -12"><span class='ocrx_word' id='word_1_970' title='bbox 2244 5485 2386 5542; x_wconf 76' lang='lat' dir='ltr'><strong><em>mus.</em></strong></span> <span class='ocrx_word' id='word_1_971' title='bbox 2426 5485 2530 5542; x_wconf 80' lang='lat' dir='ltr'><strong><em>Sed</em></strong></span> <span class='ocrx_word' id='word_1_972' title='bbox 2557 5485 2711 5554; x_wconf 82' lang='lat' dir='ltr'><strong><em>Vulg.</em></strong></span> <span class='ocrx_word' id='word_1_973' title='bbox 2747 5492 2841 5541; x_wconf 87' lang='lat' dir='ltr'><strong><em>int.</em></strong></span> <span class='ocrx_word' id='word_1_974' title='bbox 2881 5485 3041 5542; x_wconf 82' lang='lat' dir='ltr'><strong><em>habet</em></strong></span> <span class='ocrx_word' id='word_1_975' title='bbox 3072 5505 3086 5540; x_wconf 92' lang='lat'><strong><em>:</em></strong></span> <span class='ocrx_word' id='word_1_976' title='bbox 3123 5489 3274 5554; x_wconf 79' lang='lat' dir='ltr'><strong><em>Quod</em></strong></span> <span class='ocrx_word' id='word_1_977' title='bbox 3300 5487 3768 5554; x_wconf 63' lang='lat' dir='ltr'><strong><em>nmnifestntumef&#39;o</em></strong></span> 
     </span>
    </p>
   </div>
   <div class='ocr_carea' id='block_1_127' title="bbox 2244 5547 3765 5624">
    <p class='ocr_par' dir='ltr' id='par_1_127' title="bbox 2244 5547 3765 5624">
     <span class='ocr_line' id='line_1_130' title="bbox 2244 5547 3765 5624; baseline -0.005 -11"><span class='ocrx_word' id='word_1_978' title='bbox 2244 5559 2528 5615; x_wconf 84' lang='lat' dir='ltr'><strong><em>Liberatus</em></strong></span> <span class='ocrx_word' id='word_1_979' title='bbox 2581 5547 2710 5612; x_wconf 49' lang='lat' dir='ltr'><strong><em>vervo</em></strong></span> <span class='ocrx_word' id='word_1_980' title='bbox 2763 5559 3020 5612; x_wconf 84' lang='lat' dir='ltr'><strong><em>diaconus</em></strong></span> <span class='ocrx_word' id='word_1_981' title='bbox 3062 5547 3461 5620; x_wconf 36' lang='lat' dir='ltr'><strong><em>in&#39;VBi-eviario,</em></strong></span> <span class='ocrx_word' id='word_1_982' title='bbox 3509 5570 3620 5623; x_wconf 87' lang='lat' dir='ltr'><strong><em>cap.</em></strong></span> <span class='ocrx_word' id='word_1_983' title='bbox 3671 5547 3765 5624; x_wconf 53' lang='lat' dir='ltr'><strong><em>l9&quot;:</em></strong></span> 
     </span>
    </p>
   </div>
   <div class='ocr_carea' id='block_1_128' title="bbox 2245 5616 3769 5700">
    <p class='ocr_par' dir='ltr' id='par_1_128' title="bbox 2245 5616 3769 5700">
     <span class='ocr_line' id='line_1_131' title="bbox 2245 5616 3769 5700; baseline -0.007 -17"><span class='ocrx_word' id='word_1_984' title='bbox 2245 5629 2364 5682; x_wconf 83' lang='lat' dir='ltr'><strong><em>Hoc</em></strong></span> <span class='ocrx_word' id='word_1_985' title='bbox 2414 5640 2656 5700; x_wconf 84' lang='lat' dir='ltr'><strong><em>tempore,</em></strong></span> <span class='ocrx_word' id='word_1_986' title='bbox 2691 5627 3285 5700; x_wconf 30' lang='lat' dir='ltr'><strong><em>inqullpMucedonius</em></strong></span> <span class='ocrx_word' id='word_1_987' title='bbox 3329 5616 3769 5700; x_wconf 57' lang='lat' dir='ltr'><strong><em>Constantinopoli:</em></strong></span> 
     </span>
    </p>
   </div>
   <div class='ocr_carea' id='block_1_129' title="bbox 2248 5694 3768 5766">
    <p class='ocr_par' dir='ltr' id='par_1_129' title="bbox 2248 5694 3768 5766">
     <span class='ocr_line' id='line_1_132' title="bbox 2248 5694 3768 5766; baseline -0.008 -16"><span class='ocrx_word' id='word_1_988' title='bbox 2248 5710 2400 5752; x_wconf 84' lang='lat' dir='ltr'><strong><em>tonus</em></strong></span> <span class='ocrx_word' id='word_1_989' title='bbox 2453 5699 2719 5764; x_wconf 83' lang='lat' dir='ltr'><strong><em>episcopus</em></strong></span> <span class='ocrx_word' id='word_1_990' title='bbox 2767 5694 2842 5750; x_wconf 78' lang='lat' dir='ltr'><strong><em>ab</em></strong></span> <span class='ocrx_word' id='word_1_991' title='bbox 2909 5698 3218 5764; x_wconf 81' lang='lat' dir='ltr'><strong><em>imperatore</em></strong></span> <span class='ocrx_word' id='word_1_992' title='bbox 3281 5696 3550 5750; x_wconf 78' lang='lat' dir='ltr'><strong><em>Anastasio</em></strong></span> <span class='ocrx_word' id='word_1_993' title='bbox 3602 5694 3768 5766; x_wconf 72' lang='lat' dir='ltr'><strong><em>dicitur</em></strong></span> 
     </span>
    </p>
   </div>
   <div class='ocr_carea' id='block_1_130' title="bbox 2246 5766 3764 5836">
    <p class='ocr_par' dir='ltr' id='par_1_130' title="bbox 2246 5766 3764 5836">
     <span class='ocr_line' id='line_1_133' title="bbox 2246 5766 3764 5836; baseline -0.005 -15"><span class='ocrx_word' id='word_1_994' title='bbox 2246 5769 2523 5835; x_wconf 77' lang='lat' dir='ltr'><strong><em>expulsus,</em></strong></span> <span class='ocrx_word' id='word_1_995' title='bbox 2564 5779 2810 5836; x_wconf 84' lang='lat' dir='ltr'><strong><em>tanquam</em></strong></span> <span class='ocrx_word' id='word_1_996' title='bbox 2858 5766 3139 5836; x_wconf 85' lang='lat' dir='ltr'><strong><em>Evangelia</em></strong></span> <span class='ocrx_word' id='word_1_997' title='bbox 3186 5769 3439 5836; x_wconf 69' lang='lat' dir='ltr'><strong><em>falsasset,</em></strong></span> <span class='ocrx_word' id='word_1_998' title='bbox 3485 5778 3528 5818; x_wconf 88' lang='lat' dir='ltr'><strong><em>et</em></strong></span> <span class='ocrx_word' id='word_1_999' title='bbox 3569 5767 3764 5814; x_wconf 58' lang='lat' dir='ltr'><strong><em>maxime</em></strong></span> 
     </span>
    </p>
   </div>
   <div class='ocr_carea' id='block_1_131' title="bbox 2246 5837 3759 5908">
    <p class='ocr_par' dir='ltr' id='par_1_131' title="bbox 2246 5837 3759 5908">
     <span class='ocr_line' id='line_1_134' title="bbox 2246 5837 3759 5908; baseline -0.005 -16"><span class='ocrx_word' id='word_1_1000' title='bbox 2246 5840 2378 5892; x_wconf 87' lang='lat' dir='ltr'><strong><em>illud</em></strong></span> <span class='ocrx_word' id='word_1_1001' title='bbox 2426 5837 2656 5908; x_wconf 81' lang='lat' dir='ltr'><strong><em>Apostoli</em></strong></span> <span class='ocrx_word' id='word_1_1002' title='bbox 2701 5839 2946 5892; x_wconf 87' lang='lat' dir='ltr'><strong><em>dictum:</em></strong></span> <span class='ocrx_word' id='word_1_1003' title='bbox 2983 5857 3000 5888; x_wconf 78' lang='grc' dir='ltr'><strong><em>ι</em></strong></span> <span class='ocrx_word' id='word_1_1004' title='bbox 3041 5839 3178 5904; x_wconf 78' lang='lat' dir='ltr'><strong><em>Quia</em></strong></span> <span class='ocrx_word' id='word_1_1005' title='bbox 3223 5839 3457 5907; x_wconf 84' lang='lat' dir='ltr'><strong><em>apparuit</em></strong></span> <span class='ocrx_word' id='word_1_1006' title='bbox 3508 5839 3556 5888; x_wconf 88' lang='lat' dir='ltr'><strong><em>in</em></strong></span> <span class='ocrx_word' id='word_1_1007' title='bbox 3601 5840 3759 5884; x_wconf 64' lang='lat' dir='ltr'><strong><em>carne,</em></strong></span> 
     </span>
    </p>
   </div>
  </div>
