4082 6408
282 389 380 448 ωδ
1448 400 1538 456 DE
1575 397 1947 457 TRINITATE
1979 358 2183 457 LIBER
2218 398 2498 456 ramus.
3482 380 3617 452 me

284 521 392 573 τος,
418 505 496 577 τῇ
532 504 657 578 ἰδίᾳ.
693 512 1041 584 μαρτυρῶν
1084 512 1309 584 θεότητι,
1360 513 1453 566 καὶ
1491 513 1790 585 κυριότητι,
1842 515 1936 568 καὶ

2051 513 2229 583 yloria.
2277 512 2411 567 Cum
2459 510 2603 565 enim
2665 508 2939 564 beneﬁcus
2981 509 3081 563 iste
3129 521 3307 562 rerum
3359 506 3605 564 omnium

290 597 484 667 λέγων,
513 601 687 669 παρὰ
738 603 1045 676 Ματθαίῳ
1079 605 1194 675 μὲν,
1244 604 1378 677 πρὸς
1408 605 1498 659 τὸν
1530 604 1773 660 διάϐολον
1794 621 1809 638 ·
1850 609 1933 661 Οὐ

2051 606 2297 662 Conditor
2334 605 2571 659 nondum
2617 613 2800 673 aperte
2827 601 3081 655 omnibus
3108 600 3485 654 manifestatus
3515 612 3603 654 es-

296 691 375 762 μὴ
402 690 723 760 πειράσῃς
755 696 1005 763 Κύριον
1032 697 1138 750 τὸν
1176 697 1322 750 Θεόν
1345 710 1460 750 σου
1484 713 1499 728 ο
1523 696 1675 768 παρὰ
1718 697 1937 769 Ἰωάννῃ

2051 708 2141 763 iet,
2174 707 2301 752 tunc
2327 694 2642 750 manifestus
2673 692 2849 747 factus
2884 702 2987 753 est.
3021 690 3236 761 quando
3266 689 3336 745 ob
3362 690 3602 743 omnium

310 784 362 836 δὲ
382 824 397 848 ,
432 784 572 855 πρὸς
637 786 782 849 τοὺς
823 787 1172 850 ἀποστόλους
1195 804 1209 817 ⁸
1278 787 1473 857 Ὑμεῖς
1531 787 1776 857 φωνεῖτέ
1824 804 1900 858 με
1918 805 1932 818 ³

2051 788 2265 843 salutem
2312 785 2613 841 voluntarie
2657 783 2821 837 etiam
2873 781 3013 836 sicut
3054 795 3192 834 unus
3238 793 3306 833 ex
3352 778 3606 833 omnibus

328 877 393 930 '0
423 877 661 946 Κύριος,
696 877 811 931 καὶ
840 880 877 932 ό
899 877 1272 946 διδάσκαλος
1294 897 1307 911 ·
1340 879 1438 933 καὶ
1467 878 1664 944 καλῶς
1695 877 1900 949 λέγετε
1918 895 1934 911 ο

2051 877 2213 931 iactus
2250 885 2366 931 est:
2405 877 2546 930 unde
2569 872 2894 944 justiﬁeatus
2918 877 3010 924 est
3046 872 3098 924 in
3149 869 3377 938 Spiritu,
3403 869 3457 923 id
3498 877 3603 934 est,

338 975 445 1043 εἰμὶ
472 973 595 1043 τὰρ.
627 973 857 1045 Θωμᾶς
888 976 949 1029 δὲ
986 978 1080 1030 καὶ
1108 976 1313 1040 τύπους
1345 977 1510 1047 ἥλων,
1554 974 1647 1039 οὓς
1679 974 1836 1045 ἔσχεν
1864 973 1933 1026 δι’

2051 967 2336 1022 ilﬁrmatus
2364 966 2486 1031 fuit,
2526 975 2620 1019 aut
2649 963 3000 1020 conﬁrmatus
3048 963 3116 1016 ab
3160 961 3228 1016 iis
3278 960 3465 1024 etiam,
3512 962 3604 1028 qui

347 1069 485 1139 iuta;
509 1069 635 1138 παρ’
668 1068 844 1138 ἡμῶν
874 1069 906 1121 ὁ
939 1068 1129 1143 Σωτὴρ
1159 1069 1234 1133 ὡς
1258 1067 1654 1139 φιλάνθρωπος,
1682 1064 1937 1136 ψηλαφή-

2051 1072 2162 1112 eum
2200 1065 2356 1111 antea
2391 1053 2731 1123 ignorabant,
2761 1066 2925 1107 verus
2954 1049 3133 1115 Deus;
3162 1050 3322 1118 idque
3354 1063 3461 1103 non
3490 1048 3610 1103 sine

359 1159 559 1222 σας,οὑκ
572 1157 1046 1231 ὲταράχθη,[57α]
1060 1159 1177 1212 οὐδὲ
1190 1158 1501 1228 καθυφῆκεν
1514 1157 1612 1227 τῆς
1628 1156 1756 1226 περ).
1771 1152 1937 1208 αὐτοῦ

361 1251 599 1305 ἀνωτάτω
625 1251 823 1322 δόξης.
866 1252 1161 1305 Ἦπίστατο
1184 1251 1314 1321 γὰρ,
1347 1249 1423 1313 ὡς
1464 1248 1628 1320 μόνης
1651 1247 1750 1317 τῆς
1780 1246 1941 1298 αὺτο-

360 1347 683 1415 κρατορικῆς
726 1342 1165 1414 ἀπειροδυνάμου
1201 1341 1294 1395 καὶ
1326 1339 1684 1409 ἀγαθωτάτης
1727 1336 1940 1407 φύσεως

354 1431 440 1504 ἦν,
464 1435 524 1487 οὐ
553 1435 662 1504 μὴν
687 1434 749 1486 δὲ
778 1435 1026 1503 κτιστῆς,
1061 1432 1123 1484 τὸ
1147 1431 1303 1502 μόνον
1344 1430 1444 1498 οὐχ
1481 1428 1620 1499 ὑπὲρ
1651 1426 1795 1480 ἰδίων
1825 1442 1941 1479 κτι-

358 1527 576 1596 σμάτων
606 1524 827 1585 παθεῖν,
864 1522 997 1579 ἀλλὰ
1024 1524 1119 1577 καὶ
1176 1521 1466 1592 καθολικὴν
1518 1521 1585 1590 ἦν
1616 1535 1816 1589 φαμεν,
1846 1516 1941 1570 καὶ

355 1617 579 1687 γενικὴν
610 1616 910 1688 σωτηρίαν,
955 1616 1049 1669 καὶ
1074 1615 1275 1685 ταύτην
1307 1612 1537 1675 αίωνίως
1573 1607 1939 1681 δωρήσασθαι.

359 1708 653 1778 Τοιγάρτοι
684 1705 979 1761 κάντεῦθεν
1012 1706 1207 1777 μᾶλλον
1234 1704 1627 1773 ὲπιθαρσήσας,
1658 1698 1941 1769 ἀντεισφέ-

361 1815 446 1869 ρει
495 1797 649 1869 αὑτῷ
704 1797 803 1867 τὴν
857 1796 1077 1866 βεϐαίαν
1110 1795 1309 1860 πίστιν,
1372 1793 1468 1846 καὶ
1495 1792 1833 1862 ἀνευφημεῖ·
1878 1790 1939 1842 '0

363 1890 580 1954 Κύριός
602 1905 745 1957 μου,
773 1886 871 1940 καὶ
900 1890 932 1941 ό
957 1888 1100 1952 Θεός
1126 1902 1264 1955 μου.
1323 1886 1432 1939 Καὶ
1464 1885 1521 1937 ὲν
1558 1885 1677 1945 ταῖς
1705 1880 1936 1935 Καθολι-

366 1985 493 2044 sui;
520 1981 579 2034 δὲ
624 1978 986 2041 Ἐπιστολαῖς.
1042 1978 1100 2044 ἐξ
1151 1978 1266 2031 ίσου
1303 1976 1397 2030 καὶ
1442 1974 1801 2046 ὁμοιολέκτως
1848 1972 1939 2026 τὸν

368 2074 498 2125 Υἱὺν
519 2070 599 2141 τῷ
625 2071 798 2140 Πατρὶ
814 2069 1201 2137 θεολογοῦντες,
1230 2068 1493 2140 ἔγραψαν,
1516 2067 1590 2130 ὡς
1618 2066 1940 2139 προελέχθη,

381 2161 635 2230 Ἰωάννης
665 2161 763 2230 μὲν
805 2163 835 2213 ὁ
871 2159 1036 2222 πολὺς
1081 2160 1140 2213 ἐν
1186 2158 1474 2228 θεολόγοις,
1516 2158 1628 2211 Καὶ
1677 2156 1944 2227 οἴδαμεν,

368 2252 558 2321 φησιν,
616 2249 705 2304 ὅτι
743 2253 775 2304 ό
840 2251 1027 2319 Λόγος
1053 2249 1159 2304 τοῦ
1194 2249 1343 2304 Θεοῦ
1386 2248 1551 2317 ἥκει·
1590 2249 1691 2303 καὶ
1726 2248 1947 2303 ἔδωκεν

370 2340 519 2409 ἡμῖν
566 2338 837 2393 διάνοιαν
856 2379 872 2404 ,
931 2340 1031 2393 ἵνα
1071 2338 1452 2409 τινώσκωμεν
1498 2339 1606 2393 τὸν
1655 2339 1947 2407 ἀληθινὸν

372 2430 545 2497 Θεὸν,
570 2431 668 2484 καὶ
698 2429 883 2500 ἐσμὲν
908 2430 977 2484 ἐν
998 2430 1078 2496 τῷ
1101 2428 1365 2497 ἀληθινῷ
1393 2429 1474 2496 τῷ
1515 2429 1624 2496 Υἱῷ
1652 2430 1759 2484 τοῦ
1793 2428 1942 2484 Θεοῦ

383 2520 597 2588 Ἰησοῦ
644 2520 890 2590 Χριστῷ.
950 2517 1135 2587 Οὗτός
1185 2521 1355 2576 ἐστιν
1384 2524 1419 2576 ό
1460 2522 1746 2589 ἀληθινὸς
1775 2521 1940 2588 Θεὸς,

372 2613 478 2667 καὶ
505 2610 620 2680 ζωὴ
639 2610 888 2677 αιώγιος.
926 2611 1134 2678 ’Δλλον,
1159 2612 1345 2683 φησὶν,
1396 2613 1471 2683 μὴ
1512 2611 1664 2684 ζήτει
1689 2616 1755 2684 τῇ
1786 2613 1943 2684 οὐσίᾳ

369 2706 586 2776 Θεὸν.ἢ
624 2705 748 2759 Υίὸν
792 2703 945 2758 θεοῦ.
995 2704 1088 2768 Δὶς
1116 2705 1224 2775 γὰρ
1281 2700 1431 2758 εἶπόν
1463 2722 1546 2759 σοι
1571 2707 1665 2759 ἐπὶ
1691 2704 1853 2759 αὐτοῦ
1884 2706 1946 2759 τὸ

371 2795 652 2867 ἀληθινὸν,
712 2796 873 2848 ὅτιτε
918 2795 1042 2857 Υἱὸς
1094 2795 1363 2866 ἀληθινὸς,
1397 2796 1493 2849 καὶ
1520 2795 1652 2860 Θεὸς
1675 2796 1942 2868 ἀληθινὸς,

372 2886 628 2949 δεδωκὼς
650 2886 882 2939 διάνοιαν
915 2888 1024 2948 τοῖς
1054 2885 1237 2940 λαὸεἰν
1269 2887 1467 2951 ἀξίοις·
1524 2886 1662 2941 ὥστε
1693 2887 1838 2958 ἔχειν
1870 2889 1947 2940 εί-

376 2979 527 3032 am
549 2978 631 3040 ὡς
656 2977 868 3047 ἀληθῶς
894 2977 1232 3047 γεγέννηται,
1263 2979 1356 3031 καὶ
1384 2977 1597 3048 ἀληθῶς
1617 2979 1732 3031 ἐστι
1759 2978 1837 3048 τῷ
1862 2995 1921 3031 τε
1936 3008 1948 3017 -

2039 1148 2308 1210 examine,
2358 1144 2553 1216 inquit,
2600 1146 2693 1199 sed
2756 1143 2870 1213 ipsa
2913 1143 3105 1197 anima:
3139 1148 3334 1195 nostrae
3371 1139 3611 1195 motione

2038 1246 2316 1310 peractum
2338 1249 2423 1292 est
2449 1250 2465 1290 :
2494 1246 2655 1304 atque
2676 1235 2780 1289 hoc
2800 1248 2962 1290 sensu
2983 1245 3325 1288 communem
3353 1229 3608 1300 loquendi

2040 1310 2684 1387 consuetudinem'secuti
2715 1327 2897 1382 dicere
2920 1339 3300 1393 nonnunquam
3330 1322 3606 1377 solemus:

2039 1422 2133 1478 Ille
2157 1420 2446 1492 ἐδικαιώθη
2485 1419 2622 1490 (sive
2646 1416 2971 1487 justiﬁcatus
2996 1414 3099 1487 est)
3138 1429 3299 1471 verus
3332 1414 3473 1468 ﬁlius
3511 1414 3613 1467 hu-

2036 1514 2145 1584 jus,
2205 1527 2374 1583 genus
2431 1528 2609 1574 suum,
2641 1517 2803 1580 atque
2855 1508 3116 1575 originem
3169 1506 3609 1575 comprobando:

2040 1614 2095 1656 et
2124 1618 2541 1672 nonnunquam:
2579 1601 2671 1655 Ille
2705 1598 2995 1669 ἐδικαιώθη
3031 1593 3144 1670 84
3167 1596 3384 1671 [nempe
3405 1596 3610 1665 justiﬁ-

2042 1708 2198 1752 catus
2223 1695 2331 1768 est]
2364 1704 2511 1751 recte
2545 1695 2945 1750 administrare.
2977 1691 3095 1759 Quo
3142 1689 3399 1758 majorem
3428 1700 3612 1742 autem

2042 1788 2109 1843 ad
2144 1787 2569 1856 persuadendum
2602 1800 2781 1841 sermo
2813 1785 2921 1838 vim
2956 1783 3172 1848 habeat,
3217 1782 3391 1850 ipsum
3444 1779 3612 1833 etiam

1970 1864 2015 1924 Β
2043 1878 2110 1934 ab
2137 1878 2341 1948 angelis
2370 1878 2542 1932 visum
2571 1891 2691 1934 esse
2713 1874 2893 1941 addit;
2919 1875 3133 1944 quibus,
3153 1888 3218 1929 eo
3242 1872 3387 1941 quod
3409 1871 3611 1926 divinae

2046 1982 2190 2027 esset
2237 1985 2301 2026 ac
2355 1969 2578 2024 inﬁnita:
2635 1979 2861 2031 naturae,
2917 1967 3193 2035 lormaque
3235 1964 3351 2036 (62)
3379 1972 3615 2027 careret,

2048 2063 2336 2119 invisibilis
2367 2073 2495 2116 ante
2524 2062 2651 2114 illud
2683 2070 2894 2130 tempus
2929 2068 3048 2114 erat
3093 2073 3246 2126 aeque
3283 2071 3347 2111 ac
3388 2056 3482 2111 ille
3519 2055 3614 2125 qui

2045 2156 2242 2210 dicitur
2267 2155 2319 2208 in
2353 2152 2628 2222 Scriptura
2662 2152 2772 2221 (65)
2807 2152 2952 2205 solus
3004 2150 3289 2204 invisibilis
3330 2148 3508 2202 Deus:
3560 2156 3617 2199 et

2047 2245 2116 2299 ab
2145 2246 2277 2314 ipsis
2304 2253 2577 2299 cantatum
2611 2256 2733 2297 esse
2764 2243 3023 2312 hymnum
3073 2240 3221 2294 illum
3245 2256 3260 2294 :
3287 2236 3471 2291 Gloria
3500 2235 3614 2306 (64)

2045 2339 2101 2391 in
2122 2336 2395 2391 altissimis
2426 2336 2557 2403 Deo,
2589 2346 2635 2389 et
2656 2336 2714 2389 in
2741 2345 2878 2388 terra
2908 2349 3037 2403 pax,
3065 2334 3121 2386 in
3159 2331 3456 2386 hominibus
3480 2330 3617 2383 bona

2046 2429 2306 2485 voluntas.
2342 2427 2478 2482 Eum
2525 2441 2652 2483 vero
2696 2425 3045 2495 praedicat-um
3098 2422 3300 2479 essein
3349 2423 3451 2476 hoc
3493 2421 3619 2474 uni-

2048 2537 2229 2587 verso,
2260 2521 2595 2576 etcreditum
2625 2532 2746 2573 esse
2774 2517 2943 2583 addit,
2979 2516 3107 2586 quia
3135 2516 3227 2585 qui
3253 2530 3318 2569 ex
3362 2512 3615 2568 ineﬁ‘abili

2047 2614 2167 2669 luce
2201 2615 2270 2669 ab
2298 2623 2500 2668 aeterno
2526 2611 2716 2677 eluxit,
2746 2623 2777 2665 e
2808 2622 3021 2679 semper
3046 2606 3264 2677 Virgine
3289 2605 3404 2677 (65)
3439 2612 3618 2675 poste-

2053 2705 2289 2760 rioribus
2322 2703 2653 2769 temporibus
2691 2703 2761 2756 ob
2791 2714 2943 2756 suam
2976 2697 3359 2768 benignitatem
3409 2696 3463 2749 in
3519 2696 3617 2749 ho-

2054 2798 2226 2851 mines
2263 2792 2607 2849 ineﬁ‘abiliter
2636 2801 2793 2847 natus
2829 2800 2933 2855 est,
2982 2804 3047 2844 ac
3084 2788 3266 2843 omnia
3318 2789 3371 2842 in
3417 2796 3619 2842 semet-

2053 2889 2168 2958 ipso
2210 2886 2594 2949 manifestavit,
2651 2899 2773 2953 qua:
2822 2882 2999 2939 Patris
3048 2892 3193 2938 sunt.
3249 2881 3314 2935 Et
3347 2895 3471 2935 eum
3525 2882 3616 2950 qui

2053 2981 2234 3037 omnia
2264 2978 2695 3048 comprehendit,
2731 2978 3041 3033 ascendisse
3088 2977 3164 3028 ait
3210 2975 3264 3029 in
3311 2974 3504 3045 gloria,
3564 2977 3618 3027 in

380 3074 532 3125 κόντι
735 3071 1015 3143 ὁμοούσιος
1036 3088 1049 3101 °
1094 3070 1293 3136 Ἰούδας
1341 3071 1398 3124 δὲ
1425 3074 1454 3125 ὁ
1475 3074 1556 3135 εἰς
1587 3072 1713 3134 τοὺς
1735 3071 1950 3125 δυοκαί-

2053 3089 2160 3145 qua
2189 3087 2404 3143 semper
2429 3070 2533 3126 fuit
2557 3087 2678 3126 cum
2723 3071 2851 3125 Deo.
2898 3069 3027 3124 Fide
3071 3082 3248 3123 autem
3297 3068 3489 3136 dignus
3537 3074 3620 3120 est

391 3252 727 3320 iustiﬁcatam
755 3260 828 3303 est
857 3256 909 3305 in
936 3249 1152 3317 Spiritu.
1183 3270 1202 3304 ι
1246 3250 1403 3304 Hunc
1430 3253 1567 3305 enim
1598 3261 1826 3305 mutasse
1859 3253 1948 3304 ubi

394 3324 563 3381 habet.
587 3322 666 3385 ὃς,
693 3322 748 3373 id
771 3332 865 3383 est,
895 3323 1007 3390 qui,
1032 3321 1441 3390 monmyllabum
1484 3320 1745 3385 Griecum,
1773 3323 1947 3375 littera

394 3338 563 3381 quaet.
587 3338 666 3385 ος,
693 3338 746 3373 ia
771 3338 865 3383 est,
895 3338 1007 3390 qui,
1032 3338 1205 3374 manas
1246 3338 1441 3373 uanum
1484 3338 1745 3385 ιιι-ιρειιηι,
1773 3338 1947 3375 littera

389 3402 592 3445 mutata
622 3409 650 3444 ο
679 3392 730 3443 in
755 3408 820 3448 ω.
844 3393 1074 3449 vertisse.
1108 3401 1155 3443 et
1198 3338 1380 3460 [icisse
1413 3391 1508 3458 ὡς,
1549 3392 1601 3445 id
1633 3404 1704 3445 est
1735 3402 1790 3445 ut
1822 3402 1949 3445 esset

389 3463 552 3522 Deus,
586 3460 827 3528 apparuit
855 3476 946 3529 per
972 3476 1199 3515 carnem.

460 3528 643 3603 (62)}?
646 3528 910 3598 armaque.
942 3531 995 3583 In
1020 3530 1608 3603 Grai-co,avez6661:-qta.
1634 3529 1767 3586 Cum
1790 3544 1951 3599 porro

390 3601 530 3668 apud
556 3601 886 3655 Clementem
918 3606 967 3654 in
997 3609 1188 3669 quarto
1210 3601 1536 3655 Stromatum
1562 3602 1767 3668 legatur
1791 3615 1952 3654 voca-

399 3672 603 3733 bulum,
635 3669 889 3734 ἀνείδεος,
922 3671 1137 3738 conﬁcit
1165 3670 1774 3795 Sylhnrgiuslegendum
1806 3685 1947 3735 esse,

399 3741 622 3795 ἀνεδεος.
646 3752 703 3794 ιιι
732 3742 801 3794 sit
830 3757 931 3794 non
955 3756 983 3794 a
1027 3754 1152 3793 voce
1179 3758 1203 3792 ε
1228 3742 1336 3795 δος.
1368 3741 1461 3794 sed
1498 3757 1525 3793 a
1553 3754 1681 3794 voce
1722 3739 1852 3794 ἰδέα.
1882 3741 1947 3794 ΑΙ

399 3741 622 3804 ἀνεδεος,
646 3752 703 3794 ιιι
732 3742 801 3794 sit
830 3757 931 3794 non
955 3756 983 3794 a
1027 3754 1152 3793 voce
1179 3739 1336 3803 εἶδος,
1368 3741 1475 3807 sed
1498 3757 1525 3793 a
1553 3739 1681 3794 voce
1722 3739 1852 3794 ἰδέα.
1882 3741 1954 3794 At

396 3827 499 3865 Vox
527 3812 745 3879 quidem
782 3810 1015 3873 ἀνείδεος
1049 3812 1097 3862 in
1124 3814 1348 3866 vetustis
1372 3811 1728 3878 scriptoribus
1753 3811 1952 3877 smpius

392 3882 652 3938 ocemrit.
698 3897 794 3950 vos
838 3897 960 3933 vero
1002 3881 1206 3945 ἀνίδεος
1250 3882 1387 3934 haud
1446 3882 1559 3935 scio
1615 3896 1681 3933 an
1728 3896 1950 3950 usquam

393 3951 721 4018 reperiatur.
753 3948 933 4019 Neque
962 3966 1090 4006 vero
1121 3951 1334 4006 censori
1367 3950 1503 4005 alias
1534 3966 1563 4005 ιι
1604 3964 1691 4004 me
1715 3948 1955 4006 comme-

395 4031 612 4075 morato
660 4032 771 4090 not.
807 4021 900 4085 40,
962 4036 1083 4090 pag.
1121 4022 1209 4086 55,
1244 4021 1491 4076 assentiri
1551 4034 1787 4089 possum,
1837 4020 1951 4089 qui,

395 4091 617 4145 tametsi
642 4089 725 4142 vel
765 4089 1104 4146 membranas
1139 4093 1300 4160 ipsas.
1332 4106 1361 4143 e
1394 4091 1588 4160 quibus
1623 4106 1759 4159 opus
1791 4091 1956 4145 hocce

392 4160 808 4228 exscripseram,
841 4161 980 4214 Petri
1001 4160 1284 4216 Lombardi
1311 4168 1467 4229 aetate
1487 4162 1817 4229 antiquiores
1836 4175 1957 4216 esse

399 4230 749 4292 monuissem,
803 4231 852 4283 in
898 4229 1143 4285 Parisina
1197 4243 1372 4289 tamen
1405 4228 1749 4297 Ephemeride
1792 4245 1953 4298 supe-

400 4302 559 4353 rioris
589 4299 716 4352 anni
754 4298 887 4353 1764
927 4303 1042 4355 haec
1070 4301 1285 4370 scripsit
1313 4317 1328 4354 :
1359 4298 1458 4354 Les
1500 4312 1630 4353 mots
1663 4302 1787 4353 dont
1817 4300 1955 4352 l’uu—

400 4381 515 4423 tear
539 4370 632 4423 des
662 4371 788 4423 trois
821 4371 973 4425 lieres
998 4387 1054 4425 se
1083 4380 1212 4433 sert,
1243 4370 1689 4440 n’appartiennent
1716 4371 1858 4438 point
1885 4386 1956 4423 au

401 4441 532 4534 style
551 4440 633 4534 ,Διί
667 4440 955 4534 ινοέὶἐεικ
985 4443 1114 4534 mars
1145 4441 1260 4495 bien
1350 4450 1480 4534 felle
1501 4440 1833 4534 sculus't‘ique,
1864 4442 1955 4509 qui
1985 4478 2032 4534 Β

401 4528 464 4561 sse
486 4511 567 4579 [ιιι
594 4509 821 4562 inventée
846 4526 943 4579 que
964 4512 1225 4578 plusieurs
1248 4510 1421 4563 siécles
1449 4510 1617 4578 aprés.
1654 4507 1764 4562 Par
1785 4507 1958 4563 exem-

398 4580 502 4647 ple.
539 4578 674 4651 Dieu
701 4595 734 4648 y
754 4590 827 4632 est
854 4578 1033 4649 appele
1058 4579 1325 4651 ἀμέγεθες
1359 4580 1785 4651 (emendandum
1816 4592 1961 4651 typo-

401 4650 595 4716 ιιι-ειμιιί
629 4647 984 4710 erratum,“
1016 4647 1293 4720 legendum
1327 4647 1637 4720 ἀμεγέθης)
1674 4649 1770 4702 καὶ
1814 4647 1959 4704 ἆνεί-

400 4720 539 4781 δεος,
574 4734 700 4771 suns
727 4720 984 4788 grandeur
1014 4718 1224 4774 et'sans
1259 4720 1443 4787 fornae.
1488 4718 1718 4773 N’esl-ce
1765 4737 1860 4788 pas
1906 4721 1960 4775 ιὰ

404 4806 503 4841 sine
536 4788 725 4856 phrase
758 4791 821 4842 de
846 4786 1028 4844 Pierre
1053 4786 1315 4844 Lombard
1335 4828 1351 4853 ,
1389 4805 1457 4842 ou
1484 4790 1547 4841 de
1566 4786 1781 4858 que/que
1807 4803 1958 4845 autre

403 4859 690 4930 theologica
743 4859 805 4910 de
854 4876 947 4930 son
993 4861 1192 4926 temps?
1233 4862 1305 4912 De
1335 4872 1484 4930 voce
1524 4860 1801 4930 ἀμεγέθης
1848 4862 1957 4914 dixi

409 4938 516 5001 not.
532 4928 606 4981 65
628 4928 692 4981 ad
710 4943 826 4998 pag.
844 4928 932 4993 59,
958 4925 1268 5001 etad’segm.
1285 4928 1415 4984 51η.
1443 4925 1797 4984 Vocein'ver'o
1823 4930 1960 5001 ἀνεί-

405 4997 543 5070 δεος,
578 5010 633 5070 ιιι
657 5000 759 5052 aha
787 4997 1031 5070 omittam
1063 4997 1342 5068 exempla,
1388 5001 1627 5070 reperiet
1664 5015 1857 5055 censor
1903 5000 1956 5055 in

408 5067 725 5133 Jamblicho,
767 5077 816 5121 et
849 5070 898 5122 in
931 5069 1166 5124 Sallustii
1201 5067 1335 5124 libro
1376 5067 1472 5122 De'
1495 5070 1596 5122 diis
1627 5081 1673 5123 et
1737 5071 1954 5133 mundo,

412 5154 532 5206 cap.
568 5138 779 5209 smptu
818 5140 928 5193 haec
970 5141 1187 5209 scripsit
1212 5158 1227 5195 :
1255 5140 1339 5209 Ei,
1367 5139 1423 5193 δὲ
1469 5139 1702 5193 ἀνείδεον
1740 5139 1957 5209 λέγουσι

415 5209 514 5280 μὲν
542 5208 633 5281 τὴν
664 5207 818 5278 ὓλην,
848 5226 900 5261 κ.
926 5227 978 5264 τ.
1007 5209 1057 5262 λ.
1080 5207 1137 5265 id
1164 5221 1244 5264 est
1271 5227 1284 5263 :
1319 5208 1374 5264 Si
1396 5227 1511 5265 vero
1535 5207 1957 5281 materiam’qui-

409 5284 527 5331 deus
550 5280 717 5346 [arma
740 5290 1001 5350 carentem
1038 5281 1240 5342 dicunt,
1266 5293 1372 5335 etc.
1390 5281 1721 5350 Athanasius
1743 5280 1958 5350 quoque

408 5361 535 5404 tom.
564 5351 625 5412 ll,
657 5366 777 5419 pag.
813 5349 936 5417 598,
967 5350 1202 5405 ἀνείδεον
1226 5350 1359 5403 Θεόν
1387 5353 1540 5404 dixit.
1573 5353 1649 5405 Ac
1670 5349 1958 5405 Tertullia-

402 5436 529 5487 nus,
564 5421 655 5474 lib.
690 5426 808 5476 adv.
836 5419 1004 5475 Prux.
1041 5438 1159 5490 cap.
1189 5420 1281 5487 27,
1319 5436 1440 5476 eum
1467 5421 1956 5489 vocavitinforma-

398 5492 575 5544 bilem.
607 5492 873 5547 Caeterum
900 5493 944 5544 si
974 5490 1056 5544 vel
1086 5507 1247 5544 unum
1275 5506 1343 5544 ex
1367 5493 1616 5546 omnibus
1640 5491 1917 5546 vacabulis
1938 5531 1954 5555 ,

396 5566 522 5630 quae
579 5578 684 5616 non
732 5564 887 5614 modo
946 5563 1001 5615 in
1052 5576 1170 5615 meo
1212 5563 1280 5614 ad
1329 5561 1637 5616 Archimum
1682 5562 1956 5629 prwsulem

399 5632 644 5699 Epistolis
673 5631 850 5697 attuli,
878 5635 974 5685 sed
1009 5631 1170 5700 etiam
1198 5632 1252 5685 in
1280 5641 1391 5686 toto
1440 5633 1541 5686 hoc
1574 5645 1737 5700 opere
1768 5646 1957 5685 occur-

342 5734 353 5739 -
398 5712 545 5770 runt,
578 5712 676 5773 aut
704 5703 1001 5771 quidquam
1032 5699 1208 5773 aliud,
1259 5700 1470 5773 Didymi
1501 5699 1657 5756 actate
1688 5700 1957 5754 recentius

397 5772 700 5828 ostenderit
739 5786 949 5836 censor,
998 5771 1245 5837 equidem
1274 5771 1418 5828 serio
1447 5773 1701 5840 polliceor
1730 5786 1815 5825 me
1847 5781 1955 5824 sta-

402 5854 495 5897 tnn
531 5861 562 5898 e
607 5841 877 5900 sententia
925 5845 1311 5899 decessurum:
1343 5843 1473 5898 nihil
1518 5844 1661 5897 enim
1722 5843 1946 5908 veritate

2056 3251 2187 3321 mihi
2241 3251 2440 3321 potius,
2502 3249 2971 3321 nihilantiquius.
3019 3247 3221 3321 Legat,
3270 3261 3472 3314 quaeso.
3512 3246 3619 3300 alia

2053 3318 2265 3391 Didymi
2300 3336 2487 3388 opera,
2521 3335 2585 3373 ac
2615 3319 2766 3389 plura
2819 3323 2871 3372 in
2913 3318 2978 3373 iis
3023 3318 3262 3371 inveniet
3307 3331 3426 3385 qua:
3463 3322 3618 3371 srlio-

2051 3392 2235 3445 laslica
2262 3393 2310 3445 ei
2343 3391 2681 3444 videbuntur.

2123 3460 2235 3529 (63)
2275 3459 2342 3513 In
2381 3460 2677 3528 Scriptura.
2714 3458 2733 3512 Ι
2765 3458 2905 3513 Tim.
2940 3473 2982 3523 I,
3012 3457 3098 3512 17.

2124 3529 2233 3601 (64)
2272 3529 2475 3601 Gloria.
2513 3531 2643 3585 Luc.
2680 3545 2739 3591 It,
2776 3530 2862 3601 id.

2128 3599 2239 3673 (65)
2280 3599 2493 3668 Semper
2526 3601 2762 3673 ιιξιοςιιιιις.⁸
2792 3600 2908 3673 Quo
2957 3607 3196 3673 tempore
3239 3600 3621 3673 sic__[tidymus

2058 3662 2413 3741 loquebatur,
2473 3662 2662 3727 eoile'm
2715 3662 2934 3741 circiter
2989 3662 3251 3741 adversus
3296 3662 3619 3741 llelvi'dium

2060 3738 2335 3796 scribebat
2359 3738 2716 3811 Hieronymus
2751 3740 2945 3793 librum
2978 3738 3055 3792 De
3085 3739 3244 3792 beatis
3266 3739 3475 3811 Maria:
3515 3742 3623 3795 vir—

2056 3812 2281 3883 ginitate
2327 3810 2574 3883 perpetua
2628 3810 2942 3883 inscriptum
2991 3827 3005 3863 :
3043 3822 3209 3883 atque
3224 3882 3227 3883 ν
3263 3810 3366 3865 hoc
3428 3814 3619 3883 dogma

2060 3879 2355 3936 Eunomius
2388 3882 2573 3947 etiam,
2604 3890 2661 3934 ut
2695 3894 2761 3934 ex
2788 3880 3131 3949 l‘hilostorgii
3178 3879 3313 3933 libro
3334 3882 3335 3885 “
3356 3897 3405 3935 γι
3456 3879 3620 3935 testa-

2061 3962 2150 4006 tur
2183 3950 2427 4015 Photius,
2460 3951 2798 4019 impudenter
2836 3948 3132 4020 rejiciebat.
3192 3948 3392 4005 Nomen
3435 3967 3617 4020 porro.

2072 4019 2473 4092 Ἀειπαρθένος.
2506 4031 2634 4074 ante
2664 4021 2950 4092 Didymum
2975 4036 3000 4072 a
3029 4019 3269 4092 pluribus
3288 4036 3411 4073 cum
3433 4019 3622 4092 ethni-

2058 4096 2161 4153 cis,
2192 4089 2304 4145 tum
2340 4091 2659 4146 Christianis
2684 4089 3038 4160 scriptoribus
3078 4089 3375 4144 adhibitum
3424 4090 3618 4153 fuerat,

2058 4179 2123 4217 ac
2152 4162 2218 4216 iis
2249 4163 2509 4217 tributum
2539 4162 2772 4230 leiliittis.
2807 4176 2926 4230 quae
2955 4168 3048 4230 aut
3086 4175 3359 4228 nunquam
3408 4162 3622 4228 nupsis-

2057 4242 2199 4294 sent,
2241 4241 2335 4286 aut
2376 4242 2689 4300 perpetuam
2751 4229 2860 4283 Deo
2911 4229 3297 4300 virginitatem
3324 4231 3617 4300 vovissent.

2057 4300 2172 4357 Hoc
2216 4298 2390 4357 sensu
2427 4298 2709 4355 adhibetur
2755 4317 2783 4353 a
2828 4300 3016 4362 Dione,
3071 4298 3355 4367 Sophocle,
3388 4298 3620 4353 Eusebio

2058 4372 2395 4435 Caesariensi,
2448 4371 2653 4440 lgnatio
2694 4382 2953 4441 martyre,
3002 4371 3158 4441 etab
3186 4370 3323 4422 aliis.
3369 4373 3618 4423 Attamen

2060 4443 2217 4512 paulo
2267 4439 2555 4512 antequam
2628 4439 3020 4512 haecgdi'ctare}
3062 4439 3324 4512 Didymus
3347 4478 3371 4512 ,_
3422 4454 3618 4512 noineu

2060 4506 2187 4567 illud
2241 4506 2497 4580 peculiari
2553 4514 2717 4564 modo
2764 4510 2935 4580 beatas
2983 4508 3075 4580 Dei
3126 4506 3373 4580 genitricj
3415 4508 3621 4580 Mariae

2061 4576 2384 4637 attribuerat
2415 4596 2641 4650 magnus
2676 4580 2764 4633 ille
2809 4576 3080 4647 Orlgeuis,
3130 4576 3292 4650 atque
3329 4577 3621 4650 Origenia-

2060 4667 2252 4706 norum
2297 4644 2637 4706 adversarius
2677 4644 3004 4720 Epiphanius
3042 4650 3106 4720 iu_
3137 4644 3373 4720 Panario
3428 4644 3620 4703 [heresi

2059 4736 2298 4788 Lxxvm,
2378 4736 2497 4790 quas
2573 4729 2657 4774 est
2720 4718 3423 4790 Antidicomariauitarum,
3491 4734 3617 4789 pag.

2060 4791 2196 4847 1057
2232 4794 2363 4846 edit.
2395 4787 2685 4844 'Colonien.
2738 4788 2865 4842 anui
2916 4787 3076 4847 1682.
3138 4787 3228 4840 ubi
3276 4787 3615 4854 scripserat:

2059 4862 2229 4915 Κενὸν
2275 4861 2381 4931 γάρ
2426 4878 2479 4913 τι
2518 4859 2700 4931 ἀκούω
2740 4859 2875 4931 περι
2908 4859 3006 4929 τῆς
3045 4857 3204 4931 ἁγίας
3250 4858 3486 4931 Μαρίας*
3518 4859 3620 4930 τῆς

2073 4934 2261 4985 Ἀειπα
2287 4928 2453 4985 θένου
2478 4929 2602 4983 τινὰ
2623 4928 2971 4983 διανοείοθαιέ
3008 4944 3126 4997 qua:
3154 4929 3232 4981 sic
3262 4930 3421 4981 vertit
3465 4928 3622 4983 Peta—

2073 5007 2179 5054 rins
2210 5020 2224 5054 :
2259 4949 2463 5054 Etenim
2495 5002 2665 5054 nescio
2697 5016 2850 5054 auem
2875 5001 3036 5052 audio
3066 4999 3315 5052 adversus
3344 4999 3619 5052 sanctissi-

2062 5007 2179 5057 vius
2210 5020 2224 5055 :
2259 4999 2463 5057 Etenim
2495 5002 2665 5054 nescio
2685 5016 2850 5070 quem
2875 5001 3036 5070 audio
3066 4999 3619 5070 adversussanetissi-

2026 5100 2027 5103 η
2060 5089 2199 5125 mam
2228 5087 2625 5141 perpetuamque
2657 5067 2929 5141 Virginem,
2952 5067 3180 5141 Mariam
3208 5068 3469 5141 meditari.
3489 5084 3621 5141 non-

2058 5138 2401 5209 nihil.'Quod
2427 5142 2473 5195 si
2513 5138 2690 5194 ιιυιιιιι
2722 5139 3049 5209 Ρειιειιειίιιιη
3069 5138 3343 5209 Pelagiani
3377 5139 3618 5208 quidem,

2060 5215 2152 5267 sed
2176 5207 2466 5282 pervetusti
2497 5210 2760 5282 auctoris,
2776 5209 2978 5282 librum
3023 5207 3497 5282 De_ﬁde_allegare
3526 5209 3621 5282 hic

2060 5277 2206 5347 licet,
2237 5284 2282 5337 is
2305 5297 2518 5352 quoque
2547 5298 2698 5335 num.
2736 5281 2807 5334 45
2822 5281 3018 5352 scribit
3040 5297 3076 5352 ξΔ
3100 5278 3183 5332 Ea:
3206 5277 3394 5332 Maria
3409 5280 3618 5352 quidem

2058 5368 2258 5419 semper
2278 5349 2473 5419 virgine
2498 5368 2684 5419 corpus
2720 5351 2995 5419 accipiens.
3039 5349 3103 5402 Et
3137 5352 3294 5416 paulo
3338 5359 3458 5417 post
3486 5367 3499 5402 :
3538 5350 3619 5401 Ea:

2058 5423 2171 5488 ipsa
2196 5438 2397 5489 semper
2436 5419 2644 5489 Virgine
2669 5423 2902 5475 nascitur
2935 5423 3108 5474 homo.
3134 5420 3329 5473 Verum
3360 5421 3615 5488 tempori-

2059 5494 2159 5546 bus
2183 5494 2403 5562 Didymo
2421 5493 2805 5561 posterioribus
2830 5492 3061 5544 maxime
3093 5492 3315 5544 invaluit
3333 5491 3614 5562 idnomeu,

2061 5575 2119 5615 ut
2154 5561 2290 5616 nihil
2314 5562 2646 5631 frequentius
2683 5571 2953 5626 occurrat,
2987 5576 3146 5630 quam
3180 5575 3356 5631 voces,
3383 5561 3618 5631 ᾁειρηαρ·

2059 5631 2229 5698 θένος,
2265 5640 2320 5687 et
2346 5628 2543 5699 semper
2566 5633 2730 5703 virgo,
2762 5633 2816 5685 in
2851 5628 3075 5694 Graecis,
3118 5645 3197 5703 ac
3225 5629 3425 5703 latinis
3462 5628 3619 5703 litur-

2059 5707 2182 5773 giis,
2217 5703 2550 5777 utttipltonis,
2576 5699 2933 5777 orationibus,
2953 5710 3117 5770 atque
3137 5701 3271 5777 adeo
3298 5700 3351 5753 in
3383 5699 3617 5777 synodo-

2060 5767 2180 5827 rum
2209 5767 2365 5837 actis,
2405 5784 2459 5828 et
2487 5767 2797 5828 sanctorum
2824 5767 3046 5826 Patrum
3091 5772 3365 5839 operibus,
3415 5767 3509 5823 ubi
3552 5772 3617 5823 do

2053 5845 2209 5899 beata
2250 5843 2413 5898 Maria
2454 5859 2632 5901 sermo
2680 5846 2769 5899 sit.
2805 5843 2933 5897 Vide
2960 5857 3127 5912 scgm.
3167 5840 3268 5894 165
3295 5856 3349 5893 a.
