4082 6410
297 400 386 454 109
1467 406 1561 461 DE
1593 403 1976 461 TRINITATE
2014 400 2215 457 LIBER
2256 397 2536 454 PRIMUS.

3513 386 3622 447 “0

293 515 389 572 τῶν
412 517 656 571 οἰκείων
709 518 926 591 ἔργων
974 521 1392 587 ἐπιδεικνύντες,
1437 521 1799 585 διδάσκουσιν,
1856 520 1938 572 ὅτι

2044 532 2160 571 rum
2196 515 2365 583 ipsius
2378 521 2751 568 creaturarum
2777 506 3220 577 gubernationem
3262 504 3419 559 nobis
3446 515 3625 560 osten-

296 610 444 673 αὐτὸς
470 611 603 664 ἐστι
628 612 874 677 παντδς
911 612 1131 683 ἀγαθοῦ
1158 612 1505 684 παρεκτικὸς,
1540 614 1634 665 καὶ
1661 612 1774 681 φῶς
1805 612 1945 679 ἀγα-

296 701 516 765 θοειδὲςς
549 703 661 756 καὶ
717 704 1112 772 ἀγαθοποιὸν,
1165 707 1256 758 καὶ
1298 705 1447 775 ἥλιος
1500 704 1711 775 νοητὸς,
1741 703 1819 773 τῷ
1849 703 1942 771 ἀφ’

298 793 484 846 ἑαυτοῦ
518 793 778 865 ἀλήκτῳ
818 797 982 865 φωτὶ
1032 795 1473 868 ἀπολαμπρύνων
1497 796 1566 849 τὰ
1588 795 1813 866 ὄμματα
1837 794 1945 847 τῶν

298 884 548 938 ἀπλανῶν
611 887 725 939 xa‘t
754 886 1055 941 δεκτικῶν
1086 887 1290 958 ψυχῶν,
1319 888 1414 941 καὶ
1444 887 1577 940 εἵσω
1619 887 1720 956 τῆς
1748 885 1947 956 νοητῆς

304 975 445 1044 ᾰγων
472 978 833 1049 περιωπῆς,
860 981 968 1032 καὶ
1016 979 1185 1033 ποιῶν
1227 982 1380 1051 ὁρᾷν,
1409 978 1446 1033 ἃ
1478 979 1550 1051 μὴ
1586 979 1849 1051 πρότερον
1876 973 1943 1029 δι’

312 1069 575 1139 ἁμαρτίας
610 1071 777 1141 ὁρᾷν
840 1070 973 1125 καθ’
1006 1071 1143 1125 αὐτὰ
1180 1073 1443 1139 ἐπεφύκει
1464 1088 1478 1101 ·
1516 1070 1548 1142 ἢ
1581 1070 1675 1123 καὶ
1703 1069 1822 1123 ὅλον
1850 1069 1943 1122 τὸν

317 1162 491 1232 ἄρτιον
515 1160 846 1233 ἄνθρωπον
870 1163 1139 1233 φωτοειδῆ
1162 1162 1346 1226 ποιῶν,
1373 1162 1449 1225 ὡς
1481 1164 1510 1216 ὁ
1530 1162 1681 1232 ἥλιος
1708 1159 1941 1231 ἡλιοειδῆ

322 1253 385 1304 τὰ
423 1252 657 1322 σώματα
690 1254 778 1307 τὰ
810 1257 876 1309 ὲν
894 1249 979 1320 οἷς
1008 1255 1363 1326 παραγίνεται
1384 1272 1400 1288 ο
1431 1254 1512 1308 ἔτι
1532 1253 1589 1307 δὲ
1620 1255 1702 1308 ὅτι
1733 1254 1827 1307 καὶ
1863 1252 1945 1306 ία-

326 1362 424 1408 σις,
468 1346 564 1398 καὶ
597 1344 917 1420 θησαυρὸς
948 1347 1137 1416 σοφίας
1180 1347 1273 1399 καὶ
1307 1344 1562 1415 γνώσεως
1599 1345 1943 1414 ἀδαπάνητος

332 1437 418 1487 καὶ
444 1436 793 1508 πανταρκὴς
814 1438 1102 1507 τυγχάνει.
1134 1438 1242 1491 Καὶ
1268 1438 1318 1489 οἱ
1362 1436 1491 1505 περὶ
1527 1435 1688 1487 αὑτὸν
1719 1435 1942 1507 εἱλικρι-

335 1523 437 1584 νιῖις
461 1524 843 1595 διακείμενοι,
871 1526 951 1589 ὡς
972 1526 1066 1580 καὶ
1087 1528 1212 1598 περὶ
1242 1526 1334 1579 τὸν
1367 1525 1587 1595 Πατέρα
1612 1524 1797 1587 αὐτοῦ,
1834 1524 1942 1577 υἱοὶ

344 1615 513 1683 φωτὸς
542 1616 829 1683 γίνονται,
861 1616 1008 1671 καθὰ
1035 1618 1139 1670 υἱοὶ
1162 1615 1255 1669 τοῦ
1281 1616 1416 1669 Θεοῦ
1454 1616 1667 1687 Πατρός
1687 1633 1702 1647 ν
1729 1616 1804 1679 ὡς
1822 1615 1940 1687 ἠνί-

349 1721 419 1757 κα
442 1705 935 1777 διακηρύττουσιν,
967 1706 1248 1778 Μαλαχίας
1280 1707 1380 1777 μέν
1399 1721 1412 1734 ·
1454 1706 1753 1761 Ἇνατελεῖ
1772 1706 1936 1776 ὑμῖν,

352 1793 471 1861 τοῖς
501 1797 909 1867 φοϐουμένοις
947 1798 1014 1851 τὸ
1042 1798 1227 1867 ὄνομά
1258 1817 1400 1868 μου,
1436 1798 1606 1865 ἥλιος
1630 1798 1936 1853 δικαιοσύ-

2050 610 2200 673 dant,
2239 609 2455 670 docent,
2493 605 2667 673 ipsum
2697 600 2933 666 cujusvis
2961 600 3085 653 boni
3118 598 3424 666 largitorem
3457 611 3620 664 esse;

2047 708 2103 753 et
2127 699 2368 753 bonitate
2398 695 2674 763 praeditam
2716 689 2851 761 (81),
2880 691 3254 757 bonorumque
3289 687 3620 743 ell'ectricem

2049 790 2259 853 lucem;
2285 798 2342 843 et
2383 788 2667 858 mysticum
2699 785 2893 849 solem,
2922 782 3011 851 qui
3049 781 3374 835 indelicienti
3420 780 3623 834 lumine

2047 897 2078 936 a
2108 896 2168 935 se
2200 882 2317 948 ipso
2372 883 2659 932 cmanante
2706 873 3059 928 inerrantium
3100 870 3233 942 (ει),
3273 871 3623 938 ejusdemque

2048 972 2265 1026 luminis
2314 970 2593 1038 capacium
2643 969 2945 1020 animarum
2994 963 3181 1018 oculos
3233 962 3517 1025 illuminat,
3568 969 3624 1014 et

2047 1064 2191 1116 intra
2227 1061 2507 1132 mysticam
2539 1058 2812 1128 speculam
2845 1057 3012 1124 degit,
3043 1069 3109 1108 ac
3143 1069 3227 1117 ea,
3256 1068 3377 1122 qua:
3400 1053 3470 1108 ob
3495 1067 3622 1120 pec-

2046 1165 2167 1209 cata
2188 1154 2258 1207 ita
2290 1153 2443 1223 prius
2466 1159 2778 1218 comparata
2805 1156 2982 1213 erant,
3010 1158 3069 1200 ut
3104 1149 3215 1216 ipsa
3239 1162 3334 1215 per
3354 1161 3413 1201 se
3435 1146 3622 1200 videre

2045 1263 2150 1301 non
2183 1254 2421 1316 possent,
2452 1241 2666 1296 videndi
2699 1240 2954 1294 facultate
2998 1240 3179 1301 donat,
3213 1247 3308 1290 aut
3339 1237 3502 1290 etiam
3539 1246 3623 1289 to-

2051 1346 2161 1390 tum
2199 1335 2498 1404 perfectum
2529 1332 2799 1386 hominem
2829 1331 3063 1384 lucidqu
3094 1328 3247 1391 facit,
3280 1330 3422 1383 sicut
3459 1339 3515 1382 et
3540 1328 3622 1382 sol

2042 1428 2217 1491 clara,
2254 1414 2471 1494 sibique
2503 1424 2699 1477 similia
2731 1424 2906 1478 reddit
2931 1436 3185 1491 corpora,
3220 1421 3287 1475 ad
3333 1434 3453 1489 qua:
3496 1435 3622 1487 per-

2044 1524 2220 1592 tingit.
2261 1521 2395 1574 Eum
2432 1521 2649 1587 insuper
2683 1529 2738 1572 et
2770 1518 3108 1572 sanationem
3133 1528 3257 1569 esse
3301 1513 3519 1577 docent,
3567 1521 3626 1567 et

2044 1616 2351 1668 thesaurum
2410 1612 2685 1679 sapientise
2752 1621 2809 1663 et
2878 1608 3118 1663 scientia!
3188 1606 3621 1672 inexhaustum,

2040 1721 2335 1775 onmesque
2378 1704 2656 1774 juvantem
2697 1701 2830 1770 (85).
2866 1702 2944 1755 Ac
2971 1701 3184 1754 demum
3231 1712 3343 1759 eos,
3374 1696 3464 1766 qui
3492 1709 3622 1765 erga

2043 1799 2243 1865 ipsum,
2272 1798 2413 1852 sicut
2441 1809 2568 1864 erga
2602 1793 2816 1849 Patrem
2861 1793 2999 1861 ejus,
3051 1793 3265 1847 sincero
3314 1790 3497 1842 animo
3542 1788 3624 1840 af-

355 1904 485 1954 νης,
527 1888 634 1943 καὶ
673 1889 846 1955 hunc
876 1890 946 1943 ἐν
975 1890 1106 1957 ταῖς
1161 1891 1445 1960 πτέρυξιν
1475 1892 1682 1946 αὐτοῦ.
1736 1893 1938 1964 Πέτρος

2046 1886 2169 1940 fecti
2196 1895 2341 1952 sunt,
2371 1885 2509 1940 ﬁlios
2538 1886 2673 1939 lucis
2703 1899 2826 1938 esse
2855 1884 3026 1948 aiunt,
3061 1883 3200 1936 sicut
3235 1880 3328 1933 lilii
3374 1888 3497 1934 sunt
3528 1877 3620 1932 Dei

353 1979 431 2043 δὲ,
455 1982 515 2034 ὲν
536 1984 605 2052 τῇ
633 1981 870 2053 δευτέρᾳ
911 1982 1229 2053 Ἐπιστολῇ·
1266 1983 1415 2050 Ἕως
1461 1981 1532 2039 οὗ
1564 1983 1753 2053 ἡμέρα
1777 1984 1940 2040 διαυ-

357 2072 539 2141 τάσῃ,
570 2072 673 2125 καὶ
706 2074 1031 2142 Φωσφόρος
1062 2074 1343 2144 ἀνατείλῃ
1402 2075 1471 2129 ἐν
1493 2075 1625 2142 ταῖς
1671 2076 1942 2146 καρδίαις

356 2159 545 2230 ὑμῶν.
586 2162 817 2230 Ἔλεγεν
858 2163 936 2230 δὲ,
959 2158 1135 2235 οἶμαι,
1162 2165 1255 2218 τὸν
1294 2166 1404 2219 ἀπὸ
1431 2170 1529 2238 τῆς
1555 2167 1814 2239 δευτέρας
1845 2170 1941 2223 αὐ-

354 2250 452 2302 τοῦ
485 2252 809 2321 ἐπιφανείας
838 2252 1078 2324 ἀνίσχειν
1112 2253 1372 2324 μέλλοντα
1401 2259 1522 2319 ταῖς
1553 2255 1752 2328 ψυχαῖς
1774 2274 1941 2328 φωτι-

358 2341 516 2411 σμὸν,
540 2343 638 2395 καὶ⁵
663 2342 841 2397 πάντα
859 2345 1358 2416 καταφαιδρύνοντα
1385 2347 1455 2400 τὰ
1480 2348 1654 2416 σκότῳ
1678 2365 1944 2421 κεκρατη-

358 2437 520 2506 μένα.
549 2437 665 2489 Καὶ
697 2436 954 2508 ἑτέρωθι⁸
1010 2439 1118 2493 Καὶ
1175 2442 1214 2509 ἠ
1244 2440 1395 2505 δόξα
1452 2442 1672 2510 Κιιοίου
1708 2443 1808 2496 ἐπὶ
1866 2442 1942 2496 σὲ

352 2527 789 2582 ἀνατέταλκεν.
843 2529 1109 2601 Ζαχαρίας
1157 2520 1236 2585 δίε⁸
1268 2537 1671 2605 προεφήτευσεν
1695 2550 1708 2562 ·
1768 2535 1845 2589 El
1885 2552 1942 2589 τι

349 2617 608 2685 ἀγαθὸν,
631 2618 819 2672 αὑτοῦ
835 2634 853 2651 ο
876 2620 974 2672 καὶ
1002 2620 1060 2673 ει
1088 2638 1144 2674 τι
1161 2622 1369 2688 καλὸν,
1390 2626 1524 2693 παρ’
1546 2625 1730 2678 αὐτοῦ
1746 2625 1937 2680 ἔσται.

351 2708 471 2763 Καὶ
499 2707 731 2774 Παῦλος,
779 2709 915 2780 πρὸς
946 2711 1044 2781 μὲν
1072 2712 1401 2778 Κολωσαείς
1430 2714 1556 2786 περὶ
1592 2714 1683 2786 [58
1726 2714 1781 2787 a]
1838 2716 1940 2769 αὐ-

349 2799 452 2853 τοῦ
487 2798 593 2869 ἔφη
616 2814 630 2828 ·
664 2800 761 2853 Ἑν
786 2793 835 2866 ᾧ
859 2804 1020 2855 εὶσιν
1046 2802 1267 2870 πάντες
1288 2808 1343 2859 οἱ
1372 2806 1663 2874 θησαυροὶ
1701 2806 1815 2875 τῆς
1834 2822 1940 2861 σο-

348 2893 505 2960 φίας
536 2890 637 2946 καὶ
671 2890 946 2961 γνώσεως
969 2894 1303 2965 ἀπόκρυφοι
1322 2914 1335 2927 ο
1366 2898 1502 2969 πρὸς
1529 2898 1586 2951 δὲ
1614 2898 1939 2970 Ῥωμαίους,

351 2984 533 3052 Λέγει
561 2981 694 3052 τὰρ,
724 2983 906 3055 φησιν,
940 2986 979 3052 ἡ
1020 2986 1229 3056 Γραφή
1257 3005 1270 3019 ’
1303 2985 1430 3054 Πᾶς
1462 2991 1495 3042 ό
1520 2991 1820 3044 πιστεύων
1846 2991 1939 3044 ἐπ’

351 3073 541 3139 αὐτῷ,
584 3076 660 3128 οὐ
710 3076 1323 3145 καταισχυνθήσεταιο
1373 3082 1447 3134 οὐ
1501 3079 1613 3151 γάρ
1653 3082 1786 3137 ἐστι
1817 3082 1943 3136 δια-

354 3166 555 3235 στολὴ
577 3165 886 3265 ,Ἰουδαίου
916 3167 1016 3221 καὶ
1034 3169 1340 3236 Ἕλληνος
1356 3187 1370 3201 ’
1400 3176 1433 3225 ό
1457 3172 1567 3242 γὰρ
1590 3173 1774 3239 αὐτὸς
1824 3176 1942 3229 Κύ-
1965 3205 2009 3265 c

352 3276 490 3326 ριος
510 3257 767 3321 πάντων,
799 3258 1079 3313 πλουτῶν
1099 3264 1186 3328 εὶς
1204 3261 1434 3329 πάντας
1454 3265 1594 3330 τοὺς
1616 3266 1936 3321 ἐπικαλου-

351 3352 582 3420 μένους
606 3352 795 3406 αὐτόν
816 3366 832 3381 ⁸
864 3349 981 3417 πᾶς
1006 3352 1118 3421 γὰρ
1167 3353 1233 3419 ὃς
1257 3355 1686 3424 ἐπικαλέσηται
1712 3356 1781 3410 τὸ
1802 3357 1935 3411 ὄνου

346 3460 441 3514 μα
476 3443 716 3512 Kvplov,
745 3442 1101 3511 σωθήσεται.
1145 3446 1304 3499 Ποῖον
1332 3445 1387 3499 δὲ
1417 3447 1585 3517 ὄνομα
1616 3448 1937 3506 ἐπικαλοῦν-

348 3554 447 3592 ται
468 3536 563 3590 τοῦ
600 3536 750 3602 Υξοῦ,
784 3537 835 3589 oi
866 3537 999 3607 μηδὲ
1036 3537 1167 3590 Θεὸν
1191 3539 1461 3604 ἄκτιστον,
1499 3540 1632 3611 μηδὲ
1658 3541 1784 3596 Υίὸν
1814 3542 1940 3613 ὁμο-

354 3630 542 3683 οὐσιον
570 3629 647 3700 τῷ
682 3630 861 3701 Πατρὶ
884 3628 1133 3697 λέγοντες
1161 3630 1321 3683 αὑτὸν
1360 3631 1452 3684 τὸν
1485 3630 1811 3696 καλλίνικον,
1845 3632 1938 3687 τὸν

358 3721 589 3792 Σωτῆρα
611 3720 862 3792 οὐρανοῦ,
886 3722 980 3775 καὶ
1005 3721 1129 3790 γῆς,
1153 3722 1249 3774 καὶ
1279 3721 1573 3793 Θαλάσσηςς
1606 3724 1716 3777 Καὶ
1762 3724 1938 3781 Ἰωάν-

432 3902 550 3971 (81)
590 3899 1172 3972 Βοηὶιαιεᾼρνωάίιαηι.
1207 3900 1666 3966 Quemadmodum
1710 3901 1937 3972 θυμοει-

354 3970 1067 4044 δὴςᾼᾷιοίιιπ-αηὶηιοειιι,
1138 3981 1231 4023 aut
1285 3972 1609 4044 iracundus;
1663 3973 1738 4044 ita
1785 3970 1937 4044 thya-

358 4040 604 4111 θόειδής.
636 4040 859 4093 bonitate
884 4041 1160 4111 prteditus,
1195 4055 1288 4093 seu
1315 4041 1502 4104 bonus,
1532 4056 1625 4093 seu
1653 4042 1931 4110 beneﬁcus,

360 4124 418 4165 ut
456 4110 607 4183 puto.
642 4111 1014 4183 Suspicabatur
1049 4110 1279 4183 fortasse
1314 4112 1435 4183 quis
1474 4111 1755 4183 legendum
1785 4126 1927 4177 esse,

354 4177 477 4252 φῶξ
516 4177 961 4252 αὐγοε-ιδέςηδειί
1001 4179 1203 4234 codicis
1238 4181 1396 4235 lectio
1438 4177 1775 4252 sollicitanda
1824 4197 1929 4236 non

356 4249 447 4307 est
474 4272 487 4306 :
515 4269 639 4305 cum
666 4249 998 4321 Jalublicbus
1041 4265 1253 4321 quoque
1281 4260 1406 4305 ante
1430 4250 1717 4321 Didymum
1739 4253 1929 4305 eodem

358 4324 624 4378 vocabulo
658 4334 799 4391 usus
830 4320 1080 4391 sitiapud
1115 4318 1375 4375 lcannem
1422 4318 1739 4391 Stobensem
1785 4321 1931 4391 λόγῳ

355 4395 555 4461 primo.
586 4391 669 4445 Τὰ
694 4390 752 4442 δὲ
778 4390 977 4461 ἀρετῆς
1000 4389 1138 4462 ξργα
1182 4390 1424 4461 (inquit)
1462 4390 1784 4462 ἀγαθοειδῆ·
1813 4389 1933 4461 ι]υώ

355 4464 440 4518 sic
471 4463 636 4516 vertit
660 4464 921 4527 interpres
950 4479 963 4512 :
1006 4462 1226 4515 Virtutis
1256 4469 1431 4513 autem
1465 4478 1620 4528 opera
1659 4463 1780 4514 boni
1821 4463 1933 4520 for-

2044 1978 2238 2033 Patris.
2270 1977 2392 2031 llzcc
2433 1977 2543 2048 87
2590 1977 2734 2031 enim
2783 1975 3098 2044 pnedicant.
3150 1972 3440 2026 Malacbias
3496 1972 3620 2040 qui-

2043 2071 2207 2124 dem:
2242 2069 2453 2123 Orietur
2476 2067 2589 2137 (84)
2616 2066 2777 2131 vobis,
2815 2067 2902 2135 qui
2952 2066 3143 2118 timetis
3194 2080 3376 2119 nomen
3422 2078 3618 2127 meum,

2042 2162 2120 2216 sol
2139 2161 2400 2231 justitiaz;
2441 2169 2487 2212 et
2531 2161 2728 2213 sanitas
2777 2159 2833 2210 in
2882 2158 2981 2212 alis
3022 2157 3156 2223 ejus.
3209 2156 3399 2210 Petrus
3439 2164 3618 2209 autem

2042 2256 2097 2309 in
2151 2256 2385 2310 secunda
2421 2253 2697 2321 Epistola:
2749 2251 2924 2303 Donec
2975 2250 3085 2320 (85)
3135 2250 3246 2302 dies
3288 2248 3534 2312 eluxerit,
3570 2256 3621 2300 et

2043 2347 2256 2417 Lucifer
2281 2356 2427 2400 ortus
2453 2346 2520 2399 sit
2542 2346 2596 2398 in
2618 2345 2859 2398 cordibus
2909 2344 3109 2396 uestris.
3165 2340 3615 2394 llluminationem

2043 2451 2245 2503 autem,
2282 2448 2341 2492 ut
2370 2448 2519 2507 puto,
2559 2436 2808 2506 intelligit
2834 2450 2898 2488 ex
2934 2433 3173 2488 secundo
3227 2432 3342 2500 ejus
3386 2432 3620 2485 adventu

2045 2532 2098 2585 in
2130 2532 2414 2585 animabus
2442 2530 2727 2593 oriturum,
2759 2543 2823 2582 ac
2851 2528 3032 2579 omnia
3063 2525 3196 2595 (86),
3229 2539 3349 2592 quae
3400 2538 3429 2576 a
3464 2532 3617 2576 tene-

2044 2623 2157 2677 bris
2186 2634 2455 2687 tenentur,
2484 2621 2929 2690 exsplendescere
2971 2618 3277 2671 facientem.
3326 2616 3391 2669 Et
3443 2614 3570 2669 alibi
3601 2633 3617 2671 :

2045 2714 2113 2768 Et
2136 2716 2305 2785 gloria
2334 2714 2443 2784 (87)
2472 2714 2683 2767 Domini
2709 2727 2865 2779 super
2908 2722 2957 2763 te
3005 2718 3123 2762 orta
3181 2718 3277 2763 est.
3328 2707 3622 2761 Zacharias

2045 2818 2225 2863 autem
2259 2809 2340 2863 sic
2369 2807 2744 2878 prophetarit:
2774 2803 2832 2859 Si
2857 2805 2981 2874 quid
3012 2804 3123 2874 (88)
3151 2802 3361 2867 bonum,
3381 2804 3444 2855 ab
3483 2802 3620 2871 ipso,

2043 2910 2114 2963 et,
2147 2902 2193 2955 si
2222 2901 2347 2971 quid
2381 2901 2681 2969 pulchrum,
2704 2897 2768 2950 ab
2806 2898 2919 2964 ipso
2968 2897 3100 2960 erit;
3148 2902 3204 2948 et
3256 2896 3504 2948 scribens
3551 2893 3621 2947 ad

2044 2992 2394 3048 Colossenses
2425 2989 2640 3054 Paulus,
2676 2990 2742 3042 de
2769 2988 2862 3041 illo
2901 2987 3078 3040 dixit:
3125 2984 3192 3039 In
3216 3001 3317 3055 quo
3359 2984 3470 3056 (89)
3496 2992 3622 3039 sunt

2046 3101 2221 3140 omnes
2244 3083 2478 3138 thesauri
2504 3081 2777 3147 sapientia
2819 3090 2866 3133 et
2901 3080 3132 3133 scientiis
3177 3077 3508 3143 absconditi;
3557 3079 3615 3133 in

2044 3176 2280 3247 Epistola
2303 3190 2435 3228 vero
2465 3175 2532 3227 ad
2560 3174 2834 3228 Romanos
2863 3173 2970 3225 ait:
3011 3170 3147 3224 Dicit
3171 3172 3310 3224 enim
3336 3169 3448 3241 (90)
3474 3169 3621 3224 Scri-

2042 3279 2195 3337 ptura
2223 3286 2241 3319 :
2265 3264 2468 3329 Omnis,
2512 3267 2600 3334 qui
2623 3265 2787 3318 credit
2818 3265 2871 3316 in
2903 3262 3077 3327 illum,
3105 3278 3211 3316 non
3246 3262 3617 3327 confundetur.

2046 3361 2171 3413 Non
2201 3358 2339 3411 enim
2364 3367 2437 3409 est
2472 3356 2742 3409 distinctio
2762 3354 2962 3417 Judwi,
2999 3363 3045 3405 et
3081 3350 3288 3415 Gnaei;
3326 3368 3446 3405 nam
3480 3353 3619 3407 idem

2050 3451 2302 3504 Dominus
2326 3450 2581 3512 omnium,
2606 3449 2750 3501 dives
2785 3449 2838 3499 in
2878 3461 3077 3509 omnes,
3132 3446 3221 3515 qui
3267 3446 3508 3499 invocant
3549 3446 3620 3499 il-

2044 3541 2187 3596 lum:
2216 3542 2387 3595 omnis
2420 3541 2557 3594 enim
2605 3541 2901 3611 quicunque
2943 3537 3256 3591 invocaverit
3293 3552 3479 3590 nomen
3513 3537 3619 3589 Do-

2043 3635 2191 3699 mini,
2220 3632 2398 3687 salvus
2424 3632 2542 3686 erit.
2570 3631 2740 3698 Quale
2767 3640 2947 3684 autem
2978 3628 3097 3682 Filii
3125 3641 3319 3682 nomen
3367 3628 3619 3681 invocant

2046 3727 2141 3794 qui
2171 3725 2346 3794 ipsum
2378 3724 2524 3790 caeli,
2552 3733 2608 3778 et
2638 3731 2818 3789 terrae,
2852 3729 2907 3777 et
2931 3720 3098 3775 maris
3118 3719 3229 3791 (91)
3269 3720 3619 3775 victoriosum

2047 3901 2121 3976 _hil
2150 3902 2273 3976 huc_
2289 3902 2561 3976 pertinere
2591 3902 3064 3976 crediderim,sed
3099 3903 3287 3976 eodem
3316 3902 3437 3976 fere
3456 3916 3617 3976 sensu

2043 3972 2158 4026 bzec
2183 3987 2211 4025 a
2248 3972 2470 4043 Didyme
2503 3973 2628 4037 dici,
2656 3989 2763 4043 quo
2795 3974 2844 4025 in
2875 3974 3141 4043 primaad
3169 3972 3292 4027 Cor.
3312 3987 3384 4033 IV,
3406 3972 3458 4038 5,
3484 3972 3620 4043 scri-

2043 3990 2158 4026 nzec
2183 3990 2211 4025 a
2248 3990 2470 4043 unuymo
2503 3990 2628 4037 (μοι,
2653 3990 2763 4094 Ζηο
2795 3990 2844 4025 ιη
2875 3990 3044 4038 prima
3076 3990 3141 4026 au
3169 3990 3292 4027 Lor.
3312 3990 3384 4033 tv,
3406 3990 3458 4038 ο,
3484 3990 3617 4027 διἰ-ι-

2038 4052 2189 4113 ptum
2222 4057 2250 4095 a
2280 4041 2447 4096 Paulo
2477 4043 2578 4095 fuit
2612 4061 2623 4095 :
2704 4060 2828 4095 anet:
2858 4048 3023 4097 veniat
3046 4042 3323 4107 Dominus,
3350 4043 3441 4113 qui
3468 4051 3517 4097 et
3544 4041 3617 4096 il-

2037 4111 2311 4164 luminabit
2338 4113 2641 4165 abscondita
2671 4115 3019 4167 tenebrarum.

2133 4181 2223 4249 87)
2256 4182 2323 4234 Ει
2356 4182 2547 4249 gloria.
2582 4182 2684 4236 lsa.
2714 4198 2800 4247 ex,
2843 4185 2892 4236 1.

2133 4252 2224 4321 88)
2248 4252 2312 4322 Si
2338 4254 2485 4322 quid.
2526 4251 2855 4322 Zacliar.tx,
2889 4253 2980 4315 l7,
3011 4251 3208 4322 legitur
3245 4271 3258 4306 :
3290 4252 3361 4307 Εἴ
3387 4269 3440 4305 τι
3473 4252 3618 4321 ἀγαι-

2040 4320 2131 4374 Θὸν
2162 4320 2356 4385 αὐτοῦ,
2386 4321 2481 4375 καὶ
2503 4322 2627 4374 εἴτι
2652 4321 2814 4375 καλὸν
2845 4323 2975 4391 παρ’
3001 4320 3190 4379 αὐτοῦ.
3222 4322 3491 4391 Complut.
3524 4320 3616 4377 ita-

2039 4408 2159 4446 men
2193 4393 2357 4447 editio
2403 4408 2587 4445 vocem
2620 4391 2770 4463 παρᾲ
2800 4394 3021 4457 omittit,
3057 4409 3218 4459 quam
3260 4393 3419 4446 habet
3441 4392 3614 4446 lt‘ran-

2040 4463 2367 4531 cofurtensis
2401 4482 2415 4516 :
2447 4476 2548 4515 vox
2576 4462 2707 4517 vero
2732 4462 2887 4516 ἔσται
2933 4462 3217 4531 utrobique
3254 4464 3610 4516 desideratur.

358 4549 498 4622 13am
524 4531 736 4622 habent.
770 4529 843 4622 De
868 4531 1131 4622 scriptore
1158 4542 1371 4594 autem,
1405 4532 1497 4622 qui
1546 4535 1646 4584 sub
1689 4534 1928 4622 Dionjyls'ii

2042 4530 2226 4615 Itaque
2248 4534 2465 4622 hicqprq
2503 4532 2582 4622 ἑτι
2611 4536 2726 4613 lego
2760 4532 2815 4584 εῐ
2846 4549 2918 4594 τι,
2945 4529 3249 4612 praesertim
3289 4548 3410 4585 cmn
3446 4532 3613 4586 libra-

354 4601 695 4671 Areopagitze
744 4599 953 4655 nomine
990 4602 1139 4664 latet,
1174 4616 1237 4654 ac
1281 4603 1524 4654 eamdem
1556 4617 1743 4656 vocem
1771 4599 1925 4656 adbi-

359 4674 471 4733 bet,
497 4673 630 4727 nihil
657 4672 797 4731 dico,
826 4671 966 4738 quod
996 4686 1119 4725 eum
1155 4672 1381 4741 Didymo
1414 4674 1766 4726 recentiorem
1806 4686 1927 4727 esse

359 4742 515 4796 valde
554 4741 829 4810 probabile
880 4743 1145 4802 videatur.
1190 4742 1419 4809 ideoque
1467 4742 1624 4811 hujus
1676 4743 1925 4811 vocabuli

362 4823 629 4881 vetustas,
652 4826 812 4878 quam
840 4826 1044 4878 quaero,
1081 4813 1213 4881 satis
1245 4826 1309 4864 ex
1339 4826 1405 4867 eo
1440 4810 1547 4865 non
1573 4810 1852 4881 probetur.

434 4882 545 4951 (8‘2)
600 4880 977 4962 inerrantium.
1051 4880 1394 4962 allegoriam.
1444 4898 1475 4936 a
1538 4880 1653 4962 sole
1711 4885 1925 4938 ductam

360 4951 725 5022 persequitur,
785 4960 943 5017 atque
1014 4952 1083 5004 ab
1146 4951 1313 5006 astris
1377 4951 1760 5017 inerrantibus,
1829 4968 1925 5007 seu

367 5023 506 5076 lixis.
563 5021 782 5075 Animas
810 5034 939 5090 ergo
968 5020 1296 5091 interpretor
1337 5032 1559 5092 peccato
1601 5039 1711 5077 non
1747 5023 1927 5093 inqui-

363 5102 539 5143 natas.

363 5105 539 5147 natas.

442 5160 551 5229 (83)
597 5159 891 5232 lavantem.
945 5158 1172 5232 Olympii
1220 5158 1371 5217 Jovis
1418 5162 1607 5232 digito,
1655 5162 1930 5218 Clemente

367 5240 507 5306 teste
536 5231 958 5306 in_Protreptico,
1000 5230 1219 5306 Phidias
1251 5230 1551 5306 insculpsit,
1603 5232 1930 5306 Πανταρκὴς

364 5300 669 5383 καλόςηΕθι
695 5311 870 5383 autem
903 5305 1220 5383 πανταρκὴς
1266 5305 1356 5372 qui
1396 5300 1645 5360 omnibus
1688 5300 1927 5375 prodest,

361 5383 456 5426 aut
482 5372 572 5440 qui
603 5372 852 5426 omnibus
876 5370 1091 5426 suﬂicit.

429 5443 544 5510 (84)
578 5441 810 5496 Orietur.
843 5440 1069 5497 Malach.
1105 5458 1177 5504 tv.
1210 5440 1263 5497 2.

426 5512 541 5585 (85)
570 5513 764 5585 Donec.
788 5511 830 5565 ll
856 5511 1072 5585 Petr.rt,
1105 5511 1194 5567 19.

426 5581 542 5653 (86)
568 5581 781 5638 Omnia.
812 5584 1205 5655 Origenismum
1234 5583 1322 5637 hic
1343 5581 1575 5641 fortasse
1602 5585 1765 5654 aliqui
1801 5587 1932 5642 sub-

351 5654 632 5712 olfacient.
675 5655 888 5726 At‘cum
918 5654 1569 5726 'Didymus‘sempiternos.
1584 5658 1932 5726 reproborum

357 5725 616 5778 cruciatus
646 5734 703 5778 et
751 5723 802 5777 in
833 5724 973 5779 libro
1006 5722 1079 5777 De
1112 5722 1327 5789 Spiritui
1366 5737 1551 5781 sancto
1588 5722 1737 5780 num.
1767 5727 1833 5780 47
1870 5744 1935 5781 ac

356 5793 429 5849 59
453 5805 504 5849 et
529 5797 582 5850 in
610 5796 710 5849 hoc
734 5809 899 5863 opere
922 5809 1095 5862 segm.
1119 5793 1218 5848 221
1255 5813 1310 5857 a,
1350 5805 1513 5865 atque
1549 5798 1675 5851 alibi
1700 5812 1934 5866 agnove-

362 5866 466 5932 rit;
491 5876 773 5937 propterea
805 5867 1099 5934 dmtnmlas,
1136 5868 1555 5936 reproborumve
1611 5871 1819 5924 animas
1849 5868 1934 5924 ni-

2037 4600 2149 4683 r_ins
2181 4611 2310 4657 ante
2337 4602 2467 4657 illud
2510 4600 2593 4655 ἔτι
2636 4601 3083 4671 interpunctionis
3128 4609 3308 4656 notam
3346 4616 3612 4671 apposue-

2034 4685 2123 4727 Πι.

2106 4742 2219 4811 (89)
2247 4741 2312 4796 1η
2339 4759 2461 4808 quo.
2496 4741 2703 4796 Coloss.
2741 4759 2801 4804 ιι.
2832 4743 2887 4797 5.

2106 4810 2217 4883 (90)
2241 4812 2377 4866 Dicit
2400 4813 2558 4869 enim.
2596 4813 2749 4867 Rom.
2774 4829 2829 4883 χ,
2857 4811 3249 4883 ll-l'5.Gr:eca
3283 4811 3438 4876 edit.,
3479 4810 3614 4864 Ἰου-

2033 4882 2300 4947 δαίουτε,
2333 4893 2388 4935 et
2414 4883 2570 4950 paulo
2606 4894 2745 4949 post,
2780 4882 2838 4947 ὃς
2864 4884 2929 4937 ἂν
2952 4882 3362 4952 ἐπικαλέσηται.

2107 4954 2218 5026 (91)
2250 4952 2528 5026 Εινηιανίε.
2572 4952 2975 5026 ΔΟι·ἰςυιιὶειιιυηι
3173 4951 3386 5026 qtttique
3430 4951 3611 5026 suspi-

2107 4970 2185 5026 (Ul
2202 4970 2218 5020 )
2250 4970 2318 5005 ιιι
2345 4970 2528 5004 maris.
2581 4970 2975 5023 urigcmsmum
3026 4970 3115 5007 mc
3173 4970 3386 5076 Ἠιυψιθ
3430 4970 3611 5020 SllSpl-

2035 5027 2147 5078 cari
2177 5025 2411 5092 proclive
2443 5032 2544 5084 est,
2571 5022 2697 5076 item
2734 5033 2789 5077 ut
2812 5040 2982 5092 segni.
3015 5023 3156 5077 67a.
3231 5022 3439 5090 rigenes
3468 5025 3613 5076 enim

2037 5095 2110 5149 lib
2163 5111 2177 5148 ι
2211 5093 2285 5147 De
2302 5093 2573 5160 principiis
2598 5093 2771 5164 (mnu.
2813 5096 2847 5147 4
2879 5103 2933 5147 et
2960 5095 3015 5159 5,
3058 5108 3177 5162 pag.
3207 5092 3297 5161 75)
3330 5094 3459 5147 solis
3494 5094 3614 5145 ani-

2038 5181 2182 5218 tuam
2224 5164 2572 5233 antiquiorem
2621 5164 2754 5216 dixit
2810 5164 3114 5233 alligatione
3163 5164 3275 5231 ejus
3315 5164 3611 5228 adcorpus.

2035 5235 2113 5287 Ac
2143 5245 2325 5288 sextus
2350 5230 2415 5302 ex
2442 5230 2924 5288 anathematiSmis'
2951 5234 3003 5287 in
3048 5230 3331 5302 Origenem
3390 5233 3512 5287 latis
3537 5233 3617 5286 sic

2036 5321 2096 5358 se
2126 5306 2286 5359 habet
2325 5321 2341 5362 ;
2367 5301 2424 5356 Si
2451 5304 2570 5371 quis
2593 5305 2717 5357 dicit
2742 5305 2948 5366 caelum,
2971 5313 3018 5357 et
3044 5301 3225 5367 solem,
3248 5314 3295 5356 et
3326 5304 3528 5365 lunam,
3561 5311 3611 5355 et

2036 5376 2238 5436 stellas,
2269 5384 2317 5427 et
2364 5389 2548 5435 aquas,
2593 5390 2709 5442 qua:
2755 5390 2910 5442 super
2950 5375 3102 5427 cauos
3133 5385 3281 5437 sunt,
3328 5376 3614 5435 animatas,

2037 5456 2087 5498 et
2115 5445 2411 5498 nmteriales
2453 5459 2561 5497 esse
2598 5447 2851 5510 quasdam
2910 5445 3142 5505 uirtutes,
3206 5445 3486 5496 anathema
3523 5442 3615 5494 sit.

2041 5515 2115 5569 De
2140 5516 2295 5585 aquis
2329 5529 2476 5578 vero,
2517 5530 2634 5585 qua;
2656 5531 2811 5582 super
2828 5524 3029 5585 terram
3059 5524 3201 5577 sunt,
3223 5514 3275 5566 id
3301 5514 3471 5585 ipsum
3497 5526 3622 5585 scn-

2039 5581 2773 5653 sisse_0rigenem'aﬂirmat
2816 5584 2873 5638 S.
2933 5584 3263 5653 Epiphanius
3330 5581 3616 5653 in‘litteris

2042 5657 2111 5709 ad
2144 5651 2402 5710 Joannem
2439 5652 2959 5724 Jerosolymitanum.
2980 5651 3088 5724 ίΑι
3114 5653 3359 5724 equidem
3390 5651 3441 5703 in
3474 5664 3616 5713 pra:-

2042 5741 2170 5781 sens
2205 5728 2319 5780 haec
2373 5722 2665 5779 duntaxat'
2700 5726 2886 5778 lectori
2918 5722 3393 5777 animadvertenda
3422 5734 3618 5787 prepo-

2044 5814 2185 5852 nam.
2246 5795 2286 5849 I.
2325 5794 2611 5867 Didymum
2671 5793 2987 5867 n_ibil_a|iund
3014 5792 3131 5867 _ltis
3177 5789 3617 5867 fortasse_verbis

2047 5869 2197 5935 velle,
2224 5882 2383 5936 quam
2423 5861 2564 5936 Quod
2596 5865 2651 5920 in
2678 5865 2769 5920 lib.
2811 5863 2889 5917 De
2930 5863 3077 5931 Spir.
3108 5872 3290 5916 sancto
3321 5861 3617 5929 scripserat
