4082 6406
550 344 663 412 θ’]

1833 352 2074 412 DlDYMl
2112 351 2577 412 ALEXABDRINI

3683 362 3783 418 £28

562 473 772 529 Domini
805 472 922 528 cali
944 473 1144 542 ﬁrmati
1171 462 1317 541 sunt,
1344 460 1401 529 et
1429 472 1636 543 Spiritu
1665 476 1773 531 oris
1810 477 1925 546 ejus
1960 492 2125 531 omnet

2237 473 2463 545 ἀψύχων
2507 474 2852 546 αἰσχύνονται
2899 474 3029 547 περὶ
3064 475 3163 546 τῆς
3193 473 3346 547 δόξης
3401 474 3498 528 τοῦ
3543 473 3670 530 Υἱοῦ
3701 480 3790 533 καὶ

557 567 774 619 virtutes
808 579 1011 619 eorum.
1046 565 1229 635 Itaque
1275 565 1367 619 isti
1418 580 1486 620 ne
1536 565 1665 620 illud
1707 568 1924 635 quidem
1984 568 2135 623 testi-

558 658 801 711 monium
829 656 1183 721 erubescunt,
1214 658 1358 727 quod
1393 658 1459 711 de
1503 655 1646 723 Filii,
1679 668 1734 712 et
1757 658 1990 728 Spiritus
2016 673 2139 713 san-

555 749 628 803 eti
677 748 848 818 gloria
888 762 976 802 res
1020 747 1332 802 inanimatm
1360 748 1473 819 (59)
1497 748 1754 815 reddunt;
1783 758 1838 803 et
1873 750 1926 802 in
1952 764 2130 804 unt:

555 840 792 895 Attollite
824 838 935 911 (60)
975 852 1175 908 portas,
1207 840 1482 909 principes,
1517 850 1737 906 uestras,
1757 851 1804 894 et
1836 840 2132 905 elevamini,

556 944 720 1001 porta:
758 940 991 996 a'ternaz,
1039 939 1091 985 et
1139 932 1379 986 introibit
1415 930 1527 986 Rea:
1564 932 1768 1002 gloriae.
1824 931 2031 999 Quibus
2080 934 2134 987 itt

556 1023 736 1078 verbis
768 1031 996 1077 terrena:
1027 1023 1243 1092 quidem
1271 1031 1539 1078 creaturae
1568 1024 1833 1094 prtecipit,
1880 1033 1940 1078 ut
1973 1024 2136 1079 attol-

557 1114 638 1169 lat
680 1124 865 1184 portas
890 1114 945 1168 in
974 1114 1092 1182 ejus
1132 1112 1549 1182 lncarnatione;
1596 1114 1802 1171 caelesti
1848 1124 2049 1181 autem,
2080 1115 2132 1169 in

556 1205 673 1276 ejus
703 1205 1087 1274 Assumptione
1136 1204 1275 1273 (61).
1328 1205 1396 1260 Et
1440 1205 1494 1260 in
1542 1219 1663 1261 εινι
1693 1220 1709 1259 ι
1744 1204 1984 1259 Laudate
2019 1204 2131 1277 (62)

558 1297 868 1362 Dominum,
900 1313 1078 1352 omnes
1111 1305 1315 1368 gentes,
1343 1306 1394 1351 et
1432 1296 1646 1351 laudent
1673 1313 1791 1351 eum
1822 1312 1997 1351 omnes
2041 1312 2136 1365 po-

557 1388 692 1454 puli.
741 1387 911 1444 Isaias
954 1403 1121 1444 vero:
1157 1386 1346 1457 Regem
1384 1387 1498 1459 (63)
1539 1405 1657 1441 cum
1679 1388 1848 1458 gloria
1877 1388 2129 1443 uidebitis.

2236 569 2330 621 τοῦ
2360 568 2514 637 ἁγίου
2538 568 2854 639 Πνεύματος
2881 562 3209 639 μαρτυρίαν.
3238 570 3346 622 Καὶ
3367 570 3429 622 ὲν
3455 567 3540 637 κγ’
3548 587 3563 601 σ
3600 571 3791 637 Ἄρατε

2237 659 2467 725 πύλας,
2497 662 2552 713 οἱ
2589 659 2875 729 ἄρχοντες
2893 700 2908 725 ,
2942 657 3129 729 ὑμῶν,
3155 660 3253 713 καὶ
3284 659 3595 728 ἐπάρθητε,
3620 663 3792 716 πύλαι

2236 750 2480 814 αὶώνιοι,
2514 751 2613 805 καὶ
2634 753 3041 806 εἰσελεύσεται
3066 755 3100 806 ό
3123 752 3423 819 βασιλεὺς
3459 752 3572 821 τῆς
3601 752 3789 823 δόξης.

2235 842 2677 913 Παρακελεύεται
2705 846 2772 914 τῇ
2805 842 2905 914 μὲν
2932 844 3083 897 κάτω
3112 844 3308 908 κτίσει,
3343 841 3476 916 ἆραι
3507 844 3607 909 τὰς
3635 843 3793 910 πύλας

2236 934 2294 987 ὲν
2318 937 2383 1005 τῇ
2413 933 2823 1006 ἐνανθρωπήσει
2861 933 3027 987 αὑτοῦ
3051 950 3067 964 ⁸
3102 936 3169 1005 τῇ
3194 934 3253 987 δὲ
3299 934 3446 997 ἄνω,
3480 936 3539 988 ὲν
3582 938 3648 1005 τῇ
3674 936 3793 989 ἀνα-

2235 1023 2413 1096 λήψει.
2442 1022 2548 1076 Καὶ
2577 1025 2634 1076 ἐν
2663 1030 2771 1094 ρις¹
2792 1038 2807 1054 ⁸
2837 1023 3065 1078 Αἰνεῖτε
3096 1022 3205 1078 τὸν
3235 1023 3475 1091 Κύριον,
3507 1022 3697 1079 πάντα
3731 1026 3798 1081 τὰ

2234 1116 2405 1185 ἔθνη,
2438 1115 2536 1170 καὶ
2560 1113 3057 1170 ἐπαινεσάτωσαν
3088 1115 3277 1171 αὑτὸν
3307 1114 3534 1182 πάντες
3557 1121 3611 1171 ol
3648 1118 3794 1172 λαοί.

2245 1208 2471 1272 Ἡσαΐας
2493 1206 2551 1261 δέ
2569 1224 2582 1239 ·
2608 1206 2877 1262 Βασιλέα
2900 1206 3051 1277 μετὰ
3074 1206 3256 1275 δόξης
3276 1207 3525 1276 ὄψεσθε.
3567 1208 3796 1280 Ἐζεκιὴλ

2232 1300 2326 1355 δέ·
2356 1298 2748 1370 Εὐλογημένη
2794 1301 2834 1368 ἡ
2879 1299 3029 1365 δόξα
3067 1301 3291 1369 Κυρίου
3342 1300 3413 1354 ἐκ
3467 1299 3575 1353 τοῦ
3624 1302 3794 1356 τόπου

2232 1390 2449 1445 αὑτοῦ·
2481 1390 2598 1454 καὶ,
2626 1391 2789 1460 Αὕτη
2820 1391 2860 1459 ὴ
2899 1390 3131 1459 ὅρασις,
3179 1390 3443 1460 όμοίωμα
3485 1389 3668 1459 δόξης
3689 1394 3793 1446 Κυ-

548 1480 808 1535 Ezechiel
837 1488 1017 1535 autem
1050 1495 1067 1532 :
1099 1479 1382 1534 Benedicta
1435 1479 1549 1552 (δι)
1580 1480 1752 1550 gloria
1806 1479 2020 1534 Domini
2068 1496 2125 1533 ea

2227 1485 2384 1553 ρίου.
2424 1479 2556 1537 Εἶτα
2580 1482 2793 1547 Παῦλος
2818 1501 2832 1515 ο
2863 1481 3212 1548 Φάσκοντες
3249 1478 3405 1538 εἶναι
3438 1482 3641 1551 σοφοὶ,
3666 1484 3796 1552 ἐμω-

557 1572 669 1628 loco
705 1589 821 1627 suo.
853 1571 921 1628 Et.
952 1591 966 1627 :
1005 1570 1136 1651 [iam
1164 1572 1278 1644 (65)
1311 1574 1447 1627 visio
1477 1572 1775 1626 similitudo
1802 1571 1989 1643 gloria
2023 1571 2135 1626 Do-

547 1665 706 1720 mini.
743 1665 945 1721 Deinde
972 1665 1172 1721 Paulus
1200 1683 1214 1720 :
1244 1665 1359 1737 98
1388 1664 1629 1720 Dicentes
1675 1663 1785 1737 (66)
1814 1681 1869 1719 se
1910 1680 2019 1719 esse
2045 1680 2132 1719 sa-

553 1757 773 1826 pientes,
802 1757 951 1811 stulti
981 1757 1110 1821 [acti
1159 1768 1299 1819 sunt.
1326 1767 1377 1812 et
1405 1767 1735 1811 mutaverunt
1781 1756 2005 1826 gloriam
2052 1756 2132 1808 in-

2230 1573 2557 1644 ράνθησαν
2578 1589 2593 1605 ’
2627 1573 2728 1627 καὶ
2757 1570 3039 1640 ἤλλαξαν
3075 1570 3191 1639 τὴν
3222 1570 3415 1637 δόξαν
3445 1572 3553 1627 τοῦ
3590 1571 3793 1643 ἀφθάρ-

2230 1682 2339 1719 του
2376 1663 2544 1729 Θεοῦ,
2579 1664 2648 1718 ἐν
2686 1663 3001 1734 ὁμοιώματι
3028 1663 3262 1729 είκόνος
3299 1662 3566 1733 φθαρτοῦ
3592 1663 3794 1732 ἀνθρώ-

2232 1772 2350 1810 που
2368 1774 2383 1789 ο
2413 1756 2509 1810 καὶ
2536 1755 2698 1810 πάλιν
2730 1754 3020 1827 Ῥωμαίοις
3041 1770 3054 1785 ·
3089 1754 3187 1808 Διό
3217 1753 3569 1823 παρέδωκεν
3593 1754 3797 1820 αὐτοὺς

554 1816 913 1916 corruplibilis
946 1816 1065 1915 Dei,
1107 1849 1161 1903 in
1214 1816 1615 1903 similitudinem
1651 1816 1897 1919 imaginis
1946 1863 2125 1901 corru~

2229 1845 2300 1898 ἐν
2362 1845 2494 1911 ταῖς
2542 1816 2881 1914 ἐπιθυμίαι-ς
2945 1816 3066 1899 ttin-
3120 1816 3383 1914 xapdtibr
3446 1844 3663 1905 αὐτῶν.
3717 1816 3795 1911 εἰς

551 1939 751 2007 ptibilis
784 1939 1052 2007 hominis;
1086 1948 1141 1996 et
1176 1956 1364 1995 rursus
1410 1940 1478 1995 ad
1529 1940 1802 1997 Romanos
1847 1955 1862 1992 :
1907 1938 2132 2009 Propter

550 2032 692 2101 quod
722 2030 834 2100 (67)
866 2029 1088 2086 tradidit
1121 2032 1239 2085 illos
1269 2033 1323 2085 in
1352 2032 1617 2087 desideria
1654 2032 1893 2086 sordium
1920 2047 2125 2097 eorum,

549 2117 609 2174 in
638 2122 1050 2189 immunditiam,
1081 2134 1139 2177 ut
1182 2125 1469 2194 ignominia
1501 2124 1732 2195 afﬁciant
1767 2139 1988 2191 corpora
2031 2141 2128 2178 sun

552 2217 612 2268 in
647 2216 936 2285 semetipsis
965 2231 985 2271 :
1023 2216 1115 2285 qui
1155 2227 1605 2271 commutaverunt
1637 2216 1860 2287 gloriam
1891 2215 2002 2288 (68)
2032 2215 2128 2269 Dei

2228 1936 2623 2006 ἀκαθαρσίαν,
2641 1936 2748 1990 τοῦ
2766 1934 3144 2006 ἀτιμάζεσθαι
3167 1935 3241 1990 τὰ
3259 1935 3509 2006 σώματα
3527 1936 3717 1992 αὐτῶν
3732 1938 3794 1991 ἐν

2228 2028 2481 2094 ἑαυτοῖς·
2514 2028 2734 2093 οἵτινες
2747 2027 3145 2098 μετήλλαξαν
3162 2027 3285 2095 τὴν
3306 2027 3501 2093 δόξαν
3527 2028 3633 2083 τοῦ
3662 2028 3793 2083 Θεοῦ

2227 2121 2300 2175 ἐν
2329 2121 2411 2187 τῷ
2443 2120 2675 2190 ψεύδειο
2701 2120 2800 2174 καὶ
2823 2118 3269 2189 ἐσεϐάσθησαν,
3303 2120 3408 2173 καὶ
3433 2120 3795 2192 ἐλάτρευσαν

2228 2211 2305 2281 τῇ
2328 2212 2519 2265 κτίσει
2549 2211 2711 2280 παρὰ
2740 2211 2848 2265 τὸν
2888 2212 3179 2265 κτίσαντα
3197 2252 3213 2277 ,
3248 2210 3316 2277 ὅς
3345 2211 3523 2266 ἐστιν
3564 2215 3792 2281 εὐλοτη-

551 2307 610 2358 in
637 2306 990 2373 mendacium,
1028 2316 1077 2362 et
1116 2309 1410 2373 coluerunt,
1451 2318 1501 2363 et
1546 2309 1830 2362 servierunt
1873 2317 2125 2362 creatura:

2227 2303 2408 2373 μένος
2433 2306 2521 2369 εις
2552 2302 2694 2369 τοὺς
2736 2301 2978 2369 αἰῶνας.
3040 2301 3240 2372 Ἀμήν.
3288 2303 3389 2367 Τίς
3420 2304 3480 2357 δὲ
3525 2306 3555 2358 ὁ
3595 2305 3794 2358 πάντων

551 2396 728 2462 potius
759 2413 918 2466 quam
949 2396 1210 2463 Creatori,
1246 2399 1338 2468 qui
1364 2408 1439 2453 est
1482 2399 1781 2454 benedictus
1818 2400 1873 2453 in
1910 2398 2127 2454 uacula.

554 2488 740 2541 Amen.
777 2486 1039 2553 Quisnam
1071 2502 1200 2543 vero
1223 2497 1307 2544 est
1342 2504 1522 2544 rerum
1558 2491 1795 2544 omnium
1845 2488 2123 2555 Conditor,

548 2587 716 2649 quem
762 2580 839 2633 ait
867 2593 987 2634 esse
1019 2580 1359 2636 benedictum
1392 2582 1446 2635 in
1474 2582 1690 2646 secula,
1721 2581 1825 2636 nisi
1863 2581 2126 2650 Uuigeui-

554 2670 676 2725 tus?
741 2669 973 2737 Quinam
1030 2684 1210 2727 autem
1273 2672 1333 2738 ii,
1367 2673 1457 2742 qui
1505 2682 1851 2729 mutaverunt
1899 2674 2124 2745 gloriam

551 2762 716 2833 ejus?
752 2762 855 2830 Qui
888 2764 1095 2827 dicunt,
1127 2760 1313 2820 Gloria
1342 2764 1496 2820 Patri
1538 2783 1630 2837 per
1661 2764 1864 2821 Filium
1903 2768 1959 2820 in
1998 2783 2125 2821 san-

545 2863 632 2908 cto
692 2852 920 2924 Spiritu,
946 2854 1149 2924 quique
1186 2854 1383 2913 Filium
1431 2858 1725 2926 opinantur
1760 2870 1880 2911 esse
1913 2865 2127 2911 creatu-

550 2961 691 3011 ram,
720 2961 785 3001 ac
830 2961 897 3001 ne
948 2961 1124 3018 regem
1162 2947 1378 3016 quidem
1418 2958 1681 3004 aeternum
1715 2949 1997 3004 exsistere.
2043 2949 2123 3003 Ad

553 3037 772 3093 eosdem
805 3046 1063 3106 praeterea
1101 3039 1345 3094 scribens
1366 3039 1440 3092 ait
1469 3057 1483 3093 :
1508 3037 1596 3092 Ita
1623 3048 1683 3093 ut
1710 3038 1823 3111 (69)
1851 3040 1954 3093 sint
1983 3039 2125 3092 inex-

2227 2393 2582 2466 δημιουργὸς,
2626 2394 2688 2447 δν
2715 2387 2855 2446 εἶναι
2900 2392 3048 2463 λέγει
3091 2394 3384 2465 εὖλογητδν
3408 2398 3491 2460 είς
3522 2398 3643 2461 τοὺς
3674 2396 3790 2450 altit-

2228 2505 2326 2552 νας
2349 2526 2364 2551 ,
2396 2490 2446 2541 εί
2482 2487 2556 2559 μὴ
2604 2489 2633 2542 ὁ
2681 2487 3028 2557 Μονογενής;
3082 2487 3226 2551 τίνες
3270 2487 3327 2541 δὲ
3372 2490 3427 2541 οἱ
3486 2487 3793 2554 ἀλλάξαντες

2226 2580 2326 2653 τὴν
2379 2578 2535 2644 δόξαν
2584 2579 2791 2643 αὐτοῦ;
2842 2581 2906 2633 0i
2947 2578 3236 2649 λέγοντεςο
3285 2580 3449 2646 Δόξα
3497 2583 3675 2651 Πατρί
3723 2579 3790 2634 δι’

2225 2673 2362 2726 Υίοῦ
2411 2672 2482 2726 ἐν
2533 2672 2680 2742 άγίῳ
2731 2673 3068 2741 Πνεύματιο
3115 2674 3166 2725 οἱ
3213 2673 3309 2727 καὶ
3375 2674 3586 2745 κτίσμα
3645 2672 3790 2728 αὑτὸν

2226 2760 2393 2828 εἶναι,
2442 2762 2537 2817 καὶ
2583 2762 2703 2816 οὐδὲ
2756 2762 2975 2824 βασιλέα
3030 2761 3245 2817 αἰώνιον
3283 2762 3618 2829 δοξάζοντες.
3672 2759 3789 2817 Εἶτα

2224 2860 2336 2922 τοῖς
2360 2858 2540 2920 αὐτοῖς
2582 2872 2744 2927 φησιν
2763 2873 2779 2886 ο
2803 2858 2906 2921 Είς
2945 2854 3013 2909 τὸ
3051 2852 3202 2910 εἷναι
3239 2857 3468 2923 αὐτοὺς
3504 2857 3788 2911 ἀναπολο-

2225 2949 2477 3019 γήτουςο
2544 2939 2697 3003 διότι
2769 2949 3020 3017 γνόντες
3080 2947 3270 3011 Θεὸν,
3345 2950 3466 3017 οὐχ
3518 2949 3598 3016 ὡς
3656 2947 3787 3000 Θεὸν

2224 3041 2547 3107 ἐδόξασαν,
2601 3040 2641 3110 ἣ
2692 3039 3190 3109 ηὐχαρίστησαν·
3247 3040 3390 3095 ἀλλ’
3449 3038 3785 3110 ἐματαιώθη-

546 3130 807 3185 ἐιιεαὺίίεε
856 3144 877 3184 :
909 3130 1037 3199 quia
1068 3147 1188 3184 cum
1213 3133 1569 3200 cognovissent
1614 3130 1799 3196 Deum,
1849 3148 1953 3185 non
1987 3131 2121 3185 sicut

2227 3150 2345 3189 σαν
2382 3135 2453 3187 ἐν
2484 3133 2610 3200 τοῖς
2648 3131 3062 3202 διαλογισμοῖς
3083 3129 3301 3195 αὐτῶν,
3350 3135 3453 3187 καὶ
3477 3132 3786 3199 ἐσκοτίσθη

547 3218 718 3275 Deum
751 3221 1193 3292 gloriﬁcaverunt,
1227 3233 1318 3276 aut
1346 3228 1547 3293 gratias
1576 3233 1825 3294 egerunt;
1875 3226 1967 3279 sed
2006 3242 2124 3280 eoa-

548 3323 777 3369 nusrunt
809 3314 865 3367 in
897 3314 1300 3385 cogitationibus
1334 3318 1467 3384 suis,
1499 3327 1546 3370 et
1572 3317 1909 3371 obscuratum
1935 3326 2013 3372 est
2045 3318 2125 3371 in-

544 3396 745 3473 sipiens
775 3422 867 3461 cor
913 3423 1115 3462 eorum.
1176 3407 1489 3475 Qualisnam
1527 3424 1657 3465 vero
1685 3419 1769 3465 est
1816 3409 1960 3465 Deus
2011 3411 2121 3478 ille,

549 3499 643 3567 q'ui
686 3498 757 3572 ab
798 3500 1090 3562 haereticis.
1140 3510 1196 3554 et
1237 3498 1459 3567 Iudaeis,
1509 3509 1564 3556 et
1620 3500 1823 3558 Graecis
1878 3502 2123 3572 cognitus

548 3597 657 3650 est.
689 3567 783 3644 sed
813 3600 917 3643 nun
955 3590 1190 3659 agnitus,
1220 3591 1321 3644 nisi
1356 3591 1460 3657 ille,
1495 3591 1585 3661 qui
1620 3592 1673 3645 in
1703 3606 1867 3647 carne
1897 3567 2124 3648 manife-

546 3689 719 3733 status
749 3688 851 3740 est,
880 3680 1022 3735 Deus
1047 3678 1321 3735 Verbum?
1353 3681 1433 3737 Ad
1456 3681 1767 3737 Corinthios
1800 3697 1930 3739 vero
1956 3684 2120 3739 etiam

545 3770 775 3840 primam
805 3770 1051 3824 scribens
1081 3769 1376 3839 Epistulam
1404 3770 1692 3826 Dominum
1717 3772 1902 3843 gloriae
1924 3783 2118 3828 natura

545 3865 721 3932 ipsum
764 3877 887 3919 esse
929 3862 1188 3930 ostendit,
1242 3878 1363 3918 cum
1405 3865 1527 3919 ait:
1574 3863 1637 3919 Si
1688 3866 1828 3919 enim
1877 3864 1990 3937 (70)
2029 3882 2122 3921 co-

543 3955 863 4024 gnovissent,
916 3953 1202 4009 Dominum
1241 3957 1426 4025 gloriae
1464 3972 1566 4010 non
1607 3956 2012 4025 cruci/inissent.
2055 3957 2123 4011 Et

544 4045 673 4100 alibi
706 4062 721 4100 :
756 4043 827 4100 Ut
857 4046 915 4100 in
942 4045 1057 4117 (7i)
1095 4047 1306 4101 nomine
1342 4045 1474 4101 Iesu
1527 4047 1727 4101 Christi
1784 4063 1935 4102 omne
1985 4064 2119 4117 genu

541 4137 828 4207 ﬂectatur:
858 4146 906 4191 et
949 4137 1118 4192 omnis
1142 4138 1324 4206 lingua
1368 4139 1721 4206 conﬁtebitur,
1761 4140 1903 4209 quod
1948 4139 2122 4193 Domi-

544 4244 641 4282 nus
668 4227 823 4282 Iesus
852 4227 1096 4283 Christus
1126 4229 1181 4282 in
1235 4228 1407 4299 gloria
1446 4229 1543 4283 Dei
1575 4228 1777 4295 Patris,
1818 4232 1870 4285 id
1896 4237 2022 4295 est,
2064 4232 2118 4286 in

542 4322 657 4389 ipsa
680 4328 904 4390 paterna
924 4319 1098 4389 gloria
1116 4316 1566 4375 exsistit.Scribit
1583 4320 1806 4390 insuper
1827 4339 1841 4375 :
1859 4316 2118 4393 Eum(72)

539 4411 700 4475 enim,
722 4411 813 4480 qui
828 4412 1122 4466 minoratus
1142 4420 1236 4475 est,
1256 4411 1487 4466 videmus
1519 4410 1723 4477 Iesum,
1750 4421 1961 4482 propter
1996 4431 2120 4481 pas-

2227 3229 2267 3296 ή
2297 3227 2591 3292 ἀσύνετος
2618 3223 2818 3279 αὐτῶν
2843 3223 3075 3292 καρδία.
3103 3224 3263 3287 Ποϊος
3292 3223 3346 3276 δὲ
3370 3225 3402 3276 ὁ
3451 3224 3544 3296 [42
3573 3222 3625 3295 b]
3661 3240 3786 3290 γνω-

2226 3319 2373 3382 σθεὶς
2412 3317 2545 3380 Θεὸς
2567 3358 2579 3380 ,
2610 3316 2704 3371 καὶ
2746 3315 2820 3387 μὴ
2858 3314 3238 3383 ἐπιγνωσθεὶς,
3279 3315 3438 3386 παρὰ
3472 3312 3779 3386 αἱρετικῶν,

2223 3410 2318 3462 καὶ
2351 3408 2639 3472 Ἰουδαίων,
2665 3406 2761 3461 κατ⁸
2793 3403 3080 3477 Ἑλλήνων,
3105 3407 3155 3458 εί
3180 3405 3255 3477 μὴ
3274 3406 3303 3457 ὁ
3326 3408 3613 3475 ἐπιφανεὶς
3636 3404 3781 3476 σαρκὶ

2222 3500 2355 3564 Θεὸς
2403 3499 2608 3568 Λόγος;
2657 3497 2768 3551 Καὶ
2820 3496 3131 3569 Κορινθίοις
3179 3496 3234 3551 δὲ
3288 3497 3348 3550 ὲν
3399 3499 3516 3561 τοῖς
3564 3495 3779 3566 πρώτοις

2222 3593 2514 3665 γράμμασι
2538 3630 2554 3655 ,
2588 3590 2793 3663 Κύριον
2823 3588 2981 3660 δόξης
3018 3587 3163 3642 κατὰ
3208 3587 3371 3657 φύσιν
3417 3584 3557 3641 εἷναι
3586 3587 3778 3647 δεικνὺς

2222 3682 2407 3747 αὐτὸν,
2438 3680 2740 3735 ἐπιστέλλει
2781 3677 2989 3742 οὕτως’
3039 3680 3111 3731 El
3142 3676 3254 3747 γὰρ
3283 3676 3541 3745 ᾔδεσαν,
3573 3679 3678 3731 οὐκ
3711 3673 3781 3727 ἂν

2221 3775 2329 3829 τὸν
2353 3775 2571 3843 Κύριον
2599 3771 2709 3841 τῆς
2734 3770 2922 3839 δόξης
2944 3770 3339 3838 ἐσταύρωσαν
3358 3785 3376 3800 ο
3413 3771 3511 3824 καὶ
3538 3766 3774 3840 ἑτέρωθι·

2224 3868 2350 3921 Ἵνα
2375 3866 2447 3919 ἐν
2496 3864 2577 3929 τῷ
2622 3864 2865 3933 ὀνόματι
2928 3860 3122 3927 Ἰησοῦ
3159 3860 3420 3929 Χριστοῦ
3477 3858 3599 3916 πᾶν
3644 3858 3776 3929 γόνυ

2221 3956 2453 4027 κάμψῃ,
2487 3955 2589 4009 καί
2619 3954 2787 4010 πᾶσα
2830 3952 3087 4023 γλῶσσα
3128 3952 3654 4024 ἐξομολογήσεται,
3696 3950 3774 4003 ὅτι

2220 4049 2436 4116 Κύριος
2475 4045 2715 4115 Ἰησοῦς
2740 4042 3014 4113 Χριστὸς,
3036 4046 3124 4110 εἰς
3150 4042 3341 4108 δόξαν
3370 4044 3522 4099 Θεοῦ
3544 4042 3775 4111 Πατρός·

2221 4139 2345 4193 ἀντὶ
2406 4136 2526 4201 τοῦ,
2572 4134 2661 4189 Ἐν
2688 4135 2825 4207 αὐτῇ
2861 4138 2927 4207 τῇ
2957 4138 3196 4207 πατρικῇ
3239 4133 3364 4207 δόξῃ
3399 4136 3653 4208 ὑπάρχει.
3679 4130 3774 4185 Καὶ

2221 4230 2321 4284 ἔτι·
2379 4228 2489 4284 Τὸν
2534 4226 2647 4300 γὰρ
2694 4227 3118 4297 ἠλαττωμένον
3146 4225 3464 4297 βλέπομεν
3531 4223 3771 4294 Ἰησοῦν,

2224 4321 2325 4377 διὰ
2347 4321 2413 4375 τὸ
2446 4318 2689 4389 πάθημα
2716 4319 2824 4374 τοῦ
2852 4318 3113 4373 θανάτου
3140 4318 3289 4387 δόξῃ
3322 4320 3423 4372 καὶ
3463 4317 3600 4388 τιμῇ
3622 4317 3773 4370 ἐστεα-

2222 4410 2590 4483 φανωμένον.
2641 4408 3100 4482 ’Υστεροπρώτως
3149 4409 3384 4480 εἴρηται.
3435 4409 3600 4481 Φησὶν
3643 4406 3770 4475 γάρ’

537 4503 740 4557 sionem
789 4505 995 4570 mortis,
1039 4502 1212 4573 gloria
1273 4513 1320 4557 et
1340 4504 1536 4559 honore
1590 4516 1917 4561 coronatum.
1968 4506 2121 4571 Quod

2227 4505 2328 4558 Τὸν
2378 4501 2639 4557 δοκοῦντά
2686 4517 2833 4555 τισιν
2886 4501 2975 4555 διὰ
3021 4501 3082 4554 τὸ
3132 4500 3367 4574 πάθημα
3395 4501 3509 4586 ’τοῦ
3560 4499 3773 4554 θανάτου

539 4656 769 4727 inlibro
800 4658 1050 4727 adversus
1095 4655 1386 4724 Praxeam,
1424 4672 1545 4727 cap.
1572 4658 1629 4723 7,
1661 4659 1734 4712 ita
1773 4658 1917 4713 hunc
1943 4659 2120 4712 versi-

540 4725 720 4797 culum
760 4726 913 4783 affert
939 4747 953 4782 :
984 4730 1235 4782 Sermone
1268 4728 1383 4796 ejus
1419 4725 1535 4782 caeli
1567 4728 1870 4797 conﬁrmati
1895 4740 2041 4788 sunt,
2072 4738 2121 4782 et

539 4793 745 4863 Spiritu
774 4797 892 4867 ejus
941 4813 1118 4867 omnes
1164 4793 1304 4852 vires
1343 4814 1545 4852 eorum.
1589 4793 1813 4867 Et'cap.
1855 4799 1923 4852 l9
1954 4816 1969 4851 :
1999 4797 2125 4853 Ser-

540 4880 693 4918 mone
734 4865 846 4936 ejus
884 4866 1000 4920 cozli
1044 4867 1258 4936 formati
1307 4878 1447 4932 sunt,
1492 4876 1548 4936 et
1598 4866 1803 4936 Spiritu
1850 4868 1960 4922 oris
2005 4868 2122 4936 ejus

540 4935 961 5007 omnesyirtutes
989 4935 1201 5007 eorumL
1222 4936 1298 5007 lta
1331 4935 1866 5007 legithheodoretus
1895 4935 2118 5007 quoque

542 5018 664 5073 pag.
696 5003 801 5057 578
828 5016 1033 5059 catenas
1075 5007 1131 5059 in
1162 5002 1425 5061 Psalmoi.
1461 5005 1567 5061 Sed
1601 5007 1692 5062 alii
1718 5002 1928 5063 Patres—
1948 5002 2123 5064 ferme

539 5087 731 5128 omnes
756 5075 963 5143 legunt,
994 5078 1162 5129 omnis
1190 5077 1355 5129 virtus
1384 5092 1589 5130 eorum.

611 5162 725 5241 (ἕρ)
764 5163 871 5241 Rgs
898 5165 1224 5241 inanimum.
1250 5152 1608 5241 gonfer'htec
1642 5181 1764 5223 cum
1795 5182 2025 5241 segmm.
2050 5170 2114 5226 5!

540 5250 595 5303 a,
624 5233 778 5301 59a,
809 5234 876 5289 78
912 5236 963 5300 b,
994 5234 1060 5291 79
1098 5253 1130 5290 a
1160 5247 1217 5290 et
1244 5236 1312 5290 87
1344 5254 1399 5291 a.

610 5325 724 5399 (60)
757 5325 1013 5382 Attollite.
1045 5326 1136 5383 Ps.
1167 5344 1321 5393 um,
1351 5342 1496 5383 vers.
1529 5329 1562 5383 7
1590 5340 1644 5385 et
1666 5329 1720 5386 9.

610 5420 722 5493 (61)
758 5421 1150 5493 Assumptione.
1190 5420 1403 5476 Christi
1449 5422 1682 5477 ascensio
1711 5436 1740 5475 a
1783 5420 1989 5480 Graecis
2018 5439 2115 5480 vo-

537 5502 696 5545 catur
731 5492 1059 5559 Assumptio.

609 5561 720 5632 (62)
760 5561 1019 5616 Laudate.
1047 5561 1138 5616 Ps.
1175 5576 1319 5626 ειινι,
1373 5576 1519 5632 vers.
1580 5562 1634 5615 l.
1684 5562 1857 5621 Biblia
1891 5565 2112 5631 habent,

537 5625 880 5702 ἐπαινεσατε,
910 5631 1150 5702 ριόριαὶ
1186 5631 1655 5702 ἐπαινεσάτωσαν.

573 5700 723 5821 ﬂigi)
762 5700 976 5772 Πεθεὶηο
1021 5700 1128 5757 lsa.
1179 5717 1373 5768 sunt,
1427 5702 1516 5755 l7.
1552 5701 1813 5776 Vulgatus
1840 5708 2114 5774 interpres

539 5779 711 5823 auter.

608 5836 720 5911 (64)
758 5837 1060 5924 Benedicta.
1097 5838 1294 5897 Ezecb.
1333 5856 1417 5911 ιιι,
1450 5842 1544 5919 12.

2295 4656 2408 4724 (65)
2451 4654 2602 4709 Haec.
2640 4653 2928 4726 Ezech.gtt,
2959 4654 3010 4708 l.
3054 4653 3220 4709 Biblia
3248 4654 3482 4726 habent,
3514 4652 3770 4726 ὁμοιώμα-

2222 4743 2336 4790 τος.
2384 4727 2434 4780 id
2461 4737 2553 4796 est
2579 4724 2961 4796 similitudinis,
2990 4739 3106 4796 pro,
3130 4724 3402 4796 diuolwpa.

2451 4795 2709 4873 Dicentes.
2747 4793 2974 4873 Ro_nt.“t,
3003 4794 3094 4858 22,
3119 4794 3211 4873 2ξ.

2295 4863 2409 4937 (67)
2448 4864 2673 4937 Propter
2694 4867 2856 4937 quod.
2892 4863 3048 4919 Rom.
3081 4880 3121 4929 ι,
3152 4863 3223 4918 24
3253 4873 3309 4918 et
3337 4863 3428 4919 25.
3456 4863 3619 4920 Biblia
3641 4869 3768 4931 post,

2225 4932 2443 5001 αὐτούς,
2472 4935 2692 4997 addunt,
2716 4932 2869 4996 Θεός.

2299 5006 2423 5077 (68)-
2454 5002 2711 5077 Gloriam.
2732 5004 2916 5077 _Editio
2944 5001 3172 5077 “Graeca,
3208 5003 3591 5077 cuiconsentit
3615 5011 3768 5055 trans-

2222 5064 2352 5132 latio
2384 5064 2633 5143 Vulgata,
2660 5073 2841 5138 habet,
2864 5064 2971 5142 τὴιῖ
2990 5072 3268 5143 ἀλήθειαν.
3302 5075 3351 5127 id
3378 5084 3461 5128 est
3494 5079 3763 5127 veritatem.

2221 5146 2290 5202 Et
2333 5142 2656 5214 paulopost,
2675 5143 2992 5215 εὐλογητὸς,
3027 5158 3143 5215 pro,
3170 5142 3546 5215 εὐλογημένος.

2294 5207 2406 5286 (69)
2447 5207 2830 5286 (ια-ιιιᾎῐὶοιιιζ
2863 5207 2901 5276 i,
2924 5207 3041 5286 2οξ
3070 5214 3160 5268 21.
3219 5207 3383 5269 Edita
3404 5213 3570 5268 Biblia
3594 5229 3608 5265 :
3628 5207 3764 5279 γνόνο

2222 5303 2311 5350 τες
2335 5282 2428 5339 τδν
2450 5284 2603 5338 Θεόν.
2633 5282 2719 5350 Ει,
2745 5283 3165 5353 εὐχαρίστησαν.

2292 5356 2401 5427 (70)
2442 5353 2503 5427 Si
2557 5355 2716 5408 enim.
2765 5350 2963 5408 l'Citr.
3007 5350 3066 5421 ti,
3114 5353 3170 5408 8.
3216 5352 3388 5410 Biblia
3433 5368 3527 5424 pro
3563 5350 3760 5422 ᾔδεσαν,

2221 5424 2445 5489 habent,
2477 5424 2741 5493 ἔγνωσαν.

2290 5495 2400 5567 (7|)
2432 5484 2602 5567 Ut'in.
2640 5494 2869 5563 Philipp.
2901 5493 3060 5567 11,10
3084 5503 3138 5550 et
3166 5494 3253 5549 ll.
3287 5492 3544 5567 Nonnulla
3569 5484 3753 5544 omittit

2220 5564 2478 5636 Didyunts
2511 5566 2862 5636 intertttedia.
2915 5564 3082 5636 Biblia
3147 5580 3251 5618 non
3307 5565 3503 5619 habent
3537 5573 3756 5636 1068le

2217 5626 2574 5716 Χριστοῦ.Ἐι
2601 5649 2733 5716 pro,
2773 5634 3245 5708 ἐξομολογήσεται,
3276 5637 3492 5700 habent,
3532 5626 3739 5701 ἐξομολο

2217 5702 2454 5777 γῆσηται
2481 5702 2749 5828 {rectius};
2866 5702 2879 5707 '
3010 5702 3019 5704 ~
3053 5702 3066 5708 -
3232 5702 3236 5703 ν
3536 5771 3548 5783 ι

2288 5775 2401 5845 (72)
2440 5773 2603 5853 Ῑὲῑιηέο
2626 5772 2704 5853 lle
2746 5790 2789 5853 ι.
2818 5790 2878 5841 ιι,
2904 5775 2956 5833 9.
2976 5774 3241 5832 Nonnulla
3272 5771 3759 5844 omittitDtdgmus,

2219 5858 2283 5901 ac
2309 5843 2429 5913 pro,
2454 5843 2533 5911 δέ,
2564 5844 2693 5913 legit
2725 5846 2853 5911 γάρ.
