4082 6420
552 356 656 410 ιδι

1829 361 2067 418 [ιιῡιίιι
2103 365 2580 424 ALEXANDRINI

3708 383 3808 439 432

554 465 608 520 in
631 464 850 520 fornace
878 480 998 521 cum
1017 467 1149 537 ipsis
1177 471 1446 538 apparuit,
1472 472 1630 542 100
1651 473 1718 529 de
1748 491 1855 543 quo
1877 490 2102 548 scnptm

2204 507 2216 544 ι
2249 483 2466 549 Κύριον
2501 485 2760 553 ὑμνεῖτε,
2794 487 2892 540 καὶ
2925 488 3304 556 ὑπερυψοῦτε
3342 463 3535 546 αυτὸν
3561 497 3647 561 εις
3677 501 3812 566 τοὺς

553 567 662 620 est,
700 555 848 609 Visio
876 555 990 625 (83)
1022 570 1199 611 autem
1233 562 1410 628 quarti
1441 563 1633 615 similis
1694 563 1834 618 Filio
1893 565 2011 629 Dei,
2059 570 2141 624 di-

2241 571 2480 637 αίῶνας.
2525 573 2862 646 Ἀχθομὲνων
2901 576 2976 640 δὲ,
3007 580 3190 649 φησὶν,
3232 583 3324 635 καὶ
3360 583 3473 634 τῶν
3523 585 3811 656 κυριοκτό-

551 659 739 702 centes
766 646 1101 702 :Benedicite
1127 650 1262 720 (8t),
1297 653 1472 706 omnia
1506 670 1662 717 opera
1687 655 1922 723 Domini,
1953 658 2105 713 Domi

2241 679 2346 714 νων
2376 664 2511 734 πρὸς
2541 664 2610 719 τὰ
2638 666 2821 719 παιδία
2846 667 2941 720 καὶ
2965 670 3090 732 τοὺς
3117 671 3326 740 ὄχλους,
3354 673 3437 726 ὅτι
3466 674 3540 738 ὼς
3573 675 3700 732 Θεὸν
3724 679 3810 735 τὸν

557 755 706 804 num,
726 741 963 803 laudate,
985 751 1033 794 et
1076 744 1458 810 superexaltate
1486 761 1600 798 eum
1626 747 1682 799 in
1714 749 1927 802 swcula.
1965 751 2135 817 Quin-

557 832 726 885 etiam
751 847 874 886 cum
903 832 1110 886 Domini
1164 834 1539 890 interfectores
1574 836 1938 892 irascerentur
1999 839 2110 911 (85)

551 933 610 977 ut
635 923 711 976 ait
749 923 1098 991 evangelista,
1147 926 1346 992 pueris,
1400 936 1456 980 et
1513 927 1706 993 turbis,
1761 929 1902 997 quod
1948 928 2134 984 Jesum

559 1023 813 1082 tanquam
842 1014 1005 1068 Deum
1037 1014 1398 1083 gloriﬁcantes
1425 1017 1683 1079 dicerent,
1741 1018 1991 1072 "osanna
2020 1021 2132 1091 (86)

556 1103 612 1156 in
643 1103 914 1157 altissimis
940 1120 958 1156 :
985 1103 1297 1158 Benedictus
1319 1105 1408 1174 qui
1436 1106 1569 1159 venit
1595 1108 1648 1160 in
1672 1109 1878 1161 nomine
1900 1108 2132 1173 Domini,

557 1194 708 1250 illum
735 1195 1028 1264 Scriptura:
1058 1195 1231 1250 locum
1258 1196 1311 1250 in
1343 1200 1657 1252 memoriam
1703 1200 1781 1254 eis
1836 1202 2130 1265 revocavit,

548 1287 640 1356 qui
672 1287 751 1342 sic
785 1302 843 1340 se
873 1287 1071 1342 habet:
1109 1288 1195 1342 Ea:
1217 1304 1306 1342 ore
1334 1288 1446 1358 (87)
1504 1290 1792 1359 infantium
1847 1301 1893 1344 et
1935 1291 2133 1346 laeten-

2253 753 2457 824 Ἰησοῦν
2495 756 2812 824 δοξάζοντες
2858 761 3064 830 ἔλεγον,
3115 763 3372 819 Ὡσαννὰ
3406 767 3481 820 ἐν
3519 769 3644 834 τοῖς
3679 774 3810 838 ὑψί-

2238 861 2434 914 στοις⁶
2462 850 2866 920 εὐλογημένος
2891 856 2924 908 ὁ
2965 855 3289 924 ἐρχόμενος
3323 858 3394 910 ἑν
3430 859 3675 929 ὀνόματι
3706 868 3811 918 Κυ-

2230 935 2390 1003 ρίου,
2426 936 2738 1008 ὑπὲμνησεν
2771 940 2965 1004 αὐτοὺς
2997 942 3096 1011 τῆς
3130 942 3393 1014 λεγούσης
3421 945 3462 996 Γ
3470 947 3676 1015 ραφῆςο
3717 949 3809 1002 Ἐκ

2238 1026 2538 1094 στόματος
2569 1030 2802 1094 νηπίων
2832 1031 2930 1084 καὶ
2961 1031 3336 1098 θηλαζόντων
3367 1038 3704 1104 κατηρτίσω
3730 1035 3810 1092 αἷ-

2171 1185 2177 1193 l
2235 1132 2378 1170 νον·
2405 1118 2582 1188 ἐαυτῷ
2621 1121 2868 1191 ἁρμόσας
2899 1123 2960 1175 τὸ
2995 1123 3158 1192 ῥητὸν
3189 1123 3364 1190 τοῦτο,
3399 1127 3496 1178 καὶ
3526 1127 3700 1192 δείξας
3742 1133 3809 1200 μὴ

2236 1207 2520 1273 ἀνοικείως
2550 1212 2922 1283 προσάγεσθαι
2954 1215 3103 1284 αὺτῴ
3135 1215 3306 1282 δόξαν.
3348 1217 3444 1289 [45
3469 1219 3525 1290 b]
3561 1222 3669 1274 Καὶ
3720 1223 3809 1288 ἅτ·

2235 1299 2381 1366 γελοι
2422 1301 2498 1368 δὲ,
2549 1304 2732 1372 φησὶν,
2768 1303 2956 1370 ελεγον
3003 1305 3287 1376 τεχθέντος
3322 1307 3514 1360 αὐτοῦ’
3567 1311 3717 1374 Δόξα
3745 1313 3810 1364 ἐν

560 1378 693 1429 tium
724 1376 986 1445 perfecisti
1015 1377 1224 1431 laudem
1257 1392 1276 1431 :
1303 1378 1518 1432 sibimet
1555 1379 1653 1447 ipsi
1682 1394 1804 1433 eum
1827 1394 2105 1437 accommo

2240 1390 2527 1457 ὑψίστοις
2565 1393 2706 1460 Θεῷ,
2737 1395 2836 1449 καὶ
2881 1396 2982 1450 ἐπὶ
3014 1396 3128 1466 γῆς
3158 1398 3392 1466 εἰρήνη.

547 1472 708 1536 dans,
735 1481 796 1563 et!
816 1472 1040 1542 gloriam
1071 1473 1194 1536 sibi,
1226 1487 1348 1542 qua:
1375 1474 1444 1527 ab
1471 1475 1586 1544 ipso
1642 1475 1820 1530 aliena
1873 1477 1966 1540 sit,
1994 1493 2115 1533 non
2155 1481 2335 1538 oti‘crri
2370 1488 2769 1544 demonstrans.
2815 1489 2921 1546 Sed
2956 1500 3010 1546 et
3046 1491 3222 1559 angeli
3282 1493 3398 1562 ipso
3443 1502 3576 1549 nato
3605 1494 3803 1563 inquie-

548 1563 680 1619 bant
711 1582 727 1618 :
754 1561 936 1618 Gloria
963 1563 1076 1635 (88)
1105 1564 1158 1618 in
1188 1564 1464 1619 altissimis
1487 1565 1615 1630 Deo,
1644 1576 1691 1620 et
1735 1569 1790 1620 in
1832 1576 1970 1622 terra
1993 1586 2119 1640 pax,
2159 1584 2217 1627 ut
2246 1578 2412 1633 refert
2434 1582 2787 1651 evangelista.

1113 1651 1268 1708 CAP.
1310 1653 1551 1708 XXXIII.

881 1743 960 1798 De
997 1745 1329 1799 adoratione.
1361 1743 1616 1814 Epilogus
1641 1744 1776 1816 (89).

606 1835 726 1889 Jam
759 1847 886 1887 vero
919 1848 1041 1886 eum
1089 1834 1260 1902 ipsum
1298 1833 1590 1889 viderimus
1624 1834 2008 1902 gloriﬁcatum,
2050 1837 2130 1892 vi-

536 1931 764 1980 deamus
790 1923 903 1994 (90)
952 1927 1199 1980 eumdem
1254 1926 1418 1980 etiam
1469 1927 1753 1980 adoratum
1789 1939 2126 1998 :utrutnque

536 2015 678 2070 enim
711 2017 817 2070 Deo
830 2027 885 2070 et
913 2017 1161 2070 convenit
1191 2025 1246 2070 et
1267 2017 1512 2082 debetur,
1534 2034 1638 2072 non
1675 2033 1808 2074 vero
1837 2030 2124 2074 creaturae.

536 2107 614 2162 Ita
639 2109 809 2164 sancti
855 2109 1121 2172 scribunt,
1155 2123 1288 2173 quos
1310 2108 1654 2177 subjicimus.
1696 2108 1864 2163 David
1897 2109 1950 2163 iu
1982 2109 2122 2179 psal-

535 2216 625 2256 mo
658 2217 818 2256 xCIv:
856 2199 1035 2255 Venite
1056 2200 1192 2271 (91),
1222 2199 1523 2262 adoremus,
1555 2209 1600 2254 et
1631 2200 1968 2269 procidamus
2002 2214 2126 2254 ante

532 2291 705 2358 illum,
727 2302 776 2346 et
803 2291 1062 2360 ploremus
1092 2307 1270 2347 coram
1303 2291 1552 2358 Domino,
1578 2292 1669 2361 qui
1697 2292 1818 2360 fecit
1850 2309 1967 2354 nos,
1994 2295 2122 2364 quia

532 2381 643 2449 ipse
677 2390 756 2436 est
785 2381 921 2436 Deus
946 2393 1140 2446 noster,
1176 2392 1223 2436 et
1261 2399 1354 2436 nos
1392 2383 1614 2453 populus
1657 2399 1865 2452 pascua:
1903 2385 2038 2453 ejus,
2072 2395 2122 2440 et

533 2488 650 2526 oves
687 2489 874 2527 manus
912 2474 1064 2541 ejus;
1101 2481 1157 2529 et
1210 2475 1261 2528 in
1299 2489 1386 2528 xxt
1422 2491 1432 2520 :
1471 2473 1886 2530 Reminiscentur
1916 2476 2028 2548 (92)
2074 2487 2122 2532 et

532 2571 894 2617 convertentur
929 2563 996 2618 ad
1050 2563 1334 2618 Dominum
1381 2566 1612 2620 uniuersi
1654 2567 1786 2633 ﬁnes
1826 2576 1980 2622 terra:
2013 2585 2030 2632 ;
2069 2578 2120 2624 et

532 2653 828 2706 adorabunt
865 2653 918 2706 in
957 2665 1229 2721 conspectu
1278 2655 1392 2724 ejus
1435 2657 1689 2709 universce
1721 2656 1942 2724 (ancilia:
1992 2675 2119 2727 gen-

529 2743 703 2807 tium;
738 2744 985 2812 quoniam
1020 2742 1234 2796 Domini
1265 2753 1337 2797 est
1363 2759 1599 2813 regnum,
1628 2755 1674 2798 et
1714 2746 1825 2810 ipse
1877 2748 2120 2802 domina-

531 2847 619 2890 tur
671 2835 922 2903 qentium.
982 2835 1249 2900 Quidnam
1305 2835 1519 2890 tandem
1579 2835 1652 2889 illi
1705 2837 1974 2907 inquient,
2025 2839 2117 2907 qui

531 2941 770 2983 seorsum
807 2927 1048 2982 tribuunt
1078 2927 1224 2982 Patri
1253 2927 1470 2996 quidem
1520 2942 1716 2983 nomen
1767 2928 1932 2993 Deus,
1984 2927 2118 2983 Filio

2161 1670 2206 1727 Β
2853 1673 3012 1726 ΚΕΦ.
3055 1673 3175 1727 Al":

2371 1758 2511 1828 Περὶ
2549 1761 3044 1830 προσκυνήσεως.
3104 1765 3670 1836 Ἀνακεφαλαίωσις.

2301 1849 2512 1921 Ἵδομεν
2543 1851 2723 1906 τοίνυν
2759 1855 2922 1908 αὑτὸν
2968 1855 3356 1927 δοξαζόμενον,
3415 1860 3603 1930 ἴδομεν
3650 1861 3796 1916 αὑτὸν

2229 1945 2322 1998 καὶ
2358 1945 2862 2016 προσκυνούμενον’
2911 1947 3198 2018 ἀμφότερα
3238 1948 3295 2001 δὲ
3332 1949 3458 2020 Θεῷ
3491 1952 3638 2004 ἐστιν
3680 1951 3797 2022 πρὶς

2227 2053 2398 2090 ποντα
2425 2037 2520 2090 καὶ
2548 2037 2875 2109 ὀφειλόμενα
2896 2079 2911 2104 ,
2946 2038 3066 2108 οὐχ).
3098 2038 3466 2110 δὲ,κτίσματι,
3503 2042 3647 2096 καθὰ
3671 2045 3794 2114 γρά-

2226 2145 2416 2197 φουσιν
2447 2129 2498 2180 οἱ
2522 2129 2954 2199 ὑποτεταγμένοι
2982 2129 3128 2197 ἅγιοι
3146 2144 3158 2157 ·
3187 2129 3352 2182 Δαυῒδ
3384 2132 3446 2183 ὲν
3473 2131 3552 2198 ιβ
3575 2131 3791 2202 ψαλμῷ-

2223 2221 2420 2285 Δεῦτε,
2455 2221 2980 2290 προσκυνήσωμεν
3005 2220 3101 2274 καὶ
3146 2221 3596 2292 προσπέσωμεν
3625 2223 3791 2289 αὐτῷ,

2222 2310 2324 2364 καὶ
2354 2313 2712 2379 κλαύσωμεν
2735 2310 3014 2364 ἐναντίον
3031 2309 3274 2378 Κυρίου,
3297 2311 3408 2365 τοῦ
3436 2311 3790 2380 ποιήσαντος·

2221 2401 2400 2471 ἡμᾶς,
2418 2401 2505 2455 ὅτι
2524 2402 2706 2467 αὑτός
2723 2401 2895 2454 ἐστιν
2915 2403 2947 2454 ό
2968 2399 3112 2467 Θεὸς
3135 2399 3324 2470 ἡμῶν,
3343 2401 3447 2454 καὶ
3467 2403 3640 2471 ἡμεῖς
3655 2403 3788 2469 λαός

2220 2491 2409 2562 νομῆς
2452 2491 2661 2556 αὑτοῦ,
2696 2491 2794 2545 καὶ
2827 2493 3091 2559 πρόϐατα
3127 2491 3324 2560 χειρὸς
3351 2493 3545 2547 αὐτοῦ
3568 2510 3582 2524 ·
3615 2493 3702 2548 καὶ
3735 2494 3788 2546 ἑν

2220 2591 2328 2637 ua.“
2369 2583 2870 2653 Μνησθήσονται,
2911 2582 3010 2636 καὶ
3051 2582 3610 2652 ἐπιστραφήσονται
3651 2584 3782 2653 πρὸς

2219 2675 2441 2742 Κύριον
2471 2672 2670 2726 πάντα
2705 2672 2779 2726 τὰ
2805 2671 3032 2739 πέρατα
3055 2669 3164 2738 τῆς
3199 2669 3312 2740 γῆς
3335 2686 3352 2702 ο
3385 2670 3491 2724 καὶ
3533 2686 3782 2738 προσκυ-

2218 2766 2522 2834 νήσουσιν
2563 2762 2820 2817 ἐνώπιον
2851 2761 3040 2817 αὐτοῦ
3079 2760 3270 2816 πᾶσαι
3310 2764 3372 2815 at
3405 2763 3640 2830 πατριαὶ
3678 2759 3779 2814 τῶν

2217 2855 2438 2911 ἐθνῶν·
2473 2855 2564 2909 ὅτι
2611 2855 2718 2909 τοῦ
2754 2855 2976 2922 Κυρίου
3017 2855 3057 2922 ἠ
3093 2854 3424 2918 βασιλεία,
3476 2853 3575 2907 καὶ
3615 2851 3772 2917 αὐτὸς

2218 2947 2489 3008 eamea;
2517 2946 2639 3002 τῶν
2663 2946 2871 3002 ἐθνῶν.
2895 2947 2962 3000 Τί
2981 2945 3198 3017 ἐροῦσιν
3219 2947 3326 3018 ἄρα
3354 2949 3407 3000 οἱ
3430 2947 3774 3017 ἀπονέμοντες

529 3030 711 3074 autem
737 3035 932 3074 nomen
968 3019 1227 3074 Dominus
1254 3019 1388 3091 (95),
1420 3035 1542 3074 cum
1571 3021 1794 3074 audiant
1817 3021 1904 3075 hic
1935 3021 2105 3075 Domi.

2215 3039 2383 3110 ὄνομα
2411 3037 2828 3108 κεχωρισμένως
2847 3078 2862 3102 ,
2887 3035 2965 3106 τῷ
2999 3007 3096 3107 ελὲν
3124 3007 3300 3108 Hath
3341 3036 3409 3089 τὸ
3444 3007 3616 3103 Θεὸς,
3634 3036 3704 3105 τῷ
3726 3007 3774 3087 δὲ

528 3129 657 3167 num
682 3121 738 3168 et
775 3113 1014 3176 adorari,
1070 3123 1124 3168 et
1171 3113 1463 3177 dominari,
1515 3124 1569 3169 et
1620 3114 1789 3184 ipsius
1832 3129 1955 3170 esse
2025 3130 2105 3168 re-

2216 3130 2331 3201 Υἱῷ
2355 3131 2415 3184 τὸ
2437 3131 2672 3198 Κύριος,
2702 3131 2980 3193 ἐπαΐοντες
3003 3129 3189 3183 ἐνθάδε
3211 3129 3302 3182 τὸν
3325 3129 3535 3202 Κύριον
3562 3146 3772 3201 προσκυ-

527 3203 716 3274 gnum?
749 3205 902 3274 101
946 3205 1012 3258 Et
1038 3219 1226 3259 rursus
1262 3205 1315 3259 in
1349 3221 1404 3260 ix
1444 3205 1650 3273 psalmo
1697 3205 1809 3276 (94)
1851 3219 1866 3259 :
1907 3205 1976 3260 Et
2009 3208 2105 3259 ad-

2211 3221 2416 3274 νεῖσθαι
2449 3221 2543 3274 κα).
2593 3219 2906 3284 δεσπόζειν,
2959 3220 3053 3273 καὶ
3101 3217 3266 3272 αὐτοῦ
3316 3215 3463 3274 εἶναι
3509 3220 3605 3291 τὴν
3637 3219 3770 3290 βασιο

528 3293 1016 3353 orabote,Uomine.
1039 3295 1294 3365 fortitudo
1315 3312 1449 3349 mea.
1473 3295 1606 3349 Etin
1635 3310 1798 3350 cxxxt
1831 3316 1844 3350 :
1909 3291 2105 3345 Adore-

2209 3313 2389 3377 λείαν;
2420 3311 2529 3365 Καὶ
2557 3311 2719 3370 πάλιν
2755 3313 2813 3365 ὲν
2852 3310 2896 3363 θ’
2947 3310 3183 3381 ψαλμῷ·
3232 3311 3341 3364 Καὶ
3381 3309 3769 3380 προσκυνήσω

527 3401 639 3440 inus
661 3385 771 3448 (95)
800 3386 857 3439 in
885 3385 1018 3450 loco,
1057 3385 1147 3440 ubi
1168 3395 1423 3440 steterunt
1453 3387 1607 3450 pedes
1625 3385 1760 3452 ejus.
1788 3385 1984 3440 Paulus
2029 3401 2098 3440 ex

2206 3422 2300 3471 σε,
2329 3405 2530 3474 Κύριε,
2567 3407 2606 3473 ι)
2640 3405 2819 3474 ἰσχύς
2833 3420 2986 3474 μουο
3035 3405 3129 3457 καὶ
3154 3406 3214 3458 ὲν
3254 3402 3399 3476 ρλα’·
3441 3400 3768 3473 Προσκυνή-

620 3560 713 3626 8ο)

597 3561 713 3627 (80)
761 3561 924 3613 Visio.
955 3561 1088 3616 Dan.
1117 3578 1196 3626 ιιι,
1234 3562 1323 3618 9Ξ.

594 3628 708 3697 (84)
760 3629 1068 3684 Benedicile.
1127 3632 1262 3686 Dan.
1314 3646 1411 3692 nt,
1466 3631 1557 3686 57.
1605 3629 1773 3685 Porro
1825 3630 2085 3697 hymnum

527 3702 686 3752 trium
715 3713 1000 3769 puerorum
1039 3708 1096 3754 ut
1122 3701 1368 3755 canonici
1398 3700 1519 3755 libri
1551 3710 1758 3769 partem
1800 3715 1829 3753 a
1860 3700 2085 3768 Didymo

525 3767 764 3837 agnitum
813 3767 978 3823 fuisse
1011 3783 1234 3838 apparet
1270 3785 1376 3825 non
1422 3767 1581 3825 modo
1625 3784 1693 3824 ex
1736 3770 1838 3824 hoc
1873 3767 2010 3835 loco,
2037 3777 2092 3822 et

524 3854 596 3910 ex
616 3852 784 3903 segni.
811 3838 880 3890 77
907 3856 961 3904 a,
991 3842 1084 3910 sed
1112 3841 1272 3895 etiam
1301 3855 1372 3910 ex
1401 3841 1486 3905 iis,
1519 3854 1640 3910 qua:
1677 3840 1816 3910 idem
1851 3839 1918 3910 ad
1942 3838 2089 3906 psal-

526 3908 598 3961 mi
632 3922 800 3960 xxxiii
860 3909 1180 3963 versiculum
1217 3910 1251 3962 4
1281 3909 1503 3964 dictavit
1535 3905 1677 3978 'pag.
1713 3905 1824 3978 60l
1870 3905 2086 3978 Catenae

524 3996 571 4050 a_
595 3978 852 4050 Coi-deria
886 3979 1056 4050 editae
1084 3998 1098 4033 :
1123 3979 1338 4050 Ὠσπερ
1379 3981 1434 4050 oi
1459 3981 1517 4032 ὲν
1539 3976 1755 4049 καμίνῳ
1785 3976 2091 4050 βληθέντες,

524 3996 552 4029 a
595 3995 852 4031 hOI'tICI'IO
898 3995 1056 4032 emta:
1084 3998 1098 4033 :
1127 3995 1338 4050 ‘uanep
1379 3995 1429 4032 οι
1459 3995 1517 4032 εν
1539 3995 1755 4049 καμινῳ
1785 3995 1847 4048 pA
1887 3995 2091 4041 υεντες,

524 4047 620 4110 ait,
649 4047 707 4098 ὲν
737 4046 1081 4118 Βίαόολῶνι...
1113 4049 1243 4102 Θεὸν
1265 4047 1580 4118 ὑμνοῦντες,
1618 4050 1799 4102 πᾶσαν
1837 3995 1936 4118 Ii)»;
1976 4048 2096 4118 ιετί-

525 4131 607 4188 σιν
630 4116 935 4187 παρέλαϐον
964 4121 1043 4182 εις
1063 4118 1240 4183 τοῦτο,
1266 4116 1321 4171 κζ
1347 4135 1398 4172 τ.
1424 4118 1474 4172 λ.
1503 4119 1556 4188 id
1583 4128 1685 4182 est,
1707 4118 1851 4172 Sicut
1879 4116 1967 4188 qui
1980 4116 2092 4170 Ba-

521 4184 794 4256 bylone’in
821 4190 1084 4256 [ornacem
1114 4189 1257 4242 missi
1291 4199 1502 4251 sunt,...
1535 4187 1699 4242 Deum
1729 4184 1933 4256 hymnis
1963 4203 2090 4257 pro-

521 4266 785 4325 sequentes
811 4273 1012 4311 ontnem
1039 4258 1108 4311 ad
1139 4259 1234 4310 hoc
1273 4270 1568 4311 creaturam
1598 4259 1944 4312 advocarunt.

589 4325 705 4396 (85)
745 4326 1127 4396 Irascerentur.
1166 4327 1353 4380 Matth.
1395 4343 1509 4392 χιιι,
1544 4327 1632 4381 15.

590 4395 706 4517 (δῷ).
731 4395 1017 4478 _llosanna.
1047 4396 1238 4451 Matth.
1270 4412 1384 4459 xxi,
1424 4397 1478 4451 9.
1523 4396 1654 4462 Quae
1701 4395 1791 4450 hic
1828 4395 2087 4463 primum,

610 4464 668 4516 Bt
712 4466 797 4517 liis
824 4468 1116 4517 secundum
1147 4466 1319 4517 locum
1352 4465 1570 4517 habent.

520 4465 576 4519 in
610 4464 797 4520 Bibliis
824 4468 1116 4521 secundum
1147 4466 1319 4521 locum
1352 4465 1570 4520 habent.

590 4533 702 4604 (=87)
748 4536 828 4604 Ex
856 4553 962 4591 ore.
998 4536 1140 4590 Psal.
1169 4551 1287 4600 vm,
1325 4550 1466 4590 vers.
1503 4537 1557 4590 5.

591 4603 703 4670 (88)
741 4603 868 4659 an.
895 4621 956 4670 ιι,
989 4607 1077 4661 M.
1297 4606 1300 4610 ’

587 4673 703 4742 (89)
747 4675 1014 4746 Epilogus.
1067 4676 1123 4729 In
1164 4673 1373 4739 Graeco,
1409 4671 2084 4746 dvamqalamtc,_si_ve,

520 4740 813 4798 ut'vetusti
845 4740 1164 4813 inierpretes
1198 4754 1413 4800 vertere
1447 4740 1641 4806 solent,
1673 4740 2040 4813 recapitulatio
2064 4756 2083 4793 .-

517 4825 822 4894 quanquam
879 4811 1119 4869 Graecam
1145 4828 1350 4900 ,νοσοίη
1395 4814 1624 4900 retineri
1664 4811 1851 4900 ιιιειιιοι
1896 4811 2086 4900 Hiero-

517 4893 713 4961 nymus
738 4883 790 4936 in
814 4893 1105 4963 comment.
1138 4880 1308 4950 Epist.
1339 4884 1407 4936 ad
1435 4883 1630 4952 Ephes.
1664 4881 1774 4961 Iib..
1796 4895 1836 4944 ι,
1871 4895 1990 4960 cap.
2028 4880 2084 4942 l,

519 4961 576 5000 ut
597 4948 791 5028 (Latine.
813 4967 1024 5028 quoque
1058 4954 1329 5006 diceretur
1352 4953 1828 5028 anacephala-osIs.
1856 4949 2081 5028 ξιάοιιιι·

517 5027 696 5090 autem
738 5020 827 5074 hic
871 5020 1040 5088 poSita
1077 5037 1140 5075 ea
1174 5037 1300 5084 vox,
1343 5023 1467 5090 quia
1515 5020 1649 5076 nihil
1676 5022 1819 5075 aliud
1867 5021 1997 5090 facit
2027 5020 2079 5072 iu

516 5087 624 5167 hoc
638 5091 818 5167 capite
845 5087 1119 5162 Didymus,
1148 5091 1253 5145 nisi
1281 5087 1578 5162 Scriptum
1605 5089 1912 5148 testimonia
1942 5103 2072 5143 cou-

551 5165 672 5210 erit.

515 5171 696 5302 ge(illi?)
745 5227 1046 5302 Xmenimis.
1083 5229 1244 5302 Lego,
1280 5231 1496 5302 ἴδωμεν.

584 5295 698 5364 (9|)
745 5296 941 5350 Venite.
985 5298 1124 5353 Psal.
1153 5295 1294 5365 ieiv,
1324 5295 1466 5354 vers.
1497 5299 1531 5353 6
1560 5309 1616 5354 et.
1649 5299 1700 5356 7.

585 5365 719 5438 (9‘2)
741 5366 1174 5438 Remitiiscentur.
1207 5368 1349 5424 Psal.
1382 5385 1497 5436 xxi,
1522 5385 1662 5424 vers.
1706 5369 1800 5438 29,
1855 5369 1946 5433 50,
2006 5368 2068 5423 51

512 5431 628 5505 (seu
657 5435 727 5490 28
757 5448 810 5489 et
837 5435 952 5502 29).

585 5503 697 5574 (95)
737 5505 1010 5560 Dominus.
1053 5507 1298 5563 Eunomii
1344 5507 1611 5563 sententia
1657 5518 1796 5573 erat,
1855 5507 2075 5562 nomine

511 5572 716 5651 impio;
771 5575 1194 5651 seu__Do-minus,
1245 5581 1387 5647 quod
1437 5578 1588 5651 Filio,
1619 5572 1903 5651 tribuitur,
1945 5575 2070 5651 Filii

513 5646 822 5716 Ipsinsuion
868 5646 1201 5715 dignitatem,
1255 5646 1348 5701 sed
1393 5649 1684 5703 essentiam
1730 5647 2067 5716 signiﬁcari:

511 5711 585 5764 ita
613 5713 820 5786 scilicet
854 5727 909 5786 tit
929 5711 1110 5772 Patris
1139 5717 1350 5784 quidem
1372 5719 1606 5773 essentia
1639 5721 1709 5771 sil.
1753 5711 1975 5786 εξεότης,
2017 5717 2068 5768 id

511 5789 589 5834 est
627 5781 820 5847 Deitas,
861 5783 982 5840 Filii
1031 5781 1171 5841 vero
1189 5788 1418 5842 essentia
1457 5789 1527 5844 sit
1557 5789 1850 5858 Κυριότης,
1888 5781 1940 5841 id
1964 5781 2067 5841 est

761 3559 924 3613 Visio.
955 3561 1088 3616 Dan.
1117 3578 1196 3626 ιιι,
1234 3562 1323 3618 9Ξ.

2197 3559 2546 3622 Domineitas.
2596 3569 2654 3613 ut
2697 3560 2770 3613 ita
2822 3559 3019 3622 dicam,
3067 3573 3161 3612 seu
3221 3558 3555 3626 Dominatio,
3589 3573 3763 3626 nempe

2198 3629 2299 3684 hoc
2326 3633 2468 3698 quod
2505 3642 2588 3684 est
2627 3647 2735 3683 esse
2793 3628 3437 3698 Dontinnni._AbStirdam
3486 3646 3612 3684 vero
3638 3630 3760 3682 hanc

2197 3696 2503 3767 opinionem
2545 3699 2740 3754 refellit
2761 3699 3055 3765 Gregorius
3081 3696 3356 3766 Nyssenus
3379 3700 3537 3753 initio
3575 3699 3685 3752 libri
3713 3712 3758 3750 vt

2197 3769 2252 3840 in
2281 3768 2622 3824 Eunomium.
2659 3773 2737 3824 Ac
2767 3767 3032 3840 videndus
3065 3769 3230 3824 etiam
3275 3770 3490 3840 Didymi
3533 3771 3662 3825 liber
3690 3767 3762 3822 De

2201 3839 2405 3907 Spiritu
2437 3852 2639 3903 sancto,
2671 3854 2826 3907 num.
2849 3836 2938 3890 29.

2271 3909 2384 3975 (94)
2419 3909 2484 3961 Et
2515 3909 2766 3961 adorabo.
2799 3906 2932 3961 Cum
2959 3906 3046 3962 hic
3074 3906 3224 3964 locns
3253 3907 3306 3962 in
3337 3907 3527 3962 Bibliis
3549 3908 3756 3962 omnino

2201 3995 2307 4033 non
2340 3988 2535 4040 exstet,
2587 3978 2776 4046 pSaltni
2823 3990 2936 4032 xvtt
2973 3979 3143 4040 prima
3202 3980 3390 4044 verba,
3427 3978 3650 4046 Diligat»
3689 3990 3751 4041 te,

2198 4048 2443 4114 Domine,
2483 4049 2737 4117 fortitudo
2779 4064 2931 4112 mea,
2966 4061 2996 4100 a
3041 4048 3269 4118 Didymo
3312 4050 3506 4116 resiiici
3537 4049 3752 4118 cetijice-

2197 4134 2334 4182 rem,
2375 4119 2473 4172 nisi
2506 4120 2748 4172 obstaret
2783 4125 2894 4170 tum
2941 4117 3159 4178 vocula,
3197 4128 3267 4176 et.
3325 4128 3439 4171 tum
3478 4117 3749 4172 discrimen

2194 4191 2338 4258 quod
2377 4189 2602 4241 interest
2646 4203 2748 4240 non
2785 4187 3053 4258 modicum
3087 4188 3230 4241 inter
3253 4189 3548 4257 ἀγαπήσω,
3599 4188 3646 4240 id
3675 4195 3748 4240 est

2192 4257 2436 4327 diligam,
2477 4267 2552 4328 (et
2596 4257 2992 4328 προσκυνήσω,
3021 4257 3096 4328 _id
3148 4267 3233 4312 est
3279 4259 3547 4322 adorabo,
3600 4271 3743 4325 quam

2194 4326 2382 4381 vocem
2434 4327 2521 4380 hic
2581 4326 2835 4396 Didymus
2866 4326 3164 4391 inculcat;
3217 4341 3284 4382 ac
3338 4328 3443 4381 nisi
3500 4334 3742 4394 prarterea

2193 4397 2508 4451 incredibile
2531 4396 2827 4456 videretur.
2858 4411 3004 4457 eum,
3028 4465 3033 4466 γ
3053 4397 3147 4466 qui
3179 4399 3447 4466 memoria
3489 4407 3746 4460 tamOpere

2113 4502 2166 4562 Β
2193 4467 2444 4562 polleha't,
2471 4467 2544 4546 ⁸ἰιι
2581 4467 2798 4562 citaiido
2831 4481 2906 4562 eo
2926 4465 3134 4562 psalmo
3175 4465 3382 4534 lapsum
3429 4481 3566 4562 esse,
3587 4479 3740 4562 qutun

2198 4539 2249 4588 in
2294 4535 2517 4589 ecclesia
2547 4545 2818 4589 cantatum
2845 4537 3151 4590 sexcenties
3189 4550 3313 4588 eum
3347 4535 3614 4600 audivisse
3643 4549 3735 4586 non

2193 4606 2399 4659 dubito.
2443 4606 2571 4671 Quae
2612 4621 2734 4660 cum
2779 4605 2852 4658 ita
2905 4621 2964 4658 se
3023 4607 3278 4666 habeant,
3321 4615 3417 4658 aut
3464 4605 3738 4674 putandum

2192 4684 2296 4737 est,
2330 4691 2390 4728 ea
2416 4677 2580 4728 verba
2625 4677 2724 4728 etsi
2761 4675 2813 4728 in
2851 4689 2995 4729 nono
3023 4674 3229 4741 psalmo
3268 4689 3374 4728 non
3409 4673 3636 4735 exstent,
3687 4673 3735 4723 in

2191 4744 2373 4813 aliquo
2420 4755 2599 4798 tamen
2651 4746 2757 4798 alio
2804 4743 3098 4812 Scriptura:
3132 4746 3249 4796 loco
3281 4743 3409 4812 legi,
3449 4759 3601 4811 quem
3629 4752 3736 4813 ego

2192 4812 2296 4867 non
2337 4815 2672 4877 invenerim;
2710 4822 2805 4867 aut
2841 4814 3147 4876 dicendum,
3176 4814 3527 4881 exemplaria,
3554 4812 3732 4879 quibus

2190 4883 2448 4953 Didymus
2513 4884 2785 4946 utebatur,
2849 4883 3166 4953 additnenta
3240 4882 3419 4950 aliqua
3478 4882 3730 4936 habuisse.

2190 4951 2361 5006 Simili
2396 4953 2552 5006 modo
2583 4953 2813 5007 [renatus
2849 4951 2940 5004 lib.
2985 4968 3060 5016 tv,
3106 4967 3224 5021 cap.
3276 4953 3366 5014 52,
3410 4954 3566 5005 verba
3598 4963 3730 5016 qua:-

2188 5025 2310 5076 dam
2343 5038 2374 5075 e
2410 5023 2705 5089 Scripturis
2733 5023 2944 5090 allegat,
2976 5037 3095 5091 quae
3129 5024 3288 5075 modo
3335 5026 3385 5076 in
3431 5021 3604 5076 Bibliis
3634 5033 3730 5091 imu

2187 5092 2436 5158 leguntur
2464 5112 2476 5147 :
2507 5093 2621 5146 haec
2670 5094 2814 5145 enim
2859 5093 2928 5144 ibi
2994 5090 3208 5158 Scripsit
3245 5109 3259 5145 :
3296 5090 3724 5159 Quemadmodum

2185 5161 2314 5214 alibi
2357 5163 2428 5214 ait
2463 5175 2482 5214 .'
2518 5179 2538 5211 ι
2564 5161 2897 5227 Sacriﬁcium
2955 5159 3098 5221 Deo,
3147 5178 3237 5214 cor
3289 5158 3725 5218 contribulatum:

2185 5233 2316 5304 odor
2337 5232 2610 5304 suavitatis
2639 5231 2768 5295 Deo,
2808 5245 2898 5283 cor
2925 5230 3223 5304 clari/ianus
3249 5249 3386 5304 eum,
3407 5231 3494 5300 qui
3511 5228 3722 5304 plasma-

2182 5303 2304 5353 vit.s
2337 5304 2475 5366 Quin
2501 5301 2749 5355 Clemens
2773 5315 2988 5370 quoque
3013 5303 3064 5352 iii
3087 5302 3224 5354 libro
3252 5300 3527 5368 Ptedagogi
3555 5300 3718 5370 tertia.

2183 5363 2465 5439 postquam
2513 5371 2640 5424 illud
2675 5363 2943 5438 psalmi-'1.
2990 5371 3188 5433 attulit,
3254 5363 3580 5439 Sacrificium
3625 5363 3720 5414 Do-

2181 5436 2559 5506 mino—spiritus
2584 5436 2859 5503 con—tritus,
2884 5441 3158 5507 subjungit
3183 5457 3196 5494 :
3226 5439 3495 5504 Quodnam
3519 5436 3716 5507 Dougth

2180 5498 2447 5563 incensum
2501 5510 2773 5580 offeram?
2833 5498 3044 5574 iOdor,
3081 5498 3272 5578 inquii,
3306 5508 3571 5580 suavitatis
3615 5498 3713 5580 μεθ

2178 5591 2251 5649 est
2283 5596 2391 5641 cor,
2411 5583 2561 5649 quod
2599 5579 2860 5649 glori/ica:
2909 5595 3025 5631 eum
3069 5579 3158 5647 qui
3221 5581 3388 5647 ipsum
3426 5579 3707 5646 [omittitur

2184 5647 2313 5703 Vide
2344 5647 2500 5712 infra,
2538 5649 2582 5704 si
2602 5647 2816 5719 placet,
2847 5659 3003 5702 notas
3029 5652 3095 5702 ad
3123 5664 3289 5719 segni.
3319 5649 3387 5719 (ξὸ
3413 5665 3464 5703 a.

2249 5719 2360 5790 (93)
2399 5721 2711 5774 Adoremus.
2742 5717 2884 5787 Psal.
2925 5733 3112 5787 cxxxt,
3147 5717 3287 5778 vers.
3321 5717 3375 5772 Ἰ.
