4082 6416
640 355 701 407 31
1843 347 2084 404 DIDYMI
2117 347 2179 402 Al

2280 346 2584 402 {ANDRINI
3719 360 3809 417 ηε

595 473 892 534 exsistens,
921 481 976 525 et
1015 478 1160 524 totus
1193 467 1262 522 ab
1289 468 1541 523 omnibus
1584 475 1802 538 propter
1827 469 1995 539 ipsius
2019 469 2164 524 boni-

2280 467 2628 538 καταλάμπον
2652 507 2666 530 ,
2726 467 2818 520 καὶ
2888 467 3164 537 πανταχοῦ
3238 467 3475 538 πληθύον
3534 471 3775 544 ἁγιασμδν
3793 516 3809 542 ,

600 574 764 617 tatem
794 561 1167 632 participatus,
1213 571 1268 615 et
1311 570 1584 629 receptus,
1614 575 1718 614 non
1749 571 1926 613 tamen
1953 560 2176 625 divisus,

597 666 773 720 neque
823 651 928 704 alio
989 649 1400 720 transmigrans,
1435 664 1611 718 neque
1646 650 1993 702 mutationem
2048 649 2180 703 sub-

597 741 747 803 iens,
783 741 874 795 sed
911 742 1160 795 omnibus
1184 742 1371 796 eodem
1413 755 1628 809 semper
1683 741 1864 802 modo,
1918 755 2022 794 non
2051 755 2181 793 vero

595 845 661 884 ex
694 842 866 900 parte,
899 831 1185 900 inspirans,
1209 840 1262 886 et
1297 831 1570 902 prepriam
1608 833 1898 900 puritatem
1933 846 1963 884 a
1987 846 2176 898 corpo-

603 921 752 974 ribus
811 922 1290 976 incontaminatam
1338 937 1600 986 servans,
1659 931 1715 976 et
1766 924 1947 976 omnia
1997 922 2178 976 divino

600 1013 760 1065 modo
787 1013 1115 1076 illuminans,
1147 1023 1202 1067 et
1228 1013 1428 1083 ubique
1466 1013 1972 1076 sanetificationem,
2007 1013 2180 1067 chari-

603 1115 791 1167 tatem,
829 1120 1033 1173 pacem,
1085 1105 1432 1172 sapientiam,
1475 1104 1755 1174 gaudium,
1801 1105 2172 1169 securitatem,

599 1206 655 1248 et
678 1210 837 1248 omne
879 1197 1076 1249 bonum
1113 1195 1272 1267 114
1300 1197 1594 1264 adaugens,
1639 1204 1825 1263 utpote
1849 1196 1942 1264 qui
1981 1209 2046 1249 ex
2085 1211 2179 1263 pa-

604 1297 757 1340 terno
802 1284 949 1340 fonte
997 1286 1110 1356 (55)
1161 1287 1516 1341 subsistenter
1575 1287 1927 1341 emanavitac
1955 1287 2174 1342 eluxit:

604 1391 700 1444 per
748 1390 948 1442 quem,
1003 1386 1058 1430 et
1115 1387 1334 1446 prepter
1389 1393 1546 1445 quem
1599 1377 1875 1432 nobiscum
1928 1367 2180 1432 'versalur

604 1466 746 1520 Deus
768 1476 823 1520 et
853 1467 1029 1530 Pater,
1055 1483 1175 1520 cum
1200 1482 1306 1536 quo
1333 1467 1568 1537 Spiritus
1599 1473 1711 1537 ipse
1735 1477 1791 1522 et
1819 1470 1869 1522 in
1899 1469 2054 1523 ccelis
2072 1479 2175 1533 est,

602 1568 657 1610 τι
692 1558 833 1625 apud
872 1573 970 1612 nos
1004 1569 1214 1624 manet;
1263 1574 1387 1612 nam
1434 1568 1611 1627 potest
1652 1560 1872 1628 quidem
1921 1576 2178 1630 unaquae—

602 1664 708 1714 que
736 1649 918 1702 divina
943 1663 1167 1718 persona
1201 1649 1380 1703 omnia
1431 1649 1672 1718 perfecte
1700 1650 1818 1704 sine
1847 1649 2006 1704 ullius
2038 1651 2177 1704 indi-

600 1739 781 1806 gentia
812 1738 1026 1806 facere;
1076 1755 1261 1794 verum
1293 1751 1353 1795 ut
1389 1741 1576 1795 eadem
1611 1741 1929 1796 ostendatur
1979 1757 2176 1811 opera-

2281 559 2523 627 ἀγάπην,
2553 558 2796 628 εἰρήνην,
2821 558 3034 626 σοφίαν,
3058 559 3254 630 χαρὰν,
3280 561 3590 628 ἀσφάλειαν,
3615 565 3701 617 καὶ
3722 568 3814 620 πᾶν

2281 647 2505 717 ἀγαθὸν,
2539 649 2632 701 ἆτε
2656 650 2720 701 ὲκ
2743 649 2840 718 τῆς
2866 651 3140 721 πατρικῆς
3163 651 3540 715 ὲνυποστάτως
3563 653 3814 724 ὲκλάμψαν

2282 740 2464 809 πηγῆς
2483 755 2497 769 ·
2544 738 2612 790 δι’
2643 733 2703 792 οῦ
2744 738 2838 790 καὶ
2869 737 2935 790 δι’
2963 737 2992 790 ὃ
3041 741 3172 808 ἡμῖν
3207 738 3495 809 πλησιάζει
3532 742 3560 793 ὁ
3589 740 3708 802 Θεὸς
3738 744 3816 794 καὶ

2281 828 2493 898 Πατὴρ,
2519 827 2636 896 μεθ’
2664 819 2725 879 οῦ
2755 827 2848 880 καὶ
2879 828 2937 880 ὲν
2965 828 3215 898 οὐρανοῖς
3241 830 3410 892 ἐστιν,
3445 829 3538 881 καὶ
3562 833 3682 900 παρ’
3708 833 3816 902 ἡμῖν

2283 919 2466 988 μένει·
2517 919 2819 990 δυναμένης
2873 919 2972 990 μὲν
3018 919 3257 990 ἑκάστης
3302 920 3453 983 θείας
3506 922 3816 986 ὑποστάσεως

2279 1011 2594 1081 ἁτφοσδεῶς
2641 1011 2820 1064 πάντα
2869 1011 3092 1081 ποιῆσαι
3137 1011 3395 1073 τελείως·
3436 1011 3522 1065 ἶνα
3571 1012 3626 1065 δὲ
3661 1013 3813 1083 δειχθῇ

2279 1101 2340 1154 τὸ
2388 1102 2803 1172 συμπρακτικδν
2841 1103 2936 1155 καὶ
2985 1101 3402 1173 ἀπαράλλακτον
3451 1105 3547 1174 τῆς
3574 1121 3631 1156 τε
3661 1105 3817 1169 οὐσίας

2281 1191 2482 1254 αὐτῶν,
2513 1191 2612 1261 τῆς
2645 1209 2703 1244 τε
2749 1193 3197 1264 προσκυνήσεως,
3240 1193 3334 1245 καὶ
3383 1193 3576 1264 δόξης,
3621 1195 3710 1247 καὶ
3749 1196 3818 1247 εὑ-

2277 1280 2563 1350 χαριστίας
2595 1280 2696 1350 τῆς
2737 1280 3060 1351 ὀφειλούσης
3095 1282 3223 1351 παρ’
3248 1282 3410 1352 ἡμῶν
3443 1283 3712 1352 γίνεσθαι,
3746 1285 3818 1338 διὰ

2276 1372 2436 1425 τοῦτο
2465 1376 2615 1443 κοινῇ
2648 1374 2796 1443 παρά
2842 1374 2944 1443 τῆς
2985 1374 3148 1442 ἁγίας
3195 1375 3427 1444 Τριάδος
3473 1376 3573 1445 τῆς
3620 1376 3818 1440 κτίσεως

2279 1463 2679 1535 πληρωθείσης.
2734 1464 2904 1536 [51a]
2946 1465 3236 1536 Παριστῶν
3272 1467 3403 1534 γοῦν
3452 1467 3515 1520 τὸ
3565 1467 3817 1539 τριαδικῶς

2277 1554 2744 1626 διακεκοσμῆσθαι
2784 1557 2885 1627 τὴν
2909 1557 3108 1621 κτίσιν,
3148 1557 3372 1626 ψάλλει·
3417 1577 3435 1609 t
3467 1557 3556 1629 Τῷ
3583 1558 3711 1628 λόγῳ
3733 1561 3819 1612 Κυ-

2280 1647 2399 1719 ρίου
2439 1651 2486 1700 οί
2543 1649 2762 1720 οὐρανοὶ
2829 1648 3262 1720 ἐστερεώθησαν,
3313 1651 3409 1704 καὶ
3454 1651 3530 1719 τῷ
3580 1650 3817 1720 Πνεύματι

2279 1742 2372 1794 τοῦ
2425 1741 2693 1811 στόματος
2741 1740 2904 1794 αὑτοῦ
2978 1743 3148 1795 πᾶσαι
3197 1743 3256 1796 αί
3305 1741 3562 1812 δυνάμεις
3605 1742 3811 1796 αὑτῶν.ι

603 1831 700 1891 ιίο.
738 1831 1036 1899 eademque
1064 1845 1184 1884 cum
1212 1831 1445 1886 essentia
1471 1831 1735 1899 ipsarum,
1768 1841 1881 1885 tum
1913 1833 2176 1895 adoratio,

2281 1829 2449 1885 Εἶπεν
2475 1809 2584 1902 γάρ
2611 1834 2814 1904 Κύριον
2851 1833 2953 1903 μὲν
3005 1833 3096 1886 τὸν
3124 1832 3256 1886 Θεὸν
3295 1809 3518 1905 Πατέρα
3537 1851 3550 1864 ⁸
3578 1834 3730 1902 Λόγον
3772 1833 3817 1886 δὲ

599 1935 648 1975 et
683 1921 878 1992 gloria,
910 1931 964 1976 et
1003 1922 1298 1990 gratiarum
1325 1921 1490 1987 actio,
1520 1939 1640 1992 qua:
1666 1924 1745 1977 eis
1779 1923 1928 1978 reddi
1956 1939 1986 1977 a
2025 1924 2180 1978 nobis

598 2015 778 2079 debet,
809 2014 932 2068 ideo
966 2013 1329 2068 communiter
1359 2028 1390 2067 a
1435 2025 1620 2068 sancta
1655 2013 1926 2070 Trinitate
1967 2015 2174 2069 creatio

597 2105 862 2175 completa
896 2105 1016 2158 fuit.
1051 2102 1119 2158 Ut
1151 2105 1295 2160 hunc
1324 2119 1492 2175 porro
1534 2113 1842 2160 creatarum
1883 2121 2064 2160 rerum
2089 2121 2182 2160 or-

599 2208 786 2251 uatum
841 2207 1002 2266 atque
1055 2197 1298 2252 ordinem
1349 2213 1380 2252 a
1434 2207 1546 2252 tota
1602 2197 1868 2253 Trinitate
1919 2213 2040 2254 esse
2088 2199 2182 2254 de-

599 2298 866 2344 monstret
915 2289 1102 2354 David,
1157 2290 1239 2344 sic
1272 2290 1492 2358 psallit:
1531 2308 1550 2341 ‹
1596 2289 1774 2346 Verbo
1813 2291 1925 2361 (54)
1968 2291 2178 2346 Domini

599 2381 727 2435 cali
758 2380 956 2434 ﬁrmati
986 2391 1136 2442 sunt,
1168 2391 1224 2435 et
1261 2379 1468 2450 Spiritu
1504 2381 1616 2435 oris
1647 2381 1762 2452 ejus
1793 2397 1982 2436 omnes
2009 2383 2180 2436 virtu-

603 2482 683 2524 tes
705 2487 912 2526 eoruin.
950 2492 967 2524 ι
1003 2471 1214 2527 Etenim
1260 2473 1542 2526 Dominum
1586 2474 1802 2542 quidem
1845 2474 1975 2528 dicit
2014 2468 2179 2530 Deum

598 2559 856 2628 Patrem;
911 2563 1149 2618 Verbum
1217 2579 1368 2628 vero,
1425 2563 1768 2634 Unigenitum
1826 2564 2046 2630 Filium,
2090 2581 2184 2634 per

599 2668 782 2723 quem,
813 2662 866 2706 et
897 2668 923 2705 a
969 2667 1078 2722 quo
1119 2653 1288 2708 creati
1311 2662 1436 2707 sunt
1476 2654 1634 2719 caeli;
1679 2654 1940 2724 Spiritum
1975 2665 2178 2720 autem,

598 2753 845 2798 sanctum
881 2743 971 2798 Dei
1019 2743 1408 2799 subsistentem
1447 2743 1734 2814 Spiritum,
1760 2761 1789 2799 a
1816 2761 1922 2816 quo
1961 2756 2016 2800 et
2052 2762 2181 2802 san-

597 2835 820 2889 etilicati
867 2834 981 2907 (35)
1031 2845 1086 2889 et
1131 2837 1470 2891 corroborati
1525 2847 1689 2892 sunt:
1747 2839 1860 2908 ipse
1909 2839 2052 2894 enim
2102 2846 2183 2892 est

598 2927 840 2982 divinum
869 2943 1065 2982 nomen
1095 2947 1110 2994 ;
1156 2929 1272 2998 ipse
1295 2930 1706 2998 omnipotentis,
1750 2940 1805 2986 et
1837 2930 2181 2985 excellentis-

597 3018 736 3072 sima
781 3018 1037 3087 dignitate
1071 3021 1362 3087 praeditus;
1405 3021 1494 3089 qui
1547 3021 1705 3074 simul
1760 3036 1880 3076 cum
1912 3021 2074 3076 Patre
2117 3035 2181 3076 ac

599 3107 739 3163 Filio
756 3117 810 3162 et
843 3119 1321 3172 commemoratur,
1344 3120 1398 3164 et
1435 3109 1894 3179 conglorificatur;
1920 3110 2011 3180 qui
2052 3125 2181 3165 san—

597 3198 826 3262 ctiflcat,
862 3208 914 3254 et
945 3199 1205 3265 vivificat,
1237 3207 1294 3255 et
1323 3199 1563 3254 caelestis
1595 3201 1731 3254 lueis
1776 3201 2067 3272 participes
2101 3201 2182 3256 fa-

603 3290 718 3354 cit;
767 3290 858 3360 qui
905 3291 1240 3360 singulorum
1297 3292 1350 3346 in
1385 3293 1671 3347 concordia
1722 3294 2177 3362 perseverantiam

596 3382 869 3447 custodit;
905 3383 996 3450 qui
1051 3383 1329 3452 prophetis
1362 3392 1419 3438 et
1469 3383 1728 3452 apostolis
1775 3383 2081 3452 inspiravit,
2129 3391 2184 3437 et

600 3473 954 3543 martyribus,
1011 3483 1068 3526 ut
1116 3475 1414 3545 tyrannicae
1479 3474 1785 3529 crudelitati
1842 3475 2177 3538 resisterent,

597 3567 707 3618 vim
741 3565 920 3630 dedit;
965 3567 1054 3634 qui
1105 3577 1349 3630 renovat,
1397 3576 1454 3621 et
1497 3566 1691 3622 liberat
1720 3575 1779 3620 ut
1814 3565 2092 3631 Dominus,
2129 3575 2184 3620 et

601 3657 742 3712 filios
774 3657 863 3710 Dei
894 3672 994 3710 nos
1036 3657 1169 3712 facit
1196 3671 1254 3712 ut
1297 3658 1532 3727 Spiritus
1573 3657 1908 3726 adoptionis;
1945 3658 2036 3727 qui
2068 3659 2180 3712 dre-

599 3763 819 3802 monum
850 3750 995 3803 acies
1023 3764 1119 3816 per
1168 3749 1640 3816 illuminatiouem,
1701 3751 1755 3804 id
1811 3759 1895 3804 est
1943 3766 2038 3820 per
2085 3751 2179 3804 ba-

602 3841 834 3910 ptisma,
891 3841 1122 3908 repellit,
1179 3851 1235 3895 et
1279 3842 1678 3906 adversarium,
1725 3857 1820 3897 seu
1881 3842 2174 3909 Satanam,

604 3931 896 4000 ignominia
927 3931 1120 3995 allicit;
1149 3933 1239 4000 qui
1273 3934 1533 3988 cmlorum
1561 3945 1745 4003 portas
1771 3933 1925 3989 nobis
1945 3943 2175 3999 reserat,

601 4032 656 4076 et
678 4023 744 4076 ad
777 4024 966 4077 salutis
989 4024 1191 4076 aditum
1217 4023 1330 4095 (56)
1357 4040 1455 4079 nos
1481 4025 1648 4088 ducit,
1677 4035 1730 4078 et
1756 4025 2012 4094 angelicae
2044 4039 2178 4080 con-

602 4113 944 4180 versationis,
991 4115 1402 4185 bymnodiaeque
1445 4117 1736 4186 participes
1785 4116 1942 4184 facit;
1974 4117 2066 4186 qui
2093 4132 2180 4173 se-

604 4205 734 4258 mita
771 4205 926 4258 nobis
980 4204 1059 4270 fit,
1094 4205 1160 4258 ad
1219 4205 1391 4274 ipsum
1437 4206 1710 4260 caelestem
1761 4205 1926 4260 Deum
1977 4221 2041 4260 ac
2075 4207 2178 4261 Pa-

603 4308 741 4350 trem
769 4296 1074 4362 deducens;
1121 4296 1212 4366 qui
1245 4297 1594 4352 serenissimo
1625 4298 1862 4351 adventu
1893 4313 1992 4352 suo
2022 4299 2177 4353 nobis

603 4401 726 4442 sese
776 4387 1046 4442 liberrime
1111 4396 1167 4442 et
1228 4387 1688 4443 excellentissime
1743 4388 2164 4454 mauifestavit;

2281 1923 2372 1975 τὸν
2404 1924 2667 1994 μονογενῆ
2708 1924 2859 1988 Υἰὸν,
2900 1923 2968 1977 δι’
2997 1919 3059 1980 οὑ
3104 1925 3199 1977 καὶ
3228 1925 3358 1996 παρ’
3393 1918 3455 1978 οῦ
3490 1924 3814 1994 ἐκτίσθησαν·

2282 2011 2506 2082 Πνεῦμα
2533 2012 2590 2064 δὲ
2645 2012 2705 2065 τὸ
2739 2013 3098 2066 ὲνυπόστατον
3131 2014 3286 2082 ἆγιον
3318 2014 3546 2085 Πνεῦμα
3575 2013 3663 2066 τοῦ
3687 2012 3816 2075 Θεοῦ,

2283 2103 2414 2172 παρ’
2458 2096 2519 2155 οῦ
2575 2103 2932 2170 ἀγιασθέντες
2985 2104 3498 2176 ὲνεδυναμὼθησαν.
3529 2105 3682 2159 Αὐτὸ
3731 2104 3818 2174 γάρ

2286 2195 2436 2246 ἐστιν
2495 2193 2556 2246 τὸ
2611 2194 2787 2246 θεῖκὸν
2836 2193 3041 2265 ὄνομα,
3099 2196 3159 2249 τὸ
3213 2196 3700 2268 παντοκρατορικδν
3743 2195 3817 2248 καὶ

2287 2285 2554 2355 ὑπερέχον
2600 2285 2849 2356 ἀξίωμα,
2897 2285 2958 2339 τὸ
3003 2286 3098 2338 σὺν
3139 2287 3313 2358 Πατρὶ
3354 2288 3450 2340 καὶ⁹
3501 2287 3610 2358 Υἱῷ
3647 2304 3819 2358 μνημο-

2285 2377 2574 2447 νευόμενον
2619 2378 2714 2430 καὶ
2762 2376 3242 2448 συνδοξαζόμενον·
3285 2379 3344 2431 τὸ
3391 2379 3713 2448 ἀγιαστικδν,
3742 2378 3818 2430 καὶ

2285 2466 2582 2530 ζωοποιδν,
2637 2467 2732 2521 καὶ
2799 2467 2976 2535 φωτὸς
3031 2469 3286 2540 οὐρανίου
3357 2469 3731 2539 μεταδοτικόν·
3771 2468 3818 2518 τὸ

2285 2557 2652 2630 φρουρητικδν
2704 2559 2950 2612 ἑκάστων
2998 2561 3098 2630 τῆς
3127 2561 3186 2612 ὲν
3231 2561 3522 2632 ταυτότητι
3560 2560 3815 2630 διαμονῆς’

2282 2650 2341 2703 τὸ
2389 2651 2694 2720 προφήταις
2741 2651 2834 2703 καὶ
2886 2650 3202 2714 ἀποστόλοις
3251 2653 3545 2723 ὲνηχῆσαν,
3581 2652 3669 2704 κα).
3702 2653 3818 2720 μάρ-

2282 2759 2453 2813 τυρας
2503 2743 2819 2814 ἀντιστῆναι
2871 2747 3166 2814 τυραννικῇ
3216 2743 3467 2815 ὠμότητι
3529 2744 3813 2812 ἐνισχύσαν·

2283 2833 2344 2886 τὸ
2373 2833 2720 2897 ἀνακαινίζον
2754 2833 2846 2887 καὶ
2879 2834 3199 2904 ἐλευθεροῦν
3225 2835 3301 2898 ὡς
3340 2836 3563 2908 Κύριος,
3587 2836 3673 2889 καὶ
3700 2833 3817 2894 υἱοὺς

2283 2923 2424 2977 Θεοῦ
2463 2927 2613 2996 ἡμᾶς
2677 2925 2869 2980 ποιοῦν
2914 2926 2992 2989 ὡς
3042 2927 3269 2997 Πνεῦμα
3310 2927 3613 2990 υἱοθεσίας·
3647 2927 3702 2979 τὸ
3737 2925 3818 2978 ἁπ-

2290 3015 2514 3068 ελαῦνον
2554 3016 2631 3087 τῷ
2659 3016 2970 3088 φωτίσματι
3010 3018 3280 3088 δαιμόνων
3302 3019 3488 3091 στίφη,
3529 3019 3618 3072 καί
3640 3018 3720 3072 τὸν
3745 3017 3817 3069 ἀν·

2285 3105 2591 3176 τικείμενον
2638 3106 3029 3177 καταισχύνον·
3075 3109 3135 3161 τὸ
3181 3109 3525 3174 ἀναπετάζον
3575 3111 3694 3180 ήμῖν
3737 3106 3816 3168 τὰς

2283 3195 2527 3265 οὐρανῶν
2561 3195 2757 3260 πύλας,
2803 3198 2897 3250 κα)¹
2933 3196 3066 3265 ἆγον
3099 3198 3192 3250 ἐπὶ
3238 3198 3339 3270 τὴν
3385 3199 3584 3253 εἴσοδον
3613 3200 3701 3269 τῆς
3733 3215 3816 3250 σω-

2282 3285 2506 3356 τηρίας,
2551 3288 2645 3339 καί
2692 3287 2792 3356 τῆς
2840 3289 3086 3356 ἀγγέλων
3133 3290 3415 3356 πολιτείας
3459 3294 3552 3345 καὶ
3583 3291 3816 3363 ὑμνῳδίας

2282 3377 2649 3448 ἐργαζόμενον
2700 3380 3022 3444 κοινωνούς·
3056 3382 3118 3435 τὺ
3158 3383 3450 3454 γινόμενον
3493 3387 3620 3456 ἡμῖν
3663 3383 3816 3454 τρίσος

2284 3469 2640 3538 ἁποφέρουσα
2693 3471 2830 3542 πρὸς
2883 3473 3046 3526 αὑτὸν
3083 3473 3175 3528 τὸν
3229 3478 3553 3550 ἐπουράνιον
3583 3475 3700 3530 Θεὸν
3742 3475 3815 3527 καὶ

2283 3561 2504 3632 Πατέρα
2525 3577 2540 3592 ·
2575 3564 2608 3632 ἠ
2646 3561 2990 3628 αὑτεξούσιος
3038 3566 3135 3618 καὶ¹
3169 3568 3582 3640 ὑπερϐάλλουσα
3623 3567 3815 3638 γαληνο-

2280 3653 2418 3723 τάτη
2457 3654 2786 3722 ἐπιφάνεια·
2817 3656 2849 3724 ή
2901 3656 3144 3725 γόνιμος,
3188 3660 3285 3712 καὶ
3327 3660 3576 3733 ἄπειρος,
3612 3661 3698 3714 καὶ
3733 3673 3814 3709 am-

2285 3742 2444 3814 στικὴ
2498 3743 2762 3815 δύναμις·
2802 3747 2835 3816 ἠ
2880 3747 3182 3819 ἀμεγέθης,
3223 3750 3319 3804 καὶ
3364 3751 3700 3822 ἀσύγκριτος,
3742 3747 3814 3800 καὶ

2284 3836 2456 3904 σεπτὴ
2508 3836 2836 3900 ὑπόστασις·
2877 3839 2910 3908 ἡ
2960 3838 3262 3911 ἄχραντος,
3313 3845 3414 3898 καὶ
3461 3844 3714 3915 ἐγκριτος,
3741 3839 3813 3893 καὶ

2284 3926 2560 3995 πάναγνος
2591 3927 2748 3992 δόξα·
2780 3931 2823 4004 ή
2855 3928 2986 4004 θεία
3018 3933 3202 4002 χάρις,
3247 3935 3277 4004 ή
3329 3933 3395 3988 τὰ
3437 3935 3678 3989 λείποντα
3709 3933 3812 3985 ἀνα-

2283 4017 2598 4088 πληροῦσα,
2649 4019 2742 4072 καὶ
2783 4003 2867 4072 τά
2889 4021 3089 4092 ἀσθενῆ
3128 4003 3369 4094 ἰωμένη·
3414 4027 3446 4096 ή
3483 4025 3704 4098 apem;
3740 4020 3812 4073 καὶ

2281 4107 2453 4171 ἀΐδιος
2483 4108 2757 4181 ἀγαθότης
2775 4127 2789 4140 ο
2817 4113 2850 4182 ή
2883 4112 3034 4184 πηγὴ
3062 4113 3169 4167 τῶν
3198 4115 3562 4170 ἀνεκλείπτων
3591 4110 3812 4184 χαρισμά-

2279 4217 2411 4263 των,
2442 4201 2538 4254 καὶ
2577 4203 2780 4265 παντὸς
2821 4203 3028 4270 ἀγαθοῦ
3067 4204 3162 4259 νοῦ
3200 4206 3458 4278 πρόοδος·
3489 4209 3521 4278 ἡ
3556 4204 3811 4276 μελλόντων

2283 4292 2378 4344 καὶ
2407 4291 2702 4359 ἀγνώστων
2744 4293 2948 4365 ἀληθὴς
2999 4297 3342 4368 φανέρωσις·
3382 4301 3420 4371 ἡ
3463 4298 3547 4370 [51
3575 4297 3622 4369 ὁ]
3667 4294 3810 4362 σωτή-

2284 4403 2399 4458 ριος
2439 4387 2696 4458 σφραγὶς,
2730 4389 2826 4442 καὶ
2855 4389 2916 4442 τὸ
2951 4389 3094 4443 θεῖον
3129 4390 3366 4462 χρίσμα·
3397 4393 3428 4445 ὁ
3468 4387 3703 4462 ἀρῥαὸὼν
3725 4383 3810 4436 τῶν

603 4479 694 4546 qui
724 4491 806 4534 est
840 4480 996 4551 115
1033 4479 1280 4543 fecunda,
1313 4489 1368 4534 et
1393 4479 1630 4546 infinita,
1663 4490 1718 4533 et
1740 4483 2004 4534 servatrix
2048 4481 2171 4547 vis;

2283 4479 2466 4531 ἀϊδίων
2517 4479 2766 4547 ἀγαθῶν·
2807 4483 2940 4554 παρ’
2974 4474 3036 4535 οὗ
3086 4484 3234 4536 πᾶσα
3285 4483 3496 4549 κτίσις,
3543 4479 3695 4552 ὁρατὴ
3734 4473 3809 4529 καὶ

605 4571 990 4641 magnitudine,
1047 4585 1140 4626 seu
1196 4571 1534 4626 dimensione
1583 4572 1777 4641 quavis
1832 4585 2066 4637 carens,
2119 4581 2173 4625 et

683 4741 791 4814 (55)
829 4740 1014 4814 Fonte.
1033 4743 1126 4797 Est
1145 4744 1286 4796 enim
1316 4744 1498 4806 Pater,
1522 4753 1583 4799 ut
1609 4745 1902 4814 loquuntur
1925 4745 2180 4814 theologi,

621 4828 642 4884 ι
678 4813 794 4884 fons
828 4813 993 4884 totius
1033 4814 1350 4866 divinitatis.
1399 4833 1417 4865 ι
1462 4815 1604 4868 Cave
1643 4813 1821 4870 autem
1861 4825 2058 4884 putes,
2098 4813 2184 4870 his

617 4880 976 4953 Locutionibus
1028 4884 1426 4953 processionem
1461 4884 1694 4953 Spiritus
1733 4880 1908 4939 sancti
1937 4901 1964 4936 a
1997 4883 2180 4948 Patre,

615 4948 858 5018 Filioque
886 4951 1088 5017 negari.
1119 4952 1230 5016 Qua
1258 4955 1323 5005 de
1349 4969 1406 5006 re
1436 4948 1570 5007 alias
1597 4969 1902 5010 sermonem
1931 4955 2091 5009 habui
2124 4955 2180 5010 in

616 5016 1286 5089 EpiristbfqurArcihintum
1312 5023 1612 5089 prwsulem.

683 5088 795 5153 (54)
839 5086 1028 5141 Verbo.
1072 5088 1213 5142 Psal.
1244 5086 1418 5155 xx'xu,
1449 5107 1589 5149 vers.
1637 5094 1690 5148 6.

688 5157 802 5226 (55)
842 5155 1190 5224 Sanctiﬁcati.
1240 5161 1371 5212 Cum
1415 5164 1528 5215 hac
1579 5164 1645 5218 ab
1678 5179 1744 5217 eo
1790 5163 1990 5217 dictata
2047 5172 2178 5226 sint,

618 5227 708 5293 qui
728 5228 810 5301 ob
836 5227 1232 5301 Origenismum
1260 5229 1398 5301 male
1421 5233 1588 5296 audit,
1619 5233 1751 5287 nihil
1782 5233 1992 5287 facilius
2016 5248 2175 5301 quam

617 5305 676 5349 ut
728 5294 852 5371 illuc
907 5294 974 5371 ab
1018 5297 1545 5371 aliquo_trahantur.
1577 5294 1725 5356 ’Vide
1773 5319 1892 5371 quae
1935 5294 2182 5370 superius

618 5381 742 5440 pag.
781 5364 872 5431 87,
903 5364 1172 5440 adnotavi.
1200 5367 1338 5434 Quid
1375 5379 1550 5440 tamen
1587 5382 1733 5426 vetat
1770 5364 2062 5440 quominus
2097 5373 2184 5426 Di-

617 5437 834 5510 (lyniuni
905 5435 1275 5510 existimemus
1329 5437 1586 5494 caelorum
1643 5435 1864 5497 nomine
1927 5443 2183 5510 angelos,

618 5504 992 5576 (telorumque
1034 5506 1291 5576 _virtutes,
1331 5523 1425 5560 seu
1468 5521 1780 5576 potestates.
1817 5522 1910 5564 aut
1966 5504 2182 5565 fo'rtitu-Q

619 5575 770 5649 dines
784 5573 900 5649 hic.
923 5573 1240 5643 intelligere,
1276 5573 1501 5649 ideoque
1534 5579 1860 5649 Origeniano
1890 5596 2052 5634 sensu
2079 5598 2184 5636 non

621 5641 1198 5718 loqui?_liierot_i_y_iii_us
1235 5658 1363 5718 sane
1411 5641 1464 5718 in
1515 5641 1754 5710 magiam
1794 5652 1862 5703 ad
1911 5650 2185 5718 Algasiam

625 5711 892 5786 iniin.__i0,
931 5731 949 5762 ς
986 5711 1170 5786 Militia
1210 5714 1353 5779 etcli,
1386 5735 1406 5768 ι
1439 5717 1628 5786 inquit,
1664 5739 1681 5770 ι
1724 5737 1826 5773 non
1864 5711 2071 5773 tantum
2107 5722 2185 5774 sol

624 5781 941 5848 appellatur,
968 5791 1025 5837 et
1053 5783 1201 5848 luna,
1227 5793 1281 5840 et
1305 5799 1450 5842 astra
1482 5781 1778 5859 rutilantia,
1805 5791 1897 5847 sed
1930 5801 1986 5846 et
2009 5792 2185 5847 munis

2233 4651 2248 4660 .
2284 4572 2536 4644 ἀόρατος,
2569 4573 2762 4646 λογικὴ
2789 4576 2884 4628 κα)¹
2917 4574 2990 4647 μὴ
3020 4576 3232 4647 λογικὴ,
3263 4577 3642 4650 ὲνδυναμοῦται
3661 4591 3673 4603 ·
3703 4567 3809 4638 παρ’

2293 4747 2533 4826 angelica
2583 4751 2890 4826 mt_i_ltitudo_,
2936 4766 3237 4826 eorumque
3278 4756 3564 4814 exercitus,
3604 4749 3685 4820 qui
3721 4745 3808 4826 ῌθ·

2293 4817 2476 4889 braice
2511 4820 2812 4889 appellatur
2859 4817 3218 4885 Sabaothfid
3261 4834 3373 4889 est,
3415 4817 3675 4879 virtutum.
3718 4817 3808 4889 sive

2288 4886 2658 4962 exercituinn.
2680 4908 2698 4940 ι
2728 4889 2960 4944 Hilarius
2988 4905 3118 4962 vero
3147 4895 3211 4945 ad
3237 4907 3299 4946 ea
3329 4886 3463 4962 p'sal.
3485 4903 3622 4962 Lavit
3652 4886 3804 4962 verba.

2292 4973 2311 5006 ‹
2344 4956 2475 5033 ςφιί
2502 4959 2910 5033 distillavernnt,
2934 4979 2952 5033 ι
2979 4961 3058 5015 sic
3084 4953 3344 5030 loquitur'
3367 4980 3483 5033 pag.
3508 4961 3606 5014 220
3633 4969 3743 5012 tom.
3763 4953 3805 5006 l:

2296 5045 2315 5076 ι
2351 5025 2406 5079 Si
2429 5029 2581 5102 enim
2625 5029 2709 5084 lex
2751 5031 3010 5102 disposita
3043 5041 3128 5102 est
3156 5025 3255 5100 per
3279 5025 3519 5102 angelos,
3551 5038 3807 5102 panemque

2285 5097 2598 5171 angelorum
2652 5097 2994 5171 manducavit
3041 5097 3219 5165 homo,
3269 5097 3497 5170 cmiique
3528 5097 3803 5171 stillasscnin

2289 5166 2417 5239 Sina
2457 5169 2786 5239 scribuntur.
2821 5169 3060 5239 profecto
3102 5163 3456 5225 ministerium
3489 5174 3580 5224 hoc
3609 5185 3634 5220 a
3661 5163 3802 5218 uelis.

2290 5235 2342 5307 id
2377 5248 2482 5307 est,
2514 5238 2584 5292 ab
2622 5235 2835 5307 angelis
2863 5239 3133 5306 expletum
3164 5255 3281 5294 esse
3307 5257 3409 5296 non
3438 5240 3642 5294 dubium
3673 5245 3757 5307 est.
3785 5247 3801 5306 ξ

2289 5303 2426 5381 Quid
2484 5302 3139 5381 plin-:i?'Didymus_ipse
3183 5311 3326 5381 hunc
3367 5311 3606 5381 eumdem
3648 5302 3802 5372 psalmi

2293 5375 2746 5450 Ineum’aﬂ‘erens
2773 5375 2942 5448 segni.
2992 5375 3059 5450 78
3101 5381 3152 5445 ὁ,
3201 5399 3219 5428 ι
3255 5379 3484 5434 Virtutes
3515 5377 3744 5450 rmloruui
3783 5384 3798 5415 ι

2290 5445 2366 5494 ait
2407 5460 2528 5500 esse
2566 5463 2672 5502 non
2721 5445 2878 5502 modo
2919 5449 3178 5504 caelorum
3218 5467 3238 5500 t
3274 5450 3606 5511 substantias,
3651 5463 3667 5494 ι
3710 5445 3800 5492 sive

2284 5513 2336 5566 id
2372 5531 2478 5580 quo
2515 5535 2532 5566 ι
2571 5519 2994 5582 constituuntur,
3028 5539 3046 5571 ι
3079 5535 3262 5573 verum
3295 5522 3452 5573 etiam
3486 5537 3504 5568 ι
3541 5511 3794 5583 angelos.)

2355 5575 2468 5654 (56)
2511 5585 2716 5640 Salutis
2746 5575 3226 5644 aditumilmcutio
3252 5591 3538 5652 translata;
3567 5575 3797 5656 evtemlﬁliﬁ

2289 5658 2522 5726 scilicet,
2573 5667 2630 5710 ut
2674 5659 2893 5726 .opinor,
2946 5658 3129 5720 ducta,
3170 5675 3398 5726 quorum
3443 5655 3799 5726 pars__anterior

2288 5725 2516 5790 εἴσοδος.
2551 5729 2662 5781 sive
2694 5723 2732 5778 ί
2759 5729 2934 5785 aditus
2971 5749 2989 5781 ι
3026 5723 3244 5799 dicitur,
3279 5741 3370 5786 aut
3399 5723 3696 5799 προπύλαια,
3723 5723 3797 5770 5°"

2291 5811 2310 5846 ι
2353 5797 2692 5852 vestibulum.
2730 5817 2750 5851 ι
2803 5808 2805 5810 ’

2291 5811 2310 5846 t
2353 5806 2692 5853 vesllbulum.
2730 5817 2750 5851 ι
2803 5808 2805 5810 ’
