4082 6416
269 391 350 450 \51
1368 401 1456 456 DE
1497 401 1879 457 TRINITATE
1918 401 2126 456 LIBER
2168 401 2552 460 SECUNDUS.

3511 410 3618 469 453

289 519 464 591 στολῇ·
509 539 532 572 ι
586 523 670 576 Ἀ
713 524 1029 598 ὀφθαλμὸς
1057 524 1155 578 οὐκ
1181 519 1337 588 εἶδεν,
1372 525 1471 576 καὶ
1498 520 1593 588 οῦς
1621 526 1721 577 οὐκ
1755 525 1914 594 ἤκου-

2033 523 2112 593 qui
2140 524 2444 594 loquimini,
2487 525 2583 579 sed
2632 524 2868 594 Spiritus
2901 525 3076 580 Patris
3109 528 3211 580 mei
3246 529 3335 598 qui
3379 528 3620 601 loquitur

304 615 508 681 σεν,κα“ι
538 615 643 669 ὲ.πὶ
658 618 913 687 καρδίαν
947 616 1232 688 ἀνθρώπου
1262 617 1363 669 οὐκ
1392 616 1562 687 ἁνέὸη
1584 633 1597 645 ·
1630 616 1666 670 δι
1693 617 1919 688 ἡτοίμα-

315 727 393 765 σεν
419 712 449 765 ὸ
478 709 618 775 Θεδς
653 713 777 776 τοῖς
809 710 1110 781 ἀγαπῶσιν
1143 709 1329 776 αὐτὸν,
1362 711 1497 782 ἡμῖν
1539 709 1596 761 δὲ
1641 709 1918 762 ἀπεκάλυ-

329 804 413 874 ψεν
450 807 478 858 ὁ
525 804 659 868 Θεὸς
711 805 805 857 διὰ
839 804 940 858 τοῦ
992 803 1309 875 Πνεῦματος
1345 801 1532 858 αὑτοῦ.
1577 803 1651 856 Τὸ
1690 803 1918 874 Πνεῦμα

330 899 498 952 πάντα
536 899 738 968 ἐρευνᾷ
773 895 874 950 καὶ
902 897 972 950 τὰ
1009 895 1145 968 βάθη
1184 895 1278 948 τοῦ
1314 894 1472 948 Θεοῦ.
1507 895 1604 958 Τίς
1636 895 1745 967 γὰρ
1774 891 1918 949 οἶδεν

346 986 642 1059 ἀνθρώπων
677 985 750 1040 τὰ
786 985 883 1039 τοῦ
920 985 1233 1057 ἀνθρώπου,
1272 985 1320 1038 εἰ
1358 985 1435 1057 μὴ
1467 985 1529 1038 τὸ
1562 986 1780 1057 πνεῦμα
1820 987 1917 1040 τοῦ

337 1079 611 1152 ἀνθρώπου
642 1079 707 1132 τὸ
734 1079 794 1132 ὲν
824 1077 1006 1149 αὐτῷ;
1041 1078 1196 1132 Οῦτω
1229 1080 1323 1132 καὶ
1353 1077 1421 1132 τὰ
1450 1076 1546 1132 τοῦ
1576 1079 1712 1132 Θεοῦ
1743 1079 1920 1144 οὐδεὶς

343 1169 492 1237 οἶδεν,
546 1173 592 1224 εἰ
651 1173 726 1244 μὴ
764 1170 827 1226 τὸ
874 1170 1099 1242 Πνεῦμα
1145 1170 1242 1225 τοῦ
1293 1172 1454 1227 Θεοῦ.
1512 1173 1703 1244 Ἡμεῖς
1748 1174 1829 1227 δὲ-
1856 1175 1918 1226 οὐ

342 1263 547 1333 πνεῦμα
569 1261 668 1315 τοῦ
700 1263 909 1335 κόσμου
940 1263 1228 1334 ἐλάϐομεν,
1260 1263 1396 1318 ἀλλὰ
1423 1263 1485 1317 τὸ
1515 1262 1740 1335 Πνεῦμα
1766 1264 1827 1317 τὸ
1856 1265 1920 1317 ἐκ

337 1356 426 1410 τοῦ
458 1355 625 1409 Θεοῦ·
662 1356 749 1409 ἵνα
783 1356 982 1427 ἴδωμεν
1019 1355 1089 1410 τὰ
1128 1357 1234 1410 ὑπὸ
1268 1357 1363 1410 τοῦ
1409 1356 1546 1411 Θεοῦ
1589 1357 1920 1429 χαρισθέντα

336 1451 482 1521 ἡμῖν.
538 1467 558 1499 ι
619 1446 704 1500 Τὰ
751 1449 1131 1520 ὴτοιμασμένα
1190 1449 1343 1521 παρὰ
1393 1449 1487 1504 τοῦ
1543 1449 1678 1503 Θεοῦ
1739 1450 1922 1519 ἀγαθὰ

331 1535 503 1603 εἶπεν,
534 1539 620 1591 ὅτι
649 1538 713 1591 τὸ
741 1538 968 1609 Πνεῦμα
1003 1540 1354 1612 ἀπεκάλυψεν
1381 1537 1459 1607 ὣς
1495 1543 1788 1615 συνδοτήρ·
1826 1544 1922 1598 καὶ

328 1634 559 1704 Πνεῦμα
609 1634 810 1702 αὐτοῦ,
858 1637 1002 1688 κατὰ
1045 1636 1474 1708 ἀντιπαράθεσιν
1507 1636 1602 1690 τοῦ
1652 1638 1921 1710 ἡμετέρου

327 1727 674 1798 πνεύματος.
704 1728 815 1780 Καὶ
844 1728 1353 1801 ἐπασφαλιζόμενος
1381 1726 1539 1794 αὖθις
1567 1731 1629 1784 τὸ
1663 1731 1737 1802 μὴ
1772 1731 1925 1801 νομίο

328 1820 524 1884 ζεσθαι
571 1819 706 1873 αὐτὸ
750 1819 826 1883 ὡς
875 1821 1195 1894 ἄγγελον,ῆ
1243 1822 1372 1877 ἄλλο
1419 1822 1638 1895 πνεῦμα
1683 1825 1922 1888 κτιστὺν,

2022 615 2078 668 in
2116 614 2286 670 vobis.
2319 636 2338 669 ι
2377 616 2490 670 Hoc
2520 627 2604 672 est
2635 637 2648 671 :
2679 617 2794 673 Non
2830 632 2926 672 vos
2959 625 3244 682 creaturae,
3279 620 3372 674 sed
3402 622 3620 677 increa-

2024 714 2112 761 tus
2163 706 2400 777 Spiritus
2430 708 2549 763 Dei.
2585 709 2787 764 Paulus
2814 723 2946 765 vero
2983 710 3036 763 in
3069 711 3241 780 prima
3280 711 3522 782 Epistola
3554 719 3620 769 ad

2021 798 2338 855 Corinthios
2383 801 2574 855 scribit
2607 825 2618 857 :
2652 821 2670 853 ι
2702 801 2832 869 Quae
2874 802 3064 857 oculus
3095 801 3207 875 (60)
3245 817 3348 859 n0n
3383 807 3541 870 vidit,
3569 818 3624 862 et

2024 896 2174 950 auris
2202 911 2308 951 non
2359 895 2587 959 audivit,
2623 903 2678 949 et
2722 895 2778 949 in
2824 910 2920 949 cor
2948 894 3186 949 hominis
3217 909 3321 949 non
3363 898 3623 952 ascende-

2023 999 2150 1042 runt
2198 1004 2319 1058 quae
2365 989 2698 1059 praeparavit
2749 987 2894 1042 Deus
2943 987 3296 1058 diligentibus
3336 1003 3437 1044 se:
3469 991 3625 1044 nobis

2023 1089 2202 1135 autem
2228 1079 2490 1135 revelavit
2505 1079 2648 1134 Deus
2665 1094 2760 1148 per
2773 1077 3036 1148 Spiritum
3056 1093 3235 1135 suum.
3255 1078 3494 1147 Spiritus
3509 1061 3624 1149 (61)

2021 1174 2208 1230 omnia
2268 1184 2547 1228 scrutatur
2591 1175 2756 1227 etiam
2802 1171 3070 1241 profunda
3120 1170 3236 1224 Dei.
3289 1169 3422 1238 Quis
3470 1173 3615 1225 enim

2022 1268 2304 1323 hominum
2362 1269 2514 1323 novit
2567 1282 2687 1336 qua:
2737 1275 2866 1322 sunt
2903 1264 3174 1328 hominis,
3239 1264 3344 1319 nisi
3399 1264 3625 1334 spiritus

2023 1362 2264 1418 hominis
2334 1362 2428 1433 qui
2482 1371 2565 1417 est
2608 1362 2661 1417 in
2715 1359 2875 1430 ipso?
2939 1357 3030 1413 Sic
3099 1358 3264 1413 etiam
3318 1374 3440 1429 quae
3499 1369 3628 1413 sunt

2024 1453 2145 1517 Dei,
2176 1467 2340 1508 nemo
2381 1453 2534 1506 novit
2563 1451 2666 1506 nisi
2713 1449 2950 1519 Spiritus
2985 1447 3099 1503 Dei.
3155 1447 3262 1502 Nos
3297 1458 3480 1502 autem
3518 1463 3623 1501 non

2025 1546 2279 1615 spiritum
2312 1545 2496 1599 mundi
2530 1544 2864 1613 accepimus,
2900 1541 2996 1596 sed
3030 1539 3296 1609 Spiritum
3323 1543 3415 1610 qui
3449 1549 3534 1595 est
3558 1555 3626 1596 ex

2027 1637 2162 1705 Deo,
2201 1649 2259 1694 ut
2304 1639 2542 1693 sciamus
2581 1653 2700 1704 quae
2743 1652 2770 1688 a
2815 1635 2924 1689 Deo
2964 1635 3161 1689 donata
3210 1643 3336 1688 sunt
3377 1635 3556 1688 nobis.
3601 1653 3621 1686 ι

2028 1731 2345 1800 Przeparala
2392 1746 2420 1782 a
2458 1728 2565 1782 Deo
2593 1730 2732 1782 bona
2781 1727 3019 1782 revelata
3070 1741 3190 1781 esse
3234 1727 3309 1780 ait
3346 1741 3376 1779 a
3415 1726 3623 1797 Spiritu

2031 1835 2291 1895 tanquam
2358 1821 2744 1892 conlargitore.
2807 1821 2889 1876 Ae
2942 1819 3205 1889 Spiritum
3251 1834 3428 1886 suum,
3457 1820 3510 1874 id
3544 1831 3629 1875 est

328 1913 659 1983 ἐπήγαγεν·
719 1929 738 1963 ι
779 1913 853 1966 Οὐ
892 1886 1122 1985 τένεῦμα
1170 1886 1265 1968 τοῦ
1322 1917 1527 1986 κόσμου
1561 1886 1851 1987 ’ἐλάϐομεν

2033 1886 2160 1982 θεῖ,
2184 1915 2396 1984 spiritui
2431 1886 2620 1969 nostio
2645 1913 2891 1982 opponit.
2925 1886 3101 1982 Atque
3144 1921 3200 1964 ut
3235 1912 3337 1966 hoc
3369 1921 3622 1980 tanquam

329 2005 514 2076 (τοῦτ’
564 2004 715 2058 ἔστιν
757 2006 986 2078 γενητὸν
1011 2009 1051 2075 ),
1089 2026 1108 2059 ‹
1139 2007 1277 2061 ἀλλὰ
1305 2007 1365 2060 τὸ
1394 2007 1621 2077 Πνεῦμα
1649 2008 1710 2060 τὸ
1742 2010 1806 2060 ὲκ
1827 2007 1922 2061 τοῦ

327 2096 502 2150 Θεοῦ·
553 2113 575 2147 ι
613 2095 762 2147 τοῦτ’
793 2095 961 2160 ἔστιν,
1003 2097 1063 2162 ἐξ
1103 2097 1582 2169 ὑπολειπομένων,
1613 2099 1675 2152 τὸ
1718 2103 1782 2152 ἐκ
1828 2097 1922 2153 τοῦ

327 2187 466 2240 Θεοῦ
496 2187 602 2258 τῆς
636 2187 990 2252 ὑποστάσεως
1023 2188 1356 2261 ὲκπορευθέν
1379 2206 1390 2216 ·
1422 2190 1516 2243 καὶ
1546 2189 1622 2253 ὡς
1653 2191 1788 2243 αὐτὸ
1825 2191 1922 2262 μό-

327 2297 420 2332 νον
447 2274 562 2333 οἶδε
592 2277 665 2332 τὰ
697 2277 792 2331 τοῦ
826 2279 986 2340 Θεοῦ,
1030 2280 1106 2343 ὼς
1143 2280 1351 2353 Κύριος
1384 2283 1479 2335 καὶ
1507 2281 1629 2353 ἕχον
1662 2283 1925 2348 ὡσαύτως

325 2375 394 2443 τῇ
442 2371 610 2440 φύσει
649 2371 784 2442 πρὸς
821 2371 913 2425 τὸν
956 2373 1200 2444 Πατέρα.
1246 2375 1306 2427 Ὀ
1348 2374 1458 2445 γὰρ
1495 2394 1512 2426 ε
1542 2375 1748 2439 δοῦλος,
1783 2395 1800 2426 ι
1850 2377 1926 2441 ὡς

327 2466 386 2516 ὲν
416 2461 745 2532 Εὑαγγελίῳ
789 2461 959 2530 λέγει,
1000 2481 1019 2514 ι
1073 2465 1176 2517 οὐκ
1224 2459 1334 2517 οἶδε
1378 2463 1432 2516 τί
1486 2467 1690 2518 ποιεῖὸ
1737 2466 1926 2538 κύριος

330 2553 527 2609 αὐτοῦ.
573 2573 590 2604 ι
633 2556 747 2606 Οὐκ
783 2553 862 2606 ἔτι
896 2555 951 2607 δὲ
982 2555 1057 2619 ὡς
1089 2557 1182 2608 ἐπὶ
1220 2556 1315 2609 τοῦ
1368 2556 1656 2628 ἀνθρώπου
1693 2554 1814 2612 εἶπε
1843 2559 1923 2622 τὸ,

333 2667 354 2700 ι
391 2646 710 2701 Κατοικοῦν
732 2650 789 2701 ἐν
814 2647 892 2718 τῷ
917 2647 1054 2718 Θεῷ,
1088 2667 1104 2699 ι
1138 2649 1224 2701 ἵνα
1255 2648 1331 2719 μὴ
1361 2647 1614 2714 σύνθετος
1640 2650 1924 2724 νομισθείη

331 2742 361 2792 ὁ
391 2739 697 2801 ἀσύνθετος
725 2738 836 2811 [53
861 2737 933 2810 α]
983 2739 1136 2802 Θεός.
1167 2740 1313 2812 Πρὸς
1341 2740 1398 2793 δὲ
1436 2742 1747 2811 Ἐφεσίους·
1787 2763 1806 2796 ι
1835 2744 1925 2815 Μὴ

331 2833 565 2886 λυπεῖτε
603 2832 667 2884 τὸ
696 2831 921 2902 Πνεῦμα
948 2832 1011 2885 τὸ
1043 2832 1200 2902 ἆγιον
1226 2834 1321 2888 τοῦ
1354 2835 1514 2901 Θεοῦ,
1552 2839 1609 2890 ἐν
1645 2829 1688 2904 ᾧ
1718 2839 1926 2910 ἐσφρα-

330 2926 567 2997 γίσθητε
633 2926 715 2988 εἰς
769 2925 983 2997 ἡμέραν
1034 2927 1570 2998 ἀναπολυτρώσεως·
1610 2949 1628 2980 ι
1688 2930 1826 3001 πρὸς
1872 2930 1929 2984 δὲ

343 3018 696 3090 Ῥωμαίους·
751 3036 770 3069 ι
819 3017 1008 3088 Ὑμεῖς
1051 3019 1153 3072 οὐκ
1203 3020 1328 3072 ἐστὲ
1369 3022 1427 3074 ἐν
1471 3023 1656 3092 σαρκὶ,
1707 3021 1822 3074 ἀλλ’
1870 3022 1928 3074 ἐν

335 3113 645 3182 Πνεὺματι,
684 3111 842 3182 εἴπερ
881 3109 1108 3181 Πνεῦμα
1147 3111 1284 3164 Θεοῦ
1324 3114 1465 3166 οἰκεῖ
1499 3115 1557 3166 έν
1596 3114 1755 3185 ὑμῖν·
1793 3115 1842 3167 εἰ
1871 3113 1928 3166 δέ

337 3219 425 3265 τις
456 3202 690 3272 Πνεῦμα
725 3200 965 3272 Χριστοῦ
999 3202 1099 3253 οὐκ
1139 3200 1252 3271 ἔχει
1273 3243 1286 3261 ,
1325 3197 1482 3266 οὗτος
1515 3205 1615 3256 οὐκ
1652 3203 1800 3256 ἔστιν
1834 3205 1930 3256 αὑ-

343 3293 439 3346 τοῦ
462 3312 474 3325 ·
525 3315 545 3347 ι
583 3293 722 3365 πρὸς
751 3294 807 3346 δὲ
835 3292 1082 3357 Γαλάτας
1104 3310 1118 3321 ·
1160 3311 1179 3344 ι
1231 3294 1352 3347 Ὅτι
1381 3294 1437 3347 δέ
1471 3295 1596 3347 ἐστε
1637 3297 1744 3348 υἱοὶ
1769 3334 1783 3358 ,
1839 3296 1928 3362 ὲξ-
1957 3256 1999 3313 C

334 3387 665 3444 απέπειλεν
684 3387 860 3449 ὁθεὸς
889 3387 951 3439 τὸ
980 3386 1210 3457 Πνεῦμα
1238 3386 1332 3440 τοῦ
1351 3386 1482 3440 Υἱοῦ
1517 3387 1684 3440 αὐτοῦ
1712 3389 1793 3452 εἰς
1827 3389 1926 3453 τὰς

334 3481 572 3552 καρδίας
609 3479 796 3549 ὑμῶν,
839 3476 1042 3550 κράζον
1076 3477 1249 3531 Ἀϐὅᾶ
1296 3481 1323 3531 ὁ
1367 3480 1592 3552 Πατήρ·
1632 3500 1650 3532 ι
1691 3481 1827 3552 πρὸς
1874 3481 1931 3534 δὲ

335 3572 739 3642 Φιλιππήσίους
761 3589 774 3600 ·
814 3591 832 3620 ί
862 3566 993 3623 Οἶδα
1017 3570 1148 3641 γὰρ,
1173 3571 1255 3623 ὃτι
1280 3570 1442 3625 τοῦτό
1473 3589 1563 3642 μοι
1590 3573 1932 3644 ἀποϐήσεται

341 3667 429 3728 εἰς
461 3665 758 3736 σωτηρίαν,
795 3662 886 3717 διὰ
910 3663 1010 3733 τῆς
1059 3662 1215 3733 ὑμῶν
1251 3662 1512 3735 δεήσεως,
1544 3667 1639 3718 καὶ
1671 3667 1932 3739 ἐπιχορη-

344 3755 470 3822 γεας
495 3755 587 3808 τοῦ
609 3754 930 3825 Πνεῦματος
959 3753 1136 3824 Ἰησοῦ
1160 3756 1418 3826 Χριστοῦ.
1458 3776 1475 3806 ι
1508 3756 1698 3827 Ἀορει
1723 3757 1786 3828 δὴ
1814 3754 1929 3819 οῦν,

341 3848 424 3910 ὡς
466 3848 562 3900 καὶ
598 3847 758 3918 μόνον
792 3846 852 3899 τὸ
885 3845 1049 3916 φάναι
1085 3847 1216 3899 αὐτὸ
1252 3867 1270 3898 ι
1311 3847 1538 3918 Πνεῦμα
1573 3849 1666 3901 τοῦ
1702 3847 1861 3914 Θεοῦ,
1907 3869 1926 3902 ι

337 3941 433 3993 καὶ
480 3943 515 4011 ή
574 3939 866 4010 προσθήκη
917 3938 974 3990 δὲ
1010 3938 1104 3990 τοῦ
1153 3939 1358 4011 ἄρθρου
1415 3943 1508 3994 τοῦ
1570 3963 1587 3993 ι
1624 3942 1726 4012 μοῦ
1765 3961 1783 3994 ι
1840 3944 1934 3997 καὶ

336 4052 359 4084 ι
400 4031 521 4096 σοῦ,
546 4051 564 4082 ι
587 4033 685 4084 καὶ
713 4029 871 4082 τοῦτο
894 4027 1180 4099 τηλαυγῶς
1209 4033 1505 4105 ἐσήμανεν,
1538 4034 1619 4086 ὅτι
1650 4035 1746 4087 καὶ
1771 4034 1928 4088 ἄκτι-

413 4191 526 4260 (60)
561 4190 695 4257 Qum
719 4190 920 4245 oculus.
962 4190 979 4244 1
1014 4189 1141 4245 Cor.
1183 4206 1246 4254 ll,
1281 4188 1435 4260 9-12.

415 4259 528 4331 (61)
561 4261 814 4328 Spiritus.
847 4261 1026 4332 Biblia
1079 4262 1281 4332 addunt
1464 4273 1653 4314 vocem
1707 4260 1836 4332 γάρ.
1871 4260 1939 4314 Ει

340 4328 518 4402 paulo
542 4341 665 4402 post
694 4347 788 4399 pro
820 4331 1015 4402 ἴδωμεν
1044 4331 1257 4402 habent,
1276 4328 1529 4402 εἰδῶμεν.

417 4403 530 4527 (ϐξ)
570 4401 695 4488 [Yon
728 4404 886 4487 nouit.
922 4401 1079 4456 Joan.
1116 4417 1204 4461 xv,
1241 4401 1327 4456 l5.

443 4474 534 4527 Gal
563 4473 602 4524 Α
618 4477 760 4525 alite.
784 4473 979 4527 hebes.
1014 4489 1088 4527 tv.
1141 4472 1232 4526 50.
1299 4471 1327 4526 Ρ

430 4532 440 4545 δ

343 4541 462 4613 iege
499 4541 954 4613 ἀπολυτρώσεως,
986 4553 1044 4598 ut
1088 4553 1173 4597 est
1219 4543 1271 4596 in
1317 4541 1521 4597 Grecis
1554 4541 1760 4613 Bibliis.
1796 4541 1930 4596 Nam

2032 2015 2240 2062 certum
2283 2021 2475 2062 rursus
2506 2005 2769 2070 stabiliat,
2808 2020 2912 2059 non
2945 2018 3066 2059 esse
3102 2003 3416 2058 habendum
3450 2003 3624 2073 ipsum

2035 2111 2093 2154 ut
2124 2098 2395 2170 angelum,
2444 2107 2539 2151 aut
2568 2098 2734 2150 alium
2785 2096 3034 2165 spiritum
3065 2104 3335 2161 creatum,
3372 2095 3625 2164 subjecit,

2038 2211 2058 2242 ε
2095 2190 2210 2246 Non
2245 2192 2499 2262 spiritum
2536 2190 2720 2244 mundi
2758 2189 3073 2257 accepimus
3103 2206 3122 2240 ι
3159 2188 3212 2243 id
3255 2197 3358 2254 est,
3396 2189 3623 2253 factum,

2033 2299 2130 2339 seu
2157 2294 2399 2338 creatum
2427 2323 2442 2348 ,
2493 2299 2513 2332 ε
2546 2282 2642 2337 sed
2693 2279 2958 2351 Spiritum
3003 2283 3094 2350 qui
3128 2291 3212 2335 est
3254 2295 3320 2335 ex
3355 2280 3485 2347 Deo,
3516 2299 3536 2334 ι
3571 2281 3623 2336 id

2034 2385 2119 2430 est
2163 2374 2498 2444 (supplendo
2530 2388 2653 2443 quae
2695 2369 3238 2442 subintelliguntur),
3266 2389 3285 2422 ι
3315 2371 3407 2440 qui
3433 2386 3502 2426 ex
3527 2369 3622 2427 Dei

2035 2465 2314 2536 hypostasi
2343 2463 2629 2534 processit.
2668 2481 2687 2515 ι
2717 2463 2882 2516 Addit
2903 2462 3090 2526 etiam,
3125 2462 3299 2530 ipsum
3325 2461 3498 2517 solum
3526 2477 3626 2516 no-

2034 2559 2178 2613 visse
2204 2572 2327 2626 qua:
2363 2565 2489 2611 sunt
2524 2554 2644 2622 Dei,
2685 2565 2744 2609 ut
2791 2555 3078 2608 Dominum
3111 2554 3274 2624 113
3298 2563 3352 2608 et
3381 2553 3630 2610 eamdem

2036 2663 2159 2704 eum
2206 2645 2372 2702 Patre
2427 2656 2674 2701 naturam
2729 2646 3051 2710 habentem;
3112 2660 3237 2698 nam
3295 2664 3313 2696 ι
3349 2660 3572 2710 servus,
3609 2666 3626 2696 ι

2038 2753 2093 2796 ιιι
2126 2751 2211 2798 est
2255 2742 2309 2796 in
2357 2741 2676 2813 Evangelio,
2730 2759 2750 2792 ι
2787 2755 2892 2795 non
2945 2739 3096 2794 novit
3126 2738 3240 2810 (62)
3293 2740 3423 2810 quid
3468 2737 3628 2794 faciat

2036 2833 2289 2889 dominus
2341 2833 2482 2904 ejus.
2565 2852 2584 2884 ›
2642 2830 2829 2902 Neque
2885 2845 3018 2886 vero
3069 2830 3223 2900 quasi
3287 2831 3354 2886 de
3416 2831 3636 2886 homine

2038 2924 2218 2978 dixit:
2255 2942 2273 2975 ι
2304 2923 2408 2990 Qui
2443 2923 2657 2978 habitat
2686 2923 2738 2976 in
2765 2922 2906 2987 Deo;
2943 2941 2962 2975 ι
3000 2937 3069 2976 ne
3109 2921 3443 2991 compositus
3478 2930 3634 2988 pute-

2039 3025 2130 3070 tur
2160 3016 2558 3086 incompositus
2586 3015 2751 3070 Deus.
2798 3015 2880 3069 Ad
2912 3013 3180 3083 Ephesios
3211 3022 3390 3067 autem
3423 3031 3436 3066 :
3479 3029 3498 3063 ι
3529 3010 3636 3065 Νο-

2039 3107 2136 3164 lite
2164 3108 2281 3181 (65)
2315 3111 2647 3164 contristare
2682 3105 2947 3177 Spiritum
3002 3116 3248 3160 sanctum
3282 3105 3400 3172 Dei,
3442 3105 3494 3159 in
3525 3120 3635 3175 quo

2038 3201 2234 3273 signati
2280 3201 2414 3254 estis
2446 3200 2498 3253 in
2541 3200 2682 3254 diem
2728 3199 3155 3267 redemptionis;
3189 3217 3208 3250 ι
3259 3199 3325 3251 ad
3362 3196 3637 3251 Romzuios

2035 3308 2202 3349 vero:
2238 3311 2256 3343 ι
2289 3292 2398 3346 Vos
2429 3291 2544 3364 (64)
2595 3307 2701 3346 nou
2752 3291 2886 3345 estis
2934 3291 2987 3343 in
3032 3304 3222 3354 carne,
3271 3289 3364 3342 sed
3412 3289 3467 3342 in
3517 3285 3638 3357 Spi-

2034 3385 2179 3454 ritu;
2237 3388 2279 3440 si
2319 3395 2498 3440 tamen
2553 3382 2791 3452 Spiritus
2839 3383 2932 3437 Dei
2989 3383 3204 3437 habitat
3249 3383 3301 3435 iii
3356 3380 3533 3435 vobis.
3577 3379 3634 3436 Si

2043 3476 2166 3546 quis
2191 3485 2372 3530 autem
2401 3476 2666 3544 Spiritum
2698 3473 2903 3529 Christi
2930 3488 3036 3527 non
3075 3473 3259 3536 habet,
3297 3472 3386 3526 hic
3416 3487 3521 3526 non
3553 3485 3638 3525 εει

2036 3569 2186 3636 ejus;
2219 3588 2236 3618 ι
2278 3579 2333 3625 et
2360 3568 2428 3622 ad
2465 3566 2689 3623 Galatas
2721 3584 2735 3620 :
2775 3585 2794 3618 ι
2831 3565 3099 3632 Quoniam
3134 3563 3248 3636 (‘35)
3285 3573 3464 3619 autem
3504 3565 3638 3620 eStis

2035 3661 2156 3727 ﬁlii,
2187 3661 2370 3716 emisit
2415 3661 2560 3715 Deus
2585 3659 2847 3729 Spiritum
2879 3657 3002 3712 Filii
3034 3657 3116 3711 sui
3156 3657 3210 3709 in
3245 3657 3406 3710 corda
3452 3665 3635 3710 vestra

2033 3755 2394 3818 clamantem,
2447 3753 2624 3818 Abba,
2681 3752 2879 3820 Pater;
2913 3771 2932 3803 ι
2987 3762 3042 3806 et
3089 3751 3156 3803 ad
3213 3748 3635 3818 Philippeuses:

2040 3864 2059 3897 ι
2090 3845 2220 3901 Scio
2248 3845 2363 3917 (66)
2397 3846 2542 3899 enim
2569 3846 2713 3915 quod
2757 3845 2863 3898 hoc
2898 3842 3030 3896 mihi
3065 3841 3350 3910 proveniet
3383 3841 3450 3895 ad
3491 3843 3640 3895 Salu-

2035 3949 2144 3994 tem
2211 3954 2308 4007 per
2364 3947 2602 3993 vestram
2664 3937 3016 4002 orationem,
3064 3945 3118 3990 et
3182 3935 3641 3991 subministratio-

2045 4047 2169 4088 nem
2198 4032 2437 4103 Spiritus
2465 4029 2598 4087 Jesu
2634 4030 2862 4086 Christi.
2897 4049 2916 4082 ι
2953 4029 3071 4085 iam
3108 4043 3234 4083 vero
3265 4029 3320 4082 in
3355 4028 3532 4083 allatis
3558 4037 3640 4083 te-

2039 4189 2338 4253 Christum,
2383 4197 2438 4242 et
2483 4188 2550 4243 ad
2582 4185 2919 4258 _Deum].....
2972 4184 3176 4258 Deinde
3225 4183 3480 4258 sequitur
3515 4193 3640 4251 post

2040 4261 2145 4314 hoc
2179 4259 2321 4329 quod
2363 4260 2439 4312 ait
2472 4275 2484 4309 :
2525 4276 2544 4308 ‹
2574 4255 2629 4311 Si
2663 4253 2989 4329 quis'autem
3022 4255 3408 4329 SpiritunrDei
3439 4253 3638 4329 [ζαθέη-

2038 4332 2165 4383 dum
2197 4323 2328 4382 'cum
2376 4336 2559 4382 nostra
2617 4331 2838 4381 codice:
2893 4344 2912 4376 ι
2942 4323 3204 4392 Spiritum
3249 4323 3475 4395 Christi]
3531 4341 3634 4377 non

2041 4401 2225 4463 habet,
2258 4403 2348 4454 hic
2384 4416 2490 4454 non
2536 4408 2620 4453 est
2665 4401 2842 4467 ejus,»
2872 4406 2928 4450 et
2981 4395 3258 4467 infertur;
3297 4413 3312 4444 ι
3347 4393 3402 4448 Si
3455 4393 3634 4447 autem

443 4474 534 4540 63)
563 4471 760 4525 Nolite.
784 4473 979 4540 Ephes.
1014 4489 1088 4540 tv,
1141 4472 1232 4526 30.
1299 4471 1404 4526 Pro
1433 4468 1928 4541 ἀναπολυτρώσεως

2035 4471 2290 4525 Christus
2315 4471 2366 4524 in
2396 4470 2575 4533 vobis,
2604 4479 2710 4541 i_et
2741 4466 3182 4541 manifestissime
3230 4466 3635 4541 demonstratur

2034 4541 2452 4608 inseparabilem
2471 4554 2591 4594 esse
2617 4538 2878 4607 Spiritum
2897 4545 3144 4608 sanctum
3171 4533 3441 4608 aCliristo
3467 4538 3634 4608 :quia

348 4601 556 4686 syilaba
590 4615 680 4668 illa
710 4601 1205 4686 divitiucfirrepsitie
1236 4614 1508 4686 superiori
1525 4627 1665 4686 _voce
1692 4612 1929 4684 ἡμέραν,
1966 4601 2009 4655 Β
2039 4601 2370 4686 υιήοὶιιιᾳυα
2397 4609 2633 4680 Spiritus
2649 4601 2910 4686 Lsauct-us;
2955 4607 3183 4686 luerit,”
3204 4605 3274 4658 ibi
3305 4616 3360 4658 et
3385 4601 3634 4686 Christus

347 4683 418 4741 ob
439 4687 646 4754 librarii
677 4685 1034 4739 oscitantiam.
1072 4683 1205 4754 Vide
1245 4700 1413 4754 segni.
1449 4683 1550 4736 1‘28
1580 4701 1631 4736 a.

421 4757 536 4825 (64)
585 4753 709 4807 Vos.
750 4756 900 4809 Rom.
930 4771 1046 4821 \‘Ill,
1080 4753 1270 4825 9.7Pro
1314 4753 1413 4818 τις
1457 4758 1625 4807 codex
1672 4753 1834 4808 habet
1855 4772 1929 4807 τι.

349 4824 741 4893 Argumentum
776 4841 904 4879 vero
927 4841 994 4879 ex
1021 4827 1121 4880 hoc
1152 4824 1302 4878 Pauli
1352 4826 1467 4878 loco
1503 4825 1721 4877 ductum
1761 4825 1932 4878 fusius

349 4900 695 4965 persequitur
749 4895 1003 4966 Didymus
1055 4897 1106 4949 in
1166 4896 1302 4950 libro
1354 4895 1432 4948 De
1465 4894 1676 4966 Spiritu
1726 4903 1932 4962 sancto,

349 4981 507 5019 num.
533 4966 600 5020 '59
631 4976 686 5018 et
707 4967 796 5032 40,
827 4965 915 5020 tibi
947 4968 1059 5021 haec
1089 4967 1349 5036 legimus:
1387 4985 1404 5015 ‹
1438 4965 1768 5036 Vosamem,
1795 4967 1929 5031 iait,

353 5036 525 5103 (haud
549 5036 762 5091 dubium
796 5036 925 5106 quin
951 5034 1198 5104 discipuli
1227 5035 1450 5105 Christi)
1480 5034 1569 5102 qui
1604 5036 1930 5106 sapientiam

356 5107 594 5174 Spiritus
613 5105 940 5176 suscepistis,
972 5119 1026 5160 et
1058 5108 1245 5171 vitam,
1284 5116 1338 5160 et
1365 5121 1574 5174 pacem.
1611 5125 1630 5156 ‹
1662 5121 1766 5160 ηοη
1795 5105 1932 5176 estis

355 5178 415 5229 in
445 5191 603 5231 carne
627 5197 644 5228 ι
677 5175 882 5244 (idest,
922 5180 976 5232 in
1005 5177 1189 5233 carnis
1212 5176 1485 5246 operibus)
1513 5194 1527 5230 :
1559 5194 1578 5227 ‹
1605 5191 1779 5245 neque
1817 5175 1934 5244 ejus

353 5246 748 5319 [codexaoster
778 5265 796 5302 :
824 5263 997 5318 neque
1026 5249 1169 5319 enim
1200 5246 1343 5319 ejus]
1381 5261 1544 5317 opera
1583 5247 1929 5319 perpetratis,

357 5316 378 5369 ἱ
410 5318 457 5371 si
487 5318 696 5386 quidem
723 5316 983 5388 Spiritum
1029 5318 1121 5372 Dei
1172 5316 1385 5373 habetis
1418 5316 1483 5371 in
1520 5318 1695 5372 vobis.
1725 5335 1743 5370 ι
1786 5316 1931 5370 Idem

348 5397 536 5459 autem
573 5387 805 5459 Spiritus
833 5390 944 5454 Dei,
972 5388 1282 5459 etSpiritus
1304 5387 1504 5444 Christi
1534 5398 1618 5443 est
1658 5388 1930 5459 deducens

373 5459 495 5513 cod.
527 5457 720 5530 nos—ter,
747 5457 1062 5530 adducens].
1091 5457 1151 5513 iet
1180 5459 1440 5528 copulans
1467 5472 1614 5524 eum,
1655 5457 1744 5526 qui
1786 5460 1852 5530 in
1874 5472 1936 5512 se

386 5533 605 5601 abuerit
638 5529 937 5601 [legendum
985 5529 1101 5601 cum
1149 5540 1326 5584 nostro
1351 5530 1554 5601 podice
1586 5545 1605 5583 :
1629 5530 1720 5597 qui
1755 5543 1814 5584 se
1840 5529 1934 5582 ha-

348 5597 579 5672 buerit],
616 5597 847 5672 Domino
887 5600 1012 5656 Jesu
1051 5599 1300 5672 Christo.
1349 5599 1508 5672 Unde
1540 5601 1686 5672 etin
1737 5613 1934 5672 conse-

343 5669 645 5740 quentibus
673 5671 964 5727 scribitur:
994 5689 1012 5722 ι
1043 5669 1100 5726 Si
1132 5672 1253 5741 quis
1277 5681 1454 5741 autem
1477 5670 1741 5738 Spiritum
1770 5670 1930 5724 Chri-

345 5741 423 5796 sti
457 5757 569 5812 non
600 5742 786 5806 habet,
822 5741 908 5796 hic
943 5757 1046 5796 non
1077 5740 1164 5797 est
1187 5742 1324 5812 ejus.
1352 5761 1370 5792 ι
1406 5740 1644 5812 Rursum
1687 5740 1742 5812 in
1795 5753 1934 5808 prae-

346 5813 496 5866 senti
526 5810 787 5882 discimus
814 5812 1149 5882 societatem,
1181 5810 1343 5882 quam
1368 5813 1530 5882 habet
1557 5811 1790 5880 Spiritus
1809 5825 1935 5882 san:

340 5891 475 5940 clas
524 5885 593 5939 ad
639 5881 830 5946 Deum,
863 5892 922 5936 et
976 5883 1041 5938 ad
1087 5877 1360 5938 Christqu
1389 5877 1784 5954 [codex—noster
1806 5899 1826 5934 :
1863 5877 1933 5934 ad

678 5967 949 6042 Parnm.
991 5979 1106 6063 Cn.
1148 5977 1452 6041 XXXIX.

2035 4693 2153 4747 est;
2188 4675 2622 4750 etiindecunque
2641 4680 2841 4733 Christi
2877 4676 3111 4750 Spiritus
3133 4675 3470 4750 discesserit,
3498 4677 3635 4750 inde

2036 4745 2242 4820 pariter
2273 4752 2476 4806 recedit
2507 4745 2562 4805 et
2597 4750 2850 4805 Christus
2877 4765 2888 4799 :
2919 4745 2962 4801 si
2997 4749 3120 4820 quis
3171 4746 3316 4820 enim
3368 4745 3632 4820 Spiritum

2036 4815 2243 4878 Christi
2280 4838 2386 4875 non
2418 4821 2600 4885 habet,
2637 4821 2722 4873 hic
2759 4835 2864 4873 non
2897 4827 2981 4873 est
3030 4819 3166 4886 ejus.
3211 4815 3310 4870 Cui
3344 4815 3636 4884 conjuncta

2037 4895 2081 4948 si
2110 4893 2231 4961 quis
2265 4891 2602 4947 contrarium
2636 4899 2900 4953 assumat,
2935 4889 3121 4961 dicere
3154 4897 3336 4961 potest
3370 4901 3386 4939 :
3426 4889 3484 4942 Si
3512 4890 3636 4957 quis

2036 4959 2239 5019 causa
2279 4973 2387 5031 est,
2418 4965 2489 5016 ita
2538 4971 2595 5016 ut
2649 4961 2899 5014 Christus
2930 4960 2982 5031 in
3019 4974 3084 5011 eo
3109 4960 3204 5031 sit,
3244 4959 3434 5031 in_l_ioc
3459 4961 3638 5028 Spiri-

2040 5044 2129 5090 tus
2160 5034 2250 5088 Dei
2280 5027 2498 5106 [reetius
2523 5035 2884 5106 cod.inoster._'
2915 5027 3143 5106 Christi]
3175 5039 3278 5082 est.
3308 5028 3424 5106 Hoc
3456 5027 3637 5106 autem

2039 5105 2181 5160 idem
2241 5099 2300 5158 et
2336 5105 2403 5159 de
2466 5104 2575 5157 Deo
2639 5105 2798 5156 Patre
2839 5100 3089 5155 similiter
3123 5099 3493 5168 usurpandum
3536 5101 3636 5153 :Si

2038 5178 2158 5243 quis
2193 5173 2454 5244 Spiritum
2489 5173 2579 5227 Dei
2623 5189 2728 5225 non
2777 5173 2959 5235 habet,
2995 5171 3098 5224 iste
3128 5186 3231 5244 non
3261 5180 3345 5224 est
3365 5169 3502 5244 ejus.
3538 5170 3634 5224 Cui

2036 5239 2253 5300 rursum
2297 5244 2630 5300 contrarium
2666 5244 2710 5295 si
2739 5245 2862 5312 quis
2895 5251 3158 5306 assumat,
3187 5242 3370 5295 dicens
3396 5239 3480 5311 [ut
3513 5258 3636 5294 san--

2035 5333 2125 5370 sus
2160 5318 2359 5386 integer
2405 5317 2496 5377 sit,
2534 5313 2810 5384 legendum
2873 5327 2994 5366 cum
3048 5322 3226 5386 nostro
3284 5313 3466 5386 c_odtc_e_
3505 5313 3633 5386 :cui

2037 5381 2630 5441 rursum'contrarium
2663 5386 2785 5453 quis
2828 5396 3117 5437 assumens
3159 5381 3325 5454 dicet]
3359 5399 3372 5435 :
3411 5381 3470 5435 Si
3509 5382 3633 5449 quis

2037 5459 2131 5513 Dei
2164 5465 2269 5523 est,
2302 5459 2355 5510 in
2385 5458 2485 5510 hoc
2508 5456 2747 5524 Spiritus
2785 5456 2874 5508 Dei
2907 5461 3010 5524 est.
3047 5471 3065 5524 ξ

2108 5529 2223 5599 (65)
2256 5519 2567 5599 Quoniam;
2619 5527 2798 5599 Galat.
2835 5540 2909 5586 iv,
2955 5523 3007 5576 6."
3048 5522 3104 5599 in
3136 5521 3396 5599 libroADe
3426 5519 3632 5588 Spiritu

2037 5595 2242 5664 saucio,
2287 5613 2440 5653 nunt.
2490 5598 2582 5663 3i,
2617 5598 2821 5652 editum
2857 5606 2974 5648 est:
3006 5611 3025 5646 ι
3059 5595 3112 5646 iu
3168 5596 3332 5648 corda
3367 5599 3628 5664 nostra.)

2039 5668 2146 5725 Sed
2179 5662 2252 5725 ibi
2289 5670 2461 5723 codex
2510 5677 2697 5726 noster
2744 5670 2954 5722 calamo
2997 5675 3255 5719 exaratus
3295 5663 3495 5716 habet:
3530 5680 3549 5713 ι
3579 5662 3635 5716 in

2037 5741 2202 5796 corda
2235 5751 2434 5794 vestra.
2466 5757 2484 5790 ι
2753 5743 2765 5752 ·

2113 5809 2225 5882 (66)
2261 5808 2408 5866 Scio.
2445 5808 2677 5880 Philipp.
2705 5823 2748 5877 ι,
2783 5806 2869 5862 19.
2897 5805 3076 5863 Codex
3100 5844 3115 5870 ,
3152 5801 3561 5867 Φιλιππισίους.

3290 5958 3362 6022 15
