4082 6406
556 398 663 455 ιτς)

559 514 834 573 stimoniis
856 513 974 568 haec
1006 510 1310 567 considera.
1328 511 1598 565 Nimirum
1621 513 1951 579 nuncupatio
1978 530 1995 562 ι
2022 510 2144 578 Spi-
2169 518 2216 573 Α

560 606 696 659 titus
726 601 819 656 Dei
850 621 868 653 ι
912 600 997 655 vel
1035 599 1170 664 sola,
1222 599 1722 670 multoque'magis
1760 614 1882 655 cum
1925 600 2137 654 addita-

561 706 745 749 tnento
776 708 965 748 vocum
1003 710 1022 743 ι
1054 707 1228 757 meus,
1261 710 1280 744 ι
1323 699 1379 746 et
1420 710 1440 743 ι
1475 701 1598 746 tuus
1630 690 1767 762 (67),
1801 710 1820 743 ι
1856 692 2141 760 perspicue

562 786 852 857 signiﬁcat,
887 784 1060 853 ipsum
1090 790 1144 837 et
1171 782 1475 837 increatum
1505 797 1648 847 esse,
1676 791 1732 837 et
1757 782 1942 847 Deum,
1969 796 2141 851 neque

563 880 671 933 hoc
716 877 810 931 Dei
861 890 1058 930 nomen
1141 875 1433 929 ascititium
1479 876 1703 941 habere,
1749 875 1845 930 sed
1886 875 2006 929 ideo
2044 875 2143 928 ha-

565 969 725 1030 bere,
778 967 921 1037 quod
969 981 1036 1021 ex
1083 975 1277 1020 natura
1326 966 1397 1020 sit
1436 965 1514 1031 id,
1562 966 1705 1035 quod
1750 977 1970 1020 vocatus
2019 964 2139 1020 fuit.

566 1060 719 1127 Quod
746 1067 925 1113 autetn
954 1057 1210 1126 scriptum
1232 1064 1338 1120 est,
1358 1057 1535 1127 ipsum
1566 1071 1687 1111 esse
1713 1076 1731 1106 ε
1756 1056 2017 1126 Spiritum
2048 1054 2142 1109 Fi-

566 1152 623 1206 lii
653 1151 788 1222 (68),
825 1169 844 1204 t
869 1149 1105 1205 ostendit
1134 1148 1409 1213 similiter,
1449 1149 1609 1219 119
1632 1164 1971 1203 communem
2023 1162 2145 1203 esse

569 1244 795 1314 Spiritui
863 1253 919 1297 et
964 1240 1101 1295 Filio
1144 1248 1416 1303 naturam,
1468 1250 1527 1293 ut
1574 1240 1785 1309 opinari
1836 1256 1940 1294 non
1988 1238 2146 1294 liceat

566 1336 691 1391 Filii
727 1345 1032 1390 creaturam
1060 1345 1185 1387 esse
1216 1331 1477 1400 Spiritum
1510 1349 1522 1384 :
1555 1332 1825 1399 quomodo
1851 1330 1994 1386 enini
2019 1345 2146 1399 pro-

567 1429 687 1498 prio
724 1426 897 1489 Patri,
937 1424 1092 1494 quasi
1137 1437 1262 1477 eum
1308 1433 1470 1478 antea
1516 1437 1584 1477 ex
1632 1437 1694 1477 se
1728 1426 1846 1493 ipso
1893 1436 2001 1477 non
2048 1421 2146 1475 ha-

570 1518 746 1581 benti,
774 1515 1082 1573 condidisse
1111 1513 1215 1569 dici
1244 1522 1423 1584 potest
1451 1512 1623 1568 Filius
1650 1512 1823 1576 illum,
1847 1513 1937 1581 qui
1961 1521 2013 1569 et
2039 1519 2144 1576 est,

567 1620 618 1665 et
652 1610 826 1664 dictus
860 1606 961 1660 fuit
989 1605 1042 1660 in
1076 1603 1371 1674 Scripturis
1405 1603 1637 1674 Spiritus
1674 1604 1808 1659 Dei?
1832 1602 1889 1657 Id
1928 1604 2146 1674 quidem

572 1714 680 1754 non
713 1697 872 1752 modo
903 1694 1279 1765 blasphemum
1317 1702 1422 1761 est,
1454 1694 1549 1749 sed
1579 1694 1745 1748 etiam
1778 1694 2023 1748 stultum.
2057 1693 2147 1747 ln-

573 1791 846 1860 telligatur
889 1798 1068 1843 autem
1119 1807 1138 1839 ι
1169 1786 1407 1857 Spiritus
1441 1784 1665 1851 Christi,
1702 1805 1722 1838 ι
1767 1786 1820 1840 id
1851 1794 1938 1840 est
1975 1786 2148 1839 virtus

1826 389 2065 444 DlDYMl
2106 385 2284 443 ALEX
2294 381 2574 439 ANDRINI

3690 378 3779 432 ιιῖο

2251 509 2376 562 στόν
2426 508 2545 560 ἐστι
2573 544 2586 566 ,
2659 503 2752 556 καὶ
2795 500 2927 563 Θεὸς
2973 497 3209 568 τοῦνομα
3253 495 3371 567 ἔχον
3413 496 3512 548 οὐκ
3554 496 3782 557 ἐπακτὸν,

2239 601 2354 656 ἀλλ’
2389 598 2500 653 άπὸ
2528 595 2623 650 τοῦ
2658 591 2796 648 εἷναι
2839 594 3015 644 ἐκεῖνο
3050 588 3316 658 φυσικῶς,
3343 586 3504 639 τοῦτο
3542 586 3671 657 ὅπερ
3705 586 3788 639 καὶ

2240 689 2703 763 προσηγόρευται.
2731 685 2842 739 Καὶ
2865 683 2927 736 τὸ
2947 679 3258 753 γεγράφθαι
3275 679 3332 731 δὲ
3363 677 3515 741 αὐτὸ,
3544 697 3562 728 ι
3586 676 3789 745 Πνεῦμα

2240 781 2333 836 τοῦ
2365 780 2520 844 Υίοῦ,
2575 798 2593 831 ι
2628 777 2831 849 ὁμοίως
2876 773 2973 845 τὴν
3015 771 3153 841 πρὸς
3184 769 3344 822 αὑτὸν
3389 766 3665 821 κοινωνίαν
3704 766 3791 834 τῆς

2243 872 2461 941 φύσεως
2494 869 2754 938 ἐδήλωσε.
2787 865 2883 919 καὶ
2931 862 3073 916 ὥστε
3108 860 3182 931 μὴ
3228 858 3435 928 κτίσμα
3464 855 3624 909 αὐτοῦ
3648 873 3795 925 νομι-

2249 964 2462 1033 σθῆναι.
2509 959 2635 1022 Πῶς
2674 957 2784 1028 γὰρ
2814 956 2879 1010 ἂν
2915 953 2993 1024 τῷ
3026 952 3138 1018 ἰδίῳ
3178 949 3375 1020 Πατρὶ,
3404 949 3481 1011 ὼς
3511 948 3609 1001 οὐκ
3640 946 3795 1016 ἔχοντι

2244 1055 2351 1125 πρὸ
2402 1052 2595 1106 τούτου
2644 1049 2705 1114 ἐξ
2755 1045 2970 1106 ἑαυτοῦ,
3006 1045 3220 1097 ἔκτισεν
3256 1044 3285 1095 ὁ
3312 1041 3445 1103 Υἱὸς
3487 1038 3631 1093 τοῦθ’
3676 1039 3795 1106 ὅπερ

2243 1143 2360 1196 ἐστί
2392 1159 2451 1195 τε
2479 1142 2571 1194 καὶ
2595 1139 2909 1211 γέγραπται
2934 1132 3161 1204 Πνεῦμα
3190 1130 3553 1200 Θεοῦ;”οπερ
3577 1129 3636 1182 οὐ
3658 1128 3799 1197 βλάιτ⁹

2246 1231 2425 1303 φημόν
2473 1232 2588 1283 ἐστι
2626 1228 2805 1299 μόνον,
2834 1223 2969 1279 ἀλλὰ
3018 1224 3113 1276 καὶ
3140 1221 3368 1291 ἠλίθιον.
3404 1218 3641 1290 Νοηθείη
3666 1219 3719 1271 δὲ
3741 1219 3798 1271 ἂν

2251 1343 2270 1375 ι
2305 1321 2531 1392 Πνεῦμα
2562 1318 2824 1391 Χριστοῦ,
2858 1336 2877 1368 ι
2936 1314 3079 1369 τοῦτ’
3114 1313 3232 1367 ἐστι
3282 1311 3518 1382 δύναμις
3559 1309 3798 1381 Χριστοῦ,

2243 1417 2302 1470 ὃν
2336 1415 2539 1486 τρόπον
2565 1412 2783 1483 εἴρηται
2804 1426 2819 1439 ·
2854 1406 3087 1480 Χριστὸν
3121 1404 3256 1459 Θεοῦ
3285 1404 3539 1474 δύναμιν,
3566 1403 3656 1456 καὶ
3680 1401 3797 1455 Θεοῦ

2247 1508 2459 1577 σοφίαν.
2516 1503 2735 1574 Ἐπειδὴ
2761 1500 2871 1572 γὰρ
2901 1502 2965 1553 ὲκ
2993 1497 3085 1551 τοῦ
3114 1497 3234 1560 ἐνὸς
3266 1495 3484 1567 Πατρὸς
3514 1493 3688 1564 φύσει,
3718 1494 3801 1546 καὶ

2245 1601 2306 1653 οὐ
2338 1597 2700 1668 δημιουργικῇ
2727 1591 3000 1664 ἐνεργείᾳ,
3016 1589 3284 1660 προῆλθον
3312 1589 3371 1644 αί
3401 1587 3664 1659 μακάριαι
3690 1586 3800 1640 ὐπ’·-

2249 1687 2467 1749 στάσεις
2515 1677 2713 1747 αὗται,
2750 1683 2830 1744 εἰς
2862 1681 2953 1735 τὸν
3000 1679 3159 1732 αὐτὸν
3200 1678 3297 1732 ἕνα
3345 1676 3656 1747 ἀνάγονται.
3702 1675 3803 1727 Ἵνα

2250 1778 2362 1848 γάρ
2398 1777 2473 1848 μή
2512 1791 2597 1838 τις
2639 1772 2957 1843 ὑποπτεύσῃ
2988 1770 3162 1841 ἀρχὴν
3202 1767 3370 1822 αὐτοῦ
3399 1764 3598 1838 εἶναιῆ
3630 1766 3799 1838 πέρας,

569 1857 793 1946 Christi,
850 1895 916 1937 eo
954 1879 1113 1935 modo
1155 1893 1263 1948 quo
1314 1877 1517 1933 dictum
1555 1885 1640 1932 est
1671 1895 1687 1933 :
1717 1877 1995 1933 Christum
2036 1876 2146 1950 (69)

2254 1869 2365 1924 ἀλλ’
2401 1867 2509 1921 ἀπὸ
2544 1868 2644 1937 τῆς
2704 1864 2847 1919 κατὰ
2894 1862 2993 1932 τὴν
3039 1861 3200 1931 φύσιν
3241 1857 3411 1914 αὐτοῦ
3459 1858 3679 1931 προόδου
3724 1874 3801 1909 πι-

554 1974 667 2030 «Dei
690 1974 963 2029 virtutem.
996 1981 1051 2027 et
1077 1970 1172 2026 Dei
1213 1970 1561 2040 sapientiam.
1613 1969 1876 2036 Quoniam
1905 1970 2047 2023 enim
2080 1984 2145 2023 ex

571 2082 681 2122 uno
726 2065 888 2120 Patre
940 2074 1157 2128 natura,
1212 2078 1319 2117 non
1370 2077 1501 2116 vero
1534 2061 1798 2117 creatrice
1837 2061 2150 2131 operatione

572 2166 953 2229 processenmt
1009 2159 1184 2212 beatae
1236 2155 1354 2211 istae
1404 2156 1745 2228 hypostases,
1791 2156 1856 2209 ad
1897 2154 2149 2210 eumdem

566 2265 742 2305 unum
793 2247 1132 2303 referuntur.
1180 2244 1392 2299 Etenim
1423 2258 1491 2298 ne
1537 2243 1851 2313 suspiceris,
1904 2238 2005 2314 ipsi
2050 2244 2152 2298 ini-

564 2342 708 2397 tium
737 2355 879 2406 esse,
911 2349 1005 2394 aut
1033 2340 1224 2405 tinem,
1255 2337 1351 2392 sed
1383 2351 1504 2391 eum
1533 2350 1658 2392 vere
1685 2336 1875 2391 credas
1899 2337 1968 2390 ob
2001 2350 2149 2391 suam

560 2431 977 2501 .processionem
1033 2429 1330 2485 secundum
1390 2437 1639 2483 naturam
1665 2467 1685 2503 ,q
1743 2427 2004 2497 Spiritum
2058 2428 2151 2480 Dei

564 2538 720 2587 esse,
759 2523 828 2576 ab
859 2530 1062 2575 aeterno
1091 2519 1379 2588 spiratum,
1421 2534 1529 2574 non
1575 2534 1707 2573 vero
1745 2518 1973 2585 factum,
2001 2520 2152 2588 quasi

579 2629 720 2669 unus
766 2612 907 2668 foret
946 2627 1011 2667 ex
1052 2611 1174 2665 aliis
1218 2610 1328 2665 Deo
1353 2609 1737 2666 famulantibus
1764 2610 2063 2679 spiritibus,
2101 2610 2154 2663 in

580 2702 879 2772 Evangelia
908 2700 1205 2755 secundum
1235 2698 1495 2771 Joannem
1523 2700 1637 2753 haec
1655 2698 1926 2753 Dominus
1959 2699 2153 2753 docet:

584 2784 875 2865 «Spiritus
903 2792 1016 2863 ('70)
1068 2790 1313 2847 veritatis
1339 2831 1354 2855 ,
1409 2791 1498 2859 qui
1561 2806 1590 2845 a
1632 2790 1796 2846 Patre
1838 2791 2099 2861 procedit.
2132 2810 2152 2844 ι

577 2885 696 2942 Non
729 2887 806 2940 ait
837 2896 1041 2952 autem,
1072 2893 1323 2949 creatur;
1365 2884 1543 2939 omnis
1577 2884 1721 2938 enim
1785 2884 2062 2955 generatio
2104 2894 2158 2937 et

579 2979 858 3050 processio
897 2978 950 3032 in
1000 2976 1068 3031 iis
1100 2975 1191 3045 qui
1220 2974 1451 3045 aequales
1506 2984 1560 3029 et
1586 2975 1791 3030 similes
1834 2976 1962 3038 sint,
1995 2975 2157 3044 perli-

580 3070 757 3133 citur,
808 3067 1042 3122 maxime
1088 3075 1267 3120 autem
1324 3074 1379 3120 et
1418 3067 1779 3134 praestantiori
1841 3067 2001 3122 modo
2067 3081 2159 3137 ge-

579 3163 791 3217 neratio
856 3175 920 3216 ac
964 3158 1239 3230 processio
1310 3172 1430 3228 qua:
1474 3167 1558 3213 est
1597 3160 1664 3213 ab
1707 3174 1814 3214 uno
1851 3159 2013 3215 Patre
2074 3170 2157 3214 est

584 3254 879 3309 secundum
931 3252 1193 3306 unitatem
1235 3249 1453 3305 deitatis
1508 3250 1681 3320 ipsius
1722 3250 1923 3306 Patris.
1975 3250 2054 3307 Ac
2104 3252 2155 3305 in

585 3344 851 3402 creaturis
891 3344 1108 3414 quidem
1143 3352 1385 3414 tempore
1426 3343 1681 3412 praecedit
1709 3351 2058 3413 prototypus,
2104 3350 2160 3396 at

582 3448 716 3490 vero
747 3436 799 3488 in
831 3431 943 3488 Deo
976 3447 1080 3486 non
1100 3431 1180 3507 ita
1219 3445 1278 3485 se
1308 3444 1394 3485 res
1433 3430 1632 3497 habet;
1664 3430 1760 3485 sed
1806 3445 2049 3500 personat
2080 3430 2160 3485 sic

585 3527 909 3590 subsistunt,
935 3534 993 3578 ut
1023 3524 1184 3579 simul
1210 3523 1533 3587 subsistant,
1565 3532 1620 3578 et
1656 3524 1729 3578 ita
1753 3525 2072 3593 procedunt,
2104 3532 2162 3577 ut

571 3615 746 3671 simul
778 3617 1090 3684 procedant.
1124 3614 1351 3670 Domino
1396 3624 1576 3668 autem
1607 3613 1901 3669 concinens
1924 3612 2161 3668 Joannes

587 3722 802 3778 quoque
828 3716 1070 3763 sanctum
1102 3705 1363 3777 Spiritum
1396 3705 1544 3759 Patri
1569 3705 1686 3760 sine
1711 3705 1814 3760 ulla
1839 3706 2157 3770 discrepan-

575 3800 664 3854 tia
690 3798 972 3867 aequalem,
1002 3808 1079 3859 et,
1112 3808 1169 3852 ut
1198 3798 1271 3852 ita
1300 3797 1499 3863 dicam,
1542 3805 1713 3851 totum
1759 3797 2161 3852 incircumscri-

576 3899 736 3962 ptum
759 3889 929 3945 Deum
949 3890 1162 3945 Patrem
1186 3887 1730 3957 comprehendentem
1754 3888 2084 3958 praedicavit,
2108 3899 2165 3944 et

588 3985 642 4038 in
678 3981 924 4038 ﬁdelibus
949 3981 1174 4036 inveniri
1205 3978 1462 4046 ostendit,
1496 3993 1617 4033 cum
1642 3978 1754 4032 ait:
1791 3998 1809 4031 ι
1840 3978 1893 4032 In
1924 3978 2025 4033 hoc
2049 3978 2160 4051 (Ἠ)

584 4071 733 4128 enim
794 4070 998 4126 scimus
1042 4070 1185 4140 quod
1230 4069 1286 4125 in
1321 4069 1437 4136 ipso
1488 4083 1789 4136 manemus,
1827 4077 1882 4125 et
1933 4069 2050 4140 ipse
2106 4071 2160 4124 in

2184 3202 2226 3259 C

686 4292 774 4362 67)
809 4293 981 4357 Meus,
1011 4302 1058 4348 et
1094 4301 1234 4346 tuus.
1288 4289 1478 4362 Simile
1509 4299 1911 4362 argumentum,
1940 4291 2157 4344 ductum

587 4358 799 4420 scilicet
823 4378 886 4417 ex
918 4378 1073 4427 voce,
1104 4380 1123 4413 ι
1156 4377 1328 4427 meus,
1357 4379 1377 4413 ι
1405 4359 1522 4430 lege
1542 4358 1683 4429 apud
1704 4358 1994 4425 Hilarium,
2025 4368 2157 4415 tom.

578 4433 654 4499 .tt,
677 4449 798 4503 pag.
822 4433 948 4503 its,
972 4431 1243 4503 “9,467.

677 4450 741 4503 pa
786 4449 948 4496 .Mts,
972 4449 1094 4495 μυ,
1121 4449 1243 4487 τοι.

661 4449 780 4575 (σὸξ
805 4502 1060 4575 Spiritum
1073 4500 1245 4575 filii.
1269 4498 1987 4575 Cug'tSpiritttssanctnsuin
2017 4496 2167 4575 Scri-

592 4569 766 4645 plnris
799 4569 1043 4645 dicituth
1068 4571 1302 4645 Spiritus
1346 4569 1625 4645 Filiiliuid
1675 4570 1746 4622 ita
1796 4569 2161 4645 explica_t_Di-

584 4638 805 4713 .dymus,
837 4638 1196 4713 utSpiritunr
1239 4643 1412 4713 ipsum
1459 4639 1596 4695 Filio
1632 4638 2158 4713 consubstantialem

592 4708 715 4782 esse
753 4708 1036 4782 signiticet.
1088 4708 1288 4765 Eodem
1323 4710 1479 4779 plane
1526 4708 1684 4763 modo
1731 4708 2083 4782 ratiocinatur
2107 4717 2162 4761 et

588 4782 650 4836 in
679 4777 829 4835 ner
858 4781 932 4835 De
962 4779 1166 4849 Spiritu
1189 4777 1370 4834 sancto
1398 4794 1578 4849 ruam
1609 4778 1890 4849 ουτω-51,
1922 4795 1941 4828 ι
1965 4777 2159 4849 Osten-

586 4851 693 4914 dit,
728 4851 922 4919 inquit,
951 4847 1075 4919 quia
1107 4850 1310 4904 unitate
1329 4847 1636 4916 sitjunctus
1666 4847 1733 4902 ad
1761 4847 1955 4901 Filium
1983 4847 2162 4919 :unde

590 4931 650 4974 et
677 4915 820 4975 Filii'
843 4915 1016 4974 dictus
1053 4928 1136 4972 est
1183 4915 1455 4988 Spiritus;
1496 4937 1514 4970 ι
1570 4932 1795 4971 numero
1815 4930 2015 4988 autem
2041 4915 2158 4988 βε,

594 4990 735 5044 idem
777 4999 1151 5058 argumentum
1192 4984 1365 5043 fusius
1403 4988 1764 5057 persequitur.
1808 4984 2159 5058 Post‘Didyg

594 5074 740 5125 mum
774 5054 1142 5112 Tlt'eodoretus
1183 5054 1413 5126 quoque
1442 5054 1725 5126 (praetereo
1773 5055 1908 5112 alios
1950 5054 2158 5121 Patres)

594 5129 651 5181 in
681 5127 782 5198 Ep.
802 5129 883 5198 _ad
914 5126 1073 5198 Rom.
1121 5141 1328 5198 cap.Ax,
1354 5141 1499 5198 nunt.
1536 5126 1597 5198 11
1657 5142 1672 5177 :
1724 5126 2043 5198 «Sanctum,
2077 5126 2163 5178 in-

594 5195 740 5268 quit,
787 5196 1047 5268 Spiritum
1086 5207 1141 5268 et
1172 5195 1278 5268 Dei,
1307 5195 1617 5268 appellavit,
1650 5203 1705 5250 et
1734 5195 1932 5268 Christi
1985 5211 1999 5249 :
2052 5210 2161 5249 non

594 5264 761 5336 quod,
793 5275 854 5320 ut
890 5265 1073 5320 volunt
1096 5264 1359 5336 haeretici,
1393 5279 1458 5336 ex
1496 5264 1609 5320 Deo
1649 5274 1754 5336 pet:
1766 5264 1962 5319 Filium
2001 5279 2158 5336 crea-

597 5333 684 5392 tus
707 5336 812 5401 sit;
845 5337 937 5389 sed
968 5337 1094 5405 quia
1141 5347 1224 5391 est
1272 5334 1513 5405 ejusdem
1556 5333 1698 5405 eum
1725 5333 1889 5390 Patre
1930 5345 1985 5405 et
2025 5335 2163 5390 Filio

593 5408 934 5461 substantiae.
963 5402 1001 5457 ι’
1017 5404 1154 5471 Quin
1196 5402 1359 5459 etiam
1385 5420 1532 5475 _cum
1566 5402 1894 5475 *S.,Cyrillus
1927 5404 1981 5475 in
2024 5406 2163 5457 Ana-

596 5475 956 5531 thematismis
1010 5475 1331 5543 «proprium
1383 5472 1507 5528 Filii
1559 5472 1864 5543 Spiritunn
1911 5474 2158 5535 dixisset,

593 5546 799 5600 veritus
833 5543 1206 5614 Theodoretus
1241 5544 1377 5614 ipse,
1406 5559 1472 5598 ne
1502 5543 1552 5597 id
1575 5559 1735 5614 sen_sn
1772 5543 2159 5614 Macedoniano

595 5617 863 5683 prolatum
902 5612 1114 5675 fuisset,
1149 5614 1228 5668 sic
1260 5610 1578 5683 respondit:
1607 5632 1626 5665 ι
1651 5610 1935 5683 Proprium
1980 5623 2159 5667 autem

597 5680 719 5736 Filii
756 5682 1040 5752 Spiritum,
1074 5683 1119 5735 si
1151 5680 1371 5750 quidem
1396 5694 1455 5736 ut
1487 5682 1727 5752 ejusdem
1755 5680 1874 5736 cum
1905 5697 1970 5737 eo
1997 5692 2162 5735 natu-

597 5764 703 5822 rte,
723 5761 778 5804 et
829 5766 895 5822 ex
948 5752 1110 5822 Patre
1126 5754 1523 5822 sprosedentem
1557 5751 1694 5806 dixit
1738 5752 2033 5822 (Cyrillus).
2075 5766 2164 5805 se-

600 5820 708 5874 mel
735 5819 1223 5876 conﬁtebimur"...
1262 5820 1320 5877 Si
1346 5837 1475 5885 vero
1505 5819 1763 5891 tanquam
1796 5819 1861 5878 ex
1891 5819 2048 5887 Filio,
2067 5829 2163 5875 aut

2254 1958 2460 2029 στεύσῃ
2492 1955 2711 2025 ἀληθῶς
2759 1955 2892 2009 αὐτὸ
2936 1951 3161 2022 Πνεῦμα
3190 1946 3332 2005 εἶναι
3370 1950 3467 2004 τοῦ
3513 1948 3665 2012 Θεοῦ,
3695 1949 3802 2003 ἀνα-

2250 2051 2515 2106 πνευσοὲν
2561 2048 2847 2120 ἀνάρχως,
2893 2046 2987 2100 καὶ⁵
3024 2046 3084 2099 οὐ
3137 2045 3433 2116 γενόμενον
3454 2086 3469 2111 ,
3514 2044 3588 2109 ὡς
3625 2042 3683 2096 ἓν
3713 2042 3803 2095 τῶν

2252 2141 2427 2195 ἄλλων
2464 2136 2854 2209 λειτουργικῶν
2892 2134 3252 2206 πνευμάτων·
3292 2134 3566 2188 διδάσκων
3624 2128 3800 2205 [55b]

2255 2234 2285 2286 ό
2318 2232 2524 2300 Κύριος
2562 2232 2619 2286 ὲν
2660 2229 2738 2301 τῷ
2780 2228 2924 2284 κατὰ
2975 2227 3229 2298 Ἰωάννην
3266 2226 3607 2297 Εὑαγγελίῳ,
3646 2224 3798 2292 λέγει·

2261 2345 2278 2375 ι
2316 2324 2390 2377 Τὸ
2420 2323 2646 2393 Πνεῦμα
2677 2323 2775 2390 τῆς
2802 2319 3081 2392 ἀληθείας,
3105 2318 3134 2372 δ
3170 2318 3320 2391 παρὰ
3362 2318 3458 2372 τοῦ
3499 2316 3701 2389 Πατρδς
3724 2316 3802 2368 ἐκ·

2255 2413 2566 2485 πορεύεται.
2608 2431 2626 2464 ι
2665 2412 2782 2464 Οὐκ
2809 2406 2929 2463 εἷπε
2976 2408 3055 2471 δὲ,
3114 2409 3379 2473 κτίζεται.
3408 2408 3567 2462 Πᾶσα
3598 2407 3688 2478 μὲν
3713 2403 3803 2474 γὰρ

2255 2506 2509 2576 γέννησις
2570 2504 2665 2557 καὶ
2699 2503 3043 2574 ἐκπόρευσις,
3075 2499 3164 2553 διὰ
3196 2500 3304 2553 τῶν
3341 2500 3476 2553 ἴσων
3512 2501 3604 2553 καὶ
3631 2495 3802 2568 ὁμοίων

2257 2597 2590 2652 ἐπιτελεῖται
2613 2614 2625 2627 ·
2659 2596 2893 2667 μάλιστα
2918 2595 2975 2648 δὲ
3003 2593 3372 2667 διαφερόντως
3393 2595 3428 2663 ἠ
3453 2590 3566 2645 ἀπὸ
3593 2588 3678 2643 τοῦ
3705 2588 3802 2649 ἑνὸς

2258 2691 2474 2761 Πατρὸς
2509 2688 2631 2742 καθ’
2678 2689 2872 2741 ἕνωσιν
2909 2687 3011 2758 τῆς
3045 2685 3240 2739 ἑαυτοῦ
3282 2683 3541 2756 θεότητός
3573 2684 3680 2736 ἐστι
3704 2678 3804 2748 γέν-

2258 2798 2415 2854 νησις
2462 2781 2559 2834 καὶ
2607 2780 2954 2851 ὲκπόρευσις.
3014 2778 3152 2832 Ἀλλ’
3183 2778 3276 2831 ἐπὶ
3323 2778 3429 2847 μὲν
3455 2776 3563 2829 τῶν
3597 2773 3800 2842 κτισμά-

2257 2891 2365 2927 των
2441 2875 2655 2944 ἡγεῖται
2698 2872 2775 2943 τῷ
2813 2873 2988 2943 χρόνῳ
3024 2871 3053 2925 ό
3092 2870 3485 2942 πρωτότυπος·
3524 2868 3614 2922 ἐπὶ
3644 2866 3695 2920 δὲ
3725 2862 3802 2917 τοῦ

2259 2965 2392 3019 Θεοῦ
2433 2965 2532 3035 οὐχ
2572 2965 2763 3029 οὕτως,
2810 2963 2946 3017 ἀλλὰ
3006 2960 3435 3032 συνυφεστὼτως
3475 2962 3567 3015 καὶ
3601 2974 3804 3029 συμπρο-

2270 3056 2626 3127 εληλυοότως.
2673 3055 2922 3127 Συνᾲδων
2958 3054 3015 3109 δὲ
3057 3054 3138 3126 τῷ
3185 3054 3382 3125 Κυρίῳ
3437 3054 3535 3107 καὶ
3585 3051 3802 3118 Ἰωάννης

2262 3148 2495 3221 ἐκήρυξε
2546 3146 2640 3202 τοῦ
2681 3148 2835 3217 ἁγίου
2872 3147 3188 3216 Πνεῦματος
3228 3145 3289 3199 τό
3331 3147 3476 3218 πρὸς
3509 3145 3596 3207 τὸν
3618 3142 3803 3212 Πατέρα

2263 3241 2376 3294 ἴσον
2424 3242 2519 3294 καὶ
2545 3240 2988 3312 ἀπαράλλακτον,
3028 3239 3171 3303 ὅλον,
3215 3239 3293 3302 ὡς
3329 3239 3403 3292 ἀν
3433 3238 3574 3291 εἴποι
3612 3252 3706 3299 τις,
3730 3232 3802 3286 τὸν

2262 3334 2645 3406 ἀπερίγραφον
2678 3332 2810 3386 Θεὸν
2841 3331 3061 3402 Πατέρα
3095 3328 3528 3402 περιλαμϐάνον,
3566 3328 3652 3380 καὶ
3681 3321 3803 3393 παρὲ

2262 3429 2477 3488 πιστοῖς
2504 3424 2894 3497 εὑρισκόμενον
2924 3423 3216 3487 δείκνυσιν,
3253 3420 3460 3475 εἰπών’
3496 3440 3515 3473 ι
3557 3419 3640 3472 Ἐν
3660 3416 3803 3481 τούτῳ

2261 3518 2371 3589 γὰρ
2412 3516 2777 3587 γινώσκομεν,
2827 3516 2910 3569 ὅτι
2951 3516 3008 3567 ὲν
3048 3512 3197 3585 αὑτῷ
3243 3513 3504 3584 μένομεν,
3542 3513 3633 3566 καὶ
3671 3507 3804 3567 αὐτὸς

2262 3612 2319 3664 ὲν
2341 3613 2497 3682 ἡμῖν,
2525 3612 2589 3663 ὲκ
2612 3608 2707 3662 τοῦ
2738 3608 3056 3679 Πνεῦματος
3079 3607 3266 3672 αὑτοῦ,
3297 3601 3362 3661 οὗ
3388 3607 3583 3661 ἔδωκεν
3609 3607 3726 3676 ἡμῖν
3744 3621 3755 3633 ·
3784 3621 3797 3650 ι

2262 3702 2322 3756 ὃν
2365 3702 2564 3773 τρόπον
2594 3703 2623 3754 ό
2658 3700 2785 3764 Υἱὸς
2816 3696 2966 3754 εἶπεν
2990 3717 3004 3733 ο
3052 3719 3071 3751 ι
3118 3701 3176 3753 Ὀ
3216 3699 3483 3772 ἑωρακὼς
3519 3699 3612 3769 ἐμὲ
3657 3695 3801 3767 ἑώρα-

2267 3810 2331 3848 κε
2383 3793 2473 3846 τὸν
2512 3793 2768 3863 Πατέρα’
2806 3812 2825 3843 ι
2873 3791 2991 3856 καὶ,
3046 3809 3064 3841 ι
3124 3790 3265 3859 Ἐγὼ
3299 3790 3459 3862 παρὰ
3502 3789 3593 3842 τοῦ
3625 3782 3803 3854 Πατρδς

2263 3883 2506 3956 ἐξῆλθον.
2540 3903 2558 3934 ι
2602 3883 2768 3937 Οὐδὲν
2823 3883 2933 3955 γὰρ
2974 3883 3112 3946 ὅλως·
3169 3881 3296 3935 κατ’
3342 3881 3553 3948 οὐσίαν,
3602 3878 3633 3951 ἦ
3689 3876 3803 3929 κατὰ

2263 3978 2475 4049 χρόνον,
2509 3975 2543 4047 ἢ
2577 3973 2736 4039 δόξαν
2780 3972 2971 4043 ὕφεσιν
3003 3973 3149 4044 ἕχον,
3192 3971 3420 4026 δύναται
3448 3970 3544 4043 τὴν
3584 3970 3700 4039 ὃλην
3728 3967 3803 4018 ὲκ-

2265 4066 2474 4137 φαίνειν
2520 4064 2800 4135 ἀλήθειαν,
2845 4063 2879 4134 ἢ
2918 4062 3165 4133 ὁμοειδὲς
3208 4061 3523 4132 τυγχάνειν,
3567 4060 3653 4114 καὶ
3701 4055 3800 4124 ἴσην

2264 4306 2360 4361 per
2388 4292 2580 4347 Filinm
2602 4294 2927 4347 exstantium
2976 4294 3195 4354 habeat,
3239 4291 3343 4347 hoc
3382 4300 3442 4347 ut
3469 4289 3801 4359 blasphemnm

2266 4372 2320 4432 et
2360 4363 2581 4430 impium
2610 4362 2944 4432 rejicietnus.
2970 4380 2989 4414 ι
3035 4362 3301 4432 Nimirum
3333 4376 3468 4432 eum
3497 4371 3704 4432 sensum
3729 4368 3801 4407 re—

2262 4430 2385 4500 iicit
2412 4425 2804 4495 Theodorétus,
2845 4446 3010 4502 quem
3043 4431 3263 4486 Biblieze
3310 4431 3386 4484 illi
3414 4426 3655 4486 locutioni
3680 4425 3801 4502 Alli}-

2271 4492 2396 4556 inaai
2437 4492 2946 4567 adhibebant,'dnm
2988 4501 3245 4570 Spiritum
3289 4511 3537 4570 sanctum
3573 4510 3683 4570 rex
3729 4492 3803 4546 Fi-

2197 4545 2240 4602 ι)
2269 4545 2408 4636 iiii".
2437 4545 2972 4641 “εῖιῖί”ἲ”ῤ”ἔέἰτῖιἰἰὶὶὶι
2988 4545 3689 4640 ἶνὲῖἐῦῖῖεεῖ’ἷιὶᾇῦἰειῷεἱίι
3723 4545 3803 4632 per

2263 4641 2611 4695 creationem.

2330 4708 2444 4781 (69)
2474 4780 2483 4781 ί
2501 4707 2874 4781 Christum}
2949 4709 3072 4766 Cor.
3122 4723 3202 4781 ι,
3242 4708 3334 4765 24.
3386 4708 3514 4765 Vide
3559 4713 3703 4761 notas
3746 4696 3800 4753 ad

2263 4779 2429 4849 segm.
2466 4779 2563 4859 l7!
2596 4795 2761 4860 tuseu
2789 4779 2881 4834 lib.
2913 4795 2997 4842 ιιι,
3027 4793 3145 4845 cap.
3173 4779 3226 4833 7.

2336 4848 2446 4916 (70)
2470 4847 2718 4910 Spiritus.
2745 4848 2901 4904 Joan.
2934 4865 3021 4915 xv,
3058 4848 3148 4902 26.

2362 4905 2450 4986 71)
2492 4905 2559 4970 In
2595 4919 2713 4975 hoc.
2772 4918 2790 4971 Ι
2835 4905 3114 4979 δοθηίω,
3170 4917 3258 4981 24,
3331 4915 3421 4973 ubi
3483 4915 3661 4986 Greca
3705 4905 3797 4984 edi:

2265 4981 2353 5045 tio'
2387 4981 2551 5042 habet
2584 4988 2681 5051 ita.
2717 4997 2773 5042 ut
2804 4986 3066 5056 Vulgatns
3107 4988 3208 5041 int.
3250 4986 3559 5056 transtulit:
3587 4981 3683 5056 «Et
3723 4981 3797 5044 (Ιυῖ

2264 5066 2445 5111 servat
2484 5058 2732 5111 mandata
2763 5059 2898 5125 ejus,
2913 5053 2985 5110 'in
3029 5058 3117 5111 illo
3152 5067 3351 5120 manet,
3388 5064 3443 5109 et
3478 5055 3587 5125 ipse
3617 5053 3665 5125 i-It
3697 5061 3794 5125 £0}

2263 5136 2319 5180 et
2356 5129 2409 5180 in
2449 5127 2554 5181 hoc
2581 5116 3290 5198 scimtts'quoniam'_manet
3332 5116 3384 5198 in
3412 5116 3580 5198 nobis,
3608 5116 3798 5198 despij

2262 5197 2369 5253 ritu
2424 5210 2584 5265 quem
2630 5196 2777 5250 dedit
2824 5193 3041 5251 nobis.)
3082 5196 3286 5253 Omitto
3329 5194 3508 5265 Graeca
3554 5193 3797 5265 brevitatis

2264 5259 2655 5348 causa-Atque.
2683 5266 2809 5321 illud
2840 5268 3018 5349 potius
3059 5268 3444 5328 animadverto,
3477 5263 3612 5316 hunc
3646 5259 3794 5333 ipsum

2265 5345 2470 5392 textum
2526 5337 2591 5389 ad
2643 5335 2773 5390 illlld
2838 5335 2985 5390 tdem
3062 5335 3390 5400 probandum
3419 5373 3435 5397 ,
3467 5332 3599 5400 quod
3626 5327 3793 5400 hoe-III

2320 5349 2470 5392 xtum
2526 5349 2591 5389 au
2643 5349 2773 5390 ιιιυα
2838 5349 2985 5390 tuem
3062 5349 3435 5397 pronanuum,

2265 5352 2470 5392 textum
2526 5352 2591 5389 au
2643 5352 2773 5390 uiua
2838 5352 2985 5390 luem
3062 5352 3435 5405 prouanuum,
3467 5352 3598 5400 quou
3633 5352 3790 5404 nuc."-

2264 5405 2383 5461 loco
2419 5404 2531 5460 vult
2567 5404 2846 5476 Didymus,
2878 5402 3060 5476 aﬂ‘erri
3096 5405 3258 5459 etiam
3289 5405 3339 5457 in
3364 5403 3499 5476 libro
3524 5400 3593 5454 De
3616 5395 3790 5476 Spinttf

2264 5484 2472 5541 sancto,
2537 5465 2685 5529 num:
2741 5465 2860 5528 40':
2890 5475 2985 5530 sed
3044 5488 3260 5529 sensum
3319 5465 3790 5542 potius_utro[>jtll_'e

2264 5531 2470 5610 aﬁ‘erri,
2500 5559 2661 5610 quam
2694 5545 2880 5600 verba.
2924 5544 3001 5599 lbi
3031 5546 3174 5599 enim
3217 5544 3291 5597 ita
3319 5531 3556 5610 'dictavit
3581 5553 3596 5589 :
3619 5553 3637 5583 ι
3657 5531 3786 5610 litth

2261 5598 2485 5669 Joannis
2514 5598 2755 5682 Epistola
2785 5598 2813 5669 :7
2837 5598 2934 5667 tln
2974 5598 3079 5669 hoc
3122 5612 3457 5683 cognoscitur
3499 5609 3628 5683 Deus

2268 5665 3103 5751 uisimiaiibigaan,’suis}
3130 5665 3382 5737 asa...“
3401 5681 3510 5752 in.
3542 5677 3635 5752 eis_
3654 5665 3787 5752 «sgi-

2262 5737 2398 5808 ritus
2415 5737 2576 5820 queui
2593 5737 2758 5807 dedit.
2778 5772 2797 5804 ι
2828 5737 2905 5806 Ei
2928 5754 3120 5822 quibus
3139 5752 3383 5822 omnibus
3399 5737 3779 5822 tndissociatittis.

2262 5816 2728 5893 atqueindiscreta
2748 5816 3033 5879 Trinitatis
3058 5820 3359 5878 substantia
3381 5816 3775 5875 demonstratum
