4082 6398
301 441 389 496 Mil

1372 451 1461 504 DE
1501 452 1875 508 TRINITATE
1913 452 2117 508 LIBER
2156 456 2543 513 SECUNDUS.

3502 468 3610 524 ιιε

303 555 438 627 ἔχειν
498 558 880 627 ἐπίγνωσιν·
942 561 1071 615 οὔτε
1126 563 1183 615 δέ
1221 581 1303 629 τις
1354 565 1507 636 τύχοι
1563 568 1631 620 ἂν
1699 572 1925 641 μετοχῆς

2035 572 2222 637 nobis,
2268 588 2333 626 ex
2391 574 2593 639 Spiritu
2648 573 2795 639 ejus,
2844 589 3000 643 quem
3058 578 3204 633 dedit
3253 581 3439 651 nobis;
3474 603 3492 636 ι
3540 600 3610 640 eo

306 649 563 720 θεότητος
588 650 860 721 ἀληθοῦς
886 652 981 706 διὰ
1008 654 1303 725 κτίσματος
1328 676 1341 688 ·
1370 657 1573 712 δίδοται
1602 659 1659 712 δὲ
1688 660 1751 713 τὸ
1775 661 1928 729 ἅγιον

308 737 569 810 Πνεῦμα,
623 741 702 793 οὐ
739 744 1080 815 κατατομῆς
1125 750 1434 817 μερισμοῖς,
1483 749 1621 803 ἀλλὰ
1665 750 1743 822 τῷ
1787 751 1930 823 λόγῳ

314 830 408 900 τῆς
452 831 803 902 μετουσίας,
852 833 955 887 καὶ
992 835 1091 889 τοῦ
1132 835 1208 908 μὴ
1239 838 1477 892 νοεῖσθαι
1521 842 1852 912 ἐτεροφυῶς,
1894 843 1928 914 ἢ

328 922 735 995 ὲτερογνώμως
786 926 888 979 τοῦ
941 927 1157 999 Πατρὸς
1202 931 1374 985 οἰκεῖν
1415 932 1474 984 ὲν
1521 934 1671 1003 ἡμῖν.
1720 934 1930 1000 Ἕδειξε

339 1015 393 1067 δὲ
433 1016 543 1086 ἃμα
589 1017 622 1068 ὁ
670 1016 783 1087 τῆς
808 1016 1048 1088 βροντῆς
1077 1020 1211 1087 υίὸς,
1251 1021 1329 1085 ὡς
1355 1020 1485 1077 ἔνθα
1523 1024 1644 1077 ἐστὶ
1690 1025 1751 1078 τὸ
1776 1026 1930 1095 ἅγιον

346 1106 577 1174 Πνεῦμα,
615 1108 903 1177 πάρεστιν
935 1112 964 1163 6
994 1110 1126 1175 Θεὸς
1152 1112 1366 1185 Πατὴρ,
1393 1109 1455 1169 οὗ
1479 1116 1706 1188 Πνεῦμά
1743 1119 1889 1173 ἐστιν
1913 1132 1927 1147 ⁶

354 1200 477 1269 δερ
522 1199 614 1252 καὶ
666 1188 843 1264 αὐτὸς
898 1203 927 1254 6
972 1201 1112 1267 Θεὸς
1177 1204 1655 1276 προανεφώνησεν,
1716 1208 1927 1263 εἰπών·

357 1312 377 1343 ι
420 1292 714 1363 Ἐνοικήσω
775 1294 836 1345 ὲν
878 1294 1081 1361 αὐτοῖς,
1141 1298 1235 1350 καὶ¹
1304 1299 1742 1372 ὲμπεριπατήσω
1763 1318 1777 1330 ·
1835 1302 1931 1355 καὶ

354 1384 532 1454 ἔσομαι
581 1384 772 1437 αὐτῶν
810 1384 967 1450 Θεὸς,
1014 1388 1109 1439 καὶ
1135 1388 1291 1441 αὐτοὶ
1332 1388 1548 1444 ἔσονταί
1583 1408 1685 1463 μου
1723 1391 1869 1455 λαός.
1906 1413 1925 1445 ι

361 1476 443 1539 Ὠς
467 1476 635 1529 πάλιν
660 1477 725 1530 τὸ
745 1477 1118 1549 ἀντικείμενον
1138 1480 1308 1551 δηλοῖ,
1333 1483 1414 1535 ὅτι
1440 1483 1507 1536 Et
1521 1501 1605 1547 τις
1621 1484 1684 1537 τὸ
1706 1485 1931 1555 Πνεῦμα

349 1567 438 1620 τοῦ
485 1566 630 1620 Θεοῦ
660 1568 738 1633 ὡς
771 1567 905 1623 Θεὸν
964 1569 1056 1641 [54
1095 1569 1170 1642 α]
1209 1571 1462 1643 ἀληθινὸν
1501 1567 1601 1627 οὔκ
1636 1574 1770 1645 ἔχει,
1812 1576 1931 1629 οὐδὲ

305 1729 308 1732 γ
345 1659 434 1711 τὸν
460 1660 690 1732 Πατέρα
722 1659 835 1731 ἔχει
855 1678 868 1690 ·
907 1662 1037 1734 παρ’
1070 1659 1152 1727 οἷς
1176 1663 1234 1717 δὲ
1283 1663 1359 1736 μὴ
1389 1659 1546 1730 οὗτός
1575 1668 1748 1729 ἐστιν,
1779 1654 1930 1721 οὐδὲν

347 1752 570 1822 ἀληθὲς,
596 1753 710 1806 οὐδ’
740 1753 1005 1823 ἀσφαλὲς,
1031 1754 1153 1807 οὐδὲ
1191 1754 1426 1825 βέϐαιον.
1465 1758 1552 1821 Ὠς
1573 1759 1634 1811 τὸ
1660 1758 1894 1829 ἔμπαλιν
1912 1776 1926 1790 °

356 1845 652 1899 Ὀστισοῦν
688 1845 862 1913 λέγων
892 1847 1022 1918 περὶ
1061 1847 1249 1912 αὑτοῦ,
1284 1847 1389 1902 κᾶν
1417 1849 1689 1920 αἱρετικὸς
1716 1849 1790 1904 ὢν
1835 1850 1929 1904 τύ-

349 1955 454 2009 χοι,
486 1938 585 1991 ὲάν
612 1938 862 2010 ὲρωτηθῇ
899 1939 1028 2011 περὶ
1070 1941 1223 1994 ποίου
1249 1940 1558 2009 διαλέγεται
1598 1940 1924 2012 πνεύματος,

348 2021 509 2103 λέγῃ,
551 2048 571 2083 ι
602 2031 700 2085 τοῦ
722 2031 878 2099 ἁγίου
899 2048 913 2061 ο
944 2051 963 2083 ι
989 2032 1085 2085 καὶ
1115 2033 1165 2085 εί
1188 2028 1344 2097 αὖθις
1373 2033 1535 2088 πάλιν
1562 2033 1755 2097 πεῦσις
1779 2034 1930 2105 αὐτῷ

350 2122 770 2196 προσενεχθείη,
804 2141 823 2174 t
858 2124 1012 2177 ποίου
1054 2125 1235 2193 ἁγίου,
1266 2143 1285 2176 ι
1318 2125 1532 2197 ἀνάγκη
1561 2124 1726 2180 αὐτὸν
1756 2127 1930 2179 εἰπεῖν

347 2216 430 2278 είς
486 2216 879 2284 φανερωτάτην
918 2213 1148 2285 δήλωσιν
1171 2253 1187 2279 ,
1235 2232 1255 2266 ι
1302 2212 1397 2268 τοῦ
1463 2215 1780 2287 Πνεύματος
1833 2215 1928 2270 τοῦ

345 2307 510 2370 Θεοῦ,
541 2326 562 2359 ›
604 2306 684 2370 ὡς
727 2305 833 2360 τῶν
876 2306 1050 2360 ἄλλων
1094 2307 1168 2377 μὴ
1208 2306 1484 2371 οὐσιωδῶς
1524 2308 1693 2364 ὄντων
1737 2308 1924 2364 αὐτοῦ.

348 2398 645 2469 Μοχθηροὶ
669 2398 725 2451 δὲ
761 2399 975 2462 ἑαυτοῖς
1002 2416 1062 2452 τε
1101 2400 1197 2454 καὶ
1222 2403 1338 2464 τοῖς
1367 2399 1624 2455 ἀκούουσι
1656 2402 1929 2473 γινόμενοι

347 2490 646 2560 αἱρετικοὶ,
702 2488 894 2559 βιαίοις
926 2492 1337 2562 ἐπιχειρήσεων
1378 2493 1771 2562 συκοφαντοῦσι
1802 2495 1929 2560 τοὺς

347 2580 513 2651 ἡμῶν
555 2580 651 2633 καὶ
687 2580 863 2634 αὐτῶν
907 2582 1160 2652 ἀμείνους
1181 2623 1198 2649 ,
1231 2583 1325 2635 καὶ
1357 2582 1616 2654 μέγιστον
1642 2584 1924 2658 διαφέρον-

345 2687 470 2735 τας,
518 2671 619 2723 καὶ
682 2671 810 2741 περὶ
870 2671 964 2725 τοῦ
1024 2671 1179 2740 ἁγίου
1237 2672 1554 2745 Πνεύματος
1617 2677 1927 2748 χρήσαντας

345 2761 543 2828 ἁγίους
563 2801 578 2823 ,
626 2755 709 2826 οἷς
753 2764 854 2815 οὐκ
917 2762 1133 2816 ἐναντία
1183 2764 1588 2837 νομοθετητέον.
1636 2769 1772 2821 Φασὶ
1818 2768 1924 2841 γὰρ

344 2852 495 2906 κατά
519 2852 666 2917 λέξιν
693 2852 864 2918 οὕτως
884 2872 898 2884 ·
923 2855 1093 2909 Ὅταν
1119 2851 1212 2909 οὖν
1234 2855 1369 2929 λέγῃ
1396 2860 1425 2911 6
1452 2857 1585 2922 Θεός
1603 2877 1616 2890 ·
1646 2879 1664 2911 ι
1707 2860 1766 2914 Ὀ
1797 2864 1927 2924 παῖς

348 2957 454 3011 μου
470 2941 718 3005 Ἡσαΐας·
758 2944 908 3007 ικαὶ,
943 2962 962 2995 ‹
987 2944 1464 3016 Υἱὸςπρωτότοκός
1494 2964 1597 3019 μου
1624 2948 1857 3021 Ἰσραὴλ,
1898 2969 1918 3002 ι

345 3036 383 3102 ἡ
424 3053 443 3083 ε
480 3051 585 3105 μου
623 3054 642 3086 ι
682 3035 914 3107 συλλαϐὴ
963 3036 1106 3108 ἔχειν
1152 3056 1205 3092 τι
1238 3039 1416 3093 κοινὸν
1447 3039 1546 3112 τὴν
1578 3040 1923 3113 ἀνθρωπείαν

347 3125 514 3195 φύσιν
560 3127 697 3199 πρὸς
747 3129 845 3200 τὴν
882 3129 976 3182 τοῦ
1001 3130 1157 3193 ,Θεοῦ
1209 3132 1515 3199 δείκνυσιν;
1552 3134 1764 3206 Ὥσπερ
1805 3130 1919 3201 οὖν,

345 3218 506 3287 φησὶ,
553 3217 709 3271 τοῦτο
734 3215 886 3272 εἶπεν
910 3221 985 3285 ὼς
1030 3222 1123 3276 τοῦ
1152 3217 1293 3276 εἶναι
1322 3225 1508 3287 αὐτοῖς
1533 3225 1725 3288 αἴτιος,
1750 3224 1923 3290 οὕτως
1948 3246 1992 3306 ο

347 3308 446 3361 καὶ
492 3308 595 3379 τὴν
635 3309 878 3381 ψύχωσιν
937 3313 1117 3368 αὐτῶν
1167 3333 1185 3366 ι
1223 3315 1450 3387 Πνεῦμά
1497 3333 1598 3386 μου
1636 3336 1655 3366 i
1705 3318 1923 3388 προσεῖ-

341 3421 471 3460 πεν.
526 3403 597 3457 Et
623 3421 709 3468 τις
738 3406 797 3458 δὲ
834 3406 1018 3471 αὐτοῖς
1048 3407 1151 3479 τῆς
1197 3409 1456 3480 ἀληθείας
1488 3410 1584 3463 καὶ
1635 3409 1922 3482 ἀκριϐείας

338 3496 504 3564 λόγος
536 3496 704 3567 ὑπῆν,
727 3497 828 3551 οὐκ
860 3498 927 3552 ἂν
955 3499 1255 3569 τηλικαῦτα
1291 3501 1532 3555 ἔπταιον.
1565 3502 1786 3573 Πρῶτον
1824 3502 1922 3572 μὲν

342 3588 459 3660 γὰρ
484 3588 634 3659 αὐτῷ
663 3588 741 3659 τῷ
775 3590 959 3658 φάναι,
999 3591 1248 3656 Ἡσαΐαν,
1282 3592 1395 3656 καὶ,
1443 3593 1678 3665 Ἰσραὴλ,
1710 3591 1921 3665 ἀνθρώ-

348 3697 488 3744 πους
513 3681 747 3752 ἐδήλωσε
767 3699 782 3713 ο
816 3682 1156 3755 προσέθηκεν
1192 3684 1261 3738 δὲ
1280 3687 1400 3738 κατ’
1429 3684 1707 3757 ἐξαίρετον
1741 3686 1922 3749 αὐτοῖς

346 3771 417 3823 τὸ
450 3789 469 3821 ι
504 3770 606 3841 μοῦ
650 3790 670 3822 ι
703 3771 779 3835 ὡς
805 3772 955 3844 αὑτῷ
981 3775 1103 3838 ταῖς
1134 3774 1364 3846 πράξεσι
1392 3776 1788 3846 προσήκουσιν.
1818 3775 1922 3829 Τὸν

359 3862 590 3917 Ἡσαΐαν
616 3863 673 3915 δὲ
714 3863 879 3917 παῖδα
908 3863 1164 3929 ἐκάλεσε,
1197 3865 1341 3919 τοῦτ’
1382 3865 1529 3919 ἐστιν
1557 3865 1798 3936 οἰκέτην·
1832 3865 1921 3921 τὸν

337 3953 401 4007 δὲ
450 3953 674 4025 Ἰσραὴλ
720 3955 1083 4023 πρωτότοκον,
1117 3956 1193 4021 ὡς
1223 3956 1439 4029 πρῶτον
1481 3956 1785 4028 ἀρξάμενον
1826 3957 1922 4010 λα-

336 4044 564 4115 τρεύειν
595 4043 768 4113 αὐτῷ,
801 4046 896 4099 καὶ
926 4045 1055 4100 ὄντα
1091 4049 1158 4118 τῇ
1190 4048 1320 4119 περὶ
1350 4047 1510 4101 αὐτὸν
1538 4047 1798 4110 διαθέσει,
1827 4047 1923 4101 καὶ

343 4134 591 4206 φροντίδι
615 4135 710 4189 τοῦ
739 4136 903 4200 Θεοῦ,
957 4139 1016 4190 ἐν
1039 4137 1192 4204 τάξει
1232 4138 1371 4194 υἱοῦ.
1405 4140 1567 4193 Ὥστε
1591 4140 1653 4193 τὸ
1680 4159 1699 4190 ι
1738 4138 1862 4209 μοῦ,
1897 4159 1915 4189 ι

344 4226 442 4278 ἐπὶ
477 4226 577 4296 μὲν
618 4225 715 4279 τοῦ
756 4226 1007 4298 ἀληθινοῦ
1035 4228 1152 4281 υἱοῦ
1185 4231 1278 4283 καὶ
1308 4227 1402 4283 τοῦ
1448 4228 1700 4301 ἀληθινοῦ
1752 4229 1923 4284 Ilvati-

352 4334 523 4387 ματος
560 4318 852 4387 λεγόμενον
893 4319 1045 4390 παρά
1076 4319 1171 4373 τοῦ
1199 4320 1357 4389 Θεοῦ,
1392 4320 1492 4393 τὴν
1524 4321 1796 4375 οἱκείωσιν
1823 4321 1922 4391 τῆς

348 4408 567 4477 φύσεως
596 4409 782 4479 δηλοῖ·
813 4411 907 4464 ἐπὶ
947 4411 1006 4465 δὲ
1033 4411 1141 4465 τῶν
1175 4412 1349 4467 ἄλλων
1389 4413 1627 4482 πάντων,
1668 4414 1729 4466 τὸ
1773 4413 1921 4485 αὐτῷ

347 4502 494 4555 κατὰ
523 4501 846 4557 δεσποτείαν
876 4503 909 4574 ἢ
949 4504 1133 4558 πίστιν
1175 4503 1452 4577 διαφέρειν
1471 4522 1485 4537 ο
1515 4506 1591 4570 ὡς
1634 4507 1729 4560 κα)⁵
1761 4508 1922 4578 ἡμεῖς

1958 1913 2001 1969 Β

2033 664 2193 717 modo
2241 678 2350 733 quo
2398 664 2568 719 Filius
2605 667 2781 721 dixit:
2822 687 2841 719 ‹
2872 669 2972 735 Qui
3020 671 3156 725 vidit
3182 671 3296 744 (72)
3327 689 3435 742 me,
3475 676 3612 731 vidit

2031 753 2285 822 Patrem;
2317 775 2335 807 ι
2388 767 2485 812 et:
2527 777 2546 808 ι
2580 757 2692 829 Ego
2727 758 2844 832 (75)
2900 776 2930 814 a
2980 761 3140 815 Patre
3187 765 3353 819 exivi.
3385 785 3406 819 ι
3460 766 3607 822 Nihil

2034 845 2180 899 enim
2206 846 2431 900 omnino
2491 849 2635 915 quod
2665 851 2957 904 secundum
2995 853 3309 918 essentiam,
3342 863 3437 908 aut
3465 863 3605 910 tem-

2030 949 2153 1003 pus,
2192 945 2286 989 aut
2327 936 2552 1006 gloriam
2594 939 2820 996 inferius
2869 942 2959 1009 sit,
3003 950 3171 995 totam
3219 946 3480 1001 exhibere
3545 963 3609 1003 ac

2031 1038 2422 1096 repraesentare
2465 1032 2605 1086 valet
2633 1033 2936 1097 veritatem,
2973 1044 3064 1088 aut
3099 1036 3149 1089 ei
3190 1037 3468 1093 conforme
3494 1037 3610 1111 (74)

2032 1132 2177 1181 esse,
2222 1129 2277 1174 et
2302 1122 2496 1191 aequali
2544 1138 2664 1177 cum
2697 1124 2810 1193 ipsa
2852 1127 3082 1181 veritate
3114 1128 3275 1198 120
3302 1131 3611 1201 cognitione

2031 1210 2286 1278 cognosci
2316 1229 2333 1265 :
2366 1227 2465 1268 nec
2493 1223 2750 1283 praeterea
2786 1226 2963 1285 potest
3010 1218 3131 1288 quis
3174 1235 3358 1275 veram
3395 1222 3611 1276 deitatis

2036 1302 2508 1373 participationem
2534 1310 2793 1378 consequi
2820 1324 2915 1378 per
2935 1320 3238 1371 creaturam
3272 1330 3286 1367 ;
3311 1313 3472 1375 datur
3508 1330 3609 1369 au-

2035 1399 2141 1443 tem
2181 1389 2417 1461 Spiritus
2467 1404 2689 1450 sanctus
2714 1413 2819 1451 non
2863 1400 3122 1455 concisim
3171 1411 3225 1456 et
3269 1417 3363 1472 per
3404 1415 3607 1474 partes,

2032 1481 2124 1534 sed
2159 1483 2369 1538 ratione
2395 1486 2847 1554 participationis,
2881 1498 2937 1544 et
2970 1491 3093 1559 quia
3126 1493 3334 1563 concipi
3367 1510 3474 1549 non
3511 1513 3609 1566 po-

2032 1579 2160 1636 test,
2194 1588 2317 1628 eum
2366 1574 2438 1629 ita
2485 1577 2733 1657 habitare
2779 1579 2830 1633 in
2880 1582 3056 1650 nobis,
3107 1593 3167 1638 nt
3201 1585 3275 1639 sit
3318 1585 3542 1642 alterius
3574 1605 3605 1641 ιι

2032 1659 2195 1717 Patre
2222 1675 2454 1733 naturae,
2482 1677 2579 1722 aut
2597 1673 2899 1727 sententias.
2930 1672 3071 1740 Quin
3104 1676 3233 1731 illud
3256 1679 3418 1733 etiam
3445 1679 3605 1735 simul

2038 1754 2277 1808 ostendit
2331 1758 2552 1813 tonitrui
2607 1761 2911 1834 ﬁlius(75),
2942 1767 3032 1821 ubi
3081 1776 3164 1822 est
3212 1768 3447 1840 Spiritus
3488 1788 3607 1826 sau-

2037 1851 2178 1908 ctus,
2215 1845 2287 1900 ibi
2328 1849 2518 1905 adesse
2546 1851 2711 1906 Deum
2745 1853 2983 1922 Patrem,
3023 1859 3175 1928 cujus
3198 1873 3282 1916 est
3319 1861 3557 1932 Spiritus
3589 1883 3601 1917 :

2040 1934 2090 1989 id
2118 1938 2260 2004 quod
2286 1938 2402 2008 ipse
2427 1956 2641 2010 quoque
2665 1941 2809 2000 Deus
2837 1957 2997 2003 antea
3024 1950 3322 2008 inclamans
3351 1955 3564 2011 dixerat
3588 1976 3599 2008 :

2039 2043 2058 2076 ι
2094 2026 2412 2085 Inhabitabo
2434 2032 2548 2104 (76)
2574 2033 2625 2088 in
2660 2035 2758 2100 eis,
2796 2048 2849 2091 et
2881 2039 3247 2108 inatubulabo,
3276 2053 3330 2098 et
3364 2060 3459 2101 ero
3485 2047 3604 2101 illu-

2034 2134 2152 2173 rutn
2178 2119 2349 2188 Deus,
2380 2134 2436 2178 et
2469 2126 2568 2195 ipsi
2596 2140 2759 2183 erunt
2788 2130 3016 2200 populus
3039 2148 3210 2190 meus.
3242 2154 3264 2189 ι
3305 2135 3461 2193 Sicut
3486 2154 3607 2193 rur-

2030 2223 2123 2265 sus
2163 2226 2229 2266 ex
2279 2215 2531 2284 opposito
2570 2217 2832 2287 declarat,
2880 2222 2925 2275 si
2969 2224 3059 2293 qui
3106 2225 3366 2293 Spiritum
3408 2227 3505 2285 Dei
3549 2245 3605 2284 ut

2029 2314 2218 2355 verum
2259 2303 2423 2359 Deum
2472 2321 2577 2362 non
2617 2309 2839 2377 habent,
2874 2327 2969 2368 eos
3019 2329 3087 2370 ne
3133 2314 3349 2371 Patrem
3385 2321 3601 2389 quidem

2033 2391 2239 2448 habere
2272 2407 2329 2449 ut
2356 2396 2516 2453 talem
2543 2417 2557 2452 :
2593 2399 2661 2455 iis
2686 2415 2891 2467 autem,
2915 2406 3056 2474 apud
3079 2420 3215 2476 quos
3241 2409 3363 2464 talis
3389 2426 3494 2465 non
3523 2423 3608 2466 est

2028 2483 2213 2552 Pater,
2244 2489 2380 2543 nihil
2410 2505 2621 2558 verum,
2652 2495 2785 2551 nihil
2826 2506 3021 2563 tutum,
3056 2501 3194 2557 nihil
3228 2502 3443 2558 ﬁrmum
3474 2520 3599 2561 esse

2028 2589 2227 2649 potest.
2265 2581 2419 2639 Sicut
2446 2586 2563 2643 vice
2592 2603 2745 2643 versa
2772 2589 3082 2661 quicunque
3110 2594 3177 2649 de
3202 2596 3317 2665 ipso
3352 2597 3603 2667 loquens,

2028 2673 2278 2741 quamvis
2317 2676 2607 2735 haereticus
2646 2680 2834 2761 fuerit,
2868 2685 2912 2737 si
2962 2684 3327 2757 interrogetur
3368 2691 3435 2745 de
3471 2706 3580 2761 qun

2029 2777 2154 2817 nam
2193 2764 2383 2835 spiritu
2429 2767 2679 2837 disserat,
2735 2757 2850 2827 ide
2886 2784 3098 2839 sancto,
3133 2793 3151 2827 ι
3189 2777 3429 2848 inquiet;
3465 2757 3529 2836 ac
3558 2784 3602 2834 si

2028 2865 2220 2906 rursus
2289 2865 2549 2924 urgeatur
2592 2856 2967 2930 interrogatio,
3023 2880 3042 2913 ι
3076 2864 3142 2919 de
3186 2880 3293 2935 quo
3331 2878 3540 2939 sancto,
3584 2892 3603 2923 ι

2027 2956 2249 2999 necesse
2279 2954 2366 3000 est
2412 2955 2472 3001 ut
2493 2949 2562 3004 ad
2610 2951 2984 3020 explicandam
3015 2955 3319 3015 clarissime
3365 2972 3601 3018 mentem

2026 3051 2178 3091 suam
2218 3037 2365 3093 dicat
2396 3058 2410 3094 :
2449 3059 2469 3092 ι
2497 3042 2562 3096 de
2599 3041 2803 3112 Spiritu
2842 3045 2969 3116 Dei;
3007 3066 3027 3100 ι
3065 3065 3185 3105 cum
3237 3052 3329 3107 alii
3374 3055 3601 3124 spiritu.

2025 3142 2136 3182 non
2173 3129 2282 3183 sint
2322 3131 2758 3189 substantialiter
2791 3137 2961 3206 ipsius
2996 3138 3114 3196 Dei.
3140 3141 3388 3200 Haeretici
3423 3154 3602 3201 autem

2025 3237 2147 3276 cum
2176 3222 2550 3295 sibimetipsis,
2595 3234 2706 3280 tum
2754 3229 3093 3289 auditoribus
3133 3247 3326 3305 graves
3390 3251 3454 3292 ac
3486 3253 3604 3293 mo-

2023 3312 2169 3379 lesti,
2217 3327 2456 3381 sanctos,
2513 3319 2605 3387 qui
2660 3321 2820 3377 nobis
2879 3330 2935 3376 et
2974 3324 3107 3393 ipsis
3153 3325 3407 3384 meliores
3454 3342 3601 3396 sunt,

2023 3405 2306 3476 multoque
2356 3408 2791 3479 excellentiores,
2825 3414 3028 3485 quique
3057 3416 3314 3473 divinitus
3354 3419 3600 3490 inspirati
3661 3481 3663 3486 η

2023 3496 2091 3550 de
2120 3496 2324 3566 Spiritu
2360 3510 2551 3556 sancto
2592 3505 2951 3573 scripserunt,
2983 3509 3178 3579 quibus
3206 3513 3431 3578 proinde
3466 3532 3599 3571 c0u-

2025 3592 2193 3645 traria
2223 3600 2465 3648 statuere
2515 3610 2621 3648 non
2656 3597 2801 3664 licet,
2848 3598 3098 3657 violentis
3127 3604 3414 3661 conatibus
3448 3607 3603 3661 imm-

2023 3680 2176 3749 dunt,
2223 3690 2276 3737 et
2307 3697 2493 3738 eorum
2542 3685 2705 3740 verba
2752 3687 3105 3746 calumniosis
3139 3691 3603 3763 interpretationi—

2021 3772 2124 3828 bus
2164 3785 2495 3844 pervertunt.
2544 3776 2639 3832 Sic
2683 3779 2828 3834 enim
2883 3782 2951 3836 ad
2993 3786 3221 3839 verhum
3261 3786 3377 3858 (77)
3403 3788 3599 3846 aiunt:

2022 3863 2155 3918 Cum
2196 3866 2274 3919 ait
2317 3865 2481 3935 Deus,
2520 3887 2538 3920 ι
2569 3868 2713 3924 Puer
2734 3870 2848 3942 (78)
2877 3888 3027 3929 meus
3058 3876 3251 3943 Isaias;
3286 3898 3304 3930 )
3347 3889 3422 3946 et,
3461 3899 3480 3932 ι
3512 3882 3603 3936 Fi-

2023 3956 2127 4012 lius
2159 3958 2273 4030 (79)
2320 3961 2712 4030 primogenitus
2750 3979 2904 4021 meus
2936 3965 3121 4033 Israel,
3150 3987 3170 4020 i
3214 3972 3456 4040 nunquid
3497 3988 3599 4027 vox

2023 4044 2134 4113 illa,
2170 4067 2189 4100 ι
2221 4064 2395 4116 meus,
2424 4070 2443 4103 ι
2479 4054 2737 4120 ostendit,
2775 4066 3025 4111 naturam
3065 4060 3354 4115 humanam
3396 4062 3598 4120 habere

2022 4139 2223 4210 aliquid
2258 4156 2549 4198 commune
2585 4160 2709 4199 cum
2746 4145 2842 4201 Dei
2876 4149 3110 4203 natura?
3137 4151 3291 4205 Sicut
3332 4168 3479 4223 ergo,
3515 4158 3600 4209 in-

2021 4229 2237 4297 quiunt,
2285 4233 2401 4288 haec
2429 4232 2565 4287 dixit
2595 4234 2758 4300 Deus,
2792 4248 3063 4305 quatenus
3098 4239 3203 4293 illis
3230 4257 3393 4297 causa
3424 4255 3508 4300 est
3542 4257 3601 4299 ut

2022 4321 2325 4388 exsistant;
2351 4322 2424 4376 ita
2446 4332 2499 4377 et
2521 4338 2707 4379 eorum
2732 4328 3138 4399 animatiouem,
3156 4329 3414 4402 Spiritum
3440 4350 3596 4390 suum

2023 4415 2256 4467 vocavit.
2302 4413 2373 4468 At
2430 4415 2475 4470 si
2520 4431 2682 4485 quam
2726 4418 2801 4473 illi
2844 4422 3090 4477 veritatis
3134 4433 3298 4493 atque
3333 4442 3599 4485 accuratae

2025 4501 2487 4574 interpretationis
2539 4506 2806 4563 rationem
2850 4511 3134 4578 haberent,
3181 4516 3234 4568 in
3288 4518 3595 4587 hujusmodi

349 4594 626 4663 εἰώθαμεν
661 4594 857 4663 λέγειν,
889 4596 981 4650 ἐπὶ
1013 4598 1110 4668 μὲν
1135 4599 1243 4652 τῶν
1271 4598 1574 4669 ὁμοουσίων
1602 4600 1753 4669 ἡμῖν,
1793 4617 1811 4649 ι
1863 4600 1919 4651 'U

2027 4609 2239 4651 errares
2274 4612 2379 4652 non
2413 4597 2734 4655 inciderent.
2770 4599 2903 4655 Nam
2938 4603 3170 4671 primum
3200 4623 3266 4663 eo
3302 4612 3419 4678 ipso
3454 4621 3597 4683 quod

350 4687 466 4748 υἱός
496 4704 622 4756 μου,
658 4686 720 4739 τὸ
754 4687 971 4756 πνεῦμά
1001 4705 1132 4758 μου·
1168 4708 1187 4741 ι
1219 4690 1310 4742 ἐπὶ
1338 4688 1396 4742 δὲ
1432 4688 1542 4743 τῶν
1570 4687 1590 4759 [
1614 4689 1683 4742 54
1721 4686 1792 4759 b]
1823 4689 1920 4743 ἄλ-

350 4779 481 4843 λων,
522 4798 542 4830 ι
585 4779 648 4831 '0
691 4779 859 4851 ἀγρός
890 4798 1013 4851 μου,
1046 4783 1074 4835 6
1098 4782 1261 4845 ἵππος
1294 4798 1418 4851 μου,
1461 4800 1480 4832 ι
1519 4780 1655 4835 ἀλλά
1686 4781 1802 4844 καὶ,
1834 4799 1852 4831 ι
1893 4782 1922 4835 ὁ

350 4865 487 4930 Θεός
709 4886 727 4918 ι
783 4870 881 4921 Ὃν
909 4870 1110 4941 τρόπον
1138 4871 1246 4942 γὰρ
1279 4872 1370 4925 τὸν
1401 4872 1499 4942 τῆς
1531 4870 1682 4934 θείας
1709 4870 1923 4941 φύσεως

353 4958 715 5013 ὲνυπόστατον
750 4960 943 5024 Λόγον,
976 4963 1036 5015 οὐ
1066 4962 1127 5015 τὸ
1157 4962 1345 5027 ἁπλῶς
1376 4966 1471 5018 καὶ
1503 4961 1923 5033 ἀπολελυμένως

426 5174 541 5241 (72)
574 5175 674 5241 Qui
693 5177 840 5232 vidit.
870 5177 1023 5233 Joan.
1057 5195 1167 5246 xw,
1188 5180 1242 5235 9.

428 5246 542 5319 (2.5)
569 5246 700 5319 Ego.
725 5246 883 5304 Joan.
917 5264 1041 5319 xw,
1066 5249 1157 5316 27,
1190 5251 1283 5306 ‘28.

428 5314 538 5392 (74)
574 5314 965 5392 (ξοηῙοτιηεειιι
1004 5314 1212 5392 Graeco,
1243 5320 1504 5391 ὁμοειδές.
1559 5323 1725 5392 Cuius
1773 5342 1921 5383 vocis

342 5386 552 5439 nullum
584 5388 638 5441 in
670 5386 983 5456 vulgaribus
1009 5389 1199 5465 lexicis
1230 5386 1466 5465 affertur
1480 5386 1804 5465 exemplum.
1843 5398 1920 5452 Ea

340 5464 528 5531 tamen
564 5472 696 5531 usus
738 5466 840 5523 est,
888 5470 947 5512 ut
984 5460 1118 5531 alios
1153 5470 1383 5531 taceam,
1416 5462 1489 5518 M.
1519 5460 1775 5524 Aurelius
1806 5470 1921 5523 An-

340 5526 565 5580 toninus
598 5529 693 5583 lib.
716 5543 796 5590 vi,
828 5544 978 5585 num.
1008 5528 1098 5589 37,
1127 5540 1182 5584 et
1210 5531 1356 5585 alibi.

416 5595 535 5675 _(75)_
570 5596 827 5675 Tonitrui
862 5600 1026 5675 ﬁlius.
1076 5600 1132 5675 I_d
1160 5609 1274 5675 est,
1314 5601 1552 5675 Joannes
1587 5606 1720 5675 ipse.
1751 5608 1919 5664 Nemo

336 5667 489 5747 enim
505 5668 758 5752 ignorat,
794 5667 1056 5752 Iacobum
1085 5668 1325 5752 Eebedaei
1363 5667 1633 5752 [iliu_m,_et
1655 5675 1918 5752 Joannem

339 5736 464 5805 ejus
503 5736 722 5794 fratrem
756 5754 786 5793 a
821 5738 1044 5794 Christo
1091 5738 1319 5795 Domino
1344 5745 1482 5813 apud
1514 5736 1680 5802 Marc.
1714 5764 1794 5810 Ill,
1826 5750 1915 5803 17.

344 5819 369 5856 ι
395 5804 859 5887 anerges,ilioc
880 5817 1000 5887 est,_
1018 5811 1267 5887 «tonitrui
1294 5813 1487 5879 ﬁlios,»
1514 5821 1920 5887 cognominatos

342 5884 489 5932 esse.
520 5877 754 5936 De’voce
775 5888 961 5935 autem
987 5879 1101 5949 ipsa
1145 5877 1527 5955 «Boanergesi
1568 5877 1703 5958 lcge,
1739 5890 1781 5946 si
1806 5891 1920 5960 pla-

2019 4685 2240 4752 Isaiam,
2269 4695 2325 4741 et
2356 4685 2521 4743 Israel
2554 4691 2878 4755 nominavit,
2922 4695 2989 4746 de
3019 4690 3329 4753 hominibus
3361 4718 3418 4757 se
3450 4702 3593 4775 loqui

2019 4778 2278 4831 ostendit.
2314 4776 2384 4833 Ut
2418 4794 2546 4833 vero
2569 4794 2663 4833 eos
2709 4796 2738 4833 a
2772 4782 2994 4852 reliquis
3029 4799 3358 4856 secerneret,
3390 4794 3600 4850 addidit

2024 4867 2176 4936 121
2205 4869 2269 4922 iis
2299 4884 2592 4939 pronomen
2624 4871 2771 4937 illud,
2804 4888 3007 4940 «meus,
3047 4894 3068 4927 ι
3103 4881 3260 4946 quasi
3282 4882 3352 4935 ob
3382 4884 3594 4940 illorum

2022 4969 2170 5030 gesta
2197 4961 2314 5031 ejus
2343 4962 2631 5032 propinqui
2665 4962 2862 5018 forent.
2887 4967 2965 5021 Ac
3000 4965 3194 5024 Isaiam
3221 4973 3434 5040 quidem
3466 4995 3597 5045 pue-

2026 5132 2367 5210 cetLPossini
2388 5133 2735 5210 Spicilegiunt
2762 5142 3133 5210 evangelicum.

2093 5203 2639 5286 (762n1nliabilabaﬁll
2689 5208 2822 5286 cor.
2862 5203 2951 5277 vi,
3014 5215 3117 5286 16;
3181 5217 3356 5277 Levit.
3423 5240 3589 5286 xxvi,

2021 5273 2132 5339 11⁷,
2183 5273 2271 5326 12.
2307 5273 2389 5349 _ln_
2429 5281 2660 5345 secunda
2699 5279 2914 5346 quidem
2941 5273 3026 5337 ’ad
3080 5273 3389 5347 Corinthios
3423 5273 3591 5349 ΘῘΙᾸΙᾌᾸ

2019 5358 2117 5413 pro
2157 5359 2258 5414 μου
2305 5344 2509 5399 habent
2568 5363 2677 5415 μοι.
2717 5344 2790 5403 ’1η
2843 5350 3080 5409 Levitico
3123 5344 3589 5433 auteinicotiip—lu-V

2019 5417 2188 5496 tensis
2220 5413 2385 5467 editio
2411 5432 2424 5466 :
2451 5415 2562 5496 Kia‘t
2587 5416 2860 5496 θησωπὴν
2892 5426 3100 5496 σκηνήν
3130 5445 3232 5496 μου
3258 5432 3318 5484 ὲν
3348 5432 3586 5496 ὐμῖν.....

2023 5438 2188 5466 tensis
2220 5438 2385 5467 cuiuu
2411 5438 2424 5466 :
2451 5438 2562 5467 nat
2587 5438 2735 5540 σγέσω
2761 5438 2860 5492 την
2892 5438 3100 5496 σκηνην
3130 5445 3232 5497 μου
3258 5438 3318 5484 ἐν
3348 5438 3586 5504 ὑμῖν....,

2019 5482 2132 5571 Καὶ
2150 5483 2597 5571 ἔμπεριπατῄσω
2670 5490 2880 5571 νῦμῖν,
2902 5495 2996 5547 καὶ
3021 5495 3216 5569 ἔσομαι
3244 5500 3396 5571 ὑμῶν
3433 5504 3586 5567 Θεὸς,

2018 5552 2518 5627 καῖ-δμεῖςξέσεσθέ
2558 5573 2649 5627 μοι
2679 5552 2933 5624 εἰς’λαόν.

2090 5622 2203 5707 (7.7)
2236 5623 2319 5707 Ad
2340 5622 2823 5707 υεῖὺιιηιζηνίᾀθίιιι·
2840 5634 2925 5687 hic
2948 5633 3144 5707 atferre
3169 5638 3284 5707 ipsa
3337 5641 3588 5700 Eunomii

2018 5691 2499 5765 antjiacedoniani
2530 5695 2756 5765 alicujus
2780 5704 3017 5760 haeretici
3052 5691 3234 5764 verba.

2090 5760 2201 5831 (78.)
2229 5762 2389 5818 Puer.
2431 5765 2534 5819 Isa.
2566 5760 2754 5831 xx,'5.

2091 5832 2201 5905 (79)
2235 5831 2429 5890 Filius.
2462 5836 2632 5893 Exod.
2661 5854 2737 5908 tv,
2764 5840 2853 5898 22.
