4082 6384
594 439 700 494 ι’ίῖὗ

1831 435 2063 489 DIDYMI
2101 435 2574 490 ALEXANDRINI
3712 447 3798 502 464

595 572 714 609 ῙἹΙΙΙὶ
748 552 984 616 vocavit,
1009 552 1059 605 id
1076 561 1181 613 est,
1205 565 1422 605 servum
1444 554 1730 616 ;ιει·εο¹ιριη
1755 565 1883 604 vero
1909 565 2178 620 primoge-

2280 549 2535 621 εἰρῆσθαι
2571 550 2696 602 Υἱὸν
2719 592 2732 610 ,
2764 552 2859 604 καὶ
2895 553 3193 624 Μονογενη,
3226 554 3320 607 καὶ
3350 557 3512 623 Λόγον
3547 555 3628 608 τοῦ
3657 557 3799 622 Θεοῦ,

596 649 787 708 nitum,
815 644 1011 714 quippe
1027 644 1118 712 qui
1139 643 1312 712 ipsum
1334 645 1562 698 adorare
1587 643 1819 711 primum
1845 642 2011 711 cmpit
2040 643 2172 711 (80).

593 748 647 793 et
701 745 943 806 spectata
1003 750 1125 788 cum
1185 749 1281 788 sua
1338 735 1390 788 in
1454 732 1625 789 Deum
1686 731 2010 800 aﬂ'ectione,
2065 743 2176 786 tum

595 833 688 889 Dei
747 833 917 901 ipsius
963 846 1093 887 cura
1146 840 1200 885 et
1258 831 1654 892 sollicitudine.
1696 831 1816 886 loco
1869 831 1963 884 lilii
2033 840 2172 884 erat.

594 926 781 993 Itaque
820 937 943 987 vox,
980 939 998 972 ι
1026 937 1208 987 meus,
1237 939 1254 971 ι
1290 923 1355 976 de
1378 937 1508 977 vero
1539 921 1758 991 quidem
1805 920 1942 976 Filio
1967 963 1982 987 ,
2017 933 2070 975 et
2112 923 2180 976 de

596 1030 726 1070 vero
771 1013 977 1084 Spiritu
1030 1015 1172 1068 dicta
1223 1029 1250 1066 a
1281 1012 1418 1079 Deo,
1476 1014 1861 1084 proprietatem
1897 1015 2010 1084 (81)
2046 1029 2178 1068 con-

593 1108 1035 1176 junctionemque
1088 1106 1358 1175 signiﬁcat
1412 1117 1652 1171 naturae;
1707 1107 1776 1160 de
1826 1106 1948 1161 aliis
1996 1115 2176 1160 autem

598 1200 848 1254 omnibus
885 1213 1004 1254 cum
1032 1197 1250 1264 dicitur,
1278 1198 1521 1264 denotat,
1553 1213 1648 1252 eos
1674 1205 1883 1251 attenta
1932 1197 2180 1251 domina-

601 1292 762 1350 tionis
811 1300 904 1346 aut
956 1291 1079 1346 ﬁdei
1135 1291 1348 1346 ratione
1380 1289 1448 1345 ab
1481 1292 1598 1360 ipso
1648 1289 1886 1346 differre.
1948 1293 2028 1344 lta
2080 1303 2179 1344 nos

603 1398 822 1456 quoque
854 1383 1034 1439 dicere
1073 1383 1453 1438 consuevimus
1497 1397 1605 1438 non
1633 1381 1795 1437 modo
1823 1381 1890 1443 de
1942 1381 2028 1448 iis,
2059 1396 2178 1450 quae

596 1463 753 1530 nobis
781 1483 908 1530 sunt
939 1472 1451 1538 consubstantialia,
1490 1491 1509 1524 ‹
1555 1472 1697 1528 ﬁlius
1726 1488 1880 1528 meus
1900 1514 1916 1539 ,
1955 1473 2179 1541 spiritus

596 1581 748 1620 meus
773 1584 787 1632 ;
827 1584 846 1617 ›
873 1565 967 1620 sed
998 1575 1052 1619 et
1073 1565 1141 1619 de
1169 1565 1310 1631 aliis,
1340 1583 1358 1616 ‹
1403 1579 1531 1633 ager
1556 1580 1726 1628 meus,
1757 1579 1930 1633 equus
1953 1578 2125 1626 mens,
2152 1583 2170 1615 ι

595 1654 705 1706 imo
738 1653 923 1716 etiam,
959 1669 978 1703 ‹
1003 1653 1141 1706 Deus
1164 1666 1334 1706 meus.
1375 1668 1395 1701 υ
1441 1651 1572 1704 Nam
1603 1652 2060 1720 quemadmodum
2097 1653 2179 1705 di-

593 1743 733 1797 vinae
769 1751 976 1796 natura:
1011 1741 1314 1796 subsistens
1363 1740 1594 1795 Verbum
1627 1756 1692 1795 ex
1745 1742 2023 1812 hypostasi
2081 1741 2176 1796 Dei

2280 641 2374 696 καὶ
2422 643 2679 712 Χριστὸν,
2730 643 2969 695 δείκνυσι
3013 645 3342 716 γεγενῆσθαι
3385 649 3447 699 ἐκ
3472 647 3564 717 τῆς
3599 649 3802 703 ὑποστα-

2281 749 2418 796 σεως
2443 733 2541 786 τοῦ
2581 733 2738 797 Θεοῦ,
2769 733 2907 788 ἀλλὰ
2931 735 2994 788 τὸ
3039 735 3186 807 ἔχειν
3219 737 3558 808 συνημμένην
3586 738 3672 809 τὴν
3702 740 3806 791 συλ-

2279 822 2448 894 λαϐὴν
2480 823 2572 876 τοῦ
2605 843 2622 874 ι
2663 842 2765 895 μου
2798 844 2818 877 ι
2855 827 2950 880 καὶ
2981 845 2999 878 ι
3041 845 3134 880 σου
3165 846 3184 880 ι
3223 829 3336 899 (ὡς
3360 830 3516 899 ἡνίκα
3535 833 3562 882 6
3591 831 3676 899 μὲν
3699 831 3806 894 Θεὸς

2278 914 2410 986 λέγῃ
2435 935 2450 947 ·
2489 934 2510 967 ι
2549 911 2718 980 Οὗτός
2752 917 2900 971 ἐστιν
2928 921 2956 972 6
2989 918 3117 983 Υίός
3151 937 3254 990 μου
3290 920 3319 971 6
3347 921 3643 992 ἀγαπητός’
3678 941 3694 974 ι
3731 923 3807 974 καὶ

2280 1008 2442 1062 πάλιν
2464 1027 2476 1038 ·
2516 1027 2536 1060 ι
2576 1009 2634 1062 '0
2665 1009 2821 1079 λόγος
2853 1027 2954 1082 μου
2977 1013 3006 1065 6
3027 1011 3260 1081 ἀγαθός·
3297 1031 3316 1064 ι
3351 1013 3462 1080 καὶ,
3489 1031 3506 1063 ι
3550 1014 3809 1082 Ἠτοίμασα

2279 1097 2470 1168 λύχνον
2501 1098 2581 1170 τῷ
2614 1101 2838 1171 Χριστῷ
2883 1119 2985 1171 μου
3006 1117 3020 1130 ·
3065 1120 3086 1152 ι
3127 1103 3286 1171 ἡμεῖς
3319 1100 3375 1153 δὲ
3407 1101 3806 1172 ἁνευφημοῦμεν,

2292 1191 2348 1243 '0
2401 1191 2528 1254 Υίός
2577 1209 2669 1245 σου
2695 1210 2708 1224 ·
2759 1196 2788 1246 6
2834 1195 3146 1265 Μονογενής
3191 1210 3314 1248 σου·
3349 1196 3379 1247 6
3423 1196 3640 1266 Χριστός
3677 1196 3806 1266 σου)-

2279 1283 2402 1338 ούδέ
2437 1301 2500 1352 γε
2537 1285 2643 1356 μὴν
2677 1285 2740 1338 τὸ
2771 1284 3078 1355 ὁμωνύμως
3109 1287 3142 1356 ἦ
3181 1287 3506 1358 συνωνύμως
3538 1288 3656 1357 περὶ
3680 1289 3809 1358 ἡμῶν

2279 1373 2632 1444 γεγράφθαι,
2677 1395 2696 1427 ι
2737 1377 2858 1429 Υἱοὶ
2897 1375 3238 1448 ἀνθρώπων,
3273 1378 3378 1440 ἕως
3411 1377 3535 1430 πότε
3575 1377 3811 1450 βαρυκάρο

2279 1468 2418 1532 διοι;
2459 1487 2476 1519 ι
2513 1467 2724 1532 ὲξέλκει
2756 1470 2847 1523 τὸν
2881 1470 3007 1522 Υἱὸν
3057 1470 3152 1522 τοῦ
3213 1470 3346 1523 Θεοῦ
3379 1473 3412 1540 ἡ
3440 1472 3706 1541 ὁμωνυμία
3732 1473 3809 1541 τῆς

2280 1557 2532 1627 θεότητος
2552 1576 2566 1590 ⁸
2595 1558 2738 1612 οὕτω
2771 1559 2832 1611 τὸ
2858 1559 3010 1627 ᾰγιον
3043 1558 3286 1628 Πνεῦμα,
3319 1560 3380 1611 ού
3411 1559 3470 1611 τὸ
3500 1558 3670 1621 ἁπλῶς
3696 1559 3812 1629 είρῆ·

2280 1645 2406 1699 σθαι
2442 1647 2696 1718 Πνεῦμα,
2731 1647 2869 1701 ἀλλά
2905 1649 2965 1700 τὸ
3001 1648 3270 1718 συνῆφθαι
3303 1647 3381 1715 τῷ
3415 1648 3661 1718 ὀνόματι,
3691 1647 3720 1718 ἢ
3752 1648 3810 1709 ὡς

2280 1740 2390 1792 ἀπὸ
2417 1738 2510 1792 τοῦ
2541 1738 2675 1792 Θεοῦ
2725 1740 2788 1793 τὸ
2820 1761 2837 1790 ι
2873 1758 2995 1810 μου,
3036 1759 3054 1790 ι
3089 1740 3122 1810 ἢ
3157 1739 3232 1802 ὼς
3265 1739 3374 1792 ἀπὸ
3403 1740 3501 1810 τῆς
3528 1740 3734 1802 κτίσεως
3764 1738 3813 1789 τὸ

597 1834 834 1903 genitum
860 1846 982 1887 esse
1012 1831 1317 1886 ostenditur
1349 1845 1454 1884 non
1489 1831 1807 1899 simpliciter
1833 1841 1887 1886 et
1930 1832 2177 1887 absolute

2286 1848 2304 1880 ι
2344 1848 2436 1884 σου
2461 1870 2476 1895 ,
2531 1851 2549 1882 ι
2586 1831 2619 1903 ἥ
2669 1831 2764 1885 καὶ
2807 1832 2907 1901 τὴν
2963 1851 2981 1883 ι
3016 1833 3191 1900 ἅγιος,
3224 1849 3242 1881 ι
3275 1831 3308 1901 ἢ
3363 1848 3381 1881 ι
3426 1830 3745 1900 ἄφθαρτος,ι
3784 1827 3810 1892 ἢ

597 1942 666 1979 ex
697 1940 761 1980 eo
784 1925 926 1994 quod
959 1925 1268 1978 nominetur
1286 1923 1479 1988 Filius,
1505 1932 1560 1977 et
1588 1897 1925 1992 Unigenitus,
1962 1933 2017 1978 et
2042 1922 2176 1977 Ver—

2286 1943 2304 1975 ι
2339 1923 2556 1988 αἰώνιος
2657 1923 2802 1990 λέξιν
2833 1897 2985 1994 διγλοῖ
3013 1897 3455 1994 ἐκπεπορεῦσθαι
3478 1897 3610 1976 αὐτὸ
3637 1924 3694 1974 ὲκ
3733 1919 3810 1988 τῆς

592 2020 720 2072 bum
768 2016 888 2082 Dei,
940 2024 998 2070 et
1021 2015 1319 2082 Christus,
1369 2013 1464 2070 sed
1507 2029 1576 2068 ex
1606 2029 1670 2068 eo
1721 2015 1865 2083 quod
1911 2015 2175 2068 adnexam

593 2111 876 2164 videamus
917 2107 987 2162 iis
1021 2106 1472 2178 appellationibus
1535 2121 1720 2161 vocem
1748 2144 1763 2169 ,
1804 2123 1824 2157 ι
1861 2120 2032 2171 meus,
2078 2124 2098 2158 ι
2123 2116 2180 2162 et

599 2219 623 2252 4
660 2210 804 2267 tuus,
851 2218 871 2252 ι
905 2199 988 2270 (ιιι
1015 2215 1137 2255 cum
1165 2198 1305 2254 Deus
1343 2199 1536 2268 inquit,
1565 2218 1583 2250 σ
1614 2197 1715 2253 Hic
1737 2209 1821 2253 est
1858 2198 1968 2271 (82)
2011 2197 2178 2252 Filius

597 2306 751 2346 meus
775 2290 1031 2357 dilectus;
1072 2307 1091 2342 ι
1133 2299 1189 2343 et
1216 2304 1404 2344 rursus
1429 2329 1445 2352 ,
1483 2307 1501 2340 ι
1537 2289 1730 2342 Sermo
1763 2289 1872 2356 (83)
1896 2303 2047 2342 meus
2079 2287 2178 2341 bo-

598 2397 736 2448 nus;
776 2401 795 2433 i
822 2393 876 2437 et
906 2423 922 2448 ,
962 2401 980 2431 ι
1013 2380 1206 2435 Paravi
1239 2381 1352 2453 (84)
1383 2383 1659 2437 lucernam
1697 2381 1918 2436 Christo
1952 2397 2110 2436 meo:
2151 2398 2170 2431 ι

597 2489 832 2542 cumque
867 2487 966 2528 nos
997 2473 1316 2539 clamamus,
1375 2492 1394 2524 ε
1455 2472 1626 2528 Filius
1669 2481 1812 2536 tuus,
1859 2471 2178 2541 Unigenitus

601 2579 747 2629 tuus,
786 2564 1034 2619 Christus
1074 2573 1230 2630 tuus;
1253 2565 1301 2626 ι)
1335 2578 1512 2633 neque
1544 2579 1675 2619 vero
1719 2560 1785 2617 ex
1819 2577 1882 2616 eo
1903 2563 2043 2632 quod
2080 2563 2175 2616 ho-

601 2672 884 2727 monyme,
916 2657 966 2710 id
998 2665 1102 2721 est,
1127 2656 1428 2723 aeqnivoce,
1470 2665 1562 2709 aut
1591 2652 1912 2725 Synonyme,
1944 2655 2046 2709 hoc
2071 2665 2175 2720 est,

600 2751 829 2806 univoce
851 2751 915 2804 de
937 2747 1093 2803 nobis
1117 2749 1379 2816 scriptum
1404 2749 1475 2802 sit
1492 2746 1628 2816 (85),
1655 2765 1673 2798 ε
1709 2745 1825 2799 Filii
1861 2744 1973 2817 (86)
2011 2745 2181 2800 homi-

601 2859 749 2907 num,
783 2853 1061 2909 usquequo
1089 2841 1240 2908 gravi
1272 2837 1474 2892 corde?
1506 2855 1526 2888 ι
1561 2837 1752 2890 isthaac
1804 2833 2174 2905 homonymia,

597 2949 696 2989 seu
729 2933 1007 2988 nominum
1054 2930 1354 2988 similitudo
1379 2928 1574 2983 Filium
1607 2927 1702 2982 Dei
1731 2927 1969 2982 excludit
1993 2941 2023 2979 a
2064 2925 2178 2980 dei-

605 3036 753 3080 tate:
809 3025 886 3078 ita
924 3022 1189 3093 Spiritum
1242 3033 1490 3078 sanctum
1524 3035 1591 3074 ex
1635 3029 1860 3089 paterna
1905 3017 2175 3089 hypostasi

600 3117 934 3187 processisse
972 3114 1280 3170 ostenditur
1325 3129 1429 3168 non
1485 3127 1550 3166 ex
1580 3127 1645 3167 eo
1675 3111 1819 3181 quod
1861 3109 2179 3179 simpliciter

2279 2017 2554 2090 πατρικῆς
2605 2018 2990 2081 ὑποστάσεως⁸
3043 2016 3167 2070 οὐδέ
3198 2033 3263 2084 γε
3299 2017 3407 2088 μὴν
3449 2015 3509 2069 τὸ
3550 2015 3812 2084 ὁμωνύμως

2279 2109 2538 2180 εἰρῆσθαι
2566 2109 2638 2162 τὰ
2669 2109 3021 2180 λειτουργικὰ
3055 2108 3148 2161 καὶ
3180 2106 3248 2160 τὰ
3292 2107 3449 2178 ἡμῶν
3484 2099 3811 2176 πνεύματα,ἠ

2279 2201 2434 2269 ἆγια,
2465 2201 2498 2273 ἢ
2535 2201 2750 2268 αἰώνια,
2787 2201 2996 2267 ὲξέλκει
3037 2201 3170 2254 αὐτὸ
3193 2200 3289 2254 τοῦ
3335 2199 3481 2255 κατά
3518 2197 3668 2267 φύσιν
3703 2191 3813 2246 εἶναι

2280 2292 2533 2364 ἀληθινὸν
2581 2291 2809 2363 Πνεῦμα
2843 2293 2936 2346 τοῦ
2976 2292 3133 2345 Θεοῦ.
3170 2292 3282 2346 Καὶ
3315 2293 3377 2345 ὲν
3414 2293 3526 2354 τοῖς
3569 2287 3812 2357 αἰνίγμασι

2279 2383 2390 2453 γὰρ
2425 2384 2610 2448 αὐτοῖς
2659 2387 2772 2448 τοῖς
2806 2384 2936 2456 περὶ
2969 2383 3133 2438 αὑτοῦ
3170 2383 3486 2455 εὑρίσκεταί
3525 2398 3604 2443 τις
3635 2378 3813 2436 πάντως

2279 2476 2516 2547 δήλωσις
2537 2475 2669 2547 περὶ
2691 2475 2791 2546 τῆς
2818 2475 2968 2540 θείας
2992 2474 3159 2530 αὐτοῦ
3185 2474 3403 2543 φύσεως
3435 2473 3530 2526 καὶ
3554 2470 3810 2538 δυνάμεως.

2283 2568 2364 2622 Τὰ
2397 2567 2456 2621 δὲ
2512 2568 2790 2638 κτίσματα
2824 2568 2960 2639 πρὸς
3007 2569 3108 2638 τὴν
3141 2567 3349 2622 ἑαυτῶν
3386 2567 3546 2637 φύσιν
3594 2564 3735 2618 ἔλαϐε
3767 2561 3813 2614 τὸ

2280 2659 2436 2728 ἅγιον
2462 2660 2560 2714 καὶ
2585 2659 2824 2724 αἰώνιον,
2852 2661 2912 2713 οὐ
2961 2660 3218 2724 καθάπαξ
3242 2661 3419 2714 ταῦτα
3445 2659 3582 2714 κατά
3608 2657 3747 2726 φύσιν
3768 2653 3813 2718 ἐξ

2279 2751 2487 2804 ἑαυτῶν
2527 2750 2740 2820 ἔχοντα.
2803 2751 2955 2804 Ἐπεὶ
2996 2752 3070 2823 μή
3111 2768 3175 2821 γε
3209 2751 3370 2805 αὐτοὶ
3416 2746 3558 2807 οὗτοι
3591 2747 3813 2820 αἱρετικοὶ

2279 2842 2626 2912 εὑρίσκονται
2671 2841 3105 2913 κατηγοροῦντες
3134 2842 3365 2908 ἑαυτῶν,
3409 2845 3491 2897 ὃτι
3532 2841 3590 2894 τὸ
3621 2861 3636 2892 ι
3681 2854 3808 2909 μου»

2279 2934 2373 2986 ἐπὶ
2419 2933 2512 2987 τοῦ
2570 2933 2704 2987 Υἱοῦ
2754 2935 2847 2988 τοῦ
2893 2933 3051 2997 Θεοῦ,
3102 2935 3198 2988 καὶ
3244 2935 3307 2987 τὸ
3338 2954 3358 2984 ι
3397 2935 3549 3003 ἅγιον
3584 2952 3601 2985 ι
3651 2933 3731 2984 καὶ
3769 2928 3814 2981 τὸ

2285 3044 2304 3077 ι
2339 3026 2556 3080 αἰώνιον
2587 3046 2604 3078 ι
2647 3026 2834 3090 ἁπλῶς
2859 3026 3102 3098 δέχονται
3143 3027 3218 3090 ὡς
3253 3027 3516 3095 ἁγγέλλον
3553 3023 3812 3092 ταυτότητα

2278 3117 2379 3188 τῆς
2427 3117 2614 3188 θεῖκῆς
2643 3117 2890 3186 φύσεως;
2927 3119 3157 3170 Ἔπειτα
3202 3118 3339 3189 πρὸς
3388 3119 3612 3181 τούτοις,
3651 3115 3704 3167 ού
3737 3112 3813 3180 τὴν

598 3219 824 3264 vocetur
874 3207 1134 3278 Spiritus,
1193 3207 1286 3261 sed
1334 3221 1401 3260 ex
1449 3220 1514 3259 eo
1547 3206 1688 3271 quod
1731 3218 1974 3258 connexa
2016 3200 2178 3256 fuerit

2283 3208 2528 3279 ψύχωσιν
2562 3209 2718 3280 ἡμῶν
2763 3209 2981 3279 πνεῦμα
3011 3209 3292 3279 ὠνόμασεν
3323 3212 3386 3263 ὲν
3413 3213 3532 3273 ταῖς
3565 3203 3815 3280 προκειμέ-

600 3303 726 3356 huic
759 3301 960 3356 nomini
989 3309 1101 3365 aut,
1131 3314 1252 3353 cum
1281 3298 1521 3366 loquitur
1553 3295 1718 3360 Deus,
1750 3311 1854 3350 vox
1895 3313 1911 3346 ι
1953 3309 2126 3354 meus.
2153 3310 2171 3344 ι

597 3403 712 3458 aut,
745 3407 866 3446 cum
901 3390 1142 3459 loquitur
1170 3399 1442 3454 creatura,
1471 3404 1571 3441 vox
1603 3407 1620 3438 ι
1654 3399 1800 3450 tuus,
1839 3405 1857 3438 ι
1896 3385 2175 3438 autetiam

599 3497 700 3536 vox
745 3500 765 3532 ‹
799 3491 1050 3544 sanctus,
1094 3499 1113 3531 ι
1145 3479 1231 3533 vel
1262 3498 1280 3530 ι
1313 3478 1762 3548 incorruptibilis,
1788 3495 1809 3530 ι
1847 3475 1928 3530 vel
1965 3495 1983 3528 ι
2021 3485 2178 3529 aeter-

605 3587 706 3625 nus
741 3587 756 3625 :
795 3589 814 3623 ι
855 3585 1031 3640 neque
1060 3584 1190 3624 vero
1215 3585 1280 3623 ex
1314 3584 1380 3624 eo
1411 3568 1553 3638 quod
1598 3568 1922 3636 homonyme
1951 3565 2181 3620 admitti-

602 3663 1106 3733 stratoriispiritus,
1130 3677 1193 3716 ac
1222 3662 1390 3716 nostri
1417 3676 1635 3731 quoque
1678 3661 1903 3729 spiritus
1934 3669 2028 3713 aut
2057 3673 2181 3713 san-

603 3757 674 3810 cti
701 3755 874 3810 vocati
899 3754 1118 3820 fuerint,
1153 3754 1477 3818 autaeterni,
1517 3752 1764 3807 concludi
1791 3751 1948 3820 122
1979 3759 2176 3819 potest,

605 3863 729 3901 eum
761 3847 1057 3902 secundum
1115 3855 1366 3898 naturam
1405 3858 1510 3898 non
1547 3858 1665 3897 esse
1696 3857 1880 3896 verum
1915 3840 2178 3910 Spiritum

605 3938 732 4002 Dei;
756 3951 882 3992 nam
918 3937 1002 3992 vel
1038 3938 1090 3991 in
1119 3937 1248 4005 ipsis
1281 3935 1640 3990 locutionibus
1674 3935 1921 4001 arcanis,
1957 3949 2078 4001 quae
2116 3934 2182 3986 de

604 4033 697 4088 illo
726 4033 883 4089 dieue
913 4040 1057 4096 sunt,
1093 4029 1364 4084 invenitur
1388 4030 1612 4084 omnino
1645 4027 1846 4096 aliquid
1870 4069 1885 4094 ,
1916 4027 2060 4097 quod
2102 4027 2182 4080 di-

603 4127 784 4179 vinam
805 4123 923 4193 ejus
945 4134 1191 4177 naturam
1247 4136 1312 4177 ac
1338 4121 1631 4190 potentiam
1664 4118 1992 4175 manifestat.
2019 4119 2186 4173 Crea-

602 4227 738 4270 tura:
787 4208 973 4270 autem
1003 4213 1402 4284 superadditam
1448 4227 1636 4266 earum
1673 4221 1881 4265 naturae
1918 4209 2184 4265 sanctita~

606 4318 712 4363 tem
767 4316 932 4375 atque
983 4303 1344 4359 aeternitatem
1382 4311 1744 4370 acceperunt,
1809 4315 1872 4355 ac
1909 4314 2183 4368 nunquam

2285 3318 2404 3363 ναις
2464 3301 2825 3366 ἀποδείξεσιν,
2881 3302 3020 3356 ἀλλά
3065 3303 3128 3356 τὸ
3180 3301 3344 3355 αὑτοῦ
3401 3303 3552 3370 ἅγιον
3606 3297 3810 3365 Πνεῦμα.

2293 3391 2554 3462 Ἐχόντων
2596 3393 2706 3467 γὰρ
2737 3395 2893 3465 ἡμῶν
2920 3395 2980 3448 τὸ
3023 3394 3152 3447 ἴδιον
3181 3393 3422 3464 πνεῦμα,
3455 3395 3474 3465 ι
3501 3393 3567 3448 55
3591 3391 3656 3462 a]
3684 3387 3811 3454 ἐδόθη

2279 3487 2412 3555 ἡμῖν
2462 3485 2556 3539 καὶ
2583 3485 2644 3538 τὸ
2671 3485 2765 3539 τοῦ
2797 3484 2955 3539 Θεοῦ.
2989 3481 3124 3538 Eine
3158 3484 3265 3556 γὰρ
3295 3487 3324 3538 6
3353 3487 3572 3557 Πατήρ·
3604 3503 3620 3535 ι
3655 3482 3720 3536 Οὐ
3756 3477 3811 3549 μὴ

2280 3577 2587 3650 καταμείνῃ
2617 3579 2678 3631 τὸ
2702 3577 2930 3648 Πνεῦμά
2978 3596 3077 3649 μου
3120 3581 3181 3633 ἐν
3223 3581 3337 3642 τοῖς
3387 3577 3681 3650 ἀνθρώποις
3718 3573 3814 3624 τού-

2281 3683 2418 3727 τοιςο
2461 3686 2479 3715 ι
2511 3666 2606 3719 καὶ
2633 3669 2661 3720 6
2689 3667 2846 3731 Υίός·
2883 3686 2901 3718 ι
2931 3667 3140 3721 Λάϐετε
3173 3669 3400 3739 Πνεῦμα
3431 3670 3598 3737 ἅγιον.
3632 3685 3649 3716 ›
3679 3661 3812 3729 Δῆλον

2280 3755 2356 3816 δὲ,
2413 3756 2488 3819 ὡς
2536 3761 2647 3820 τοῖς
2704 3758 2807 3828 ἥδη
2852 3758 3036 3828 ἔχουσι
3079 3759 3141 3811 τὸ
3193 3761 3395 3812 οἰκεῖον
3441 3758 3592 3830 ήμῶν
3634 3752 3811 3820 πνεῦμα

2282 3844 2499 3914 ἐλέγετο
2533 3847 2661 3918 περὶ
2701 3849 2796 3900 τοῦ
2831 3847 3013 3901 θεῖκοῦ
3051 3849 3388 3918 Πνεύματος.
3436 3847 3589 3900 Καθὰ
3616 3840 3811 3898 τοίνυνὸ

2285 3936 2410 3999 Υἱὸς
2460 3936 2630 4007 Λόγος
2674 3937 2767 3990 τοῦ
2810 3938 2968 4004 Θεοῦ,
3011 3939 3203 4002 υίικῶς
3245 3939 3592 4008 γεννητικός·
3621 3935 3744 3988 οὕτω
3769 3930 3812 3982 τὸ

2283 4029 2437 4098 ἅγιον
2487 4030 2732 4102 Πνεῦμα,
2784 4031 3170 4101 πνευματικῶς
3209 4031 3614 4102 ὲκπορευτικδν,
3651 4027 3731 4080 καὶ
3765 4021 3809 4075 οὗ

2282 4121 2710 4191 δημιουργικῶς.
2753 4122 2864 4174 Καὶ
2895 4120 2970 4183 ὡς
3001 4121 3230 4191 οὐδεμία
3277 4121 3600 4192 παραλλαγὴ
3639 4115 3809 4175 οὐσίας,

2281 4213 2377 4265 καὶ
2407 4213 2707 4282 δυνάμεως,
2735 4213 2829 4266 καὶ
2855 4213 3014 4283 δόξης
3043 4213 3122 4284 τῷ
3154 4217 3435 4283 μονογενεῖ
3463 4212 3571 4282 Tin
3599 4210 3719 4282 πρὸς
3739 4204 3808 4257 τὸν

2283 4303 2416 4356 Θεὸν
2451 4303 2690 4375 Πατέρα,
2741 4303 2974 4375 διαφορὰ
3015 4304 3071 4358 δὲ
3110 4305 3280 4368 πᾶσα,
3329 4306 3475 4372 εἴγε
3515 4303 3661 4372 θέμις
3687 4297 3811 4351 τοῦτο

603 4401 703 4454 ista
743 4413 810 4452 ex
866 4397 1061 4467 seipsis
1103 4395 1396 4452 secundum
1448 4403 1698 4446 naturam
1742 4393 2048 4447 habuerunt
2076 4390 2178 4444 ullo

2285 4397 2472 4464 φάναι,
2525 4397 2662 4469 πρὸς
2701 4397 2799 4468 τὴν
2848 4397 3056 4452 κτίσιν·
3103 4396 3247 4452 οὕτω
3294 4399 3391 4451 καὶ
3442 4397 3518 4468 τῷ
3561 4395 3635 4448 ἐνὶ
3678 4386 3809 4457 Osi.th

601 4490 782 4546 modo.
863 4489 1132 4545 Caeterum
1192 4502 1374 4543 nonne
1448 4487 1688 4541 haeretici
1767 4484 1879 4556 (87)
1937 4485 2022 4538 isti
2081 4483 2178 4552 ipsi

2287 4489 2584 4559 Πνεύματι.
2631 4489 2704 4543 Τὸ
2743 4485 2835 4544 οὖν
2869 4491 3004 4561 μηδὲ
3045 4491 3263 4544 ἀκούειν
3290 4491 3361 4543 τὰ
3405 4486 3697 4562 αἱρετικῶν,
3735 4477 3809 4532 τοῦ

602 4584 922 4653 semetipsos
955 4597 1221 4638 accusare
1270 4577 1770 4651 deprehenduntur,
1823 4576 1947 4646 quia
1993 4592 2178 4631 vocem

2292 4581 2366 4651 μὴ
2397 4580 2491 4632 καὶ
2517 4580 2874 4652 προσιέμενον
2904 4580 3044 4636 αὐτά
3074 4580 3292 4635 ἀκούειν
3317 4581 3659 4650 δικαιάτερον.

608 4693 627 4725 ι
659 4687 810 4728 meus
843 4690 862 4726 ι
893 4673 960 4727 de
993 4672 1132 4728 Filio
1183 4670 1278 4725 Dei
1323 4669 1590 4739 prolatam
1619 4707 1633 4732 ,
1684 4677 1738 4720 et
1778 4681 1963 4721 vocem
2001 4684 2020 4717 ι
2051 4676 2268 4739 sanctus
2290 4711 2302 4730 ,
2358 4689 2376 4719 ι
2419 4679 2471 4723 et
2536 4687 2555 4721 ι
2600 4680 2840 4725 aeternus
2876 4689 2895 4724 ι
2930 4671 3249 4742 simpliciter
3298 4672 3371 4726 ita
3407 4671 3808 4739 interpretantur.

677 4855 790 4926 (80)
835 4853 1073 4926 Primu_m
1105 4853 1278 4926 coepit.
1314 4851 1388 4905 De
1414 4851 1710 4926 Israelitico
1745 4849 2090 4926 populo,_scn
2124 4849 2192 4903 de

605 4919 815 4988 Jacobi,
865 4934 960 4978 aut
1009 4919 1225 4978 Israelis
1265 4923 1516 4990 posteris,
1567 4937 1670 4975 non
1724 4923 1791 4973 de
1835 4920 2040 4990 Jacobo
2060 4919 2189 4990 ipso

607 4987 915 5064 accipienda
947 4995 1064 5048 hazc
1097 5003 1244 5064 sunt,
1268 4987 1364 5064 ﬁt
1385 5001 1528 5058 patet
1556 5010 1570 5046 :
1616 4990 1853 5064 alioquin
1902 4987 2189 5064 nianilesto

607 5056 802 5122 falsum
827 5073 972 5120 esset
997 5064 1138 5131 quod
1170 5063 1242 5114 ait
1271 5056 1549 5131 Didjmus,
1577 5061 1677 5114 etsi
1702 5056 1871 5131 verbo
1904 5056 2187 5131 λατρεύειν

608 5152 714 5191 non
781 5129 1108 5198 «adorandi,
1139 5151 1157 5184 ι
1212 5131 1306 5185 sed
1355 5129 1732 5185 (sacriﬁcandi
1764 5147 1782 5180 ι
1830 5129 2184 5198 signiﬁcatio-

609 5223 730 5262 nem
763 5205 1142 5259 tribueremus.

681 5275 794 5348 (81)
829 5271 1243 5348 Proprietategt.
1286 5269 1384 5324 Ubi
1413 5268 1806 5348 :Ilierqnymus
1828 5265 1923 5348 lib.
1959 5265 2036 5320 De
2057 5266 2186 5348 ASpt'f

607 5337 716 5402 ritu
743 5337 952 5406 sancto,
978 5357 1126 5396 num.
1160 5341 1254 5405 26,
1289 5341 1452 5393 vertit
1481 5356 1494 5390 :
1529 5337 1980 5404 «PrOprietatem,
2017 5346 2092 5401 et,
2127 5345 2185 5390 ut

509 5450 514 5460 ι
604 5419 679 5472 ita
709 5417 908 5479 dicam,
937 5412 1383 5475 familiaritatem,
1404 5427 1423 5462 ι
1449 5407 1723 5462 οίκείωσιν
1746 5423 1774 5461 a
1801 5409 2024 5478 Didymo
2052 5407 2187 5462 scri-

606 5499 756 5557 ptum
787 5485 952 5557 fu_i_sse
978 5492 1136 5557 puto,
1164 5481 1350 5557 ut_hoc
1380 5479 1594 5557 in_l_oco.

701 5556 794 5625 89.)
832 5553 936 5625 Hic
963 5549 1280 5625 ist._b_lattlt.
1313 5565 1390 5625 ιιι,
1424 5549 1512 5604 17.

701 5563 794 5625 82)
832 5563 936 5608 ﬂio
963 5563 1064 5606 est.
1090 5563 1280 5605 Matth.
1313 5565 1390 5611 ιιι,
1424 5563 1512 5604 λιι.

677 5563 796 5698 (85)
827 5624 1036 5680 Sermo.
1077 5620 1202 5698 llaec
1243 5622 1400 5673 verba
1460 5634 1564 5673 non
1623 5617 1782 5698 modo
1833 5618 1883 5671 in
1951 5616 2177 5698 Yulgata

607 5688 906 5752 Biblio'rum
943 5693 1294 5747 translatione
1343 5706 1445 5744 non
1497 5689 1860 5758 reperiuntur,
1889 5688 1984 5742 sed
2021 5703 2090 5742 ne
2125 5689 2178 5741 in

608 5767 794 5823 Greca
833 5766 1068 5834 quidem.
1107 5762 1248 5816 Citat
1294 5775 1424 5816 vero
1464 5775 1529 5814 ea
1579 5759 1836 5834 Didymus
1886 5772 1950 5834 et;
1978 5758 2179 5834 _Aggaai

609 5853 729 5906 cap.
763 5851 824 5900 ll,
851 5827 1002 5888 'vers.
1038 5833 1096 5897 5,
1124 5840 1409 5906 _p_r0pterea
1453 5831 1594 5906 quod
1616 5827 1948 5906 _hitjttsmodi
1976 5828 2030 5880 in
2062 5828 2178 5883 suis

606 5900 1006 5975 exemplaribus
1069 5900 1491 5958 additamentum
1543 5900 1786 5968 haberet,
1829 5908 1884 5952 ut
1913 5906 2060 5964 patet
2113 5913 2178 5952 ex

2293 4864 2463 4920 segm.
2499 4851 2564 4906 19
2597 4853 2648 4916 b,
2689 4851 2778 4906 ubi
2811 4867 2930 4906 eum
2961 4851 3140 4906 locum
3171 4853 3303 4909 alias
3329 4852 3522 4906 attulit.
3549 4843 3811 4920 Ducta‘lor-

2293 4913 2436 4992 tasse
2470 4913 2718 4992 sunt,’et
2768 4923 2890 4975 illuc
2948 4924 3206 4992 translata
3259 4940 3323 4977 ex
3380 4926 3549 4992 primo
3582 4913 3810 4992 versiculo

2294 4989 2484 5062 psalmi
2515 5005 2852 5062 xuv,_quem
2881 4991 2945 5046 de
2984 4991 3121 5046 Filio
3153 4988 3393 5062 intelligit
3421 4988 3810 5062 Tertullianusjn

2295 5061 2434 5130 libro
2474 5065 2592 5114 adu.
2654 5058 2936 5122 Praxeam,
2977 5077 3096 5130 cap.
3131 5064 3186 5115 ll
3228 5079 3241 5116 :
3278 5082 3296 5112 ε
3319 5061 3615 5130 Distincte,_
3649 5058 3806 5122 inquii.

2290 5129 2452 5184 Pater
2495 5141 2550 5186 et
2589 5130 2759 5186 Filius
2793 5127 3257 5195 demonstrantur,
3303 5132 3575 5193 distincte,
3605 5127 3806 5195 inquam.

2296 5215 2398 5254 non
2429 5201 2617 5267 divise,
2644 5203 2784 5256 sicut
2818 5215 2916 5268 ego
2947 5199 3160 5270 profero
3200 5190 3400 5256 dictum
3431 5214 3463 5254 a
3495 5190 3596 5254 Deo
3623 5213 3635 5249 :
3663 5190 3809 5246 ᾶΕτιια

2291 5271 2459 5325 ctavit
2485 5287 2578 5324 cor
2603 5285 2780 5340 meum
2816 5286 3117 5325 sermonem
3147 5272 3427 5340 optimum.
3455 5289 3472 5320 ι

2507 5340 2721 5413 P_aravi.
2747 5339 2885 5394 Psal.
2915 5357 3102 5403 cum,
3141 5339 3202 5395 18
3229 5342 3350 5413 (seu
3374 5340 3484 5413 17);

2363 5406 2478 5479 (85⁷)
2517 5409 2603 5463 Ex
2629 5427 2688 5464 eo
2717 5414 2971 5479 quod"...
3016 5406 3267 5476 scripturn
3309 5412 3395 5463 sit.
3454 5407 3555 5463 Pro
3599 5406 3712 5458 τὸ...
3737 5415 3808 5479 γε·

2289 5469 2535 5553 γράφθαι
2584 5481 2700 5553 lego
2920 5469 3262 5553 Δγεγρόιξρθαι.
3317 5479 3712 5553 Legendamquge

2290 5540 2483 5623 d'ynt'ns
2520 5552 2577 5623 in
2627 5540 2762 5604 libro
2790 5540 2865 5604 De
2908 5540 3332 5620 spiri'tu'sancto,
3367 5540 3513 5604 ιιῖιιιι.
3552 5540 3636 5612 58,
3659 5543 3715 5596 de
3736 5540 3807 5590 Ιιο·

2291 5621 2572 5703 nionytnis.
2592 5631 2645 5702 et
2673 5625 2985 5744 synonymis
3012 5623 3106 5675 ait.

2367 5692 2480 5744 (86)
2507 5689 2655 5744 Ftltt.
2741 5691 2838 5744 sal.
2866 5707 2938 5744 tv.
2965 5691 3018 5744 5.

2367 5689 2655 5764 (895.51“-
2697 5689 3018 5764 Psalgwfé-
3185 5759 3200 5764 _
3489 5751 3502 5764 .
3546 5749 3590 5764 ..

2362 5745 2477 5832 (δή)
2509 5759 2785 5815 Ηαενειίτί.
2814 5745 2938 5818 Νοιί
2974 5759 3357 5823 Eunomianos,
3411 5751 3504 5811 sed
3544 5745 3799 5806 Macedonii

2288 5833 2522 5888 asseclas
2552 5833 2770 5888 indicat.
