4082 6398
336 388 434 445 ιδδ

1402 386 1489 441 DE
1527 385 1902 441 TRINITATE
1938 385 2143 442 LlBER
2182 383 2568 442 SECUNDUS.

3527 383 3637 440 ιδο

338 512 394 555 ιιι
435 498 796 558 identitatem
854 503 1054 558 divina:
1093 510 1297 557 natura:
1358 503 1605 556 enuntiet
1637 502 1798 573 (88)?
1859 502 2125 559 Praeterea
2173 518 2279 558 non
2345 501 2728 556 animationem
2764 508 3005 554 nostram
3072 499 3324 570 spiritum
3372 500 3631 557 nomina-

346 594 417 646 vit
443 592 499 645 in
524 592 718 648 allatis
745 605 915 650 antea
944 595 1238 664 Scriptura:
1275 594 1620 664 testimoniis,
1668 597 1763 652 sed
1816 594 2076 665 Spiritum
2113 606 2358 651 sanctum
2421 607 2625 649 suum:
2691 593 2846 649 nobis
2911 593 3055 647 enim
3118 594 3401 661 proprium
3448 592 3629 663 Spiri-

354 696 459 739 tum
500 686 616 754 iam
649 688 993 745 habentibus
1054 690 1211 743 datus
1269 697 1353 745 est
1395 689 1561 745 etiam
1608 690 1844 759 Spiritus
1887 689 2004 747 Dei.
2043 691 2135 746 Ait
2181 706 2412 759 namque
2460 691 2665 745 Pater:
2722 706 2741 739 α
2802 688 3152 758 Nequaquam
3218 687 3331 760 (89)
3375 689 3620 743 manebit

360 778 585 847 Spiritus
612 797 775 838 meus
816 783 871 836 in
912 782 1221 838 hominibus
1279 783 1365 838 his
1400 802 1417 851 ;
1458 802 1478 836 ι
1513 792 1570 839 et
1605 782 1777 839 Filius
1820 802 1834 838 :
1884 802 1905 836 ι
1969 783 2215 854 Accipite
2255 781 2365 855 (90)
2413 781 2675 852 Spiritum
2729 792 2996 837 sanctum.
3043 798 3062 831 ι
3108 779 3279 834 Porro
3328 779 3396 834 de
3455 778 3637 832 divino

364 868 559 951 Spiritu
600 872 726 927 haec
761 875 912 929 dicta
971 874 1136 929 fuisse
1188 875 1547 944 perspicuum
1581 885 1706 941 est,
1764 890 1887 930 cum
1935 877 2005 931 ad
2065 891 2166 931 nos
2222 876 2569 946 pertineant,
2616 875 2707 944 qni
2764 874 3041 944 proprium
3091 881 3333 926 nostrum
3385 871 3635 942 spiritum

365 955 468 1015 iam
487 964 850 1021 habebamus.
879 967 1032 1024 Sicut
1056 981 1184 1038 ergo
1210 966 1382 1023 Filius
1412 966 1650 1023 Verbum
1675 967 1769 1023 Dei
1803 968 2037 1025 lilialiter
2064 968 2175 1040 (9|)
2203 969 2419 1041 genitus
2452 977 2534 1024 est
2563 1009 2577 1031 ,
2656 968 2730 1022 ita
2801 976 3021 1020 sanctus
3082 963 3316 1034 Spiritus
3381 960 3638 1030 spiritali-

376 1062 453 1105 ter
487 1057 770 1122 processit,
826 1071 934 1111 uoa
980 1072 1110 1112 vero
1142 1073 1237 1127 per
1273 1058 1604 1113 creationem
1646 1072 1663 1112 :
1695 1069 1752 1114 et
1805 1059 1948 1114 sicut
1984 1060 2131 1114 nulla
2161 1059 2417 1115 essentiae
2448 1101 2460 1124 ,
2515 1068 2570 1113 et
2602 1058 2922 1127 potestatis,
2988 1064 3041 1111 et
3113 1054 3297 1125 gloria
3335 1050 3637 1108 diﬂ‘erentia

380 1147 535 1201 estin
566 1147 864 1219 Unigenito
906 1149 1068 1217 Filio,
1124 1161 1372 1222 respectu
1435 1152 1532 1207 Dei
1579 1152 1779 1221 Patris,
1834 1155 1929 1210 sed
2000 1170 2160 1211 omne
2213 1155 2503 1210 discrimen
2559 1153 2627 1226 (si
2684 1154 2758 1209 ita
2824 1152 2969 1222 loqui
3008 1151 3091 1205 las
3134 1150 3237 1222 est)
3274 1150 3328 1204 in
3363 1156 3633 1212 creatura,

380 1254 558 1311 nempe
590 1242 647 1296 in
705 1256 983 1314 assumpta
1034 1246 1393 1311 humanitate,
1428 1248 1678 1304 consistit
1720 1265 1735 1303 :
1770 1249 1844 1302 ita
1877 1263 1944 1303 ne
1985 1248 2039 1303 in
2099 1249 2283 1304 divino
2337 1249 2553 1322 quidem
2587 1260 2695 1301 uno
2741 1245 2950 1315 Spiritu
3015 1244 3126 1299 ulla
3178 1251 3263 1298 est
3329 1237 3637 1313 hujusmodi

375 1329 753 1398 discrepantia.
778 1332 962 1389 Satius
983 1350 1113 1407 ergo
1138 1347 1364 1404 estquae
1395 1337 1637 1394 haeretici
1669 1336 1920 1394 eli'utiunt
1977 1339 2200 1395 omnino
2233 1356 2340 1397 non
2378 1341 2568 1395 audire
2593 1378 2608 1404 ,
2641 1352 2802 1409 quam
2848 1352 2955 1391 non
3007 1349 3071 1390 ea
3141 1333 3360 1405 quidem
3429 1330 3626 1386 admit-

374 1431 502 1487 tere,
536 1424 637 1481 sed
666 1432 844 1481 tamen
880 1441 1038 1482 aures
1066 1427 1171 1483 illis
1202 1429 1483 1485 adhibere.

1030 1519 1187 1573 ΚΕΦ.
1230 1520 1282 1572 I"
1293 1561 1307 1575 .

370 1607 511 1677 Περὶ
542 1608 653 1662 τοῦ
679 1609 749 1681 ἐκ
775 1607 1071 1677 διαφόρων·
1095 1610 1401 1681 ὀνομάτων
1420 1606 1821 1680 σημαίνεσθαι
1841 1611 1958 1681 τὴν

578 1678 794 1747 θεϊκὴν
814 1681 1004 1748 φύσιν
1033 1679 1140 1734 τοῦ
1168 1678 1340 1750 ἆτιου
1374 1678 1742 1751 Πνεῦματος.

444 1772 515 1825 ’0
543 1769 602 1823 δὲ
627 1770 884 1841 ἐλέγομεν
913 1770 970 1838 ἐξ
993 1772 1190 1843 ἀρχῆς,
1213 1771 1468 1843 δεύτερον
1502 1772 1838 1845 μαρτυροῦσι
1888 1772 1957 1827 τὰ

368 1862 550 1931 λόγια,
585 1863 669 1915 ὅτι
691 1862 923 1933 διάφορα
952 1862 1230 1934 θεοπρεπῆ
1252 1863 1494 1934 ὀνόματὰ
1515 1866 1632 1918 ἐστι
1660 1865 1739 1936 τῷ
1790 1865 1960 1919 Πνεύ-

374 1972 507 2025 ματι
545 1952 643 2007 τοῦ
670 1953 826 2017 Θεοῦ,
855 1953 1056 2025 πολλήν
1080 1971 1141 2007 τε
1166 1953 1331 2027 ἄλλην
1352 1955 1589 2027 ἔμφασιν
1615 1956 1957 2029 ἐπηρμένην,

374 2047 468 2099 καὶ
495 2045 683 2116 σχέσιν
709 2045 1015 2118 ὑπερτέραν
1038 2045 1273 2108 πάντων,
1315 2049 1413 2101 κα)⁸
1437 2046 1516 2118 τῷ
1546 2048 1725 2120 Harp).
1764 2049 1859 2102 καὶ
1881 2048 1961 2119 τῷ

374 2136 492 2207 Υξῷ
531 2135 752 2206 συνεχῆ,
782 2137 876 2190 καὶ
906 2137 1187 2208 κρείττονα
1235 2138 1336 2210 τῆς
1370 2140 1831 2211 πρεπωδεστάτης
1878 2140 1965 2212 έρ-

378 2227 610 2299 μηνείας
643 2231 1059 2299 συνεισφέροντα
1083 2232 1195 2293 τοῖς
1215 2231 1599 2302 προκειμένοις
1621 2230 1799 2303 θεωρή
1809 2224 1959 2302 μασιο

376 2320 470 2371 καὶ
504 2318 587 2372 ἔτι
619 2319 982 2384 ἀναπλοῦντα,
1010 2318 1125 2374 ἔνια
1158 2321 1257 2392 μὲν
1286 2322 1387 2393 τὴν
1419 2321 1608 2394 θεῖκὴν
1636 2322 1802 2375 αὑτοῦ
1857 2323 1963 2392 φύ-

376 2426 485 2472 σιν,
530 2409 652 2463 Evt:
671 2409 726 2462 δὲ
754 2409 853 2480 τὴν
884 2410 1207 2482 αὐθεντικὴν
1249 2413 1479 2484 δύναμιν
1507 2454 1522 2478 ,
1553 2415 1645 2467 καί
1701 2431 1964 2486 παραμυ-

375 2501 620 2571 θούμενα
655 2501 755 2572 τὴν
782 2502 1084 2572 ἀδυναμίαν
1120 2503 1297 2574 ἡμῶν,
1348 2504 1447 2574 τὴν
1504 2505 1634 2577 περὶ
1688 2506 1750 2559 τὸ
1799 2505 1966 2571 ἀξίως

377 2592 672 2661 ἐφικέσθαι
721 2594 883 2647 αὐτοῦ
906 2636 920 2653 ,
955 2596 988 2665 ἢ
1024 2596 1289 2668 ἑρμηνείᾳ
1338 2598 1637 2668 ῥημάτων,
1689 2598 1722 2669 ἢ
1762 2598 1967 2670 θεωρίᾳ

376 2682 495 2747 νοῦ,
528 2685 624 2736 καὶ
652 2686 965 2757 παρρησίαν
990 2687 1319 2758 παρέχοντα,
1350 2688 1651 2754 ἀκινδύνως
1681 2690 1967 2761 όμοούσιον

377 2773 472 2826 τοῦ
503 2773 644 2827 Θεοῦ
697 2775 881 2829 καλεῖν
916 2777 1067 2843 αὐτὸ,
1122 2781 1218 2833 καὶ
1266 2780 1548 2834 πιστεύειν
1598 2780 1676 2852 τῷ
1707 2781 1969 2853 ἁγιασμῷ

2617 1512 2774 1585 123
2804 1509 2954 1568 CAP.
2986 1508 3073 1565 In.

2061 1610 2145 1666 Ex
2171 1607 2393 1664 diversis
2435 1603 2664 1675 Spiritus
2702 1602 2873 1656 sancti
2921 1598 3219 1675 nominibus
3248 1597 3484 1653 divinam
3523 1601 3640 1667 ejus

2603 1685 2846 1728 naturam
2886 1672 3081 1741 colligi.

2129 1769 2200 1826 Ut
2228 1778 2413 1823 autem
2442 1765 2600 1821 initio
2629 1762 2739 1835 (92)
2769 1762 3033 1825 diximus,
3075 1767 3372 1816 testantur'
3398 1758 3639 1815 secundo

2058 1864 2178 1917 loco
2203 1861 2384 1916 divina
2420 1856 2670 1922 oracula,
2698 1856 2850 1909 varia
2874 1867 2999 1908 esse
3028 1867 3094 1906 ac
3114 1851 3331 1906 diversa
3389 1850 3635 1921 Spiritus

2062 1952 2156 2006 Dei
2186 1950 2433 2014 nomina,
2492 1945 2692 2002 divinae
2744 1942 3016 2014 majestati
3076 1942 3475 2009 convenientia,
3517 1956 3642 2012 qua:

2060 2061 2168 2099 non
2210 2044 2370 2099 modo
2408 2040 2588 2095 allatis
2616 2047 2773 2093 antea
2848 2035 3118 2106 capitulis,
3170 2043 3335 2104 atque
3393 2033 3641 2088 animad-

2062 2135 2405 2192 versiouibus
2435 2131 2723 2187 sublimem
2749 2128 2909 2182 aliam
2955 2126 3214 2197 speciem,
3242 2136 3300 2180 et.
3337 2125 3638 2195 emphasim

2065 2228 2206 2285 haud
2236 2226 2503 2281 modicam
2531 2221 2843 2285 conferunt,
2881 2228 3046 2287 atque
3104 2216 3496 2281 habitudinem,
3544 2230 3644 2270 seu

2065 2318 2384 2374 relationem
2444 2330 2605 2384 supra
2658 2312 2838 2366 omnia
2893 2311 3180 2374 elevatam,
3233 2316 3289 2363 el.
3319 2324 3348 2361 a
3379 2307 3540 2363 Patre
3579 2321 3643 2360 ac

2067 2409 2204 2465 Filio
2226 2424 2331 2462 non
2357 2407 2712 2473 disjuuctam,
2736 2412 2793 2458 et
2821 2401 3013 2472 quavis
3043 2400 3126 2455 vel
3167 2398 3641 2469 magniﬁcentissi-

2067 2519 2152 2556 ma
2209 2497 2659 2568 interpretatione
2730 2494 2993 2565 potiorem
3057 2492 3393 2555 ostendunt;
3455 2505 3658 2546 verum.

2065 2593 2228 2648 etiam
2264 2606 2451 2646 eorum
2493 2589 2596 2643 alia
2651 2587 2872 2658 quidem
2920 2584 3157 2639 divinam
3201 2584 3319 2654 ejus
3371 2592 3642 2645 naturam,

2066 2686 2171 2740 alia
2210 2698 2343 2739 vero
2379 2681 2656 2752 propriam
2705 2679 2878 2749 ipsius
2927 2686 3253 2748 potestatem
3311 2675 3643 2745 exprimunt,

2069 2792 2134 2832 ac
2178 2784 2417 2831 nostram
2446 2772 2793 2863 consolanstur
2824 2769 3221 2838 impotentiam.
3265 2769 3356 2838 qui
3406 2782 3505 2837 pro
3530 2783 3648 2823 me-

378 2864 569 2918 αύτοῦ.
610 2866 721 2920 Καὶ
762 2868 862 2938 οὐχ
892 2868 1218 2940 εὑρίσκομεν
1261 2872 1413 2926 οὐδὲν
1454 2870 1566 2926 τῶν
1599 2872 1775 2927 ἄλλων
1806 2890 1968 2926 πνευ-

2075 2870 2180 2921 rito
2209 2866 2359 2920 illum
2424 2863 2641 2926 assequi
2663 2858 2757 2916 aut
2812 2869 3056 2915 textuum
3103 2858 3488 2929 explicatione,
3552 2867 3650 2914 aut

384 2956 574 3025 μάτων
619 2957 955 3023 καταξιωθὲν
1001 2960 1267 3032 κληθῆναι
1298 2965 1413 3027 τοῖς
1458 2963 1687 3034 ὀνόμασι
1733 2963 1962 3029 τούτοις.

381 3047 457 3099 Τὸ
491 3047 553 3101 δὲ
585 3049 763 3118 μόνως
794 3050 885 3103 καὶ
914 3048 1074 3121 φύσει
1113 3052 1356 3125 ὑπάρχον
1400 3053 1606 3119 ταῦτα,
1658 3055 1811 3109 οὐδέν
1850 3057 1965 3108 ὲστι

382 3138 493 3191 τῶν
532 3140 770 3205 πάντων,
806 3141 942 3196 ἀλλά
973 3143 1127 3208 Θεός.
1150 3146 1305 3199 Ἔστι
1332 3146 1391 3200 δὲ
1421 3145 1489 3200 τά
1515 3146 1760 3217 ὀνόματα
1813 3147 1960 3201 τάδε·

388 3229 615 3301 Πνεῦμα
662 3232 834 3301 ἅγιον,
889 3233 964 3298 ὡς
1013 3236 1289 3307 πανταχοῦ
1338 3236 1653 3310 γέγραπται
1676 3255 1691 3269 ’
1742 3236 1968 3309 Πνεῦμα

385 3320 717 3392 ἁγιωσύνης,
736 3324 828 3375 καὶ
844 3323 1088 3391 ἁγιάζον,
1115 3324 1209 3397 [55
1230 3326 1283 3398 ὁ]
1316 3327 1395 3391 ὡς
1414 3328 1619 3399 γράφει
1666 3329 1960 3400 Ῥωμαίοις

393 3430 413 3462 ι
450 3410 683 3476 Παῦλος,
714 3412 901 3477 δοῦλος
941 3415 1116 3486 Ἰησοῦ
1145 3417 1406 3489 Χριστοῦ,
1435 3418 1634 3489 κλητὸς
1650 3418 1966 3486 ἀπόστολος,

386 3502 774 3573 ἀφωρισμένος
791 3505 872 3567 εἰς
891 3505 1220 3575 Εὐαγγέλιον
1257 3508 1413 3574 Θεοῦ,
1444 3509 1474 3561 ὃ
1498 3509 1971 3581 προεπηγγείλατο

384 3592 476 3646 διὰ
501 3593 613 3645 τῶν
641 3594 934 3666 προφητῶν
970 3595 1136 3651 αὐτοῦ
1165 3599 1223 3652 ὲν
1260 3599 1499 3670 Γραφαῖς
1520 3598 1704 3669 ἁγίαις
1729 3598 1969 3671 περὶτοῦ

394 3685 525 3738 Υἱοῦ
553 3684 738 3749 αὐτοῦ,
767 3686 861 3739 τοῦ
888 3687 1181 3759 γενομένου
1207 3689 1272 3743 ὲκ
1301 3690 1619 3762 σπέρματος
1643 3691 1804 3744 Δαυῒδ
1831 3692 1972 3746 κατὰ

392 3775 592 3846 σάρκα,
628 3777 721 3831 τοῦ
754 3778 1060 3848 ὁρισθέντος
1085 3778 1215 3832 Υῐοῦ
1271 3779 1406 3834 Θεοῦ
1456 3782 1513 3834 ὲν
1556 3780 1781 3851 δυνάμει
1831 3781 1972 3835 κατά

392 3866 619 3937 Πνεῦμα
645 3868 982 3940 ἁγιωσύνης·
1025 3889 1044 3922 ι
1075 3869 1169 3923 καὶ
1198 3870 1387 3925 πάλιν·
1425 3898 1443 3924 ι.
1492 3873 1611 3926 Ἵνα
1659 3873 1884 3943 γένηται
1937 3874 1971 3942 ἡ

392 3958 681 4032 προσφορά
709 3961 818 4014 τῶν
864 3960 1033 4014 ὲθνῶν
1086 3962 1498 4033 εὐπρόσδεκτος,
1554 3964 1863 4036 ἡγιασμένη
1915 3964 1974 4017 ὲν

394 4051 678 4121 Πνεύματι
702 4052 872 4123 ἁγίῳ·
918 4071 936 4102 ι
978 4054 1074 4107 καὶ
1094 4053 1350 4125 ἑτέρωθι·
1389 4072 1408 4106 ι
1454 4055 1647 4125 Ἡμεῖς
1675 4055 1734 4108 δὲ
1760 4054 1973 4125 ὀφείλοο

399 4161 504 4213 μεν
528 4144 868 4215 εὐχαριστεῖν
892 4143 970 4214 τῷ
994 4144 1112 4215 Θεῷ
1146 4146 1378 4199 πάντοτε
1399 4146 1526 4219 περὶ
1553 4146 1727 4217 ὑμῶν,
1757 4146 1975 4215 ἀδελφοὶ

2072 2957 2273 3013 mentis
2298 2954 2753 3023 contemplatione
2776 2967 2882 3006 non
2918 2950 3180 3015 valemus,
3205 2959 3261 3005 et
3285 2950 3525 3003 animum
3551 2963 3650 3004 no-

2072 3049 2154 3104 bis
2181 3049 2403 3114 addunt,
2435 3056 2496 3101 ut
2520 3061 2641 3102 eum
2666 3043 2999 3099 conﬁdenter
3050 3056 3114 3096 ac
3148 3042 3265 3097 sine
3313 3040 3529 3096 errandi
3555 3055 3650 3110 pe-

2075 3138 2246 3195 riculo
2275 3135 2797 3194 consubstantialem
2822 3135 2931 3188 Deo
2957 3146 3234 3196 vocemus,
3282 3140 3340 3187 et
3403 3130 3648 3185 sanctiﬁ-

2073 3240 2289 3286 cantem
2326 3243 2448 3286 esse
2470 3227 2780 3283 credamus.
2813 3224 3000 3294 Neque
3020 3237 3151 3279 vero
3202 3222 3371 3278 ullum
3423 3238 3488 3277 ex
3527 3222 3652 3277 aliis

2074 3321 2359 3394 spiritibus
2385 3319 2608 3390 dignum
2650 3317 2901 3373 habitum
2932 3330 3053 3370 esse
3086 3314 3397 3371 invenimus
3447 3314 3537 3384 qui
3564 3315 3650 3368 his

2077 3412 2385 3469 nominibus
2405 3410 2793 3481 appellaretur.
2837 3409 2935 3464 Ast
2958 3408 3049 3462 ille
3087 3407 3179 3476 qui
3213 3408 3372 3462 unico
3392 3413 3447 3460 et
3464 3405 3651 3474 singu-

2075 3505 2175 3559 lari
2213 3503 2399 3565 modo,
2436 3510 2492 3557 et
2529 3517 2595 3556 ex
2624 3510 2816 3555 natura
2853 3514 2948 3555 sua
2982 3499 3097 3553 haec
3133 3497 3368 3564 exsistit,
3402 3510 3511 3551 non
3566 3504 3652 3550 est

2076 3596 2298 3651 omnino
2356 3608 2424 3649 ex
2495 3605 2720 3646 numero
2785 3588 3016 3644 aliorum
3064 3588 3331 3651 omnium,
3397 3586 3491 3641 sed
3568 3596 3651 3640 est

2078 3689 2238 3743 Deus.
2270 3684 2393 3740 llaec
2424 3692 2607 3739 autem
2642 3690 2772 3738 sunt
2810 3695 2872 3736 ea
2899 3695 3021 3750 quae
3040 3679 3152 3734 dixi
3188 3678 3438 3733 nomina:
3471 3674 3652 3746 Spiri-

2079 3792 2166 3838 tus
2197 3792 2442 3847 sauctus,
2492 3789 2554 3834 ut
2592 3779 2791 3848 passim
2825 3777 3022 3848 legitur
3052 3776 3106 3830 in
3155 3772 3475 3842 Scriptura;
3529 3769 3654 3841 Spi-

2081 3876 2219 3930 ritus
2261 3872 2591 3937 sanctitatis,
2622 3879 2677 3925 et
2717 3871 3100 3934 sanctiﬁcans,
3129 3876 3187 3922 ut
3214 3867 3407 3922 scribit
3441 3867 3509 3921 ad
3544 3865 3654 3920 ιιο-

2080 3982 2271 4023 ruanos
2304 3984 2360 4020 ει
2408 3963 2605 4018 Paulus
2634 3963 2744 4031 (95)
2776 3977 2964 4017 servus
3005 3959 3133 4016 Jesu
3155 3959 3399 4025 Christi,
3430 3968 3654 4012 vocatus

2080 4061 2376 4129 apostolus,
2407 4066 2721 4129 segregatus
2749 4056 2803 4111 in
2844 4054 3196 4125 Evangelium
3230 4051 3345 4117 Dei,
3387 4051 3532 4123 quod
3555 4066 3653 4104 an-

2083 4163 2137 4207 te
2195 4149 2521 4217 promiserat
2583 4162 2677 4218 per
2724 4147 3017 4217 prophetas
3064 4160 3193 4200 suos
3248 4145 3303 4198 in
3357 4142 3652 4213 Scripturis

398 4235 749 4305 ἠγαπημένοι
777 4235 880 4289 ὑπὸ
900 4237 1126 4307 Κυρίου,
1144 4237 1224 4290 ὅτι
1243 4237 1415 4291 εἵλετο
1432 4237 1576 4308 ὑμᾶς
1596 4239 1624 4291 ὁ
1643 4237 1775 4301 Θεὸς
1795 4239 1968 4309 ἀπαρ-

2079 4243 2304 4306 sanctis,
2331 4242 2396 4295 de
2420 4241 2558 4295 Filio
2577 4254 2697 4305 suo,
2721 4238 2812 4308 qui
2839 4236 3017 4293 factus
3040 4246 3126 4292 est
3151 4251 3218 4291 ex
3241 4236 3451 4291 semine
3485 4234 3653 4289 David

398 4326 499 4396 χὴν
524 4328 601 4389 εἰς
622 4326 916 4398 σωτηρίαν,
942 4329 1000 4382 ὲν
1024 4327 1285 4400 ἁγιασμῷ
1308 4328 1645 4400 Πνεύματος,
1670 4329 1765 4382 καὶ
1794 4328 1976 4382 πίστει

398 4418 679 4488 ἀληθείας.
727 4437 747 4469 ι
785 4419 1004 4491 Πνεῦμα
1030 4420 1330 4490 δυνάμεως,
1350 4421 1445 4474 κα)⁵
1474 4421 1714 4492 ἀγάπης,
1745 4422 1841 4473 καὶ
1865 4438 1972 4473 σω·-

398 4510 722 4581 φρονισμοῦ,
774 4512 848 4575 ὼς
880 4511 1093 4577 Παῦλος
1142 4515 1199 4567 ὲν
1229 4513 1459 4585 δευτέρᾳ
1516 4512 1800 4584 Ἐπιστολῇ
1836 4512 1973 4582 πρὸς

399 4603 667 4675 τιμόθεον
708 4603 943 4676 ἔγραψεν
966 4620 980 4634 ·
1019 4624 1037 4657 ι
1090 4605 1166 4660 οὐ
1209 4604 1319 4676 γὰρ
1356 4603 1555 4659 ἔδωκεν
1614 4605 1742 4675 ὑμῖν
1781 4605 1810 4656 ὁ
1839 4602 1972 4669 Θεὸς

474 4777 585 4856 (ἓξ)
628 4778 895 4856 ἐπανήξει.
920 4779 1064 4856 Legg
1087 4779 1349 4856 ἁγγέλλρν
1373 4798 1471 4856 pro
1498 4781 1746 4852 ἄγγελον.

477 4846 591 4920 (89)
625 4846 1151 4920 Νεᾳωᾳιιαῃιίῦεηζ
1173 4846 1248 4912 vl.
1273 4852 1326 4908 ὅ.

479 4919 592 4990 (90)
624 4918 871 4990 {ccipita
903 4918 1058 4990 Joan.
1089 4935 1181 4986 xx,
1205 4920 1297 4976 22.

481 4987 594 5057 (91)
634 4987 913 5069 ilialiler.
929 4988 984 5043 ln
1009 4989 1455 5073 (ἱνεῃςολυίικῶς.
1480 4990 1967 5073 Quam-dictionem

416 5076 560 5114 nunc
606 5060 834 5140 primum
879 5076 985 5114 non
1018 5060 1165 5113 cudit
1191 5060 1468 5145 Didymus,
1495 5065 1589 5116 sed
1621 5062 1690 5116 ab
1719 5062 1839 5116 aliis
1867 5078 1969 5144 an:

416 5143 502 5184 tea
523 5128 806 5200 adhibitam
831 5140 1089 5200 usurpat.
1113 5127 1190 5184 Ita
1224 5146 1277 5186 tu
1308 5133 1533 5200 epistola
1568 5146 1732 5186 cxxu
1786 5130 1968 5185 Basdu

413 5202 644 5272 legitur:
676 5198 779 5252 Τὸν
822 5198 881 5253 δὲ
905 5199 1055 5272 tibi},
1084 5200 1279 5265 υἱικῶς
1305 5198 1486 5272 (εἶναι)
1515 5200 1754 5272 Πατέρα,
1786 5201 1840 5255 id
1868 5211 1973 5264 est,

418 5288 441 5322 α
467 5270 654 5325 Filium
702 5284 828 5324 vero
879 5271 1113 5324 lilialiter
1141 5286 1262 5325 esse
1310 5270 1545 5327 Patrem.
1574 5290 1592 5323 ι
1628 5270 1756 5337 Quae
1793 5279 1972 5325 tamen

413 5340 577 5395 verba
600 5353 703 5393 non
729 5338 1210 5410 scripsitBasilius,
1239 5343 1332 5396 sed
1372 5356 1433 5395 ea
1474 5341 1630 5395 ali'ert
1660 5345 1884 5410 ipsemet
1903 5355 1969 5410 ex

406 5412 646 5482 quadam
671 5409 1122 5482 _epis_tola,_quam
1161 5410 1283 5482 pejus
1335 5411 1630 5482 adversarii
1679 5408 1708 5464 a
1773 5408 1973 5482 Basilio

406 5479 528 5552 ipso
552 5480 622 5532 ad
641 5479 1042 5552 _Apollinarium
1067 5479 1320 5552 scriptam
1346 5481 1638 5552 (inserant,
1657 5495 1883 5552 quasque
1907 5480 1975 5552 ab

406 5548 872 5620 accuratissima,
900 5548 1337 5620 doctissitnisque
1395 5548 1687 5606 monachis
1720 5549 1977 5620 Maurinis

410 5619 836 5698 intenepistolas
860 5619 1041 5698 Basilii
1072 5619 1145 5698 ad
1170 5615 1582 5688 Apbllinarium,
1603 5619 1970 5698 et_Apollina-
2000 5623 2047 5680 D
2075 5615 2272 5698 ᾁρχῇς,
2307 5616 2359 5671 id
2397 5615 2554 5698 est]
2573 5615 2866 5698 abl-initio:
2884 5632 2904 5666 ι

411 5691 480 5747 rii
507 5689 575 5743 ad
604 5689 866 5744 Basiliam
898 5691 1021 5743 ideo
1063 5691 1205 5744 edita
1248 5705 1365 5760 non,
1398 5698 1503 5754 est,
1536 5690 1679 5760 quod
1705 5691 1822 5757 ejus
1850 5703 1973 5756 apo-

412 5762 827 5832 graphum_non
865 5760 1208 5832 invenerint;
1241 5760 1335 5815 sed
1357 5759 1535 5814 inveni
1559 5759 1663 5830 ego
1685 5760 1740 5814 in
1781 5773 1973 5832 perve-

416 5829 563 5888 iusto
590 5830 777 5889 codice
821 5844 952 5886 saec.
989 5845 1024 5883 ι
1068 5829 1300 5896 circiter,
1334 5844 1398 5888 ac
1448 5829 1618 5900 penes
1664 5844 1750 5887 me
1783 5829 1973 5886 habeo.

2079 4332 2377 4387 secundum
2417 4324 2683 4385 carnem':
2739 4329 2832 4397 qui
2879 4326 3297 4398 praedestinatus
3350 4332 3434 4380 est
3483 4323 3655 4379 Filius

2080 4423 2175 4478 Dei
2220 4424 2271 4477 in
2301 4422 2501 4476 virtute
2533 4420 2829 4474 secundum
2860 4416 3123 4485 Spiritum
3152 4414 3460 4471 sanctitatis
3489 4430 3505 4479 ;
3545 4432 3563 4465 ι
3599 4421 3654 4468 et

2081 4529 2268 4569 rursus
2293 4530 2307 4567 :
2334 4530 2355 4563 ι
2386 4510 2455 4566 Ut
2471 4511 2562 4566 ﬁat
2579 4509 2691 4581 (94)
2711 4508 2913 4564 oblatio
2931 4508 3169 4579 gentium
3193 4515 3436 4575 accepta,
3453 4506 3655 4560 sancti-

2079 4605 2236 4661 ﬁcata
2263 4605 2315 4659 in
2340 4602 2549 4674 Spiritu
2581 4611 2804 4668 sancto;
2838 4618 2857 4651 ι
2882 4610 2938 4654 et
2964 4599 3091 4655 alibi
3112 4617 3128 4656 :
3152 4618 3171 4651 ε
3199 4598 3310 4654 Nos
3330 4609 3511 4654 autem
3538 4595 3653 4671 (95)

2077 4776 2265 4858 (igitur
2290 4780 2343 4858 in
2372 4792 2434 4832 ea
2454 4777 2521 4858 de
2547 4790 2679 4831 voce
2702 4775 2988 4858 ὁμοούριος
3007 4817 3022 4839 ,
3053 4775 3211 4858 etnita
3236 4772 3425 4858 lpcipit
3457 4789 3472 4826 :
3509 4773 3655 4858 Ἐδε-

2074 4842 2253 4937 ᾔᾷμην
2275 4848 2338 4937 το
2367 4847 2654 4937 γνῷρισμα
2683 4842 2783 4937 τῆς
2822 4845 3078 4937 calcfer
3103 4842 3453 4937 Concluditur
3475 4855 3654 4937 aptent

2074 4913 2159 4973 his
2186 4913 2403 4988 verbis}
2431 4913 2543 4988 Ούχ
2579 4913 2656 4979 ὧς
2691 4913 2879 4988 ἕτερον
2914 4917 2972 4967 ὲν
3002 4914 3082 4988 τῷ
3122 4913 3658 4988 κοινῷ-δεχομένους

2073 4987 2338 5052 ένοειδῶς,
2384 4983 2543 5041 οὔτέ
2566 4984 2725 5056 ἐντῷ
2780 4983 2896 5056 ἰδίῳ
2928 4983 3070 5056 κατᾶ
3109 4986 3212 5056 τὸν
3255 4983 3656 5056 αὐτὸντρόπον

2073 5058 2154 5127 (οὐ
2187 5058 2294 5139 γὰρ
2325 5054 2715 5139 ἐμπεριέχεται
2745 5055 2821 5138 τῷ
2854 5054 3020 5139 κοινῷ
3072 5055 3135 5108 τὸ
3167 5054 3498 5139 τδιοχλ
3521 5055 3655 5108 ὲκὰ-

2072 5124 2231 5200 τερον
2263 5124 2338 5200 ὣς
2360 5124 2429 5182 ’ἓν
2452 5124 2519 5181 Ex
2536 5124 2648 5200 fi);
2677 5124 2851 5198 ἀρχῆς
2879 5124 3185 5200 ἐκπέφηνεν
3217 5127 3247 5178 ό
3266 5124 3398 5200 Θεὸς
3427 5124 3617 5200 Λόγος,

2145 5195 2257 5266 (92‘
2299 5198 2485 5251 Initio.
2536 5195 2670 5249 Vide
2718 5195 2991 5264 postrema
3027 5195 3196 5266 verba
3236 5196 3396 5266 primi
3452 5195 3650 5265 capitis

2076 5268 2234 5336 huius
2277 5268 2421 5336 libri,
2451 5278 2502 5321 et
2538 5267 2758 5336 secundi
2790 5266 2982 5336 capitis
3016 5265 3211 5336 prima.

2145 5333 2259 5402 (93)
2302 5335 2525 5391 Paulus.
2552 5333 2711 5402 Rom.
2738 5350 2776 5396 1.
2804 5333 2917 5389 14.

2146 5405 2258 5476 (94)
2299 5406 2370 5476 Ψ
2408 5407 2524 5475 ﬁat.
2559 5405 2838 5476 Romani,
2863 5405 2950 5460 l6.

2148 5471 2263 5546 (95)
2305 5471 2418 5531 Nos
2463 5485 2660 5546 autem.
2694 5473 2739 5546 ll
2781 5473 2969 5530 Thess.
3003 5490 3073 5546 nr,
3121 5474 3209 5529 l5.
3253 5472 3441 5546 Graeca
3489 5471 3656 5546 editio

2078 5541 2219 5617 nunc
2245 5541 2354 5617 pro
2393 5545 2693 5617 ἀπαρχήν,
2717 5545 2768 5617 id
2792 5554 2893 5617 est
2930 5545 3309 5617 «primitias,»
3357 5542 3518 5596 habet
3557 5541 3652 5617 ἀπ)

2998 5614 3211 5668 imirum
3257 5627 3379 5665 cum
3420 5626 3518 5678 pro
3556 5610 3652 5663 ἀπ’

2306 5686 2574 5770 scribatpr
2621 5685 2805 5766 etiam.
2843 5683 3133 5765 ἀπαρχῆς,
3187 5691 3244 5762 ut
3278 5679 3553 5803 ὲξαρχῖἒς,
3598 5688 3653 5734 et

2083 5772 2391 5803 καταοναε-
2424 5757 2624 5803 idcirco
2665 5753 2838 5803 facilis
2872 5754 2973 5803 l'utt
3019 5761 3244 5803 tntttatto
3283 5765 3430 5803 VOCIS
3508 5765 3653 5803 παρ-

2083 5753 2392 5831 κατα-ρχάς,
2424 5754 2624 5831 idcirco
2665 5753 2973 5831 facilisl'ujt
3011 5753 3244 5831 inuitati?
3271 5765 3430 5831 vocis
3470 5753 3653 5831 ἀπαρ-

2085 5829 2186 5898 χήν
2219 5820 2484 5883 i'n'voCcm
2523 5823 2800 5896 ἀπαρχῆς.
2824 5826 2894 5880 At
2922 5821 3183 5893 Vulgatus
3210 5821 3479 5891 interpres
3504 5820 3657 5892 legit.I
