4082 6422
332 392 448 451 499

1420 402 1508 457 DE
1548 401 1925 460 TRINITATE
1964 403 2169 460 LIBER
2211 402 2596 461 SECUNDUS.

3546 404 3661 458 470‘

350 527 431 585 μα
453 511 776 579 υἱοθεσίας,
824 517 909 582 ὡς
937 518 1153 582 Παῦλος
1189 517 1248 571 τὸ
1274 518 1490 589 πρῶτον
1535 519 1829 590 Ῥωμαίοις
1856 522 1949 574 ἐπ-

2084 519 2314 585 minum,
2364 520 2456 589 qui
2518 518 2706 574 tribuit
2754 517 3083 573 intellectum
3130 518 3282 572 mihi.
3319 536 3361 570 ι.
3406 516 3655 588 Spiritus

359 604 630 660 ἐπειλεν·
663 625 685 658 ι
727 609 901 664 Ὅσοι
934 609 1049 682 γὰρ
1066 609 1338 681 Πνεύματι
1365 611 1502 664 Θεοῦ
1531 611 1755 680 ἄγονται
1781 652 1797 676 ,
1828 607 1975 666 οῦτοι

366 696 625 752 υὶοὶΘεοῦ
660 701 834 755 εἰσιν.
876 702 1005 754 Ὀτι
1032 701 1141 772 γὰρ
1169 701 1390 755 ἐλάϐετε
1420 701 1642 772 Πνεῦμα
1678 703 1972 767 υἱοθεσίας,

380 788 435 839 ἐν
536 788 857 859 κράζομεν,
930 790 1101 844 ’Δ66ὰ
1134 793 1162 844 6
1213 792 1427 863 Πατὴρ,
1471 793 1603 846 αὐτὸ
1638 793 1701 845 τὸ
1750 792 1976 864 Πνεῦμα

386 886 770 955 συμμαρτυρεῖ
823 883 906 954 τῷ
941 884 1211 955 πνεύματι
1261 884 1439 956 ἡμῶν,
1480 886 1563 939 ὅτι
1615 886 1782 957 ἐσμὲν
1809 885 1976 939 τέκνα

390 971 535 1026 Θεοῦ.
558 993 578 1024 ι
614 974 853 1045 Πνεῦμα
879 976 1235 1045 ἐπαγγελίας,
1268 977 1412 1031 κατὰ
1440 978 1531 1031 τὸν
1556 977 1721 1031 αὐτὸν
1749 978 1976 1030 ἀπόστο-

394 1061 499 1126 λον,
533 1064 810 1133 Ἐφεσίοις
840 1066 1152 1138 γράφονταο
1192 1085 1211 1118 t
1256 1067 1345 1119 Ἐν
1371 1059 1416 1134 ᾧ
1442 1067 1536 1120 καὶ
1564 1067 1972 1135 πιστεύσαντες,

402 1155 796 1227 ἐστραγίσθητε
828 1156 908 1228 τῷ
928 1156 1204 1229 Πνεὺματι
1231 1157 1331 1227 τῆς
1353 1157 1685 1226 ἐπαγγελίας
1709 1156 1788 1228 τῷ
1812 1159 1971 1227 ἁγίῳ,

399 1250 454 1312 ὃς
481 1249 620 1300 ἐστιν
643 1246 910 1320 appares»;
932 1248 1034 1319 τῆς
1058 1248 1423 1320 κληρονομίας
1441 1247 1600 1320 ἡμῶν
1622 1267 1635 1281 ·
1667 1268 1684 1301 ι
1710 1250 1806 1302 καὶ
1835 1251 1975 1321 πρὸς

397 1340 634 1404 Γαλάτας
650 1356 667 1370 ·
697 1357 715 1390 ι
741 1340 980 1410 Χριστὸς
1003 1342 1152 1412 ἡμᾶς
1177 1340 1510 1413 ἐξηγόρασεν
1533 1342 1598 1394 ἐκ
1615 1342 1714 1411 τῆς
1733 1342 1976 1414 κατάρας

391 1430 481 1484 τοῦ
507 1432 700 1503 νόμου,
726 1434 1020 1504 γενόμενος
1048 1434 1188 1505 ὑπὲρ
1212 1433 1371 1505 ἡμῶν
1395 1432 1628 1506 κατάρα.
1660 1435 1974 1505 Γέγραπται

387 1524 525 1595 γάρ·
572 1524 1014 1596 Ἐπικατάρατος
1061 1527 1167 1589 πᾶς
1221 1529 1249 1580 6
1276 1527 1622 1598 κρεμάμενος
1659 1527 1751 1579 ἐπὶ
1783 1525 1970 1592 ξύλου·

385 1614 474 1667 ἵνα
530 1616 614 1678 εἰς
659 1616 730 1668 τὰ
768 1615 893 1687 ἔθνη
922 1618 956 1685 ἡ
992 1616 1209 1686 εὐλογία
1237 1616 1331 1669 τοῦ
1383 1616 1634 1688 Ἀϐραὰμ
1659 1617 1886 1688 γένηται
1916 1618 2005 1669 ἐν“

382 1704 617 1776 Χριςτῷ
662 1704 859 1775 Ἰησοῦ,
888 1706 974 1759 ἵνα
1022 1705 1119 1777 τὴν
1164 1707 1498 1775 ἐπαγγελίαν
1526 1706 1622 1760 τοῦ
1658 1707 1974 1777 Πνεῦματος

380 1796 647 1867 λάϐωμεν
693 1797 783 1850 διὰ
835 1799 933 1869 τῆς
982 1799 1236 1863 πίστεως.
1269 1819 1287 1850 ι
1326 1798 1552 1870 Πνεῦμα
1591 1799 1827 1863 πίστεως
1882 1799 1974 1852 καὶ

2078 608 2539 675 mansuetudinis;
2565 609 2703 664 sicut
2728 607 2929 663 Paulus
2947 607 3170 663 Galatas
3197 615 3419 662 monet:
3457 624 3477 658 ι
3517 606 3652 661 Fra-

2079 710 2195 755 tres
2223 700 2357 772 (i6),
2391 711 2447 756 et
2473 701 2520 756 si
2558 708 2975 771 praeoccupatus
3006 696 3174 755 fuerit
3192 698 3356 755 homo
3386 699 3438 753 in
3473 699 3657 769 aliquo

2077 793 2292 855 delicto,
2330 807 2445 857 vos,
2475 793 2570 862 qui
2609 791 2889 863 spiritales
2911 792 3067 856 estis,
3095 790 3258 845 talem
3305 791 3559 845 instruite
3599 792 3653 845 in

2078 883 2295 950 Spiritu.
2317 885 2767 940 mansuetudinis.
2805 883 3093 954 r-Spiritus
3111 882 3431 953 disciplinae,
3457 883 3509 937 id
3547 892 3653 945 est,

2077 979 2374 1049 sapientiai.
2402 979 2535 1035 Nam
2562 978 2837 1049 Sapientia
2863 980 3069 1049 inquit:
3091 997 3110 1030 t
3150 977 3385 1048 Spiritus
3403 977 3517 1048 (i7)
3546 975 3659 1032 dis-

2076 1070 2287 1141 ciplinte
2348 1070 2519 1139 fugiet
2559 1070 2771 1135 dolum,
2820 1079 2874 1125 et
2925 1071 3143 1126 recedet
3175 1084 3205 1123 a
3239 1068 3659 1136 cogitationibus

2076 1163 2275 1217 stultis.
2315 1181 2335 1215 ι
2406 1161 2642 1231 Spiritus
2701 1161 3051 1231 ad0ptionis;
3085 1163 3229 1216 sicut
3286 1159 3488 1214 Paulus
3544 1161 3656 1228 pri-

2078 1267 2223 1305 mum
2253 1251 2366 1322 (i8)
2389 1250 2650 1308 Romanis
2670 1253 2892 1322 scripsit
2917 1271 2931 1308 :
2967 1271 2987 1305 ι
3010 1252 3334 1322 Quicunque
3365 1251 3477 1323 (19)
3509 1252 3655 1306 enim

2079 1340 2281 1412 Spiritu
2319 1344 2412 1398 Dei
2438 1354 2697 1414 aguntur,
2739 1344 2795 1399 hi
2835 1354 2965 1399 sunt
2993 1345 3093 1399 ﬁlii
3126 1345 3243 1400 Dei.
3308 1343 3461 1410 Quod
3510 1343 3655 1398 enim

2077 1435 2363 1505 accepistis
2390 1434 2652 1505 Spiritum
2683 1436 3016 1506 adoptionis,
3062 1437 3115 1491 in
3168 1450 3277 1505 quo
3333 1436 3654 1499 clamamus,

2076 1526 2225 1581 Abba
2276 1525 2516 1600 (Pater);
2573 1527 2690 1596 ipse
2755 1528 2992 1596 Spiritus
3050 1525 3418 1583 testimrnium
3480 1523 3660 1579 reddit

2076 1617 2287 1686 spiritui
2326 1627 2539 1683 nostro,
2595 1621 2740 1687 quod
2790 1634 2980 1675 sumus
3037 1618 3131 1673 lilii
3175 1618 3291 1673 Dei.
3352 1637 3373 1671 ι
3420 1615 3658 1687 Spiritus

2077 1707 2492 1777 promissionis;
2536 1706 2692 1778 juxta
2738 1711 2989 1763 eumdem
3029 1708 3347 1778 Apostolum
3405 1705 3657 1777 Ephesiis

2077 1800 2151 1854 ita
2196 1801 2522 1856 scribentem
2583 1821 2599 1856 :
2664 1820 2684 1852 ι
2748 1801 2804 1854 in
2836 1815 2944 1870 quo
2975 1799 3088 1871 (20)
3136 1801 3422 1855 credentes
3461 1798 3659 1868 signati

382 1888 811 1957 ἀποκαλύψεως,
847 1888 987 1942 κατὰ
1025 1889 1117 1943 τὸν
1145 1888 1326 1952 αὐτὸν,
1371 1889 1673 1961 Κορινθίοις
1713 1890 1975 1960 δηλοῦντα

2084 1891 2208 1967 εειίε
2235 1891 2437 1961 Spiritu
2470 1893 2850 1962 promissionis
2871 1904 3084 1956 Sancto,
3114 1892 3205 1962 qui
3230 1900 3313 1947 est
3331 1891 3522 1960 pignus
3549 1889 3662 1942 hae-

385 1980 445 2030 ἐν
472 1981 543 2048 τῇ
575 1977 807 2050 δευτέρᾳ
847 1979 1168 2050 Ἐπιστολῇ·
1205 1996 1228 2030 r
1268 1980 1520 2050 Ἔχοντες
1571 1978 1677 2051 [56
1725 1980 1786 2052 b]
1828 1982 1886 2035 δὲ
1915 1983 1976 2035 τὸ

388 2070 523 2123 αὐτὸ
553 2070 781 2141 Πνεῦμα
806 2070 906 2140 τῆς
931 2070 1197 2133 πίστεωςο
1232 2090 1250 2121 ι
1302 2072 1397 2124 καὶ
1429 2071 1617 2125 πάλιν·
1657 2090 1676 2122 ι
1728 2073 1890 2144 Ἡμῖν
1919 2074 1974 2127 δὲ

386 2162 417 2211 6
465 2160 606 2224 Θεὸς
687 2159 1000 2229 ἁπεκάλυψε
1049 2159 1138 2213 διὰ
1187 2158 1282 2213 τοῦ
1341 2159 1661 2230 Πνεύματος
1710 2161 1898 2215 αὐτοῦ.
1950 2181 1970 2214 ι

391 2251 623 2320 Ὅμοιον
647 2247 741 2304 οὖν
780 2251 1067 2322 Ῥωμαίοις
1099 2251 1398 2322 ἐδήλωσεν·
1432 2269 1452 2303 t
1492 2251 1691 2316 Πιστὸς
1741 2254 1773 2305 6
1820 2252 1972 2316 Θεὸς,

386 2341 458 2395 δι’
483 2337 550 2395 οὗ
580 2340 847 2411 ἐκλήθητε
869 2343 951 2405 είς
977 2341 1257 2395 κοινωνίαν
1283 2341 1377 2395 τοῦ
1411 2341 1540 2394 Υίοῦ
1588 2343 1753 2397 αὐτοῦ
1777 2359 1787 2372 ·
1835 2364 1853 2395 ι
1880 2345 1975 2398 καὶ

387 2434 472 2504 τῷ
500 2435 609 2487 ὑπὸ
639 2435 915 2498 Mutina-5w;
936 2437 993 2488 ἐν
1009 2434 1086 2504 τῷ
1105 2435 1507 2506 Δευτερονομίῳ
1528 2434 1771 2506 λεχθέντι
1792 2454 1805 2467 ο
1837 2439 1976 2491 «Καὶ

390 2526 583 2599 γνώσῃ
599 2529 665 2599 σή
674 2530 943 2599 μερον,ὃτι
954 2529 1155 2600 Κύριος
1166 2532 1194 2583 6
1207 2529 1341 2592 Θεός
1355 2546 1470 2594 σου,
1485 2523 1642 2593 οὗτος
1659 2529 1791 2593 Θεὸς
1802 2532 1831 2583 6
1843 2529 1976 2594 Θεὸς

390 2624 424 2673 6
446 2621 642 2684 πιστός
660 2637 674 2652 ·
709 2640 729 2672 ι
752 2621 938 2691 καὶτῷ
960 2621 1227 2675 Ψάλλοντι
1247 2636 1262 2653 ο
1289 2640 1308 2673 ι
1326 2622 1524 2685 Πιστὸς
1536 2620 1741 2693 Κύριος
1763 2623 1820 2674 ἐν
1838 2624 1971 2675 πᾶσι

392 2714 508 2774 τοῖς
519 2711 701 2779 λόγοις
712 2710 895 2773 αὐτοῦ,
914 2712 1007 2764 καὶ
1021 2712 1163 2774 ὅσιος
1180 2715 1236 2765 ἐν
1255 2712 1388 2767 πᾶσι
1405 2714 1519 2776 τοῖς
1537 2712 1718 2783 ἔργοις
1736 2712 1919 2768 αὐτοῦ.
1946 2733 1965 2766 ι

2078 1983 2324 2039 reditatis
2372 1995 2615 2053 nostraa;
2655 2004 2675 2037 ι
2708 1996 2763 2039 ει
2804 1985 2870 2038 ad
2901 1983 3171 2039 Galatas:
3208 2000 3228 2035 ι
3265 1981 3515 2037 Christus
3540 1978 3659 2050 (21)

2074 2090 2173 2131 nos
2222 2078 2449 2131 redemit
2493 2080 2561 2132 de
2612 2077 2902 2132 maledicto
2946 2076 3102 2146 legis,
3150 2077 3323 2129 factus
3359 2070 3667 2144 pro‘nobis

2074 2169 2462 2236 maledictum;
2491 2171 2756 2241 scripturn
2789 2180 2876 2228 est
2916 2170 3060 2226 enim
3096 2185 3109 2220 :
3141 2167 3456 2223 Maledictus
3482 2163 3665 2220 omnis

2021 2289 2025 2293 λ
2072 2262 2163 2331 (ιιιί
2220 2263 2416 2332 pendet
2463 2264 2523 2318 in
2574 2263 2724 2335 ligno
2770 2281 2784 2317 :
2823 2271 2883 2319 ut
2938 2264 2991 2317 in
3039 2261 3288 2333 gentibus
3354 2254 3677 2313 benedictio.

2074 2354 2308 2409 Abraha:
2356 2356 2509 2411 ﬁeret
2553 2356 2607 2409 in
2655 2356 2874 2411 Christo
2916 2356 3066 2419 .Iesu,
3109 2362 3168 2407 ut
3214 2348 3661 2420 pollicitationem

2083 2441 2317 2511 Spiritus
2344 2443 2676 2512 accipiamus
2704 2458 2801 2512 per
2847 2442 3030 2497 ﬁdem.
3071 2458 3089 2491 ι
3131 2438 3369 2508 Spiritus
3422 2432 3544 2487 ﬁdei
3606 2438 3663 2483 et

2076 2533 2445 2601 revelationis,
2469 2534 2625 2602 juxta
2653 2535 2936 2599 eumdem,
2967 2531 3063 2603 qui
3098 2530 3151 2585 in
3181 2525 3420 2584 secunda
3448 2523 3515 2577 ad
3557 2519 3661 2575 Coo

2072 2623 2301 2680 rintbins
2324 2624 2564 2694 Epistoia
2591 2627 2663 2680 ita
2693 2641 2815 2681 eum
2835 2624 3178 2679 manifestat:
3205 2639 3223 2672 t
3248 2618 3520 2674 Habentes
3540 2611 3661 2682 (22)

2072 2723 2250 2770 autem
2308 2718 2556 2772 eumdem
2621 2716 2881 2788 Spiritum
2953 2717 3074 2771 ﬁdei
3120 2732 3136 2780 ;
3206 2733 3226 2767 ι
3280 2722 3337 2789 et
3397 2721 3588 2765 rursus
3644 2722 3662 2758 :

400 2820 421 2850 ι
470 2799 637 2854 Nolis
691 2799 801 2867 (25)
844 2808 1021 2854 autem
1070 2800 1211 2857 Deus
1254 2805 1515 2859 revelavit
1564 2819 1661 2874 per
1703 2804 1966 2874 Spiritum
2031 2823 2212 2864 suum.
2257 2829 2276 2862 ι
2326 2809 2516 2864 Simile
2572 2810 2701 2880 quid
2746 2825 2912 2879 porro
2955 2807 3283 2879 signiﬁcavit
3318 2800 3580 2859 Romanis
3643 2814 3661 2852 :

404 2910 423 2940 ι
463 2890 667 2946 Fidelis
719 2891 810 2961 (24
872 2892 1045 2960 Deus,
1081 2909 1176 2963 per
1216 2909 1374 2963 quem
1430 2895 1607 2948 vocati
1663 2896 1796 2949 estis
1838 2895 1890 2948 in
1937 2899 2370 2954 communionem
2432 2897 2554 2953 Filii
2606 2899 2745 2968 ejus.
2782 2916 2801 2949 ι
2834 2897 3025 2952 Simile
3074 2895 3259 2950 itidem
3297 2899 3384 2946 est
3442 2886 3589 2959 quod
3633 2897 3666 2939 ὃ

397 2990 584 3059 Moyse
644 2990 696 3042 in
767 2989 1176 3045 Deuteronomio
1222 2990 1424 3044 dictum
1478 2989 1624 3045 iuit‘:
1663 3009 1681 3042 ι
1721 2992 1784 3044 Ει
1829 3004 2121 3062 cognosces
2168 2994 2282 3065 (25)
2322 2994 2504 3059 hodie,
2551 2994 2692 3062 quod
2755 2993 3014 3047 Dominus
3046 2991 3189 3044 Deus
3237 2996 3361 3041 tuus
3409 2982 3496 3038 hic
3526 2981 3667 3034 Dens

400 3082 544 3135 licus
594 3079 783 3134 ﬁdelis.
819 3097 841 3132 ι
883 3078 950 3134 Et
977 3082 1116 3150 quod
1155 3095 1183 3134 a
1224 3078 1404 3136 Psalte
1455 3083 1665 3136 canitur
1698 3098 1713 3136 :
1749 3100 1768 3133 ‹
1804 3082 2003 3139 Fidelis
2038 3084 2151 3156 (26)
2216 3087 2473 3142 Dominus
2514 3086 2568 3139 in
2621 3083 2874 3140 omnibus
2909 3079 3248 3137 sermonibus
3282 3076 3423 3139 suis,
3456 3081 3511 3128 et
3541 3085 3666 3125 san-

396 3186 521 3229 ctus
553 3173 605 3226 in
630 3175 879 3229 omnibus
905 3173 1154 3244 operibus
1184 3174 1318 3231 suis.
1349 3193 1369 3227 ι

496 3265 724 3336 Πνεῦμα
798 3266 1158 3337 ἡγεμονικὸν,
1197 3266 1437 3337 Πνεῦμα
1474 3267 1648 3331 εὐθές,
1701 3266 1845 3322 κατὰ
1892 3270 1980 3324 τὸν

2162 3268 2398 3338 Spiritus
2423 3265 2740 3337 principalis
2775 3266 2889 3337 (27)
2938 3279 3032 3319 seu
3070 3276 3395 3334 gubernans,
3428 3258 3667 3330 Spiritus

400 3358 571 3412 Δαυϊδ
606 3361 665 3411 ἐν
694 3357 772 3429 τῷ
813 3364 856 3411 ν’
890 3357 1399 3429 ἐξομολογούμενον.
1444 3359 1676 3429 Ὁμοίως
1717 3359 1796 3430 τῷ
1824 3362 1974 3415 Ψὰλι

398 3453 551 3504 λοντι
588 3451 647 3502 ἐν
678 3449 791 3520 λβνο
850 3469 869 3500 t
933 3449 1054 3502 ’Ότι
1105 3448 1269 3519 εὐθὴς
1319 3451 1350 3503 6
1402 3450 1574 3516 Λόγος
1606 3450 1699 3503 τοῦ
1742 3452 1970 3523 Κυρίου,

479 3667 596 3739 (16)
635 3667 871 3739 Fratres.
904 3667 1081 3723 Galat.
1109 3682 1183 3739 vt,
1210 3667 1264 3723 1.

508 3739 598 3807 17)
638 3738 888 3807 Spiritus.
924 3739 1054 3808 Sap.
1077 3755 1117 3802 ι,
1146 3738 1199 3794 5.

396 3806 608 3891 ’-(18)
636 3807 894 3891 Primum.
925 3806 1037 3863 Cur
1078 3808 1141 3862 τὸ
1185 3808 1420 3891 πρῶτον,
1469 3809 1525 3864 id
1566 3817 1703 3891 est‘t
1731 3809 1975 3891 primoq-

411 3879 646 3942 dixerit,
683 3879 922 3935 divinare
957 3895 1061 3934 non
1114 3882 1284 3933 ausim
1308 3920 1322 3941 ,
1361 3894 1487 3935 cum
1521 3895 1626 3933 una
1663 3889 1866 3935 tantum
1912 3880 1984 3934 sit

415 3951 567 4008 Pauli
601 3950 931 4019 Epistolaad
961 3949 1255 4004 Romanos.
1285 3950 1366 4003 An
1399 3965 1520 4004 eam
1547 3960 1673 4004 ante
1707 3950 1840 4005 alias
1869 3960 1981 4004 tre-

411 4024 591 4103 decim
642 4020 1147 4103 scriptamputavit
1216 4019 1516 4103 Didymus}
1565 4020 1648 4103 An_
1685 4022 1820 4103 ideo
1874 4021 1980 4103 ait,

419 4115 437 4143 ι
467 4094 668 4163 primo,
690 4108 709 4141 ι
732 4091 871 4157 quod
886 4090 1083 4144 similia
1112 4090 1357 4158 legantur
1386 4090 1437 4143 in
1466 4090 1565 4158 Ep.
1583 4091 1650 4143 ad
1680 4090 1798 4145 Gal.
1823 4105 1899 4151 IV,
1924 4091 1979 4155 5,

414 4164 472 4219 6.
500 4165 582 4240 At:
610 4175 747 4240 vero
772 4159 972 4228 aliquid
998 4160 1273 4240 {librario
1311 4161 1572 4240 omissunm
1587 4160 1992 4240 fortjicienttts?

491 4231 605 4299 (t9)
645 4227 969 4299 Quicunque.
1005 4229 1164 4283 Rom.
1193 4244 1325 4294 vin,
1371 4230 1551 4287 14-16.
1582 4227 1773 4285 Graeca
1823 4231 1993 4286 editio

421 4298 519 4370 pro
546 4303 681 4354 Ὅτι.
731 4298 1131 4370 γὰρέλάὸετε,
1169 4309 1223 4353 ει
1267 4300 1519 4368 reliquis,
1570 4300 1731 4355 habet
1767 4301 1830 4354 οὐ
1885 4301 1995 4371 γὰρ

420 4371 651 4426 ἐλάϐετε
688 4369 903 4441 πνεῦμα
933 4370 1181 4441 δουλείας
1211 4369 1372 4425 πάλιν
1397 4372 1476 4434 εἰς
1515 4369 1699 4438 φόϐον,
1733 4371 1847 4424 ἀλλ’
1870 4370 1995 4425 ἐλά-

422 4445 572 4506 ϐετε,
596 4452 652 4497 ει
678 4440 1044 4511 caetera.Quo
1070 4440 1225 4511 mpdo
1256 4441 1381 4510 legit
1405 4452 1459 4495 et
1489 4441 1771 4511 theologus
1806 4451 1990 4497 noster

421 4528 651 4583 segmrn.
682 4510 745 4564 74
764 4511 791 4563 b
813 4520 869 4565 et
891 4510 997 4565 216
1020 4510 1071 4565 b.
1112 4508 1552 4583 Passion—ieiunum
1584 4508 1715 4583 vero
1744 4513 1984 4566 codicem

427 4580 559 4637 sitio
604 4583 693 4636 hic
743 4595 847 4635 non
892 4596 1079 4636 carere
1107 4580 1401 4634 verisimile
1446 4590 1549 4636 est.
1584 4580 1719 4635 Nam
1752 4584 1987 4650 primunt

422 4655 527 4709 etsi
557 4653 814 4721 Didymus
842 4650 1135 4719 capitulum
1160 4651 1327 4705 hocce
1350 4652 1717 4707 detruncando
1742 4653 1992 4706 breviare

426 4724 664 4778 voluisse
699 4730 934 4791 putetur,
976 4721 1131 4775 valde
1160 4721 1353 4773 durum
1397 4731 1571 4775 tamet:
1602 4730 1688 4776 est
1720 4721 1871 4786 illud,
1911 4723 1993 4775 ὅτι

425 4796 565 4865 τάρή
602 4791 799 4865 deinde
820 4792 930 4865 _ubi
964 4806 1071 4865 una
1097 4794 1415 4865 eademque
1460 4792 1676 4865 v_ox_bis
1705 4804 1989 4858 occurrat,

430 4860 682 4917 nt'dictio
712 4860 933 4914 ἐλάϐετε
964 4861 1066 4916 hoc
1092 4861 1149 4931 in
1184 4861 1325 4928 loco,
1355 4862 1617 4931 contingit
1638 4877 1752 4931 non
1783 4878 1907 4916 raro
1934 4872 1994 4916 ut

432 4932 639 5056 Ηιπῖιίἰ
669 4948 694 4985 a
731 4933 910 5001 priore
938 4934 1007 4986 ad
1055 4930 1313 4997 alteram,
1362 4930 1702 4987 interniediis
1752 4932 1992 4999 omissis,

468 5020 546 5056 εει
572 5011 700 5056 tant.

431 5004 700 5058 desiliam.

506 5071 617 5142 (20)
656 5074 720 5125 In
755 5088 875 5142 quo.
904 5070 1102 5139 Ephes.
1132 5086 1170 5135 ι,
1202 5069 1289 5135 15,
1303 5069 1411 5142 di.

508 5139 618 5210 (Si)
656 5139 913 5197 Christus.
949 5142 1129 5198 Galat.
1154 5157 1237 5207 ιιι,
1267 5139 1336 5195 15
1360 5179 1376 5205 ,
1431 5139 1519 5195 14.

508 5212 619 5283 (22)
656 5212 940 5268 Habentes.
975 5212 1016 5265 ll
1038 5213 1174 5283 per.
1200 5226 1283 5283 tv,
1307 5212 1394 5265 15.

508 5280 622 5352 (25)
664 5283 850 5352 ﬂebis.
880 5283 994 5352 [ad
1023 5280 1150 5337 Cor.
1179 5297 1240 5344 tt,
1267 5282 1356 5335 10.

507 5350 621 5426 (24)
660 5350 892 5426 Fidelis.
918 5350 1036 5406 Non
1077 5352 1133 5406 in
1181 5352 1353 5420 Epist.
1377 5352 1443 5407 ad
1476 5351 1770 5426 Romanos,
1821 5353 1913 5406 sed
1944 5355 2000 5407 in

423 5423 450 5480 Ι
476 5423 547 5478 ad
576 5428 702 5477 Cor.
728 5438 769 5487 ι,
800 5424 995 5493 9,7haec
1022 5431 1259 5486 exstant,
1287 5438 1351 5477 es
1383 5438 1489 5493 qua
1517 5424 1774 5491 Didymus
1801 5427 1913 5493 ipse
1938 5441 1999 5478 ea

426 5493 628 5563 citavit
652 5508 822 5563 segtn.
848 5492 918 5547 40
941 5508 995 5545 a.

507 5562 625 5634 (25)
666 5561 737 5615 Et
771 5577 1066 5631 cognosces.
1097 5561 1252 5634 Deut.
1278 5578 1377 5628 vn,
1404 5562 1459 5617 9.
1488 5563 1545 5618 in
1570 5561 1664 5620 Gr.
1694 5566 1824 5619 edit.
1853 5565 2005 5619 deest

428 5633 826 5706 τοι-σήμερον,
852 5635 1038 5706 ἰιΙ-ειιξΔ
1054 5650 1073 5683 ι
1101 5633 1277 5688 hodie.
1300 5659 1320 5706 ι

508 5696 887 5777 (ξιξίᾚίάείὶε.
915 5701 1264 5777 μεθιεειιιιν,
1298 5703 1364 5757 14
1394 5702 1519 5773 (seu.
1541 5705 1650 5777 15).

509 5772 626 5843 (27)
665 5772 1005 5843 Principalis.
1056 5772 1444 5843 Haedictione
1494 5772 1720 5830 utuntur
1764 5785 2001 5839 veteres,

436 5855 500 5902 ut
522 5842 770 5901 Graecam
804 5845 1128 5915 ἡγεμονικός
1177 5842 1363 5900 Latine
1398 5854 1626 5902 vertant.
1657 5847 1841 5917 Itaque
1875 5845 2005 5902 Ter-

2087 3371 2290 3426 rectus,
2311 3361 2472 3433 126
2493 3357 2946 3430 quemadmodum
2966 3355 3132 3410 David
3156 3355 3211 3409 in
3240 3370 3271 3409 ι.
3299 3352 3506 3423 psalmo
3552 3350 3685 3422 (28).

2082 3453 2391 3508 conﬁtetur.
2411 3452 2693 3521 Similique
2714 3449 2874 3504 modo
2902 3457 3013 3503 tum
3034 3445 3243 3501 PSaltes
3272 3444 3324 3498 in
3347 3443 3667 3514 127nm

2094 3670 2352 3727 tullianus
2380 3672 2431 3724 in
2475 3671 2615 3727 libro
2640 3670 2718 3725 De
2758 3670 2958 3733 anima,
2992 3682 3112 3736 cap.
3142 3665 3229 3726 15.
3273 3664 3352 3720 sic
3381 3664 3619 3733 loquitur
3646 3677 3667 3718 :

2088 3760 2107 3793 ι
2140 3742 2396 3797 Summus
2425 3741 2478 3797 in
2506 3741 2686 3796 anima
2716 3741 3009 3810 gradus,...
3038 3738 3180 3807 quod
3207 3736 3668 3810 _ﬁyepoytx6v.ap-

2085 3812 2307 3880 pellant,
2341 3812 2391 3866 id
2427 3820 2511 3867 est
2561 3807 2870 3881 principale.
2895 3829 2913 3860 ι
2949 3809 3172 3881 Et_cap.
3198 3808 3266 3860 15
3291 3824 3371 3881 τι
3393 3807 3668 3881 Dispicere

2083 3876 2357 3952 superest,
2388 3876 2763 3953 principalitas
2786 3881 2876 3953 ubi
2907 3881 2996 3943 sit,
3028 3879 3080 3931 id
3115 3887 3218 3941 est,
3247 3876 3488 3953 quidcui
3524 3892 3663 3953 praef

2085 3946 2199 4019 esi;
2222 3971 2241 4005 ι
2276 3946 2417 4007 etin
2459 3946 2598 4007 libro
2627 3954 2748 4005 adv.
2781 3949 3181 4019 Hermogenem,
3215 3963 3333 4019 cap.
3363 3946 3397 4001 4
3425 3964 3438 4000 :
3476 3963 3495 4019 ι
3526 3948 3667 4013 Quid

2089 4017 2407 4093 principale,
2440 4023 2541 4076 nisi
2573 4023 2714 4089 quod
2744 4036 2920 4093 super
2938 4017 3114 4093 omnia
3129 4017 3163 4072 ?.
3201 4018 3492 4093 nisi__quod
3531 4026 3667 4093 ante

2087 4086 2392 4158 omttia',.et
2438 4107 2504 4147 ex
2545 4086 2653 4161 quo
2704 4086 2964 4147 omnia?»
3004 4089 3120 4143 Alia
3168 4103 3235 4142 ex
3281 4086 3403 4161 aliis
3440 4086 3669 4161 scripto-

2089 4164 2238 4218 ribus
2270 4163 2387 4218 loca
2421 4158 2616 4216 aii'erre
2664 4174 3131 4230 supervacaneum
3156 4168 3260 4214 est.
3299 4158 3472 4230 Unum
3523 4159 3665 4230 dun-

2090 4243 2239 4286 taxat
2265 4249 2330 4287 ex
2364 4232 2550 4288 lrenaei
2590 4228 2744 4287 libro‘
2768 4246 2827 4285 tn
2858 4232 2977 4285 adn.
3008 4231 3219 4295 lueret,
3249 4245 3365 4298 cap.
3399 4228 3468 4298 5,
3489 4228 3669 4298 pla_cet

2089 4302 2403 4373 adiungere.
2435 4301 2509 4357 lbi
2562 4304 2681 4373 haec
2708 4302 2996 4373 leguntur:
3037 4318 3059 4373 ι
3087 4300 3165 4353 Ad
3199 4295 3340 4353 hanc
3385 4295 3530 4373 enim
3564 4295 3667 4349 Ec-

2090 4368 2313 4428 clesium
2357 4376 2575 4442 (nempe
2622 4372 2687 4424 ad
2747 4368 3069 4439 Romanam)
3131 4380 3349 4439 propter
3399 4368 3665 4442 potietfm

2093 4436 2541 4513 principalitatem
2590 4456 2808 4496 necesse
2851 4452 2934 4495 est
2974 4436 3529 4513 oninenrconvenire
3562 4436 3664 4491 Et:-

2018 4499 2062 4553 Ῑ)
2092 4499 2333 4576 ἒΙεείιιιίι,
2373 4514 2474 4568 hoc
2505 4522 2610 4577 est,
2651 4526 2745 4567 eos
2783 4513 2875 4580 qui
2927 4519 3054 4564 sunt
3089 4509 3344 4577 undique,
3374 4508 3558 4580 ﬁdeles
3600 4524 3660 4561 ει

2096 4585 2184 4637 ubi
2233 4585 2475 4652 plerique
2509 4582 2724 4652 codices
2758 4577 2887 4636 mss.
2922 4595 3018 4652 pro
3071 4598 3088 4630 t
3121 4580 3382 4652 potiorem
3409 4596 3428 4630 ι
3466 4577 3669 4652 habent

2099 4673 2117 4704 ι
2148 4650 2526 4722 potentiorem.
2558 4671 2577 4703 ι
2614 4651 2858 4722 Clericus
2905 4650 3050 4704 nullo
3085 4650 3192 4704 alio
3222 4658 3539 4722 argumento
3582 4650 3671 4702 in-

2096 4719 2274 4786 nixus,
2316 4738 2478 4792 quam
2509 4737 2608 4776 suo
2654 4721 2707 4774 in
2753 4722 2936 4775 sedem
2988 4719 3470 4783 Romanatn’odio,
3497 4719 3669 4792 inter-

2096 4805 2300 4864 pretem
2337 4791 2431 4848 ait
2484 4799 2697 4864 vertere
2743 4792 3027 4864 debuisse,
3083 4810 3102 4842 ι
3129 4801 3347 4864 propter
3400 4791 3665 4860 potiorem

2098 4860 2496 4932 antiquitatem.
2520 4881 2539 4914 ι
2593 4860 2891 4916 Salmasius
2929 4877 3080 4927 vero,
3116 4877 3200 4932 ac,
3226 4861 3529 4917 Massuetus
3569 4875 3669 4930 pro

2103 4952 2121 4984 ι
2148 4931 2597 5003 principalitatem
2623 4951 2643 4985 ι
2682 4940 2872 5000 putant
2900 4932 3155 4986 Irenzeum
3172 4931 3360 4988 Graece
3382 4933 3671 5003 scripsisse

2097 5002 2475 5075 πρωτεῖον,Ῑᾲ
2522 5013 2608 5057 est
2660 5020 2680 5054 t
2712 5003 3041 5075 primatum_:
3071 5022 3090 5054 ι
3128 5018 3321 5071 nempe
3371 5002 3670 5075 Salmasius

2098 5071 2314 5143 quidem
2361 5072 2635 5143 ἐξαίρετον
2665 5075 2949 5142 πρωτεῖον,
2984 5071 3281 5127 “assuetus
3327 5086 3452 5127 vero
3499 5072 3671 5143 ὑπέρ-

2097 5142 2256 5215 τερον
2307 5142 2595 5216 πρωτεῖον.
2630 5144 2736 5216 Sed
2784 5145 3051 5216 quomodo
3084 5143 3326 5216 [renatus
3362 5142 3670 5216 scripserit,

2103 5212 2285 5268 tandiu
2324 5212 2474 5269 certo
2521 5214 2681 5267 statui
2732 5230 2835 5267 non
2882 5213 3099 5281 poterit,
3131 5214 3367 5278 quandiu
3418 5212 3669 5268 Grmcutn

2101 5285 2220 5355 ejus
2270 5285 2546 5351 exemplar
2588 5284 2640 5336 in
2674 5283 2845 5337 lucem
2878 5299 2998 5355 non
3047 5282 3672 5355 proferetur.__Attatneu

2104 5352 2148 5408 si
2182 5365 2302 5422 post
2336 5354 2490 5408 binos
2540 5356 2703 5407 hosce
2746 5354 3090 5409 doctissimos
3121 5355 3265 5408 viros
3314 5353 3446 5407 mihi
3492 5352 3674 5422 dicere

2104 5419 2232 5478 licet
2280 5428 2422 5494 quod
2462 5425 2659 5490 sentio,
2704 5423 2958 5477 Irenaeum
2998 5424 3172 5493 potius
3206 5437 3337 5477 voce
3379 5419 3673 5492 ἡγεμονίαν

2106 5511 2261 5548 usum
2303 5494 2655 5565 crediderim,
2697 5508 2859 5565 quam
2910 5509 3042 5549 voce
3071 5496 3356 5565 πρωτεῖον.
3392 5494 3673 5545 Veteribus

2106 5567 2248 5617 enim
2294 5564 2708 5619 translatoribus
2735 5563 2924 5619 Grazt-a
2961 5565 3028 5618 ad
3061 5563 3283 5619 verbum
3315 5563 3426 5616 fere
3460 5571 3676 5613 verten-

2108 5636 2250 5689 tibus
2293 5635 2533 5688 solemne
2573 5644 2676 5697 est,
2724 5644 2785 5688 ut
2827 5635 2914 5688 ubi
2957 5637 3009 5687 in
3068 5650 3255 5690 vocem
3292 5629 3592 5702 ἡγεμονίαν
3622 5638 3674 5682 ει

2107 5704 2433 5775 ἡγεμονικόν
2483 5704 2746 5771 incidunt,
2781 5722 2800 5755 ι
2833 5705 3282 5775 principalitatem
3306 5710 3586 5775 avertunt,
3621 5708 3674 5753 ει

2187 5846 2297 5919 (98)
2340 5846 2403 5901 In
2432 5862 2462 5900 ι.
2492 5844 2710 5917 psalmo.
2742 5842 2896 5902 γει-ε.
2925 5843 2992 5898 15
3018 5854 3071 5900 ct
3098 5842 3189 5899 11.
3380 5780 3677 5841 Ρῑιυειρθιε
