4082 6446
300 343 377 399 δτι
1384 364 1472 421 DE
1511 365 1886 422 TRINITATE
1923 363 2133 421 LIBER.
2174 361 2562 420 SECUNDUS.
3519 359 3625 416 ‘73

310 460 588 539 δυνὰμεως
615 476 726 530 καὶ
757 478 1090 553 ἁγιασμοῦ.
1127 480 1261 536 Οὐδὲ
1287 481 1394 553 γὰρ
1439 483 1602 552 φύσει
1629 484 1803 540 ταῦτα
1827 503 1899 539 κα

2062 492 2147 549 ast,
2200 497 2320 553 quae
2372 482 2698 551 homonyme
2763 487 2858 534 aut
2922 491 3239 549 synonyme,
3292 486 3350 533 et
3397 491 3498 548 per
3542 479 3627 534 lo-

323 559 463 628 ":mE
504 562 881 640 ὓπάρχουσι-
932 572 1082 628 κατὰ
1122 574 1405 643 σύγκρισιν
1446 573 1502 627 δὲ
1540 575 1634 629 τοῦ
1676 576 1846 631 κακοῦ
1881 577 1945 630 τὸ

2062 575 2323 631 :utionum
2372 572 2753 630 similitudines
2793 570 2906 625 Deo
2956 569 3101 623 Patri
3156 569 3505 638 conveniunt,
3570 578 3628 626 et

337 656 553 728 ἀγαθὸν,
582 660 684 715 xciv.
711 662 816 716 τοῦ
847 664 1275 737 ἁμαρτήματος,
1308 666 1473 737 ἦτουν
1497 667 1591 719 τοῦ
1622 666 1850 732 πάθους,
1879 668 1943 719 τὸ

2062 667 2337 737 unigenito
2367 665 2487 733 ejus
2518 663 2675 729 Filio,
2715 663 2806 731 qui
2846 662 3118 717 similibus
3154 661 3462 717 nominibus
3496 676 3628 716 con-

353 753 496 823 am.
530 752 833 808 τέτακταιο
871 757 935 809 τὸ
963 756 1075 828 γὰρ
1117 755 1190 828 μὴ
1221 756 1338 811 λίαν
1363 758 1531 811 κακὸν
1562 759 1654 812 καὶ
1681 759 1942 830 ἁμαρτω-

2062 759 2438 823 :elebrantur,
2489 756 2679 811 eadem
2733 754 2925 810 eodem
2977 752 3138 807 modo
3189 752 3353 807 etiam
3400 752 3630 823 Spiritui

355 847 458 909 λδν,
488 846 650 917 ήτουν
687 846 961 917 ἐμπαθὲς,
993 848 1194 915 ἀγαθὸν
1220 850 1312 901 καὶ
1362 848 1517 916 ἆγιον
1545 848 1730 903 ἐνθάδε
1768 866 1937 921 προσ-

361 938 589 1009 simtu.
630 936 721 999 Ὦς
773 938 887 1009 γὰρ
930 939 1101 992 κακία
1148 937 1243 991 καὶ
1288 937 1557 1009 ἁμαρτία,
1585 939 1747 1009 ἧτουν
1774 937 1945 1002 πάθος

367 1030 461 1082 καὶ
485 1028 754 1099 ἀδυναμία
799 1027 896 1100 [58
915 1027 972 1101 a]
993 1073 1004 1087 .
1038 1030 1094 1081 ὲν
1132 1027 1210 1098 τῷ
1242 1028 1322 1081 ἐνὶ
1355 1027 1498 1100 ἁγίῳ
1540 1028 1819 1099 Πνεύματι
1847 1028 1945 1098 οὐχ

368 1121 697 1193 εὑρίσκεται,
734 1119 830 1174 ἅτε
864 1121 1148 1192 ἀγενήτῳο
1183 1119 1356 1184 οὓτως
1405 1121 1463 1173 ἐν
1508 1120 1683 1174 οὐδενὶ
1712 1120 1821 1173 τῶν
1847 1136 1945 1188 γε-

373 1216 559 1286 νητῶν,
586 1215 649 1268 τὸ
672 1214 879 1283 ἀγαθὸν
905 1213 1000 1268 καὶ
1033 1214 1187 1283 ἅγιον
1213 1212 1308 1266 καί
1335 1211 1559 1267 δυνατὸν
1592 1212 1732 1265 κατὰ
1763 1212 1824 1265 τὸ
1850 1211 1943 1265 τέ-

371 1306 528 1369 λειον,
562 1303 699 1358 ἀλλὰ
737 1302 882 1357 κατὰ
910 1304 1198 1374 μετουσίαν
1218 1321 1232 1334 ⁸
1256 1305 1391 1357 ὅπου
1428 1302 1486 1356 δὲ
1508 1299 1746 1375 οὐδαμοῦ
1770 1302 1943 1356 ταῦτα

368 1394 511 1448 κατὰ
554 1393 615 1447 τὸ
657 1394 877 1459 τέλειον,
921 1393 1155 1465 οὐδαμοῦ
1192 1393 1259 1447 ’τὸ
1294 1394 1578 1466 ἀγένητον.
1624 1392 1793 1448 Ἔνθα
1836 1394 1945 1463 γὰρ

365 1487 580 1552 σκότος,
608 1485 847 1558 οὐδαμοῦ
872 1485 934 1539 τὸ
962 1486 1078 1555 φῶς
1096 1503 1109 1515 ο
1136 1487 1231 1541 καὶ
1266 1504 1285 1537 t
1314 1486 1449 1539 ὅπου
1474 1483 1592 1551 νὺξ,
1620 1485 1718 1557 οὐχ
1738 1486 1944 1558 ἡμέρα.

363 1580 530 1633 Ὀθεν
554 1599 573 1632 ι
604 1579 845 1649 (εἴρηται
889 1578 984 1631 καὶ
1025 1577 1103 1649 τῷ
1140 1578 1315 1650 Ἑρμῇ
1344 1576 1426 1648 τῷ
1451 1577 1680 1648 ἐπίκλην
1705 1578 1946 1650 Τρισμε-

356 1674 582 1745 γίστῳ)
644 1672 945 1726 «ἀδύνατον
1003 1672 1063 1724 ὲν
1117 1672 1326 1740 γενέσει
1370 1667 1510 1725 εἶναι
1558 1669 1838 1739 τάγαθὸν,
1889 1673 1947 1725 ἐν

360 1768 520 1838 μόνῳ
559 1767 617 1819 δὲ
659 1764 737 1836 τῷ
774 1765 1041 1836 ἀγενήτῳ.
1086 1764 1297 1835 ’Ὠσπερ
1337 1763 1395 1816 δὲ
1427 1764 1688 1833 μετουσία
1724 1763 1947 1817 πάντων

2049 860 2244 907 sancto
2275 848 2568 904 convenire
2597 865 2610 900 :
2659 862 2781 918 quae
2808 862 2939 903 vero
2963 847 3031 902 de
3060 845 3323 900 creaturis
3352 844 3627 910 dicuntur,

2045 956 2109 997 ea
2145 943 2198 997 in
2239 939 2504 1011 Spiritum
2540 950 2790 995 sanctum
2822 939 3016 994 eodem
3055 940 3214 993 modo
3244 952 3349 992 non
3380 936 3619 1006 quadra-

2046 1045 2126 1098 re,
2181 1031 2286 1086 etsi
2329 1029 2589 1085 nonnulla
2616 1030 2910 1099 aliquando
2938 1029 3003 1084 de
3044 1029 3314 1084 creaturis
3353 1026 3489 1097 ipsis
3539 1026 3621 1081 di-

2046 1134 2132 1179 cta
2189 1122 2554 1189 inveniamus,
2588 1137 2712 1192 qua:
2756 1123 3099 1191 homonyme,
3149 1120 3253 1175 hoe
3309 1127 3412 1186 est,
3462 1132 3628 1175 sensu

2051 1211 2213 1283 plane
2236 1212 2473 1279 diverso,
2510 1213 2578 1268 de
2623 1211 2831 1281 Spiritu
2882 1221 3073 1267 sancto
3103 1210 3290 1266 itidem
3335 1209 3628 1265 enuntian-

2049 1314 2158 1361 tur.
2197 1304 2310 1360 Etsi
2352 1304 2497 1361 enim
2540 1318 2635 1359 eas
2663 1320 2857 1360 nomen
2888 1304 3108 1376 aliquod
3154 1314 3247 1359 aut
3304 1302 3629 1359 vocabulum

2048 1412 2174 1453 cum
2233 1398 2345 1453 Deo
2395 1412 2686 1454 commune
2741 1398 2954 1453 habere
3018 1399 3422 1460 concedamus,
3484 1410 3632 1451 eom-

2054 1505 2272 1546 munem
2330 1499 2511 1546 tamen
2561 1505 2684 1545 cum
2755 1489 2876 1561 ipso
2926 1505 3032 1547 non
3086 1490 3290 1545 habent
3346 1488 3633 1558 potestatis

2049 1591 2104 1638 et
2142 1582 2602 1639 sanctilicationis
2655 1583 2949 1638 essentiam
3026 1591 3189 1650 atque
3241 1580 3633 1651 operationem.

2048 1671 2183 1742 Ipsa:
2203 1674 2347 1727 enim
2390 1687 2458 1729 ne
2504 1682 2635 1728 sunt
2666 1673 2883 1743 quidem
2936 1688 3005 1727 ex
3033 1686 3219 1727 earum
3253 1681 3448 1727 natura
3478 1670 3639 1725 abso«

2050 1765 2166 1819 lute
2207 1765 2343 1836 (60),
2376 1766 2472 1822 sed
2499 1766 2866 1835 comparative
2909 1766 3165 1820 dicuntur
3203 1764 3360 1820 bona:
3396 1772 3452 1818 et
3512 1776 3639 1816 san-

358 1858 485 1909 ὲστὶ
548 1859 616 1927 τῇ
680 1854 782 1927 ὕλη
829 1853 1110 1925 δεδομένη,
1162 1852 1308 1906 οὕτω
1373 1853 1469 1906 καὶ
1516 1850 1612 1906 τοῦ
1663 1852 1892 1921 ἀγαθοῦ.
1920 1872 1941 1906 ι

2062 1865 2152 1912 sta:
2178 1874 2193 1910 :
2220 1857 2474 1912 nimirum
2510 1866 2753 1927 spectato
2777 1857 2947 1922 malo,
2974 1856 3132 1911 dictas
3182 1866 3312 1911 sunt
3340 1856 3533 1918 bona;
3573 1865 3640 1907 ac

358 1950 581 2003 ratione
636 1947 814 2002 habita
859 1946 1062 2016 peccati
1089 1946 1203 2001 sive
1239 1945 1527 2015 passionis,
1596 1955 1798 2000 vocata:
1835 1956 1962 2001 sunt
2008 1958 2210 2005 sanctae
2260 1966 2275 2003 :
2320 1950 2463 2020 quod
2510 1949 2656 2005 enim
2690 1949 2845 2004 valde
2878 1948 3076 2002 malum
3119 1961 3225 2002 non
3258 1955 3362 2007 est,
3391 1959 3490 2000 nec
3514 1957 3640 2014 pec-

358 2035 506 2096 c:ttis
538 2039 908 2107 inquinatum,
971 2045 1066 2091 aut
1123 2036 1464 2107 passionibus
1509 2036 1746 2091 deditum
1793 2036 1928 2108 (61),
1977 2038 2027 2093 id
2074 2039 2276 2095 bonum
2327 2050 2384 2094 et
2450 2049 2695 2095 sanctum
2741 2040 2794 2093 in
2830 2037 3003 2093 allatis
3032 2037 3165 2092 locis
3214 2035 3372 2106 13o
3399 2034 3643 2089 denomi-

361 2138 555 2182 natum
578 2127 726 2183 fuit:
760 2142 881 2182 nam
944 2126 1341 2196 sicutnequitia
1399 2135 1455 2182 et
1510 2137 1814 2195 neccatum,
1869 2129 1987 2184 sive
2032 2131 2214 2199 passio
2282 2140 2338 2186 et
2390 2130 2702 2201 impotentia
2759 2131 2813 2185 in
2869 2130 2960 2185 illo
3009 2128 3213 2198 Spiritu
3265 2134 3487 2191 sancto,
3547 2122 3640 2193 qui

362 2238 509 2277 unus
542 2228 646 2288 est,
687 2235 793 2276 non
838 2221 1129 2290 reperitur,
1170 2228 1356 2290 utpote
1404 2220 1682 2274 increato:
1735 2220 1815 2275 sic
1864 2219 1920 2275 in
1956 2221 2101 2276 nulla
2140 2238 2208 2277 ex
2276 2225 2437 2279 rebus
2491 2222 2690 2278 creatis
2738 2223 2986 2287 bonitas,
3057 2228 3152 2275 aut
3199 2219 3501 2285 sanctitas,
3550 2222 3644 2270 aut

360 2317 608 2383 potentia
657 2316 927 2371 invenitur
952 2314 1191 2386 perfecto
1237 2316 1435 2383 modo,
1470 2315 1563 2370 sed
1608 2323 1813 2370 tantum
1862 2330 1929 2371 ex
1975 2318 2406 2388 participatione.
2456 2318 2555 2375 Ubi
2608 2327 2788 2374 autem
2834 2318 2952 2373 haec
3002 2329 3343 2385 nequaquam
3374 2311 3645 2367 exsistunt

361 2409 611 2477 perfecto
645 2409 824 2473 modo,
855 2408 929 2464 ibi
958 2421 1300 2477 nequaquam
1352 2415 1437 2462 est
1484 2407 1785 2461 inereatum
1823 2423 1836 2459 :
1878 2406 1970 2462 ubi
2005 2408 2149 2462 enim
2179 2418 2303 2464 sunt
2332 2409 2589 2474 tenebrae,
2644 2408 2718 2464 ibi
2774 2409 3088 2478 neutiquam
3137 2414 3221 2462 est
3248 2405 3341 2459 lux
3368 2420 3384 2469 ;
3412 2412 3467 2457 et
3503 2418 3523 2453 ι
3555 2399 3645 2455 ubi

358 2514 451 2558 est
506 2517 636 2566 nox,
669 2501 739 2557 ibi
771 2516 872 2555 non
927 2510 1011 2556 est
1069 2500 1205 2557 dies.
1237 2501 1577 2571 Quapmpter
1611 2519 1630 2552 ι
1658 2499 1859 2571 (inquit
1902 2502 1986 2558 vel
2057 2504 2172 2573 ipse
2215 2504 2442 2561 Hermes
2482 2506 2596 2576 (62)
2631 2508 3001 2575 cognomento
3039 2498 3445 2571 Trismegistus)
3477 2515 3496 2549 ι
3526 2494 3645 2550 ﬁeri

363 2597 563 2669 nequit
612 2603 672 2650 ut
714 2596 771 2650 in
808 2596 1146 2665 generatione
1188 2595 1260 2650 sit
1306 2596 1542 2661 bonum;
1596 2594 1693 2651 sed
1737 2596 1789 2650 in
1836 2596 1954 2651 solo
2006 2598 2247 2657 increato
2284 2616 2406 2657 esse
2442 2610 2637 2672 potest.
2698 2600 3074 2675 Sicutautem
3121 2598 3363 2654 omnium
3420 2591 3645 2666 partici-

371 2692 523 2758 patio
545 2697 626 2743 est
652 2690 891 2743 materia:
912 2689 1059 2752 data,
1094 2688 1174 2743 sic
1198 2698 1254 2741 et
1294 2687 1443 2742 boni.
1488 2707 1508 2740 ι

428 2785 661 2855 Ὅμοιον
692 2783 871 2837 τοίνυν
899 2786 994 2838 καὶ
1026 2784 1139 2837 ἴσον
1164 2784 1225 2837 τὸ
1248 2783 1401 2852 ἄτιον
1443 2782 1669 2854 Πνεῦμα
1721 2782 1818 2854 τῆς
1854 2782 1950 2837 τοῦ

367 2875 587 2946 [πατρὸς
619 2874 715 2928 καὶ
765 2872 858 2928 τοῦ
906 2875 1243 2944 Μονογενοῦς
1285 2875 1567 2946 θεότητος·
1602 2877 1695 2929 καὶ
1732 2876 1799 2929 ἐκ
1855 2876 1955 2947 τῆς

368 2967 478 3019 τῶν
533 2966 787 3020 τοιούτων
842 2966 1117 3020 δείκνυται
1174 2968 1431 3041 κρίσεως,
1490 2968 1625 3022 αὐτὸ
1672 2970 1744 3040 τῇ
1792 2967 1954 3039 φύσει

369 3052 619 3124 ἁγιότης,
655 3053 749 3108 καὶ
799 3053 1092 3126 ἅγαθότης,
1139 3056 1232 3109 καὶ
1274 3055 1502 3129 δύναμις
1553 3057 1820 3128 ὑπάρχον,
1860 3059 1957 3112 ἆτε

371 3145 431 3195 ἒν
463 3144 523 3195 ὃν
558 3145 621 3196 ὲκ
661 3142 754 3197 τοῦ
793 3143 931 3207 ἑνός.
980 3146 1132 3198 Ἐπεὶ
1168 3146 1302 3217 πρὸς
1340 3146 1440 3218 τὴν
1474 3146 1698 3201 ἐκείνων
1734 3150 1951 3220 ὲρισχε-

371 3233 491 3287 λίαν
523 3233 650 3287 οὔτε
678 3237 706 3288 6
736 3234 1086 3303 ἁγαθώτατος
1116 3235 1208 3289 καὶ
1240 3236 1367 3289 ἵλεω
1395 3234 1492 3307 τὴν
1527 3235 1689 3305 φύσιν
1715 3237 1844 3301 Υἱὸς
1870 3236 1950 3289 ἔτι

380 3325 582 3393 ἀγαθὸς
615 3326 767 3380 ἔσται
785 3345 802 3359 ·
832 3327 1021 3399 ἐπειδὴ
1054 3328 1128 3397 μὴ
1164 3330 1542 3398 συνηνωμένον
1571 3328 1683 3400 ἔχει
1710 3329 1792 3390 τὸ,
1815 3351 1831 3380 ι
1858 3322 1954 3393 Εἷς

374 3419 510 3482 Θεὸς
528 3434 544 3447 ·
568 3438 589 3471 ι
621 3418 743 3473 οὔτε
785 3420 888 3492 μὴν
917 3423 947 3474 6
983 3419 1491 3492 φιλανθρωπότατος
1516 3423 1610 3476 καὶ
1641 3421 1762 3486 ὅλος
1799 3422 1958 3485 ἵλεως

374 3510 568 3580 Πατὴρ
592 3510 687 3563 καὶ
711 3513 739 3564 6
768 3511 892 3574 Υἱὸς
915 3510 1127 3577 ἕξουσιν
1150 3511 1395 3583 ἐπίσημα
1423 3514 1491 3566 τὰ
1518 3532 1623 3585 μνη
1632 3513 1957 3583 μονευθέντα

373 3604 617 3675 ὀνόματα
665 3604 763 3674 τῆς
805 3604 1086 3677 θεότητοςσ
1132 3606 1269 3660 ἀλλὰ
1311 3608 1404 3660 καὶ
1435 3607 1503 3660 δι’
1546 3607 1726 3660 αὐτῶν
1761 3607 1957 3660 ὑποϐι-

374 3696 740 3767 εασθήσονται
764 3691 894 3761 οἷον,
924 3698 1000 3762 ὡς
1027 3697 1146 3763 ἔθος
1167 3698 1346 3753 λαλεῖν
1371 3701 1689 3771 αἱρετικοῖς,
1722 3702 1802 3762 εἰς
1827 3700 1955 3762 τοὺς

370 3790 698 3861 ὁμωνύμους
748 3793 916 3863 ἡμᾶς.
961 3791 1135 3845 ’Ὶλαθι
1185 3792 1262 3858 δὲ,
1320 3794 1452 3862 ἁγία
1511 3793 1702 3865 Τριάς.
1756 3792 1897 3845 Ἀλλ’
1929 3795 1958 3846 6

376 3882 525 3947 Υἱὸς,
556 3882 737 3954 φησὶν,
771 3882 1274 3955 συναπογεννηθεὶς,
1305 3884 1545 3954 ἔμφυτον
1568 3883 1681 3954 ἔχει
1704 3883 1802 3955 τὴν
1825 3885 1960 3952 ἁγα-

376 3975 600 4044 οότητα,
657 3977 750 4027 καὶ
788 3974 858 4028 τὰ
902 3975 1038 4029 ἄλλα
1082 3977 1185 4030 ὅσα
1231 3978 1259 4029 6
1301 3978 1512 4048 Πατήρ.
1560 3975 1721 4029 Ἀλλὰ
1760 3976 1854 4029 καὶ
1898 3975 1960 4028 τδ

377 4068 539 4133 ἆγιον
595 4065 822 4137 Πνεῦμα
878 4068 1328 4138 συνεκπορευθὲν,
1383 4066 1524 4121 κατὰ
1574 4067 1739 4136 φύσιν
1798 4068 1948 4120 ἐστὶν

381 4156 604 4223 ἀγαθὸν,
633 4156 729 4208 καὶ
780 4157 880 4210 ὅσα
916 4158 945 4209 ὁ
980 4155 1113 4219 Θεὸς
1165 4158 1375 4227 Πατήρ.
1411 4158 1474 4211 El
1524 4158 1624 4229 μὲν
1677 4153 1771 4211 οὖν
1824 4158 1955 4228 περὶ

385 4248 492 4299 τῶν
531 4247 801 4318 τυχόντων
831 4249 865 4319 ἢ
906 4247 1175 4318 βιωτικῶν
1220 4249 1562 4319 πραγμάτων
1602 4244 1671 4321 ἦν
1704 4249 1887 4311 αὐτοῖς
1922 4251 1955 4320 ἡ

385 4340 639 4404 διάλεξις,
667 4340 843 4405 καλῶς
864 4340 927 4394 ἂν
953 4341 1135 4403 αὐτοῖς
1162 4340 1275 4393 ἐσθ’
1302 4341 1389 4394 ὅτε
1418 4341 1574 4412 χρεία
1598 4341 1807 4409 ἐγίνετο
1831 4356 1892 4394 συ
1902 4358 1962 4410 μ-

387 4432 650 4485 πλάσσειν
683 4431 881 4504 μύθους
907 4432 1082 4497 τινὰς.
1107 4433 1201 4485 καὶ
1235 4433 1639 4504 Ἀριστοτελικῇ
1666 4432 1824 4504 δῆθεν
1847 4432 1960 4485 δει-

387 4528 567 4597 νότητι
586 4528 681 4581 καὶ¹
701 4530 768 4598 τῇ
791 4529 846 4580 ὲν
863 4527 1040 4596 λόγοις
1064 4528 1248 4600 τέχνῃ,
1273 4528 1349 4591 ὡς
1365 4528 1648 4598 Εὑνόμιος,
1674 4528 1961 4599 περιστρὲ-

2109 2781 2294 2851 Itaque
2310 2780 2573 2851 Spiritum
2592 2788 2841 2835 sanctum
2859 2778 3060 2834 deitate
3077 2777 3309 2833 similem
3333 2790 3478 2842 esse,
3494 2787 3549 2833 et
3571 2793 3647 2834 ax-

2052 2874 2267 2945 qualem
2285 2873 2452 2939 Patri,
2468 2881 2631 2941 atque
2646 2870 2957 2942 Unigenito,
2974 2884 3043 2925 ex
3068 2869 3256 2924 talium
3268 2870 3648 2938 etiamjudicio

2053 2966 2387 3032 ostenditur,
2412 2980 2535 3020 cum
2560 2964 2678 3034 ipse
2704 2979 2771 3020 ex
2793 2974 2987 3017 natura
3010 2977 3105 3018 sua
3128 2962 3200 3017 sit
3216 2970 3270 3016 et
3286 2964 3570 3028 sanctitas,
3592 2973 3649 3020 et

2056 3060 2303 3125 bonitas,
2335 3065 2390 3113 et
2421 3056 2682 3128 potentia,
2728 3056 2928 3126 quippe
2965 3055 3057 3124 qui
3102 3063 3187 3109 est
3216 3069 3357 3109 unus
3398 3068 3466 3109 ex
3511 3068 3639 3109 uno.

2062 3150 2316 3220 Alioquin
2374 3162 2444 3203 ne
2488 3148 2604 3218 ipse
2632 3147 2848 3215 quidem
2879 3156 3071 3200 natura
3099 3144 3335 3215 optimus
3365 3153 3420 3198 et
3466 3144 3649 3213 propi-

1978 3270 2022 3328 ο
2064 3243 2168 3299 tius
2191 3242 2304 3313 (65)
2339 3240 2508 3296 Filius
2558 3239 2733 3294 bonus
2761 3238 2885 3303 erit,
2921 3237 2964 3291 si
3016 3236 3232 3291 illorum
3266 3234 3642 3289 ratiocinatio-

2060 3329 2556 3399 nemcavillationis
2608 3326 2721 3397 (64)
2749 3335 2803 3381 et
2825 3324 3145 3394 pervicaeize
3167 3322 3378 3391 plenam
3405 3318 3650 3374 attende.

2060 3439 2182 3478 ntus
2220 3442 2234 3477 :
2265 3422 2518 3492 quoniam
2544 3419 2890 3490 coniunctum
2926 3432 3030 3470 non
3065 3415 3229 3470 habet
3257 3414 3408 3478 illud,
3443 3431 3462 3464 t
3494 3411 3650 3468 Unus

2062 3514 2220 3568 Deus.
2260 3531 2279 3563 »
2316 3511 2455 3579 Quin
2492 3511 2599 3565 imo
2642 3507 3064 3578 benignissimus
3114 3520 3241 3574 erga
3278 3503 3526 3558 homines
3568 3511 3651 3556 to-

2062 3615 2257 3675 tusque
2283 3603 2547 3673 pr0pitius
2566 3600 2730 3657 Pater
2755 3615 2817 3654 ac
2856 3597 3030 3652 Filius
3051 3612 3119 3652 ne
3153 3596 3500 3651 characteres
3529 3593 3653 3663 qui-

2072 3697 2193 3751 dem
2236 3695 2355 3749 illos
2397 3694 2673 3749 habebunt
2716 3701 2878 3762 atque
2911 3688 3143 3759 insignia
3190 3687 3431 3752 deitatis,
3464 3684 3653 3755 qualia

2059 3794 2186 3841 sunt
2233 3785 2453 3839 nomina
2493 3799 2615 3855 quae
2661 3780 3253 3837 commemoravimus:
3292 3777 3385 3832 sed
3418 3791 3515 3846 per
3561 3792 3653 3830 ea-

2061 3879 2183 3933 dem
2231 3877 2450 3932 nomina
2491 3874 2863 3945 deprimentur
2888 3871 3088 3936 veluti,
3129 3878 3190 3924 ut
3233 3868 3379 3939 loqui
3400 3877 3653 3938 iconsue-

2060 3979 2259 4025 verunt
2282 3968 2542 4034 haeretici,
2569 3968 2634 4023 ad
2669 3975 2909 4022 nostram
2957 3964 3235 4018 hominum
3260 4002 3276 4028 ,
3311 3960 3403 4031 qui
3445 3958 3525 4015 eis
3549 3959 3652 4013 ho-

2062 4064 2301 4135 monymi
2342 4078 2553 4125 sumus,
2597 4061 2702 4115 hoc
2729 4070 2838 4125 est,
2901 4059 3088 4113 eadem
3118 4071 3239 4111 cum
3277 4056 3406 4124 ipsis
3438 4054 3655 4108 nomina

2063 4159 2344 4223 habemus,
2378 4155 2762 4211 conditionem.
2812 4150 2940 4205 Mihi
2983 4165 3115 4205 vero
3140 4149 3218 4205 sic
3263 4147 3501 4215 loquenti
3532 4161 3657 4214 pro-

2061 4250 2192 4321 pitia
2212 4259 2330 4303 esto
2369 4254 2552 4301 sancta
2582 4244 2841 4299 Trinitas.
2883 4244 2953 4295 At
2980 4258 3082 4295 non
3121 4240 3308 4294 eodem
3337 4239 3498 4292 modo
3529 4236 3654 4291 boni

2065 4357 2165 4397 nos
2192 4341 2446 4405 dicimur,
2483 4353 2590 4409 quo
2630 4338 2804 4392 bonus
2836 4345 2921 4391 est
2966 4334 3155 4397 Filius,
3181 4341 3235 4387 et
3266 4330 3499 4400 Spiritus
3523 4345 3653 4383 san-

2065 4444 2183 4489 ctus
2217 4431 2352 4503 (65).
2392 4430 2563 4486 Filius
2588 4430 2733 4484 enim
2776 4443 2897 4481 cum
2934 4427 3007 4481 ita
3046 4426 3117 4481 sit
3149 4424 3380 4494 genitus,
3416 4431 3475 4476 ut
3529 4436 3654 4475 cum

2061 4525 2316 4596 genitore
2335 4524 2579 4585 exsistat,
2602 4522 2763 4575 habet
2796 4534 2860 4573 ex
2891 4520 3004 4588 ipsa
3032 4525 3243 4584 natura,
3263 4516 3377 4569 sive
3394 4513 3656 4577 essentia,

387 4635 512 4684 ςειν
548 4620 609 4673 τὸ
651 4621 900 4690 πρᾶγμα,
939 4620 1031 4673 καὶ
1059 4620 1371 4685 συσκιάζειν
1412 4619 1510 4692 τὴν
1537 4619 1797 4691 ἀλήθειαν
1820 4638 1833 4651 ·
1864 4619 1958 4674 νῦν

2069 4618 2387 4680 bonitatem,
2422 4623 2479 4669 et
2512 4613 2614 4667 alia
2642 4625 2974 4682 quazcunque
3009 4608 3171 4663 habet
3201 4606 3383 4661 Pater.
3418 4603 3497 4659 Ac
3535 4601 3658 4671 Spi-

462 4752 576 4823 (60)
619 4752 882 4807 Absolule.
932 4753 1121 4810 Grzece
1173 4754 1295 4809 καθ’
1344 4755 1520 4821 ἅπαξ·
1571 4756 1716 4825 quod
1780 4756 1969 4809 eodem

392 4839 455 4878 se
472 4839 572 4876 usu
604 4826 799 4889 Sa'pius
829 4825 956 4876 dit-it
993 4825 1250 4892 Didymus
1283 4827 1442 4880 inlih.
1472 4824 1593 4879 adv.
1623 4824 1967 4879 Manicltwos.

466 4895 577 4963 (61)
619 4893 957 4965 Pauiqnibus
1010 4897 1265 4948 deditum.
1319 4896 1373 4949 In
1427 4895 1639 4957 Graeco,
1685 4895 1966 4965 ἐμπαθὲςο

397 4978 504 5031 qua
537 4978 669 5036 voce
699 4964 1082 5036 eodemisensu
1125 4980 1254 5019 usus
1284 4974 1367 5036 est
1405 4967 1664 5036 Didymus
1711 4964 1763 5019 in
1790 4980 1963 5036 iCOIIl-

399 5030 754 5105 nten‘tariisin
786 5030 1025 5089 Psalmos
1056 5037 1123 5090 ad
1160 5049 1299 5090 vers.
1328 5035 1362 5089 5
1412 5030 1605 5104 psalmi
1632 5049 1727 5100 cu,
1752 5035 1840 5090 ubi
1868 5036 1970 5105 ἑμ-

398 5102 549 5172 παθῆ
599 5103 952 5174 ζωήνᾼνοοοι
1007 5124 1026 5156 ι
1054 5106 1217 5159 vitam
1256 5102 1598 5172 passionibus
1650 5102 1915 5169 deditam,
1943 5124 1962 5157 ι

400 5186 612 5247 nempe,
628 5172 706 5247 ut
726 5172 862 5228 alias
888 5174 1154 5247 loquitur,
1180 5176 1282 5247 οὐκ
1310 5176 1516 5247 ἀπαθῆ.
1826 5245 1834 5247 _
1980 5222 1983 5223 ν

470 5242 580 5314 (62)
619 5241 1148 5316 Ηενηιεεηιιοίιυίιυι·
1178 5246 1437 5316 Didymus
1468 5241 1537 5301 ex
1564 5245 1969 5316 communihper

393 5329 459 5366 ea
510 5323 747 5382 tempora
795 5315 1084 5382 opinione,
1128 5325 1188 5369 ut
1224 5314 1315 5369 alii
1368 5317 1530 5370 etiam
1586 5314 1795 5369 Patres.
1837 5314 1969 5369 Vide

392 5393 555 5438 notas
578 5385 656 5455 ad
684 5398 857 5455 segm.
889 5385 992 5439 139
1020 5385 1083 5455 b.
1103 5385 1273 5439 Verba
1307 5400 1488 5453 porro.
1516 5401 1635 5455 quae
1670 5385 1756 5439 hic
1785 5383 1964 5446 aﬂ‘ert,

388 5462 611 5508 exstant
644 5453 739 5508 lib.
766 5469 844 5515 vn.
875 5470 996 5525 pag.
1027 5454 1096 5508 14
1142 5456 1399 5509 editionis
1440 5453 1808 5525 Fer—ruriettsis
1836 5472 1851 5508 :
1884 5464 1968 5525 ast

391 5527 465 5578 ibi
488 5539 602 5597 pro
628 5524 883 5597 αγενὴτῳ
913 5525 1106 5594 legitur
1143 5525 1442 5597 ἀγεννήτῳ,
1489 5536 1549 5597 et
1592 5540 1688 5593 pro
1703 5524 1975 5597 δεδομένη

386 5595 591 5667 legitur
642 5594 945 5667 δεδεμένη’
998 5594 1439 5667 quaypostrfnia
1493 5595 1747 5667 editionis
1815 5594 1978 5667 lectio

393 5665 527 5748 inihi
577 5663 1016 5748 quidemnminus
1051 5663 1698 5748 arridet.-Tottt.shitaque
1729 5664 1880 5748 locus
1922 5664 1975 5717 in

397 5733 996 5823 ferrariensisditie'rs
1025 5734 1408 5823 acamas:
1432 5733 1751 5823 "timetis
1768 5735 1973 5823 ivisse

398 5751 722 5823 rerrarrens't
748 5751 996 5791 editione
1026 5751 1105 5789 sue
1124 5751 1180 5818 se
1213 5751 1371 5789 nauet
1395 5753 1408 5788 :
1445 5751 1609 5815 05:06
1637 5751 1746 5805 γαρ
1768 5751 1973 5856 apage,

396 5807 621 5882 ουόαμου
654 5805 793 5874 νυξ·
831 5805 974 5860 ὅπου
1021 5802 1079 5855 δὲ
1109 5804 1235 5870 νυξ,
1281 5804 1409 5858 οὑδα
1486 5825 1516 5859 υ
1573 5805 1775 5875 ἡμέρα.
1838 5812 1879 5857 U
1917 5820 1975 5856 εν

396 5877 642 5929 ἀδύνατον
670 5882 734 5929 ἐν
771 5875 1000 5929 γενέσει
1029 5868 1164 5928 εἶναι
1191 5874 1249 5929 τὸ
1278 5823 1497 5929 Mediis.
1529 5878 1584 5929 ἐν
1633 5892 1777 5929 μονω
1804 5874 1858 5928 δὲ
1898 5873 1975 5929 τῶ

387 5868 642 5938 ἀδύνατον
670 5868 753 5935 ἐν
771 5875 1000 5950 γενέσει
1029 5868 1164 5928 εἶναι
1190 5868 1249 5929 τὸ
1278 5868 1497 5945 ἀγαθον,
1529 5868 1777 5946 ἐν”μόνῳ
1804 5874 1858 5928 δὲ
1898 5873 1976 5943 τῷ

2079 4750 2619 4821 ἁγεννήτῳτὫσπερ
2651 4747 2706 4800 δὲ
2761 4745 3023 4821 μετο-υσία
3060 4743 3287 4821 παντων
3333 4742 3450 4821 ἐστὶ
3490 4742 3548 4793 ὲν
3588 4742 3657 4811 τῇ

2080 4764 2380 4821 ἀγεννὴς-ῳ.
2411 4764 2619 4819 ἰισπερ
2651 4764 2706 4800 οε
2761 4764 3023 4869 μετουσία
3069 4764 3287 4797 παντων
3333 4764 3450 4794 εστι
3490 4764 3548 4793 εν
3588 4764 3657 4811 τη

2080 4821 2182 4893 ὕλῃ
2210 4820 2493 4893 δεδεμένη,
2521 4819 2666 4893 οὕτω
2688 4835 2779 4893 καΔ
2817 4815 2911 4893 τοῦ
2943 4814 3170 4893 ἀγαθοῦἷ
3212 4812 3340 4879 Quae
3375 4815 3454 4866 sic
3487 4824 3659 4893 trans-

2084 4882 2205 4946 tul't't
2258 4882 2582 4945 Franciseus
2633 4887 2901 4941 Patricius
2948 4882 3029 4939 ει
3066 4884 3166 4939 Ubi
3222 4896 3452 4950 namque
3519 4882 3656 4947 dies,

2084 4962 2271 5016 nullibi
2310 4975 2435 5014 nox.
2483 4957 2584 5014 Ubi
2620 4974 2750 5013 vero
2790 4972 2917 5019 nox,
2959 4956 3146 5008 nullibi
3187 4953 3323 5007 dies.
3360 4952 3517 5009 Unde
3550 4951 3656 5003 itu-

2078 5032 2335 5102 possibile
2381 5040 2466 5085 est
2512 5027 2955 5102 inMgeneratione
3000 5040 3123 5102 esse
3168 5025 3427 5102 bpnum,_
3454 5023 3547 5076 sed
3601 5021 3656 5102 in

2076 5094 2191 5156 solo
2240 5103 2502 5172 ingenito.
2547 5094 2859 5172 Siéut_vero
2890 5094 3249 5172 _par_ticipatio
3283 5094 3525 5148 omnium
3571 5100 3658 5147 est

2075 5172 2132 5226 in
2174 5167 2396 5225 tuateria
2433 5169 2762 5239 illigata,sic
2796 5178 2851 5221 et
2889 5167 3036 5239 boni.
3063 5184 3083 5217 ι

2170 5242 2260 5307 65)
2309 5234 2600 5307 Propitius.
2636 5238 2765 5292 Vide
2795 5246 2908 5307 not.
2938 5236 2991 5295 5.
3020 5249 3143 5303 pag.

2170 5243 2260 5307 65)
2309 5243 2600 5307 Propitius.
2637 5243 2765 5292 \‘ide
2795 5246 2908 5289 not.
2938 5243 2991 5295 5.
3020 5249 3143 5303 pag.
3170 5243 3261 5289 89.

2146 5243 2259 5383 (64)
2300 5308 2688 5383 (Σαυὲιίαιὶοηὶδ.
2736 5308 2789 5360 In
2820 5306 3010 5360 Graeco
3041 5302 3370 5383 ερισχελίαν,
3400 5315 3655 5383 qu:e__vox

2079 5374 2256 5436 Attica
2297 5392 2400 5433 est.
2450 5379 2737 5444 Disputant
2768 5377 3143 5446 grammatici,
3192 5374 3372 5446 utrum
3414 5374 3659 5446 scriben-

2074 5456 2200 5506 dum
2241 5442 2666 5523 si_t_épsa'xei.iat,
2710 5442 2793 5523 an:
2826 5444 3303 5523 verospzoxq‘Mu,
3355 5461 3422 5523 an
3478 5442 3659 5509 potius

2083 5514 2394 5593 ὲρισχηλία,
2432 5514 2512 5593 οιῖ
2535 5522 2748 5573 demum
2777 5514 3075 5593 ὲρισχελία.
3108 5514 3227 5593 Ego
3249 5514 3659 5593 lectionem-co-

2085 5581 2240 5647 dicis"
2255 5581 2474 5656 retinui,
2505 5581 2935 5661 controversiam
2970 5590 3108 5640 hanc
3140 5581 3263 5640 aliis
3300 5581 3657 5661 dirimendum

2088 5664 2424 5729 relinquens,
2461 5648 2642 5728 neque
2694 5659 2857 5712 ullam
2891 5671 2958 5710 ex
3009 5664 3241 5725 quatuor
3298 5652 3407 5706 illis
3463 5648 3660 5704 [omnis

2085 5746 2340 5799 respuere
2374 5734 2596 5786 audens.
2817 5744 2821 5748 '

2159 5790 2273 5872 (65)
2312 5801 2378 5854 At
2429 5817 2534 5854 non
2582 5800 2756 5872 eodem
2782 5838 2794 5851 .
2825 5836 2839 5849 .
2861 5835 2873 5849 .
2910 5794 3142 5865 Spiritus
3195 5801 3426 5847 sanctus.
3448 5790 3654 5872 illrum

2085 5860 2287 5942 aliquid
2320 5872 2373 5926 in
2416 5872 2605 5927 Graeco
2643 5860 2978 5925 desideretur
3049 5875 3169 5933 post
3217 5880 3397 5918 vetem
3448 5860 3657 5932 Τριἐιξ,
