4082 6448
449 366 558 424 479

1693 375 1931 432 DIDYMI
1973 379 2443 436 ALEXANDRINI

3611 397 3716 453 480

451 482 585 536 ritus
624 491 842 538 sanctus
865 482 1045 538 itidem
1074 501 1196 541 cum
1229 487 1299 542 ita
1329 491 1604 558 procedat,
1646 501 1706 547 ut
1739 495 1788 548 ei
1826 497 2022 552 coexsi-

2140 499 2195 552 δὲ
2262 498 2502 552 διδάσκει
2583 501 2824 562 Παῦλος·
2863 520 2881 552 ι
2921 503 3047 556 Ἐὰν
3082 503 3155 575 μὴ
3195 505 3548 578 πιστεύσητε,
3606 513 3717 567 οὐδ’

441 585 592 631 stens
613 578 704 639 sit,
742 591 771 628 a
794 591 903 646 quo
930 581 1190 645 procedit,
1219 593 1406 636 natura
1440 583 1613 641 bonus
1648 587 1801 658 131
1838 596 1942 654 est,
1977 598 2022 645 et

2138 591 2198 644 οὐ
2226 591 2301 662 μὴ
2326 591 2419 663 [58
2459 593 2511 665 ὁ]
2558 595 2750 664 συνῆτε
2772 612 2786 625 ·

440 674 524 720 est
573 668 753 720 omnia
806 684 927 738 quae
953 679 1037 724 est
1079 669 1219 727 Deus
1264 672 1446 729 Pater.
1487 674 1657 731 Porro
1701 679 1836 734 side
1873 680 2034 735 rebus

440 755 904 826 qualibuscunque
930 799 944 822 ,
986 773 1049 813 ac
1085 762 1236 830 parvi
1282 765 1580 830 momenti,
1637 775 1730 820 aut
1784 769 1852 822 de
1877 784 2032 823 mun-

441 849 594 900 dauis
616 848 726 918 (66)
770 850 997 920 negotiis
1020 851 1367 920 dissererent,
1404 853 1614 912 fabulas
1650 857 1860 928 aliquas
1911 875 2030 928 pos-

443 945 564 990 sent
621 938 891 993 interdum
952 939 1091 996 belle
1145 944 1494 1016 contingere,
1566 959 1728 1018 atque
1794 951 2030 1007 Aristote

441 1027 545 1081 lico
609 1030 722 1101 (67)
787 1034 1070 1100 acumine,
1135 1047 1191 1091 et
1264 1036 1476 1093 dicendi
1531 1052 1695 1106 arte,
1747 1053 1804 1096 ut
1853 1042 2031 1100 Euno-

442 1121 581 1176 mius
653 1123 766 1196 (68)
814 1126 964 1193 fecit,
1032 1143 1146 1184 rem
1221 1141 1555 1198 pervertere,
1613 1147 1678 1188 ac
1736 1136 2023 1192 veritatem

438 1212 751 1270 obscurare.
780 1217 852 1270 At
879 1232 1009 1272 vero
1047 1219 1136 1274 hic
1163 1235 1267 1275 non
1304 1221 1374 1276 ita
1405 1237 1465 1277 se
1494 1238 1579 1278 res
1604 1225 1793 1292 habet;
1829 1225 2028 1282 Paulus

439 1303 583 1357 enim
619 1319 717 1361 uos
753 1308 909 1362 docet
949 1327 964 1364 :
1007 1328 1025 1361 ι
1065 1309 1121 1365 Si
1151 1327 1254 1366 nou
1291 1314 1631 1372 credideritis
1671 1317 1808 1388 (69),
1839 1334 1908 1374 ne
1946 1321 2027 1375 in-

441 1393 692 1464 telligetis
724 1397 985 1466 quidem;
1024 1420 1044 1452 ο
1085 1412 1178 1458 et:
1211 1420 1231 1453 ο
1270 1402 1542 1474 Sapientia
1585 1407 1697 1479 (70)
1748 1411 2026 1466 hominum

437 1485 662 1540 stultitia
704 1498 788 1543 est
826 1492 964 1560 apud
994 1493 1181 1549 Deum.
1222 1514 1240 1548 ι
1275 1495 1461 1568 Neque
1495 1513 1624 1557 vero
1657 1502 1839 1558 divina
1901 1518 2026 1559 ora-

439 1575 578 1641 cuia,
641 1595 760 1648 qum
802 1582 870 1634 de
903 1582 1104 1654 inclyto
1157 1586 1360 1655 Spiritu
1407 1590 1718 1660 loquuntur,
1761 1603 1816 1649 et
1861 1611 2025 1665 supra

440 1667 704 1725 humanas
765 1673 1205 1734 ratiocinationes
1243 1689 1386 1748 sunt,
1421 1684 1674 1753 captiosis
1721 1687 2026 1756 sophisma-

441 1758 586 1814 tibus
649 1761 866 1819 eludere
897 1765 980 1822 l‘as
1026 1778 1111 1823 est
1146 1791 1158 1826 :
1189 1785 1314 1825 nam
1359 1785 1549 1830 sancto
1581 1778 1794 1845 quidem
1850 1779 2025 1850 Spiri-

441 1851 513 1904 tui
575 1853 897 1924 vituperatio
930 1875 1034 1915 non
1075 1874 1252 1929 nocet,
1289 1880 1460 1936 neque
1484 1868 1859 1924 haereticorum
1893 1886 2018 1940 per-
2055 1854 2098 1909 Β

438 1957 621 2010 peram
667 1948 1014 2004 sentientium
1064 1955 1304 2010 convicia
1333 1957 1447 2029 (⁸71)
1483 1967 1537 2013 et
1604 1970 1898 2015 scomrnata
1937 1961 2020 2016 ul-

441 2045 522 2088 tra
567 2037 680 2108 (72)
724 2055 884 2098 aures
943 2047 1360 2116 progrediuntur
1410 2068 1425 2104 :
1467 2052 1557 2121 qui
1606 2066 1735 2108 vero
1761 2067 1825 2108 ea
1859 2069 2018 2108 usur-

437 2139 568 2195 pant
593 2169 609 2196 ,
642 2134 1023 2202 sempiternum
1053 2141 1439 2196 cruciabuntur
1477 2143 1588 2215 (75)
1613 2185 1628 2210 ,
1675 2154 1729 2200 et
1773 2146 2022 2204 similiter

436 2221 831 2286 quodammodo
878 2225 1106 2295 faciunt,
1164 2247 1229 2286 ac
1298 2234 1342 2288 si
1391 2237 1512 2305 quis
1542 2239 1595 2291 in
1639 2237 1779 2292 hanc
1821 2239 2019 2307 lucem,

2839 614 2856 646 ι
2891 596 3004 663 καὶ,
3041 615 3058 647 ι
3091 598 3154 650 Ἠ
3185 599 3345 667 σοφία
3364 601 3472 653 τῶν
3501 602 3716 675 ἀνθρώ-

2133 700 2251 736 πων
2282 686 2464 756 μωρία
2517 687 2665 758 παρά
2697 686 2774 757 τῷ
2803 687 2940 758 Θεῷ.
2965 708 2983 740 ι
3030 689 3137 742 Καὶ
3159 689 3219 741 οὐ
3247 693 3352 762 χρὴ
3378 691 3444 744 τά
3472 695 3715 764 περὶτοῦ

2133 775 2345 840 ἐνδόξου
2394 777 2710 847 Πνεύματος
2750 778 2927 846 λόγια,
2962 779 3032 832 τὰ
3065 780 3287 850 μείζονα
3313 783 3589 855 λογισμῶν
3618 789 3714 839 ἁν-

2133 866 2447 937 θρωπίνων,
2494 869 2974 937 κατασοφίζεσθαι.
3020 872 3095 924 Οὐ
3137 873 3246 943 γὰρ
3288 871 3515 941 βλάπτει
3546 876 3712 947 ψόγος

2131 961 2190 1013 τὸ
2222 961 2374 1029 ἅγιον
2404 961 2627 1030 Πνεῦμα
2646 979 2658 992 ο
2686 960 2807 1013 οὐδὲ
2840 961 3151 1033 περαιτέρω
3177 964 3277 1034 τῆς
3313 967 3483 1036 ἀκοῆς
3512 969 3711 1038 προέρ-

2131 1070 2312 1122 χονται
2341 1054 2389 1106 oi
2418 1052 2711 1123 ὀνειδισμοὶ
2765 1053 2858 1105 καὶ¹
2904 1052 2975 1105 τὰ
3022 1053 3327 1124 σκώμματα
3364 1057 3472 1110 τῶν
3501 1058 3709 1130 αἱρετι-

2131 1144 2263 1210 κῶν,
2308 1139 2388 1209 οἷς
2425 1144 2625 1215 ἐπῆλθε
2675 1145 2736 1198 τὸ
2775 1144 2994 1214 φαύλως
3038 1151 3256 1216 φρονεῖν
3279 1166 3293 1180 ·
3339 1149 3452 1203 ἀλλ’
3475 1153 3523 1204 οἱ
3559 1153 3704 1224 χρώ-

2133 1253 2284 1306 μενοι
2306 1237 2588 1300 τοιούτοις,
2617 1235 2901 1305 ἀπέραντα
2940 1239 3257 1308 πονήσουσι,
3299 1242 3393 1294 καὶ
3441 1243 3708 1314 πράξουσι

2131 1327 2490 1400 παραπλήσιά
2524 1344 2641 1390 πως
2667 1330 2779 1391 τοῖς
2811 1329 3179 1398 ἐπιχειροῦσιν
3207 1331 3596 1388 ἀποσκώπτειν
3624 1337 3706 1399 είς

2126 1419 2284 1472 τοῦτο
2306 1418 2368 1472 τὸ
2399 1421 2537 1488 φῶς,
2581 1419 2642 1472 τὸ
2678 1421 2743 1472 ὲκ
2783 1419 2876 1471 τοῦ
2903 1421 3198 1492 ἀπροσίτου
3226 1424 3401 1491 φωτὸς
3428 1427 3524 1498 τὴν
3553 1428 3705 1498 ἰσχὺν

2127 1505 2268 1576 ἔχον,
2299 1506 2393 1558 καὶ
2421 1508 2656 1576 μιαίνειν
2677 1510 2790 1570 τοῖς
2820 1508 3000 1576 λόγοις
3038 1510 3188 1564 αὑτό.
3214 1514 3498 1569 Πιστεύειν
3537 1516 3594 1568 δὲ
3625 1517 3707 1571 δεῖ

2124 1599 2224 1668 τὴν
2269 1591 2334 1651 ὲκ
2365 1598 2474 1652 τῶν
2501 1599 2672 1667 ἁγίων
2713 1599 3080 1667 διδασκαλίαν,
3120 1604 3218 1675 τῆς
3248 1608 3379 1676 παρ’
3402 1605 3703 1678 ἀνθρώπων

2125 1691 2346 1742 πλείονα
2388 1689 2650 1744 δύνασθαι
2693 1689 2791 1762 τὴν
2835 1691 2993 1756 δόξαν
3023 1695 3294 1764 ἐμποιεῖν.
3334 1698 3494 1768 Ἡμῖν
3526 1698 3700 1753 τοίνυν

2127 1781 2356 1854 ἁρμόζει
2381 1783 2608 1845 ἐκείνοις
2633 1782 3062 1852 ἐπιμέμφεσθαι,
3089 1786 3180 1838 τοῦ
3209 1787 3282 1858 μὴ
3307 1787 3373 1841 δι’
3397 1789 3700 1862 ὑπερϐολὴν

2127 1871 2360 1936 εὐνοίας,
2388 1871 2490 1941 τῆς
2530 1871 2660 1941 περὶ
2691 1871 2789 1942 τὴν
2832 1873 3036 1926 οἰκείαν
3075 1874 3307 1945 αἵρεσιν,
3335 1876 3620 1929 καθέλκειν
3641 1877 3701 1929 τό

2127 1981 2190 2031 γε
2216 1964 2303 2016 ἐπ’
2327 1963 2512 2025 αὐτοῖς
2536 1961 2595 2015 τὸ
2623 1961 2765 2014 θεῖον
2802 1964 2884 2026 είς
2913 1963 2980 2016 τὰ
3007 1964 3118 2017 τῶν
3155 1967 3464 2037 κτισμάτων
3508 1969 3704 2020 ἀποτε-

2127 2054 2373 2124 λέσματα
2411 2056 2533 2117 ταῖς
2575 2053 2928 2122 σοφιστείαις,
2980 2056 3072 2107 καὶ
3116 2055 3203 2108 διὰ
3259 2057 3462 2110 τούτων
3499 2057 3701 2112 τίκτειν

2128 2145 2406 2208 ἀπωλείας
2437 2144 2615 2216 ἔρωτα
2638 2148 2748 2210 τοῖς
2772 2146 3157 2219 ἁπλουστέροις
3181 2149 3275 2202 καὶ
3300 2149 3700 2220 ἀπειροτέροις,

2130 2240 2224 2292 καὶ
2256 2237 2517 2308 προάγειν
2542 2237 2622 2300 είς
2644 2237 2936 2307 ἐπιθυμίαν
2982 2239 3390 2310 ἁμαρτημάτων
3417 2238 3696 2310 μειζόνων.

435 2325 558 2379 qua:
586 2327 650 2366 ex
695 2316 808 2368 luce
879 2317 1230 2376 inaccessibili
1259 2325 1366 2379 vim
1409 2327 1590 2393 habet,
1629 2339 1922 2384 scummata
1953 2331 2202 2402 jaculari,
2256 2347 2321 2385 ac
2359 2346 2477 2383 eam
2506 2331 2846 2385 sermonibus
2889 2331 3172 2400 inquinare
3196 2334 3551 2401 aggrediatur.
3594 2332 3698 2387 Sed

437 2405 694 2475 majorem
767 2410 820 2462 in
859 2422 957 2462 nos
1008 2411 1231 2480 gloriam
1274 2431 1342 2470 ex
1395 2419 1640 2474 doctrina
1687 2435 1717 2474 a
1759 2421 1962 2477 sanctis
2015 2423 2328 2492 deprompta
2381 2419 2615 2474 derivari
2654 2420 2980 2475 credendum
3011 2431 3112 2485 est,
3145 2438 3304 2492 quam
3348 2439 3414 2478 ex
3455 2441 3515 2478 ea
3581 2441 3702 2495 qua:

436 2504 644 2558 raditur
700 2508 767 2559 ab
832 2509 1162 2567 hominibus.
1194 2511 1318 2567 lllos
1359 2529 1487 2583 ergo
1539 2530 1569 2569 a
1624 2515 1781 2572 nobis
1839 2519 2087 2588 redargui
2116 2516 2388 2580 convenit,
2424 2530 2492 2569 ne
2553 2515 2622 2571 ob
2685 2516 3076 2587 uimium,quo
3116 2517 3387 2587 propriam
3448 2519 3698 2576 hmresita

439 2612 856 2669 prosequuntur,
897 2619 1136 2662 amorem
1204 2609 1518 2677 sophisticis
1585 2615 1699 2666 suis
1759 2613 2264 2668 ratiocinationibus
2320 2612 2693 2676 divinitatem,
2744 2621 3004 2681 quantum
3038 2613 3253 2684 quidem
3302 2613 3356 2668 in
3421 2615 3550 2686 ipsis
3587 2627 3698 2682 est,

437 2693 500 2744 ad
519 2707 886 2751 creaturarum
916 2700 1073 2770 132
1103 2705 1456 2770 proprietates
1482 2715 1536 2759 et
1557 2708 1918 2762 conditionem
1950 2709 2252 2767 detrahant.
2279 2718 2441 2777 atque
2463 2710 2565 2763 hac
2594 2706 2804 2762 ratione
2830 2707 2981 2762 exitii
3005 2723 3242 2762 amorem
3284 2708 3699 2780 simplicioribus

446 2784 677 2857 iuusque
735 2803 970 2861 expertis
998 2808 1334 2866 ingenerent,
1365 2813 1428 2853 ac
1452 2799 1569 2854 Illos
1607 2801 1672 2854 ad
1697 2802 1960 2872 majorum
1995 2802 2296 2858 facinorum
2324 2811 2380 2856 et
2408 2800 2668 2856 scelerum
2703 2799 3029 2855 desiderium
3065 2800 3340 2857 inducant.

1083 2888 1236 2945 CAP.
1283 2888 1372 2946 Ν.

437 2975 517 3027 De
566 2975 829 3051 hrpreticis
871 2979 960 3051 qui
999 2979 1150 3051 aiunt
1185 2995 1205 3034 :
1250 2980 1484 3049 Spiritus
1533 2990 1617 3037 est
1657 2982 1831 3051 Deus;
1874 2999 2011 3051 quo-

507 3046 669 3125 modo
693 3046 1152 3125 au_tem‘_Spirit_us
1189 3046 1409 3125 sanctus
1437 3061 1614 3121 potest
1660 3067 1782 3110 esse
1818 3046 2012 3125 'Spiri-

506 3125 592 3170 tus
633 3115 903 3187 Spiritus?
934 3131 981 3172 et
1018 3119 1256 3190 reliqua.'

504 3207 706 3264 Verum
755 3209 857 3280 ipsi
895 3227 982 3276 ea,
1014 3228 1132 3281 qua:
1163 3213 1450 3283 simplicia,
1487 3223 1542 3271 et
1587 3225 1759 3281 recta,
1806 3228 1862 3272 et
1893 3231 2015 3286 per-
2040 3223 2084 3282 (ς

437 3299 578 3356 iecta
616 3311 761 3368 sunt,
827 3304 1158 3374 rejicientes,
1206 3320 1272 3361 ac
1327 3321 1608 3362 sacrorum
1655 3307 2007 3364 oraculorum

433 3419 632 3496 quidve
673 3423 891 3496 proprie
921 3423 1024 3496 sibi
1061 3423 1346 3496 velitillud
1378 3424 1566 3496 φησιν,
1596 3425 1739 3492 quod
1775 3440 1897 3478 mox
1932 3439 2015 3480 se-

435 3491 642 3566 quitur,
698 3491 904 3560 judicet
953 3495 1144 3566 lector.
1203 3491 1463 3566 Equidem
1527 3491 1802 3566 neflocus
1851 3496 2016 3551 nimis

437 3561 733 3635 perplexus
781 3572 944 3635 atque
992 3561 1280 3635 obscurus'
1324 3562 1504 3630 foret,
1555 3565 1735 3635 aliqua
1786 3565 1854 3622 de
1894 3581 2016 3622 meo

437 3631 639 3685 addere
675 3633 726 3685 in
765 3631 1120 3687 translatione
1154 3643 1377 3689 coactus
1404 3649 1548 3688 sum.

511 3699 623 3776 (66)
667 3701 972 3776 Mundauis.
1006 3704 1063 3759 lu
1098 3702 1290 3759 Graeco
1337 3703 1630 3774 βιωτικῶν.
1659 3705 1887 3776 Didymo
1915 3719 2014 3760 au-

440 3770 545 3841 tem
594 3770 847 3841 βιωτικός
889 3788 1032 3841 saepe
1072 3785 1156 3829 est
1194 3791 1214 3824 ι
1242 3770 1572 3838 mundanus,
1600 3794 1618 3825 ι
1657 3770 1820 3829 ευι’‹
1849 3791 2018 3831 saecu-

440 3840 636 3904 laris,»
671 3851 730 3895 ut
778 3843 832 3896 in
870 3840 1279 3899 commentariis
1316 3845 1372 3897 in
1403 3842 1646 3899 Psalmos
1671 3846 1738 3898 ad
1781 3861 1920 3899 vers.
1983 3844 2017 3899 5

440 3909 627 3985 psalmi
674 3913 971 3985 uttlkttbi
999 3914 1291 3985 Δμερίμνας
1339 3913 1598 3984 βιωτικάς
1633 3915 1765 3969 dicit
1807 3933 1825 3964 ι
1853 3930 2015 3969 curas

443 3981 760 4036 mundanas.
790 4001 814 4033 »ν
851 3983 915 4037 Ει
966 3981 1106 4037 ³ιὶὺῖ
1139 3981 1591 4049 ἑοῖ-ιιιιιέοτίριε,
1630 3987 1719 4050 qui
1755 3985 2016 4039 ecclesia—

442 4051 566 4126 stici
600 4053 907 4126 scriptores
944 4069 1046 4126 non
1082 4064 1241 4118 sunt,
1282 4063 1444 4107 vocat
1485 4053 1745 4124 βιωτικάς
1778 4071 2019 4126 συγγρα-

439 4123 566 4191 φάς,
599 4123 654 4194 id
679 4133 761 4178 est
799 4143 819 4175 ι
850 4123 1138 4194 smculares
1163 4123 1540 4194 scriptiones.»
1575 4126 1707 4180 Vide
1735 4135 1789 4180 et
1817 4123 2015 4180 librum

441 4195 581 4264 adv.
600 4193 858 4264 Mauich.,
895 4210 1016 4264 pag.
1043 4193 1170 4250 207.

514 4263 626 4334 (67)
667 4263 1020 4318 Aristotelico.
1073 4265 1344 4331 Quantum
1408 4263 1799 4324 Aristotelicze.
1854 4279 2017 4334 quam

441 4333 777 4400 excoluerat,
816 4334 1165 4404 philos0phize
1216 4335 1501 4404 principiis
1547 4333 1883 4389 inniteretur
1912 4335 2021 4389 Eu-

442 4405 676 4476 uomius,
712 4413 925 4460 constat
969 4420 1034 4460 ex
1071 4404 1315 4476 Gregorii
1353 4404 1766 4476 Nysscuiilibro
1795 4421 1844 4460 vt
1891 4419 2021 4459 cou-

444 4482 523 4527 tra
569 4475 717 4546 illum
751 4476 976 4543 scripto,
1009 4475 1317 4546 constatiex
1351 4475 1535 4546 Cyrilli
1571 4475 1859 4540 Thesauro,
1889 4488 2021 4546 con-

441 4554 550 4596 stat
579 4559 644 4598 ex
690 4543 972 4613 Augustini
1025 4545 1164 4599 libro
1211 4545 1289 4598 De
1336 4543 1646 4610 Iral'resibus,
1680 4554 1895 4598 coustat
1926 4545 2020 4613 dej-

443 4628 624 4680 tuum,
677 4625 736 4668 ut
783 4612 853 4670 de
904 4615 1023 4670 aliis
1057 4615 1310 4670 Patribus
1365 4617 1591 4681 sileam,
1645 4631 1710 4668 ex
1765 4612 2014 4668 Eunomii

443 4682 610 4754 ipsius
665 4683 800 4738 libro
847 4685 1204 4754 Apologelica.
1261 4686 1398 4750 Quin
1449 4686 1516 4740 de
1553 4688 1805 4738 munibus
1853 4699 2016 4754 gene-

443 4753 599 4824 ratim
632 4755 868 4824 Afriauis,
899 4753 1268 4820 Eunomianis,
1293 4765 1422 4822 etc.,
1445 4765 1846 4824 conqueruutur
1865 4753 2016 4807 illius

442 4823 622 4876 s:ccu|i
660 4823 869 4887 Patres,
917 4828 1057 4893 quod
1110 4826 1428 4881 dialecticas
1457 4823 1699 4893 argutias
1734 4840 1880 4879 sana:
1929 4833 2012 4876 at-

443 4893 907 4964 quegorthodoxae
950 4895 1254 4948 divinorum
1302 4897 1647 4951 oraculorum
1689 4895 2016 4964 interpreta-

447 4962 575 5016 tioni
625 4964 978 5018 anteferrent.
1021 4983 1040 5015 ι
1071 4965 1296 5020 Omnem
1333 4967 1475 5018 enim
1526 4966 1633 5017 vim
1679 4962 2012 5018 venenorum

442 5047 661 5103 suorum
695 5033 791 5098 (ait
817 5035 1135 5089 Ambrosius
1163 5037 1254 5088 lib.
1283 5051 1298 5088 l
1328 5035 1402 5089 De
1431 5034 1554 5100 ﬁde,
1580 5050 1698 5103 cap.
1727 5033 1783 5100 5)
1815 5034 1870 5086 iu
1901 5033 2019 5087 dia-

445 5099 634 5156 lectica
685 5104 1050 5172 disputatione
1104 5099 1460 5171 constituunt,
1509 5099 2018 5173 quas—philosopho-

448 5186 563 5224 rum
615 5175 886 5228 sententia
940 5175 1197 5229 delinitur
1247 5191 1350 5229 non
1415 5175 1691 5230 astruendi
1753 5175 1859 5226 vim
1919 5174 2016 5225 ha-

445 5241 588 5312 bere,
610 5245 714 5312 sed
736 5245 971 5298 studium
995 5246 1324 5300 destruendi.
1352 5263 1370 5295 ι
1399 5245 1526 5299 Vide
1546 5255 1655 5300 not.
1676 5243 1766 5307 65,
1787 5259 1905 5312 pag.
1922 5242 2012 5296 59.

514 5310 627 5384 (68)
671 5310 983 5384 Eunomius.
1026 5317 1080 5368 lu
1118 5316 1257 5369 vivis
1285 5315 1463 5368 adhuc
1499 5324 1616 5369 erat
1646 5310 1877 5369 infamis
1915 5314 2018 5367 iste

443 5380 582 5453 Aetii
608 5380 944 5452 'discipulus,
978 5385 1103 5439 dum
1143 5386 1256 5438 haec
1293 5385 1628 5440 dictarentur
1668 5401 1698 5439 a
1741 5384 1967 5453 Didyme
1998 5399 2012 5435 :

443 5452 573 5505 obiit
601 5453 744 5507 enim
778 5470 920 5508 anno
943 5456 1162 5509 circiter
1185 5454 1308 5509 394.

515 5522 626 5594 (69)
668 5522 726 5577 Si
766 5539 869 5576 non
907 5525 1258 5578 credideritis.
1281 5524 1396 5578 Non
1431 5523 1582 5578 Pauli
1611 5533 1736 5577 sunt
1762 5522 1894 5594 haec,
1921 5521 2014 5575 sed

445 5589 632 5647 Isaiae}
669 5602 884 5646 exstant
916 5607 1092 5648 autem
1125 5609 1243 5661 cap.
1266 5608 1379 5656 vn,
1431 5609 1574 5648 vers.
1605 5594 1661 5654 9,
1705 5593 1792 5646 ubi
1829 5591 2016 5644 Graeca

449 5663 615 5717 editio
650 5663 810 5716 habet
854 5663 976 5717 οὐδὲ
1004 5665 1077 5734 μή
1115 5678 1214 5734 pro
1242 5664 1440 5734 οὑδῗγού
1488 5664 1585 5733 μή.
1620 5661 2016 5734 Compluteusis

453 5747 580 5802 vero
646 5736 854 5785 συνεῖτε
909 5731 1017 5802 pro
1059 5731 1276 5802 συνῆτε.
1336 5731 1591 5802 Vulgatus
1648 5734 1743 5785 iut.
1799 5731 2010 5782 vertit:

453 5818 470 5849 ι
503 5801 558 5872 Si
601 5818 706 5857 nou
754 5801 1118 5867 credideritis,
1161 5801 1268 5857 non
1327 5801 1729 5872 permanebitis.
1763 5820 1782 5852 ι
1833 5805 2015 5868 Augu-

449 5871 623 5927 stiuus
673 5885 848 5929 autem
879 5874 932 5928 in
960 5874 1250 5929 Collatiam:
1295 5871 1411 5928 cum
1451 5871 1741 5927 Maximino
1792 5874 2012 5935 Ariona.

2791 2893 2930 2946 ΚΕΦ
2951 2893 3025 2946 Δ’.

2120 2984 2268 3056 ΠερὶΔ
2283 2983 2401 3037 τῶν
2422 2985 2721 3056 λεγόντων
2743 2984 3053 3054 αίρετικῶν
3071 3000 3085 3016 ’
3116 2985 3342 3056 Πνεῦμα
3368 2987 3396 3039 ὁ
3418 2986 3548 3049 Θεός
3563 3003 3579 3019 ο
3605 2989 3698 3041 καὶ

2193 3053 2310 3120 πῶς
2379 3055 2474 3106 τοῦ
2499 3053 2834 3129 ςΠνεύματος
2877 3056 3101 3127 Πνεῦμα
3155 3055 3215 3109 τὸ
3265 3053 3420 3125 ἆγιον
3471 3057 3700 3129 Πνεῦμά

2193 3129 2372 3192 tactv;
2417 3125 2515 3180 καὶ
2549 3125 2622 3179 τὰ
2651 3125 2854 3180 λοιπά.

2201 3217 2339 3271 Ἀλλ’
2388 3216 2843 3288 ἀποπεμπόμενοι
2894 3234 2992 3288 μεν
3033 3230 3104 3271 τα
3152 3217 3321 3281 ἁπλᾶ,
3378 3219 3472 3272 καὶ
3513 3219 3696 3285 εὐθέα,

2117 3310 2212 3364 καὶ
2252 3309 2465 3362 τέλεια·
2513 3309 2609 3362 καὶ
2675 3308 3186 3380 ἀνεπιστημοσύνης
3240 3310 3699 3380 ἀναπιμπλῶντες

2116 3439 2238 3494 pag.
2263 3423 2388 3490 676,
2436 3433 2568 3478 tom.
2601 3422 2718 3494 Ἧι(
2749 3442 2804 3494 τι
2833 3422 2898 3477 Et
2926 3423 3062 3487 scis,
3095 3441 3114 3494 ι
3138 3422 3326 3492 inquit,
3352 3442 3370 3475 ι
3399 3424 3585 3494 utique
3616 3425 3699 3481 di-

2117 3493 2261 3550 xisse
2283 3495 2595 3562 prophetam
2624 3511 2640 3550 :
2674 3493 2785 3548 Nisi
2805 3493 3169 3557 credideritis,
3196 3509 3300 3546 non
3319 3493 3686 3563 intelligetis.»

2190 3565 2301 3635 (70)
2344 3563 2640 3635 Sapientia.
2690 3564 2709 3618 l
2752 3563 2890 3635 _Cor.
2917 3564 3159 3635 311.19.
3221 3563 3334 3635 Sed
3366 3564 3553 3620 Graaca
3600 3567 3688 3620 ed.

2118 3631 2324 3689 habet:
2363 3635 2429 3686 Ἣ
2487 3633 2596 3704 γὰρ
2638 3632 2801 3703 σοφία
2849 3631 2943 3686 τοῦ
2989 3633 3196 3704 κόσμου
3246 3633 3458 3702 τούτου,
3512 3635 3564 3690 id
3615 3644 3701 3692 est

2132 3721 2152 3755 ι
2183 3706 2445 3770 sapientia
2475 3703 2618 3758 euiin
2653 3704 2813 3772 hujus
2847 3703 3052 3759 mundi.
3096 3703 3114 3755 ι

2191 3775 2304 3846 (71)
2345 3772 2612 3846 ροηυὶεἱα.
2655 3772 2800 3842 Lego
2826 3775 2876 3826 οἱ
2915 3773 3227 3846 ὀνειδισμοί,
3263 3771 3344 3825 vel
3389 3772 3459 3826 τὰ
3498 3773 3697 3846 όνείδη.

2191 3842 2305 3914 (7'2)
2351 3842 2525 3916 Ultra.
2553 3844 2734 3916 Codex
2767 3842 3070 3916 περετέρω.
3099 3842 3240 3916 Lego
3291 3844 3623 3916 περαιτέρω.

2192 3912 2306 3985 (75)
2345 3914 2760 3968 Cruciabuntur.
2791 3912 3131 3985 Accusantur
3175 3912 3494 3985 Origeuiani
3521 3912 3564 3985 a‘
3603 3912 3695 3968 lu-

2118 3981 2359 4039 stiuiano
2398 3987 2742 4051 imperatore,
2790 3983 2933 4052 quod
2975 3985 3348 4052 reproborumﬂ
3378 3983 3431 4035 in
3483 3981 3696 4037 inferno

2119 4055 2381 4124 supplicia
2429 4063 2633 4108 aeterna
2664 4051 2820 4124 frore
2864 4054 3196 4124 negaverint.
3261 4073 3280 4104 ι
3315 4051 3696 4124 ιΙυοηῳιοῳιε

2119 4122 2540 4193 ωορτίογειηιότί
2591 4123 2892 4193 adjuuguut
2933 4123 3130 4191 (inquit
3164 4123 3371 4193 ipsein
3419 4122 3557 4193 libro
3595 4123 3694 4193 qd-

2121 4192 2299 4249 tversus
2335 4192 2609 4261 Origeuem
2661 4194 2728 4247 ad
2789 4192 3056 4258 Menuam,
3106 4194 3171 4245 de
3225 4192 3564 4259 Origenianis
3610 4192 3694 4247 lo-

2120 4264 2314 4332 quens)
2371 4265 2560 4316 ducem
2611 4272 2665 4316 et
2747 4273 3035 4332 auctorem,
3073 4264 3334 4317 habentes
3385 4277 3692 4330 perversam

2119 4331 2236 4402 ejus
2267 4331 2485 4403 (nempe
2517 4333 2787 4403 Origenis)
2829 4331 3190 4400 disciplinam,
3229 4342 3288 4386 ut
3321 4333 3526 4403 dicant,
3573 4347 3690 4386 om-

2123 4400 2284 4457 nium
2304 4400 2589 4471 impiorum
2623 4400 2938 4466 'homiuum,
2974 4416 3038 4455 ac
3087 4411 3346 4471 praterea
3388 4400 3692 4455 daemonum

2121 4488 2337 4544 poenam
2383 4470 2548 4526 linem
2597 4473 2903 4544 habituram
2952 4470 3144 4544 esse._)
3199 4470 3405 4544 Similia
3442 4471 3694 4544 _de_0ri-

2122 4538 2257 4612 geue
2288 4543 2583 4611 scripserat
2621 4543 2678 4596 S.
2708 4542 3066 4612 Hieronymus
3101 4541 3154 4594 in
3199 4542 3340 4596 libro
3382 4541 3498 4612 adv.
3526 4538 3690 4612 έοαη.

2120 4610 2374 4675 Jerosol.,
2405 4610 2574 4667 nuru.
2625 4613 2676 4666 7.
2725 4611 2838 4667 luto
2881 4610 2936 4666 et
2969 4611 3026 4665 S.
3056 4613 3386 4666 Athanasius
3433 4611 3484 4664 iu
3526 4610 3692 4678 Frag-

2118 4684 2315 4738 tneutis
2371 4683 2886 4737 commentariorum
2939 4681 2994 4734 in
3043 4679 3375 4746 Matt/uentu,
3428 4695 3550 4749 pag.
3598 4681 3690 4744 58,

2116 4753 2468 4808 Collectionis
2543 4768 2695 4807 novae
2772 4751 3257 4806 Montfaucouiauzc
3319 4759 3452 4804 tom.
3499 4751 3578 4814 ll,
3635 4761 3694 4804 ut

2117 4825 2252 4878 alios
2288 4825 2476 4878 Patres
2520 4832 2861 4892 praeteream,
2889 4825 2954 4874 ad
2983 4835 3044 4874 ea
3089 4823 3271 4892 verba,
3314 4838 3333 4892 ι
3362 4818 3533 4892 Omne
3567 4833 3694 4892 pec-

2117 4904 2319 4957 catum,
2347 4903 2403 4947 et
2440 4891 2775 4959 blasphemia
2832 4892 3136 4945 remittetur
3185 4891 3512 4954 hominibus,
3541 4909 3559 4942 ›
3614 4891 3694 4944 sic

2117 4963 2392 5034 loquitur:
2433 4981 2451 5013 ι
2478 4962 2533 5015 Si
2572 4978 2755 5016 verum
2803 4971 2886 5016 est
2922 4961 3053 5034 illud
3095 4961 3276 5034 (quod
3321 4961 3396 5013 ait
3443 4959 3692 5034 Evange-

2119 5030 2293 5100 liuin),
2327 5049 2428 5086 cur
2465 5034 2631 5086 miser
2677 5043 2968 5086 accusatur
3013 5030 3302 5101 Origenes,
3353 5033 3494 5099 quod
3531 5032 3690 5084 tinem

2117 5104 2351 5172 aliquem
2385 5117 2665 5171 paeuarum
2697 5104 3011 5166 constituat,
3043 5118 3106 5154 ac
3140 5101 3369 5172 tandem
3418 5101 3692 5172 remissio-

2120 5169 2242 5227 nem
2295 5169 2536 5227 omnium
2598 5183 2939 5239 peccatorqu
3006 5169 3313 5229 hominibus
3365 5171 3566 5237 pariter
3632 5179 3688 5223 et

2116 5242 2454 5298 daemonibus
2487 5260 2514 5295 a
2554 5241 2664 5294 Deo
2694 5242 3091 5296 concedendam
3125 5239 3466 5308 praedicet?»
3500 5241 3689 5294 Utrum

2117 5327 2247 5366 vero
2301 5315 2558 5382 Didymus
2608 5312 2710 5366 hoc
2761 5326 2922 5366 sensu
2974 5311 3334 5382 Origeuianus
3370 5309 3687 5382 fuerit,_co-

2117 5393 2340 5452 guoscet
2389 5379 2561 5436 lector
2603 5397 2706 5452 non
2747 5383 2904 5452 modo
2948 5395 3014 5452 ex
3053 5382 3152 5452 hoc
3202 5380 3341 5443 loco,
3383 5379 3690 5452 sed__etia_m

2116 5447 2182 5522 ex
2211 5468 2379 5522 segm.
2407 5453 2477 5506 88
2505 5469 2558 5517 a,
2608 5451 2710 5504 114
2738 5451 2766 5503 b
2797 5461 2853 5522 et
2877 5451 3061 5522 ﬁla,
3099 5450 3345 5522 itemque
3376 5464 3443 5503 ex
3495 5447 3588 5522 lib.
3617 5447 3690 5499 De

2119 5518 2326 5590 Spirit'u
2366 5531 2570 5587 sancto,
2615 5538 2764 5575 num.
2789 5521 2856 5573 47
2880 5532 2934 5574 et
2962 5520 3054 5580 59,
3085 5529 3160 5584 et,
3195 5527 3252 5572 ut
3277 5518 3381 5590 aiia
3419 5519 3688 5590 omittam,

2118 5587 2182 5645 ei
2221 5594 2305 5646 his
2327 5607 2446 5662 quae
2479 5593 2701 5662 dictavit
2728 5593 2794 5643 ad
2830 5605 2971 5662 vers.
3011 5591 3237 5662 l8_cap.
3264 5603 3320 5642 ιι
3355 5587 3689 5662 Proverbia-

2121 5678 2264 5727 rum,
2295 5656 2416 5731 pag.
2449 5661 2550 5715 155
2593 5661 2808 5715 Catenae
2836 5659 2995 5731 edita:
3020 5673 3052 5712 a
3081 5657 3302 5712 Peltauo
3329 5676 3344 5712 :
3375 5657 3525 5731 ιμρυί
3549 5656 3691 5731 illius

2123 5727 2339 5798 (nempe
2367 5727 2698 5801 iueretriciS)
2747 5730 2992 5784 moribus
3055 5727 3494 5801 atqueconsiiiis
3533 5727 3690 5801 obse-

2119 5794 2426 5871 quuniur...
2455 5802 2521 5857 ad
2551 5794 2941 5872 sempiternum
2971 5794 3190 5854 tandem
3226 5798 3496 5853 interitum
3525 5794 3691 5852 abdu-

2118 5881 2330 5926 Cllllllll'.
2355 5890 2374 5922 ι
