4082 6406
404 451 502 506 481

1420 439 1506 492 DE
1544 437 1915 493 ΤΠΙΝΙΤΑΤΕ
1951 438 2150 496 LIBER
2192 439 2582 496 SECUNDUS.

3537 447 3639 504 482

402 566 510 620 τῶν
548 563 709 634 ἱερῶν
751 561 924 629 λόγων
963 559 1059 629 τὴν
1099 555 1435 627 προαίρεσιν,
1470 553 1590 605 καθ’
1629 553 1695 623 ἣν
1731 552 1901 605 ἐθέλει
1945 554 1973 605 ὁ

2090 571 2290 610 tensum
2350 561 2787 630 propositumque
2840 564 3052 619 inscitia
3109 569 3379 638 replentes
3414 609 3428 631 ,
3487 568 3638 636 juxta

402 655 534 717 Θεὸς
571 652 759 723 Πατὴρ
799 652 861 704 τὸ
903 649 1125 719 Πνεῦμα
1169 646 1333 699 αὐτοῦ
1375 643 1760 698 συντάττεσθαι
1801 641 1969 712 αὐτῷ,

403 747 479 810 ὠς
516 745 608 798 τὸν
647 743 911 815 μονογενῆ
959 741 1147 807 Λόγον,
1190 739 1284 790 καὶ
1323 737 1383 788 τὸ
1425 735 1763 809 ἐξῃρημένον
1808 735 1972 788 αὐτοῦ

404 833 510 888 ἀπὸ
531 833 630 902 τῆς
656 833 885 893 κτίσεως
927 830 1022 883 καὶ
1053 827 1316 900 ὑπερέχον
1343 823 1719 894 ἀσφαλίζεται,
1760 824 1840 878 διὸ
1876 824 1972 877 καὶ

403 924 924 996 τρισαγιολογεῖται,
1006 920 1168 991 φασιν
1203 938 1217 950 ·
1303 918 1428 982 Πῶς
1491 917 1586 972 τοῦ
1658 916 1974 988 Πνεύματος

405 1017 626 1086 Πνεῦμα
648 1015 709 1068 τὸ
749 1016 903 1083 ἆγιον
951 1011 1175 1082 Πνεῦμά
1208 1013 1389 1076 ἐστιν;
1437 1011 1560 1062 Ὅτι
1600 1009 1655 1062 δὲ
1698 1010 1856 1062 τοῦτο
1879 1010 1973 1077 γέ-

406 1126 665 1180 γραπται,
708 1108 1000 1160 δέδεικται·
1033 1105 1095 1157 τὸ
1139 1104 1196 1156 δὲ
1243 1103 1382 1166 πῶς,
1417 1103 1508 1155 νοῦ
1554 1103 1648 1154 καὶ
1681 1101 1840 1170 λόγου
1881 1101 1973 1154 τοῦ

408 1198 529 1252 καθ’
570 1199 748 1268 ἡμᾶς,
793 1196 872 1248 ἔτι
909 1195 966 1247 δὲ
1006 1195 1100 1247 καὶ
1144 1193 1390 1262 ἀγγέλων
1432 1191 1682 1260 γνώσεως
1722 1191 1975 1243 ἐπέκεινα

406 1289 682 1359 τυγχάνει.
745 1288 834 1350 Ὡς
889 1287 997 1357 γὰρ
1040 1284 1355 1356 Πνεύματος
1412 1283 1747 1354 ὑπάρχοντος
1787 1281 1974 1347 αὐτοῦ,

410 1383 500 1456 [59
535 1383 592 1454 α]
625 1380 887 1451 ἐγεννήθη
931 1379 989 1445 ἐξ
1023 1376 1188 1431 αὐτοῦ
1229 1379 1257 1430 ὁ
1295 1376 1428 1440 Θεὸς
1461 1377 1630 1444 Λόγος
1652 1391 1664 1402 ·
1709 1372 1880 1435 οὕτως
1918 1371 1975 1438 ἐξ

410 1474 572 1529 αὐτοῦ
605 1475 697 1527 καὶ
724 1473 819 1524 σὺν
845 1470 994 1540 αὐτῴ
1029 1468 1260 1540 ἐξεφάνη
1300 1469 1361 1520 τὸ
1403 1468 1555 1536 άγιον
1593 1464 1834 1534 Πνεῦμα·
1873 1463 1978 1516 δεί-

409 1565 636 1620 κνυσθαί
661 1581 721 1618 τε
746 1565 807 1616 ἐν
831 1561 1006 1632 τούτῳ
1037 1559 1269 1631 μάλιστα
1293 1559 1354 1612 τὸ
1383 1557 1765 1626 ἀκατάληπτον
1791 1554 1974 1619 αὐτοῦ,

411 1663 467 1715 ἐν
493 1659 569 1730 τῷ
592 1658 652 1711 τὸ
685 1657 1008 1727 φαινόμενον
1038 1653 1132 1707 καὶ
1156 1651 1215 1705 ὃν
1237 1654 1302 1722 τῇ
1330 1651 1504 1704 κτίσει
1531 1649 1810 1713 ἀδύνατον,
1838 1643 1977 1700 εἶναι

409 1752 540 1822 παρ’
574 1749 720 1818 αὐτῴ
767 1746 1009 1800 δυνατόν.
1065 1743 1216 1796 Ἐπεὶ
1241 1743 1326 1804 τίς
1368 1742 1400 1811 ἡ
1437 1738 1668 1810 διαφορὰ
1701 1739 1798 1809 τῆς
1828 1741 1980 1792 ἀναι-

410 1843 524 1895 τίου
550 1841 645 1894 καὶ
674 1836 936 1903 ζωοποιοῦ
963 1835 1201 1905 φύσεως,
1240 1835 1333 1888 καὶ
1356 1833 1452 1902 τῆς
1484 1829 1977 1901 δημιουργηθείσης

2073 664 2192 716 qua:
2244 650 2503 719 Spiritum
2559 667 2713 705 suum
2748 693 2766 718 ,
2817 671 2921 709 non
2972 673 3130 712 secus
3193 675 3254 713 ac
3308 661 3635 730 unigenitum

2075 735 2334 804 Verbum,
2363 741 2463 793 sibi
2492 741 2752 808 aequalem
2780 743 2881 798 dici
2907 744 3181 801 vultDens
3209 749 3387 814 Pater,
3413 765 3636 819 eumque

2079 839 2132 882 tn
2170 841 2545 885 creaturarum
2583 847 2811 888 numero
2856 851 2961 889 non
2993 851 3131 903 esse,
3165 840 3257 893 sed
3296 839 3453 904 longe
3480 856 3637 908 supra

2078 923 2198 978 illas
2240 925 2508 978 excellere
2556 937 2868 995 asseverat;
2897 945 3000 998 qua
3045 933 3206 986 etiam
3245 934 3310 987 de
3343 948 3504 988 causa
3566 944 3644 989 ter

2075 1015 2128 1070 in
2163 1016 2384 1086 trisagio
2413 1027 2633 1072 sanctus
2657 1021 2966 1076 nominatur
2990 1040 3004 1075 :
3035 1023 3312 1090 Quomodo
3335 1033 3530 1094 potest,
3556 1015 3651 1079 in-'

2075 1107 2266 1178 quiunt
2297 1148 2314 1174 ,
2369 1110 2603 1178 Spiritus
2654 1095 2872 1167 sanctus
2910 1128 3030 1169 esse
3075 1113 3308 1184 Spiritus
3359 1115 3502 1171 illius
3548 1118 3640 1185 qui

2075 1207 2161 1254 est
2187 1199 2457 1267 Spiritus?
2487 1202 2580 1257 Ast
2606 1203 2709 1257 hoc
2739 1203 2789 1257 in
2823 1203 3118 1272 Scripturis
3160 1205 3414 1262 afﬁrmari
3460 1221 3644 1263 OSten-

2077 1305 2196 1346 sum
2227 1300 2327 1346 est.
2372 1291 2488 1358 Qua
2519 1305 2696 1350 autem
2743 1297 2949 1351 ratione
2979 1298 3026 1350 id
3059 1297 3180 1363 ﬁat,
3213 1300 3512 1368 intelligere
3537 1318 3641 1355 non

2077 1383 2318 1438 valemus
2352 1407 2364 1440 ;
2404 1387 2615 1440 excedit
2658 1388 2800 1442 enim
2852 1389 2954 1442 ltoc
2994 1399 3226 1444 mentem
3284 1401 3337 1445 et
3376 1393 3641 1446 rationem

2079 1485 2342 1539 nostram,
2379 1476 2487 1530 into
2511 1478 2671 1531 etiam
2713 1479 3025 1544 angelorum
3074 1481 3457 1550 cognitionem.
3505 1482 3639 1536 Nam

2079 1567 2221 1621 sicut
2268 1582 2389 1622 cum
2445 1569 2559 1638 ipse
2597 1569 2755 1623 Pater
2784 1581 2929 1624 esset
2979 1570 3248 1639 Spiritus,
3307 1574 3518 1642 genitus
3577 1590 3642 1628 ex

2079 1659 2197 1727 ipso
2223 1657 2481 1714 fuitDens
2511 1657 2787 1725 Verbum;
2832 1663 2902 1714 ita
2934 1677 3000 1715 ex
3043 1663 3195 1730 ipso,
3254 1673 3310 1718 et
3353 1679 3471 1717 cum
3530 1665 3646 1733 ipso

2077 1750 2252 1805 eluxit
2307 1751 2542 1819 Spiritus
2581 1763 2820 1806 sanctus.
2861 1752 2936 1806 Ex
2974 1769 3039 1807 eo
3097 1765 3273 1808 autem
3308 1755 3643 1821 potissimum

2079 1851 2303 1912 apparet
2329 1842 2439 1913 (74)
2492 1842 2639 1895 illum
2684 1856 2802 1896 esse
2833 1843 3432 1911 incomprehensibilem
3455 1884 3471 1908 ,
3499 1848 3642 1914 quod

412 1937 506 1988 καὶ
538 1896 1008 2002 ζωοποιουμένηςς
1049 1896 1426 1998 οὐκ-ἐγχωρεί
1456 1925 1511 1978 δέ
1536 1896 1612 1977 Ἆὲδ
1903 1896 1978 1993 μὴ

2090 1935 2130 1989 ei
2157 1935 2209 1989 id
2239 1933 2490 2004 possibile
2530 1935 2624 1999 sit,
2664 1936 2804 2004 quod
2835 1944 3099 1990 creatura:
3134 1947 3188 1991 et
3220 1938 3434 1991 videtur
3465 1948 3519 1991 et
3563 1947 3646 1992 est

412 2025 549 2084 εἶναι
578 2025 858 2097 ὁμοούσιον
885 2024 978 2077 καὶ
1003 2022 1242 2093 ἰσότιμον
1268 2020 1475 2073 ἐκείνου
1501 2017 1560 2082 ἐξ
1584 2012 1644 2071 οῦ
1681 2017 1828 2068 ἐστι’
1868 2014 1977 2068 διό-

414 2134 516 2188 περ
544 2114 692 2168 ἐστὶν
728 2115 823 2166 καὶ
866 2110 1018 2179 ἀγιον
1063 2107 1326 2178 φυσικῶς.
1377 2108 1438 2159 υἱ
1476 2102 1569 2159 οὖν
1609 2103 1850 2172 ἄγγελοι,
1877 2120 1980 2172 φη-

413 2205 514 2266 σιν,
543 2204 642 2256 οὐκ
667 2201 802 2253 εἰσὶν
827 2199 933 2253 ἀπὸ
959 2196 1052 2251 τοῦ
1077 2195 1234 2260 Θεοῦ,
1268 2196 1360 2248 καὶ
1386 2196 1551 2263 ἆγιοι,
1577 2195 1669 2247 καὶ
1698 2191 1981 2262 πνεύματα

409 2294 503 2347 τοῦ
527 2290 696 2357 Θεοῦ;
745 2289 970 2344 Ἐκείνοί
993 2291 1127 2342 εἰσιν
1157 2286 1265 2342 ἀπὸ
1289 2285 1382 2340 τοῦ
1421 2283 1579 2348 Θεοῦ,
1616 2284 1736 2337 καθ’
1760 2283 1788 2335 ὃ
1815 2299 1983 2346 προσ-

410 2383 560 2449 τάξει
634 2379 798 2434 αὐτοῦ
876 2378 1162 2448 γεγόνασιν
1189 2415 1204 2439 ,
1271 2374 1347 2439 ὡς
1430 2373 1647 2427 πάντα·
1713 2371 1859 2440 ἆγιοι
1920 2370 1978 2423 δὲ

415 2471 552 2544 μετὰ
596 2471 657 2523 τὸ
697 2467 1053 2538 άγιασθῆναι,
1112 2465 1186 2530 ὡς
1249 2466 1297 2517 οἱ
1340 2463 1645 2534 ἄνθρωποι·
1692 2460 1979 2529 πνεύματα

413 2564 499 2626 δὲ,
570 2561 704 2616 καθὸ
763 2559 899 2632 πρὸς
960 2560 1107 2629 ἡμᾶς
1174 2556 1499 2627 ἀσώματοι·
1564 2554 1625 2606 οὐ
1691 2551 1984 2622 κληθέντες

414 2655 698 2725 πνεύματα
741 2651 834 2704 τοῦ
880 2649 1035 2713 Θεοῦ,
1084 2649 1116 2720 ἢ
1163 2650 1229 2701 ἐκ
1267 2647 1362 2700 τοῦ
1413 2644 1569 2707 Θεοῦ,
1610 2643 1642 2714 ἢ
1693 2643 1984 2712 ἐκπορευό-

417 2763 550 2816 μενα
587 2743 738 2816 παρὰ
765 2741 857 2795 τοῦ
889 2740 1123 2811 Πατρὸς,
1173 2738 1206 2808 ἢ
1247 2738 1395 2801 θεῖα,
1440 2738 1473 2807 ἢ
1519 2735 1806 2804 πνεύματα
1851 2733 1984 2804 ἀλη-

415 2837 584 2904 θείας,
615 2836 648 2908 ἥ
693 2833 978 2904 πνεύματα
1003 2829 1308 2901 ἁγιωσύνης
1328 2845 1342 2859 ·
1367 2828 1480 2881 ἀλλ’
1501 2827 1721 2896 ἄγγελοι
1747 2827 1987 2896 λειτουρ-

415 2933 519 3000 γοὶ,
543 2931 636 2982 καὶ
660 2927 886 2998 σώματα
906 2923 1151 2994 οὐράνια,
1178 2921 1265 2974 διὰ
1284 2923 1346 2974 τὸ
1376 2922 1619 2992 ἀπείρως
1647 2919 1870 2989 ἀπέχειν
1893 2917 1986 2970 καὶ

415 3024 691 3093 ὐφιζάνειν
725 3017 818 3073 τοῦ
857 3019 1111 3073 ἀκτίστου
1139 3015 1451 3086 Πνεῦματος
1500 3013 1594 3067 τοῦ
1641 3012 1774 3065 Θεοῦ
1800 3054 1814 3078 ,
1846 3009 1987 3064 κατά

415 3117 504 3169 τὸν
546 3116 820 3186 γράφοντα
850 3111 1108 3182 ἔμπειρον
1151 3106 1468 3160 Ἀπόστολον
1491 3121 1507 3137 ο
1558 3124 1576 3156 ι
1608 3105 1842 3175 Σώματα
1870 3103 1989 3156 ἐπί-

419 3223 562 3275 γεια,
592 3207 684 3258 καὶ
712 3203 936 3274 σώματα
966 3200 1280 3272 ἐπουράνια.
1326 3218 1343 3251 ι
1391 3198 1477 3263 Ὠς
1506 3197 1614 3268 γὰρ
1645 3197 1705 3249 οὐ
1735 3198 1856 3250 κατ’
1885 3195 1983 3249 αὐο

2094 3224 2188 3268 aut
2239 3214 2460 3282 spiritus
2505 3212 2807 3266 sanctitatis

420 3299 545 3360 τοὺς
577 3296 646 3350 τὰ
675 3295 957 3364 πνεύματα
981 3294 1089 3346 τῶν
1122 3293 1357 3361 ἀνέμων,
1391 3289 1511 3343 οὐδὲ
1546 3289 1700 3342 αὐτοὶ
1749 3288 1889 3341 κατά
1928 3288 1987 3339 τὸ

425 3390 576 3457 ἆγιον
606 3386 828 3456 Πνεῦμα
856 3385 945 3438 τοῦ
979 3384 1128 3438 Θεοῦ.
1165 3383 1327 3436 Αὐτοὶ
1368 3381 1476 3451 γὰρ
1524 3379 1848 3449 ἐκτίσθησαν
1873 3419 1886 3443 ,
1928 3379 1987 3430 οὐ

425 3481 608 3551 μέντοι
643 3477 1065 3548 ἐξεπορεύθησαν
1113 3480 1176 3529 ὲκ
1202 3476 1299 3546 τῆς
1338 3475 1690 3536 ὑποστάσεως
1735 3471 1826 3525 τοῦ
1857 3469 1991 3524 Θεοῦ

421 3573 518 3626 καὶ
558 3572 800 3642 Πατρός·
830 3571 928 3623 οὐκ
955 3568 1318 3637 ἀναγεννῶσιν
1341 3567 1509 3638 ἡμᾶς,
1540 3567 1601 3620 οὐ
1631 3563 1990 3628 θεοποιοῦσιν,

424 3662 700 3734 ἁμαρτίας
731 3661 791 3714 οὐ
848 3658 1234 3731 συγχωροῦσιν,
1293 3659 1353 3711 οὐ
1393 3658 1775 3724 ζωοποιοῦσιν,
1806 3658 1867 3710 οὐ
1895 3657 1993 3728 δη-

426 3753 794 3828 μιουργοῦσιν,
825 3753 923 3824 οὐχ
954 3753 1288 3822 άγιάζουσιν,
1313 3751 1372 3805 οὐ
1409 3751 1704 3822 κρίνουσιν,
1735 3748 1868 3803 άλλά
1904 3749 1995 3801 καὶ

423 3847 698 3918 κρίνονται
731 3845 1003 3914 ((’Υμεῖς
1057 3862 1074 3894 ι
1112 3843 1240 3913 γὰρ,
1283 3843 1480 3913 φησὶν,
1522 3861 1540 3892 ι
1587 3841 1678 3894 καὶ
1727 3840 1991 3909 ἀγγέλους

423 3940 656 4010 κρινεῖτε
685 3955 703 3988 ›
804 3937 925 3990 Οὐδ’
950 3938 1008 3988 ἐν
1038 3937 1221 3998 αὐτοῖς
1270 3936 1376 3986 εἰσι
1407 3933 1515 3985 τῶν
1547 3931 1792 4002 οὐρανῶν
1820 3933 1876 3983 αί
1910 3930 1998 3982 δυ-

423 4032 634 4101 νάμεις.
670 4030 745 4083 Οὐ
778 4028 962 4091 τόποις
983 4028 1118 4081 εἰσὶν
1141 4027 1509 4098 ἀπερίγραφοι
1533 4066 1548 4090 ,
1581 4025 1673 4077 καὶ
1699 4023 1999 4094 διαστήμα-

429 4133 510 4168 σιν
538 4116 858 4186 άμέτρητοι.
901 4116 958 4168 '0
979 4115 1087 4186 γὰρ
1122 4113 1359 4184 Γαϐριὴλ
1397 4112 1573 4166 λαλῶν
1604 4112 1682 4183 τῷ
1708 4112 1923 4183 Δανιὴλ,
1963 4111 1996 4181 ἦ

431 4207 913 4277 εὐαγγελιζόμενος
940 4207 1036 4278 τὴν
1063 4206 1322 4260 Θεοτόκον
1349 4204 1645 4276 Παρθένον,
1682 4203 1775 4275 [59
1809 4203 1863 4276 ὁ]
1901 4205 2000 4256 οὐκ

430 4295 496 4370 ἦν
522 4301 615 4353 καὶ
639 4300 697 4352 ἐν
725 4298 936 4371 οὐρανῷ
963 4301 1029 4369 τῇ
1057 4299 1233 4369 οὐσίᾳ,
1259 4297 1334 4360 ὡς
1357 4300 1422 4368 τῇ
1450 4296 1655 4367 διανοίᾳ
1675 4313 1690 4328 ο
1722 4294 1857 4349 ἀλλά
1878 4295 1999 4346 τότε

2082 2024 2413 2093 impossibile
2445 2023 2578 2096 (75).
2602 2025 2854 2092 Alioquin
2891 2041 3124 2094 quanam
3185 2029 3237 2082 in
3299 2043 3356 2082 re
3405 2026 3648 2083 ditl'erret

2084 2125 2273 2170 natura
2322 2131 2497 2169 causa!
2551 2124 2643 2169 aut
2685 2115 2936 2184 principii
2970 2130 3162 2184 expers
3196 2155 3212 2181 ,
3261 2131 3325 2170 ac
3369 2116 3649 2171 viviﬁcans

2084 2220 2114 2260 a
2164 2214 2354 2259 natura
2404 2219 2584 2260 creata
2623 2213 2783 2274 atque
2816 2204 3149 2275 [viviﬁcata'l
3178 2205 3291 2259 Non
3343 2215 3515 2275 potest
3553 2223 3650 2260 au-

2086 2306 2190 2352 tent
2225 2298 2456 2366 Spiritus
2498 2311 2601 2351 non
2655 2313 2775 2352 esse
2827 2297 3304 2352 consubstantialis
3364 2305 3421 2351 et
3473 2313 3650 2368 :equa-

2084 2391 2153 2445 lis
2197 2390 2272 2444 illi
2310 2403 2374 2444 ex
2411 2405 2516 2460 quo
2541 2389 2758 2445 exsistit
2795 2405 2810 2443 :
2841 2391 3066 2458 ideoque
3105 2399 3187 2443 est
3245 2390 3408 2442 etiam
3459 2400 3650 2444 natura

2085 2492 2323 2537 sanctus.
2357 2480 2607 2551 Nunquid
2657 2497 2786 2552 ergo
2829 2483 3002 2552 angeli
3057 2483 3328 2550 (inquiunt
3373 2481 3510 2554 [76])
3547 2498 3650 2536 non

2085 2573 2419 2638 suntaDeo,
2447 2587 2545 2627 nec
2590 2572 2794 2636 sancti,
2851 2587 2951 2626 nec
3005 2571 3226 2641 spiritus
3282 2571 3414 2625 Dei?
3456 2572 3591 2625 Sunt
3621 2588 3650 2623 a

2091 2664 2221 2730 Deo,
2257 2673 2524 2733 quatenus
2567 2662 2717 2733 jussu
2755 2662 2924 2732 ipsius
2959 2662 3082 2716 facti
3132 2672 3277 2726 sunt,
3307 2663 3488 2716 utalia
3539 2677 3644 2716 om-

2089 2756 2218 2809 nia:
2275 2755 2445 2809 sancti
2514 2765 2692 2808 autem
2752 2762 2914 2817 sunt,
2993 2761 3277 2822 postquam
3335 2752 3653 2807 sanctiﬁcati

2089 2859 2252 2914 sunt,
2300 2858 2358 2902 ut
2416 2848 2697 2912 homines;
2755 2846 2974 2914 spiritus
3017 2862 3145 2900 vero
3180 2856 3332 2912 sunt,
3391 2857 3658 2914 quatenus

2090 2949 2338 3009 respectu
2367 2947 2612 2992 nostrum
2636 2947 2765 2992 sunt
2789 2938 3114 3006 incorporei.
3145 2942 3215 2990 At
3255 2953 3517 3006 nusquam
3558 2953 3656 2991 vo-

2089 3032 2194 3088 cati
2245 3031 2462 3085 fuerunt
2499 3030 2722 3098 spiritus
2754 3030 2870 3094 Dei,
2916 3041 3006 3084 aut
3035 3047 3097 3084 ex
3131 3030 3270 3092 Deo.
3338 3039 3432 3083 aut
3469 3045 3658 3099 proce-

2094 3123 2281 3177 dentes
2311 3136 2338 3173 a
2371 3118 2552 3184 Patre,
2583 3129 2674 3173 aut
2726 3121 2914 3184 divini,
2966 3130 3057 3173 aut
3107 3121 3329 3188 Spiritus
3376 3121 3655 3185 veritatis,

2847 3229 2861 3266 :
2911 3214 3001 3266 sed
3055 3212 3228 3281 angi-li
3286 3213 3656 3266 ministrantes

2092 3313 2185 3359 aut
2224 3303 2556 3366 servientes,
2613 3313 2666 3356 et
2717 3317 2944 3372 corpora
2998 3302 3256 3366 cmlestia,
3314 3316 3378 3356 eo
3411 3303 3552 3366 quod
3590 3305 3657 3356 ab

2095 3395 2251 3466 133
2287 3393 2526 3448 int-reato
2556 3395 2646 3447 Dei
2679 3393 2880 3464 Spiritu
2921 3396 2971 3448 in
3002 3394 3266 3448 inﬁnitum
3308 3395 3528 3457 diStent,
3563 3409 3657 3448 eo-

2093 3502 2198 3557 que
2250 3485 2534 3539 inl'eriores
2577 3485 2685 3538 sint
2721 3485 2873 3550 juxta
2929 3486 3158 3553 peritum
3196 3486 3534 3553 Apostolum,
3568 3487 3658 3552 qui

2092 3578 2318 3633 scribit:
2357 3596 2374 3628 ι
2411 3577 2646 3646 Corpora
2694 3576 2806 3647 (77)
2856 3585 3103 3640 terrena,
3152 3585 3205 3630 et
3247 3591 3470 3645 corpora
3502 3577 3665 3630 coele-

2096 3670 2220 3725 stia.
2261 3688 2279 3721 ι
2314 3669 2466 3724 Sicut
2501 3669 2647 3723 enim
2705 3669 2835 3736 ipsis
2879 3667 3080 3720 similes
3121 3683 3223 3721 non
3271 3677 3398 3722 sunt
3445 3668 3665 3737 spiritus

2092 3769 2400 3824 ventorum,
2436 3759 2514 3814 sic
2550 3774 2616 3812 ne
2643 3758 2745 3826 ipsi
2775 3757 2990 3825 quidem
3031 3766 3156 3811 sunt
3201 3757 3404 3812 similes
3441 3758 3662 3827 Spiritui

2096 3863 2284 3907 sancto
2316 3853 2429 3906 Dei.
2463 3851 2595 3904 Nam
2633 3851 2727 3918 ipsi
2769 3851 2984 3919 quidem
3019 3849 3184 3903 creati
3220 3859 3374 3907 sunt:
3429 3859 3664 3903 attamen

2095 3957 2164 3999 ex
2194 3942 2470 4012 bypostasi
2514 3941 2604 3994 Dei
2648 3950 2702 3993 et
2743 3939 2921 3993 Patris
2954 3955 3058 3992 non
3108 3949 3508 4006 processerunt,
3559 3955 3665 3993 non

2099 4042 2423 4105 regenerant
2456 4047 2575 4095 nos,
2607 4046 2711 4083 non
2739 4029 2945 4083 faciunt
2977 4028 3113 4094 ﬁlios
3144 4029 3258 4094 Dei,
3295 4038 3512 4098 peccata
3558 4044 3666 4083 non

2097 4124 2401 4187 remittunt,
2431 4136 2536 4176 non
2568 4120 2866 4183 vivificant,
2903 4135 3008 4171 non
3040 4127 3247 4182 creant,
3277 4133 3383 4173 non
3429 4117 3672 4172 sanctiﬁ-

2099 4223 2245 4275 cant,
2306 4226 2410 4265 non
2466 4209 2735 4275 judiCant,
2786 4208 2879 4260 sed
2913 4222 2942 4260 e
2986 4208 3262 4261 contrario
3313 4207 3664 4275 judicantnr:

2103 4304 2148 4375 ((
2181 4301 2289 4358 Vos
2345 4321 2362 4354 ι
2399 4301 2565 4366 enim,
2613 4299 2786 4368 inquit
2817 4298 2926 4368 (78)
2954 4297 3255 4367 Scriptura,
3298 4315 3317 4347 ι
3362 4297 3524 4351 etiam
3575 4313 3671 4351 an-

433 4391 522 4442 ἐπὶ
558 4390 660 4460 γῆς
686 4389 918 4460 διέτριϐε
965 4391 1144 4460 μόνον.
1179 4389 1312 4443 Οὐδὲ
1344 4392 1454 4453 τοῖς
1489 4389 1678 4442 αἰῶσιν
1707 4389 1844 4442 εἰσιν
1868 4389 1987 4442 ἀπε·

2103 4397 2250 4466 gelos
2275 4390 2665 4462 iudicabitis.»)
2694 4387 2802 4444 Nec
2848 4390 2898 4441 in
2932 4389 3062 4456 ipsis
3098 4397 3222 4441 sunt
3271 4387 3380 4456 (79)
3409 4387 3669 4441 cmlorum

434 4482 678 4553 ρίληπτοι
701 4497 716 4511 °
752 4501 770 4533 ι
819 4482 876 4535 '0
911 4480 1080 4535 ποιῶν
1121 4501 1139 4533 ι
1180 4482 1310 4551 γὰρ,
1345 4481 1498 4552 φησὶ,
1532 4499 1550 4532 ι
1587 4480 1712 4543 τούς
1739 4480 1987 4547 ἀγγέλους

2104 4487 2359 4550 virtutes,
2420 4498 2514 4537 seu
2554 4490 2871 4551 potestates.
2908 4477 3018 4532 Non
3046 4489 3169 4533 sunt
3199 4478 3331 4534 locis
3384 4478 3673 4533 incircum-

432 4570 596 4624 αὐτοῦ
633 4571 937 4641 πνεύματα,
992 4571 1085 4623 καὶ
1133 4573 1257 4632 τοὺς
1305 4569 1650 4640 λειτουργοὺς
1699 4567 1862 4621 αὐτοῦ
1895 4567 1987 4640 πῦε

2109 4576 2317 4645 scripti,
2351 4589 2450 4629 nec
2501 4571 2772 4627 distantiis
2813 4571 3103 4624 immensi:
3157 4585 3281 4622 nam
3319 4569 3533 4624 Gabriel
3573 4573 3674 4624 Da-

435 4663 646 4732 φλέγον.
678 4682 698 4716 ι
745 4664 854 4732 Οὐχ
875 4663 932 4716 ἐν
955 4680 1008 4715 τι
1037 4663 1141 4715 τῶν
1190 4662 1487 4733 γινομένων
1522 4661 1672 4734 παρὰ
1715 4661 1808 4714 τοῦ
1841 4661 1998 4730 ἁγίου

434 4752 746 4824 Πνεύματος
775 4752 1033 4819 ποιοῦσιν,
1063 4752 1196 4807 ἀλλά
1245 4753 1338 4806 καὶ
1384 4753 1784 4824 λειτουργοῦσιν
1831 4752 1996 4822 αὐτῷ,

434 4845 507 4911 ὡς
531 4845 727 4914 ἔδειξεν
773 4848 802 4900 ὁ
845 4847 1180 4918 ἀρχάγγελος
1216 4844 1452 4918 Γαϐριὴλ
1477 4886 1491 4911 ,
1543 4844 1997 4915 διακονησάμενος

503 5027 616 5101 (74)
655 5029 904 5098 Apparet.
935 5028 1041 5083 Pro
1073 5028 1378 5101 δείκνυσθαι
1430 5028 1724 5101 legendum
1769 5027 1998 5101 fortasse

434 5098 742 5155 δείκνυται·
799 5101 902 5153 nisi
953 5101 1072 5166 quis
1117 5099 1224 5152 ἀπὸ
1277 5098 1455 5152 κοινοῦ
1504 5099 1794 5153 subaudire
1845 5099 1999 5151 malit

435 5170 682 5295 :uperius
716 5169 842 5225 illud
880 5169 1180 5235 δέδεικται,
1212 5171 1352 5238 quod
1389 5181 1566 5224 tamen
1610 5169 1763 5223 valde
1793 5169 1988 5223 durum

457 5251 593 5295 oret.

457 5256 593 5295 Ofel.

507 5311 619 5379 (75)
653 5310 1001 5379 lmpauibile.
1025 5307 1214 5363 Matth.
1246 5325 1358 5374 xu,
1380 5308 1473 5372 26,
1496 5319 1551 5363 et
1568 5307 1698 5363 Luc.
1726 5323 1882 5379 svnt,
1903 5307 1998 5362 27.

505 5378 617 5451 (76)
634 5381 659 5434 1
667 5378 910 5452 nquiunt.
925 5380 1027 5448 Qui
1055 5379 1312 5449 Spit-itum
1337 5388 1582 5435 sanctum
1609 5378 1855 5449 angelum
1882 5393 2002 5432 esse

474 5467 505 5505 tt
513 5462 560 5506 ta
568 5468 600 5505 ιι
608 5461 644 5506 ι.

436 5467 963 5592 Im(l':;'17l)LCorpura.l
1016 5517 1142 5574 Cor.
1170 5533 1308 5592 __xv_,
1368 5517 1460 5572 40.
1522 5516 1710 5592 Plures
1743 5525 2018 5592 ex__vetu-'

438 5593 539 5646 stis
567 5587 816 5646 Patribus
861 5605 1088 5657 corpora
1136 5589 1363 5656 alicujus
1412 5589 1626 5657 generis
1677 5587 1883 5656 angelis
1907 5587 2004 5657 tri-

440 5661 642 5725 buisse,
672 5669 867 5715 norunt
897 5655 1146 5728 theologi.
1199 5677 1218 5710 ι
1251 5655 1543 5727 Corporum
1575 5677 1594 5710 ι
1640 5655 1771 5713 vero
1804 5675 1822 5728 ι
1849 5655 2010 5711 cmic-

439 5733 601 5786 stium
624 5750 644 5784 ι
676 5731 936 5785 vocabulo
959 5729 1045 5783 alii
1080 5727 1130 5782 in
1164 5731 1265 5784 hoc
1286 5728 1436 5782 Pauli
1462 5728 1578 5782 loco
1593 5728 1783 5793 solem,
1803 5727 2006 5789 lunam,

444 5801 625 5869 stellas
659 5801 994 5869 intellexere,
1027 5810 1084 5854 ut
1124 5800 1478 5869 Hieronymus
1526 5799 1580 5856 in
1637 5800 1775 5855 libro
1827 5806 2008 5852 contra

443 5867 700 5928 Joannem
725 5868 1242 5940 Jerosolymitanum.

2107 4666 2307 4722 nielem
2336 4665 2612 4735 alloquens
2635 4703 2648 4726 ,
2683 4671 2775 4716 aut
2811 4661 3052 4730 Deiparze
3075 4659 3282 4730 Virgini
3322 4663 3672 4726 annuntians,

2107 4770 2213 4810 non
2257 4764 2377 4810 erat
2412 4756 2576 4808 etiam
2615 4757 2664 4806 in
2711 4752 2849 4806 caelo
2875 4751 3133 4817 essentia,
3163 4753 3303 4804 sicut
3331 4763 3549 4818 mente;
3582 4753 3675 4808 sed

2107 4846 2161 4900 in
2198 4855 2342 4901 terra
2372 4847 2635 4900 duntaxat
2677 4853 2804 4898 tunc
2853 4843 3081 4912 degebat
3133 4841 3266 4913 (80).
3326 4842 3509 4914 Neque
3553 4855 3674 4900 sunt

2172 5023 2559 5094 (78)]nquit.l
2623 5023 2759 5094 Cor.
2809 5039 2884 5086 vr,
2936 5022 2989 5076 5.
3042 5020 3228 5094 (ξι-ευριπ
3271 5020 3436 5094 editio
3483 5020 3675 5094 habet:

2101 5091 2216 5150 Οὐκ
2243 5091 2442 5159 οἴδατε,
2479 5095 2563 5148 ὅτι
2611 5091 2874 5161 ἀγγέλους
2920 5091 3250 5163 κρινοῦμεν;
3301 5091 3353 5144 id
3405 5103 3505 5157 εει,
3548 5111 3566 5142 ι
3596 5093 3677 5147 An

2103 5167 2339 5229 nescitis,
2376 5169 2522 5236 quod
2555 5167 2773 5233 angelos
2796 5161 3160 5230 judicabitnus
3183 5161 3205 5214 ?
3230 5181 3251 5214 ι

2175 5277 2284 5347 (79)
2317 5275 2428 5330 Nec
2455 5276 2509 5330 in
2539 5277 2673 5347 ipsis
2694 5285 2833 5329 sunt.
2870 5272 3485 5347 Eantdemlocutjonem
3518 5273 3677 5347 habet

2105 5343 2275 5403 etiam
2303 5362 2471 5416 scgm.
2525 5345 2592 5400 69
2622 5363 2676 5400 a.
2722 5347 2804 5398 An
2848 5346 3064 5416 respicit
3118 5344 3244 5398 illud
3286 5343 3519 5416 Rsaltis:
3573 5361 3590 5394 ι
3619 5345 3679 5396 Et

2110 5419 2301 5487 spiritu
2329 5414 2441 5470 oris
2477 5415 2815 5487 ejus_omnes
2837 5415 3066 5487 virtutes
3107 5415 3335 5487 eorum?
3365 5433 3384 5464 ι
3433 5414 3513 5487 An
3557 5427 3679 5466 vero

2109 5485 2288 5609 peltius
2320 5487 2448 5609 (glad
2483 5505 2495 5541 :
2543 5505 2562 5538 ι
2587 5485 2654 5540 Ει
2694 5487 2817 5550 hoc,
2860 5485 3003 5540 ouod
3037 5486 3280 5541 continet
3314 5485 3520 5548 omnia,
3551 5500 3570 5532 ι
3633 5491 3680 5537 ει

2112 5573 2318 5609 retuua

2112 5573 2318 5626 renqua

2185 5649 2297 5721 (80)
2334 5649 2398 5703 In
2424 5660 2562 5703 terra
2593 5650 2853 5721 duntaxat
2888 5656 3011 5700 tunc
3051 5646 3286 5716 degebat.
3336 5642 3526 5721 Aliinia
3571 5650 3680 5695 tum

2115 5715 2221 5784 bis,
2271 5715 2380 5774 tum
2416 5721 2484 5774 iis
2521 5735 2641 5788 quae
2675 5719 2840 5788 paulo
2865 5727 2991 5788 post
3019 5715 3341 5788 sequentur,
3390 5715 3679 5767 dictaverat

2115 5789 2380 5862 Didymus
2400 5791 2451 5862 in
2492 5784 2752 5862 libro_De
2953 5784 3037 5852 S.,
3069 5784 3218 5838 num.
3271 5784 3342 5862 ϐξ
3394 5796 3680 5862 quieuerunt

2115 5850 2267 5915 utilia
2297 5859 2451 5917 nobis
2482 5873 2604 5915 mox
2641 5859 2818 5915 futura
2843 5850 2971 5924 sint,
3004 5850 3182 5924 Opera:
3207 5850 3437 5924 pretium
3467 5853 3572 5908 erit
3601 5850 3680 5906 hic
