4082 6410
403 423 506 479 485

1457 418 1543 472 DE
1585 415 1958 470 TRINITA'I‘E
1999 415 2199 472 [ΑΒΕῐί
2243 418 2630 474 SECUNDUS.

3553 425 3657 478 436

405 539 534 594 σῶν,
556 551 651 587 και
679 551 859 596 ’τασας
894 534 987 587 ἐπὶ
1035 533 1196 585 πᾶσιν
1248 531 1533 600 οἰκτείρων
1575 529 1860 600 ἀμελλητὶ,
1895 544 1962 580 κα

2092 547 2254 586 censu
2288 547 2394 585 non
2427 533 2797 586 munerandus
2829 550 2844 587 :
2897 535 2988 588 sed
3027 534 3168 588 Deus
3217 544 3272 588 et
3306 536 3358 589 in
3413 535 3575 598 cmlo,
3607 551 3652 591 e:

402 628 808 694 ὲτζιρρωννυων,
841 627 938 678 καὶ
975 623 1312 695 εὐφροσύνην
1355 623 1558 692 ἄφατον
1585 623 1705 683 ταῖς
1759 622 1988 672 ἑκαστα-

401 714 498 783 χοῦ
537 711 628 784 [60
677 713 732 784 aj
779 713 1006 782 φύσεσιν
1066 713 1330 776 ἐνδιδούς·
1392 711 1658 781 περιέχων
1707 709 1860 761 τοῦδε
1889 707 1984 760 τοῦ

401 803 605 865 παντὸς
629 804 730 873 τὴν
765 804 1046 868 σύστασιν,
1097 806 1188 857 καὶ
1247 804 1424 857 πάντα
1465 801 1604 872 ἔχων
1637 800 1726 868 ὑφ’
1768 799 1943 868 ἐαυτῷ
1968 817 1983 829 ·

399 895 496 947 καὶ
529 895 799 965 θεσπεσίῳ
826 895 1075 960 φωτίςων
1101 895 1264 965 φωτὶ,
1291 895 1383 948 καὶ
1409 892 1710 966 εὐεργετῶν
1730 893 1794 962 τῇ
1826 890 1986 943 ἀπλέ-

400 1003 480 1057 τῳ
519 985 680 1040 αὑτοῦ
706 988 954 1058 ἐνεργείᾳ
1003 988 1096 1039 καί
1145 986 1469 1057 αναθοτητι·
1511 985 1579 1039 τὰ
1628 985 1728 1055 μὲν
1774 984 1979 1053 ἀμείνω

398 1081 498 1149 τὴν
525 1078 748 1149 γνώμην
805 1079 898 1130 ἐπὶ
950 1079 1280 1150 τελειότερον
1329 1083 1477 1146 ἄγων
1538 1077 1760 1139 σκοπὸν,
1808 1075 1875 1128 τὰ
1924 1075 1980 1127 δὲ

398 1167 568 1237 χείρω
596 1167 690 1220 καὶ¹
722 1167 1055 1237 πλημμελῶς
1079 1168 1523 1238 ἀναστρεφόμενα
1545 1167 1644 1219 οὐκ
1666 1166 1981 1235 ἀποστερῶν

399 1259 499 1329 τῆς
525 1259 714 1311 ἑαυτοῦ
747 1258 1030 1330 βασιλικῆς
1059 1261 1152 1313 καὶ
1179 1260 1536 1332 ὁμονοητικῆς
1559 1260 1655 1313 καὶ
1684 1261 1981 1331 ἀμερίστου

398 1351 762 1422 προστασίαςο
817 1351 930 1403 ἀλλ’
993 1353 1051 1405 ἐν
1115 1352 1301 1420 ἐφέσει
1341 1352 1613 1406 καθιστῶν
1662 1351 1838 1416 αὐτὰ,
1888 1353 1982 1404 καὶ

398 1442 616 1511 συννοίᾳ
643 1443 738 1511 τῆς
767 1442 1002 1514 χορηγοῦ
1052 1443 1162 1496 τῶν
1194 1443 1388 1496 ὁλικῶν
1447 1443 1665 1511 ἀγαθῶν
1694 1441 1980 1510 ὁμοουσίοιι

398 1533 645 1603 Τριάδος,
677 1535 770 1588 καὶ
801 1536 933 1588 πᾶσι
966 1537 1078 1598 τοῖς
1105 1534 1487 1606 καλὶιιεργοῦσι
1530 1533 1979 1604 συλλαμῦανὸμε-

396 1642 506 1690 νος,
561 1626 698 1695 μετὰ
730 1626 822 1679 τοῦ
855 1627 1071 1680 πάντων
1109 1628 1447 1699 ἐξῃρημένος
1479 1624 1637 1688 εἶναι,
1669 1623 1860 1690 οὕτως,
1897 1627 1977 1680 ὅτι

2089 621 2392 688 nobiscum,
2431 639 2495 677 ac
2547 624 2598 677 in
2651 625 2806 679 nobis
2859 628 3130 680 exsistens
3169 626 3304 696 (89),
3361 630 3542 682 omnia
3605 629 3654 682 in

2085 714 2338 768 omnibus
2404 714 2560 784 135
2613 716 2752 768 bona
2805 716 3075 782 alliciens,
3134 718 3386 772 omnibus
3443 720 3660 788 quidem

2087 805 2540 873 immaterialiter,
2588 807 2706 861 sine
2760 807 2954 876 forma,
3017 810 3134 864 sine
3195 806 3663 882 transﬁgurationc

2085 910 2362 964 praesens;
2420 912 2696 966 nunquam
2753 914 2885 954 vero
2935 916 3056 954 cum
3108 901 3270 956 Patre
3323 903 3661 957 inell‘abiliter

2085 1000 2330 1049 manere,
2391 1002 2454 1041 ac
2510 988 2673 1042 veluti
2729 990 3010 1045 considere
3064 1004 3306 1057 cessans,
3361 1002 3416 1049 et
3465 995 3664 1062 ubique

2086 1076 2336 1145 diffusus,
2361 1088 2414 1133 et
2439 1080 2680 1147 capiens,
2705 1091 2760 1135 et
2790 1082 2844 1135 in
2863 1083 3114 1138 omnibus
3141 1085 3260 1140 sine
3288 1087 3663 1141 commistione

2087 1167 2420 1234 inhabitans,
2452 1180 2507 1224 ct
2541 1173 2590 1226 in
2622 1174 2983 1241 cogitationes
3014 1191 3133 1230 cum
3165 1188 3398 1244 nostras,
3440 1189 3549 1233 tum
3573 1195 3638 1234 eo

2089 1276 2207 1314 rum
2239 1261 2331 1328 qui
2371 1261 2525 1315 nobis
2554 1263 2854 1319 invisibiles
2887 1276 3035 1330 sunt,
3070 1281 3128 1320 se
3160 1267 3464 1334 insinuans,
3489 1279 3545 1323 et
3571 1285 3662 1322 ac-

2087 1359 2276 1404 curate
2327 1363 2580 1406 scrutans
2620 1354 2835 1419 omnia,
2877 1355 3089 1409 etiamsi
3136 1357 3315 1410 omnia
3363 1369 3572 1424 noscat,
3608 1370 3662 1411 et

2084 1443 2202 1498 sine
2231 1458 2362 1498 voce
2403 1445 2686 1511 insonans,
2716 1455 2771 1501 et
2805 1448 3014 1501 animas
3046 1448 3192 1502 intus
3220 1449 3384 1502 tacite
3417 1448 3662 1503 claman-

2084 1544 2166 1588 tes
2190 1534 2507 1599 exaudiens,
2544 1545 2598 1590 et
2640 1551 2733 1590 eas
2779 1553 2970 1592 omnes
3015 1539 3133 1593 sine
3174 1540 3517 1596 cunctatione
3545 1541 3657 1611 (90)

2084 1624 2137 1678 in
2183 1623 2438 1678 omnibus
2489 1625 2858 1680 misericordia
2907 1643 3278 1698 prosequens,
3315 1639 3369 1683 et
3401 1634 3658 1687 corrobo-

471 1827 578 1896 (89)
617 1828 677 1880 In
707 1829 854 1892 cmlo,
888 1840 1024 1883 ειη..
1052 1829 1107 1882 ίη
1137 1830 1282 1883 nobis
1325 1831 1594 1883 exsistens.
1639 1829 1780 1891 llaec,
1831 1827 1964 1880 alia-
2005 1838 2043 1890 Β
2076 1833 2254 1879 turam
2294 1823 2504 1895 [noster
2544 1842 2643 1882 ms.
2672 1828 2835 1880 codex
2861 1829 3061 1882 habet:
3106 1841 3198 1883 seu
3247 1829 3518 1896 quomodo
3552 1829 3653 1883 Pa-

396 1913 501 1966 que
534 1898 854 1962 huiusmodi,
891 1917 1010 1968 (tua:
1057 1915 1226 1968 segni.
1259 1900 1329 1955 60
1357 1918 1388 1953 a
1415 1900 1795 1964 subjiciuntur,
1823 1901 1963 1968 sicut

396 1969 464 2022 iis
494 1969 684 2022 similia
712 1980 855 2032 sunt,
887 1967 1004 2038 qua:
1067 1967 1224 2023 modo
1276 1980 1400 2023 nota
1445 1969 1512 2023 80
1544 1986 1573 2023 e
1599 1970 1734 2023 libro
1761 1968 1839 2021 De
1874 1967 1968 2036 Sp.

397 2039 473 2109 S.
503 2038 798 2109 attulimus,
833 2041 908 2093 ita
953 2039 1129 2109 lucem
1179 2039 1410 2094 afferunt
1473 2046 1817 2109 argumento,
1863 2055 1970 2106 quo

402 2108 476 2160 ibi
512 2108 770 2178 Didymus
808 2110 1020 2176 probat,
1067 2108 1300 2172 Spiritus
1348 2109 1518 2163 sancti
1545 2108 1973 2163 incircumscri-

394 2189 539 2246 ptam
570 2193 688 2232 esse
718 2179 1098 2233 snhstantiam.
1118 2179 1194 2233 Eo
1211 2180 1353 2233 enim
1382 2179 1968 2242 abutitnrAlhertiiius,

394 2249 628 2316 scriptor
657 2249 791 2303 satis
820 2251 1081 2311 eruditus,
1117 2250 1210 2304 sed
1252 2250 1623 2310 Calvinianus,
1679 2249 1772 2303 lib.
1826 2265 1862 2303 ll
1907 2249 1970 2302 de

410 2317 644 2371 Euchar.
679 2335 906 2373 sacram.
931 2334 1050 2387 cap.
1091 2319 1146 2372 2.
1177 2319 1368 2374 Paucis
1403 2329 1566 2373 totam
1608 2320 1768 2388 hujus
1807 2335 1969 2388 argn~

399 2390 787 2442 mcntationem
839 2391 1137 2445 contraho:
1170 2391 1316 2456 piget
1367 2391 1512 2443 enim
1567 2389 1722 2444 binas
1765 2405 1830 2442 ex
1883 2390 1971 2442 illo

395 2458 617 2529 paginas
685 2459 1009 2514 exscribere.
1081 2477 1098 2510 ι
1137 2460 1420 2529 Didymus,
1482 2459 1680 2528 inquit,
1737 2459 1972 2529 Spiritus

392 2528 562 2598 sancti
584 2529 923 2582 divinitatem
964 2528 1308 2598 probaturus,
1335 2539 1710 2597 argumentum
1735 2528 1880 2583 ducit
1905 2531 1970 2583 ab

397 2597 570 2664 ipsius
604 2597 1192 2666 incircumscriplione;
1220 2599 1830 2666 incircumscriptionem
1857 2615 1969 2653 rur-

389 2682 482 2739 sus
509 2669 884 2722 demonstrans
908 2683 970 2722 ex
994 2683 1058 2739 eo
1081 2668 1394 2739 quodsinml
1434 2670 1506 2722 sit
1529 2670 1578 2722 in
1607 2669 1846 2738 pluribus
1889 2669 1966 2722 lo-

391 2737 490 2794 cis.
516 2756 534 2787 ›
562 2739 700 2806 Ergo
730 2741 920 2808 dogma
949 2757 966 2789 ι
994 2737 1644 2792 Τιίιιιειιιιειιιηιίιιιίοιιίειι
1675 2754 1778 2793 ιιοιι
1806 2753 1966 2808 agno-

391 2810 512 2861 scit.
541 2808 596 2860 Si
637 2809 777 2862 enini
814 2809 1012 2862 Christi
1039 2823 1236 2877 corpus
1285 2808 1337 2860 in
1365 2808 1606 2876 pluribus
1647 2809 1805 2862 sinml
1833 2810 1966 2862 locis

390 2890 510 2931 esse
533 2878 914 2945 posset,l’utilis
931 2878 1230 2945 huiusmodi
1255 2879 1391 2931 ratio
1410 2880 1565 2932 l'oret.
1586 2877 1699 2932 Huc
1717 2880 1961 2943 redeunt,

389 2947 520 3018 velit
553 2949 706 3012 nolit,
733 2963 1066 3018 qnzecunque
1095 2948 1300 3001 duabus
1331 2949 1538 3016 paginis
1572 2947 1764 3002 scribit
1790 2951 1950 3001 homo

389 3015 773 3088 heterodoxus.
806 3017 879 3071 Ea
912 3015 1034 3071 duin
1082 3015 1342 3088 legerem,
1393 3015 1562 3085 poetze
1626 3019 1771 3071 illius
1832 3019 1962 3072 mihi

388 3086 443 3139 in
472 3097 701 3141 mentem
736 3089 904 3150 venit,
929 3088 1018 3158 qui
1047 3086 1168 3143 cum
1222 3089 1275 3140 in
1329 3098 1513 3142 vatum
1564 3099 1832 3144 conventu
1880 3099 1962 3141 te-

391 3158 846 3211 tradecastichnm
878 3160 1201 3212 recitaturus
1230 3158 1636 3220 insurrexisset,
1670 3169 1832 3224 atque
1875 3175 1960 3211 ar-

391 3237 702 3293 gumentum
733 3228 1110 3296 gravissimum
1141 3227 1442 3284 histrionali
1472 3229 1690 3283 levitate
1719 3230 1799 3282 sic
1837 3245 1961 3296 pro-

391 3297 692 3363 posuisset:
766 3298 952 3352 tlnter
1024 3309 1178 3352 natos
1226 3299 1509 3352 mulierum
1566 3313 1670 3350 non
1724 3301 1960 3352 surrexit

391 3367 567 3439 major
611 3365 817 3439 Joanne
856 3367 1088 3436 Baptista
1136 3368 1356 3439 (Matth.
1388 3384 1464 3435 xi,
1509 3368 1640 3437 ll):
1682 3387 1700 3419 ι
1739 3384 1878 3438 ergo
1902 3370 1960 3423 Β.

391 3433 555 3505 Virgo
585 3447 668 3489 est
719 3433 1056 3492 immaculate
1100 3433 1376 3505 concepta.
1419 3433 1619 3492 ralins
1669 3433 1888 3506 repetite
1931 3455 1963 3494 e

388 3508 642 3561 secundis
676 3508 891 3562 sedibus
929 3524 1050 3563 eum
1095 3509 1470 3576 interpellans,
1529 3525 1547 3558 ι
1578 3507 1633 3560 ln
1667 3510 1954 3577 principio,

386 3577 586 3643 inquit,
617 3579 820 3648 creavit
845 3581 980 3634 Deus
1007 3578 1297 3642 coaluimet
1341 3589 1538 3631 terram
1563 3577 1716 3645 (Gen.
1743 3594 1779 3640 ι,
1812 3579 1863 3648 1)
1893 3596 1905 3631 :
1937 3598 1955 3630 ι

391 3663 412 3695 ι
442 3661 579 3718 ergo
601 3647 932 3718 philosophia
984 3659 1068 3703 est
1122 3649 1445 3702 necessaria.
1477 3667 1495 3699 ι
1530 3648 1634 3703 Sed
1661 3664 1690 3700 a
1743 3647 1962 3703 ludicris

385 3717 654 3787 adseria;
689 3719 789 3771 nisi
812 3717 1003 3772 tamen
1049 3718 1313 3773 ludicrum
1349 3719 1399 3770 id
1450 3719 1622 3787 ipsum
1670 3727 1770 3782 est,
1816 3720 1958 3786 quod

385 3785 703 3856 refellimus.
746 3788 1056 3842 Catholicos
1083 3789 1286 3843 inducit
1329 3785 1663 3850 Albertinus,
1699 3785 1848 3856 quasi
1877 3791 1960 3842 ni-

385 3855 460 3926 hil
490 3857 632 3909 aliud
663 3860 986 3926 respondere
1017 3859 1248 3918 valeant.
1284 3858 1348 3911 ad
1383 3859 1489 3912 hoc
1541 3855 1726 3911 veluti
1760 3859 1959 3911 latibu-

386 3925 496 3978 lum
555 3925 952 3997 confugientes,
1006 3945 1069 3983 ac
1108 3929 1437 3998 inquientes:
1495 3945 1515 3979 ι
1548 3928 1755 3998 Didymi
1807 3944 1958 3982 mens

386 4004 488 4055 εει,
523 3999 769 4066 angelum
801 4013 920 4052 esse
953 4015 1056 4052 non
1086 4013 1243 4066 posse
1271 3997 1431 4054 simul
1457 3997 1709 4064 pluribus
1738 3999 1792 4051 in
1824 3999 1953 4052 locis

386 4067 607 4130 propria
658 4069 999 4138 naturalique
1039 4073 1257 4132 virtute,
1299 4068 1752 4138 quemadmodum
1780 4066 1944 4136 Spiri-

391 4142 474 4186 tus
505 4144 723 4189 sanctus
743 4139 797 4207 in
839 4139 901 4193 iis
929 4151 1029 4194 est.
1053 4157 1072 4190 ι
1111 4139 1215 4193 Sed
1245 4141 1382 4193 bona
1420 4144 1608 4201 verba,
1648 4153 1852 4207 qnzcso.
1879 4138 1957 4190 Ne

390 4217 490 4256 nos
513 4206 874 4280 tam-stolidos
928 4209 1120 4280 ﬁngas,
1169 4209 1490 4262 Albertine:
1539 4206 1791 4280 non’ita,
1826 4209 1957 4262 mihi

395 4273 581 4348 crede,
607 4275 921 4348 desipimus.
957 4273 1068 4348 Age
1099 4294 1245 4341 vero,
1279 4281 1364 4333 dic
1391 4280 1570 4332 sodes.
1622 4278 1677 4332 Si
1727 4294 1829 4348 ego
1853 4294 1958 4332 non

390 4344 568 4418 omnia
613 4358 731 4411 quae
791 4361 821 4399 a
869 4344 1120 4403 Patribus
1171 4348 1468 4402 ali‘eruntur
1511 4344 1825 4418 argumenia
1880 4350 1960 4401 in-

389 4413 529 4465 victa
585 4420 1162 4489 esse__responderein:
1202 4419 1247 4472 si
1298 4413 1598 4489 Didymum’
1619 4418 1743 4473 alibi
1770 4433 1952 4472 veram

390 4485 878 4558 corporis__Clirisii
929 4490 980 4542 in
1018 4488 1356 4543 Eucharistia
1399 4485 1741 4558 prasentiam
1783 4502 1952 4554 agno-

2082 1905 2166 1949 ter
2192 1910 2297 1948 non
2332 1897 2586 1969 consistit
2614 1898 2662 1948 in
2701 1898 2837 1969 loco,
2889 1916 3008 1951 cum
3042 1900 3181 1952 ultra
3211 1914 3425 1954 omnem
3450 1916 3650 1969 corpo-

2075 1982 2194 2038 rum
2229 1965 2543 2038 naturam];
2577 1967 2733 2038 itaet
2766 1968 3001 2036 Spiritus
3035 1971 3277 2024 veritatis
3309 1965 3648 2038 nequaquam

2076 2034 2458 2106 locorutnifme
2486 2034 2780 2100 clauditur,
2807 2034 2929 2090 cum
2959 2039 3028 2092 sit
3055 2034 3431 2106 incorporalis,
3484 2034 3561 2106 et,
3595 2051 3652 2095 ut

2073 2105 2256 2178 verius
2291 2105 2488 2178 dicam,
2517 2107 2786 2178 excellens
2815 2107 3034 2178 {rectius
3067 2105 3231 2162 codea:
3259 2120 3449 2173 noster,
3485 2105 3650 2164 exce-

2075 2174 2233 2246 dens]
2268 2176 2573 2246 universam
2607 2174 2920 2230 rationalem
2948 2187 3274 2232 creaturam.
3297 2197 3316 2230 ι
3347 2179 3423 2232 Ac
3454 2181 3649 2234 similia

2073 2244 2232 2318 docet
2261 2259 2433 2314 segni.
2464 2244 2590 2318 66_a
2652 2247 3044 2318 hujnsioperis,
3077 2249 3219 2318 quod
3253 2265 3394 2302 nunc
3418 2251 3646 2304 edimus.

2073 2313 2477 2388 Tantumivero
2509 2315 2693 2388 abesth
2720 2313 3356 2388 utiSpiritum'sanctum
3425 2320 3476 2373 in
3531 2323 3649 2388 plu-

2076 2384 2386 2460 ribuslocis
2429 2401 2571 2460 esse
2596 2386 2726 2460 velit
2786 2387 3065 2457 Didymus,
3123 2399 3179 2440 ut
3232 2388 3452 2460 angelos
3505 2384 3650 2460 ipsos

2075 2470 2182 2507 non
2213 2455 2374 2508 modo
2410 2472 2428 2506 ι
2464 2455 2515 2508 in
2558 2455 2692 2509 locis
2725 2475 2742 2507 ι
2782 2455 2902 2512 non
2941 2461 3224 2518 exsistere.
3280 2455 3374 2512 sed
3424 2475 3491 2513 ne
3524 2455 3562 2511 ἰ
3597 2462 3648 2514 iu

2073 2524 2191 2578 loco
2230 2544 2249 2576 ι
2294 2524 2508 2592 quidem
2543 2540 2662 2579 esse
2695 2538 2880 2594 aperte
2917 2529 3126 2582 doceat.
3167 2546 3184 2578 ι
3221 2527 3333 2580 Etsi
3397 2546 3499 2582 non
3541 2531 3646 2584 cir-

2071 2596 2529 2666 cumscrihanlur,
2563 2597 2758 2664 inquit,
2792 2597 2913 2651 loco
2941 2607 2993 2650 et
3021 2599 3237 2661 linibus,
3288 2609 3466 2652 tamen
3524 2617 3645 2666 pro-

2068 2665 2297 2732 prietate
2373 2667 2690 2719 substantiae
2755 2667 3037 2722 liniuntur.
3093 2688 3110 2719 ι
3195 2670 3258 2721 Et
3316 2685 3463 2722 num.
3532 2671 3645 2725 26:

2073 2751 2094 2784 ι
2131 2733 2286 2786 Sicut
2319 2734 2432 2787 loca
2493 2744 2548 2788 et
2590 2740 3042 2792 commutationes
3077 2738 3314 2790 locorum
3369 2740 3436 2793 ab
3471 2741 3646 2794 incor-

2065 2804 2344 2878 poralibus
2371 2819 2718 2878 separamus;
2753 2809 2831 2860 sic
2863 2818 2914 2861 et
2948 2809 3280 2876 prolationes
3307 2807 3476 2878 (intus
3504 2812 3645 2873 dico,

2065 2881 2118 2926 et
2169 2873 2323 2943 foris)
2381 2877 2448 2926 ab
2501 2873 2964 2931 intellectualiura
2996 2889 3188 2931 natura
3242 2873 3641 2934 discernimus:

2065 2946 2189 3016 quia
2224 2944 2342 3016 ista:
2390 2959 2676 3012 corporum
2713 2957 2839 3000 sunt
2891 2949 3259 3016 recipientium
3319 2956 3543 3014 tactum,
3594 2964 3648 3004 et

2065 3013 2372 3067 habentium
2407 3016 2704 3070 vastitates.
2756 3035 2775 3067 ι
2815 3019 2887 3071 De
2919 3013 3015 3070 iis'
3037 3033 3165 3084 ergo
3197 3013 3534 3072 substantiis
3568 3021 3645 3074 lo-

2063 3084 2268 3158 quitur,
2303 3099 2438 3158 quas
2488 3085 2600 3158 vult
2655 3104 2672 3135 ι
2710 3088 2760 3138 in
2813 3087 2926 3140 loco
2963 3106 2981 3137 ›
3040 3103 3143 3140 non
3201 3103 3365 3140 esse:
3421 3105 3645 3158 quaeque

2069 3153 2197 3205 nihil
2253 3155 2426 3221 quoad
2453 3156 2518 3207 ad
2560 3155 2700 3209 hanc
2754 3172 2863 3209 rem
2927 3172 3214 3210 commune
3268 3153 3465 3211 habent
3518 3153 3639 3213 cum

2068 3222 2266 3276 Christi
2301 3238 2527 3290 corpore
2558 3243 2570 3277 :
2605 3227 2704 3278 hoc
2739 3227 2880 3279 enim
2912 3228 3158 3293 quamvis
3211 3228 3528 3287 innumeris.
3581 3245 3645 3282 ac

2068 3308 2204 3360 pene
2258 3293 2490 3347 dixerim
2541 3295 2762 3348 inﬁnitis
2821 3299 2872 3348 in
2925 3298 3056 3349 locis
3086 3306 3317 3362 ponatur
3351 3299 3642 3361 exsistere.

2067 3373 2247 3415 tamen
2284 3379 2384 3416 non
2415 3366 2571 3417 modo
2608 3385 2626 3415 ι
2657 3368 2988 3434 proprietate
3028 3369 3344 3420 substantia:
3381 3368 3588 3434 linitur,
3620 3389 3638 3421 ι

2066 3434 2161 3486 sed
2202 3450 2222 3482 ι
2260 3434 2377 3485 loco
2411 3452 2429 3484 ι
2491 3435 2651 3487 etiam
2684 3458 2702 3486 ι
2733 3452 2796 3488 ac
2854 3438 3048 3490 linlhus
3101 3438 3583 3491 circumscribitur.
3617 3460 3637 3491 ι

2063 3501 2172 3576 Nec
2197 3505 2340 3576 enim
2379 3519 2442 3556 cx
2479 3520 2543 3558 eo
2590 3504 2734 3558 Deus
2787 3506 3293 3576 incircumscriptus
3348 3518 3449 3571 est,
3498 3515 3641 3576 quod

2068 3573 2292 3648 inﬁnitis
2330 3573 2736 3648 locis_pra:sens
2764 3577 2854 3641 sit,
2900 3577 2992 3648 sed
3020 3592 3083 3630 ex
3133 3573 3200 3630 eo
3253 3579 3394 3644 quod
3445 3573 3642 3648 tibique

2064 3644 2134 3716 ita
2172 3658 2406 3710 praesens
2441 3645 2528 3706 sit,
2569 3656 2626 3698 ut
2657 3667 2674 3695 ι
2706 3647 3024 3702 substantia:
3051 3648 3377 3716 pr0prietate
3413 3663 3520 3702 non
3557 3644 3640 3703 Ἰἰ-

2064 3713 2287 3768 niatur:
2322 3731 2340 3764 ι
2385 3723 2631 3769 creatura
2671 3730 2798 3770 vero
2828 3718 2871 3771 si
2915 3717 2997 3771 vel
3027 3713 3252 3770 inlin'itis
3285 3718 3336 3770 in
3372 3718 3503 3772 locis
3557 3722 3634 3774 si-

2063 3782 2172 3835 mul
2205 3784 2472 3838 exsistere
2509 3785 2820 3854 lingeretur.
2856 3788 2907 3840 in
2941 3789 3008 3840 iis
3032 3790 3286 3841 omnibus
3346 3787 3481 3842 locis
3515 3804 3638 3843 cer--

2066 3855 2499 3926 taindquaindam
2531 3857 2976 3924 magnitudinem,
3036 3857 3267 3926 exempli
3316 3873 3500 3923 causa,
3550 3874 3640 3913 aut

2062 3922 2494 3991 intelligentiam,
2565 3922 2657 3979 aut
2708 3927 3000 3990 inscitiam,
3059 3922 3493 3992 etc.,'hahcret,
3536 3947 3640 3982 uno

2062 3993 2248 4066 verbo,
2294 4013 2312 4044 ι
2352 3995 2671 4050 substantiae
2700 4012 2811 4051 suae
2840 3997 3170 4066 proprietate
3202 3997 3466 4052 liniretnr.
3501 4017 3520 4050 ι
3559 4001 3637 4053 Ειι

2063 4063 2250 4132 itaque
2284 4080 2390 4137 quo
2423 4067 2637 4118 tandem
2672 4082 2792 4121 meo
2818 4063 3036 4136 quidem
3063 4067 3270 4134 judicio
3324 4070 3406 4137 (ut
3457 4072 3635 4122 omnia

2063 4146 2170 4207 uno
2201 4135 2528 4202 complectar
2554 4135 2888 4207 syllogismo)
2930 4146 3041 4191 tota
3077 4139 3251 4206 magni
3289 4135 3446 4206 hujus
3477 4138 3632 4193 theo-

2064 4201 2170 4271 logi
2206 4201 2606 4276 argumentatio
2642 4201 2929 4276 redigenda
2959 4210 3048 4261 sit.
3096 4201 3192 4260 ΙΙΙὲ
3238 4201 3636 4262 incircumscri—

2069 4285 2219 4340 piam
2245 4275 2406 4328 habet
2435 4275 2812 4340 substantiam,
2833 4294 2990 4344 quem
3022 4293 3190 4331 sacrae
3233 4279 3524 4345 Scriptura:
3547 4289 3636 4332 ta-

2063 4343 2166 4416 lem
2188 4358 2317 4416 esse
2349 4354 2634 4409 testantur,
2670 4357 2728 4400 ut
2763 4366 2781 4397 ι
2819 4343 3060 4416 pluribus
3092 4367 3110 4396 ι
3150 4349 3278 4415 (ιιοιι
3339 4343 3495 4413 locis,
3547 4351 3638 4401 AI-

2061 4413 2292 4486 hgertine)
2331 4416 2422 4468 sed
2479 4418 2684 4470 sanetis
2729 4413 2840 4470 ιιιιιί
2875 4419 3030 4480 viris,
3058 4413 3166 4470 tum
3199 4419 3404 4486 angelis
3440 4418 3639 4485 ubique

2061 4483 2176 4536 sive
2217 4493 2505 4547 terrarum,
2551 4487 2664 4540 sive
2715 4488 2977 4540 caelorum
3015 4483 3400 4540 exsistentibns
3431 4506 3448 4537 ι
3486 4483 3638 4540 inha-

389 4567 543 4632 scere
565 4553 897 4637 objicerem:
943 4559 1192 4637 siverba
1220 4559 1351 4637 _illa_,
1396 4551 1572 4637 i_(_‘.um
1616 4561 1667 4612 in
1708 4551 1955 4637 pluribus
1990 4569 2030 4624 ι)
2061 4551 2263 4633 bitator
2293 4555 2528 4637 assistat,
2561 4575 2587 4637 ,ι
2629 4572 2692 4636 eo
2745 4558 2864 4637 ipso
2901 4557 3099 4636 .modo,
3149 4572 3256 4636 quo
3298 4556 3418 4637 Dei-
3447 4557 3636 4637 Filius,

388 4623 523 4694 sit,»
557 4627 751 4692 quibus
787 4635 842 4680 ιιι
868 4629 1102 4682 maxime
1125 4629 1392 4692 inniteris,
1417 4629 1555 4682 idem
1588 4644 1669 4693 ac,
1708 4623 1952 4694 iQuam-

386 4693 471 4747 vis
503 4693 556 4767 in
583 4694 823 4767 pluribus
857 4699 952 4764 sit,
981 4717 998 4750 ι
1048 4698 1228 4752 valere
1271 4699 1683 4752 contenderem:
1718 4693 1952 4767 si’argu-

387 4765 554 4837 menti
593 4765 698 4818 vim
742 4781 846 4820 non
884 4769 938 4820 in
976 4783 1041 4822 eo
1080 4768 1496 4837 quodSpiritus
1536 4779 1758 4824 sanctus
1793 4765 1951 4821 sit—in

385 4833 651 4907 pluribus,
697 4837 790 4907 sed
826 4839 970 4907 quod
1000 4856 1019 4888 ι
1047 4833 1110 4892 ιη’
1149 4833 1318 4900 coelo,
1350 4847 1405 4891 et
1448 4839 1754 4901 nobiscum,
1799 4849 1856 4891 et
1900 4840 1952 4890 in

386 4903 568 4977 nobis,
604 4915 658 4960 et
689 4906 758 4959 ab
779 4903 899 4960 οι-ῖιι
929 4909 994 4961 ad
1025 4923 1302 4972 occasum,
1330 4927 1348 4960 ι
1374 4923 1565 4977 nempe
1596 4909 1954 4976 ubique,eum

386 4973 650 5048 exsistere
679 4984 942 5031 testentur
971 4977 1280 5048 Scripturae,
1312 4973 1540 5048 positam
1567 4993 1689 5032 esse
1703 4973 1906 5031 ‘vellem
1939 4995 1952 5030 :

386 5043 518 5112 quid
544 5056 688 5100 esset
707 5049 856 5119 quod
876 5058 986 5119 a_t_e
1015 5043 1185 5119 regeri
1213 5043 1432 5116 pesset?
1463 5065 1482 5097 ι
1509 5048 1641 5114 Vox,
1674 5062 1800 5112 vox,
1821 5063 1960 5119 prae-

389 5123 643 5184 tereaque
663 5117 818 5171 nihil.
846 5136 865 5168 ι
918 5117 993 5172 Ne
1017 5117 1202 5173 videar
1256 5127 1432 5171 tamen
1475 5121 1670 5172 nodum
1715 5129 1806 5172 tuo
1839 5118 1955 5184 qui-

387 5186 508 5237 dem
541 5187 744 5252 judicio
773 5188 1197 5243 inextricabilem
1221 5203 1328 5242 non
1349 5188 1580 5252 solvere,
1611 5189 1704 5242 sed
1727 5189 1953 5255 cmdere,

385 5255 500 5328 haec
543 5270 639 5325 pro
661 5271 766 5328 non
812 5258 968 5312 dictis
1013 5259 1332 5312 habeantur.
1377 5276 1396 5308 ι
1423 5257 1703 5328 Didymus,
1748 5258 1947 5327 inquis,

385 5325 998 5398 incireumscriptionem
1040 5330 1273 5398 Spiritus
1316 5330 1486 5382 sancti
1516 5325 1583 5382 ex
1625 5343 1691 5382 eo
1725 5325 1952 5398 deuitan-

384 5403 541 5468 strat,
583 5397 742 5468 quod,
770 5398 930 5451 simul
974 5399 1044 5453 sit
1081 5396 1138 5454 in
1198 5399 1438 5468 pluribus
1475 5398 1628 5454 locis.
1665 5416 1684 5448 ι
1735 5396 1953 5468 Falsum

383 5465 486 5527 est,
520 5470 663 5538 quod
695 5467 801 5538 ais,
845 5484 976 5537 pace
1025 5478 1113 5523 tua
1159 5465 1409 5534 dixerim,
1450 5468 1749 5523 Albertine.
1796 5467 1957 5538 Didy-

384 5550 503 5589 mus
541 5537 654 5590 ait:
699 5555 716 5587 ι
747 5537 882 5592 Cum
919 5541 972 5593 in
1007 5540 1249 5609 pluribus
1279 5539 1390 5593 sit:
1421 5557 1441 5591 ι
1479 5549 1559 5603 ιιι,
1582 5541 1736 5608 quasi
1767 5537 1955 5592 eodem

381 5615 670 5678 utrumque
710 5609 939 5675 recidat,
980 5608 1163 5662 (Cum
1215 5609 1559 5678 sit,_inquis,
1619 5612 1672 5662 in
1715 5609 1957 5678 pluribus

381 5673 534 5747 locis.
565 5694 585 5727 ι
618 5678 688 5730 At
713 5673 978 5747 nusquam
1016 5681 1269 5747 Didymus
1317 5673 1576 5747 Spir—itum
1626 5673 1871 5732 sanctum
1903 5680 1956 5731 in

382 5744 625 5817 pluribus
665 5765 684 5797 ι
711 5744 848 5801 locis
876 5767 894 5799 ι
926 5765 1046 5803 esse
1068 5744 1392 5803 aﬂirinavit':
1424 5750 1554 5817 quin
1578 5749 1687 5801 imo
1725 5750 1774 5801 id
1802 5764 1955 5803 num.

380 5810 452 5862 25
480 5825 663 5889 aperte
691 5827 872 5889 negat.
909 5836 927 5868 ι
954 5819 1061 5872 Sed
1094 5820 1384 5889 quomodo,
1415 5810 1611 5886 inquit,
1657 5819 1818 5872 Pater
1849 5833 1956 5872 non

381 5887 688 5943 consistens
724 5887 779 5942 in
807 5889 947 5956 loco,
982 5887 1128 5946 ultra
1157 5904 1371 5946 onmem
1399 5902 1688 5958 corporum
1728 5899 1816 5945 est
1843 5904 1948 5944 na-

2059 4623 2212 4692 cujus
2257 4639 2353 4677 vos
2388 4623 2778 4680 Macedoniani’
2810 4623 3338 4694 incircumscriptam
3393 4626 3636 4680 fatemini

2054 4705 2175 4747 esse
2199 4695 2581 4748 substantiam.
2617 4697 2779 4764 Atqui
2811 4696 2969 4749 talem
3034 4713 3154 4752 esse
3205 4696 3466 4765 Spiritum
3513 4714 3638 4752 san-

2063 4771 2210 4836 ctum
2244 4773 2510 4817 testantur
2539 4766 2851 4834 Scripturae.
2875 4767 3013 4834 Ergo
3040 4765 3274 4836 Spiritus
3305 4778 3525 4822 sanctus
3558 4771 3639 4820 in-

2057 4834 2525 4904 circumscriptam
2555 4836 2719 4889 habet
2751 4834 3135 4890 substantiam.

2131 4903 2239 4974 (90)
2274 4902 2398 4978 Sine
2431 4907 2783 4978 cunctatione.
2817 4907 2873 4960 lu
2917 4905 3126 4978 Graeco,
3168 4907 3453 4978 ἀμελλητί.
3490 4907 3634 4962 Idem

2063 4984 2244 5047 autem
2281 4974 2441 5047 valet,
2473 4989 2536 5029 ac
2567 4975 2618 5047 id
2647 4978 2789 5044 quod
2815 4976 3061 5047 superius
3096 4974 3266 5047 segni.
3299 4974 3419 5031 15b
3475 4980 3633 5037 dixit,

2060 5043 2182 5114 δίχα
2214 5043 2546 5114 μελλήσεως.
2577 5045 2631 5098 ln
2666 5043 2978 5111 vulgaribus
3006 5043 3220 5101 Lexic'is
3260 5048 3485 5102 all‘ertur
3532 5065 3632 5102 vox

2060 5113 2313 5189 ᾁμελῃτί,
2336 5113 2517 5189 eaque
2547 5115 2694 5189 nullo
2722 5118 2968 5189 exemplo
3001 5117 3266 5171 illustrata
3294 5137 3306 5172 :
3360 5127 3414 5172 at
3471 5119 3637 5189 ἀμελ-

2058 5184 2182 5255 λητί
2209 5185 2263 5238 ιιι
2299 5185 2713 5255 εἱεαιιιιιῌιΙθρει.
2771 5184 2896 5240 Sed
2929 5191 3030 5242 hac
3095 5190 3264 5242 utitur
3317 5205 3422 5242 non
3474 5184 3636 5244 modo

2056 5253 2450 5325 Constantinus
2497 5253 2761 5310 Maximus
2812 5258 3108 5325 imperator
3170 5259 3222 5312 in
3269 5260 3520 5313 oratione
3569 5263 3634 5314 ad

2055 5324 2248 5379 Patres
2275 5322 2528 5380 Nicaanos
2559 5325 2760 5390 habita,
2795 5342 2858 5381 ac
2887 5322 3248 5384 'Sozomenus
3310 5329 3454 5382 Hist.
3483 5329 3632 5382 Eccl.

2053 5395 2147 5449 lib.
2188 5409 2248 5459 tt,
2280 5409 2398 5463 cap.
2424 5394 2741 5468 ΔΞὲζνιιειιιιιι
2771 5399 2935 5451 etiam
2968 5397 3229 5468 Didymus
3256 5400 3370 5468 ipse
3395 5400 3632 5468 infrag-

2055 5475 2241 5519 mento
2293 5465 2435 5533 quod
2468 5464 2623 5519 all‘ert
2647 5465 2883 5522 Joannes
2924 5464 3291 5523 Damascenus
3338 5471 3390 5523 in
3442 5464 3635 5520 Pani!-

2056 5535 2210 5607 lelt's,
2237 5545 2364 5607 tom.
2419 5534 2456 5599 Ι,
2505 5551 2624 5605 pag.
2659 5537 2803 5604 5-H;
2853 5539 2954 5592 etsi
2979 5539 3122 5593 enim
3177 5541 3245 5592 ibi
3286 5540 3490 5607 legatur
3527 5553 3631 5590 non

2056 5605 2343 5678 ἀμελλητί,
2373 5616 2430 5659 ut
2455 5611 2593 5674 apud
2617 5607 2998 5672 Sozomenum,
3027 5615 3119 5662 sed
3149 5605 3405 5678 ἀμελητί,
3451 5622 3636 5660 emen-

2058 5677 2305 5748 dandum
2331 5686 2511 5729 tameu
2529 5688 2612 5730 est
2660 5693 2724 5731 ac
2756 5679 3101 5733 scribendum
3134 5677 3423 5748 ἀμελλητί,
3448 5685 3636 5748 ut_pa-

2059 5754 2135 5800 tet
2159 5762 2225 5798 ex
2260 5747 2343 5800 his
2370 5761 2490 5814 qua:
2535 5749 2866 5801 antecedunt
2918 5760 2971 5803 et
3016 5743 3636 5816 subsequuntur._Thu-

2057 5816 2275 5885 cydides
2334 5826 2515 5870 autem
2573 5831 2603 5869 e
2657 5821 2934 5873 contrario
2987 5820 3040 5873 in
3097 5814 3211 5874 ιλιι(
3246 5833 3283 5883 ι,
3328 5831 3392 5871 ac
3445 5814 3638 5872 Pollux

2064 5896 2464 5944 «cunctatorem
2492 5905 2511 5938 ι
2547 5887 2816 5966 μελλητήν
2850 5895 3118 5953 dixerunt.
