4082 6406
441 386 544 444 487

1720 383 1957 440 DlDYMl
1997 383 2480 440 ALEXANDRINI

3631 399 3731 457 £83

444 519 570 558 rans
600 502 740 574 (9i),
773 511 828 556 et
859 499 1296 573 inexplicabilem
1341 499 1579 555 lt'ctitiam
1636 501 1890 555 omnibus
1919 501 2030 554 ubi-

2141 499 2285 571 ἆλλῳ
2313 499 2412 571 μὲν
2436 499 2546 554 τῶν
2585 501 2898 556 ἀποστόλων
2950 503 3193 573 διάγοντι
3242 507 3301 560 ἐν
3347 509 3528 582 Ἰνδίᾳ,
3558 514 3735 588 ἑτέρῳ

438 611 548 666 que
577 595 791 668 naturis
841 593 1155 656 infundens,
1192 591 1353 660 hujus
1395 591 1632 647 universi
1679 593 2028 646 constitutio—

442 703 565 742 nem
597 686 906 752 continens,
937 695 993 740 et
1035 685 1219 740 omnia
1251 685 1351 739 sub
1380 685 1676 753 semetipso
1705 684 1932 749 habens,
1977 695 2034 739 et

442 780 623 832 divina
657 779 776 833 luce
807 793 872 832 ea
904 779 1237 841 illuminans,
1279 786 1337 832 et
1382 777 1488 832 illis
1523 777 1786 832 immensa
1826 791 1922 832 sua
1949 776 2032 831 ef-

446 872 655 936 ficacia,
687 888 751 927 ac
793 873 1038 928 bonitate
1073 870 1461 928 benefaciens:
1497 883 1593 926 eos
1633 868 1870 939 quidem,
1918 870 2034 939 qui-

444 964 545 1018 bus
571 963 762 1018 melior
817 963 1049 1018 intentio
1093 972 1198 1034 est,
1247 969 1412 1032 atque
1459 961 1695 1027 animus,
1744 961 1810 1015 ad
1852 962 2032 1032 perfe-

445 1055 673 1110 ctiorem
705 1069 930 1124 scepum
963 1055 1202 1120 ducens;
1242 1069 1472 1122 quorum
1503 1067 1632 1108 vero
1660 1053 1916 1116 deterior,
1953 1063 2034 1108 at-

448 1161 555 1215 que
584 1146 722 1200 adeo
749 1161 916 1216 prava
943 1161 1096 1200 mens
1125 1161 1188 1200 ac
1220 1146 1328 1199 vita
1356 1152 1459 1209 est,
1486 1159 1580 1198 eos
1609 1161 1702 1198 sua
1737 1144 1906 1214 ipsius
1937 1158 2024 1198 re-

447 1240 556 1309 gia,
585 1248 638 1294 et
667 1238 954 1302 concordi,
983 1247 1039 1292 et
1073 1237 1305 1291 indivisa
1347 1237 1746 1308 gubernatione
1776 1253 1880 1290 non
1917 1235 2032 1306 pri-

446 1347 602 1395 vans,
651 1332 745 1386 sed
778 1330 1107 1386 desiderium
1142 1331 1193 1384 in
1225 1330 1305 1384 eis
1356 1329 1704 1400 ingenerans,
1757 1337 1812 1383 et
1853 1329 2034 1383 consi-

446 1426 784 1481 derationem
820 1421 1320 1486 consubstantialis,
1353 1422 1704 1492 omniumque
1731 1423 2031 1491 generatim

446 1519 712 1576 bonorum
766 1516 1064 1585 largitricis
1111 1516 1437 1581 Trinitatis,
1485 1525 1541 1570 et
1581 1516 1836 1570 omnibus
1886 1526 2034 1572 recte

445 1609 797 1680 operantibus
830 1623 989 1678 opem
1017 1605 1219 1670 ferens,
1250 1622 1374 1662 cum
1400 1606 1561 1661 simul
1589 1607 1662 1661 sit
1689 1607 1757 1660 ab
1779 1607 2034 1661 onmibus

446 1711 779 1772 segregatus,
810 1701 910 1754 hac
929 1700 1139 1754 ratione
1168 1698 1605 1768 videlicet.quod
1632 1699 1788 1754 alteri
1814 1699 2034 1768 quidem

447 1796 814 1866 apostolorum
857 1793 969 1862 (92)
1003 1793 1230 1865 136ἰιι
1267 1792 1413 1848 ludia
1467 1792 1578 1866 (95)
1628 1791 1842 1860 degenti
1885 1790 2031 1863 (94),

2139 593 2185 646 δ’
2225 595 2283 646 ὲν
2309 592 2542 663 Σπανίᾳ,
2567 593 2712 665 ἄλλῳ
2745 594 2789 646 δ’
2823 597 2879 646 ἐν
2911 594 3056 666 ἄλλῳ
3085 597 3235 666 τόπῳ
3288 598 3395 662 ἕως
3443 601 3542 672 τῆς
3573 604 3737 676 ἐσχα-

2141 685 2262 748 τιᾶς
2297 687 2398 756 τῆς
2428 686 2532 756 γῆς
2556 726 2572 748 ,
2608 689 2741 758 παρ’
2771 686 2938 740 αὐτοῦ
2970 690 3346 762 νενεμημένῳ,
3381 692 3482 762 τῆς
3529 693 3735 749 ἑαυτοῦ

2140 776 2419 842 ἀπλανοῦς
2457 779 2552 831 καὶ
2585 779 2878 850 ἀκιὸδήλου
2917 781 3190 850 μετεδίδου
3233 784 3457 852 σοφίαςο
3502 784 3564 837 οὐ
3595 784 3734 856 τῷδε

2144 872 2241 940 μὲν
2268 871 2384 935 νῦν,
2421 871 2592 944 ἑτέρῳ
2627 872 2674 924 δ’
2707 873 2787 936 εἰς
2816 869 2972 936 αὖθις
2993 875 3432 948 παραγινόμενος
3451 894 3466 908 ο
3505 877 3626 931 οὐδὲ
3655 879 3733 949 τῷ

2145 963 2242 1034 μὲν
2275 963 2496 1034 μᾶλλον,
2527 962 2606 1034 τῷ
2652 963 2709 1017 δὲ
2736 963 2958 1017 ἔλαττον
3005 967 3303 1028 ἐπιπνέων,
3364 967 3481 1020 ἀλλ’
3527 970 3644 1040 ἅμα
3672 988 3731 1024 τε

2141 1055 2237 1108 καὶ
2267 1055 2483 1125 ἑκάστῳ
2511 1053 2646 1124 ὁμοῦ
2678 1054 2773 1107 καὶ
2803 1054 3235 1125 διακεκριμένως
3265 1057 3352 1109 ἀεὶ
3377 1055 3576 1127 ὁμοίως
3612 1060 3735 1113 ὲπι-

2141 1145 2392 1218 λάμπων,
2456 1146 2600 1200 καθὰ
2654 1147 2746 1200 καὶ
2785 1149 2814 1200 ό
2868 1146 3039 1199 εἰπὼν
3083 1147 3321 1220 Κύριος·
3360 1167 3378 1199 t
3415 1149 3550 1203 Μεθ’
3579 1151 3735 1221 ὑμῶν

2141 1240 2258 1307 εἰμι
2294 1239 2476 1302 πάσας
2497 1238 2597 1301 τὰς
2620 1238 2829 1310 ἡμέρας
2861 1239 2965 1302 ἕως
2989 1239 3088 1310 τῆς
3123 1239 3436 1304 συντελείας
3475 1239 3568 1294 τοῦ
3599 1241 3734 1294 αίῶ-

2141 1347 2251 1393 νος.
2297 1349 2315 1380 ι
2359 1330 2513 1383 Ἐπεὶ
2556 1330 2630 1400 μή
2665 1347 2727 1398 γε
2757 1329 2946 1400 ἐπειδὴ
2975 1331 3131 1382 αὐτοὶ
3179 1329 3278 1401 τὴν
3312 1331 3443 1402 παρ’
3510 1330 3732 1403 Ἰωάννῃ

2143 1423 2404 1494 κειμένην
2438 1422 2714 1490 θεολογίαν
2740 1423 2868 1494 περ)⁵
2901 1421 2994 1475 τοῦ
3035 1421 3354 1493 Πνεύματος
3411 1422 3540 1476 ἔνθα
3586 1418 3730 1486 εἶπε,

2149 1533 2168 1566 ‹
2202 1514 2428 1585 Πνεῦμα
2465 1517 2494 1568 ό
2532 1515 2685 1580 Θεὸς,
2720 1535 2738 1568 ι
2778 1516 3178 1586 μεταφέρουσιν
3228 1518 3309 1580 εἰς
3354 1514 3446 1569 τὸν
3476 1516 3610 1570 Θεὸν
3639 1516 3733 1570 καὶ

2141 1607 2382 1677 Πατέρα,
2420 1607 2672 1677 λέγοντες
2707 1607 2796 1661 διὰ
2835 1607 2895 1660 τὸ
2921 1603 3062 1660 εἶναι
3112 1607 3337 1680 Πνεῦμα
3382 1608 3733 1662 αὺτὸν-οὓτω

2141 1696 2471 1769 γεγράφθαι.
2501 1696 2621 1750 Ἔτι
2653 1697 2711 1751 δὲ
2738 1697 2923 1769 ἐπειδὴ
2949 1699 3260 1769 γέγραπται
3289 1699 3404 1766 καὶ,
3450 1718 3469 1751 ι
3506 1698 3733 1771 Πνεῦμα

2142 1788 2234 1842 τοῦ
2275 1789 2569 1861 προσώπου
2599 1792 2632 1860 ἡ
2643 1789 2759 1860 μῶν
2785 1789 3018 1860 Χριστὸς
3049 1791 3255 1862 Κύριος
3281 1808 3295 1822 ο
3335 1812 3352 1844 ι
3391 1787 3501 1862 ἆρα
3521 1791 3731 1846 καὶτὸν

403 1959 406 1962 Α
445 1888 605 1943 alteri
635 1903 763 1943 vero
793 1887 844 1940 in
883 1885 1144 1957 Hispania
1191 1885 1330 1956 (95),
1382 1884 1541 1940 alteri
1583 1893 1765 1939 autem
1809 1885 1877 1939 ab
1917 1884 2030 1953 ipso

2138 1883 2379 1953 Πατέρα,
2408 1883 2616 1936 καὶτὸν
2647 1883 2799 1948 Υἱὸν,
2829 1883 2924 1937 ἅτε
2957 1883 3205 1956 Πνεῦμα,
3233 1886 3344 1949 τοῖς
3389 1885 3570 1949 ἄλλοις
3603 1903 3728 1938 συν-

519 2068 632 2154 (91)
667 2067 1048 2123 Corroboram.
1079 2065 1284 2133 Codex,
1315 2066 1672 2138 ἐπιρωννύων
1711 2081 1812 2139 pro
1879 2064 2039 2138 ἐπιρ-

483 2157 724 2196 ωννυων.

447 2142 724 2214 ῥωννῦων.

519 2209 632 2280 (92)
688 2207 1086 2279 Apostolorum.
1141 2207 1382 2280 Apostoli
1433 2225 1632 2264 nomen
1710 2225 1816 2265 non
1875 2213 2039 2269 modo

447 2279 729 2336 duodecim
763 2279 1140 2350 illis,rquibus
1187 2295 1218 2334 a
1263 2279 1487 2350 Christo
1535 2281 1673 2348 ipso,
1724 2291 1910 2350 utpote
1964 2286 2033 2339 ab

447 2351 543 2407 illo
575 2368 595 2403 ι
632 2351 868 2412 missis,»
910 2349 1218 2419 impositum
1250 2349 1371 2414 fuit,
1404 2352 1497 2403 sed
1551 2351 1672 2406 aliis
1721 2349 1886 2408 etiam
1935 2356 2034 2409 tri-

445 2421 636 2477 butum
667 2433 769 2474 est.
805 2419 938 2473 Nam
967 2429 1022 2474 et
1065 2419 1291 2484 Paulus,
1343 2428 1397 2474 et
1446 2419 1724 2476 Barnabas
1774 2423 2036 2478 honorifi-

447 2491 765 2546 centissimo
795 2505 860 2544 eo
893 2490 1050 2546 titulo
1101 2507 1222 2547 cum
1270 2507 1297 2543 a
1329 2490 1539 2556 Graeca,
1587 2502 1696 2545 tum
1751 2507 1780 2546 a
1836 2492 2030 2551 Latina

449 2562 690 2633 Ecclesia
720 2561 962 2629 insigniti
997 2573 1158 2633 sunt.
1181 2561 1258 2616 Ac
1291 2560 1488 2633 Paulus
1520 2563 1631 2629 ipse
1677 2564 1726 2616 in
1757 2564 1928 2633 Epist.
1962 2567 2030 2620 ad

439 2631 684 2704 -Pl_tilipp.
720 2647 839 2700 cap.
877 2646 936 2694 ll,
967 2645 1112 2704 vers.
1141 2632 1233 2697 25,
1263 2633 1328 2685 de
1368 2631 1734 2704 Epaphrodito
1785 2631 2029 2704 loquens,

454 2720 474 2755 ι
509 2701 757 2756 Vestrum
781 2711 982 2772 autem,
1018 2703 1211 2772 inquit,
1258 2703 1600 2772 apostolum:
1634 2721 1652 2753 ι
1719 2715 1772 2759 et
1821 2701 2032 2760 Salvia-

447 2788 552 2827 nus
575 2773 627 2826 in
657 2773 830 2840 primo
855 2771 930 2844 De
957 2771 1328 2844 gubernatione
1356 2771 1450 2826 Dei
1479 2787 1497 2826 :
1528 2792 1545 2824 t
1578 2773 2031 2844 Legimus'l‘imo-

449 2845 638 2912 theum
680 2842 982 2912 apostolum
1013 2857 1176 2898 carne
1205 2843 1630 2898 infirmissimum
1661 2842 1880 2900 fuisse:
1924 2866 1942 2898 ι
1975 2856 2032 2901 et

448 2911 816 2984 Hieronymus
848 2913 900 2964 in
938 2911 1243 2967 Chronico:
1307 2931 1325 2964 ο
1356 2912 1620 2983 Reliquia:
1665 2917 1897 2984 apostoli
1936 2917 2031 2971 Ti-

446 2983 648 3037 mothei
676 2983 1195 3052 Constantinopolim
1226 2987 1486 3038 invectaz:
1522 3003 1540 3036 ι
1567 2993 1622 3039 et
1646 2983 1886 3042 Joannes
1933 2987 2033 3042 ΧΧ

449 3054 509 3128 Si.
546 3053 844 3128 Martialem
879 3056 1182 3128 apostolum
1218 3057 1282 3128 in_
1325 3055 1553 3128 epistola
1603 3072 1699 3128 sua
1743 3073 2031 3128 nuncupa-

445 3127 544 3179 vit.
577 3124 830 3192 Quinimo
864 3141 892 3178 a
919 3124 1124 3180 Grmcis
1178 3124 1571 3180 multo'adbuc
1651 3125 1862 3184 facilius
1913 3124 2034 3184 ere-

445 3197 707 3266 briusque
734 3195 1062 3266 apostolicos
1093 3197 1239 3250 viros
1277 3215 1294 3247 ι
1328 3196 1555 3266 apostoli
1591 3214 1609 3248 ι
1653 3197 1811 3252 titulo
1857 3200 2029 3255 dona-

447 3277 535 3321 tos
561 3264 706 3330 esse,
737 3281 899 3334 quam
934 3281 962 3319 a
996 3264 1229 3330 Latinis,
1259 3264 1375 3321 non
1395 3266 1642 3321 dilIiteor.
1677 3267 1753 3322 ita
1779 3267 2032 3326 Clemens

445 3336 501 3410 in
529 3348 722 3406 quarto
756 3335 1113 3410 Stromotunt,
1133 3339 1162 3390 ὁ
1187 3335 1483 3410 ἀπόστολος
1529 3338 1785 3410 [(λήμης,
1835 3341 2030 3408 inquit,

446 3407 499 3460 id
539 3419 622 3463 est
656 3426 692 3479 gl
731 3407 1007 3476 apostolus
1057 3408 1329 3462 Clemens.
1361 3428 1380 3461 ι
1411 3409 1478 3462 Ει
1529 3407 1789 3479 Didymus
1849 3407 2034 3466 noster

444 3493 617 3548 segm.
649 3478 718 3532 93
747 3479 797 3541 b,
829 3479 1164 3549 Stephanum
1206 3479 1336 3533 dicit
1375 3498 1394 3530 ι
1423 3478 1848 3549 duplicicoruna
1884 3483 2026 3535 redi-

444 3547 660 3621 mitum,
689 3547 1110 3621 apostolatltset
1150 3551 1426 3621 martyrii.
1461 3547 1584 3604 {In
1646 3550 1854 3621 Graacis
1902 3567 2032 3606 vero

449 3615 768 3690 Menologiis
806 3628 900 3673 aut
927 3689 930 3690 ν
955 3615 1462 3690 Kalendariis'nibil
1508 3622 1746 3675 occurrit
1780 3620 2033 3690 frequen.

446 3689 575 3743 tius.
602 3687 861 3762 Nant,_ut
883 3689 1021 3762 nibll
1041 3690 1215 3762 dicam
1249 3691 1331 3762 del
1357 3689 1734 3760 llemerologio
1764 3693 1853 3747 illo
1881 3687 2030 3762 quod

444 3759 736 3829 quotannis
768 3757 942 3814 Graeci
981 3759 1220 3814 Venetiis
1270 3761 1458 3822 edunt,
1513 3761 1564 3814 in
1606 3757 1920 3829 Menologio
1953 3779 2029 3817 xu

444 3828 650 3894 saeculi,
689 3832 831 3898 quod
868 3831 922 3884 in
956 3839 1140 3885 nostra
1183 3830 1242 3885 S.
1289 3830 1591 3886 Salvatoris
1638 3828 1892 3887 Bononia:
1942 3834 2026 3887 bi-

443 3899 711 3969 bliotheca
755 3909 953 3965 exstat,
1005 3901 1070 3954 ad
1116 3902 1260 3955 diem
1311 3917 1364 3955 Ix
1405 3898 1659 3956 Octobris
1701 3903 1864 3969 lego:
1921 3903 2028 3958 Τοῦ

442 3968 602 4042 ἁγίου
630 3969 928 4027 ἀποστόλου
960 3971 1227 4025 Φιλίππου
1258 3972 1351 4026 τοῦ
1381 3973 1500 4036 ἐνὸς
1517 3972 1625 4026 τῶν
1655 3968 1815 4038 ἐπτά,
1845 3973 1897 4028 id
1923 3986 2028 4042 est,

451 4040 692 4112 g_Saucti
729 4042 958 4111 Philippi
990 4044 1215 4112 apostoli
1252 4045 1412 4098 unius
1457 4060 1489 4099 e
1523 4055 1750 4112 septem.
1788 4062 1806 4096 ι
1863 4047 1944 4099 Ac
1974 4040 2027 4100 in

443 4107 826 4182 Evangeliario
859 4107 923 4168 ἡ
948 4107 1127 4168 saeculi
1167 4114 1421 4168 Naaiauaa
1467 4107 1804 4169 bibliotheca:
1835 4119 2026 4170 eodem

445 4180 958 4238 titulo'decorantur
1008 4185 1066 4239 S.
1122 4185 1428 4250 Quadratus
1467 4186 1534 4239 ad
1574 4186 1714 4240 diem
1771 4201 1862 4240 xxi
1925 4186 2028 4240 Se—

445 4251 726 4323 ptembris,
756 4253 814 4307 S.
848 4252 991 4310 Silas
1021 4256 1088 4309 ad
1117 4270 1248 4308 nix
1278 4254 1620 4321 Novembris,
1660 4258 1832 4311 sancti
1859 4257 2030 4311 llero-

444 4325 594 4386 dion,
623 4325 859 4394 Agabus,
895 4325 1089 4389 Rufus,
1120 4325 1381 4395 Phlegon,
1415 4336 1470 4382 et
1497 4326 1778 4395 Epaphras
1814 4330 1882 4382 ad
1927 4341 2025 4381 vnt

443 4395 664 4466 Aprilis,
687 4410 758 4449 ac
781 4407 1001 4452 sanctus
1023 4395 1356 4451 Fortunatus
1387 4399 1452 4452 ad
1491 4412 1548 4451 ιιι
1574 4396 1742 4452 Junii.
1776 4397 2025 4462 Demum,

443 4476 503 4537 ut
544 4475 741 4520 caetera
790 4466 1096 4535 huiusmodi
1158 4479 1505 4522 monumenta
1567 4476 1906 4537 praeteream,
1971 4468 2026 4522 in

443 4536 550 4591 alio
581 4537 757 4592 adhuc
787 4538 1067 4592 vetustiori
1100 4537 1513 4606 Evangeliorum
1545 4536 1734 4593 codice
1757 4539 2024 4606 Naniano,

442 4607 742 4663 uncialibus
767 4607 966 4680 litteris
996 4610 1218 4677 scripto,
1247 4609 1314 4662 ad
1361 4609 1655 4680 tOctobris
1701 4609 1845 4663 diem
1893 4611 2027 4680 legi-

445 4689 531 4732 tur
557 4697 572 4733 :
605 4679 698 4742 Εἰς
720 4679 824 4751 τὴν
861 4681 1084 4751 μνήμην
1109 4680 1204 4732 τοῦ
1243 4681 1400 4749 ἁγίου
1421 4679 1718 4733 ἀποστόλου
1760 4679 2024 4745 Ἀνανίου,

441 4751 494 4802 id
520 4760 626 4814 est,
671 4769 689 4801 t
718 4749 825 4804 Pro
859 4749 1380 4806 cont‘tttetuoratione
1410 4751 1581 4806 sancti
1619 4753 1844 4820 apostoli
1881 4752 2029 4805 Ana-

441 4823 564 4876 niae.
601 4839 619 4871 ι
665 4821 920 4890 Idemque
984 4821 1183 4876 ibidem
1233 4823 1419 4877 titulus
1469 4821 1723 4875 tribuitur
1752 4821 1811 4876 S.
1870 4821 2030 4876 Lucae

445 4891 532 4944 die
562 4905 696 4944 xvnt
721 4889 993 4955 OetObris,
1022 4900 1077 4946 et
1104 4891 1164 4946 S.
1203 4891 1461 4948 Onesimo
1491 4895 1578 4947 die
1610 4907 1678 4945 xv
1717 4891 2023 4948 Februarii.

440 4958 598 5016 Hunc
625 4976 788 5029 porro
827 4963 1067 5017 codicem
1101 4965 1296 5017 saeculo
1335 4979 1431 5018 vtn
1486 4974 1769 5019 exaratum
1815 4962 2030 5019 censuit

441 5031 533 5104 qui
559 5047 683 5085 eum
711 5043 841 5104 ante
869 5047 958 5104 me
993 5033 1249 5102 inspexit,
1291 5037 1385 5090 sed
1410 5050 1532 5088 cum
1573 5035 1646 5088 ibi
1692 5035 1752 5089 S.
1790 5033 2028 5104 lgnatius

439 5101 1416 5174 Constantinopolitanus’patriarcha
1453 5101 1912 5160 commemoretur
1959 5105 2026 5158 ad

438 5172 582 5226 diem
615 5187 751 5228 mu
803 5173 1075 5240 Octobris,
1106 5172 1328 5230 idcirco
1369 5185 1497 5230 ante
1525 5177 1779 5230 saeculum
1813 5191 1848 5228 χ
1892 5176 2030 5229 scri-

440 5252 566 5311 ptus
610 5258 716 5298 non
748 5244 890 5300 fuit:
926 5245 1094 5301 libros
1121 5245 1265 5300 enim
1291 5247 1445 5301 chori
1472 5247 1592 5300 usui
1620 5246 1921 5300 destinatos
1944 5243 2029 5299 vel

442 5327 616 5383 usque
646 5317 714 5368 ad
770 5331 826 5371 xi
879 5317 1134 5371 sazculum
1182 5317 1489 5372 uncialibus
1543 5317 1741 5371 litteris
1785 5315 2030 5372 scribere

439 5395 802 5453 perrexerunt
863 5385 1090 5442 librarii.
1144 5386 1263 5441 Jam
1314 5403 1443 5444 vero
1502 5389 1605 5442 etsi
1661 5388 1777 5442 haec
1842 5387 1916 5441 ita
1968 5398 2031 5440 se

442 5455 702 5526 habeant,
759 5471 919 5512 nemo
965 5467 1147 5512 tamen
1206 5459 1553 5522 inficiabitur,
1613 5473 1735 5512 cum
1798 5455 2028 5526 apostoli

444 5527 564 5579 sine
621 5525 994 5582 additamento
1053 5529 1426 5590 nominantur,
1483 5528 1767 5584 duodecim
1820 5528 1940 5582 illos
1997 5542 2029 5580 a

441 5596 662 5670 Christo
687 5599 918 5670 Domith
955 5597 1162 5670 electos
1210 5599 1476 5670 intelligi:
1511 5615 1618 5669 quo
1647 5613 1811 5654 sensu
1860 5599 2030 5668 Didy-

444 5681 566 5738 mus
594 5668 648 5721 in
684 5669 822 5723 libro
850 5667 929 5723 De
953 5667 1098 5733 Spir.
1123 5669 1208 5734 S.,
1243 5667 1410 5724 numf
1426 5671 1484 5736 5,
1516 5667 1592 5724 ait
1621 5687 1633 5722 :
1675 5687 1692 5720 ι
1722 5670 1780 5724 In
1814 5667 2033 5738 aposto-

445 5735 514 5790 lis
562 5739 886 5810 caeterisque
941 5740 1244 5809 discipulis.
1284 5759 1302 5792 ι
1358 5741 1669 5810 Eodemque
1728 5735 1888 5794 modo
1935 5754 2032 5794 no-

445 5811 965 5881 menapostolorum
991 5811 1366 5881 accipiendum
1392 5813 1478 5881 hic
1507 5827 1630 5867 esse
1654 5811 1929 5865 existimo.

519 5877 945 5956 (93)’1n_lndia.
974 5877 1184 5951 Graece,
1213 5883 1298 5947 ὲν,
1336 5880 1514 5954 Ἰνδίᾳ.
1569 5882 1684 5940 Etsi
1735 5890 1917 5939 autem
1965 5895 2031 5940 ea

2156 2065 2304 2135 regio
2332 2064 2580 2119 crebrius
2611 2079 2639 2135 a
2671 2067 2901 2120 vetustis
2928 2064 3287 2134 scriptoribus
3336 2064 3541 2122 Graecis
3586 2067 3730 2123 dica-

2151 2134 2299 2206 ιυιῖή
2347 2136 2560 2208 Ἰνδική,
2601 2134 2869 2208 Jgsepbus
2896 2137 3273 2208 tamenetiam
3311 2136 3364 2191 in
3417 2137 3591 2205 primo
3621 2141 3730 2192 An-

2147 2203 2474 2277 tiquiiatum,
2527 2203 2580 2261 et
2621 2203 2914 2277 Bolya'nus
2981 2205 3169 2258 Ἰνδίαν
3228 2203 3500 2262 dixerunt.
3567 2210 3731 2266 Indiae

2145 2275 2308 2345 perro
2343 2279 2562 2331 nomine
2597 2275 2876 2346 Ethiopia
2905 2277 3070 2331 etiam
3127 2279 3377 2331 denotata
3409 2289 3494 2333 est
3541 2295 3569 2333 a
3625 2278 3731 2334 Pa-

2144 2349 2357 2423 lribus:
2399 2357 2560 2423 atque
2595 2349 2646 2402 in
2685 2345 3077 2423 ltac’Thomam
3131 2348 3432 2423 apostolum
3483 2349 3730 2423 Evange-

2140 2416 2270 2471 liqu
2306 2415 2631 2488 praedicasse
2661 2428 2890 2473 censent
2923 2418 3129 2486 plures.
3165 2415 3271 2473 Sed
3315 2420 3428 2473 haec
3456 2419 3547 2474 alii
3581 2415 3731 2477 vide-

2143 2493 2270 2562 rint.
2306 2490 2457 2556 Quod
2489 2489 2780 2562 attinetuad
2816 2489 2960 2562 hunc
2990 2489 3188 2562 locum,
3230 2489 3441 2562 videtur
3471 2489 3728 2562 Didymus

2140 2558 2344 2613 Indiam
2399 2561 2616 2629 proprie
2668 2559 2870 2612 dictam
2931 2559 3241 2628 designare,
3297 2561 3458 2629 binos
3515 2558 3728 2618 scilicet

2140 2629 2252 2704 poti
2293 2628 2421 2704 tunc
2459 2628 2608 2684 orbis
2627 2629 2772 2704 fines
2801 2639 3076 2698 spectans,
3124 2631 3254 2685 dum
3307 2628 3518 2686 Indiam
3564 2645 3728 2704 atque

2140 2699 2454 2768 Hispaniam
2496 2700 2756 2754 nominat.

2212 2769 2324 2841 (94)
2361 2770 2596 2846 Degemi.
2630 2769 2742 2826 Hoc
2778 2770 2896 2841 ipso
2923 2769 3092 2846 verbo
3126 2788 3259 2846 usus
3290 2779 3411 2829 erat
3440 2771 3728 2846 theologus

2142 2851 2331 2914 noster
2361 2842 2413 2914 in
2445 2845 2586 2910 loco,
2621 2857 2781 2914 quem
2813 2842 2982 2914 attuli,
3005 2853 3121 2898 not.
3155 2843 3244 2908 80,
3283 2859 3406 2914 pag.
3445 2845 3588 2900 l55:
3630 2842 3724 2901 ubi

2141 2913 2286 2966 enim
2331 2912 2476 2966 edita
2527 2913 2860 2982 exemplaria
2901 2913 3129 2980 habent,
3181 2932 3200 2967 ι
3233 2912 3434 2980 oranti,
3471 2934 3490 2968 ι
3525 2915 3726 2972 biblio-

2143 2982 2311 3054 theca:
2338 2993 2536 3036 nostra:
2561 2983 2731 3054 codex
2762 2983 3104 3054 ntskltabet,
3167 3003 3187 3036 ι
3223 2989 3481 3041 moranti.
3512 3006 3532 3040 ι
3597 2988 3727 3054 Quae

2142 3051 2306 3126 lectio
2345 3054 2579 3122 genuina
2615 3053 2850 3126 videtur.
2883 3052 2996 3109 Nec
3033 3055 3140 3109 alia
3177 3055 3409 3112 fortasse
3455 3066 3540 3111 est
3585 3051 3726 3126 apud

2142 3122 2533 3196 Hieronymum
2583 3124 2911 3196 significatio
2975 3128 3148 3194 verbi,
3201 3145 3221 3177 ι
3259 3122 3652 3196 requiesceret,
3701 3149 3720 3181 ι

2144 3192 2291 3266 libro
2313 3192 2654 3249 xbomment.
2671 3196 2726 3266 ia
2750 3193 2979 3260 Isaiam,
2999 3192 3317 3264 cap.'xxxv,
3339 3192 3464 3266 pag.
3485 3198 3613 3264 446,
3637 3192 3726 3256 ubi

2057 3243 2102 3302 (ἒ
2135 3243 3464 3335 gesogiam???orgiigg"z.a“i.1.i3;73m:
3487 3243 3725 3325 ἴδ”ἰίἷὶ

2142 3335 2723 3421 spanias..._pergeret,
2753 3346 2807 3418 et
2835 3338 3205 3421 unusquisque
3235 3339 3298 3421 in
3314 3338 3592 3412 Evangelii
3641 3345 3724 3399 sui

2134 3415 2300 3476 atque
2331 3409 2594 3488 doctrinae
2627 3409 2904 3488 provincia
2933 3411 3323 3478 requiesceret.
3363 3428 3384 3463 ι
3472 3409 3491 3412 ⁷

2205 3476 2319 3552 (95)
2343 3476 2410 3531 In
2436 3476 2482 3531 Η
2492 3493 2716 3552 tspattta.
2735 3476 2945 3552 Graece,
2963 3481 3033 3552 ltv
3059 3479 3290 3552 Σπανίᾳ.
3315 3477 3520 3538 Biblico
3541 3493 3722 3539 autem

2135 3547 2378 3624 notuine,
2407 3557 2462 3602 et
2490 3547 2574 3602 sui
2631 3549 2814 3624 sazculi
2867 3547 3480 3624 scripltoribus'usitato
3532 3553 3725 3624 Hispa-

2134 3619 2279 3699 niam
2315 3630 2512 3699 vocat‘:
2545 3633 2607 3699 ea
2638 3619 2794 3699 enim
2820 3635 2848 3673 a
2896 3619 3142 3699 profanis
3158 3623 3547 3699 _scripl0ri_lms
3587 3619 3725 3699 Ἰὂηο

2135 3688 2248 3760 ρία,
2279 3698 2370 3764 aut
2405 3689 2645 3764 ξξὸηρία,
2677 3692 2745 3744 ab
2779 3688 3064 3764 Irenaaoai
3107 3688 3362 3764 Ἰϐηρίαι,
3394 3694 3478 3764 ab
3504 3688 3726 3751 auctotte

2135 3759 2359 3813 Secundi
2403 3759 2862 3826 Machabmorum,
2914 3761 3144 3823 aliisque
3195 3759 3461 3827 Ἱσπανία,
3535 3769 3631 3820 sed
3693 3784 3724 3821 a

2134 3827 2304 3883 Paulo
2335 3831 2438 3893 bis,
2465 3833 2534 3886 ab
2583 3831 2885 3900 Athanasio
2937 3833 2990 3886 in
3033 3831 3276 3900 Epistola
3325 3837 3395 3887 ad
3436 3835 3723 3891 Iovianum

2132 3901 2524 3970 imperatorem,
2553 3911 2703 3973 tom.
2725 3899 2788 3968 ll,
2821 3918 2946 3973 pag.
2981 3899 3108 3968 785,
3146 3920 3174 3958 a
3215 3906 3573 3960 Constantino
3623 3909 3722 3962 im-

2131 3981 2387 4045 pegatore
2423 3973 2477 4045 ia
2514 3972 2745 4040 epistola
2785 3972 3065 4045 encyclica
3097 3978 3164 4030 ad
3199 3990 3390 4030 omnes
3424 3976 3717 4040 Ecclesias,

2133 4055 2164 4094 a
2197 4041 2413 4096 Gelasio
2439 4041 2730 4113 Cyziceno,
2761 4041 2924 4112 atque
2949 4045 3017 4099 ab
3047 4045 3188 4113 aliis;
3226 4048 3277 4100 in
3332 4045 3542 4102 Graecis
3587 4060 3718 4102 vero

2131 4113 2486 4185 conciliorum
2514 4115 2663 4185 circa
2697 4115 2914 4185 Didymi
2941 4127 3187 4185 tempora
3219 4114 3526 4185 habitorum
3564 4116 3718 4172 Actis

2129 4183 2333 4252 passim
2358 4184 2568 4237 Σπανία
2589 4183 2824 4238 dicitur}
2848 4201 2950 4254 qua
2979 4183 3190 4241 ratione
3225 4188 3366 4251 apud
3393 4183 3716 4255 Gregorium

2128 4268 2346 4338 quoque
2384 4256 2634 4338 Magnum
2675 4256 2990 4338 legimusjn
3027 4259 3188 4338 epist.
3225 4255 3328 4336 llS
3371 4255 3588 4338 lib._tx,
3634 4257 3719 4338 vel

2129 4338 2216 4445 Ep.
2266 4325 2336 4378 45
2381 4325 2475 4407 lib.
2520 4341 2658 4380 xm:
2713 4345 2732 4376 ι
2766 4326 2933 4422 Eunli
2976 4330 3028 4381 in
3062 4325 3352 4408 ’Spanlatn.
3387 4344 3406 4378 ι
3463 4327 3529 4381 Ει
3576 4332 3718 4410 apud

2136 4466 2144 4474 _
2175 4403 2354 4476 eatum
2382 4395 2779 4476 Ltebanensem
2813 4401 3192 4476 presbyterum
3229 4411 3719 4476 tthomaletltartts

2126 4466 2182 4540 in
2204 4468 2610 4540 apgealypsim:
2650 4486 2668 4519 ι
2699 4466 2933 4540 Jacobus
2961 4466 3193 4540 Spania.
3213 4485 3233 4520 ι
3270 4466 3338 4521 Ει
3365 4469 3418 4522 in
3443 4469 3718 4540 Martyro-

2129 4533 2270 4611 logio
2293 4533 2577 4611 Blumano,
2611 4541 2769 4611 quod
2780 4533 3106 4611 Benedictus
3136 4538 3390 4611 Clemeng
3418 4533 3705 4611 Arostégui

2056 4595 2102 4652 D
2132 4595 2605 4679 ln’dissertation'e
2628 4595 2962 4679 eruditionis
2989 4611 3170 4679 plena,
3195 4629 3214 4661 ι
3247 4613 3312 4664 de
3362 4607 3548 4664 Jacobi
3603 4595 3718 4665 ιῗιε-

2125 4676 2262 4745 joris
2289 4678 2672 4749 praedicatione
2692 4679 2747 4734 in
2777 4676 3056 4749 Hispania,
3089 4701 3108 4734 ι
3157 4676 3290 4736 citat
3331 4696 3401 4736 ex
3448 4680 3718 4736 Florenti-

2128 4749 2223 4802 nio
2253 4767 2265 4803 :
2296 4767 2313 4798 α
2339 4748 2779 4820 lHicHSpaniam,
2824 4748 2888 4805 et
2920 4753 3275 4808 occidentalia
3303 4751 3419 4806 loca
3455 4754 3716 4820 praadica-

2131 4827 2236 4894 tur.
2274 4837 2292 4871 ι
2333 4819 2530 4894 Deillo
2569 4831 2750 4875 autem
2792 4823 3060 4894 apostolo,
3106 4837 3269 4892 quem
3322 4819 3582 4894 Didymus
3625 4824 3716 4894 hic

2129 4890 2366 4962 iudicat,
2383 4890 2495 4962 dixi
2515 4890 2569 4962 in
2595 4889 2808 4962 mealad
2831 4889 3144 4948 Arclttmuni
3166 4889 3448 4961 prwsuleni
3471 4893 3711 4962 epistola.

2128 4957 2268 5014 Nulli
2292 4961 2504 5032 scilicet
2524 4961 2682 5015 alteri
2717 4961 2932 5032 Didymi
2962 4965 3126 5018 verba
3155 4957 3351 5018 melius
3385 4957 3714 5019 conveniunt

2128 5045 2291 5107 quam
2330 5031 2380 5085 ei
2413 5032 2506 5102 qui
2535 5047 2601 5087 ex
2631 5031 2914 5107 duodeclm
2953 5034 3212 5107 apostolis
3246 5050 3386 5107 t_mus
3407 5035 3708 5107 exﬁtiterit‘;

2128 5101 2221 5171 qui
2249 5102 2391 5176 inter
2418 5101 2513 5176 eos
2540 5117 2782 5171 praesens
2834 5101 3004 5158 fuerit
3048 5121 3186 5176 quos
3233 5105 3487 5160 Christus
3532 5101 3711 5160 Domi;

2129 5185 2233 5227 nus
2260 5173 2657 5242 alloquebatur,
2706 5189 2828 5228 cum
2871 5176 2970 5241 ait,
3026 5173 3247 5232 t'Eritis
3287 5177 3419 5231 mihi
3477 5187 3712 5231 testes...

2131 5246 2399 5316 usquead
2429 5253 2735 5316 extremum
2769 5255 2927 5300 terra:
2953 5247 3098 5314 (Act.
3148 5263 3190 5315 ι,
3230 5246 3310 5316 8),
3336 5266 3356 5298 ι
3413 5261 3470 5302 ut
3520 5247 3715 5316 colligo

2129 5327 2197 5386 ex
2239 5315 2399 5386 hujus
2445 5315 2656 5386 Didymi
2707 5315 2808 5370 loci
2853 5317 3142 5372 collatione
3189 5315 3314 5372 cum
3345 5334 3496 5373 num.
3529 5316 3563 5372 6
3591 5315 3714 5373 libri

2129 5382 2336 5457 DelSp'.
2363 5382 2576 5451 sancto}
2614 5387 2705 5454 qui
2737 5402 2805 5440 ex
2828 5401 3018 5442 eorum
3071 5404 3298 5445 numero
3339 5391 3411 5443 sit
3459 5403 3595 5457 quos
3641 5407 3659 5439 ι
3682 5402 3714 5441 a

2133 5455 2560 5533 Spiritusancto
2591 5475 2612 5510 ι
2647 5457 2714 5511 ad
2737 5459 3170 5533 concionandum
3202 5455 3714 5533 vevqupévougid

2130 5535 2218 5581 est
2251 5543 2282 5600 ιΔ
2307 5527 2624 5600 distributos
2652 5547 2683 5600 il
2713 5541 2872 5583 vocat
2905 5530 3193 5600 Didymus,
3235 5527 3343 5586 cui'
3369 5527 3578 5586 scilicet
3616 5530 3714 5584 Hi-

2131 5597 2320 5671 spania
2353 5598 2410 5652 in
2438 5613 2503 5671 ea
2531 5599 2919 5656 distributione
2959 5597 3056 5668 per
3088 5604 3362 5671 apostolos
3413 5601 3560 5658 facta
3615 5602 3713 5656 ob-

2134 5668 2349 5742 tigerit;
2406 5669 2496 5742 qui
2551 5671 2773 5742 demum
2827 5672 2883 5726 in
2939 5668 3200 5742 Hispania
3249 5674 3469 5728 biennio
3517 5673 3712 5728 saltem

2133 5747 2227 5810 aut
2268 5739 2501 5810 triennio
2544 5740 2770 5810 διάγων,
2819 5743 2873 5798 id
2913 5755 2997 5799 est
3039 5739 3066 5796 “‹
3099 5756 3466 5799 commoratus
3501 5763 3518 5798 ι
3567 5757 3707 5802 esse.

2132 5807 2318 5887 ibique
2339 5807 2704 5887 Alﬁvangeliu'ml
2740 5815 3065 5883 praedicasse
3103 5816 3211 5871 dici
3261 5825 3443 5884 queat.
3496 5818 3564 5868 At
3603 5815 3705 5887 hu-

2127 5879 2370 5948 iusmodi
2399 5879 2627 5953 magnus
2652 5879 3148 5946 ille—universarum
3171 5879 3410 5957 geniium
3434 5881 3706 5962 apostolus
