4082 6404
367 381 476 447 ἰει

1637 384 1873 442 DlDYMI
1911 387 2384 444 ALEXANDRINI

3552 392 3656 449 492

377 504 546 558 verba
593 511 897 574 repetentes
927 504 1180 576 inquiunt
1213 526 1227 560 :
1286 505 1425 561 Deus
1465 503 1696 560 Verbum
1737 516 1964 563 vocatus

2072 503 2494 576 ἀναστρέφοντες
2550 501 2808 565 πολλάκις
2862 501 2931 555 τὰ
2980 501 3120 555 αὺτά
3169 501 3411 573 ῥήματα,
3449 505 3612 572 φασίν
3639 517 3653 530 ⁶

378 607 462 650 εει
507 595 850 667 Unigeuitus,
893 599 1020 668 quia
1056 597 1294 668 Spiritus
1323 606 1544 654 sanctus
1570 615 1636 654 ex
1679 599 1956 670 hypostasi

378 683 559 741 Patris
587 701 691 741 non
722 687 939 742 exsistit
968 706 982 742 :
1033 689 1272 759 alioquin
1321 690 1434 759 ipse
1465 691 1683 758 quidem
1731 703 1955 746 vocatus

379 791 488 832 non
519 775 708 832 fuisset
732 775 1083 847 Unigenitus;
1122 779 1357 850 Spiritus
1383 791 1516 836 vero
1541 790 1764 836 sanctus
1800 797 1960 836 voca-

382 878 469 924 tus
501 869 692 925 fuisset
723 871 891 941 ipsius
935 871 1102 928 frater
1151 872 1250 944 (5).
1287 871 1364 927 ita
1404 872 1620 942 quidem
1667 872 1744 927 illi
1787 873 1960 928 disse-

381 971 528 1028 runt,
576 979 640 1019 ac
701 965 911 1034 seipsos
963 965 1197 1033 produnt
1243 964 1325 1020 vel
1381 965 1484 1020 sibi
1541 965 1673 1035 ipsis
1727 965 1963 1021 dissimi-

381 1054 462 1110 les
497 1056 596 1125 (4),
636 1055 778 1112 sicut
806 1057 885 1112 eis
908 1057 1186 1113 dissimilis
1227 1067 1312 1112 est
1347 1059 1571 1113 veritas.
1611 1059 1959 1128 Unigenitum

382 1147 520 1202 dixit
574 1147 855 1218 Scriptura
908 1146 1126 1212 Filium,
1173 1159 1284 1203 tum
1337 1150 1464 1220 quia
1514 1150 1663 1206 solus
1691 1152 1961 1222 exhypo-

382 1241 514 1296 Stasi
545 1239 724 1294 Patris
773 1241 983 1311 genitus
1028 1240 1147 1304 fuit,
1199 1257 1302 1296 non
1350 1257 1478 1298 vero
1526 1243 1810 1312 processit,
1853 1244 1962 1298 sic-

380 1340 440 1384 ut
496 1330 729 1400 Spiritus
778 1343 1028 1396 sanctns;
1087 1341 1196 1386 tum
1257 1333 1384 1402 quia
1442 1334 1736 1389 excludere
1789 1335 1962 1391 voluit

380 1422 759 1478 haereticorum
817 1423 1226 1492 blasphemias,
1281 1425 1373 1494 qui
1423 1441 1546 1479 eum
1605 1425 1794 1480 dicunt
1843 1439 1963 1481 esse

382 1524 714 1582 creaturam,
767 1523 823 1568 et
859 1512 1048 1577 lilium,
1099 1515 1241 1570 sicut
1286 1531 1385 1570 nos
1439 1531 1647 1570 sumus.
1699 1514 1960 1586 Spiritum

381 1619 560 1662 autem
595 1618 843 1663 sanctum
881 1609 957 1662 ait
985 1607 1263 1678 Scriptura
1303 1625 1469 1663 unum
1501 1619 1557 1664 et
1597 1609 1775 1665 solum
1817 1625 1960 1677 esse,

384 1710 494 1752 tum
528 1700 652 1768 quia
674 1700 835 1755 unico
863 1700 941 1772 (ὅ)
973 1702 1230 1770 quodam,
1264 1709 1319 1756 et
1348 1701 1612 1771 singulari
1649 1702 1810 1756 modo
1846 1701 1963 1770 ipse

379 1788 644 1856 processit
682 1803 746 1843 ex
786 1789 876 1843 Dei
914 1799 969 1843 et
1013 1789 1189 1842 Patris
1223 1790 1518 1860 hypostasi,
1552 1804 1659 1844 non
1707 1804 1841 1844 vero
1867 1804 1962 1860 ge-

2061 595 2374 667 Μονογενὴς
2429 594 2631 666 ἐκλήθη
2683 598 2712 648 ὁ
2767 594 2902 659 Θεὸς
2934 595 3128 662 Λόγος,
3181 593 3368 666 ἐπειδὴ
3395 595 3456 648 τὸ
3501 596 3659 664 άγιον

2063 685 2292 756 Πνεῦμα
2315 686 2414 738 οὐκ
2446 686 2510 738 ἐκ
2539 685 2639 754 τῆς
2686 684 3037 748 ὑποστάσεως
3083 688 3229 738 ἐστιν
3287 685 3382 757 τοῦ
3422 687 3655 758 Πατρός.

2077 775 2228 828 Ἐπεὶ
2262 773 2428 838 αὐτὸς
2483 776 2582 844 μὲν
2635 776 2736 828 οὐκ
2785 775 2852 829 ἂν
2901 771 3094 845 ἐλέχθη
3138 776 3484 848 Μονογενὴς,
3515 778 3659 832 τὸδὲ

2063 867 2220 936 ἆγιον
2286 866 2514 938 Πνεῦμα
2577 866 2994 938 προσηγορεύθη
3053 867 3119 921 ἂν
3179 868 3406 937 ἀδελφὸς
3469 869 3658 928 αὐτοῦ.

2075 960 2302 1013 Ἐκεῖνοι
2330 959 2428 1030 μὲν
2457 959 2653 1023 οὕτως,
2683 959 2933 1030 καὶπρὸς
2968 961 3195 1023 ἑαυτοὺς
3219 961 3662 1030 ἀνομοιούμενοι,

2061 1053 2097 1121 ἡ
2127 1035 2184 1104 δὲ
2213 1051 2440 1121 ἀλήθεια
2465 1051 2601 1121 πρὸς
2627 1050 2842 1113 αὐτούς.
2877 1052 3188 1122 Μονογενὴς
3211 1051 3540 1122 γέγραπται,
3572 1053 3662 1106 διά

2063 1161 2123 1197 τε
2157 1145 2217 1196 τὸ
2247 1144 2408 1215 μόνον
2433 1143 2760 1213 γεννηθῆναι
2789 1144 2853 1194 ὲκ
2883 1141 2982 1211 τῆς
3023 1144 3376 1206 ὑποστάσεως
3401 1145 3495 1198 τοῦ
3550 1147 3662 1199 Πα-

2062 1235 2211 1308 τρὸς,
2243 1235 2335 1288 καί
2370 1235 2443 1305 μὴ
2470 1233 2890 1304 ὲκπορευθῆναι,
2925 1233 2999 1295 ὡς
3025 1233 3085 1285 τὸ
3111 1233 3266 1300 άγιον
3291 1233 3514 1305 Πνεῦμα
3532 1255 3543 1266 ⁸
3572 1235 3663 1291 διά

2063 1344 2122 1381 τε
2153 1327 2213 1381 τὸ
2251 1326 2640 1381 ἀποκλείεσθαι
2669 1325 2769 1389 τὰς
2803 1325 3154 1395 βλασφημίας
3206 1326 3522 1396 αίρετικῶν,
3575 1326 3664 1378 λε-

2062 1420 2268 1489 γόντων
2295 1420 2456 1474 αὑτὸν
2490 1419 2696 1490 κτίσμα
2727 1419 2821 1471 καὶ
2848 1419 2980 1480 υἱὸν,
3012 1418 3088 1480 ὥς
3132 1418 3301 1488 ἐσμεν
3332 1419 3511 1490 ἡμεῖς.
3551 1419 3662 1472 Καὶ

2064 1512 2124 1566 τὸ
2154 1512 2309 1581 ἆγιον
2339 1511 2396 1564 δὲ
2435 1510 2662 1581 Πνεῦμα
2696 1510 2753 1563 ἓν
2794 1511 2889 1563 καὶ
2923 1509 3082 1580 μόνον
3121 1508 3259 1562 εἶναι
3308 1510 3660 1580 γέγραπται,

2063 1606 2153 1660 διά
2179 1623 2238 1659 τε
2267 1605 2329 1658 τὸ
2358 1604 2583 1667 ὲνιαίως
2612 1604 2709 1657 καὶ
2743 1603 2917 1674 μόνως
2943 1603 3074 1655 αὐτὸ
3102 1605 3166 1655 ἐκ
3190 1603 3287 1673 τῆς
3317 1603 3664 1664 ὑποστάσεως

2063 1697 2158 1751 τοῦ
2184 1697 2320 1751 Θεοῦ
2353 1697 2446 1750 καὶ
2480 1695 2694 1766 Πατρὸς
2720 1694 3138 1765 ὲκπορευθῆναι,
3164 1696 3257 1748 καὶ
3290 1697 3364 1766 μὴ
3394 1693 3660 1766 γεννηθῆ-

2065 1808 2176 1852 ναι,
2207 1788 2282 1854 ὡς
2311 1791 2340 1842 ὁ
2374 1788 2499 1852 Υἱός
2524 1803 2536 1816 ·
2565 1787 2654 1842 διά
2686 1806 2746 1840 τε
2800 1788 2862 1840 τὸ
2904 1788 2977 1858 μὴ
3009 1787 3237 1858 κτίσμα,
3294 1788 3371 1851 ὼς
3427 1787 3496 1840 τὰ
3527 1786 3663 1840 ἄλλα

379 1881 525 1936 nitus
556 1891 674 1947 est,
711 1883 852 1936 sicut
899 1881 1108 1937 Filius:
1149 1892 1260 1936 tum
1288 1883 1449 1936 etiam
1489 1898 1557 1938 ne
1601 1883 1959 1953 suspicemur,

2072 1879 2376 1952 πνεύματα,
2419 1881 2788 1936 ὑπονοεῖσθαι.
2849 1878 2921 1932 Τὸ
2953 1878 3061 1949 γὰρ
3089 1879 3146 1931 ἓν
3197 1877 3321 1932 οὔτε
3381 1878 3664 1938 ἀλλότριόν

377 1989 503 2030 eum
532 1988 653 2030 esse
678 1985 1004 2039 creaturam,
1033 1987 1092 2030 ut
1121 1986 1248 2031 sunt
1277 1975 1366 2030 alii
1414 1977 1659 2047 spiritus.
1699 1977 1833 2032 Nam
1869 1979 1958 2046 qui

379 2075 463 2120 est
497 2083 637 2122 unus
667 2067 906 2138 Spiritus
941 2067 1046 2138 (6),
1081 2069 1291 2124 alienus
1347 2085 1454 2124 non
1503 2079 1586 2125 est
1623 2069 1692 2124 ab
1722 2070 1961 2125 essentia

381 2158 581 2224 l‘atris,
612 2175 793 2230 neque
822 2159 890 2216 ab
922 2161 1132 2216 unitate
1164 2161 1334 2230 illius,
1379 2164 1522 2231 quod
1553 2177 1718 2216 unum
1747 2171 1851 2228 est,
1879 2176 1962 2216 se-

374 2253 642 2322 jungitur,
696 2254 789 2308 sed
823 2269 986 2309 unum
1040 2269 1164 2308 cum
1213 2269 1278 2308 eo
1316 2263 1446 2310 est:
1490 2269 1665 2324 neque
1714 2263 1960 2324 respectu

380 2343 526 2400 illius
557 2355 662 2415 [aut
698 2345 894 2412 minor,
928 2345 1274 2417 subjectusve
1308 2356 1414 2411 est,
1451 2354 1544 2400 aut
1581 2346 1746 2400 alium
1779 2344 1958 2411 habet,

382 2439 472 2507 qui
498 2438 924 2504 connaturalior,
953 2441 1230 2509 magisque
1250 2455 1373 2495 cum
1399 2439 1544 2494 illius
1565 2440 1804 2494 essentia
1833 2453 1963 2492 con-

379 2534 608 2603 iunctus
631 2534 723 2601 sit,
761 2543 855 2588 aut
887 2534 996 2588 Deo
1027 2534 1383 2603 propiuquior
1413 2551 1426 2587 :
1465 2548 1641 2602 neque
1672 2541 1847 2601 potest
1878 2530 1957 2602 (7)

383 2635 476 2680 aut
499 2639 758 2681 numerus
782 2625 987 2688 vocari,
1019 2639 1140 2679 cum
1180 2624 1451 2693 pertineat
1478 2625 1544 2678 ad
1575 2623 1841 2678 unitatem
1871 2635 1960 2676 es-

382 2719 593 2783 sentia,
620 2728 714 2770 ant
755 2717 898 2771 inter
931 2731 1018 2770 res
1071 2716 1365 2783 productas
1421 2715 1700 2780 collocari,
1761 2716 1964 2787 quippe

382 2809 474 2878 qui
505 2823 610 2862 una
627 2822 749 2863 cum
773 2805 956 2874 Patre,
981 2819 1031 2861 et
1056 2807 1195 2862 Filio
1217 2807 1460 2860 omnium
1504 2822 1684 2861 rerum
1713 2808 1964 2862 conditor
2010 2801 2012 2803 ’

383 2910 490 2956 εει.
520 2899 717 2969 Nequit
745 2913 874 2969 ergo
903 2913 1042 2953 unus
1062 2907 1286 2954 sanctus
1309 2897 1546 2968 Spiritus
1569 2908 1662 2953 aut
1686 2898 1848 2953 unius
1865 2897 1964 2952 Pa-

384 2994 503 3057 tris,
542 2993 768 3047 nniusve
807 2991 929 3046 Filii
982 3006 1102 3046 esse
1149 2990 1458 3053 dissimilis,
1503 2999 1596 3044 aut
1631 2989 1962 3045 multitudini

382 3085 672 3157 spirituum
713 3081 929 3138 similis.
1009 3079 1472 3148 Quemadmodum
1523 3080 1666 3134 enim
1719 3080 1965 3150 quamvis

383 3191 528 3229 unus
591 3175 661 3228 sit
721 3173 861 3229 Deus
924 3183 981 3228 et
1041 3171 1246 3234 Pater,
1328 3179 1382 3225 et
1444 3187 1582 3226 unus
1630 3169 1804 3226 Filius
1869 3185 1964 3224 ve-

2065 1975 2181 2026 ἐστι
2212 1971 2273 2025 τὸ
2303 1969 2527 2042 Πνεῦμα
2571 1972 2674 2042 τῆς
2701 1971 2889 2035 οὐσίας
2932 1971 3027 2024 τοῦ
3063 1971 3298 2041 Πατρὸς,
3330 1967 3452 2022 οὔτε
3477 1967 3663 2039 διώρι-

2065 2085 2188 2123 σται
2227 2067 2328 2138 τῆς
2351 2067 2487 2139 πρὸς
2513 2066 2574 2119 τὸ
2602 2066 2659 2119 ἓν
2696 2065 2945 2128 ὲνώσεως
2972 2081 2984 2093 '
3027 2063 3151 2117 οὔτε
3208 2064 3346 2134 πρὸς
3380 2065 3575 2127 ἐκεῖνο,
3625 2063 3663 2132 ἢ

2065 2159 2258 2230 ῦφεσιν
2286 2160 2476 2230 ἕχει,ἢ
2509 2159 2603 2232 [Gl
2645 2159 2712 2231 a]
2743 2158 2902 2212 ἄλλον
2932 2158 3127 2211 ἑαυτοῦ
3172 2158 3373 2229 μᾶλλον
3421 2157 3668 2228 συμφυέ-

2067 2269 2274 2323 στερον,
2309 2253 2343 2324 ἢ
2372 2251 2625 2323 ἁγχίθεον
2649 2269 2662 2283 ·
2695 2250 2806 2304 οὔτ’
2833 2252 3108 2321 ἀνέχεται,
3137 2251 3170 2321 ἦ
3203 2250 3437 2322 ἀριθμὸς
3490 2266 3665 2321 προσ-

2067 2344 2446 2416 αγορεύεσθαι,
2481 2345 2584 2415 τῆς
2617 2343 2802 2406 ὲνάδος
2837 2343 3025 2406 οὐσίας
3051 2341 3130 2408 ὃν,
3162 2342 3196 2412 ἢ
3229 2345 3339 2404 τοῖς
3369 2341 3664 2411 παρηγμέ-

2067 2454 2177 2500 νοις
2201 2434 2612 2501 συντάττεσθαι,
2643 2433 2753 2488 τῶν
2799 2435 2976 2488 πάντα
3002 2432 3434 2504 παραγαγόντων
3461 2433 3558 2484 σὺν
3585 2431 3665 2500 τῷ

2067 2529 2240 2599 Πατρὶ
2269 2529 2363 2581 καὶ
2392 2527 2468 2597 τῷ
2495 2525 2608 2596 Υίῷ
2647 2527 2934 2596 τυγχάνον.
2975 2527 3048 2578 Οὐ
3097 2525 3321 2578 δύναται
3365 2521 3458 2578 οὖν
3491 2524 3552 2577 τὸ
3603 2523 3668 2576 ἓν

2066 2618 2218 2687 ἅγιον
2247 2617 2490 2688 Πνεῦμα,
2517 2615 2640 2670 οὔτε
2670 2617 2745 2688 τῷ
2777 2619 2858 2670 ἐνὶ
2880 2619 2995 2670 Πατ
3008 2618 3079 2688 ρἰ,
3105 2617 3138 2688 ἢ
3165 2617 3242 2688 τῷ
3269 2617 3350 2669 ἑνὶ
3385 2615 3498 2686 Υίῷ
3524 2611 3664 2670 εἶναι

2067 2711 2338 2781 ἀνόμοιον,
2361 2709 2483 2762 οὗτε
2501 2709 2577 2778 τῷ
2599 2708 2794 2779 πλήθει
2813 2708 2921 2761 τῶν
2945 2709 3274 2779 πνευμάτων
3291 2709 3496 2778 ὅμοιον.
3515 2706 3666 2760 Καθ-

2067 2805 2210 2874 άπερ
2247 2803 2355 2872 γὰρ
2376 2801 2492 2864 ἐνὸς
2516 2801 2668 2864 ὄντος
2700 2800 2835 2853 Θεοῦ
2867 2802 2960 2854 καὶ
2995 2800 3231 2870 Πατρὸς,
3263 2800 3359 2853 καὶ
3383 2799 3501 2861 ἐνὸς
3531 2797 3668 2851 Υἱοῦ

2067 2893 2344 2964 ἀληθινοῦ,
2384 2894 2583 2958 πάντες
2631 2893 2680 2945 οἱ
2725 2892 2846 2947 κατ’
2878 2893 3062 2946 εἰκόνα
3106 2892 3172 2944 δι’
3219 2891 3534 2960 ἀγαθότητα
3571 2891 3666 2942 καλ⁹

2067 2985 2330 3055 ἀφθονίαν
2356 2984 2522 3038 αὑτοῦ
2557 2983 2870 3055 ἐκλήθημεν
2915 2984 3030 3037 θεοὶ
3072 2983 3165 3036 καὶ
3193 2983 3318 3048 υίοὶ,
3366 2984 3466 3035 οὐκ
3510 2982 3664 3044 ὄντες

2066 3081 2132 3149 τῇ
2180 3078 2409 3148 ἀληθείᾳ
2458 3076 2601 3131 κατά
2647 3076 2728 3140 τὸ,
2774 3095 2792 3131 ι
2839 3074 2981 3144 Ἐγὼ
3029 3071 3190 3128 εἶπα’
3227 3075 3352 3127 Θεοί
3403 3075 3528 3127 ἐστε
3570 3073 3666 3127 καὶ

2069 3169 2176 3222 υἱοὶ
2229 3169 2484 3238 Ὑψίστου
2511 3169 2714 3231 πάντες
2734 3185 2747 3198 ·
2789 3186 2808 3218 ›
2847 3166 3019 3230 οὕτως
3046 3167 3163 3230 ἐνὸς
3191 3167 3283 3220 καὶ
3313 3166 3475 3236 μόνου
3510 3164 3666 3227 ὄντος

381 3283 496 3331 rus,
532 3266 691 3337 139
718 3281 907 3321 omnes
943 3275 1144 3328 tamen,
1173 3263 1262 3333 qui
1286 3263 1352 3317 ad
1388 3261 1506 3332 ejus
1538 3261 1827 3331 imaginem
1873 3275 1966 3316 su-

2074 3262 2227 3330 ἀγίου
2263 3237 2580 3330 Πνεῦματος
2611 3259 2890 3330 ἀληθείας,
2911 3258 3081 3312 πολλὰ
3112 3258 3398 3328 πνεύματα
3421 3257 3663 3325 λέγεται,

381 3374 528 3427 mus,
555 3359 628 3414 dii
649 3367 704 3413 et
744 3358 836 3412 lilii
871 3357 941 3412 ob
1005 3355 1149 3411 illius
1202 3354 1500 3410 bonitatem
1563 3364 1619 3408 et
1667 3353 1968 3408 liberalita-

379 3461 516 3519 tem,
547 3451 670 3506 licet
704 3451 878 3519 reipsa
909 3464 1013 3503 non
1048 3448 1243 3514 simus,
1312 3447 1485 3502 vocati
1541 3446 1763 3511 fuimus,
1809 3445 1963 3516 juxta

382 3545 539 3609 illud,
571 3563 590 3597 ι
633 3543 746 3615 Ego
782 3542 892 3598 dixi
923 3542 1000 3613 (8)
1035 3557 1048 3593 :
1084 3541 1162 3595 Dii
1208 3540 1363 3603 estis,
1392 3549 1446 3592 et
1471 3537 1564 3591 lilii
1595 3537 1805 3593 Excelsi
1851 3553 1968 3592 om-

382 3653 485 3694 nes
502 3653 553 3702 :9
587 3637 660 3692 ita
678 3635 780 3690 etsi
806 3651 946 3688 unus
973 3634 1042 3687 sit
1068 3643 1122 3687 et
1149 3631 1295 3686 solus
1323 3631 1558 3701 Spiritus
1577 3639 1802 3684 sanctus
1824 3631 1968 3682 veri-

385 3723 537 3787 tatis,
565 3721 721 3776 multi
753 3730 934 3774 tamen
973 3720 1200 3787 spiritus
1228 3718 1506 3780 dicuntur,
1539 3715 1630 3784 qui
1685 3729 1792 3768 non
1841 3723 1969 3768 sunt

383 3824 582 3871 natura
617 3812 851 3882 Spiritus
875 3810 990 3863 Dei.
1023 3809 1191 3861 Porro
1233 3805 1307 3875 (9)
1339 3805 1576 3859 haeretici
1603 3803 1734 3858 nihil
1781 3803 1849 3858 de
1902 3817 1968 3857 eo

386 3904 626 3970 solliciti,
660 3912 719 3958 ut
746 3902 944 3956 divinis
979 3899 1244 3969 theologis
1278 3906 1641 3951 consentanea
1671 3893 1855 3951 dicere
1884 3895 1968 3949 vi-

385 3999 637 4062 deantur,
663 3997 766 4050 alia
789 4008 1006 4063 quoque
1035 3992 1228 4045 all'erre
1253 4004 1358 4044 non
1391 3998 1646 4042 verentur
1668 3986 1822 4042 valde
1845 4001 1970 4056 per-

387 4088 618 4143 niciosa.
651 4085 835 4156 Neque
861 4100 989 4140 vero
1035 4083 1304 4153 quispiam
1346 4089 1637 4149 antequam
1691 4078 1744 4133 id
1787 4093 1966 4145 onme,

388 4180 532 4253 quod
596 4179 838 4234 dicturus
912 4193 1052 4242 sum,
1111 4175 1376 4240 audierit,
1431 4187 1517 4227 me
1575 4172 1968 4241 reprehendat,

389 4275 537 4342 quod
564 4269 868 4342 perniciosa
895 4283 1080 4323 vocem
1115 4282 1234 4336 quae
1266 4265 1337 4320 illi
1375 4263 1640 4319 alterunt:
1679 4278 1775 4318 eos
1821 4263 1968 4319 enim

388 4361 470 4416 sic
500 4359 648 4430 loqui
674 4359 995 4429 comperiet,
1021 4368 1081 4411 ut
1109 4357 1322 4411 illorum
1380 4356 1622 4409 virorum
1685 4353 1850 4408 menti
1906 4367 1971 4408 ac

389 4454 675 4508 sententiae
720 4449 1006 4506 manifesto
1057 4448 1380 4519 repugnent,
1437 4447 1530 4518 qui
1589 4447 1701 4503 Deo
1753 4445 1973 4502 alliante

389 4543 681 4612 scripsere,
714 4540 915 4613 qui‘que
947 4543 1145 4597 donum
1177 4541 1278 4595 hoc
1306 4556 1334 4594 a
1366 4539 1479 4595 Deo
1534 4539 1859 4603 habuerunt,
1911 4548 1971 4593 ut

2073 3356 2174 3409 οὐκ
2201 3353 2330 3406 ὄντα
2358 3354 2424 3423 τῇ
2456 3351 2615 3421 φύσει
2646 3351 2936 3422 πνεύματα
2962 3350 3056 3404 τοῦ
3084 3350 3242 3405 Θεοῦ.
3272 3350 3346 3403 Οὐ
3377 3349 3670 3419 βλέποντες

2074 3443 2170 3496 καὶ
2189 3443 2677 3512 ἀνασκεπτόμενοι,
2708 3443 2856 3505 ὅπως
2881 3441 2946 3495 ἂν
2968 3444 3080 3505 τοῖς
3103 3440 3372 3508 θεολόγοις
3398 3439 3672 3509 φαίνοιντο

2076 3533 2372 3604 συμϐαῖνόν
2399 3550 2452 3586 τι
2485 3532 2756 3601 λέγοντες,
2789 3533 2890 3585 οὐκ
2922 3531 3141 3586 ὀκνοῦσι
3173 3531 3269 3584 καὶ
3305 3530 3442 3585 ἄλλα
3475 3529 3669 3597 ἐπιφέ-

2079 3643 2192 3697 ρειν
2249 3624 2507 3696 βλαϐερά.
2561 3625 2672 3676 Καὶ
2722 3624 2834 3694 μοὶ,
2865 3623 2996 3693 πρὶν
3041 3624 3278 3687 ἅπαντος
3318 3621 3548 3676 ἀκοῦσαι
3573 3616 3669 3672 τοῦ

2074 3721 2256 3788 λόγου,
2298 3717 2580 3788 μέμψηται
2637 3716 2771 3787 μηδὲ
2821 3711 2924 3779 εἷς,
2973 3717 3022 3768 εἰ
3073 3715 3280 3786 βλάϐην
3325 3713 3396 3766 τὰ
3440 3712 3669 3766 ἐκείνων

2075 3810 2248 3865 καλῶ.
2281 3810 2517 3880 Εὑρήσει
2545 3808 2673 3878 γάρ.
2715 3808 2796 3859 ὅτι
2835 3807 3187 3875 φθέγγονται,
3231 3805 3492 3876 ἄντικρυς
3519 3805 3666 3857 ἀντιο

2076 3903 2404 3973 πράττοντες
2449 3903 2514 3972 τῇ
2557 3898 2752 3970 γνώμῃ
2793 3899 2902 3952 τῶν
2949 3899 3227 3970 θεηγόρων
3269 3895 3499 3968 ἀνδρῶν,
3533 3894 3582 3948 οἳ
3607 3894 3667 3946 τὸ

2076 3996 2205 4066 περὶ
2226 3994 2382 4047 τοῦτο
2407 3993 2728 4065 διαπρέπειν
2758 3989 2906 4062 εἶχον
2929 3993 3079 4063 παρὰ
3097 3991 3190 4044 τοῦ
3209 3989 3345 4043 Θεοῦ
3378 3993 3435 4044 ὲν
3461 3989 3670 4059 δωρεᾶς

2080 4085 2256 4157 μέρει.
2296 4085 2528 4152 Λέγουσι
2581 4086 2724 4154 γάρ·
2766 4084 2827 4136 El
2873 4083 3007 4146 Θεὸς
3061 4082 3123 4135 τὸ
3163 4081 3318 4150 ἅγιον
3355 4080 3600 4150 Πνεῦμα,
3632 4078 3670 4151 ἢ

2078 4176 2290 4247 Πατὴρ,
2327 4175 2360 4245 ἢ
2411 4175 2539 4249 Ὺξὶός
2579 4176 2755 4227 ἐστιν·
2805 4175 2881 4244 μὴ
2907 4173 2966 4228 ὂν
2999 4173 3055 4226 δὲ
3100 4171 3307 4226 τούτων
3341 4171 3528 4242 μηδὲν,
3565 4170 3666 4222 οὐκ

2077 4268 2192 4320 ἐστι
2223 4268 2375 4331 Θεὸς,
2398 4267 2474 4331 ὡς
2508 4267 2630 4319 οὐδὲ
2671 4265 2740 4319 τὰ
2781 4266 2917 4320 ἄλλα
2957 4264 3261 4336 πνεύματα.
3308 4261 3672 4334 Ἀπαντητέον

2076 4361 2255 4413 τοίνυν
2280 4361 2462 4423 αὐτοῖς
2490 4359 2712 4412 οὑτωσί·
2751 4359 2964 4429 Ὥσπερ
3001 4358 3132 4420 Θεὸς
3169 4359 3196 4410 ὁ
3239 4355 3448 4428 Πατὴρ,
3485 4355 3545 4407 οὐ
3582 4351 3668 4404 διὰ

2077 4453 2139 4507 τὸ
2173 4449 2311 4507 εἶναι
2341 4451 2582 4523 Πατέρα,
2607 4451 2741 4505 ἀλλά
2763 4451 2850 4506 διὰ
2873 4452 2933 4504 τὸ
2957 4447 3098 4504 εἶναι
3123 4449 3275 4513 θείας
3305 4449 3520 4517 φύσεως
3536 4463 3550 4478 ⁸
3576 4443 3667 4498 καὶ

2078 4547 2107 4598 ὁ
2135 4546 2284 4610 Υίὸς,
2310 4546 2370 4598 οὐ
2405 4543 2495 4597 διὰ
2538 4543 2600 4596 τὸ
2641 4540 2782 4596 εἷναι
2821 4543 2917 4596 τοῦ
2953 4543 3210 4613 τυχόντος
3253 4541 3387 4605 υίὸς,
3417 4539 3551 4593 ἀλλὰ
3579 4531 3670 4585 διὰ

391 4636 497 4690 ista
533 4636 586 4690 in
616 4650 674 4689 re
715 4635 973 4706 praeclare
1028 4642 1398 4688 versarentur.
1461 4632 1623 4686 Aiunt
1683 4632 1861 4685 enim:
1917 4631 1967 4686 Si

2079 4637 2140 4691 τὸ
2171 4637 2266 4691 τοῦ
2318 4637 2454 4691 Θεοῦ
2500 4633 2639 4690 εἶναι
2683 4635 2815 4690 Υίὸν
2850 4637 3043 4705 Λόγον,
3093 4635 3186 4689 καὶ
3228 4629 3542 4701 ἀναγκαίως
3571 4625 3669 4695 τῆς

392 4725 506 4794 (10)
534 4727 674 4782 Deus
704 4736 788 4780 est
826 4725 1061 4795 Spiritus
1092 4734 1336 4792 sanctus,
1372 4732 1466 4778 aut
1515 4723 1677 4780 Pater
1727 4737 1829 4788 est,
1881 4735 1973 4779 aut

389 4816 582 4874 Filius.
619 4818 781 4887 Atqui
818 4827 1006 4872 uenter
1036 4817 1226 4872 horum
1255 4828 1373 4872 est:
1411 4831 1516 4870 non
1543 4824 1772 4886 estergo
1812 4818 1974 4883 Deus,

468 5020 546 5088 ('5)
582 5017 791 5075 Frater.
854 5019 967 5075 Hoc
1020 5019 1526 5076 Macedoniauorum
1583 5037 1645 5075 ar
1685 5033 1968 5076 nmentum
2019 5005 2021 5007 1

468 5090 552 5145 ert
595 5091 850 5147 Didvmus
890 5107 955 5146 ac
1003 5092 1158 5146 diluit
1191 5092 1244 5146 iu
1276 5091 1416 5147 libro
1451 5093 1616 5146 etiam
1648 5039 1726 5147 ᾗς
1767 5091 1973 5147 Spiritu

393 5087 552 5145 aﬂert
595 5091 850 5160 Didymus
890 5107 955 5146 ac
1003 5092 1158 5146 diluit
1191 5092 1244 5146 in
1276 5091 1416 5148 libro
1451 5093 1616 5146 etiam

392 5173 593 5222 sancto,
610 5175 757 5214 num.
790 5161 878 5214 (32.

492 5233 546 5299 4)
589 5231 899 5300 ρὶεεὶηιὶιεε.
931 5230 1127 5300 Utpote
1166 5231 1503 5300 versipelles.

492 5236 546 5299 4)
589 5236 899 5285 Dissimiles.
931 5236 1127 5300 Utpote
1166 5236 1503 5300 versipelles.

467 5236 546 5371 i5)
586 5297 770 5354 Unico.
809 5304 867 5354 lu
905 5301 1112 5369 Graeco,
1158 5303 1396 5367 ὲνιαίως.
1439 5303 1534 5357 Est
1565 5314 1746 5358 autem
1771 5305 1976 5367 ἑνιαῖος

402 5390 436 5443 εί
465 5375 634 5437 solus,
666 5387 826 5433 unus,
865 5390 881 5421 ι
922 5385 1012 5426 aut
1048 5392 1066 5424 ι
1098 5374 1404 5443 singularis.
1460 5393 1479 5425 ι
1527 5375 1713 5442 Itaque
1741 5373 1980 5429 Joannes

398 5441 781 5514 Euchaitarum
811 5443 1154 5514 metropolita
1189 5441 1239 5496 in
1275 5447 1523 5498 oratiooe
1552 5441 1754 5499 inedita
1789 5447 1841 5498 in
1871 5444 1978 5514 Sy-

396 5513 578 5583 itaxim
611 5513 937 5583 angelorum,
975 5529 1094 5583 pag.
1136 5513 1224 5578 58,
1282 5515 1559 5580 cujusdam
1607 5531 1709 5567 IIIS.
1773 5513 1978 5568 codicis

398 5578 655 5636 Nanianm
678 5578 1147 5655 bibliothec'tcfsic
1173 5578 1408 5655 loquitur
1439 5603 1452 5639 :
1479 5584 1538 5637 τὸ
1563 5585 1784 5654 τρισσὸν
1809 5584 1979 5655 αὐτῆς

399 5659 618 5726 (nempe
641 5651 742 5722 τῆς
763 5651 917 5726 θείας
940 5651 1394 5726 μεγαλειότητος)
1419 5655 1513 5709 καὶ
1542 5651 1763 5726 ἐνἰαῖον,
1798 5655 1848 5708 id
1871 5651 1976 5726 est,

399 5736 431 5841 ἰ
483 5720 780 5776 trinitatem
821 5720 992 5792 ipsius
1027 5720 1276 5793 (divinae
1307 5720 1653 5795 majestatis)
1695 5736 1750 5780 et
1794 5725 1976 5778 unita-

428 5803 531 5841 em.
579 5808 612 5841 ι.

428 5803 531 5842 em.
579 5808 612 5845 ιι

477 5858 550 5928 t6)
593 5859 838 5930 Spiritus.
873 5860 932 5918 Si
967 5862 1296 5934 coniecturis
1320 5865 1598 5935 indulgere
1627 5866 1850 5922 liceret.
1885 5879 1976 5919 su-

1699 5109 1726 5147 e
1767 5091 1973 5164 Spiritu

2082 4727 2247 4781 αὐτοῦ
2287 4726 2440 4791 θείας
2473 4727 2687 4797 φύσεως
2721 4727 3024 4798 ὑπάρχεινν
3061 4726 3233 4790 οὕτως
3281 4725 3376 4779 καὶ
3414 4722 3476 4774 τὸ
3515 4719 3669 4786 άγιον

2085 4818 2311 4890 Πνεῦμα
2339 4819 2491 4884 Θεὸς,
2525 4821 2587 4873 οὐ
2622 4819 2709 4874 διὰ
2735 4820 2797 4872 τὸ
2838 4819 3025 4883 ἀπλῶς
3061 4814 3202 4872 εἶναι
3239 4813 3484 4884 Πνεῦμα,
3536 4809 3670 4864 ἀλλά

2080 5036 2322 5092 spicarer
2350 5020 2639 5092 legendum
2677 5034 2802 5077 esse
2836 5018 2890 5072 in
2923 5017 3113 5072 Graeco
3161 5030 3174 5066 :
3210 5011 3272 5063 τὸ
3299 5010 3408 5081 γὰρ
3437 5009 3496 5062 ἒν
3527 5007 3679 5079 δηλοῖ

2080 5089 2162 5144 ὅτι
2199 5089 2344 5154 οὔτε,
2370 5089 2427 5146 κῖ
2466 5109 2518 5144 τ.
2554 5093 2605 5145 λ.

2085 5231 2112 5284 ἐ
2156 5162 2233 5231 (7)
2279 5148 2463 5232 Neque
2517 5172 2705 5230 potest.
2741 5159 2944 5222 Codex,
2979 5153 3046 5209 ἂν
3091 5153 3299 5225 ἔχεται.
3345 5148 3511 5220 Lego,
3584 5149 3677 5200 ἀν-

2117 5249 2284 5284 γεται.

2150 5249 2284 5286 εται.

2117 5251 2392 5370 χῖὲῗιερο
2418 5302 2553 5356 dixi.
2590 5299 2730 5356 Psal.
2767 5315 2952 5362 mm,
2985 5313 3124 5370 vers.
3155 5293 3208 5370 6_.

2281 5359 2472 5426 Porro.
2509 5372 2624 5445 Nisi
2661 5371 2863 5445 aliquid
2893 5359 3062 5445 addo:-
3085 5367 3138 5419 in
3169 5363 3476 5445 Grmco,nae
3508 5359 3673 5445 legas,

2085 5430 2318 5514 etetupli
2355 5461 2541 5501 inuisa.
2577 5442 2637 5496 οὑ
2685 5430 2973 5508 βλέποντες
3005 5433 3120 5497 οὖν,
3157 5435 3258 5514 vel,
3288 5433 3364 5514 οὐ·
3388 5430 3678 5514 βλέποντες

2086 5514 2163 5579 δέ,
2202 5501 2304 5578 vel,
2336 5513 2454 5566 ἀλλ’
2482 5514 2544 5565 οὐ
2586 5501 2897 5583 βλέποντες,
2935 5511 3042 5583 uiui
3071 5523 3096 5560 ε
3127 5503 3323 5583 soluta,
3352 5501 3727 5583 [animabili-'3‘

2087 5573 2379 5654 exsanguis
2411 5573 2688 5654 videbitur,
2715 5578 3285 5654 oratio.__Quauquam
3301 5573 3676 5654 lifeunaguo:

2089 5669 2216 5724 pere
2247 5643 2468 5706 curasse
2503 5670 2606 5724 non
2630 5652 2854 5724 ‘videtur
2895 5643 3195 5724 Didymus.
3219 5643 3475 5724 (ξΓ-ῑξιεξξτ
3499 5649 3672 5724 ,εξεξξὶξη

2322 5705 2483 5791 caput
2509 5705 2604 5776 hic?
2629 5721 2789 5790 incipi
2823 5705 3057 5773 volebat.
3079 5718 3202 5760 Cum
3228 5707 3293 5759 ad
3316 5705 3474 5758 altam
3499 5714 3676 5756 ιΐίὶιιδ·

2086 5806 2171 5850 eat
2209 5793 2590 5862 objectionetu.

2161 5842 2734 5934 uorsa‘1‘.’."¢6dice,
2773 5858 2807 5924 ἡ
2837 5850 2990 5913 Θεὸς.
3025 5847 3186 5917 Lego,
3221 5845 3286 5898 Et
3313 5842 3464 5906 Θεόςο
3506 5908 3509 5912 ,
