4082 6402
475 382 582 441 (93

1526 384 1617 439 DE
1656 384 2034 441 TRINITATE
2077 381 2279 436 LIBER
2317 379 2710 439 SECUNDUS.

3665 352 3775 439 ist}

472 498 564 554 διὰ
591 499 655 554 τὺ
681 498 780 553 τοῦ
814 498 951 552 Θεοῦ
993 494 1135 553 εἶναι
1176 498 1233 553 ἒν
1278 499 1371 554 καὶ
1421 499 1584 570 μόνον
1614 498 1840 569 Πνεῦμα
1898 497 2066 567 ἅγιον,

2179 495 2320 550 sicut
2345 510 2412 548 ne
2440 495 2528 548 alii
2558 494 2777 565 quidem
2829 494 3054 565 spiritus
3078 495 3153 551 dii
3178 505 3326 553 sunt.
3363 496 3455 553 Sic
3485 512 3653 568 porro
3684 500 3768 569 ip-

474 592 574 645 καὶ
600 593 699 663 τῆς
738 590 904 644 αὑτοῦ
930 588 953 663 Ῐ
974 590 1036 645 61
1072 589 1135 663 bj
1167 590 1318 655 θείας
1358 590 1577 660 φύσεως
1615 590 1964 655 καθεστάναι,
1997 591 2072 655 ὼς

476 684 805 759 πρπλέχθη.
845 682 950 736 Καὶ
981 682 1173 756 ὥσπερ
1222 684 1582 748 ἀκούσαντες·
1619 703 1637 736 ‹
1661 680 1756 749 Εἷς
1787 687 1817 739 ό
1851 684 2011 749 Θεός·
2048 704 2067 736 ι

478 778 592 839 καὶ,
622 795 643 827 ‹
677 775 862 847 Κυρίῳ
902 776 982 847 τῷ
1023 775 1142 846 Θεῷ
1182 792 1274 829 σου
1322 777 1745 848 προσκυνήσεις,
1792 779 1885 831 καὶ
1924 778 2074 849 αὑτῷ

482 868 631 939 μόνῳ
661 866 982 939 λατρεύσεις
1004 885 1019 901 ο
1046 887 1066 918 i
1104 868 1164 935 ἐξ
1213 868 1329 921 τσου
1348 867 1427 939 τῷ
1445 869 1621 940 Πατρὶ
1658 867 1793 923 Θεόν
1831 886 1891 923 τε
1924 865 2066 923 εἶναι

477 957 570 1010 τὸν
603 956 868 1028 μονογενῆ
897 956 1072 1025 Λόγον
1099 957 1450 1029 πιστεύομεν,
1491 959 1587 1013 καὶ
1631 959 2070 1032 προσκυνοῦμεν,

480 1049 576 1103 καὶ
603 1048 938 1120 λατρεύομεν
962 1047 1114 1120 αὐτῷ
1135 1066 1148 1078 ·
1180 1050 1273 1103 τὸν
1304 1049 1420 1103 ἴσον
1457 1052 1660 1121 τρόπον
1687 1053 1780 1105 καὶ
1817 1055 1946 1125 περὶ
1975 1053 2070 1108 τοῦ

484 1142 636 1210 ἁγίου
665 1141 982 1213 Πνεύματος
1013 1141 1358 1213 διακείμεθα.
1382 1143 1542 1214 Αὐτῷ
1570 1143 1701 1216 γὰρ,
1730 1138 1776 1213 ᾧ
1806 1148 2072 1218 προσετά-

484 1234 583 1304 χθη
592 1250 685 1303 μεν
710 1235 768 1287 ὲν
788 1232 866 1303 τῷ
891 1232 1135 1306 περὶτοῦ
1159 1233 1440 1304 ἀφθάρτου
1469 1234 1844 1307 βαπτίσματος
1865 1236 2071 1291 δοθέντι

483 1328 611 1397 ὅρῳ,
635 1325 693 1391 ἐξ
719 1320 780 1381 οὗ
808 1327 1043 1397 ἤρτηται
1085 1327 1118 1396 ἡ
1148 1325 1244 1396 τῆς
1278 1326 1459 1394 πάσης
1485 1326 1645 1401 ἡμῶν
1674 1328 1952 1392 πολιτείας
1981 1330 2073 1383 καὶ

482 1419 771 1491 θρησκείας
798 1420 1158 1483 κατάστασις,
1213 1418 1530 1473 συντάττειν
1581 1421 1719 1474 αὐτὸ
1764 1420 1845 1492 τῷ
1894 1422 2072 1493 Πατρὶ

479 1513 572 1565 καὶ
617 1512 695 1582 τῷ
743 1511 892 1582 Υἰῷ⁶
940 1514 1397 1585 προσετάχθημεν
1455 1512 1552 1568 καὶ
1604 1518 2069 1586 συμπροσκυνεῖν,

479 1602 576 1655 καὶ
603 1602 945 1669 συνδοξάζειν
992 1605 1146 1671 αὐτὸ,
1197 1606 1295 1661 καὶ
1330 1608 1663 1680 λειτουργεῖν
1706 1607 1877 1679 αὐτῷ.
1918 1607 2068 1679 Αὕτη

476 1695 588 1766 γάρ
638 1697 786 1750 ἐστιν
836 1700 869 1767 ή
918 1697 1110 1772 λογικὴ
1170 1698 1415 1771 λατρεία,
1466 1701 1534 1773 ἦν
1578 1700 1814 1773 ἔγραψεν
1860 1701 2073 1765 Παῦλος

476 1787 697 1842 τοιῶσδε
718 1807 732 1821 ο
768 1808 788 1840 t
815 1790 933 1844 Ἵνα
971 1794 1367 1864 παραστήσητε
1414 1794 1482 1847 τά
1528 1793 1756 1865 σώματα
1790 1795 1944 1866 ὑμῶν
1975 1794 2070 1848 θυ-

2176 588 2253 641 sis
2278 587 2715 655 respondendum
2744 596 2829 640 est
2858 606 2871 641 :
2901 586 3057 642 Sicut
3090 587 3232 644 Deus
3256 597 3343 643 est
3371 586 3532 644 Pater
3561 603 3670 645 non
3703 604 3772 645 eo

2174 679 2318 748 quod
2349 679 2420 731 sit
2457 676 2640 743 Pater,
2673 680 2766 733 sed
2794 680 2923 749 quia
2953 682 3038 734 est
3063 679 3260 735 divinae
3299 690 3538 747 natura};
3562 689 3619 736 et
3677 680 3773 735 Fi-

2179 768 2287 824 lius
2312 778 2394 824 est
2431 769 2573 824 Deus
2601 785 2707 824 non
2741 784 2808 824 eo
2830 771 2973 839 quod
3026 771 3101 827 sit
3152 773 3550 845 qualiscunque
3604 775 3771 839 ﬁlius,

2176 862 2271 927 sed
2305 862 2433 931 quia
2468 873 2553 918 est
2579 864 2673 917 Dei
2702 862 2873 920 Filius
2896 862 3160 932 Verbum,
3186 877 3242 922 et
3278 869 3596 923 necessario
3622 869 3772 938 ejus-

2175 952 2295 1006 dem
2323 953 2522 1007 divina:
2562 963 2771 1009 natura:
2797 972 2920 1011 cum
2954 956 3117 1011 Patre
3145 976 3159 1012 :
3185 958 3267 1013 sic
3310 959 3476 1014 etiam
3532 959 3774 1030 Spiritus

2176 1048 2397 1094 sanctus
2422 1051 2504 1096 est
2534 1041 2695 1108 Deus,
2721 1058 2826 1098 non
2848 1059 2915 1099 eo
2942 1046 3265 1117 simpliciter
3288 1051 3432 1116 quod
3481 1051 3554 1106 sit
3608 1053 3775 1121 spiri-

2176 1142 2289 1196 tus,
2317 1135 2415 1188 sed
2437 1136 2564 1205 quia
2598 1148 2682 1191 est
2711 1136 2805 1191 Dei
2836 1154 2974 1194 unus
2996 1151 3052 1195 et
3081 1141 3231 1197 solus
3260 1142 3497 1210 Spiritus
3523 1154 3769 1212 sanctus,

2174 1226 2536 1297 ejusdemque
2561 1229 2761 1285 divina:
2820 1242 3029 1289 natura;
3092 1249 3215 1290 cuiu
3254 1235 3441 1301 l'atre,
3503 1248 3560 1292 ut
3607 1250 3769 1295 antea

2174 1319 2379 1373 dictum
2401 1329 2507 1375 est.
2538 1320 2608 1375 Et
2626 1324 3083 1391 quemadmodum
3111 1341 3234 1382 cum
3252 1330 3527 1395 audimus,
3559 1349 3578 1383 ι
3616 1330 3787 1389 Unus'

2176 1409 2288 1478 (11)
2326 1409 2499 1477 Deus;
2533 1431 2553 1465 ι
2582 1425 2658 1478 et,
2690 1432 2709 1465 ι
2746 1414 3029 1471 Dominum
3064 1417 3178 1490 (12)
3231 1419 3403 1476 Deum
3445 1433 3595 1477 tuum
3637 1425 3771 1479 ado-

2175 1501 2339 1565 rabis,
2366 1511 2423 1557 et
2474 1503 2550 1558 illi
2612 1505 2712 1561 soli
2770 1507 2993 1574 servies,
3035 1527 3055 1562 i
3103 1511 3440 1580 unigenitum
3499 1513 3762 1582 Verbum,

2173 1609 2328 1663 aeque
2356 1611 2420 1650 ac
2440 1596 2686 1661 Patrem,
2719 1600 2888 1654 Deum
2917 1617 3040 1657 esse
3081 1606 3374 1671 credimus,
3433 1619 3485 1663 et
3528 1624 3655 1665 eum
3700 1627 3770 1669 ex

2172 1699 2329 1754 aequo
2366 1686 2678 1756 adoramus,
2703 1705 2766 1745 ac
2787 1693 2838 1747 ei
2895 1697 3203 1765 servimus;
3256 1698 3328 1753 ita
3378 1700 3569 1757 eodem
3608 1704 3770 1760 modo

2173 1779 2339 1832 etiam
2363 1777 2541 1835 all‘ecti
2568 1797 2757 1840 sumus
2790 1800 2919 1859 erga
2971 1789 3234 1861 Spiritum
3289 1806 3563 1850 sanctum.
3625 1795 3766 1851 Nam

482 1881 600 1934 ,τίαν
638 1880 837 1947 ζῶσαν,
867 1863 1372 1957 ἀγίαν,γεύάρεστον
1410 1885 1488 1957 τῷ
1531 1863 1671 1957 Θεῷ,
1704 1886 1806 1957 τὴν
1830 1863 2066 1960 ἶλογικὴν

2173 1884 2240 1925 eo
2268 1872 2386 1942 ipso
2408 1874 2550 1943 quod
2579 1874 2633 1930 iii
2661 1882 2980 1951 praescripta
3033 1884 3188 1939 nobis
3218 1886 3385 1942 divini
3419 1887 3767 1959 baptismatis

484 1972 748 2043 λατρείαν.
781 1993 800 2025 ι
834 1975 1021 2031 Καὶόν
1047 1977 1270 2048 τρόπον,
1315 1977 1409 2031 τοῦ
1459 1977 1783 2032 Ἀποστόλου
1815 1979 1908 2033 τὸν
1937 1978 2071 2033 Θεὸν

481 2065 639 2135 μόνον
669 2066 832 2135 σοφόν
853 2084 913 2120 τε
938 2069 1032 2121 καὶ
1061 2068 1205 2140 ἔχειν
1225 2067 1527 2124 ἀθανασίαν
1552 2070 2067 2142 χρησμῳδῆσαντος,

485 2156 805 2228 πιστεύομεν
856 2159 953 2212 καὶ
989 2160 1080 2214 τὸν
1131 2159 1258 2213 Υίὺν
1302 2163 1505 2232 ὁμοίως
1561 2160 1707 2232 ἔχειν
1744 2161 2069 2229 ἀθανασίαν,

482 2252 573 2302 καὶ
599 2244 738 2304 εἶναι
768 2250 950 2320 σοφὸν,
995 2252 1091 2306 ἆτε
1117 2253 1539 2323 ἀπαράλλακτον
1568 2256 1693 2308 κατ’
1715 2254 1905 2310 οὐσίαν
1937 2254 2068 2309 ὁντα

486 2341 556 2413 τῷ
584 2343 775 2413 πατρὶ,
812 2345 909 2398 καὶ
935 2345 1109 2413 Λόγον
1138 2343 1330 2411 αὐτοῦ,
1377 2347 1474 2400 καὶ
1530 2345 1676 2418 ζωὴν
1722 2346 1964 2413 αἰώνιον,
1992 2346 2068 2412 ὡς

489 2434 697 2506 γράφει.
731 2435 1077 2507 ὑπάρχοντα·
1106 2435 1280 2502 οὕτως
1301 2438 1397 2492 καὶ
1421 2438 1549 2509 περὶ
1581 2437 1675 2492 τοῦ
1706 2439 1863 2508 ἀγίου
1897 2439 2068 2492 Πνεύ-

480 2542 670 2596 ματος.
707 2528 781 2580 Οὐ
812 2528 924 2600 γὰρ
944 2528 1086 2583 κατὰ
1111 2530 1294 2601 χάριν,
1330 2531 1449 2601 ἦτοι
1470 2530 1638 2592 δόσιν,
1675 2531 1788 2602 ἔχει
1809 2531 1909 2604 τὴν
1935 2532 2068 2586 ἀθα-

481 2616 670 2670 νασίαν
720 2618 815 2672 καὶ
842 2619 1055 2688 σοφίαν,
1089 2619 1291 2692 ὁμοίως
1335 2620 1445 2674 τῶν
1479 2619 1870 2693 λειτουργικῶν
1905 2638 2068 2675 πνευ-

482 2710 699 2779 μάτων·
752 2709 889 2765 ἀλλά
920 2711 1080 2781 φύσει
1121 2713 1419 2785 κέκτηται·
1462 2713 1689 2784 Πνεῦμα
1731 2714 1841 2786 γὰρ
1874 2710 2067 2783 σοφίας

480 2802 644 2855 ἐστίν.
682 2803 983 2876 Τοιγαροῦν
1034 2805 1363 2876 γέγραπται,
1397 2807 1473 2870 ὡς
1513 2824 1532 2857 ι
1561 2806 1769 2871 Ὁύδεὶς
1809 2805 2067 2875 γινώσκει

478 2900 545 2952 τὰ
582 2900 674 2954 τοῦ
705 2902 866 2972 μόνου
914 2903 1099 2971 σοφοῦ,
1144 2904 1195 2956 εί
1241 2904 1316 2974 μὴ
1362 2904 1424 2957 τὺ
1456 2902 1684 2975 Πνεῦμα
1726 2903 1914 2960 αὑτοῦ.
1952 2924 1970 2956 i
2003 2904 2067 2957 Εἰ

478 2993 586 3065 γὰρ
604 2994 824 3067 δοίησαν
853 2997 927 3066 μὴ
950 2995 1121 3049 ταῦτα
1142 2995 1316 3060 οὕτως
1334 2995 1500 3067 ἔχειν,
1527 2996 1559 3067 ἢ
1587 2997 2067 3068 παρακρούσονται

478 3084 567 3135 τὸν
587 3083 718 3137 Θεὸν
756 3085 949 3153 Λόγον,
981 3084 1014 3156 ἢ
1054 3085 1205 3157 παρά
1236 3085 1339 3148 τὰς
1372 3085 1595 3157 Γραφάς
1627 3085 1839 3149 δόξουσι
1869 3088 2063 3139 ποιεῖν.

477 3174 553 3242 Τῇ
585 3174 695 3246 γὰρ
740 3175 797 3228 ὲν
846 3177 946 3247 μιᾷ
985 3176 1211 3249 Θεότητι
1260 3175 1453 3250 Τριάδι
1504 3175 1564 3229 οὐ
1612 3180 1962 3229 συντάττεται
1992 3192 2064 3237 τι,

475 3263 600 3319 οὔτε
631 3265 698 3321 τὰ
729 3270 1015 3340 πνεύματα
1053 3270 1141 3323 διὰ
1173 3270 1235 3323 τὸ
1274 3269 1577 3340 κεκλῆσθαι
1607 3267 1918 3339 πνεύματα,
1960 3266 2065 3320 κᾶν

480 3357 555 3427 μὴ
588 3359 656 3410 τὰ
687 3358 891 3430 βέϐηλα
938 3360 1210 3432 εἴποιμεν,
1264 3360 1387 3414 οὔτε
1444 3362 1494 3414 οἱ
1545 3360 1822 3432 ἄνθρωποι
1873 3359 1961 3412 διὰ
2005 3359 2067 3412 τὸ

475 3447 776 3517 κεκλῆσθαι
807 3449 950 3502 θεοίο
972 3451 1034 3502 ού
1072 3452 1183 3522 γάρ
1208 3452 1376 3521 ὲσμεν
1410 3453 1476 3522 τῇ
1500 3449 1750 3521 ἀληθείᾳ.
1785 3447 1848 3502 El
1874 3448 1931 3501 δὲ
1967 3449 2066 3502 οὐκ

474 3539 729 3610 οἰηθῶσιν
751 3541 1092 3595 ἀντιπίπτειν
1136 3542 1321 3605 αὐτοῖς
1342 3542 1421 3605 τὸ,
1457 3561 1475 3592 t
1498 3541 1661 3613 Μόνῳ
1684 3538 1786 3612 [62
1817 3557 1848 3591 a
1870 3538 1889 3610 ]
1919 3538 2068 3609 σοφῷ

475 3631 621 3701 Θεῷ·
662 3651 680 3683 i
708 3635 825 3698 καὶ,
865 3654 883 3686 t
909 3635 1084 3698 Μόνος
1114 3633 1255 3705 ἔχων
1285 3633 1582 3687 ἀθανασίαν
1602 3650 1616 3663 ³
1651 3653 1670 3685 ι
1709 3632 1770 3685 οὐ
1808 3630 2062 3700 δυνήσον-

473 3739 563 3777 ται
594 3724 688 3777 ἀπ’
731 3725 942 3789 οὐδενὸς
996 3725 1057 3790 ἐξ
1112 3724 1359 3788 ἐναντίας
1401 3724 1493 3777 τοῦ
1530 3723 1686 3791 ἁγίου
1746 3720 2061 3793 Πνεύματος

475 3815 954 3885 κατασοφίζεσθαι.
989 3814 1177 3870 Ταῦτα
1216 3815 1325 3886 γὰρ
1371 3814 1546 3878 οὕτως
1582 3814 1687 3866 ὑπὸ
1724 3812 1941 3866 Παύλου
1970 3813 2062 3884 ἐρ-

475 3905 640 3978 ρήθη,
677 3906 763 3960 διὰ
785 3907 847 3960 τὸ
879 3909 972 3961 τοῦ
1015 3908 1151 3961 Θεοῦ
1206 3907 1377 3977 Λόγον
1411 3906 1509 3977 μὲν
1536 3905 1629 3959 τὸν
1653 3902 1805 3968 Υίὸν,
1833 3903 2062 3975 Πνεῦμα

472 3999 529 4051 δὲ
560 4000 621 4052 τὺ
652 4000 806 4069 ἅγιον
836 4002 1061 4073 Πνεῦμα
1082 4002 1395 4073 τυγχάνειν,
1422 4000 1518 4053 καὶ
1548 3998 1868 4071 ἀχωρίστως
1893 3996 2060 4051 αὑτοῦ

473 4090 616 4159 ἔχειν
643 4093 785 4147 κατά
804 4095 902 4165 τὴν
924 4095 1103 4164 φύσιν,
1124 4095 1216 4147 καὶ
1236 4095 1314 4155 εἰς
1335 4093 1463 4163 μίαν
1486 4083 1784 4159 ἀνάγεσθαι
1806 4089 2058 4161 θεότητα,

472 4181 548 4242 ὡς
574 4186 669 4237 καὶ
689 4184 842 4257 παρὰ
867 4190 978 4250 τοῖς
1006 4185 1112 4253 ἔξω
1137 4184 1357 4253 λέγεται
1374 4198 1390 4213 ’

2174 1962 2430 2030 formula,
2456 1980 2523 2020 ex
2540 1982 2645 2038 qua
2686 1970 2852 2026 totius
2885 1982 3083 2030 nostra;
3106 1975 3331 2045 politiae,
3387 1988 3443 2034 et
3487 1980 3767 2051 religionis

2172 2056 2490 2114 constitutio
2517 2060 2740 2129 pendet,
2763 2077 2885 2119 eum
2909 2066 3180 2124 collocare
3217 2083 3342 2125 cum
3374 2069 3558 2137 Patre,
3595 2085 3647 2129 et
3676 2073 3767 2129 Fi-

2172 2144 2246 2201 lio
2269 2145 2411 2215 jussi
2443 2149 2800 2219 sumus,jussi
2831 2155 2995 2211 etiam
3022 2172 3212 2214 sumus
3238 2173 3365 2215 eum
3417 2161 3578 2218 simul
3627 2165 3763 2220 ado-

2174 2254 2316 2303 rare,
2354 2251 2409 2295 et
2441 2241 2771 2312 gloriﬁcare,
2820 2248 2980 2318 eique
3039 2249 3387 2322 obsequium,
3444 2256 3763 2312 et'cultum

2169 2335 2446 2390 exhibere.
2488 2334 2601 2392 Hoc
2630 2339 2774 2393 enim
2805 2349 2888 2396 est
2920 2342 3242 2400 rationabile
3274 2345 3619 2418 obsequium,
3671 2350 3762 2405 hic

2170 2426 2380 2492 cultus,
2428 2426 2496 2480 de
2546 2442 2654 2497 quo
2718 2429 2794 2485 ita
2844 2433 3061 2504 scripsit
3125 2435 3378 2493 Paulus:
3452 2458 3473 2492 ι
3520 2439 3590 2497 Ut
3643 2442 3761 2514 (l3)

2169 2518 2473 2574 exliibeatis
2517 2535 2744 2589 corpora
2800 2522 2961 2597 ιω
2995 2536 3172 2583 vestra
3197 2529 3432 2585 hostiam
3468 2532 3761 2603 viventem,

2169 2617 2439 2674 sanctam,
2476 2609 2585 2666 Deo
2607 2611 2930 2681 placentem,
2971 2619 3291 2676 rationabile
3316 2623 3638 2694 obsequium
3668 2624 3764 2696 (si-

2171 2711 2237 2751 ve
2269 2698 2517 2769 cultum).
2557 2720 2578 2754 i
2614 2702 2681 2757 Et
2705 2706 3164 2773 quemadmodum
3209 2712 3314 2767 etsi
3343 2712 3541 2771 Paulus
3591 2714 3762 2772 Deum

2170 2791 2344 2846 solum
2386 2794 2684 2862 sapientem
2725 2799 2838 2871 (11)
2867 2814 3009 2870 esse,
3056 2811 3111 2858 et
3139 2818 3266 2860 eum
3326 2805 3501 2862 solum
3544 2808 3765 2868 immor-

2171 2882 2432 2941 talitatem
2462 2886 2665 2943 habere
2696 2888 2810 2963 (15)
2854 2892 3018 2959 dicat,
3071 2892 3269 2951 Filium
3304 2904 3485 2954 tamen
3540 2915 3760 2974 quoque
3790 2974 3793 2975 ν

2169 2975 2437 3041 similiter,
2479 2988 2669 3047 utpote
2704 2982 2795 3050 qui
2830 2981 2977 3038 Patri
3000 2985 3118 3041 sine
3161 2987 3272 3043 ullo
3320 2990 3761 3050 discriinineiia-

2172 3077 2293 3122 tura
2320 3069 2513 3127 similis
2538 3082 2646 3141 est,
2685 3086 2741 3128 et
2766 3075 3003 3134 Verbum
3050 3078 3216 3148 illius,
3271 3089 3327 3137 et
3370 3084 3476 3138 vita
3529 3096 3757 3151 a-terna,

2172 3170 2232 3215 ut
2290 3160 2586 3233 Scriptum
2632 3167 2786 3221 aiunt
2836 3168 2971 3240 (l6),
3004 3171 3244 3238 exsistit,
3295 3174 3758 3235 immortalitatem

2174 3254 2397 3320 habere,
2425 3265 2480 3311 et
2507 3258 2809 3326 sapientem
2844 3277 2971 3318 esse
2994 3265 3265 3322 credimus
3302 3282 3320 3321 :
3370 3269 3451 3323 sic
3475 3271 3638 3325 etiam
3693 3275 3761 3328 de

2176 3345 2383 3414 Spiritu
2409 3360 2601 3405 sancto
2626 3350 2768 3406 idem
2818 3354 3109 3411 dicendum
3167 3368 3269 3413 est.
3323 3358 3435 3416 Nec
3481 3363 3627 3417 enim
3689 3381 3757 3420 ex

2172 3439 2367 3507 gratia,
2403 3451 2497 3495 aut
2521 3457 2588 3496 ex
2616 3444 2909 3500 donatione
2934 3446 3401 3507 immortalitatem
3445 3468 3509 3507 ac
3541 3456 3758 3526 sapieii-
3796 3457 3802 3463 ’

2176 3518 2301 3584 tiaiii
2332 3534 2494 3589 habet
2530 3536 2701 3591 instar
2729 3538 3108 3595 faniirlantium
3135 3544 3446 3612 spirituum,
3471 3549 3567 3602 sed
3598 3518 3757 3603 natu-

2170 3640 2250 3691 ra;
2275 3636 2360 3681 est
2385 3628 2531 3682 enim
2565 3628 2803 3701 Spiritus
2849 3633 3167 3703 sapientiai:
3214 3653 3323 3706 qua
3363 3639 3430 3694 de
3454 3656 3616 3697 causa
3668 3645 3755 3698 in-
3795 3626 3799 3635 ’

2167 3719 2287 3786 quit
2345 3718 2649 3790 Scriptura,
2689 3741 2709 3775 ε
2766 3724 3046 3781 Neminem
3104 3729 3219 3799 (17)
3270 3746 3429 3787 misse
3473 3749 3593 3804 quae
3629 3748 3757 3791 sunt

2168 3809 2338 3865 solius
2359 3814 2644 3881 sapientis,
2680 3817 2786 3872 nisi
2830 3817 3092 3888 Spiritum
3133 3822 3300 3878 illius.
3334 3845 3355 3875 θ
3395 3823 3531 3880 Nam
3570 3828 3615 3882 si
3642 3829 3757 3883 haec

2169 3899 2244 3953 ita
2268 3915 2326 3956 se
2358 3903 2561 3959 habere
2593 3920 2698 3961 non
2734 3912 3111 3966 concesserint
3139 3914 3273 3985 (l8),
3296 3925 3389 3970 aut
3424 3918 3591 3973 Deum
3622 3919 3756 3975 Ver-
3792 3922 3799 3997 ξ

2168 3990 2297 4046 bum
2332 3995 2718 4062 repudiabunt,
2777 4008 2871 4053 aut
2928 3999 3230 4071 Scripturis
3285 4008 3556 4062 adversari
3598 4009 3752 4064 vide-
3796 3990 3801 4013 ί

2169 4086 2391 4140 buntur.
2421 4086 2555 4141 Nam
2590 4089 2663 4153 ei,
2695 4105 2818 4161 qua:
2849 4092 2902 4147 in
2936 4109 3039 4147 una
3090 4093 3300 4152 Deitate
3349 4109 3452 4164 est,
3499 4098 3751 4155 Triiiitati
3794 4172 3797 4175 ἢ

2167 4177 2316 4231 nulla
2348 4193 2435 4234 res
2457 4182 2682 4250 aequalis
2705 4184 2811 4240 dici
2845 4194 3059 4255 potest:
3094 4202 3270 4258 neque
3325 4192 3549 4260 spiritus
3600 4193 3751 4248 scili-
3774 4190 3799 4201 ”

476 4284 581 4337 cet,
609 4291 672 4329 ex
699 4289 765 4329 eo
786 4276 929 4344 quod
956 4276 1179 4344 spiritus
1208 4272 1384 4329 vocati
1416 4271 1545 4334 sint,
1571 4271 1623 4324 in
1670 4271 1860 4327 eodem
1920 4285 2042 4325 cum
2083 4268 2200 4340 ipsa
2233 4271 2407 4339 gradu
2466 4271 2823 4337 collocantur,
2880 4282 3131 4348 quamvis
3179 4283 3250 4336 de
3301 4282 3597 4338 immundis
3637 4285 3751 4355 Spi-

478 4368 668 4423 ritibus
690 4385 793 4423 uou
825 4371 1154 4439 loquamur;
1203 4381 1379 4437 neque
1428 4380 1526 4419 tios
1569 4366 1839 4431 homines,
1866 4380 1935 4419 ex
1993 4375 2061 4419 eo
2100 4365 2241 4434 quod
2272 4364 2346 4418 dii
2378 4368 2673 4437 nuncupati
2730 4368 3027 4436 fuerimus,"
3081 4373 3227 4428 illam
3274 4390 3591 4445 aequamus;
3651 4393 3753 4430 nec
3790 4445 3804 4473 1

477 4462 616 4516 enim
641 4463 712 4518 dii
745 4479 930 4519 revera
959 4479 1164 4519 sumus.
1238 4463 1297 4518 Si
1355 4478 1484 4517 vero
1525 4462 1648 4516 illos
1696 4459 2050 4530 sibimetipsis
2091 4459 2370 4514 adversari
2428 4476 2537 4515 non
2604 4463 2909 4533 opinemur,
2948 4467 3100 4534 illud,
3129 4487 3147 4518 ο
3182 4467 3293 4523 Soli
3339 4469 3454 4541 (l9)
3514 4470 3750 4540 sapienti

480 4553 606 4619 Deo,
645 4575 665 4608 ο
729 4567 785 4611 et
823 4556 971 4620 illud,
1044 4574 1065 4608 ι
1123 4555 1282 4610 Solus
1329 4554 1442 4627 (20)
1489 4554 1697 4609 habens
1742 4549 2233 4613 immortalitatem,
2288 4567 2309 4602 ι
2379 4565 2485 4606 non
2539 4562 2798 4622 poterunt
2879 4555 2988 4610 ullo
3055 4559 3216 4613 modo
3264 4572 3455 4615 contra
3510 4561 3750 4631 Spiritus
3794 4572 3801 4583 ‘

475 4647 642 4700 sancti
673 4647 933 4702 Deitatem
968 4649 1207 4716 captiose
1228 4646 1485 4716 obiicere.
1516 4645 1650 4699 Nam
1696 4646 1810 4699 haec
1845 4660 1875 4699 a
1902 4641 2070 4697 Paulo
2088 4641 2210 4696 ideo
2268 4642 2412 4696 dicta
2482 4652 2629 4709 sunt,
2693 4646 2820 4714 quia
2854 4646 2948 4702 Dei
2979 4645 3214 4703 Verbum
3244 4651 3467 4720 quidem
3514 4662 3602 4709 est
3657 4653 3748 4709 Fi-

477 4738 595 4803 lius,
622 4739 715 4793 Dei
746 4749 927 4794 autem
952 4738 1188 4809 Spiritus
1219 4748 1303 4794 est
1341 4739 1580 4809 Spiritus
1601 4745 1845 4801 sanctus,
1868 4745 1925 4791 et
1974 4734 2117 4789 bime
2147 4734 2467 4804 liypostases
2531 4735 2650 4791 istm
2706 4747 2901 4792 natura
2936 4736 3078 4793 idem
3139 4754 3262 4796 cum
3288 4742 3406 4813 ipso
3437 4753 3563 4801 sunt
3588 4786 3605 4811 ,
3668 4757 3745 4801 at-

472 4846 576 4900 que
608 4832 660 4884 in
689 4848 848 4885 unam
880 4832 1187 4887 coalescunt
1221 4831 1513 4887 deitatem:
1541 4832 1684 4886 sicut
1713 4831 1879 4886 etiam
1908 4827 2050 4899 apud
2089 4827 2338 4881 ethnicos
2368 4824 2484 4897 (21)
2513 4828 2753 4884 dicitur:

545 4921 646 4990 Εἷς
712 4924 858 4991 Θεὸς
923 4924 1273 4993 αὐτοπάτωρ
1292 4965 1311 4992 ,
1387 4922 1457 4987 ἐξ
1514 4919 1587 4979 οὗ
1655 4921 1797 4999 (dde
1858 4923 2056 4976 πάντα

2171 4915 2313 4973 Unus
2345 4920 2510 4987 Deus,
2556 4922 2912 4990 suimetipsius
2972 4934 3127 4999 pater_
3167 4923 3304 4999 (22),
3371 4943 3438 4981 ea:
3489 4945 3594 4999 quo
3632 4932 3749 4988 luci:

1797 5010 1975 5046 θοντο.

1797 5010 1975 5046 ⁴ον’το.

555 5078 639 5145 Ὠς
674 5083 850 5136 τοίνυν
895 5084 1023 5155 περὶ
1066 5082 1162 5137 τοῦ
1221 5082 1435 5156 Πατρὸς
1482 4991 2048 5153 Παῦλοὲἶῗωμαίοις,

541 5258 653 5331 (il)
681 5257 849 5314 Unus.
888 5260 1088 5331 prcs.
1121 5278 1192 5326 iv,
1221 5260 1276 5327 5,
1311 5269 1364 5316 et
1389 5260 1513 5315 alibi
1547 5260 1763 5331 smpius.

541 5328 649 5401 (12)
693 5328 992 5401 Dominum.
1041 5332 1226 5387 Ilattli.
1270 5348 1342 5395 iv,
1391 5332 1479 5394 10,
1525 5328 1834 5387 ubiVGraaca
1875 5333 2043 5388 editio

468 5398 641 5484 ιιηικξε
671 5398 944 5484 χΚύριον.
974 5402 1068 5484 τὸν
1123 5403 1261 5484 Θεόν
1314 5419 1432 5484 σου.
1478 5400 1614 5484 Vide
1665 5403 1831 5484 etiam
1863 5403 2040 5484 “Deut.

472 5483 542 5524 γι.
578 5471 673 5535 l3;
709 5471 832 5526 inde
857 5475 1002 5527 enim
1035 5474 1185 5527 locus
1211 5474 1299 5527 liic
1326 5475 1677 5541 deproiiiptiis
1699 5480 1783 5526 est
1811 5489 1826 5526 :
1863 5473 1934 5527 ibi
1965 5485 2044 5528 ta-

472 5542 1161 5614 lll§|l_l_cg_i_llll'_(906n0ﬂ6n,
1193 5559 1291 5614 pro
1320 5544 1742 5614 προσκυνήσεις.

539 5606 650 5689 (12³))
678 5606 799 5689 ,υιη
819 5606 991 5689 Itoni:
1023 5606 1137 5675 xii:
1158 5606 1208 5666 1ζ
1243 5606 1476 5689 Pro'i'va
1505 5606 1918 5689 παραστήσητε,
1958 5611 2047 5669 Bi—

468 5673 584 5755 blia
608 5676 1064 5755 babgnyhmuaa,
1104 5673 1479 5755 παραστῆσαι.

564 5745 651 5821 is
692 5745 1071 5821 Micam-1
1122 5745 1265 5809 τιῖιι.
1296 5745 1451 5821 1.17-

564 5747 651 5811 M)
692 5747 1013 5813 Sapientem.
1049 5754 1071 5804 ι
1122 5747 1265 5809 Tiiii.
1296 5747 1451 5821 1,17.

538 5747 651 5886 (15)
691 5813 966 5871 HabereJ
1005 5813 1146 5874 Tim.
1188 5837 1263 5889 vr,
1301 5825 1377 5879 lli.
1448 5898 1452 5903 γ

3118 4994 3320 5066 [omnia
3341 4994 3648 5054 exstilérun!
3658 5043 3675 5059 .

2160 5082 2310 5139 Sicut
2346 5085 2509 5152 igitur
2530 5084 2601 5141 de
2648 5085 2808 5143 Patre
2854 5086 3054 5146 Paulus
3114 5090 3182 5144 ad
3206 5089 3501 5159 Romanos,
3528 5096 3596 5150 ad
3637 5095 3743 5151 Ga~

2221 5265 2334 5335 (16)
2370 5267 2557 5323 Aiunt.
2590 5267 2611 5322 l
2639 5267 2798 5324 Joan.
2825 5282 2876 5335 v,
2907 5267 2997 5323 20.

2246 5335 2332 5402 17)
2377 5336 2672 5393 Neminem.
2709 5339 2723 5391 Ι
2754 5335 2881 5392 Cor.
2914 5356 2976 5402 ii,
3016 5340 3104 5394 11.

2375 5406 2759 5483 Qoiicessgint.
2795 5407 2940 5483 Lego
2965 5409 3187 5483 δοίησαν
3220 5426 3321 5481 pro
3347 5413 3496 5483 δοίης
3529 5413 3617 5468 ἄν.

2375 5477 2510 5549 Soli.
2546 5479 2564 5532 I
2602 5477 2743 5533 Titii.
2781 5493 2819 5546 !,
2865 5477 2951 5544 17,
2993 5477 3252 5539 ειῚὶυυὶ.
3295 5500 3409 5549 XVI,
3445 5477 3537 5536 27.

2223 5546 2336 5618 (‘20)
2378 5548 2556 5618 Solus.
2597 5550 2617 5602 I
2655 5548 2797 5607 Titii.
2827 5564 2905 5616 Vl,
2944 5550 3031 5605 16.

2376 5617 2659 5708 ξιίιηίεοξῦ
2685 5618 2960 5708 γίόεᾲιιοι.
2995 5621 3249 5708 δαμεὶς.
3293 5622 3363 5708 ϐξ)
3418 5689 3500 5708 At
3530 5696 3541 5708 Β
3589 5689 3673 5708 ’ω

2224 5688 2363 5761 (ἦ)
2380 5688 2564 5761 Pater.
2602 5689 2733 5744 Vide
2758 5706 2878 5759 qua:
2893 5692 2959 5746 tle
2985 5688 3561 5761 νοοθαῦτογένεθλος,
3584 5689 3738 5746 aliis-

2152 5774 2256 5828 que
2284 5758 2532 5817 alliiiibus
2571 5758 2898 5818 adiiotaiiius
2927 5763 2993 5817 ad
3022 5777 3194 5825 sequi.
3226 5758 3330 5819 149
3360 5762 3413 5817 b.
