4082 6424
391 453 509 510 ,499

1683 462 1914 516 ΠΙΠΥΜΞ
1956 459 2425 516 ALEXANDRlNI

3583 447 3688 508 600

492 563 554 618 Et
582 565 720 621 sicut
749 579 846 635 per
881 567 1118 633 Patrem,
1173 579 1227 626 et
1257 569 1449 626 Filium
1498 571 1731 640 Spiritus
1778 583 1998 630 sanctus

2172 573 2280 625 Καὶ
2307 574 2495 642 ὥσπερ
2519 568 2604 622 διὰ
2645 567 2737 622 τοῦ
2786 567 2998 640 Πατρὸς
3031 565 3126 620 καὶ
3162 564 3258 618 τοῦ
3288 565 3418 620 Υἰοῦ
3445 565 3505 618 τὸ
3533 567 3690 635 διγιου

407 654 591 722 datur,
619 656 774 725 juxta
807 658 961 724 illud,
999 679 1019 711 ι
1056 661 1335 716 Ell‘undam
1372 663 1483 734 (57)
1528 665 1594 719 de
1635 665 1837 735 Spiritu
1873 680 1994 719 meo

405 762 568 816 super
593 763 808 804 omnem
832 765 1082 818 carnem,
1124 771 1143 805 ι
1171 761 1224 808 et
1271 753 1440 824 juxta.
1480 754 1630 818 illud,
1674 774 1692 806 ι
1751 754 1995 825 Accipite

408 837 522 911 (58)
553 839 814 908 Spiritum
855 853 1136 912 sanctum;
1175 864 1194 898 ι
1246 845 1325 900 sic
1374 860 1471 916 per
1521 845 1784 916 Spiritum
1831 860 1994 901 sanc-

407 936 520 982 tum
550 933 711 984 datur
739 930 1013 998 Christus,
1044 932 1198 1000 juxta
1226 934 1451 989 Panlum
1484 935 1552 990 ad
1593 935 1856 1004 Ephesios
1881 937 1997 990 haec

409 1019 770 1075 scribentem:
809 1041 828 1074 ι
876 1022 948 1078 Ut
975 1025 1064 1079 det
1083 1025 1197 1097 (59)
1235 1026 1389 1081 vobis
1425 1027 1720 1082 secundum
1780 1027 1997 1081 divitias

401 1109 594 1186 gloria:
617 1127 749 1180 sum,
783 1113 982 1170 virtute
1013 1116 1359 1172 corroborari
1409 1131 1506 1186 per
1561 1116 1822 1186 Spiritum
1855 1116 1994 1184 ejus,

416 1203 472 1257 in
509 1203 820 1260 interiorem
875 1206 1147 1263 hominem
1187 1207 1461 1264 Christum
1497 1209 1765 1263 habitare.
1799 1227 1817 1260 ι
1847 1209 1994 1262 Illam

407 1310 541 1351 vero
576 1296 926 1365 locutionem,
957 1321 975 1348 α
1007 1301 1206 1356 Factus
1249 1301 1360 1374 (60)
1419 1312 1504 1356 est
1552 1315 1732 1356 sermo
1783 1301 1994 1355 Domini

409 1387 477 1439 ad
509 1386 652 1440 hunc
681 1390 1017 1458 prophetam,
1053 1409 1071 1442 ι
1092 1398 1147 1444 et
1180 1391 1346 1458 illam,
1385 1411 1403 1443 ι
1431 1391 1690 1446 Dominus
1714 1392 1872 1458 dixit,
1895 1412 1914 1444 ι
1940 1403 1997 1448 et

401 1477 576 1550 illam,
606 1494 624 1528 ι
660 1477 782 1533 llzec
813 1479 942 1534 dicit
971 1481 1231 1535 Dominus
1267 1482 1638 1552 omnipotens,
1676 1501 1694 1534 ι
1730 1483 1891 1538 simili
1943 1493 1998 1538 et

408 1569 602 1637 :equali
636 1571 794 1625 modo
834 1571 1186 1642 accipiamus,
1226 1589 1290 1628 ac
1323 1573 1478 1637 illud,
1509 1575 1652 1644 quod
1718 1575 1770 1629 in
1795 1575 1994 1629 Actisa

410 1657 570 1714 Petro
592 1662 791 1716 dictum
817 1673 918 1727 est,
958 1683 976 1716 ι
1025 1665 1324 1734 Oportebat
1353 1666 1471 1738 (6|)
1501 1667 1711 1738 impleri
1745 1669 1994 1738 Scriptu-

411 1766 551 1816 ram,
581 1766 743 1821 quam
773 1756 1022 1824 praedixit
1053 1756 1290 1827 Spiritus
1313 1770 1535 1814 sanctus
1561 1777 1576 1825 ;
1614 1779 1633 1812 ι
1672 1770 1728 1815 et
1759 1761 1809 1814 id
1853 1763 1996 1830 quod

408 1839 608 1898 Paulus
634 1843 818 1902 Romae
852 1847 1052 1904 Iudaeis
1107 1851 1262 1913 dixit,
1312 1869 1331 1902 ι
1395 1851 1562 1906 Recte
1613 1851 1725 1924 (62)
1763 1853 1998 1924 Spiritus

409 1941 627 1989 sanctus
657 1934 866 1992 locutus
913 1948 996 1993 est
1029 1955 1125 2010 per
1162 1938 1358 1995 Isaiam
1403 1942 1751 2013 prophetam;
1791 1963 1811 1998 ι
1836 1953 1892 1999 et
1930 1943 1996 1998 il-

409 2021 520 2088 Iud,
560 2042 579 2075 ι
622 2025 855 2094 Spiritus
885 2029 998 2100 (65)
1025 2039 1208 2086 autem
1251 2032 1540 2088 manifeste
1580 2035 1739 2101 dicit;
1774 2055 1792 2088 ι
1831 2045 1884 2089 ct
1928 2036 1993 2088 il-

405 2111 523 2181 iud,
561 2134 580 2167 ι
631 2117 758 2174 llaec
784 2118 897 2191 (64)
931 2121 1063 2175 dicit
1087 2122 1346 2176 Dominus
1371 2123 1732 2192 omnipotens.
1777 2144 1795 2175 ι
1835 2125 1898 2178 Et
1922 2125 1996 2179 illi

410 2207 602 2272 textui,
656 2228 674 2261 ι
713 2210 851 2266 Deus
902 2211 1014 2284 (65)
1051 2223 1349 2281 aeternus,»
1396 2216 1687 2284 respondet
1736 2217 1994 2285 aequalem

408 2299 748 2366 maiestatem
777 2303 1039 2358 denotatis
1071 2305 1212 2373 quod
1238 2321 1266 2358 a
1295 2305 1464 2360 Paulo
1486 2313 1570 2360 est
1599 2307 1951 2376 przedicatum
1980 2325 1994 2360 :

414 2377 436 2437 ι
469 2387 568 2454 Qui
599 2390 713 2462 (66)
753 2394 1104 2463 semetipsum
1157 2394 1354 2449 obtulit
1393 2411 1490 2464 per
1530 2395 1790 2464 Spiritum
1834 2405 1995 2451 teter-

409 2495 574 2542 num;
607 2500 625 2532 ι
646 2491 843 2538 etcum
871 2483 976 2540 illis
995 2485 1211 2542 verbis:
1245 2503 1264 2538 ι
1290 2485 1459 2542 Nemo
1488 2489 1602 2558 (67)
1627 2498 1801 2558 potest
1825 2489 1998 2559 Spiri-

410 2579 524 2626 tum
547 2584 791 2628 sanctum
821 2577 1068 2646 accipere
1093 2577 1199 2633 nisi
1229 2593 1257 2632 a
1290 2580 1536 2648 Domino,
1569 2598 1588 2632 ι
1619 2583 1856 2652 itemque
1874 2596 1996 2636 cum

412 2663 551 2720 illis:
588 2685 608 2718 ι
631 2669 874 2739 Accipite
900 2668 1013 2741 (68)
1047 2669 1307 2740 Spiritum
1330 2670 1490 2744 144
1506 2683 1774 2739 sanctum,
1799 2691 1819 2724 ι
1853 2688 2002 2728 com-

412 2767 670 2825 parantur
707 2761 852 2818 haec:
892 2779 910 2814 ι
949 2762 1118 2817 Nemo
1151 2763 1262 2836 (69)
1299 2774 1475 2834 potest
1496 2764 1680 2818 dicere
1715 2763 1998 2818 Dominum

411 2849 592 2904 .lesum
610 2851 905 2920 Christum,
927 2855 1028 2910 nisi
1049 2855 1102 2909 in
1127 2854 1330 2925 Spiritu
1375 2865 1632 2917 sancto;r
1664 2864 1739 2920 et,
1772 2854 1999 2911 «Deduci

413 2941 528 3013 (70)
567 2956 596 2995 a
634 2943 836 3012 Spiritu
877 2955 1066 3001 sancto
1095 2947 1162 3002 ad
1191 2948 1500 3013 veritatem,
1538 2965 1555 2996 ι
1591 2961 1806 3016 nempe,
1839 2947 2000 3001 dedu-

415 3036 513 3086 cia
545 3032 748 3103 Spiritu
777 3046 969 3090 t-ancto
993 3037 1060 3091 ad
1091 3051 1278 3091 veram
1318 3037 1495 3096 ﬁdem.
1533 3037 1674 3090 idem
1706 3047 1790 3091 est
1817 3051 1880 3090 ac
1907 3037 1998 3091 deo

415 3125 536 3179 duci
569 3141 598 3178 a
633 3125 860 3180 Domino
889 3128 1128 3195 Christo,
1161 3129 1274 3183 hare
1332 3129 1679 3198 pracipienle
1716 3146 1730 3182 :
1763 3147 1782 3180 ι
1818 3127 2002 3198 Bapti-

413 3224 600 3271 zautes
626 3217 738 3290 (71)
766 3234 860 3275 eos
891 3221 942 3274 in
968 3223 1185 3276 nomine
1216 3221 1415 3285 Patris,
1445 3230 1501 3276 et
1527 3220 1671 3284 Filii,
1722 3231 1778 3276 et
1826 3221 2000 3290 Spiri-

411 3299 504 3362 tus
553 3311 758 3376 sancti;
799 3330 819 3363 ι
853 3321 906 3367 et
927 3326 1046 3366 eum
1076 3314 1142 3367 iis
1162 3314 1360 3378 verbis,
1390 3331 1408 3364 ι
1438 3314 1520 3367 An
1544 3313 1863 3368 aemulemur
1885 3312 1998 3382 (72)

417 3399 699 3455 Dominum
727 3403 750 3456 ?
777 3403 1026 3472 Nunquid
1071 3404 1326 3459 fortiores
1363 3403 1454 3458 illo
1499 3418 1686 3458 sumus
1714 3403 1738 3455 ?
1766 3423 1785 3456 ι
1825 3417 2006 3470 sequa-

416 3490 522 3545 lem
553 3495 660 3547 vim
699 3493 900 3549 habent
927 3495 1077 3550 hinc:
1115 3513 1134 3547 ι
1172 3495 1354 3552 Nolite
1382 3494 1496 3566 (75)
1535 3497 1863 3549 contristare
1890 3493 2006 3562 Spi-

420 3583 582 3640 ritum
618 3596 864 3642 sanctum
893 3587 1009 3653 Dei,
1046 3589 1099 3641 in
1131 3602 1239 3656 quo
1267 3579 1460 3658 signati
1493 3587 1626 3641 estis
1669 3587 1719 3639 in
1751 3587 1892 3641 diem
1924 3601 2007 3641 re-

495 3876 611 3942 (57)
653 3872 964 3942 Emmdam.
1002 3872 1137 3927 Joel.
1173 3888 1239 3936 ιι,
1267 3871 1357 3926 28.

522 3943 609 4010 58)
645 3946 894 4010 Accipite.
931 3943 1090 3998 Joan.
1125 3959 1225 4003 xx,
1264 3943 1358 3994 22.

522 3949 609 4016 58)
645 3949 894 4010 Accipite.
931 3949 1090 3998 Joan.
1125 3959 1225 4003 xx,
1264 3949 1358 3994 22.

497 3949 609 4087 (59)
644 4013 712 4068 Ut
729 4017 834 4068 det.
867 4015 1064 4083 Ephes.
1097 4029 1193 4078 ιιι,
1219 4010 1306 4067 16.
1340 4009 1476 4066 Vide
1509 4012 1770 4080 notasti),
1792 4013 1887 4075 44,
1912 4013 2005 4079 45,

460 4101 544 4140 ae.
571 4088 661 4140 49.

424 4103 867 4227 Ρθῗόὥυὶῖασιω.
909 4153 1108 4209 Ezech.
1156 4153 1298 4227 1,3,
1330 4163 1385 4206 et
1428 4149 1554 4206 alibi
1588 4151 1788 4227 passim
1825 4154 1876 4208 in
1908 4155 2010 4209 Ve-

422 4224 524 4284 teri
550 4224 920 4295 T’estamento,
941 4227 1067 4279 item
1092 4232 1150 4277 ut
1169 4225 1332 4286 binae,
1357 4238 1476 4292 quae
1501 4224 1747 4292 proxime
1763 4239 2003 4295 sequun-

424 4309 514 4354 tur
545 4294 807 4350 fortnnlaa.

496 4368 607 4434 (61)
642 4364 940 4432 Oportebat.
973 4365 1093 4418 Act.
1125 4382 1166 4426 ι.
1196 4363 1282 4419 l6.

431 4447 437 4455 ‘
497 4435 613 4509 (6-2)
650 4434 822 4509 Recte.
849 4437 969 4490 Act.
998 4450 1186 4494 xxvttt.
1213 4435 1306 4509 25.
1342 4435 1477 4509 Yide
1509 4445 1618 4509 not.
1647 4435 1740 4498 41,
1769 4435 2004 4509 ρης-58.

428 4506 779 4578 Πιιιιδίρευμι
808 4507 983 4578 locum
1010 4521 1114 4559 non
1143 4507 1300 4560 modo
1321 4507 1480 4561 alfert
1505 4508 1763 4578 Didymus
1792 4507 1844 4558 in
1871 4506 2009 4560 libro

426 4579 505 4633 De
528 4573 669 4646 Spir.
701 4573 758 4631 S.
784 4591 931 4630 num.
951 4576 984 4630 5
1004 4615 1019 4638 ,
1039 4579 1412 4646 vernmetiam
1440 4573 1686 4632 ettmdetn
1708 4619 1722 4642 ,
1755 4585 1812 4628 ut
1842 4588 1970 4645 puto
1989 4616 2004 4640 ,

2098 663 2323 733 Πνεῦμα
2365 661 2588 720 δίδοται,
2634 656 2779 710 κατὰ
2804 657 2887 719 τὸ,
2925 675 2943 707 ‹
2992 653 3199 724 Ἐκχεῶ
3234 654 3343 707 ἀπὸ
3373 654 3467 706 τοῦ
3523 652 3690 706 Πνεῦ-

2100 756 2268 826 ματός
2295 772 2395 825 μου
2417 753 2509 807 ἐπὶ
2537 755 2717 806 πᾶσαν
2751 751 2951 821 σάρκα,
2977 767 2995 800 ι
3027 748 3122 801 καὶ
3152 744 3292 800 κατὰ
3321 745 3400 807 τὸ,
3439 765 3456 796 ι
3483 745 3690 798 Λάῢετε

2099 847 2323 918 Πνεῦμα
2358 846 2539 915 ἁγιοψ
2581 863 2598 895 ι
2637 843 2808 906 οὕτως
2856 841 2944 894 διὰ
2977 839 3070 893 τοῦ
3120 839 3274 906 ἁγίου
3310 836 3624 907 Πνεῦματος
3660 837 3690 888 6

2097 940 2366 1012 Χριστὸς,
2427 938 2568 992 κατὰ
2621 937 2711 989 τὸν
2773 933 2986 988 Παῦλον
3046 932 3314 1002 Ἐφεσίοις
3371 928 3683 1000 γράφοντα·

2104 1051 2122 1080 ι
2157 1033 2271 1084 Ἵνα
2299 1031 2375 1101 δῷ
2406 1032 2560 1100 ὑμῖν,
2593 1027 2734 1082 κατὰ
2782 1027 2872 1079 τὸν
2920 1024 3147 1077 πλοῦτον
3189 1023 3288 1092 τῆς
3320 1021 3477 1089 δόξης
3503 1017 3686 1079 αὑτοῦ,

2097 1121 2325 1191 δυνάμει
2361 1118 2767 1193 κραταιωθῆναι
2796 1117 2885 1170 διὰ
2931 1115 3024 1168 τοῦ
3056 1113 3372 1183 Πνεῦματος
3400 1109 3584 1171 αὑτοῦ,
3611 1109 3689 1171 εἰς

2097 1213 2191 1265 τὸν
2219 1212 2328 1267 ἔσω
2357 1211 2642 1284 ἄνθρωπον
2674 1209 3000 1280 κατοικῆσαι
3029 1208 3122 1260 τὸν
3152 1205 3405 1276 Χριστόν.
3449 1223 3466 1253 ι
3509 1201 3690 1255 Ἑκλά-

2099 1303 2289 1371 θοιμεν
2319 1303 2365 1356 δ’
2393 1302 2458 1356 ἂν
2499 1305 2557 1356 ὲν
2589 1299 2762 1372 ὁμοίῳ
2795 1300 2889 1352 καὶ
2941 1301 3040 1368 ἴσῳ
3069 1298 3151 1364 τὸ,
3191 1317 3210 1350 ι
3251 1296 3498 1364 Ἐγένετο
3521 1293 3690 1362 Λόγος

2099 1394 2305 1464 Κυρίου
2339 1393 2475 1466 πρὸς
2503 1393 2653 1446 τόνδε
2683 1394 2774 1446 τὸν
2807 1392 3116 1464 προφήτην.
3147 1409 3163 1442 ι
3206 1390 3298 1443 κα).
3325 1389 3408 1451 τὸ,
3438 1405 3455 1437 ι
3489 1385 3690 1459 Κύριος

2098 1481 2273 1549 εἶπεν,
2307 1505 2324 1537 ι
2369 1487 2485 1547 καὶ,
2524 1504 2541 1535 ι
2577 1484 2716 1537 Τάδε
2769 1483 2918 1550 λέγει
2960 1481 3165 1552 Κύριος
3198 1479 3626 1550 παντοκράτωρ,
3666 1496 3682 1525 ι

2095 1577 2176 1647 τῷ
2200 1579 2256 1630 ἐν
2279 1580 2400 1640 ταῖς
2436 1574 2710 1648 Πράξεσιν
2743 1575 2848 1628 ὑπὸ
2883 1575 3089 1644 Πέτρου
3141 1571 3450 1644 εἰρημένῳο
3497 1589 3514 1620 ι
3543 1568 3688 1621 Ἔδει

2099 1667 2454 1739 πληρωθῆναι
2482 1668 2580 1737 τὴν
2617 1667 2860 1737 Γραφὴν,
2896 1666 2961 1735 ἢν
2999 1666 3262 1735 προεῖπεν
3292 1661 3352 1714 τὸ
3379 1659 3601 1730 Πνεῦμα
3629 1659 3690 1710 τ’)

2099 1755 2252 1824 ἅγιον
2275 1795 2289 1817 ,
2326 1775 2342 1805 ι
2381 1757 2476 1808 καὶ
2517 1754 2597 1824 τῷ
2653 1753 2758 1807 ὑπὸ
2806 1752 3021 1806 Παύλου
3060 1753 3116 1804 ἐν
3155 1751 3342 1820 Ῥώμῃ
3390 1749 3525 1821 πρὸς
3563 1748 3688 1811 τοῦς

2113 1847 2417 1910 Ἰουδαίους.
2451 1863 2472 1898 ι
2504 1845 2701 1908 Καλῶς
2743 1845 2804 1897 τὸ
2857 1843 3084 1913 Πνεῦμα
3137 1842 3197 1894 τὸ
3242 1843 3394 1909 ἆγιον
3429 1841 3688 1908 ἐλάλησεν

2028 1943 2068 1996 Β
2097 1939 2184 1992 διὰ
2227 1940 2451 1992 Ἡσαΐου
2486 1938 2580 1991 τοῦ
2604 1941 2910 2012 προφήτου,
2942 1956 2960 1988 ι
2993 1937 3086 1989 καὶ
3118 1935 3216 2006 τῷ,
3254 1936 3355 1989 «Τὸ
3380 1935 3434 1988 δε
3466 1935 3688 2005 Πνεῦμα

2099 2031 2278 2101 ῥητῶς
2297 2031 2464 2100 λέγει’
2481 2049 2498 2082 ι
2523 2031 2617 2084 καὶ
2641 2049 2659 2081 ι
2687 2031 2824 2084 Τάδε
2843 2029 2993 2098 λέγει
3016 2027 3222 2100 Κύριος
3241 2028 3651 2098 παντοκράτωρ.
3667 2048 3682 2071 ι

2112 2123 2375 2192 Ἰσότιμόν
2407 2141 2466 2175 τε
2514 2122 2613 2193 τῷ,
2649 2140 2667 2172 ι
2713 2122 2769 2175 Ὀ
2813 2121 2944 2184 Θεὸς
2983 2119 3223 2183 αἰώνιος,
3255 2138 3274 2170 ι
3311 2119 3372 2171 τὸ
3407 2117 3512 2172 ὑπὸ
3543 2116 3689 2172 [latio

2098 2215 2189 2268 λου
2228 2213 2522 2285 κηρυχθὲν,
2559 2231 2578 2264 ι
2615 2215 2710 2275 ⁸ος
2754 2213 2953 2265 ἑαυτὸν
2997 2212 3370 2283 προσήνεγκεν
3402 2209 3489 2263 διὰ
3523 2207 3688 2262 Πνεύο

2103 2323 2269 2376 ματος
2298 2305 2539 2358 αἰωνίου.
2569 2323 2587 2355 ι
2618 2303 2976 2373 Συγκριτικόν
3001 2320 3061 2355 τε
3084 2301 3182 2372 τῷ,
3218 2322 3236 2352 ι
3261 2301 3447 2364 Οὐδεὶς
3468 2299 3688 2354 δύναται

2100 2396 2327 2466 Πνεῦμα
2384 2397 2539 2464 ἆγιον
2590 2395 2796 2462 λαϐεῖν,
2855 2395 2890 2466 ἢ
2943 2394 3095 2466 παρὰ
3143 2393 3372 2466 Κυρίου,
3405 2413 3425 2445 ι
3464 2393 3557 2445 καὶ
3588 2391 3685 2460 τῷ,

2105 2509 2123 2539 ι
2164 2489 2369 2543 Λάϐετε
2401 2487 2625 2558 Πνεῦμα
2648 2488 2825 2556 ἆγιον,
2855 2505 2873 2538 ι
2896 2487 2976 2551 τὸ,
3010 2505 3027 2537 ι
3059 2486 3250 2549 Οὐδεὶς
3275 2485 3492 2537 δύναται
3516 2486 3688 2537 εἰπεῖν

2103 2579 2306 2650 Κύριον
2340 2577 2546 2648 Ἰησοῦν
2579 2577 2838 2650 Χριστὸν,
2875 2579 2923 2629 εί
2959 2577 3034 2648 μὴ
3071 2578 3130 2628 ἐν
3166 2576 3440 2646 Πνεύματι
3475 2575 3628 2644 ἁγίῳ.
3665 2597 3682 2626 ι

2103 2671 2309 2724 Ταυτόν
2345 2671 2404 2723 τέ
2440 2673 2587 2724 ἐστιν
2620 2670 2681 2723 τὸ
2715 2672 2764 2735 6,
2800 2688 2818 2719 ι
2853 2668 3198 2739 Ὁδηγείσθαι
3245 2668 3351 2720 ὑπὸ
3395 2667 3488 2719 τοῦ
3534 2667 3685 2734 ἁγίου

2102 2763 2422 2831 Πνεύματος
2453 2760 2590 2832 πρὸς
2619 2761 2718 2831 τὴν
2767 2759 3044 2831 ἀλήθειαν,
3084 2778 3104 2811 ι
3138 2758 3282 2811 τοῦτ’
3312 2758 3457 2810 ἐστιν
3486 2757 3546 2810 τὸ
3569 2757 3688 2827 ὁδη-

2103 2854 2319 2922 γεῖσθαι
2364 2853 2470 2905 ὑπὸ
2509 2853 2603 2906 τοῦ
2657 2851 2813 2919 ἁγίου
2853 2849 3168 2920 Πνεύματος
3200 2855 3336 2922 πρὸς
3373 2849 3478 2921 [65
3505 2848 3566 2919 b]
3591 2846 3688 2918 τὴν

2103 2942 2361 3014 ἀληθινὴν
2393 2943 2598 3003 πίστιν,
2651 2941 2730 3012 τῷ
2762 2941 3073 3013 ὁδηγεῖσθαι
3129 2941 3233 2993 ὑπὸ
3276 2939 3370 2992 τοῦ
3422 2939 3688 2992 Δεσπότου

2103 3035 2376 3107 Χριστοῦ,
2415 3033 2784 3098 θεσπίζοντοςο
2837 3053 2855 3084 ι
2889 3031 3249 3098 Βαπτίζοντες
3280 3031 3476 3094 αὐτοὺς
3516 3032 3592 3093 εἰς
3629 3029 3689 3080 τὸ

2103 3130 2273 3200 ὄνομα
2299 3129 2395 3182 τοῦ
2423 3127 2658 3198 Πατρὸς,
2679 3127 2774 3180 καὶ
2803 3126 2896 3180 τοῦ
2921 3126 3071 3192 Υίοῦ,
3103 3126 3196 3179 καὶ
3225 3125 3316 3178 τοῦ
3340 3126 3493 3193 ἁγίου
3525 3123 3688 3178 Πνεῦ-

2107 3239 2295 3293 ματος.
2338 3240 2354 3272 ι
2394 3220 2506 3273 Καὶ
2545 3220 2814 3283 ἰσοσθενές
2845 3219 2923 3290 τῷ
2956 3218 3162 3288 λέγοντι
3205 3217 3371 3290 ῥητῷ,
3415 3241 3427 3263 ι
3468 3219 3557 3288 Μὴ
3590 3233 3689 3270 πα-

2115 3310 2464 3384 ραζηλοῦμεν
2511 3309 2602 3363 τὸν
2648 3308 2896 3380 Κύριον;
2971 3311 3064 3380 Μὴ
3142 3309 3479 3380 ἰσχυρότεροι
3531 3306 3690 3362 αὑτοῦ

2111 3407 2308 3473 ἐσμεν;
2344 3422 2362 3452 ι
2401 3402 2462 3454 τὸ
2489 3401 2722 3471 γράφειν
2743 3420 2754 3431 ·
2771 3402 2891 3473 ιΜὴ
2904 3402 3125 3454 λυπεῖτε
3151 3402 3210 3454 τὸ
3222 3400 3444 3470 Πνεῦμα
3471 3399 3529 3452 τὸ
3541 3399 3690 3467 ἅγιον

2109 3495 2202 3548 τοῦ
2230 3495 2386 3560 Θεοῦ,
2422 3497 2479 3546 ὲν
2510 3487 2554 3562 ᾦ
2584 3495 2990 3566 ἐσφραγίσθητε
3021 3497 3100 3558 εἰς
3132 3495 3345 3566 ἡμέραν
3375 3489 3689 3563 ἀπολυτρώ-

2114 3605 2268 3650 σεως.
2319 3607 2336 3637 ι
2396 3588 2506 3641 Καὶ
2554 3589 2898 3658 ὁμοιόλεκτον
2949 3587 3058 3658 τῷ,
3116 3607 3134 3640 ι
3181 3586 3588 3652 Ἐξαποστελεῖς
3633 3583 3690 3638 τὸ

2177 3873 2290 4009 (65)
2331 3873 2584 3936 Spiritus.
2623 3874 2640 3927 Ι
2675 3875 2813 3929 Tim.
2843 3892 2919 3940 tv,
2958 3875 3010 3928 1.

2178 3946 2268 4006 (64
2336 3944 2483 3999 Hm.
2518 3945 2591 4001 Ut
2639 3945 2908 4009 intelligas
2946 3962 3008 4000 cu

2178 3942 2290 4009 (64)
2336 3944 2483 3999 Hm.
2518 3945 2596 4015 Ut
2639 3945 2908 4015 intelligas
2946 3962 3044 4000 cur
3089 3946 3188 4000 ista
3232 3942 3389 3995 verha
3426 3943 3512 3996 hic
3535 3943 3688 4009 citet,

2110 4015 2233 4090 lege
2253 4015 2447 4090 librum
2480 4015 2554 4090 De
2570 4014 2711 4085 Spir.
2733 4015 2790 4070 S.
2820 4014 2970 4070 itum.
2995 4015 3083 4070 28.
3123 4017 3250 4070 Vide
3279 4015 3437 4066 etiant
3471 4028 3591 4083 cap.
3626 4015 3690 4070 19

2115 4087 2234 4138 Iihri
2261 4087 2579 4152 Superioris.

2183 4155 2294 4226 (65)
2327 4151 2494 4210 Deus.
2539 4157 2643 4210 Isa.
2691 4172 2859 4221 xxvi,
2903 4156 2968 4219 4,
3019 4156 3106 4209 ubi
3138 4153 3318 4226 (Vulg.
3365 4151 3464 4205 int.
3509 4152 3688 4226 aliter.

2119 4224 2248 4279 Vide
2275 4227 2438 4280 etiam
2470 4226 2644 4292 Epist.
2670 4229 2733 4280 ad
2760 4227 2916 4281 Rom.
2951 4243 3059 4286 xvr,
3084 4225 3175 4290 26,
3206 4236 3258 4277 et
3281 4224 3414 4276 Dan.
3444 4238 3566 4289 xui,
3595 4224 3688 4280 42.

2182 4297 2294 4360 (66)
2329 4294 2453 4361 Qui.
2485 4296 2650 4350 Hebr.
2688 4313 2764 4354 Ix.
2802 4297 2888 4351 M.
2924 4296 3182 4365 Vulg-atus
3208 4296 3301 4346 int.
3335 4293 3510 4365 aliter.

2178 4367 2290 4438 (67)
2328 4366 2519 4438 Nemo.
2551 4367 2602 4422 In
2630 4366 2817 4422 Bibliis
2851 4370 2964 4422 haec
3000 4363 3103 4419 non
3139 4373 3390 4438 exstant,
3421 4364 3475 4438 ιιι
3509 4363 3686 4438 fallor.

2109 4434 2296 4490 Simon
2326 4436 2516 4505 Magus
2556 4438 2874 4508 ohjurgatur
2905 4439 3023 4492 Act.
3053 4450 3173 4508 v_m,
3210 4434 3476 4508 20,_qyuod
3513 4435 3689 4508 Spiri-

2112 4517 2220 4559 tum
2239 4504 2486 4561 sanctum
2501 4504 2686 4562 emere
2707 4504 2882 4561 vellet.
2911 4508 2975 4561 Et
2993 4508 3044 4560 iit
3069 4504 3236 4573 Epist.
3253 4505 3317 4557 ad
3343 4505 3496 4558 liom.
3517 4505 3680 4562 xut.l

2111 4575 2306 4646 legitur
2339 4596 2352 4631 :
2397 4593 2414 4626 ι
2455 4576 2572 4631 Non
2604 4589 2690 4632 est
2725 4589 3000 4646 potestas,
3043 4576 3142 4629 nisi
3173 4592 3203 4628 a
3236 4575 3363 4646 Deo.
3403 4593 3421 4626 ι
3458 4574 3686 4646 Ειεψιιιι

429 4645 652 4717 respicit
675 4647 862 4701 eodem
892 4660 1117 4698 numero
1153 4645 1240 4700 ubi
1279 4646 1518 4720 legitur;
1551 4646 1614 4700 Et
1653 4648 1852 4720 Isaiam
1881 4662 2006 4720 pro;
2039 4665 2083 4720 ι)
2107 4645 2373 4701 Joannem
2406 4663 2496 4710 ιιι,
2526 4648 2596 4701 54
2626 4663 2642 4701 :
2688 4666 2707 4699 ι
2728 4645 2821 4702 Άι]
2856 4661 3181 4720 mensuram
3206 4647 3294 4720 dat
3335 4645 3474 4699 Deus
3512 4645 3688 4720 Spiri-

428 4713 683 4788 phetasse
725 4724 1118 4788 commemorat
1159 4729 1280 4770 cum
1311 4713 1615 4788 articulatai
1636 4733 1768 4771 voce
1792 4756 1807 4780 ,
1829 4713 1918 4769 διὰ
1946 4715 2008 4770 τὸ
2041 4713 2075 4720 ⁷
2114 4728 2222 4770 ιιιιιι
2255 4734 2270 4772 :
2317 4737 2335 4768 ι
2368 4727 2424 4772 et
2455 4733 2572 4788 cap.
2611 4735 2724 4782 χιιι,
2757 4734 2896 4773 vers.
2924 4719 2990 4772 17
3022 4736 3036 4773 :
3087 4735 3107 4768 ι
3150 4716 3382 4788 Spi_r_itus
3415 4713 3684 4788 veritatis,

429 4785 657 4858 Πνεῦμα
693 4785 754 4838 τὸ
785 4785 960 4858 ἆγιον,
997 4787 1162 4858 idest
1187 4824 1203 4848 ,
1239 4804 1258 4837 ι
1295 4803 1407 4858 per_
1423 4788 1564 4858 hunc
1590 4787 1852 4854 Spiritum
1885 4803 2009 4840 san-

428 4853 600 4919 ctum,
639 4875 657 4908 ι
692 4865 747 4927 et
769 4870 885 4927 non
912 4853 1228 4923 simpliciter
1267 4853 1493 4927 Πνεῦμα
1521 4853 1696 4926 ἅγιον.
1742 4857 2006 4910 Nimirum

431 4926 739 4996 hujusmodi
767 4924 1048 4996 lectionem
1077 4927 1388 4982 mendosam
1415 4924 1537 4982 esse
1567 4924 1854 4989 existimo;
1881 4943 2009 4982 nus-

431 4994 592 5066 guam
646 4996 790 5049 enim
843 4995 920 5066 ait
963 4994 1194 5060 Paulus,
1238 4999 1288 5051 ni
1347 4998 1522 5060 fallor,
1563 5006 1655 5051 aut
1704 5000 2006 5066 scriptura,

429 5065 626 5120 Isaiam
657 5083 674 5116 ι
725 5065 1080 5133 prophetasse
1107 5082 1204 5135 per
1242 5067 1501 5135 Spiritum
1533 5065 1827 5131 sanctum,
1861 5085 1880 5117 ι
1915 5069 2008 5122 sed

433 5137 552 5206 vice
581 5149 736 5190 versa
766 5136 861 5200 ait,
897 5154 915 5186 ι
943 5136 1200 5204 Spiritum
1227 5149 1472 5192 sanctum
1509 5139 1746 5192 loeutum
1768 5153 1890 5191 esse
1912 5153 2010 5206 per

432 5204 648 5280 lsaiam.
675 5223 694 5256 ι
724 5206 801 5257 Ac
829 5216 1088 5272 praeterea
1123 5208 1447 5280 vocesillas,
1477 5207 1565 5261 διὰ
1587 5208 1647 5261 τὸ
1680 5204 1926 5280 Πνεῦμα
1949 5207 2010 5260 τὸ

431 5277 618 5349 ᾇγιον,
650 5289 755 5329 non
787 5285 932 5329 recte
977 5285 1208 5330 verteret
1243 5277 1622 5349 Hieronymus.
1678 5297 1696 5330 ι
1731 5277 1844 5348 per
1865 5281 2012 5332 hune

434 5345 709 5418 Spiritum,
750 5355 1039 5418 Asancmm;
1081 5365 1101 5397 ι
1148 5345 1462 5418 signiﬁcant
1503 5349 1682 5411 enim,
1730 5345 1748 5398 ἃ
1794 5359 2014 5416 propter

433 5414 577 5471 hunc
621 5414 883 5484 Spiritum
933 5414 1261 5472 sanctttmir
1318 5417 1488 5474 Porro
1541 5434 1608 5474 ex
1664 5414 2012 5473 biltliotlteca:

434 5495 636 5540 nostra:
685 5485 878 5558 codice
917 5500 1018 5558 ms.
1056 5486 1188 5558 nihil
1231 5487 1366 5542 lucis
1404 5489 1635 5542 mutuari
1682 5504 2008 5558 possumus:

434 5558 628 5627 menda
659 5556 802 5611 enim
835 5557 1044 5627 mendis
1069 5557 1237 5622 addit,
1269 5572 1389 5612 cum
1419 5559 1638 5624 haheat,
1675 5556 1695 5609 ἆ
1734 5559 1846 5627 ipsa
1872 5559 2008 5627 jam,

436 5640 564 5698 pro,
595 5625 811 5698 Isaiam.
842 5643 861 5677 ι
904 5626 1090 5698 Itaque
1134 5628 1214 5682 sic
1259 5627 1544 5698 legendum
1584 5628 1700 5696 ipse
1732 5625 1964 5696 conjicio
1993 5665 2010 5692 ,

441 5711 462 5744 ι
488 5694 555 5766 Et
581 5711 675 5766 per
705 5695 894 5766 Isaiam
933 5696 1286 5766 prophetasse
1307 5694 1698 5753 commemorat
1729 5694 1851 5751 cum
1881 5698 2015 5752 arti-

436 5765 611 5837 culate
663 5781 798 5822 voce
841 5765 903 5820 τὸ
945 5765 1172 5837 Πνεῦμα
1221 5768 1282 5820 τὸ
1317 5769 1504 5837 ἅγιον,
1553 5768 1603 5821 id
1645 5777 1761 5834 est,
1810 5786 1830 5818 ι
1869 5769 2016 5824 hunc

437 5833 698 5956 Spiritum
752 5846 1042 5905 sanctum,
1081 5833 1108 5890 ι’
1149 5847 1205 5894 et
1257 5833 1377 5895 non-
1428 5833 1754 5910 simpliciter
1785 5838 2014 5908 Πνεῦαα

475 5919 611 5956 γιον.

475 5919 611 5972 γιον.

2113 4802 2270 4856 quem
2304 4783 2537 4858 mundus
2561 4804 2666 4842 non
2691 4798 2868 4858 potest
2891 4789 3154 4856 accipere.
3182 4807 3200 4838 ι
3239 4783 3432 4858 Utrum
3450 4784 3687 4858 aliquem

2111 4853 2175 4910 ex
2217 4859 2299 4912 his
2329 4857 2462 4912 locis
2493 4853 2794 4928 respexerit
2822 4853 3099 4929 Didymus,
3133 4858 3300 4929 lector
3321 4855 3554 4929 judicet.
3579 4853 3686 4929 Sed

2113 4942 2235 4982 cum
2287 4925 2618 4997 privatorum
2672 4925 2948 4983 hominum
3001 4928 3217 4983 codices
3259 4925 3686 4997 breviascholia

2113 5007 2208 5051 aut
2232 4994 2301 5052 ad
2332 5000 2633 5067 marginem
2669 4999 2963 5054 Bibliorum
3001 4999 3293 5060 haberent,
3333 5005 3424 5067 aut
3455 4994 3688 5067 iatrali-

2114 5083 2264 5131 ncas,
2299 5067 2411 5122 ﬁeri
2444 5065 2621 5136 potest
2647 5081 2703 5122 ut
2731 5087 2897 5124 unum
2927 5071 2998 5125 sit
3023 5069 3189 5124 hocce
3216 5083 3280 5120 ex
3313 5066 3414 5120 illis
3443 5065 3684 5136 scholiis,

2114 5141 2255 5208 quod
2277 5135 2511 5208 Didyme
2545 5141 2697 5208 quasi
2727 5155 2858 5206 pars
2890 5151 3068 5194 textus
3097 5139 3235 5192 sacri
3269 5137 3466 5190 lectum
3496 5135 3678 5188 fuerit.

2187 5206 2298 5280 (68)
2335 5206 2584 5280 Accipite.
2620 5210 2776 5264 Joan.
2811 5227 2904 5274 xx,
2937 5211 3028 5264 22.

2187 5276 2297 5348 (69)
2333 5276 2523 5332 Nemo.
2563 5279 2739 5334 lCor.
2792 5297 2906 5345 xu,
2965 5281 3018 5334 5.
3077 5279 3247 5334 Biblia
3305 5285 3492 5330 carent
3527 5289 3690 5332 vuce.

2115 5348 2373 5418 Χριστόν·
2402 5365 2568 5420 quam
2607 5351 2862 5419 Didymus
2907 5353 3020 5420 ipse
3047 5351 3250 5420 omittit
3284 5348 3422 5420 intra
3449 5389 3462 5411 ,
3501 5360 3692 5411 nempe

2115 5437 2290 5493 segni.
2319 5418 2822 5493 l§4_b,_et_inlib.
2855 5418 2937 5475 De
2961 5418 3151 5493 Sp.
3186 5433 3343 5493 num:
3375 5418 3426 5468 4.
3458 5483 3470 5493 .
3549 5482 3561 5493 .

2191 5489 2300 5558 (70)
2339 5489 2555 5542 Deduci.
2599 5489 2676 5542 Ex
2716 5489 2872 5544 Joan.
2903 5483 3013 5554 χιιι,
3054 5491 3144 5545 15.
3193 5483 3561 5542 Passioneiani
3591 5493 3689 5558 co-

2117 5551 2253 5612 dicis
2283 5551 2458 5611 'lectio
2499 5559 2584 5611 illa
2608 5598 2622 5622 ,
2660 5560 2722 5612 τὸ
2749 5560 2812 5624 ὁ,
2846 5551 3104 5616 mendosa
3133 5571 3217 5616 est
3243 5577 3260 5614 :
3304 5551 3689 5625 expungendus

2117 5630 2329 5684 Scilicet
2360 5639 2444 5681 est
2477 5629 2758 5691 articulus,
2793 5631 2840 5684 6.

2340 5696 2699 5770 Baptizantes.
2744 5698 2930 5770 Matth.
2964 5715 3157 5763 xxvm,
3181 5698 3319 5770 19.-

2216 5704 2305 5766 71)
2340 5704 2699 5766 Baptizames.
2744 5704 2930 5753 Matth.
2964 5715 3157 5763 xxvm,
3185 5704 3276 5766 (i9.

2186 5704 2298 5839 (72)
2333 5771 2412 5839 Art
2439 5769 2824 5839 gratulamur-.1
2866 5768 2992 5824 Cor.
3042 5786 3095 5837 χ,
3136 5769 3222 5822 22.
3279 5763 3467 5821 Graeca
3496 5758 3689 5818 editio:

2125 5835 2204 5893 ’Ἢ
2218 5835 2532 5907 παραζηλοῦ
2541 5853 2662 5907 μεν.

2189 5909 2298 5980 (75)
2333 5906 2759 5979 Νυιιιωίίριιεε.
2800 5923 2872 5975 tv,
2909 5908 2998 5963 50.
