4082 6402
436 408 539 461 liti",
1700 408 1940 466 DlDYSﬂ
1980 411 2453 468 ALEXANDlllNI
3584 418 3694 477 501

436 525 508 577 tia
548 539 666 585 sua.
716 533 773 578 et
825 539 854 578 a
923 525 1005 579 via
1039 526 1203 590 mala,
1266 536 1318 581 et
1345 528 1650 597 baptizetur
1691 530 1744 584 iu
1794 533 2000 585 nomine

2119 531 2299 604 σθητω
2322 536 2402 597 εἰς
2439 532 2499 586 τὸ
2532 532 2703 605 ὄνομα
2730 533 2935 606 Κυρίου
2982 534 3178 607 Ἰησοῦ.
3213 536 3305 588 καὶ
3329 535 3686 607 σωθήσεται-ι

436 615 649 673 Domini
677 614 826 683 Jesu,
860 627 915 672 et
944 619 1267 683 s‘alvabitur,
1310 639 1331 670 ι
1369 619 1630 690 Spiritum
1659 622 1822 693 igitur
1850 638 1879 676 a
1901 624 2000 678 Dec

2111 624 2219 694 ἄρα
2252 624 2328 695 τῷ
2380 624 2500 695 Θεῷ
2548 624 2971 697 ἀπαράλλακτον
3016 625 3077 679 τὸ
3116 616 3338 696 Πνεῦμα
3381 626 3564 679 αὑτοῦ·
3595 629 3691 683 καὶ

436 708 571 762 nihil
600 706 821 763 diﬂ'erre
846 719 1060 764 constat
1090 698 1253 765 etiam
1282 725 1349 765 ex
1383 727 1449 766 eo
1498 713 1639 781 quod
1668 713 1858 768 iisdem
1890 730 2000 769 veri

2110 719 2218 773 ἀπὸ
2248 718 2342 771 τοῦ
2374 718 2464 771 τὸν
2488 719 2769 789 Δεσπότην
2794 721 2909 783 τοῖς
2945 718 3233 790 μαθηταῖς,
3260 719 3442 781 αὐτοῖς
3463 719 3690 790 ὀνόμασι

435 798 522 855 bis
550 808 708 854 utens
760 800 1019 856 Dominus
1055 800 1338 870 discipulis
1372 804 1575 858 dixerit
1606 822 1620 858 :
1663 822 1682 854 ι
1715 802 2000 872 Exspecta-

2109 810 2292 878 φάναι·
2320 826 2339 855 ι
2380 809 2729 880 Ἀναμείνατε
2753 810 2853 881 τὴν
2884 808 3213 879 ἐπαγγελίαν
3240 809 3335 863 τοῦ
3369 810 3603 882 Πατρδς,
3621 812 3689 883 ἢν

433 897 491 945 te
520 888 632 962 (97)
669 891 1089 960 promissionem
1139 892 1337 954 Patris,
1363 909 1525 963 quam
1576 894 1847 950 audistis:
1881 897 2000 964 quia

2106 902 2399 973 ἠκούσατε,
2450 902 2532 955 ὅτι
2593 902 2848 973 Ἰωάννης
2892 903 2993 973 μὲν
3059 890 3367 957 ἐϐάπτισεν
3407 903 3558 956 ὕδατι
3605 905 3688 968 είς

436 978 674 1038 Joannes
695 982 912 1053 quidem
932 981 1227 1050 baptizavit
1242 999 1381 1053 aqua
1402 985 1453 1037 in
1476 986 1848 1054 pmuitentiam
1868 986 2000 1058 (98)I

2109 994 2418 1064 μετάνοιαν,
2487 994 2642 1065 ὑμεῖς
2700 993 2756 1047 δὲ
2798 993 3232 1066 βαπτισθήσεσθε
3295 998 3355 1049 ἐν
3407 995 3687 1066 Πνεύματι

434 1088 533 1129 vos
565 1083 743 1127 autem
772 1071 1179 1144 baptizabimini
1213 1076 1265 1127 in
1311 1074 1519 1146 Spiritu
1567 1086 1779 1131 sancto.
1807 1095 1827 1128 ι
1862 1077 2000 1131 Nihil

2106 1084 2266 1157 ἁγίῳ.
2319 1104 2338 1137 ι
2374 1085 2538 1139 Οὐδὲν
2575 1085 2684 1156 γὰρ
2734 1085 2920 1159 ἕτερον
2950 1085 3110 1141 τοῦτο
3131 1087 3366 1159 amomi
3413 1089 3549 1158 ὅπερ
3592 1090 3688 1142 καὶ

434 1166 579 1220 enim
616 1166 760 1220 aliud
787 1167 903 1221 haec
931 1167 1214 1231 denotant,
1246 1165 1349 1222 nisi
1403 1166 1456 1222 id
1487 1168 1629 1237 quod
1660 1167 1762 1222 alia
1790 1184 2000 1239 quoque

2105 1175 2308 1247 ήᾶλλη
2361 1174 2529 1229 αὐτοῦ
2582 1176 2709 1247 περὶ
2764 1176 2826 1230 τὸ
2871 1175 3127 1249 φὼτισμα
3168 1177 3546 1248 μυσταγωγία,
3601 1179 3685 1232 ὅτι

434 1257 555 1326 ejus
581 1259 646 1314 de
679 1259 952 1327 baptismo
981 1260 1258 1324 doctrina;
1294 1260 1484 1315 eadem
1530 1260 1740 1317 scilicet
1766 1266 2003 1332 operari,

434 1357 501 1402 ρι’
520 1366 680 1420 posse
707 1349 968 1421 Spiritum
1025 1362 1295 1417 sanctum,
1343 1367 1465 1422 quae
1495 1367 1690 1408 nomen
1718 1352 1921 1420 Patris,
1950 1364 2004 1410 et

438 1442 559 1496 Filii
590 1441 727 1510 ejus,
759 1453 947 1512 utpote
976 1445 1066 1513 qui
1093 1451 1177 1499 est
1227 1443 1470 1515 ejusdem
1514 1444 1732 1499 deitatis
1778 1462 1793 1500 :
1829 1457 1883 1500 et
1908 1461 2003 1501 cu-

427 1533 656 1604 juslibet
705 1535 1040 1591 discriminis
1081 1545 1332 1606 expertes
1379 1535 1600 1601 Filium,
1647 1550 1711 1590 ac
1738 1535 2001 1606 Spiritum

433 1635 689 1681 sanctum
726 1626 779 1680 in
817 1641 983 1681 unum
1015 1626 1178 1682 veluti
1209 1625 1445 1697 glomum
1476 1625 1590 1697 (99)
1616 1629 1930 1691 convenire,
1949 1640 2002 1683 et

430 1731 496 1771 ex
550 1732 708 1787 aquo
761 1717 1103 1796 venerandos
1156 1731 1321 1796 esse:
1357 1733 1464 1788 quo
1513 1720 1675 1773 modo
1701 1719 2001 1789 (l)Paulus

436 1808 692 1863 Romanis
727 1795 811 1880 (2)
842 1809 1068 1864 scribit:
1099 1826 1119 1861 ι
1144 1795 1278 1864 Nam
1311 1809 1359 1864 si
1414 1809 1461 1864 is
1510 1809 1600 1879 qui
1629 1811 1798 1877 venit,
1832 1811 1998 1866 alium

2102 1266 2169 1338 δὴ
2197 1265 2268 1320 τὰ
2298 1266 2439 1320 αὐτὰ
2487 1267 2701 1338 ἐνεργεῖ
2748 1266 2843 1321 καὶ
2888 1266 3109 1323 δύναται
3152 1267 3214 1321 τὸ
3245 1269 3399 1337 ἆγιον
3434 1268 3684 1339 Πνεῦμα,

2104 1356 2248 1428 άπερ
2291 1355 2529 1428 τοῦνομα
2562 1356 2656 1412 τοῦ
2716 1358 2932 1431 Πατρὸς
2978 1360 3073 1413 καὶ
3121 1360 3216 1413 τοῦ
3262 1360 3456 1424 Παιδὸς
3496 1361 3682 1424 αὐτοῦ,

2102 1447 2198 1503 ἅτε
2241 1448 2342 1519 τῆς
2379 1449 2551 1520 αὐτῆς
2595 1450 2838 1522 ὑπάρχον
2898 1450 3169 1521 θεότητος.
3252 1451 3685 1524 ’Λπαράλλακτόν

2102 1556 2161 1591 τε
2193 1539 2254 1592 τὸ
2282 1540 2548 1611 μήρυγμα
2595 1540 2691 1593 τοῦ
2715 1540 2847 1594 Υίοῦ
2881 1541 2976 1596 καὶ
3003 1541 3097 1596 τοῦ
3148 1541 3306 1611 ἁγίου
3341 1542 3678 1613 Πνεύματος,

2102 1614 2197 1685 παὶ
2236 1631 2296 1697 ἐξ
2343 1632 2458 1685 ίσου
2518 1633 2736 1698 σεπτὸν,
2857 1633 3071 1698 Παῦλος
3120 1633 3412 1704 Ῥωμαίοις
3455 1635 3679 1707 γράφει·

2108 1739 2125 1772 ι
2188 1722 2252 1776 Ei
2282 1723 2380 1794 μὲν
2423 1723 2534 1796 γὰρ
2572 1725 2601 1777 ὁ
2626 1724 2920 1796 ἐρχόμενος
2957 1724 3115 1779 ἄλλον
3159 1725 3366 1797 Ἰησοῦν
3394 1727 3677 1798 κηρύσσει,

2100 1813 2159 1867 δν
2218 1814 2319 1869 οὐκ
2364 1814 2731 1888 ἐκηρύξαμεν,
2774 1818 2809 1888 ἢ
2844 1817 3068 1890 Πνεῦμα
3119 1818 3304 1887 ἕτερον
3347 1819 3676 1890 λαμὸάνετε,

431 1901 706 1955 Christum
739 1879 1023 1969 praedicat,
1084 1914 1245 1972 quem
1279 1915 1387 1956 non
1444 1900 1877 1970 praedicavimus,
1909 1911 2000 1956 aut

2105 1903 2132 1958 θ
2163 1905 2263 1959 οὐκ
2314 1879 2566 1960 ἐλάϐετε.⁷
2654 1879 2765 1978 Την
2796 1879 3005 1980 ἀὐτὶ-ιν.
3037 1879 3260 1975 ἔνδειξιν
3314 1879 3436 1981 ἔχει.
3474 1911 3567 1964 καὶ
3596 1879 3677 1975 τὸ,

429 1992 594 2047 alium
629 1992 888 2062 Spiritum
926 1993 1195 2063 accipitis,
1222 2008 1382 2064 quem
1403 2008 1510 2048 non
1536 1995 1846 2062 accepistis.
1876 2014 1895 2046 ι
1932 1995 2005 2049 ll-

428 2084 519 2140 lud
546 2099 783 2154 quoque,
818 2104 837 2137 (
862 2083 979 2140 Νοη
1011 2086 1154 2142 enim
1184 2084 1262 2158 (3)
1294 2086 1468 2141 audeo
1498 2084 1702 2154 aliquid
1737 2085 1880 2154 loqui
1910 2102 2002 2140 eo-

431 2188 575 2237 rum,
602 2190 724 2243 qua:
746 2166 847 2243 per~
860 2191 944 2230 me
972 2190 1076 2229 non
1094 2173 1272 2230 eﬂecit
1295 2174 1546 2230 Christus
1570 2177 1624 2230 in
1641 2176 1999 2234 obedientiam

426 2268 694 2337 gentium,
726 2266 894 2322 verbo
917 2278 971 2321 et
993 2282 1179 2337 opere,
1211 2265 1439 2338 metu
1471 2267 1674 2323 virtute
1719 2269 2000 2341 signorum

428 2367 487 2413 et
508 2359 899 2429 prodigiorum,
951 2361 1005 2413 in
1051 2359 1252 2413 virtute
1283 2360 1521 2430 Spiritus
1558 2359 1675 2427 Dei,
1700 2379 1721 2413 ι
1755 2362 1997 2417 eamdem

427 2451 539 2506 vim
580 2451 766 2517 habet,
820 2461 985 2521 atque
1040 2452 1364 2522 emphasim,
1425 2466 1588 2521 quam
1631 2452 1795 2509 habet
1828 2454 1996 2509 illud:

433 2563 455 2596 ι
482 2541 644 2598 Pater
669 2543 745 2617 (4)
771 2544 825 2599 in
855 2558 942 2599 me
977 2559 1209 2598 manens
1237 2542 1354 2611 ipse
1378 2542 1508 2596 facit
1545 2543 1998 2612 opera.Creditis,

426 2639 572 2709 quod
594 2651 696 2709 ego
726 2639 780 2692 iu
814 2637 995 2701 Patre,
1037 2646 1091 2693 et
1124 2635 1287 2691 Pater
1336 2637 1390 2691 in
1428 2636 1549 2690 me?
1574 2654 1593 2688 ι
1630 2635 1838 2691 Etenim
1901 2636 2001 2690 ob-

426 2745 583 2786 serva
614 2730 866 2800 primum,
903 2729 1045 2785 sicut
1099 2727 1339 2795 Patrem,
1390 2727 1471 2783 sic
1525 2728 1688 2781 etiam
1735 2726 1997 2796 Spiritum

426 2822 546 2891 ejus
570 2822 712 2892 apud
764 2819 1043 2876 Christum
1096 2835 1340 2883 manere,
1378 2820 1526 2889 quod
1559 2820 1631 2874 sit
1659 2819 1728 2875 ob
1761 2819 1997 2875 divinam

436 2927 687 2969 naturam
746 2913 1146 2984 inseparabilis.
1192 2911 1429 2968 Observa
1464 2913 1677 2975 deinde,
1718 2911 1787 2966 ab
1812 2911 2001 2967 iueﬁ'a-

426 3007 521 3060 bili
563 3005 832 3061 Triuitate
883 3008 1065 3060 divina
1123 3018 1289 3075 opera
1335 3006 1682 3060 concorditer
1721 3004 1857 3058 ﬁeri.
1891 3004 1996 3059 Ob-

424 3114 580 3153 serva
614 3100 854 3162 detuum,
881 3099 1020 3153 sicut
1054 3096 1218 3151 Pater
1241 3097 1293 3149 in
1346 3099 1559 3165 propria
1604 3097 1878 3167 bypostasi
1904 3112 1998 3151 ex-

423 3189 622 3242 sistens
649 3196 1071 3256 repraesentatur-
1101 3187 1152 3239 in
1187 3186 1466 3257 unigenito
1494 3186 1639 3240 velut
1683 3187 1735 3239 iit
1761 3187 1997 3254 imagine

423 3280 493 3333 ob
524 3279 858 3333 identitatem
887 3278 1127 3341 deitatis,
1158 3279 1210 3332 id
1238 3288 1321 3332 est
1345 3279 1821 3342 essentiameodem
1842 3278 1999 3331 modo

424 3371 588 3425 etiam
624 3370 969 3441 Uuigeuitum
1028 3371 1080 3423 in
1139 3386 1244 3423 uno
1301 3368 1508 3438 Spiritu
1538 3381 1727 3424 sancto
1771 3369 1916 3424 velut
1945 3369 1997 3423 in

425 3456 660 3525 imagine
684 3457 1084 3525 repraesentari.
1118 3456 1289 3524 Quam
1325 3458 1490 3512 multa
1525 3473 1648 3513 vero
1673 3458 1776 3512 alia
1811 3459 1879 3513 de
1911 3460 1996 3514 di-

426 3549 552 3603 vino
584 3547 790 3618 Spiritu
828 3550 1029 3619 scripta
1047 3561 1173 3603 sunt
1198 3550 1278 3619 (5)
1298 3550 1366 3605 ab
1384 3551 1451 3606 iis
1476 3566 1579 3605 non
1607 3552 1996 3621 discrepantia,

422 3654 545 3710 quae
574 3642 641 3695 de
676 3640 785 3694 Deo
824 3657 888 3696 ac
926 3640 1109 3705 Patre,
1161 3649 1216 3695 et
1271 3642 1339 3695 de
1399 3639 1687 3711 Unigenito
1719 3642 1836 3710 ejus
1861 3640 1997 3698 Filio

425 3737 629 3802 scripta
665 3734 913 3789 fuerunt!
972 3749 1204 3803 quorum
1257 3734 1436 3803 aliqua
1476 3733 1641 3788 variis
1680 3733 1812 3789 locis
1840 3734 2000 3803 hujus

428 3827 550 3880 libri
585 3827 961 3890 continentur,
990 3826 1045 3880 in
1085 3826 1357 3881 sermonis
1386 3825 1618 3879 decursu
1660 3840 1689 3878 a
1734 3824 1888 3879 nobis
1923 3825 2001 3878 al-

428 3915 559 3969 lata.
584 3915 735 3980 Quod
758 3916 802 3969 si
844 3915 920 3985 (7)
952 3931 1048 3970 eos
1087 3913 1327 3969 vicissim
1365 3914 1785 3984 interrogemus,
1817 3923 1999 3968 utrunt

431 4006 538 4061 Eva
566 4006 668 4079 (8),
695 4021 760 4061 ac
790 4007 941 4077 pueri
971 4022 1109 4078 quos
1159 4021 1224 4062 ea
1252 4007 1461 4079 genuit,
1515 4020 1581 4061 ex
1628 4005 1837 4061 Adamn
1867 4006 2000 4074 sint,

496 4172 611 4245 (97)
671 4169 1005 4239 Exspectate.
1056 4172 1180 4229 Act.
1239 4188 1282 4239 ι,
1321 4172 1355 4229 ὅ
1414 4181 1470 4229 et
1523 4172 1577 4230 5.
1619 4171 1787 4228 Biblia
1846 4173 2003 4241 paulo

426 4245 606 4301 aliter.
1438 4299 1442 4305 .

502 4316 613 4388 (98)
632 4312 699 4367 In
722 4313 1098 4388 paenitentiam.
1122 4310 1499 4388 Graecaeditio
1526 4314 1639 4368 haec
1671 4328 1777 4388 non
1815 4314 1994 4368 habet.

429 4382 545 4439 Hu'c
587 4385 816 4437 fortasse
858 4384 1190 4449 irrepserunt
1222 4397 1286 4437 ex
1318 4382 1507 4438 Matth.
1536 4401 1619 4448 Ill,
1663 4385 1751 4443 11,
1805 4396 1895 4438 aut
1931 4399 1995 4438 ex

429 4455 649 4525 scholiis
688 4455 822 4508 intra
846 4453 1053 4525 (lineas.
1083 4452 1165 4507 vel
1186 4455 1249 4525 ad
1278 4453 1573 4525 marginem
1598 4454 1840 4525 adjectis.
1866 4453 1999 4508 Vide

428 4524 804 4609 notlgﬁnplag.
835 4521 939 4577 106
967 4533 1151 4609 ςιηῖοι.
1180 4520 1273 4609 θὲ,
1296 4520 1419 4609 pa‘g.
1450 4523 1569 4609 1'45.

501 4597 612 4665 (99)
651 4589 1389 4665 GltintiimLIIILGraeco{3:8
1423 4595 1689 4665 μήρυγμα
1724 4593 1817 4648 τοῦ
1868 4592 2001 4645 Υἰοῦ

428 4660 525 4720 καὶ
564 4660 658 4719 τοῦ
691 4663 847 4733 ἁγίου
898 4660 1233 4731 Πνεύματος,
1277 4662 1330 4715 id
1356 4660 1523 4718 estad
1554 4660 1793 4719 verbum.
1831 4681 1850 4715 ι
1887 4664 2006 4733 glo-

432 4748 708 4790 meramen
767 4732 885 4787 Filii
936 4743 991 4801 et
1039 4733 1274 4800 Spiritus
1327 4736 1518 4788 Sancti.
1552 4753 1572 4786 ι
1611 4732 1740 4801 Quae
1780 4732 2003 4796 locutio,

430 4822 526 4860 seu
574 4803 889 4872 metaphora
937 4799 1147 4861 Latinis
1192 4804 1414 4858 auribus
1476 4799 1728 4859 humilior
1768 4805 2004 4867 videtur,

431 4892 591 4945 quam
619 4876 749 4928 utin
809 4873 1021 4945 divinas
1045 4887 1302 4945 personas
1336 4874 1642 4945 convenire
1679 4884 1880 4945 queat:
1917 4884 2007 4945 at-

430 4942 610 4999 tamen
654 4945 786 4997 satis
825 4942 1108 5010 perspicue
1158 4942 1221 5013 id
1261 4944 1501 5005 exhibet,
1554 4946 1696 5013 quod
1762 4944 1876 4996 Vult
1915 4943 2007 4995 Dt-

429 5018 645 5084 tlymus.
691 5012 924 5084 Vetusta:
974 5026 1133 5084 porro
1197 5011 1425 5068 Pollucis
1484 5011 1751 5068 editiones
1790 5014 1881 5067 lib.
1929 5028 2003 5080 Iv,

428 5080 553 5153 cap.
588 5086 678 5147 10,
710 5083 979 5153 habebant
1014 5080 1298 5153 μήρυγμα·
1332 5086 1425 5137 sed
1462 5084 1710 5139 Kuhnius
1749 5086 2006 5138 emenda-

430 5151 528 5227 vit,
590 5156 836 5227 μήρυμα.
870 5151 1067 5227 Yernm
1101 5151 1318 5227 'exhoc
1361 5154 1571 5223 Didymi
1597 5156 1717 5208 loco
1759 5162 2007 5222 apparet,

432 5221 844 5295 priscani’illaui
885 5221 1175 5277 lectionem
1222 5221 1493 5294 μήρυγμα
1521 5242 1625 5281 non
1658 5221 2006 5278 contemnen-

430 5297 550 5349 dam
586 5308 724 5349 esse.

611 5365 726 5439 Quo
748 5365 1164 5439 modo._Codex,
1203 5369 1259 5439 ἦ.
1301 5366 1464 5436 Lego,

500 5433 579 5505 (2)
610 5433 883 5506 Romanis.
916 5434 1007 5491 Bis
1024 5441 1087 5491 ad
1115 5433 1475 5498 eimidequt
1501 5433 1585 5492 Est
1612 5439 1664 5492 in
1695 5436 2002 5506 proverbio.

427 5503 631 5558 iterum
669 5503 876 5578 scilicet
901 5521 965 5559 ex
1004 5508 1239 5578 Epistula
1280 5508 1347 5560 ad
1377 5506 1652 5578 Romanos
1678 5503 1829 5571 citat,
1886 5521 2007 5578 quae

428 5583 648 5698 εχειιιὲιι
686 5574 738 5627 in
794 5574 1155 5632 secunda'ad
1209 5577 1536 5633 Corinthios.
1596 5578 1730 5632 Vide
1779 5583 1890 5631 not.
1915 5575 2002 5642 17,

431 5659 552 5698 hall.
612 5685 630 5698 .

431 5659 552 5710 pag.
574 5659 630 5700 ο.
1490 5704 1505 5713 _

501 5715 578 5781 (5)
604 5716 727 5770 Non
771 5716 929 5772 enim.
971 5717 1129 5772 Rom.
1182 5733 1271 5783 xv,
1306 5715 1371 5770 18
1411 5725 1465 5771 et
1493 5717 1580 5772 19.
1621 5715 1805 5781 Graeca
1840 5717 2005 5771 editio

431 5780 595 5857 habet
645 5787 917 5857 τολμήσω,
970 5791 1019 5842 id
1075 5798 1201 5842 est:
1242 5780 1472 5841 audebo.
1524 5806 1544 5838 ι
1591 5788 1696 5842 Sed
1751 5787 2003 5857 Vulgatus

437 5855 537 5908 int.
578 5852 709 5926 legit
735 5852 1094 5929 ut'Didymus,
1128 5875 1337 5929 nempe,
1382 5876 1403 5909 ι
1435 5860 1624 5914 audeo.
1659 5876 1680 5910 ι

2029 4556 2076 4612 D

2109 2017 2127 2048 ι
2161 1995 2237 2051 Οὐ
2279 1997 2391 2069 γὰρ
2421 1997 2606 2070 τολμῷ
2668 2014 2722 2052 τι
2776 1999 2977 2065 λαλεῖν,
3019 1994 3095 2055 ὧν
3158 2003 3218 2054 οὐ
3279 2003 3680 2074 κατειργάσατο

2101 2089 2334 2161 Χριστὸς
2364 2090 2432 2143 δι’
2457 2091 2591 2163 ἐμοῦ
2624 2093 2706 2156 είς
2724 2093 2969 2164 ὑπακοὴν
2990 2093 3182 2160 ἐθνῶν,
3222 2094 3364 2165 λόγῳ
3392 2096 3488 2148 καὶ
3511 2094 3680 2166 ἔργῳ,

2102 2183 2159 2234 ὲν
2182 2181 2411 2252 δυνάμει
2442 2183 2687 2252 σημείων
2729 2185 2824 2238 καὶ
2865 2184 3131 2256 τεράτων,
3162 2185 3221 2237 ἐν
3259 2183 3485 2254 δυνάμει
3510 2184 3684 2238 Πνεύ-

2098 2280 2274 2344 ’ματος
2311 2273 2471 2339 Θεοῦ,
2509 2293 2528 2325 ι
2554 2274 2655 2344 τῷ,
2678 2295 2697 2325 ι
2740 2276 2799 2329 '0
2831 2274 3023 2347 Πατὴρ
3047 2277 3104 2330 ὲν
3134 2275 3258 2347 ἐμοὶ
3295 2275 3495 2346 μένων,
3519 2277 3679 2340 αὐτὸς

2102 2366 2245 2417 ποιεῖ
2269 2363 2339 2417 τὰ
2378 2363 2534 2435 ἔργα.
2570 2365 2881 2430 Πιστεύετε,
2918 2367 2998 2420 ὅτι
3028 2365 3140 2435 ἐγὼ
3168 2369 3225 2420 ἐν
3261 2366 3339 2439 τῷ
3371 2368 3567 2441 Πατρὶ,
3589 2370 3681 2422 καὶ

2099 2455 2127 2508 ὁ
2161 2453 2349 2525 Πατὴρ
2399 2457 2456 2506 ὲν
2498 2455 2642 2527 ἐμοί.
2686 2474 2706 2506 ι
2756 2457 3073 2530 Παρατήρει
3120 2457 3249 2530 γὰρ,
3286 2440 3475 2531 ὅτιπερ
3533 2460 3609 2523 ὡς
3651 2458 3682 2513 ὁ

2102 2546 2314 2617 Πατὴρ,
2363 2544 2536 2610 οὕτως
2596 2548 2690 2599 καὶ
2721 2546 2781 2600 τὸ
2813 2548 3039 2620 Πνεῦμα
3063 2549 3226 2602 αὑτοῦ
3259 2551 3407 2622 παρὰ
3423 2550 3501 2621 τῷ
3543 2553 3679 2623 Χρι-

2102 2635 2211 2706 στῷ
2253 2636 2424 2705 μένει,
2470 2634 2770 2708 ἀχώριστον
2816 2637 2874 2690 ὃν
2903 2641 2970 2709 τῇ
3001 2638 3121 2711 θείᾳ
3147 2638 3326 2708 φύσειο
3369 2640 3466 2694 καὶ
3492 2643 3575 2695 ὅτι
3613 2641 3681 2694 τὰ

2100 2726 2255 2781 θεῖκὰ
2280 2727 2416 2799 ἔργα
2446 2726 2547 2799 [64
2580 2731 2607 2781 b
2631 2728 2642 2796 |
2670 2729 2890 2798 ὑπὸτῆς
2922 2731 3163 2802 ἀρρήτου
3197 2729 3424 2801 Τριάδος
3440 2733 3679 2802 ὁμοφρά-

2080 2836 2203 2890 .νως
2225 2819 2453 2887 γίνεται·
2477 2820 2572 2873 καὶ
2598 2820 2741 2873 καθὰ
2763 2823 2791 2875 ὁ
2818 2822 3029 2893 Πατὴρ,
3056 2825 3114 2875 ὲν
3142 2823 3246 2895 ἰδίᾳ
3272 2824 3564 2878 ὑποστάσει
3581 2825 3680 2883 ὢν.

2099 2911 2485 2979 ὲξεικονίζεται
2516 2913 2574 2965 ὲν
2605 2912 2683 2984 τῷ
2716 2915 3029 2983 Μονογενεῐ,
3056 2914 3145 2969 διὰ
3174 2915 3235 2969 τὸ
3266 2917 3682 2988 ἀπαράλλακτον

2097 3003 2199 3072 τῆς
2223 3002 2497 3074 θεότητος,
2526 3002 2670 3057 τοῦτ’
2705 3002 2851 3057 ἐστιν
2877 3003 2973 3069 τῆς
2990 3004 3195 3067 οὐσίας’
3222 3004 3313 3057 τὸν
3341 3008 3453 3059 ἴσον
3482 3005 3680 3077 τρόπον

2100 3094 2193 3147 καὶ
2222 3096 2251 3146 ὁ
2290 3094 2603 3165 Μονογενὴς
2654 3095 2713 3147 ὲν
2764 3094 2842 3166 τῷ
2883 3096 2963 3148 ἑνὶ
3008 3096 3147 3166 ἁγίῳ
3191 3096 3487 3168 Πνεύματι.
3532 3098 3681 3149 Πόσα

2097 3185 2154 3238 δὲ
2180 3184 2315 3241 αλλα
2358 3186 2660 3256 ἐμφέρεται
2713 3186 2844 3258 περὶ
2880 3186 2975 3241 τοῦ
3010 3187 3191 3242 θεῖκοῦ
3225 3188 3562 3258 Πνεύματος,
3619 3187 3682 3240 οὐ

2103 3275 2429 3346 διαφέροντα
2457 3275 2592 3347 πρὸς
2625 3275 2693 3329 τὰ
2730 3277 3093 3348 γεγραμμένα
3134 3278 3262 3348 περὶ
3304 3278 3397 3332 τοῦ
3427 3279 3561 3333 Θεοῦ
3587 3278 3681 3332 καὶ

2104 3365 2339 3436 Πατρδς,
2365 3366 2461 3418 καὶ
2485 3364 2580 3418 τοῦ
2607 3365 2927 3436 μονογενοῦς
2949 3366 3114 3420 αὐτοῦ
3141 3368 3306 3423 Υίοῦι
3353 3369 3411 3435 ἐξ
3443 3362 3518 3422 ὧν
3560 3386 3684 3423 τινα

2102 3457 2377 3531 διαφόροις
2413 3459 2599 3522 τόποις
2620 3459 2775 3512 τοῦδε
2806 3460 3234 3531 περιέχεταιτοῦ
3264 3461 3490 3532 βιϐλίου,
3519 3463 3586 3515 δι’
3607 3457 3682 3515 ὦν

2101 3545 2263 3623 ἦλθεν
2290 3550 2433 3605 δτοῦ
2468 3551 2627 3621 λόγου
2667 3552 2881 3624 δρόμος.
2926 3553 3079 3606 Ἐπεὶ
3132 3556 3328 3624 μήγετι
3369 3554 3445 3625 (6)
3468 3552 3684 3625 ἐροῦσιν

2106 3641 2598 3714 άντερωτηθέντες,
2638 3644 2720 3697 ὃτι
2770 3645 2836 3697 ἐκ
2861 3644 2955 3697 τοῦ
2999 3643 3224 3716 Ἀδὰμὴ
3260 3643 3374 3699 Εῦα
3412 3646 3503 3699 καὶ
3532 3647 3581 3698 οἱ
3622 3645 3682 3711 ἐξ

2105 3734 2274 3805 αὐτῆς
2316 3734 2536 3801 παῖδες;
2568 3736 2678 3788 Καὶ
2723 3736 2860 3801 πῶς,
2887 3740 2936 3791 οἱ
2992 3738 3090 3808 μὲν
3139 3739 3453 3810 ἐγράφησαν
3491 3753 3684 3806 γεννη-

2105 3822 2315 3889 θέντες,
2355 3825 2390 3894 ή
2439 3824 2496 3877 δὲ
2547 3823 2659 3878 οὔτ’
2692 3826 2860 3879 αὑτοῦ
2903 3831 3051 3893 παῖς,
3078 3826 3190 3881 οὔτ’
3231 3826 3432 3896 ἀδελφὴ
3462 3825 3570 3879 τῶν
3595 3842 3683 3878 τε·

2105 3914 2344 3986 χθέντων
2372 3915 2612 3987 ὲκλήθη;
2656 3916 2849 3970 Ὁπότε
2883 3917 2944 3971 οὐ
2981 3918 3201 3972 δυνατὸν
3229 3915 3679 3990 παραδειχθῆναι,

2107 4009 2171 4062 ὲκ
2199 4007 2512 4081 παραϐολῆς
2536 4008 2872 4080 κτισμάτων,
2896 4011 2996 4082 τὴν
3016 4010 3217 4085 μονάδα
3232 4010 3329 4064 καὶ
3354 4008 3681 4079 ἀσύγκριτον

2181 4170 2260 4242 (4)
2292 4170 2475 4231 Pater.
2506 4172 2660 4228 Joan.
2693 4187 2808 4236 xw,
2839 4171 2928 4235 10,
2981 4169 3066 4225 11.
3100 4167 3273 4231 Biblia
3312 4167 3472 4237 paulo
3502 4167 3680 4231 aliter,
3734 4224 3739 4231 _

2109 4245 2202 4296 sed
2243 4245 2429 4296 eodem
2463 4259 2646 4298 sensu.

2179 4310 2253 4381 (5)
2294 4310 2500 4379 Scripta
2525 4323 2670 4367 sunt.
2700 4312 2826 4376 Atil,
2859 4329 2878 4362 ι
2924 4309 3188 4381 feruntur,
3231 4326 3250 4359 ι
3290 4306 3682 4381 λὶμιιῌδοιῑνιιιτὶε

2110 4397 2130 4430 ι
2160 4378 2524 4451 continentur.
2550 4401 2569 4435 ι
2611 4382 2783 4436 Simili
2818 4378 3205 4451 signiﬁcatione
3234 4378 3533 4451 adhibitum
3581 4378 3682 4448 ἐμ-

2105 4449 2349 4541 φέρεται.
2410 4453 2649 4541 invenies
2715 4448 2887 4541 apud
2934 4450 3327 4541 [*Ipiplia'ui‘um2
3369 4448 3560 4541 hang/res.
3628 4464 3680 4533 1:.

2132 4509 2253 4573 Αἶτὸ
2282 4520 2390 4607 τῷν
2426 4522 2672 4611 ἥκῖωνεη
2715 4509 2945 4611 Ιξίλάξρυ
2980 4509 3273 4611 (tl-until)?
3308 4509 3493 4611 ἐνὶοῖξἾ
3512 4518 3683 4611 ὲμ³φέ-

2107 4606 2259 4660 ρεται
2280 4595 2345 4662 τῇ
2367 4592 2474 4662 πρὸ
2500 4591 2645 4645 ὀκτὼ
2671 4590 2951 4662 καλανδῶν
3000 4586 3321 4662 ’Δπριλλίων
3344 4586 3433 4662 τόν
3455 4586 3683 4662 Σωτῆρα

2106 4657 2454 4725 πεπονθέναι,
2512 4665 2563 4715 id
2615 4675 2697 4716 est
2735 4680 2753 4712 ι
2795 4660 2871 4714 Ex
2936 4662 3086 4714 Actis
3118 4657 3341 4731 Pilati...
3387 4657 3683 4731 iu_quibus

2107 4723 2448 4794 continetur,
2464 4732 2570 4796 vel,
2602 4733 2860 4800 scriptum
2893 4743 2998 4791 εδει,
3038 4747 3057 4780 i
3090 4728 3413 4800 et__r__eliqua.
3445 4723 3685 4800 Joannes

2107 4813 2235 4854 vero
2289 4800 2656 4855 Damascenus
2704 4795 2835 4856 tom.
2871 4801 2937 4863 ll,
2971 4815 3090 4866 pag.
3124 4796 3231 4850 ‘275
3272 4798 3390 4849 ait:
3428 4795 3526 4848 καὶ
3581 4796 3684 4848 ὅσα

2106 4871 2236 4941 περὶ
2266 4869 2422 4942 ἡμῶν
2456 4872 2515 4924 ὲν
2546 4872 2788 4942 Γραφαίς
2814 4942 2819 4943 γ
2844 4870 3164 4943 ἐμφέρεται.
3202 4868 3251 4920 id
3284 4876 3368 4920 est
3402 4884 3420 4916 ι
3453 4879 3507 4920 et
3532 4881 3668 4943 quae-

2105 4940 2318 5009 cunque
2344 4944 2411 4995 de
2438 4940 2683 4995 nobisin
2709 4942 3004 5009 Scripturis
3033 4940 3299 5001 feruntur,
3326 4944 3443 5002 aut,
3480 4940 3682 5006 scripta

2107 5021 2249 5074 sunt,
2279 5030 2298 5062 ι
2337 5021 2429 5063 aut
2459 5029 2479 5061 ι
2517 5013 2879 5065 continentur.
2918 5029 2935 5060 ι

2179 5081 2255 5152 ((j)
2284 5080 2523 5152 Μήγετι.
2541 5081 2720 5152 Forte,
2754 5082 2969 5152 μήτιγε.
2998 5078 3155 5133 Ευιτ.

2178 5145 2257 5219 (7)
2293 5145 2444 5216 Quod
2486 5154 2550 5204 si.
2577 5145 2735 5206 Redit
2755 5145 2984 5219 repente
3009 5152 3075 5201 ad
3109 5145 3486 5219 luereticorum
3527 5147 3679 5211 obji-v

2107 5216 2366 5284 ctiouem,
2405 5222 2564 5289 hujus
2593 5224 2785 5289 capitis
2814 5216 2967 5275 initio
2984 5219 3306 5288 propositam
3343 5233 3357 5269 :
3392 5216 3678 5289 ettjusnus,

2106 5291 2196 5356 qui
2225 5300 2366 5344 tanta
2409 5288 2689 5352 memoria,
2724 5301 2923 5358 quanta
2960 5292 3236 5358 Didymus,
3260 5302 3365 5341 non
3395 5288 3680 5358 pollemus,

2106 5308 2196 5356 qut
2225 5308 2366 5344 tanta
2409 5308 2689 5352 memoria,
2763 5308 2923 5343 ttauta
2960 5308 3236 5358 uuiymus,
3260 5308 3365 5341 non
3395 5308 3677 5355 ponemus,

2106 5360 2261 5434 obliti
2284 5361 2393 5431 jam
2423 5377 2659 5434 eramus.
2720 5308 2835 5434 liae
2857 5361 2923 5434 de
2952 5374 3115 5412 causa
3168 5359 3254 5410 ubi
3290 5360 3333 5411 is
3362 5360 3462 5419 ait,
3518 5354 3638 5434 ἐπεί
3660 5393 3677 5418 ,

2108 5430 2267 5498 verti,
2302 5448 2321 5480 ι
2359 5432 2497 5497 quod
2521 5433 2585 5496 si,
2622 5449 2641 5482 ι
2666 5446 2772 5498 quo
2791 5430 3019 5482 violenta
3042 5443 3217 5480 minus
3250 5435 3390 5498 esset
3410 5430 3681 5479 transitio.

2106 5496 2218 5553 Hac
2263 5496 2425 5567 porro
2484 5496 2852 5568 responsione,
2898 5516 3057 5566 quam
3096 5497 3472 5568 ba‘reticorum
3518 5509 3680 5568 argu-

2108 5565 2289 5623 mento
2318 5570 2534 5623 adhibet
2569 5565 2843 5638 Didyums,
2891 5565 2980 5621 alii
3013 5568 3176 5619 etiam
3204 5566 3416 5630 Patres,
3440 5565 3531 5634 qui
3555 5578 3682 5618 cou-

2110 5649 2191 5692 tta
2245 5640 2476 5694 Ariauos
2502 5641 2854 5707 scripserunt,
2890 5638 3086 5707 passim
3120 5647 3364 5688 utuntur.

2179 5708 2259 5776 (8)
2298 5707 2432 5760 Eva.
2465 5704 2649 5762 Codex
2695 5710 2855 5761 habet
2875 5710 2912 5777 ἡ
2941 5704 3059 5759 Εὕα
3082 5707 3198 5777 sine
3225 5713 3472 5777 accen_tu,
3501 5711 3559 5754 ut
3588 5716 3681 5754 so-

2106 5779 2199 5841 let,
2230 5772 2289 5830 id
2325 5788 2427 5838 εει,
2466 5777 2501 5848 ἢ
2538 5777 2673 5844 Εῦα,
2710 5772 2925 5848 nempe,
2963 5796 2982 5828 ι
3008 5786 3097 5831 aut
3124 5773 3255 5832 Eva.
3306 5792 3325 5825 ι
3363 5772 3471 5842 Ego
3501 5782 3680 5826 tamen

2106 5850 2233 5917 legi,
2255 5849 2288 5917 ή
2319 5846 2452 5903 Εὕα.
3430 5898 3434 5906 .

2106 5850 2233 5917 legi,
2255 5849 2288 5917 ή
2319 5846 2452 5903 Εὕα.
