4082 6416
380 404 490 463 505

1431 407 1515 465 DE
1555 408 1933 466 TRINITAT—E
1971 410 2175 467 LIBER
2216 412 2603 473 SECUNDUS.

3568 409 3715 471 506,

383 523 567 594 ῳύσιν,
593 521 694 595 τὴν
720 522 948 579 ἀθέατον
974 524 1237 597 μένουσαν
1257 523 1336 597 τῷ
1373 525 1472 598 νῷ,
1502 527 1641 597 ἀκοῇ
1674 525 1733 579 δέ
1761 526 1855 579 καὶ
1883 526 1981 599 ῥή-

2092 547 2267 587 nnnne
2301 532 2422 587 illos
2445 548 2510 584 ex
2544 529 2753 583 Adamn
2799 542 2924 583 esse
2972 522 3412 596 respondebunt?
3440 523 3506 574 At
3534 538 3676 590 qun-

388 633 553 685 μασιν
591 614 715 669 οῦτε
745 618 1100 689 προοισθῆναι
1129 618 1488 692 ἁνεχομένην.
1515 618 1636 673 Κᾶν
1671 619 1781 691 γὰρ
1805 618 1977 690 μικρά

383 724 488 770 τις,
519 707 652 761 ὡσεὶ
690 708 819 764 σκιὰ
842 709 1157 778 ὁμοιώσεως
1179 708 1479 774 οἱονείπως,
1524 709 1745 780 εὑρεθῇ,
1784 707 1977 777 φεύγει

386 799 447 853 τό
475 798 634 854 πλέον
673 801 810 869 ἀφὲν
847 802 939 855 τὸν
972 802 1421 872 παρεκϐάλλοντα
1453 802 1605 855 κάτω
1634 817 1760 855 που.
1808 799 1980 853 Ούδα-

392 891 507 961 μῶς
549 890 660 963 γὰρ
708 892 771 945 τὸ
823 892 1175 964 παράδειγμα
1228 893 1495 966 ταυτότης
1552 889 1692 947 εἶναι
1733 891 1974 945 δύναται·

390 985 573 1037 ἐκεῖνα
601 983 658 1037 δέ
704 984 865 1055 μόνον
887 985 1067 1055 λέγειν
1101 986 1361 1056 ἀσφαλὲς,
1387 987 1532 1059 ἅπερ
1554 986 1692 1057 πρὸς
1711 985 1780 1039 τὰ
1798 984 1977 1057 μέτρα

389 1075 546 1146 ἡμῶν
575 1075 820 1142 ἐδίδαξαν
842 1078 898 1130 αἱ
925 1078 1162 1149 Γραφαί.
1192 1078 1314 1132 Ὀτι
1339 1076 1431 1132 οὖν
1459 1078 1517 1133 ἓν
1539 1078 1634 1133 καὶ⁵
1653 1080 1812 1150 μόνον
1837 1073 1978 1133 εἶναι

390 1167 618 1239 Πνεῦμα
655 1169 751 1223 τοῦ
774 1169 911 1223 Θεοῦ
943 1170 1157 1244 Πατρὸς
1181 1172 1512 1245 γέγραπται,
1534 1171 1621 1226 διὰ
1642 1172 1708 1225 τὸ
1746 1171 1979 1244 κεχωρί-

392 1260 514 1315 σθαι
535 1261 633 1331 μὲν
656 1264 723 1334 τῇ
758 1261 920 1332 φύσει
972 1263 1080 1317 τῶν
1109 1263 1284 1319 ἄλλων
1317 1265 1664 1336 πνευμάτων,
1714 1265 1982 1335 συνῆφθαι

394 1353 452 1407 δὲ
483 1354 563 1426 τῷ
606 1355 784 1427 ΙΙατρὶ
830 1356 928 1410 καὶ
981 1355 1059 1428 τῷ
1093 1357 1208 1428 Υἱῷ
1255 1358 1421 1413 αὑτοῦ
1462 1357 1541 1430 τῷ
1581 1357 1726 1429 λόγῳ
1769 1359 1868 1428 τῆς
1892 1358 1983 1410 ού-

394 1447 538 1513 σίας,
591 1446 805 1511 Παῦλος
846 1447 1140 1521 ὑφηγεῖται
1198 1448 1428 1519 γράφων
1467 1449 1603 1521 πρὸς
1647 1449 1746 1519 μὲν
1786 1451 1982 1521 Κοριν-

393 1538 542 1603 θίους
581 1541 640 1593 ἐν
668 1541 735 1611 τῇ
761 1539 955 1614 πρώτῃ
985 1539 1297 1612 Ἐπιστολῇ.
1326 1559 1345 1593 ‹
1371 1540 1552 1612 ΙἈλλῳ
1585 1541 1642 1593 δὲ
1665 1540 1985 1613 χαρίσματα

396 1631 643 1701 ἰαμάτων
695 1633 752 1685 ἐν
773 1631 852 1703 τῷ
874 1633 955 1685 ἐν).
1006 1631 1307 1703 Πνεύματιο
1352 1652 1370 1684 1
1403 1633 1499 1687 καὶ
1536 1632 1720 1687 πάλιν*
1754 1634 1989 1688 «σηάνταί

391 1723 449 1775 δέ
476 1723 649 1776 ταῦτα
673 1725 884 1795 ἐνεργεῖ
903 1722 968 1777 τὸ
997 1722 1055 1777 ἓν
1084 1724 1180 1777 καὶ
1202 1723 1262 1777 τὸ
1283 1724 1415 1779 αὐτὸ
1454 1723 1702 1795 Πνεῦμα,
1739 1724 1985 1796 διαιροῦν

400 1816 505 1886 ἰδίᾳ
537 1815 778 1886 ἑκάστῳ,
809 1814 990 1880 καθὼς
1021 1814 1287 1886 βούλεται·
1325 1835 1344 1869 1
1384 1819 1479 1871 καὶ
1516 1817 1698 1872 πάλιν·
1725 1836 1745 1869 ι
1778 1818 1987 1883 Πάντες

398 1908 456 1959 ἓν
483 1898 710 1974 Πνεῦμα
736 1907 1133 1979 ἐποτίσθημεν·
1165 1927 1184 1961 1
1214 1909 1348 1981 πρὸς
1379 1908 1437 1963 δὲ
1476 1909 1778 1978 Ἐφεσίους
1813 1929 1830 1960 ο
1863 1911 1986 1965 ’Ότι

392 1998 462 2053 δι’
478 1999 643 2052 αὐτοῦ
666 1999 862 2071 ἔχομεν
886 1998 984 2072 τὴν
1011 1999 1178 2073 [65a]
1204 2002 1572 2072 προσαγωγὴν
1592 2002 1642 2054 οἱ
1663 2003 1985 2073 ἀμφότεροι,

396 2093 456 2144 ἐν
508 2091 592 2145 ἐνὶ
639 2090 920 2163 Πνεύματι
974 2092 1112 2163 πρὸς
1154 2092 1246 2146 τὸν
1287 2092 1530 2164 Πατέρα·
1574 2112 1594 2145 ›
1655 2095 1749 2148 καὶ
1800 2094 1985 2149 πάλιν·

403 2202 421 2234 ι
462 2181 860 2248 Σπυδάζοντες
886 2186 1075 2257 τηρεῖν
1100 2183 1198 2255 τὴν
1224 2185 1449 2257 ἑνότητα
1469 2183 1564 2237 τοῦ
1594 2185 1933 2256 Πνεύματος·
1962 2204 1982 2237 1

398 2271 541 2325 τοῦτ’
574 2272 742 2339 ἔστιν,
781 2273 985 2345 πολλὴν
1036 2274 1307 2328 ποιεῖσθαι
1364 2274 1612 2345 φυλακὴν
1651 2273 1744 2328 τοῦ
1775 2275 1849 2346 μὴ
1883 2294 1988 2345 χω⁴

398 2366 571 2438 ρίζειν
607 2368 740 2437 αὐτὸ
771 2368 873 2439 τῆς
899 2369 1160 2423 ἀνωτάτω
1208 2368 1394 2432 ἐνάδος
1431 2368 1527 2421 καὶ
1553 2366 1874 2432 αὐτοτελοῦς
1898 2369 1989 2421 ού-

398 2459 674 2523 σίας.”Οτι
703 2459 760 2512 δὲ
793 2461 886 2513 καὶ
921 2459 1103 2530 Ῥῆμα
1136 2460 1474 2531 ὠνόμασται,
1504 2459 1876 2533 μαρτυροῦσιν
1901 2462 1990 2513 οὑ-

396 2551 551 2604 τωσίσ
615 2547 829 2617 Παῦλος
850 2552 1102 2625 γράφων,
1143 2553 1280 2626 πρὸς
1310 2553 1593 2623 Ἐφεσίους
1625 2550 1742 2625 μέν·
1779 2573 1798 2607 ι
1834 2555 1990 2608 Ἀνα-

401 2639 655 2709 λαϐόντες
712 2644 811 2714 τὴν
877 2646 1183 2699 πανοπλίαν
1236 2646 1332 2700 τοῦ
1403 2645 1562 2711 Θεοῦ,
1626 2646 1720 2701 καὶ
1763 2646 1988 2720 θώρακα

402 2735 498 2805 τῆς
534 2735 902 2806 δικαιοσύνης,
950 2736 1043 2790 καὶ
1077 2738 1167 2791 τὸν
1215 2736 1409 2809 θυρεὸν
1449 2738 1551 2809 τῆς
1588 2737 1845 2801 πίστεως,
1895 2738 1988 2792 καὶ

398 2826 499 2897 τὴν
533 2827 968 2900 περικεφαλαίαν
994 2827 1089 2881 τοῦ
1127 2829 1419 2900 σωτηρίου,
1460 2829 1554 2883 καὶ
1580 2830 1681 2902 τὴν
1714 2831 1989 2902 μάχαιραν

399 2918 493 2972 τοῦ
537 2920 877 2989 Πνεύματος,
921 2921 950 2974 ὅ
998 2922 1148 2975 ἐστιν
1190 2923 1371 2992 Ῥἦμα
1407 2922 1564 2977 Θεοῦ.
1615 2941 1636 2977 1
1694 2917 1803 2986 Ἦς
1847 2943 1990 2989 τινος

404 3012 680 3085 μαχαίρας
707 3014 1114 3085 ἐμνημόνευσεν
1136 3016 1233 3068 καὶ
1274 3015 1575 3080 διατθαῖος,
1609 3018 1674 3070 ἐκ
1697 3017 1989 3088 προσώπου

402 3105 494 3159 τοῦ
536 3105 774 3176 Χριστοῦ
836 3106 1027 3161 εἰπών·
1080 3126 1098 3158 ι
1133 3107 1250 3161 υῦκ
1298 3103 1462 3179 ἦλθον
1514 3107 1697 3180 βαλεῖν
1745 3110 1988 3181 εἰρήνην,

402 3197 539 3251 ἀλλὰ
578 3196 874 3270 μάχαιραν
911 3218 929 3251 1
976 3199 1037 3254 οὑ
1068 3199 1223 3271 ξίφος
1256 3199 1453 3271 λέγων,
1482 3201 1617 3255 ἀλλά
1642 3201 1740 3273 τὴν
1771 3203 1992 3275 εἰρήνης

404 3289 659 3343 ἐπέκεινα
691 3290 965 3362 τμητικὴν
996 3292 1105 3343 τῶν
1148 3293 1576 3365 πεπωρωμένων
1623 3293 1860 3365 καρδιῶν
1897 3294 1992 3347 τοῦ

403 3381 560 3450 ἁγίου
577 3382 716 3435 Πνεύ
725 3400 894 3453 ματος
924 3383 1294 3439 ἀκατάλεκτον
1317 3387 1531 3454 σοφίαν·
1550 3386 1757 3460 πρὸςδέ
1784 3386 1997 3459 Ἑόραί-

403 3491 516 3540 ουςσ
549 3494 567 3526 ι
589 3474 773 3546 Φέρων
790 3476 899 3548 γὰρ
929 3476 997 3531 τὰ
1018 3478 1196 3532 πάντα
1227 3477 1306 3548 τῷ
1338 3479 1432 3550 Ῥή
1443 3496 1574 3549 ματι
1591 3479 1690 3550 τῆς
1713 3479 1996 3551 δυνάμεως

404 3561 589 3616 αὑτοῦ.
642 3584 660 3614 1
713 3565 861 3635 Ποίῳ
896 3564 953 3617 δὲ
1009 3565 1280 3636 Ῥήματις
1346 3567 1759 3639 Προεφητευσεν
1810 3570 1991 3623 Ampio“

410 3672 428 3703 ι
477 3653 568 3724 Τῷ
595 3654 739 3726 λόγῳ
791 3656 999 3727 Κυρίου
1023 3658 1072 3710 οἱ
1097 3657 1314 3729 οὐρανοὶ
1342 3657 1772 3731 ἐστερεώθησαν,
1801 3661 1896 3715 καὶ
1920 3661 1998 3733 τῷ

405 3743 684 3814 Πνεύματι
713 3743 801 3801 τοῦ
835 3747 1103 3817 στόματος
1132 3748 1296 3802 αὑτοῦ
1317 3751 1487 3803 πᾶσαι
1527 3751 1582 3803 αἱ
1611 3751 1869 3823 δυνάμεις
1902 3754 2000 3807 αύ-

402 3831 533 3886 τῶνο
562 3853 581 3886 1
616 3836 712 3888 καὶ
760 3835 923 3890 πάλιν
969 3839 999 3891 ὁ
1031 3838 1265 3901 Παῦλος·
1319 3858 1339 3892 ι
1383 3840 1669 3895 Ἀδύνατον
1712 3842 1822 3912 γὰρ
1872 3845 1999 3909 τοὺς

404 3924 553 3990 ἅπαξ
577 3926 976 3995 φωτισθέντας,
1015 3930 1396 4001 γευσαμένους
1433 3950 1491 3986 τε
1512 3934 1610 4004 τῆς
1644 3934 1857 4005 δωρεᾶς
1898 3936 1999 4007 τῆς

405 4020 770 4092 ἐπουρανίου,
822 4022 916 4075 καὶ
970 4022 1246 4093 μετόχους
1290 4024 1620 4097 γενηθέντας
1682 4027 2001 4100 Πνεύματος

406 4108 586 4177 ἁγίου,
632 4111 730 4164 καὶ
760 4111 927 4167 καλὸν
962 4113 1341 4183 γευσαμένους
1389 4114 1526 4168 Θεοῦ
1596 4116 1799 4193 Ῥῆμαο
1833 4137 1853 4170 1
1890 4118 1999 4171 Πέ-

406 4216 532 4270 τρος
577 4200 653 4254 δέ·
690 4220 709 4254 ι
745 4201 891 4255 Διότι
928 4204 1081 4257 πᾶσα
1146 4205 1283 4277 σὰρξ
1323 4204 1400 4269 ὡς
1438 4205 1652 4277 χόρτος,
1708 4209 1804 4261 καὶ
1849 4210 2001 4262 πᾶσα

406 4290 532 4358 δόξα
560 4293 732 4365 αὐτῆς
791 4294 866 4359 ὡς
909 4295 1073 4360 ἄνθος
1124 4297 1342 4369 χόρτου·
1394 4297 1667 4370 ἐξηράνθη
1716 4302 1744 4354 ό
1785 4301 2000 4375 χόρτος,

409 4385 504 4438 καὶ
527 4384 590 4438 τὸ
618 4385 780 4449 ἄνθος
824 4387 1103 4454 ἐξέπεσεν,
1144 4391 1295 4460 καὶὴ
1329 4390 1635 4460 εὐπρέπεια
1674 4393 1839 4462 αύτρῦ
1890 4395 2002 4449 ἀπ·-

408 4471 600 4527 ὠλετο’
630 4476 693 4529 τὸ
730 4475 787 4528 δέ
832 4476 1012 4548 Ῥῆμα
1039 4477 1134 4531 τοῦ
1164 4478 1301 4532 Θεοῦ
1342 4479 1490 4551 μένει
1524 4482 1604 4546 είς
1633 4481 1724 4536 τὸν
1745 4483 1934 4536 αἰῶναο
1977 4502 1996 4536 1

2084 624 2246 680 modo
2269 625 2322 679 hi
2349 624 2568 693 quidem
2593 623 2849 677 dicuntur
2872 621 2924 674 in
2951 620 3230 689 Scriptura
3258 614 3500 687 generati
3526 629 3671 679 esse,

2086 715 2172 769 illa
2212 733 2343 771 vero
2379 731 2554 785 neque
2578 715 2773 768 Adami
2821 713 2929 766 lilia
2979 721 3228 770 vocatur.
3260 722 3438 777 neque
3458 720 3674 770 eorum,

2085 822 2222 876 quos
2246 808 2454 877 genuit,
2485 806 2679 862 soror?
2702 804 2970 859 Nimirum
3001 802 3115 856 fieri
3150 815 3256 856 non
3295 808 3495 869 potest,
3523 805 3584 851 ut
3604 813 3674 852 ex

2083 905 2468 955 creaturarum
2528 895 2946 966 comparatione
2993 892 3301 961 exetnplum
3329 890 3547 960 aliquod
3574 888 3675 943 du-

2083 1003 2240 1045 catur
2270 1004 2336 1044 ac
2385 990 2683 1044 similitudo
2740 988 2808 1043 ad
2865 986 3277 1057 exprimendam
3310 983 3455 1038 illam
3491 996 3677 1036 mona-

2085 1085 2234 1147 dem,
2260 1094 2315 1137 et
2347 1081 2838 1150 incomparabilem
2872 1081 3022 1135 illam
3052 1089 3329 1140 naturam,
3359 1091 3481 1146 quae
3507 1076 3675 1131 menti

2088 1175 2385 1231 invisibilis
2422 1172 2499 1246 (9)
2538 1182 2742 1235 manet,
2774 1187 2841 1227 ac
2895 1186 2966 1227 ne
3018 1170 3245 1225 auribus
3271 1170 3490 1239 quidem
3520 1183 3677 1222 man-

2085 1269 2225 1331 dari,
2262 1268 2513 1323 verbisve
2560 1268 2792 1337 proferri
2835 1280 2896 1320 se
2954 1264 3181 1334 patitur.
3215 1261 3352 1316 Nam
3377 1260 3481 1316 etsi
3509 1274 3673 1327 parva

2086 1360 2272 1429 aliqua
2329 1358 2498 1414 veluti
2558 1359 2751 1413 umbra
2807 1356 3184 1413 similitudinis
3227 1355 3679 1427 qualitercnnqne

2089 1451 2431 1506 inveniretur
2455 1490 2472 1516 ,
2507 1464 2784 1520 nunquam
2830 1458 3012 1503 tamen
3048 1448 3196 1503 illam
3238 1446 3374 1504 satis
3404 1445 3679 1513 explicare

2092 1556 2381 1611 possemus
2404 1538 2542 1612 (10).
2580 1539 2895 1596 Similitudo
2927 1539 3101 1604 enim,
3136 1547 3192 1592 et
3221 1538 3557 1608 comparatio
3587 1550 3681 1590 ne-

2096 1645 2371 1702 quaquam
2403 1646 2527 1686 esse
2574 1639 2755 1700 potest
2810 1628 3093 1685 identitas.
3129 1628 3206 1683 Ea
3257 1643 3387 1683 vero
3416 1630 3682 1682 duntaxat

2089 1725 2276 1780 dicere
2305 1732 2479 1778 tutum
2510 1733 2598 1779 est
2644 1723 2781 1795 (11),
2816 1737 2936 1793 quae
2975 1721 3042 1775 ad
3084 1730 3331 1776 nostrum
3366 1729 3583 1790 captum
3613 1735 3679 1776 ac

2091 1831 2406 1871 mensuram
2446 1817 2853 1871 accommodata
2903 1812 3061 1885 147
3115 1799 3413 1883 Scriptura:
3477 1813 3680 1867 docui:-

2094 1920 2239 1964 runt.
2277 1908 2429 1975 Quod
2455 1923 2586 1977 ergo
2609 1923 2773 1963 unum
2810 1917 2865 1963 et
2895 1909 3069 1962 solum
3113 1920 3236 1961 esse
3286 1904 3550 1975 Spiritum
3582 1904 3678 1959 Dei

2091 1999 2273 2054 Patris
2298 2000 2421 2054 ideo
2444 2001 2591 2053 dicat
2632 1997 2939 2067 Scriptura,
2981 1997 3110 2067 quia
3168 2004 3362 2050 natura
3398 1994 3681 2065 seiunctus

2091 2093 2314 2163 quidem
2367 2102 2454 2147 est
2501 2090 2571 2145 ab
2617 2090 2741 2145 aliis
2785 2089 3094 2159 spiritibus,
3142 2087 3466 2156 coniunctus
3495 2096 3678 2143 autetu

2090 2185 2263 2249 Patri,
2296 2194 2351 2240 et
2370 2184 2486 2254 ejus
2514 2183 2653 2238 Filio
2681 2184 2891 2237 ratione
2924 2181 3200 2248 essentiaa,
3232 2180 3428 2235 Paulus
3454 2188 3683 2234 enarrat

2091 2277 2344 2333 scribens
2374 2279 2441 2331 ad
2473 2275 2796 2330 Corinthios
2843 2273 3063 2343 quidem
3099 2271 3156 2325 in
3202 2271 3374 2340 prima
3407 2268 3681 2339 Epistula:

2097 2388 2117 2422 ι
2147 2368 2318 2423 Alteri
2352 2366 2464 2440 (12)
2527 2375 2709 2421 autem
2761 2370 2899 2422 dona
2931 2365 3273 2419 curationum
3323 2364 3376 2417 itt
3421 2378 3528 2417 uno
3557 2361 3684 2431 Spi-

2092 2464 2199 2517 ritu
2226 2479 2277 2529 ;1
2308 2470 2362 2517 et
2388 2477 2577 2515 rursus
2611 2476 2624 2512 :
2665 2478 2684 2512 ι
2707 2459 2830 2514 [late
2857 2458 2969 2529 (15)
2999 2468 3180 2512 autem
3210 2457 3393 2511 omnia
3425 2466 3686 2525 operatur

2092 2571 2233 2611 unus
2256 2565 2420 2623 atque
2448 2555 2587 2609 idem
2618 2551 2877 2622 Spiritus,
2916 2551 3166 2606 dividens
3189 2565 3433 2605 seorsum
3457 2548 3687 2617 singulis

2094 2657 2254 2717 prout
2278 2646 2395 2701 vult
2416 2663 2432 2712 ;
2453 2663 2473 2699 1
2506 2656 2560 2701 et
2587 2658 2808 2701 rursus:
2846 2662 2866 2696 ι
2890 2644 2955 2698 Ει
2977 2658 3169 2698 omnes
3196 2642 3308 2715 (14)
3339 2658 3447 2697 uno
3478 2642 3684 2711 Spiritu

2094 2738 2263 2810 putati
2321 2753 2547 2804 sumus;
2616 2756 2638 2790 1
2699 2737 2767 2791 ad
2829 2736 3093 2806 Ephesios
3159 2747 3341 2790 autem
3405 2752 3420 2791 :
3475 2754 3496 2786 ‹
3547 2733 3689 2799 Quo-

2093 2834 2237 2887 niam
2277 2831 2386 2905 (15)
2408 2846 2504 2901 per
2532 2830 2707 2900 ipsum
2730 2829 2992 2885 habemus
3022 2843 3301 2883 accessum
3320 2829 3480 2882 ambo
3504 2828 3555 2879 iit
3580 2841 3687 2880 uno

2093 2925 2299 2995 Spiritu
2325 2925 2392 2980 ad
2421 2923 2674 2990 Patrem;
2702 2942 2721 2974 1
2750 2934 2804 2976 et
2835 2938 3027 2977 rursus
3053 2935 3069 2975 :
3100 2941 3118 2974 ς
3138 2921 3408 2976 Curantes
3434 2916 3545 2988 (16)
3575 2933 3689 2973 ser-

2094 3033 2228 3074 vare
2278 3019 2546 3071 unitatem
2598 3015 2913 3085 Spiritus;1
2953 3016 3006 3070 id
3052 3025 3161 3081 est,
3198 3013 3356 3068 valde
3385 3025 3584 3065 cavere
3618 3023 3690 3065 ne

2094 3112 2270 3182 ipsum
2306 3122 2627 3176 separemus
2654 3122 2685 3160 a
2719 3121 2974 3177 suprema
3013 3106 3247 3169 unitate,
3276 3115 3333 3157 et
3355 3103 3424 3157 ab
3451 3118 3537 3167 ea,
3567 3116 3689 3171 quae

2020 3238 2062 3294 ο
2097 3216 2193 3271 per
2227 3213 2287 3254 se
2343 3199 2585 3269 perfecta
2635 3207 2720 3253 est
2773 3198 3034 3253 essentia.
3096 3195 3252 3263 Quod
3301 3207 3482 3248 autem
3519 3194 3685 3247 etiam

2110 3294 2315 3365 Ῥἧμα,
2351 3308 2447 3348 seu
2492 3290 2709 3345 Dictum
2760 3291 3078 3344 nominatus
3114 3291 3208 3353 sit,
3242 3304 3310 3343 ex
3351 3288 3500 3341 hisce
3530 3286 3688 3340 testi-

2098 3385 2298 3438 ntoniis
2326 3393 2575 3453 apparet.
2618 3382 2821 3437 Paulus
2876 3381 3128 3437 scribens
3173 3383 3239 3433 ad
3279 3378 3545 3447 Ephesios
3568 3376 3690 3448 qui-

2099 3476 2220 3531 dem
2259 3476 2472 3545 inquit:
2526 3493 2545 3527 (
2578 3474 2926 3545 Accipientes
2966 3473 3077 3545 (17)
3118 3483 3451 3527 armaturam
3482 3470 3598 3536 Dei,
3632 3479 3692 3526 et

2097 3566 2324 3623 loricam
2353 3567 2608 3637 iustitiae,
2632 3576 2688 3621 et
2719 3578 2933 3622 scutum
2970 3567 3120 3632 ﬁdei,
3152 3577 3207 3622 et
3236 3566 3444 3638 galeam
3474 3564 3688 3627 salutis,

2098 3671 2154 3716 et
2194 3659 2432 3730 gladium
2473 3660 2733 3730 Spiritus,
2769 3661 2861 3730 qui
2911 3670 2996 3715 est
3046 3661 3256 3716 Dictum
3304 3658 3422 3712 Dei.
3452 3676 3472 3711 1
3525 3656 3691 3727 Cujus

2100 3752 2268 3824 gladii
2321 3751 2570 3806 meminit
2624 3753 2790 3806 etiam
2850 3752 3155 3815 Matthaaus,
3187 3767 3311 3807 etim
3362 3765 3430 3805 ex
3458 3763 3692 3820 persona

2100 3843 2305 3899 Christi
2341 3844 2517 3899 dixit:
2570 3843 2724 3899 «Non
2753 3846 2876 3899 reni
2912 3844 3024 3917 (I8)
3070 3859 3259 3916 pacem
3298 3843 3537 3908 mittere,
3596 3841 3693 3897 sed

2101 3934 2379 4004 gladium;
2414 3951 2433 3986 1
2471 3949 2576 3987 non
2629 3950 2815 3989 ensem
2850 3935 3176 4005 intelligens,
3212 3935 3306 3989 sed
3352 3932 3695 3988 inenarrabi-

2102 4025 2209 4081 lem
2229 4025 2553 4095 sapientiam
2576 4022 2816 4095 Spiritus
2841 4027 3036 4087 sancti,
3059 4040 3201 4095 quae,
3237 4024 3357 4093 plus
3374 4039 3537 4094 quam
3565 4035 3693 4092 pax,

2101 4119 2368 4174 obdurala
2402 4118 2568 4172 corda
2624 4118 2838 4172 incidit.
2892 4119 2973 4172 Ad
3027 4116 3288 4171 Hebraeos
3319 4131 3526 4170 vero-.1
3562 4113 3695 4167 Por-

2106 4224 2229 4268 tans
2252 4212 2365 4282 (19)
2416 4213 2564 4268 enim
2616 4212 2799 4267 omnia
2858 4211 3040 4266 Verbo
3097 4210 3317 4265 virtutis
3360 4224 3492 4264 suae.
3522 4226 3541 4259 1
3578 4206 3697 4272 Quo

2108 4312 2293 4358 autem
2359 4301 2576 4357 Verbo?
2629 4302 3023 4358 Pracnttntiavit
3072 4300 3279 4355 David:
3334 4297 3553 4351 «Verbo
3584 4294 3697 4367 (‘20)

2104 4396 2324 4452 Domini
2350 4396 2477 4450 caeli
2512 4395 2714 4449 lirtnati
2745 4403 2894 4459 sunt,
2933 4405 2990 4450 et
3029 4394 3237 4463 Spiritu
3273 4393 3384 4447 oris
3422 4391 3543 4462 ejus
3580 4406 3696 4444 om-

2106 4502 2206 4542 nes
2236 4488 2467 4542 virtutes
2504 4500 2734 4553 earum;
2771 4505 2790 4538 1
2827 4495 2884 4540 et
2933 4501 3126 4540 rursus
3156 4485 3393 4539 Paulus:
3426 4502 3446 4535 ι
3493 4481 3695 4552 Impos-

409 4564 471 4618 ὃν
500 4565 699 4636 τρόπον
746 4569 873 4640 περὶ
911 4568 1007 4622 τοῦ
1048 4570 1182 4624 Υίοῦ
1235 4570 1430 4641 ψάλλει
1465 4573 1524 4626 ἐν
1562 4572 1688 4644 ριη”
1720 4594 1739 4626 ι
1780 4573 1876 4637 Εἰς
1909 4574 1990 4628 τὸκ

2106 4579 2263 4634 sihile
2292 4577 2406 4650 (21)
2435 4588 2521 4633 est
2542 4580 2688 4632 enim
2737 4593 2832 4632 eos
2875 4579 2965 4648 qui
2998 4578 3169 4633 semel
3202 4587 3330 4632 sunt
3382 4575 3694 4638 illuminati,

410 4657 605 4725 αἰῶνα,
632 4660 831 4732 Κύριε,
853 4663 882 4715 ὁ
902 4662 1077 4731 Λόγος
1127 4680 1220 4717 σου
1248 4663 1496 4735 διαμένει
1524 4665 1585 4719 ἐν
1605 4666 1683 4736 τῷ
1718 4665 1955 4739 οὐρανῷ.
1979 4689 1990 4721 ι

2114 4671 2208 4741 qui
2258 4681 2316 4725 et
2364 4680 2724 4743 gustaverunt
2758 4671 2971 4725 .donum
3023 4669 3271 4736 cteleste,
3312 4679 3368 4725 et
3408 4668 3700 4738 participes

482 4841 563 4913 (9)
597 4839 762 4896 Menti
800 4843 1099 4900 invisibilis.
1151 4842 1403 4901 Excludit
1457 4846 1721 4904 visionem
1771 4863 1792 4897 ι
1841 4848 1988 4901 adae-

414 4922 658 4979 quatam,
697 4931 716 4962 1
750 4923 807 4967 et
849 4932 868 4965 ι
911 4916 1437 4983 comprehensivam,
1485 4937 1504 4970 1
1561 4934 1667 4972 non
1713 4935 1733 4967 ι
1783 4919 1991 4971 intuiti-

417 4999 536 5034 vam
578 4998 648 5058 :_1
683 4994 742 5037 ut
794 4984 1174 5058 aliasﬂostendi
1223 4988 1274 5038 in
1312 4985 1551 5058 Epistola
1580 4994 1649 5042 ad
1680 4988 1994 5042 Archiutum

413 5052 711 5124 praesulem,
742 5069 862 5124 pag.
909 5056 979 5110 55
1011 5068 1063 5111 et
1093 5071 1247 5124 seqq.

489 5122 599 5193 (10)
640 5120 933 5199 Ροεᾼὲς-ιξιιιε.
991 5128 1072 5199 In?
1099 5120 1309 5186 Grieco.
1350 5125 1543 5196 φεύγει
1580 5127 1641 5181 τὸ
1678 5127 1838 5181 πλέον
1858 5128 1998 5199 ἀφὲν

410 5191 982 5271 τὸν-παρεκϐἁλλρντα
1011 5198 1161 5251 κάτω
1194 5213 1318 5252 που,
1357 5191 1490 5271 Quae
1519 5200 1872 5266 proverbialis
1909 5191 1998 5254 Ἰο-

415 5264 565 5337 cutio
594 5264 817 5337 videtur.
845 5267 938 5320 Est
965 5279 1143 5321 autem
1175 5264 1578 5337 παρεκδάλλειν
1600 5287 1619 5320 ι
1637 5284 1991 5333 σχεθε-μενοι)

417 5336 561 5409 unde
581 5333 736 5409 dicta:
775 5338 1040 5409 Eustathii
1065 5333 1422 5409 παρεκὸολαί,
1454 5342 1748 5408 composita
1773 5354 1901 5394 voce
1930 5356 1995 5395 ex

414 5403 587 5476 παρὰ,
610 5404 706 5481 ἐκ,
733 5418 789 5460 et
829 5406 1028 5481 βάλλω.
1066 5403 1249 5474 Itaque
1285 5409 1490 5481 Didymi
1537 5403 1867 5481 locutionem
1920 5412 2000 5464 sic

413 5475 733 5546 ad’verbum
782 5475 1208 5534 transferendam
1249 5475 1448 5533 censeo
1482 5496 1496 5533 :
1535 5497 1555 5531 ι
1600 5496 1721 5535 cum
1780 5480 1901 5546 quis
1935 5496 2003 5533 ex

414 5544 660 5598 infer-iuri
685 5546 804 5619 loco
824 5566 842 5598 1
867 5563 1102 5619 procerae
1125 5550 1337 5602 arboris
1360 5564 1542 5616 poma,
1569 5544 2005 5619 exetnplicausa,

415 5632 439 5668 ι
482 5616 747 5688 excerpit,
785 5635 804 5668 1
834 5629 926 5671 aut
951 5636 969 5670 ι
1011 5618 1215 5688 dejicit,
1250 5619 1425 5688 major
1453 5634 1641 5673 eorum
1675 5616 1800 5688 pars
1839 5636 2011 5672 rema-

411 5695 506 5739 net
540 5706 559 5737 1
595 5687 649 5737 in
708 5688 926 5743 arbore.
978 5688 1034 5742 Si
1079 5687 1167 5743 cui
1208 5687 1459 5743 liaac’non
1498 5687 1764 5755 arrident,
1812 5688 2008 5745 aﬂ'erat

410 5756 637 5827 meliora
641 5773 675 5827 _;
702 5755 930 5812 libenter
955 5759 1099 5812 enim
1127 5772 1193 5813 ea
1215 5759 1506 5827 excipiam.

493 5824 605 5900 (11)
638 5823 830 5878 Tutum
851 5837 947 5882 est.
990 5828 1164 5900 Simili
1192 5823 1356 5883 modo
1379 5829 1665 5900 respondet
1692 5829 1747 5884 in
1774 5827 1911 5886 libro
1934 5829 2007 5885 De

413 5892 559 5969 ἔξρίν.
579 5904 783 5962 sancto,
805 5912 953 5954 nunt.
986 5898 1077 5956 62.

2103 4849 2285 4974 “92)
2333 4847 2574 4904 Alteri.l
2625 4847 2754 4901 Cor.
2815 4861 2911 4907 χιι,
2965 4844 3019 4900 9.
3084 4844 3218 4901 Vide
3260 4856 3373 4904 not.
3424 4844 3521 4912 25,
3571 4859 3695 4915 pag.

2177 4991 2289 5062 (15)
2335 4990 2485 5046 Hart.
2516 4989 2681 5045 lCur.
2716 4988 2925 5048 1:11,“.

2175 5083 2289 5154 (M)
2326 5083 2394 5138 Et
2443 5100 2643 5138 omnes.
2684 5080 2702 5135 I
2739 5081 2869 5136 Cor.
2904 5094 3004 5139 xu,
3048 5079 3133 5135 15.
3159 5077 3345 5135 Graeca
3374 5081 3456 5134 ed.
3511 5082 3591 5143 εἰς
3638 5076 3700 5132 ἓν

2103 5154 2245 5225 Πνεῦ
2253 5171 2350 5225 μα.

2202 5221 2288 5293 15)
2328 5223 2612 5289 Quoniam.
2645 5224 2844 5293 Epltes.
2873 5239 2935 5288 tt,
2967 5221 3058 5278 18.

2202 5228 2266 5277 15
2328 5228 2612 5289 Quoniam.
2645 5228 2844 5293 Ephes.
2873 5239 2935 5288 tt,
2967 5228 3029 5278 18

2202 5228 2290 5363 16)
2322 5295 2601 5348 Curantes.
2634 5295 2834 5364 Ephes.
2869 5309 2944 5362 tv,
2973 5295 3029 5349 5.

2179 5388 2295 5460 (17)
2335 5387 2682 5460 Accipientes.
2712 5386 2918 5460 Ephes.
2940 5403 3017 5456 VI,
3048 5387 3169 5443 15-1
3183 5387 3234 5443 7.
3271 5384 3411 5441 Cilal
3455 5398 3693 5445 sensum,

2107 5456 2547 5527 plura'omitteus
2583 5456 2926 5513 interuiedia.

2180 5546 2295 5619 (18)
2327 5545 2451 5619 .Yan
2482 5551 2617 5602 veni.
2651 5547 2844 5619 Matth.
2885 5565 2945 5616 χ,
2984 5549 3077 5605 54.

2178 5611 2293 5691 (19)
2340 5617 2592 5674 Portam.
2652 5618 2819 5675 Hebr.
2886 5611 2941 5686 ι,’
2988 5620 3046 5676 5.
3103 5618 3295 5676 Graeca
3352 5616 3439 5671 ed.
3514 5611 3699 5684 φέρων

2105 5706 2184 5756 τε,
2219 5691 2269 5742 id
2298 5700 2382 5759 est
2414 5706 2434 5739 ι
2473 5699 2823 5759 portansque.
2859 5709 2880 5742 1

2179 5760 2296 5831 (20)
2330 5756 2924 5831 _Verbb._Psal.’_;xxu,
2956 5775 3100 5831 vers.
3143 5761 3196 5812 6.

2177 5827 2291 5902 (21)
2323 5827 2673 5899 Ιιπροεεὶὸὶίε.
2717 5829 2881 5886 Hebr.
2919 5847 2991 5897 γι,
3039 5830 3074 5885 4
3099 5842 3154 5887 et
3187 5828 3241 5884 5.
