4082 6458
366 389 468 447 ειη

1611 390 1850 445 DIDYMI
1894 387 2368 451 ALEXANDRINI

3544 380 3649 437 508

366 508 495 562 lacti
526 516 652 562 sunt
688 507 922 577 Spiritus
947 510 1152 577 sancti,
1177 520 1230 566 et
1248 520 1606 581 gustaverunt
1636 511 1837 564 bonum
1861 509 1944 561 Dei

2056 507 2235 562 Πολλά
2260 506 2370 577 γὰρ
2395 504 2521 577 περὶ
2554 504 2664 557 τῶν
2713 502 3028 576 ἀκροτάτων
3059 503 3154 556 καὶ⁸
3192 500 3482 557 θειοτάτων
3517 501 3654 553 ὐπο-

365 595 640 663 Verbum;
670 617 689 649 ι
728 598 919 653 Petrus
947 610 1125 654 autem
1160 617 1173 653 :
1233 620 1251 653 ι
1297 601 1433 667 Quia
1462 601 1574 671 (Ἡ)
1611 601 1789 654 omnis
1824 615 1952 653 caro

2062 601 2305 653 στάσεων
2341 596 2730 669 μυστικώτατα
2764 595 3154 667 παραδίδωσιν.

362 697 424 742 ιιι
454 687 660 753 lenum,
696 700 751 742 et
780 691 959 743 omnis
995 691 1164 760 gloria
1198 691 1318 759 ejus
1363 702 1619 761 tanquam
1674 693 1774 748 ﬂos
1804 692 1949 747 feni:
1991 693 2204 746 exaruit
2240 692 2445 753 femini,
2476 699 2531 743 et
2584 688 2685 741 ﬂos
2750 686 2862 759 (‘23)
2919 688 3143 751 excidit,
3215 695 3268 741 et
3318 687 3482 740 decor
3530 683 3649 752 ejus

361 783 554 854 periit:
621 782 852 836 Verbum
897 793 1074 839 autem
1129 786 1221 839 Dei
1265 797 1447 840 manet
1487 787 1538 840 iu
1595 788 1890 852 saeculum;
1928 807 1947 839 ι
1992 785 2461 853 Quemadmodum
2491 783 2556 837 de
2578 781 2717 836 Filio
2739 780 3038 837 Psaltesait
3066 780 3118 833 in
3172 793 3338 835 cxvut
3396 776 3642 846 psalmo:

367 873 470 927 «In
535 884 822 939 mternum,
855 874 967 946 (24)
1028 877 1274 943 Domine,
1310 878 1474 950 148
1528 879 1760 936 Verbum
1807 892 1957 935 tuum
1991 888 2274 950 permanet
2330 880 2383 932 in
2438 875 2600 932 cwlo.
2637 894 2656 927 ι
2715 872 2878 929 Multa
2915 872 3058 928 enim
3107 872 3174 947 de
3235 870 3525 939 supremis,
3583 877 3643 923 et

361 966 721 1022 divinissimis
748 969 1135 1041 hypostasilms
1161 973 1326 1026 tradit
1349 988 1513 1028 sensu
1548 989 1762 1029 summe
1793 975 2024 1045 mystico
2055 969 2432 1043 intelligenda.

1009 1063 1165 1119 CAP.
1207 1062 1295 1119 Vl.

365 1127 581 1216 Omni-a,
607 1167 725 1220 qua:
762 1152 985 1208 Deitatis
1014 1165 1136 1208 sunt
1164 1156 1401 1223 propria,
1429 1156 1787 1211 testimonium
1822 1158 1944 1212 red-

842 1223 966 1279 dere
996 1226 1226 1293 Spiritui
1251 1238 1452 1280 sancto.

431 1310 659 1380 Insuper
684 1313 795 1386 (25)
825 1317 986 1384 igitur
1015 1317 1081 1371 de
1109 1317 1400 1371 immortali
1447 1327 1503 1371 et
1532 1311 1790 1374 iucﬂabili
1822 1319 1943 1387 Spi-

361 1402 500 1457 ritus
522 1407 696 1458 sancti
732 1416 924 1458 natura
979 1407 1103 1461 talia
1147 1409 1402 1462 dicuntur
1435 1408 1486 1461 in
1515 1410 1715 1463 divinis
1746 1424 1942 1463 oracu-

359 1494 445 1559 lis,
477 1498 656 1565 qualia
694 1500 759 1552 de
786 1502 1026 1552 omnium
1073 1501 1413 1555 dominatore
1447 1500 1554 1553 Deo
1588 1512 1638 1555 et
1683 1500 1864 1567 Patre,
1884 1517 1945 1556 ac

356 1587 424 1642 de
454 1591 834 1643 universorum
889 1591 1138 1655 Domino,
1184 1603 1240 1646 et
1283 1592 1465 1648 omnia
1528 1595 1945 1649 transcendente

356 1677 520 1745 Filio,
576 1693 859 1750 propterea
914 1683 1056 1752 quod
1117 1699 1291 1754 neque
1358 1685 1723 1748 heterousius,
1754 1686 1939 1750 idest,

2705 1059 2865 1115 κεψ.
2898 1061 2985 1126 (τ’.

2047 1156 2190 1223 Περὶ
2213 1154 2319 1210 τοῦ
2344 1154 2561 1230 πάντᾳ,
2581 1152 2707 1230 -ὅσα
2726 1152 2848 1230 {dig
2870 1151 3158 1230 Θεότῃτος
3191 1146 3297 1219 [65
3319 1144 3395 1220 b],
3423 1163 3639 1217 μαρτυ-

2417 1224 2656 1293 ρεῖσθαι
2693 1222 2761 1275 τὸ
2800 1222 2971 1291 ἅγιον
3001 1222 3261 1287 Πνεῦμα.

2124 1320 2359 1372 Ἔπειτα
2387 1314 2482 1372 οὖν
2509 1315 2927 1388 χρησμῳδοῦσιν
2956 1313 3085 1384 περὶ
3117 1312 3216 1381 τῆς
3243 1311 3520 1381 ἀκηράτου
3540 1307 3638 1364 καὶ

2048 1411 2326 1480 ἀφράστου
2359 1409 2573 1479 φύσεως
2596 1407 2689 1461 τοῦ
2707 1407 2866 1475 ἁγίου
2899 1406 3236 1473 Πνεῦματος,
3273 1399 3361 1458 οἷα
3386 1405 3513 1475 περὶ
3535 1401 3633 1458 τοῦ

2048 1503 2183 1556 ὅλων
2201 1501 2713 1567 κατεξουσιάζοντος
2739 1498 2873 1551 θεοῦ
2898 1500 2991 1551 καὶ
3005 1497 3241 1569 Πατρὸς,
3258 1496 3350 1549 καὶ
3370 1496 3464 1549 τοῦ
3496 1496 3632 1550 πάν-

2045 1613 2152 1649 των
2176 1595 2436 1649 ἐπέκεινα
2456 1596 2551 1648 καὶ
2574 1595 2793 1647 πάντων
2812 1592 3017 1662 Κυρίου
3055 1590 3205 1657 Υἰοῦ,
3229 1590 3317 1643 διά
3337 1590 3399 1643 τὸ
3427 1590 3500 1661 μὴ
3522 1591 3635 1644 ἑτε-

2049 1689 2308 1759 ροουσίως
2329 1688 2495 1758 ἔχειν,
2520 1686 2655 1757 μηδὲ
2671 1684 2899 1755 δυνάμει
2920 1685 3014 1737 καὶ
3032 1682 3157 1755 δόξῃ
3174 1681 3493 1745 ἐλαττόνως.
3516 1681 3629 1736 Καὶ

359 1768 583 1823 alterius
611 1776 849 1827 essentia:
905 1775 1000 1835 sit,
1054 1789 1231 1842 neque
1258 1775 1516 1837 potentia:
1561 1775 1807 1840 minoris,
1851 1785 1943 1827 aut

2047 1778 2197 1830 οὐδὲν
2225 1775 2762 1850 εὑρίσκεταιτούτων
2816 1774 2910 1842 ἀφ’
2941 1773 3133 1827 ἑαυτοῦ
3175 1772 3419 1845 ὑπάρχον
3455 1771 3634 1827 οὐδενὶ

354 1862 558 1931 gloriae.
590 1866 829 1932 Quorum
865 1867 997 1920 nihil
1050 1883 1147 1935 per
1196 1883 1254 1921 se
1288 1866 1397 1920 ulla
1429 1877 1688 1921 creatura
1736 1868 1940 1922 habere

354 1955 781 2021 deprehenditur
835 1960 939 2013 :id
991 1960 1383 2029 ipsum-enim,
1437 1960 1581 2028 quod
1637 1959 1822 2022 habet,
1872 1976 1940 2013 ex

354 2043 496 2113 ejus,
526 2062 648 2116 quae
684 2050 735 2102 in
767 2066 871 2104 una
901 2052 1102 2105 deitate
1154 2063 1258 2116 est,
1313 2050 1598 2104 Trinitatis
1654 2049 1939 2121 largitione

354 2134 538 2190 habet.
566 2136 866 2205 Cujuslibet
906 2152 1086 2195 autem
1120 2140 1199 2194 rei
1234 2150 1429 2194 natura
1462 2141 1527 2194 iis
1556 2156 1774 2208 semper
1806 2156 1934 2195 Cun-

2045 1870 2267 1941 κτιστῷ.
2297 1872 2472 1943 Ὅπερ
2502 1869 2611 1940 γὰρ
2637 1869 2732 1923 καὶ¹
2748 1869 2859 1939 ἔχει
2893 1866 3245 1939 φιλοτιμηθὲν
3269 1867 3421 1937 παρὰ
3449 1867 3548 1938 τῆς
3568 1868 3628 1919 ὲν

2048 1965 2147 2034 μιᾷ
2172 1963 2386 2033 θεότητι
2418 1964 2668 2034 Τριάδος.
2708 1963 2841 2034 ἔχει·
2871 1962 2963 2014 καὶ
2990 1960 3234 2029 πέφυκεν
3281 1960 3513 2013 ἕκαστον
3544 1960 3629 2012 ἀεὶ

2042 2056 2134 2124 ἀφ’
2169 2049 2243 2108 ὧν
2278 2056 2425 2111 ἐστιν
2477 2054 2956 2124 ὲπιγινώσκεσθαι.
2985 2052 3117 2106 me
3155 2055 3320 2113 ἐστιν.
3353 2054 3447 2106 καὶ
3470 2050 3523 2105 τί
3554 2053 3627 2123 μή

2039 2147 2206 2208 ἐστιν,
2238 2150 2348 2201 εἴτε
2406 2148 2538 2212 Θεὸς
2571 2148 2695 2218 ἔφυ,
2730 2147 2839 2200 εἴτε
2867 2147 3091 2216 κτίσμα.
3127 2140 3273 2199 Οἷον⁶

352 2229 621 2296 etituitur,
674 2248 738 2286 ex
775 2235 973 2303 quibus
1028 2234 1365 2304 dignoscitur
1418 2243 1472 2289 et
1511 2233 1638 2304 quid
1668 2251 1729 2287 ea
1764 2235 1855 2300 sit,
1887 2246 1939 2290 et
1976 2240 2105 2307 quid
2144 2258 2245 2294 non
2273 2243 2364 2304 sit,
2396 2254 2451 2296 et
2482 2252 2660 2295 utrum
2711 2240 2799 2293 illa
2855 2238 2997 2294 Deus
3059 2238 3313 2300 exsistat,
3340 2251 3408 2289 au
3472 2250 3630 2291 crea-

357 2332 495 2376 tura.
533 2322 772 2394 Exempli
799 2326 974 2388 gratia
1001 2339 1016 2376 :

425 2416 469 2473 l.
508 2416 769 2472 Creatura
802 2419 964 2472 habet
990 2428 1051 2473 ut
1079 2418 1170 2478 sit,
1203 2434 1326 2472 cum
1379 2419 1536 2473 initio
1574 2420 1797 2475 omnino
1829 2438 1932 2476 non

353 2507 661 2584 exsisteret.
692 2507 1002 2578 Cujusinodi
1032 2522 1159 2564 vero
1199 2509 1268 2563 sit
1310 2514 1362 2562 in
1401 2509 1747 2564 rationalium
1778 2524 1939 2564 natu-

361 2615 548 2653 rarqu
584 2600 776 2654 ordine
824 2600 1058 2670 primum
1120 2600 1265 2655 illius
1310 2616 1469 2671 opus,
1529 2602 1765 2657 ostendit
1805 2603 1940 2655 liber

352 2688 474 2744 Jobi
514 2708 529 2745 :
573 2691 818 2747 moribus
876 2692 1021 2747 enim
1091 2693 1450 2759 mendacem,
1506 2702 1698 2748 natura
1749 2694 1940 2749 diabo-

355 2785 466 2838 lum
506 2783 619 2856 (26)
656 2785 808 2838 dicit.
869 2786 937 2839 At
973 2800 1104 2859 vero
1160 2786 1397 2856 Spiritus
1454 2796 1699 2850 sanctus,
1757 2797 1943 2857 utpote

354 2874 514 2930 ﬂatus
542 2874 943 2945 Omnipotentis
982 2875 1119 2950 (27),
1149 2892 1414 2946 nusquam
1446 2876 1500 2930 in
1537 2877 1835 2946 Scripturis
1860 2878 1943 2931 di-

354 2967 497 3018 citur
527 2973 620 3018 aut
647 2978 768 3021 esse
790 2975 1066 3027 creatura.
1101 2975 1195 3019 aut
1221 2966 1438 3020 initium
1463 2967 1689 3022 omnino
1718 2966 1938 3021 habere.

354 3056 469 3110 Nec
498 3056 644 3111 enim
687 3066 814 3111 ante
848 3065 1151 3112 creatorem
1195 3056 1458 3127 Spiritum
1480 3057 1745 3112 exsistere
1770 3058 1945 3127 potuit

354 3158 629 3214 creatura,
657 3163 721 3203 ac
751 3146 875 3203 talis
906 3150 1124 3219 quidem
1154 3160 1428 3213 creatura,
1475 3164 1596 3219 qua:
1633 3164 1696 3204 ex
1725 3151 1940 3220 propria

356 3243 636 3298 voluntate
693 3258 814 3298 sese
880 3243 1191 3311 reprobam,
1250 3242 1555 3313 ingratam,
1589 3251 1645 3298 et
1673 3242 1940 3312 impuram
1970 3276 2013 3335 ο

361 3334 623 3405 prodidit.
656 3334 790 3392 Cum
822 3350 955 3390 vero
991 3333 1273 3405 Scriptura
1306 3349 1482 3404 neque
1513 3332 1749 3404 Spiritus
1765 3334 1936 3390 sancti

359 3427 575 3480 initium
608 3442 729 3482 esse
749 3427 914 3493 dicat,
952 3427 1049 3482 sed
1095 3425 1248 3479 illum
1305 3427 1546 3482 celebret
1592 3437 1651 3481 ut
1675 3426 1937 3496 Spiritum

363 3516 526 3588 149
541 3517 656 3582 Dei,
681 3530 735 3572 et
756 3531 820 3570 ex
852 3517 984 3584 Deo,
1013 3527 1068 3572 et
1100 3516 1362 3582 divinum,
1382 3526 1437 3571 et
1462 3529 1727 3585 sanctum,
1767 3532 1940 3586 neque

355 3610 411 3664 in
437 3610 740 3662 divinarum
784 3610 1159 3679 bypostasium
1217 3618 1415 3663 natura
1470 3609 1834 3678 prioritatem,
1878 3624 1941 3663 ac

357 3700 814 3770 posterioritatem
850 3702 1123 3766 admittat,
1170 3702 1393 3771 quinam
1428 3702 1754 3771 relinquitur
1780 3701 1940 3755 dubi-

359 3792 506 3845 taudi
536 3791 708 3860 locus,
743 3803 921 3846 utrum
953 3793 1150 3863 ipszein
1181 3793 1547 3847 unaincreata
1576 3794 1776 3849 deitate
1811 3795 1941 3858 sint,

356 3892 414 3938 et
439 3884 632 3954 aequali
665 3885 871 3941 honore
902 3885 1234 3941 alliciendze?

431 4087 544 4158 (εξ)
576 4087 735 4164 Quid.
769 4090 942 4164 Epist.
977 4106 1017 4164 ι,
1051 4090 1200 4164 Petr.
1232 4107 1272 4154 ι,
1303 4091 1376 4147 24
1406 4103 1459 4147 et
1479 4092 1570 4148 25.
1624 4092 1728 4150 Pro
1772 4092 1944 4164 αὐτῆς

357 4158 544 4235 Graeci!
578 4160 746 4235 editio
785 4158 948 4215 habet
983 4160 1297 4235 ανθρώπου,
1336 4164 1391 4218 id
1442 4174 1525 4218 est
1557 4184 1575 4216 ι
1625 4158 1938 4219 hominm.)

361 4231 480 4312 Sed.
499 4228 657 4301 Vulg.
690 4231 957 4302 interpres
989 4228 1119 4303 legit
1153 4243 1215 4288 ut
1261 4234 1519 4303 Didymus
1557 4252 1572 4290 :
1613 4237 1775 4290 vertit
1799 4237 1943 4289 enim

363 4318 385 4353 ι
433 4315 570 4367 ejus.
600 4319 620 4352 ι

435 4371 547 4440 (‘23)
616 4370 686 4426 Et
730 4372 850 4441 ﬂos.
911 4373 1097 4429 Grzeca
1150 4373 1315 4428 editio
1355 4390 1369 4426 :
1420 4375 1515 4428 καὶ
1548 4374 1609 4428 τὸ
1656 4373 1815 4440 ἄνθος
1853 4376 1952 4429 αὑο

360 4440 478 4504 τοῦ,
510 4442 662 4516 idest
708 4440 737 4516 ι
753 4454 807 4516 et
832 4444 931 4498 ﬂos
960 4448 1099 4516 ejus.
1136 4463 1154 4495 ι
1193 4444 1359 4516 Verba
1399 4460 1530 4516 vero
1567 4447 1812 4516 proxime
1861 4462 1953 4501 se-

360 4513 601 4593 quentia,
633 4515 733 4593 καὶ
758 4513 791 4584 ἡ
828 4515 1131 4593 εὐπρέπεια
1158 4513 1322 4593 αὐτοῦ
1341 4513 1619 4593 άςιτώλετο,
1649 4517 1699 4571 id
1723 4522 1806 4593 est.
1842 4535 1861 4569 ι
1897 4526 1951 4571 et

2112 2425 2190 2475 A'.
2234 2422 2299 2474 Ἡ
2336 2421 2513 2484 κτίσις
2537 2419 2597 2472 τὸ
2641 2414 2782 2472 εἶναι
2827 2417 2962 2488 ἔχει,
2996 2416 3098 2468 οὐκ
3130 2410 3267 2469 οὖσα
3297 2413 3394 2484 τὴν
3427 2412 3626 2484 ἀρχήν.

2056 2513 2300 2585 Ἐδείχθη
2327 2513 2383 2566 δὲ
2415 2514 2473 2566 ὲν
2523 2511 2603 2582 τῷ
2649 2509 2792 2575 Ἰὼϐ,
2838 2510 2932 2562 καὶ
2976 2510 3127 2560 ποῖον
3170 2506 3343 2576 αὐτῆς
3379 2506 3527 2557 ἐστιν
3570 2506 3629 2557 ὲν

2043 2608 2282 2676 λογικοῖς
2327 2605 2544 2676 πρῶτον
2586 2604 2815 2672 ποίημα.
2838 2601 3002 2669 Λέγει
3043 2600 3151 2669 γάρ
3166 2598 3257 2651 τὸν
3286 2597 3629 2668 ψευσάμενον

2043 2698 2121 2769 τῷ
2148 2698 2334 2769 τρόπῳ
2372 2698 2469 2767 τὴν
2505 2694 2666 2763 φύσιν
2719 2692 2986 2746 διάϐολον.
3015 2690 3089 2744 Τὸ
3121 2690 3165 2742 δ’
3198 2691 3350 2758 ἆγιον
3381 2688 3627 2759 Πνεῦμα,

2045 2792 2121 2855 ὼς
2152 2795 2286 2861 πνοὴ
2315 2790 2407 2843 τοῦ
2447 2786 2916 2857 Παντοκράτορος,
2968 2783 3176 2853 κτίσμα
3210 2777 3371 2844 εἶναι,
3402 2781 3629 2852 ἢὰρχὴν

2044 2884 2182 2946 ὅλως
2197 2883 2285 2954 ἕχε
2294 2901 2360 2943 ιν,
2375 2881 2502 2936 οὐδα
2510 2880 2584 2951 μῆ
2596 2879 2905 2948 γέγραπται
2915 2876 3065 2930 .Οὑδὲ
3082 2875 3191 2944 γὰρ
3204 2873 3268 2927 ἂν
3282 2874 3630 2947 προϋπῆρξεν

2044 2977 2138 3031 τοῦ
2153 2977 2217 3047 δη
2226 2994 2348 3048 μιου
2356 2992 2423 3047 ργ
2432 2973 2546 3027 ικοῦ
2560 2972 2701 3026 Πνεύ
2710 2988 2878 3043 ματος
2887 2968 3301 3039 δημιούργημα,
3314 2966 3409 3018 καὶ
3421 2964 3630 3019 τοιοῦτο

2045 3068 2328 3137 ἀδόκιμον,
2361 3065 2679 3136 ἀχάριστον,
2711 3062 2806 3115 καὶ
2840 3059 3065 3132 βέϐηλον
3095 3058 3154 3122 ἐξ
3178 3056 3385 3120 οἰκείας
3407 3055 3631 3126 γνώμης

2046 3159 2235 3229 φανέν.
2293 3157 2518 3229 Γραφῆς
2546 3155 2603 3208 δὲ
2663 3155 2800 3225 μήτε
2858 3151 3124 3222 λεγούσης
3152 3145 3291 3203 εἶναι
3319 3147 3412 3202 τοῦ
3448 3146 3629 3202 θεῖκοῦ

2046 3250 2364 3322 Πνεύματος
2414 3247 2612 3319 ἀρχὴν,
2644 3245 2869 3316 Πνεῦμα
2896 3244 2952 3297 δὲ
2983 3244 3076 3297 τοῦ
3125 3241 3262 3295 Θεοῦ
3308 3241 3403 3295 καὶ
3431 3241 3496 3293 ὲκ
3535 3238 3630 3293 τοῦ

2044 3341 2203 3403 Θεοῦ,
2262 3342 2358 3395 καὶ
2386 3339 2528 3394 θεῖον
2567 3338 2661 3392 καὶ
2705 3338 2858 3405 ἆγιον
2884 3334 3238 3407 εὐφημούσης
3287 3333 3438 3386 αὑτό·
3495 3334 3631 3402 μήτε

2044 3433 2101 3486 δὲ
2154 3431 2520 3503 ἁφοριζούσης
2552 3430 2644 3483 ἐπὶ
2680 3424 2780 3499 τῆς
2809 3427 3024 3498 φύσεως
3076 3426 3187 3480 τῶν
3212 3423 3370 3479 θείων
3392 3422 3630 3478 ὑποστά-

2049 3543 2186 3581 σεων
2218 3525 2278 3578 τὸ
2309 3523 2611 3595 πρώτιστα,
2648 3521 2741 3576 καὶ
2765 3521 2827 3579 τὸ
2871 3520 3086 3585 ἔπειτα,
3112 3518 3241 3572 ποία
3271 3518 3399 3589 περὶ
3427 3516 3522 3570 τοῦ
3555 3511 3630 3568 εῖ-

2047 3637 2134 3672 ναι
2191 3617 2362 3679 αὑτὰς
2395 3617 2452 3668 ἐν
2484 3618 2550 3686 τῇ
2586 3614 2835 3683 ἀγενήτῳ
2881 3613 2983 3684 μιᾷ
3010 3610 3227 3682 θεότητι
3258 3609 3352 3662 κα)⁵
3390 3607 3631 3678 ἰσοτιμίᾳ

2050 3708 2397 3763 ὑπολείπεται
2427 3705 2867 3778 άμφισϐήτησις;

2124 4090 2236 4163 (26)
2269 4088 2480 4143 Natura
2531 4087 2820 4163 diabolum.
2851 4086 2931 4143 Ne
2967 4086 3224 4163 videatur
3249 4087 3505 4157 Didymus
3540 4101 3625 4163 se-

2052 4158 2173 4218 cum
2207 4164 2613 4229 ipse-pugnare,
2661 4175 2724 4212 ac
2761 4159 2827 4212 iis
2854 4159 3124 4214 contraria
3174 4158 3397 4225 dictare,
3426 4174 3546 4227 qua:
3577 4161 3628 4213 iu

2052 4235 2190 4287 libro
2217 4232 2337 4287 adv.
2384 4229 2619 4284 Manich.
2683 4230 2916 4293 dixerat,
2951 4229 3489 4283 auimadvertemlum
3525 4239 3629 4294 eat,

2053 4319 2248 4357 nomen
2293 4321 2312 4354 ι
2357 4302 2559 4355 diaboli
2593 4319 2612 4352 ι
2651 4302 2718 4354 ab
2760 4301 2874 4369 ipso
2908 4300 3004 4369 hic_
3042 4315 3147 4353 non
3180 4300 3318 4353 sumi
3360 4310 3629 4368 quatenus

2056 4394 2075 4425 ι
2115 4372 2557 4427 calumniatorem
2578 4389 2597 4422 ι
2622 4365 2889 4439 designat,
2911 4365 3004 4424 sed
3029 4379 3086 4422 ut
3113 4384 3308 4423 nomen
3333 4365 3628 4437 proprium.

2052 4447 2104 4499 Ιιι
2134 4442 2269 4498 Jobo
2297 4442 2441 4496 enim
2490 4456 2609 4510 cap.
2644 4457 2662 4496 ι
2704 4438 2758 4494 et
2786 4456 2825 4494 ιι
2861 4439 3045 4495 Grzeca
3085 4439 3250 4510 editio
3292 4438 3471 4500 habet.
3517 4438 3630 4493 διά-

2051 4514 2224 4576 ϐολος,
2259 4513 2346 4566 ubi
2382 4508 2707 4566 Hebro—icum
2745 4511 3043 4579 exemplar,
3079 4519 3140 4579 et_
3170 4508 3360 4576 Latina
3402 4510 3630 4564 transla-

361 4576 595 4653 cximius
613 4576 1137 4653 decor'ejus'periit,
1175 4605 1192 4636 ο
1240 4576 1617 4640 desiderantur
1642 4597 1698 4641 et
1743 4586 1852 4651 hic,
1890 4596 1947 4641 et
1975 4593 2020 4648 ι)
2051 4589 2120 4638 tia
2158 4584 2357 4639 habent
2391 4599 2410 4634 ι
2434 4580 2654 4653 ,ὃθιδιιε
2698 4600 2721 4634 ι
2766 4597 2885 4650 quae
2908 4576 3022 4635 ’vox
3042 4576 3145 4635 etsi
3182 4580 3624 4653 tadversariuma

362 4651 467 4705 lsa.
501 4668 589 4717 χι..
619 4654 674 4717 8,
710 4651 913 4709 ουιιιίιι
944 4655 1150 4711 Graecis
1190 4655 1397 4718 Bibliis,
1434 4664 1546 4710 tum
1589 4656 1642 4711 in
1693 4655 1941 4712 Latinis:

364 4721 421 4774 in
447 4722 647 4796 quibus
679 4736 939 4793 prmtcrea
985 4742 1102 4793 pro,
1132 4745 1151 4779 ι
1190 4724 1352 4790 Dei,»
1380 4727 1598 4796 legitur,
1642 4727 1937 4783 «Domini.»

434 4790 550 4862 (2d)
577 4791 644 4862 In
674 4790 949 4853 internum.
983 4790 1128 4850 Psal.
1159 4811 1348 4862 cxvm,
1374 4790 1519 4851 ve'rs.
1565 4796 1657 4852 89.

434 4856 550 4932 (25)
591 4860 839 4930 Insuper.
873 4867 1065 4930 Dictio,
1105 4886 1124 4918 ‹
1176 4856 1414 4934 insuper,
1452 4887 1470 4919 ι
1504 4868 1644 4921 idem
1676 4867 1766 4922 hic
1801 4868 1946 4923 valet

362 4940 572 5006 atque,_
606 4948 652 5006 ιΔ
674 4935 833 5006 tertio
860 4934 996 5006 loco.
1042 4956 1060 4987 ι
1096 4936 1362 4991 Nimirum
1402 4939 1453 4990 in
1489 4948 1735 4993 extremo
1768 4941 1944 5006 capite

360 5001 722 5079 primghujus
753 5004 874 5059 libri
918 5008 991 5079 ait
1023 5007 1304 5079 Didymus,
1350 5022 1409 5079 se
1435 5022 1517 5079 ex,
1552 5008 1730 5062 Veteri
1769 5001 1944 5062 Novo-

360 5087 468 5148 que
506 5071 854 5148 Testamento
890 5077 1041 5143 plura
1093 5071 1422 5141 testimonia,
1478 5078 1594 5134 sive
1621 5090 1941 5148 argumenta

363 5142 672 5216 allaturum,
729 5142 924 5216 quibus
973 5148 1162 5212 probet
1210 5148 1469 5216 Spiritum
1523 5142 1769 5202 sanctum
1823 5162 1946 5203 esse

362 5209 551 5287 Deum,
581 5209 761 5280 eaque
781 5214 847 5268 ad
873 5209 1126 5271 nonnulla
1156 5209 1330 5287 capita
1369 5228 1604 5281 revocat,
1626 5233 1690 5273 ac
1710 5219 1942 5287 primum

366 5280 497 5332 illud
534 5292 714 5362 ~caput
741 5287 959 5364 secupdi
1003 5287 1165 5356 hujus
1193 5280 1313 5364 libri
1341 5288 1421 5342 sic
1446 5280 1724 5364 concludii
1752 5306 1765 5342 :
1799 5288 1947 5340 αὐτί-

363 5365 436 5403 κα
467 5358 596 5419 γοῦν
622 5358 1009 5425 μαρτυροῦσιν·
1045 5367 1155 5410 tum
1186 5359 1366 5412 statim
1399 5358 1627 5430 primum
1651 5374 1944 5430 argumen-

366 5429 540 5500 torum
578 5436 738 5492 caput
743 5434 863 5500 _aut
886 5430 1318 5500 genusexponit
1347 5429 1527 5498 capite
1560 5429 1820 5493 secundo,
1863 5429 1941 5483 sic

367 5493 632 5567 incipiens
679 5508 695 5546 :
742 5493 967 5564 Πρῶτον
1013 5496 1132 5566 μέν.
1168 5493 1432 5552 Ἀιιέι-ιιιιι
1481 5500 1733 5567 proponit
1771 5500 1947 5564 capite

366 5562 544 5633 tertio,
588 5563 666 5617 sic
700 5562 973 5639 ex_o‘rsu3_:
1004 5562 1033 5619 ὁ
1063 5567 1126 5639 ,δὲ
1149 5567 1407 5639 ἐλέγομεν
1438 5562 1497 5634 ἐξ
1526 5562 1723 5639 ἀρχῆς
1759 5562 1945 5623 δεύτε-

367 5643 460 5698 ρον
494 5633 885 5708 μαρτυροῦσιν.
912 5635 1170 5708 _Tertium
1208 5633 1261 5690 in
1286 5633 1441 5693 sexto
1474 5633 1580 5708 hoe
1602 5633 1819 5708 capite:
1853 5653 1948 5691 ea-

367 5711 474 5784 q'ue
504 5701 801 5784 de’caus‘a,
816 5705 1021 5784 omisso
1063 5701 1709 5784 nominativo,_iucipit_':
1751 5708 1945 5784 ἔπειτα

364 5773 459 5850 οὖν
483 5773 914 5850 χρησμῳδοῦσιν.
945 5776 1205 5850 Quartum
1233 5778 1540 5850 iuLseptimo
1561 5773 1756 5850 capite,
1788 5790 1843 5837 et
1873 5780 1945 5835 ita

367 5837 642 5911 deinceps.
680 5837 808 5900 Vide
834 5837 990 5902 notas
1011 5845 1074 5904 ad
1102 5861 1272 5918 segm.
1296 5837 1401 5902 Eli
1428 5867 1481 5903 a.
1628 5837 1642 5850 ’
1741 5837 1755 5848 ’
1832 5854 1839 5859 ’

2049 4655 2236 4724 etipsa
2272 4652 2564 4724 signiﬁcet,
2615 4649 2910 4721 usurpatur
2959 4649 3354 4724 tanteuinstar
3396 4650 3630 4703 nominis

2048 4720 2271 4794 proprii.
2296 4721 2487 4791 Itaque
2508 4737 2637 4794 cum
2683 4720 2948 4794 adversus
2986 4720 3306 4794 Manichacus
3350 4730 3631 4794 creaturas

2053 4789 2071 4847 ι
2117 4789 2305 4848 natura
2344 4812 2363 4845 ι
2399 4789 2584 4862 inulas
2644 4793 3020 4862 contingentes
3086 4789 3437 4862 loquens_ait._
3479 4790 3627 4862 (pag.

2044 4867 2172 4927 2H,
2233 4873 2360 4920 tum.
2420 4862 2439 4916 Ι
2490 4861 2657 4915 Lectt.
2708 4857 2921 4932 Antiqq.
2972 4857 3258 4932 Cartisii);
3292 4858 3352 4911 τὸ
3379 4857 3487 4932 γάρ
3514 4857 3631 4932 διά-

2050 4936 2203 5006 βολος
2260 4933 2453 5006 ὄνομα,
2475 4934 2617 5006 ,γούκᾷ
2640 4928 2857 4998 οὐσίαν,
2883 4928 3045 4986 ’ἀλλὰ
3081 4928 3399 5006 προαίρεσιν
3456 4928 3627 4998 δηλοῖ,

2050 5002 2100 5059 id
2127 5016 2210 5060 est
2250 5023 2269 5056 ι
2309 5002 2509 5058 diaboli
2534 5004 2677 5058 enim
2711 5019 2905 5057 nomen
2938 5017 3043 5058 non
3073 5004 3265 5062 usiam,
3310 5002 3427 5055 sive
3467 5012 3629 5053 uatu—

2047 5092 2164 5130 ram
2214 5075 2478 5139 declarat,
2536 5075 2630 5128 sed
2681 5074 3036 5139 voluntatem,
3080 5090 3099 5122 ι
3148 5081 3364 5140 etymou
3412 5070 3632 5138 respicit

2048 5145 2294 5199 vocabuli
2339 5162 2357 5195 ι
2396 5144 2679 5198 diabolus:
2714 5163 2732 5196 ι
2765 5160 2887 5198 cum
2913 5159 3042 5197 vero
3070 5144 3159 5197 hic
3181 5143 3281 5205 ait,
3319 5140 3418 5209 τὴν
3467 5140 3630 5211 φύσιν

2046 5216 2310 5279 διάϐολον,
2357 5215 2464 5270 hoc
2492 5225 2576 5269 est
2626 5233 2645 5265 ι
2676 5225 2868 5268 natura
2923 5212 3220 5268 diabolum.
3255 5229 3273 5260 ι
3309 5211 3419 5266 imo
3463 5213 3627 5265 etiam

2047 5302 2169 5338 cum
2197 5288 2250 5339 in
2292 5288 2408 5354 ipso
2437 5286 2576 5339 libro
2602 5286 2721 5338 adv.
2752 5284 2990 5337 Manich.
3022 5299 3146 5353 pag.
3179 5279 3286 5335 212
3320 5282 3514 5350 inquit,
3531 5280 3630 5352 τὴν

2045 5357 2235 5411 οὐσίαν
2276 5359 2377 5428 τὴν
2419 5354 2757 5428 καλουμένην
2781 5354 3044 5417 διάϐολον,
3070 5356 3310 5428 id__est_¢
3356 5363 3629 5428 naturam,

2047 5443 2169 5495 qua:
2198 5421 2426 5481 vocatur
2455 5421 2733 5495 diabolus,
2772 5442 2792 5475 ι
2825 5439 3009 5479 vocem
3046 5443 3063 5474 ι
3099 5421 3346 5477 diabolus
3377 5440 3396 5473 ι
3430 5424 3634 5495 accipit

2048 5491 2107 5550 ut
2138 5510 2333 5552 nomen
2373 5496 2672 5565 pr0prium.
2702 5494 2856 5561 Quod
2882 5506 2940 5548 ut
2960 5494 3163 5548 clarius
3192 5500 3475 5561 appareat,
3506 5491 3634 5562 τρό-

2049 5584 2150 5620 πον
2195 5566 2304 5620 άπὸ
2338 5563 2439 5637 τῆς
2477 5563 2740 5637 φύσεως,
2774 5566 2826 5619 id
2859 5575 2943 5637 est
2989 5583 3007 5615 ι
3042 5578 3219 5637 mores
3242 5579 3290 5637 _a
3347 5572 3556 5637 natura,
3579 5578 3626 5637 _9

2050 5639 2139 5691 hic
2181 5629 2436 5708 seiungit,
2481 5629 2622 5708 sicut
2672 5635 2742 5689 ibi
2773 5635 3096 5707 προαίρεσιν
3129 5633 3414 5703 distinguit
3445 5633 3511 5685 ab
3538 5629 3633 5686 οὐ·

2051 5708 2162 5778 σίᾳ,
2183 5704 2247 5778 id
2269 5704 2378 5778 esi,
2415 5723 2435 5755 ι
2490 5704 2888 5778 voluntatem}:
2919 5704 3133 5778 datura.
3182 5720 3200 5753 ι

2122 5771 2235 5850 (27)
2268 5775 2458 5831 Mutus
2486 5774 2890 5834 Omnivotentis.
2925 5775 3005 5832 Ex
3037 5771 3138 5831 Job
3173 5788 3349 5829 xxxtu
3396 5771 3452 5826 ι.
