  <div class='ocr_page' id='page_1' title='image "/cluster/home/n/w/nwhite01/storage/ocr_20150623/39/coo.31924054869361/263.png"; bbox 0 0 4082 6434; ppageno 0'>
   <div class='ocr_carea' id='block_1_1' title="bbox 347 427 2334 483">
    <p class='ocr_par' dir='ltr' id='par_1_1' title="bbox 347 427 2334 483">
     <span class='ocr_line' id='line_1_1' title="bbox 347 427 2334 483; baseline 0.003 -5"><span class='ocrx_word' id='word_1_1' title='bbox 347 429 440 482; x_wconf 64' lang='lat' dir='ltr'><strong>fill</strong></span> <span class='ocrx_word' id='word_1_2' title='bbox 1590 427 1825 482; x_wconf 74' lang='lat' dir='ltr'><strong>DIDYMI</strong></span> <span class='ocrx_word' id='word_1_3' title='bbox 1867 427 2334 483; x_wconf 59' lang='lat' dir='ltr'><strong>ALEXANDIKINI</strong></span> 
     </span>
    </p>
   </div>
   <div class='ocr_carea' id='block_1_2' title="bbox 3503 437 3611 490">
    <p class='ocr_par' dir='ltr' id='par_1_2' title="bbox 3503 437 3611 490">
     <span class='ocr_line' id='line_1_2' title="bbox 3503 437 3611 490; baseline 0 0"><span class='ocrx_word' id='word_1_4' title='bbox 3503 437 3611 490; x_wconf 66' lang='lat' dir='ltr'>MS</span> 
     </span>
    </p>
   </div>
   <div class='ocr_carea' id='block_1_3' title="bbox 346 542 1949 622">
    <p class='ocr_par' dir='ltr' id='par_1_3' title="bbox 346 542 1914 616">
     <span class='ocr_line' id='line_1_3' title="bbox 346 542 1914 616; baseline -0.001 -16"><span class='ocrx_word' id='word_1_5' title='bbox 346 555 484 616; x_wconf 63' lang='lat' dir='ltr'><strong>gano</strong></span> <span class='ocrx_word' id='word_1_6' title='bbox 517 546 754 608; x_wconf 77' lang='lat' dir='ltr'><strong>Patrem,</strong></span> <span class='ocrx_word' id='word_1_7' title='bbox 785 554 839 598; x_wconf 90' lang='lat' dir='ltr'><strong>et</strong></span> <span class='ocrx_word' id='word_1_8' title='bbox 871 543 1034 597; x_wconf 88' lang='lat' dir='ltr'><strong>alium</strong></span> <span class='ocrx_word' id='word_1_9' title='bbox 1072 542 1406 597; x_wconf 83' lang='lat' dir='ltr'><strong>Paraclctum</strong></span> <span class='ocrx_word' id='word_1_10' title='bbox 1455 543 1603 596; x_wconf 88' lang='lat' dir='ltr'><strong>dabit</strong></span> <span class='ocrx_word' id='word_1_11' title='bbox 1650 546 1820 608; x_wconf 87' lang='lat' dir='ltr'><strong>vobis,</strong></span> <span class='ocrx_word' id='word_1_12' title='bbox 1861 557 1914 599; x_wconf 90' lang='lat' dir='ltr'><strong>ut</strong></span> 
     </span>
    </p>
   </div>
   <div class='ocr_carea' id='block_1_4' title="bbox 2051 542 3611 622">
    <p class='ocr_par' dir='ltr' id='par_1_4' title="bbox 2051 547 3611 622">
     <span class='ocr_line' id='line_1_4' title="bbox 2051 547 3611 622; baseline 0.006 -23"><span class='ocrx_word' id='word_1_13' title='bbox 2051 564 2101 600; x_wconf 92' lang='grc' dir='ltr'><strong>τι</strong></span> <span class='ocrx_word' id='word_1_14' title='bbox 2136 547 2264 618; x_wconf 80' lang='grc' dir='ltr'>παρ’</span> <span class='ocrx_word' id='word_1_15' title='bbox 2319 548 2446 618; x_wconf 84' lang='grc' dir='ltr'>ὑμῖν</span> <span class='ocrx_word' id='word_1_16' title='bbox 2479 549 2652 618; x_wconf 85' lang='grc' dir='ltr'>μένει,</span> <span class='ocrx_word' id='word_1_17' title='bbox 2704 551 2797 605; x_wconf 79' lang='grc' dir='ltr'><strong>καὶ</strong></span> <span class='ocrx_word' id='word_1_18' title='bbox 2841 552 2900 604; x_wconf 79' lang='grc' dir='ltr'>ὲν</span> <span class='ocrx_word' id='word_1_19' title='bbox 2945 551 3075 622; x_wconf 84' lang='grc' dir='ltr'>ὑμῖν</span> <span class='ocrx_word' id='word_1_20' title='bbox 3106 551 3277 605; x_wconf 80' lang='grc' dir='ltr'>ἔσται.</span> <span class='ocrx_word' id='word_1_21' title='bbox 3320 573 3339 604; x_wconf 84' lang='grc'><strong>›</strong></span> <span class='ocrx_word' id='word_1_22' title='bbox 3377 554 3493 608; x_wconf 87' lang='grc' dir='ltr'><strong>’Ὶνα</strong></span> <span class='ocrx_word' id='word_1_23' title='bbox 3553 556 3611 608; x_wconf 76' lang='grc' dir='ltr'>δὲ</span> 
     </span>
    </p>
   </div>
   <div class='ocr_carea' id='block_1_5' title="bbox 347 633 1923 702">
    <p class='ocr_par' dir='ltr' id='par_1_5' title="bbox 347 633 1923 702">
     <span class='ocr_line' id='line_1_5' title="bbox 347 633 1923 702; baseline 0 -13"><span class='ocrx_word' id='word_1_24' title='bbox 347 644 418 690; x_wconf 86' lang='lat' dir='ltr'><strong>sit</strong></span> <span class='ocrx_word' id='word_1_25' title='bbox 451 637 723 689; x_wconf 81' lang='lat' dir='ltr'><strong>vobiscum</strong></span> <span class='ocrx_word' id='word_1_26' title='bbox 751 633 887 702; x_wconf 77' lang='lat'><strong>(59),</strong></span> <span class='ocrx_word' id='word_1_27' title='bbox 917 633 1178 702; x_wconf 78' lang='lat' dir='ltr'><strong>Spiritum</strong></span> <span class='ocrx_word' id='word_1_28' title='bbox 1205 633 1465 695; x_wconf 77' lang='lat' dir='ltr'><strong>veritatis,</strong></span> <span class='ocrx_word' id='word_1_29' title='bbox 1497 650 1655 701; x_wconf 82' lang='lat' dir='ltr'><strong>quem</strong></span> <span class='ocrx_word' id='word_1_30' title='bbox 1695 638 1923 689; x_wconf 88' lang='lat' dir='ltr'><strong>mnmlns</strong></span> 
     </span>
    </p>
   </div>
   <div class='ocr_carea' id='block_1_6' title="bbox 349 722 1924 792">
    <p class='ocr_par' dir='ltr' id='par_1_6' title="bbox 349 722 1924 792">
     <span class='ocr_line' id='line_1_6' title="bbox 349 722 1924 792; baseline 0.003 -17"><span class='ocrx_word' id='word_1_31' title='bbox 349 741 454 776; x_wconf 88' lang='lat' dir='ltr'><strong>non</strong></span> <span class='ocrx_word' id='word_1_32' title='bbox 485 733 661 792; x_wconf 87' lang='lat' dir='ltr'><strong>potest</strong></span> <span class='ocrx_word' id='word_1_33' title='bbox 695 723 964 792; x_wconf 89' lang='lat' dir='ltr'><strong>accipere,</strong></span> <span class='ocrx_word' id='word_1_34' title='bbox 999 722 1123 789; x_wconf 87' lang='lat' dir='ltr'><strong>quia</strong></span> <span class='ocrx_word' id='word_1_35' title='bbox 1167 736 1270 774; x_wconf 92' lang='lat' dir='ltr'><strong>non</strong></span> <span class='ocrx_word' id='word_1_36' title='bbox 1320 723 1462 775; x_wconf 87' lang='lat' dir='ltr'><strong>videt</strong></span> <span class='ocrx_word' id='word_1_37' title='bbox 1515 739 1660 786; x_wconf 88' lang='lat' dir='ltr'><strong>emn,</strong></span> <span class='ocrx_word' id='word_1_38' title='bbox 1695 739 1793 777; x_wconf 91' lang='lat' dir='ltr'><strong>uec</strong></span> <span class='ocrx_word' id='word_1_39' title='bbox 1823 726 1924 779; x_wconf 87' lang='lat' dir='ltr'><strong>scit</strong></span> 
     </span>
    </p>
   </div>
   <div class='ocr_carea' id='block_1_7' title="bbox 350 812 1922 883">
    <p class='ocr_par' dir='ltr' id='par_1_7' title="bbox 350 812 1922 883">
     <span class='ocr_line' id='line_1_7' title="bbox 350 812 1922 883; baseline 0.001 -17"><span class='ocrx_word' id='word_1_40' title='bbox 350 828 516 866; x_wconf 87' lang='lat' dir='ltr'><strong>eum:</strong></span> <span class='ocrx_word' id='word_1_41' title='bbox 552 827 645 865; x_wconf 87' lang='lat' dir='ltr'><strong>vos</strong></span> <span class='ocrx_word' id='word_1_42' title='bbox 677 821 854 864; x_wconf 84' lang='lat' dir='ltr'><strong>autent</strong></span> <span class='ocrx_word' id='word_1_43' title='bbox 901 812 1228 880; x_wconf 79' lang='lat' dir='ltr'><strong>cognoscitis</strong></span> <span class='ocrx_word' id='word_1_44' title='bbox 1277 825 1426 873; x_wconf 90' lang='lat' dir='ltr'><strong>eum,</strong></span> <span class='ocrx_word' id='word_1_45' title='bbox 1467 813 1592 880; x_wconf 85' lang='lat' dir='ltr'><strong>quia</strong></span> <span class='ocrx_word' id='word_1_46' title='bbox 1658 815 1797 883; x_wconf 91' lang='lat' dir='ltr'><strong>apud</strong></span> <span class='ocrx_word' id='word_1_47' title='bbox 1830 831 1922 869; x_wconf 92' lang='lat' dir='ltr'><strong>vos</strong></span> 
     </span>
    </p>
   </div>
   <div class='ocr_carea' id='block_1_8' title="bbox 351 898 1922 967">
    <p class='ocr_par' dir='ltr' id='par_1_8' title="bbox 351 898 1922 967">
     <span class='ocr_line' id='line_1_8' title="bbox 351 898 1922 967; baseline 0.002 -13"><span class='ocrx_word' id='word_1_48' title='bbox 351 911 556 965; x_wconf 88' lang='lat' dir='ltr'><strong>manet,</strong></span> <span class='ocrx_word' id='word_1_49' title='bbox 583 902 716 954; x_wconf 90' lang='lat' dir='ltr'><strong>etin</strong></span> <span class='ocrx_word' id='word_1_50' title='bbox 757 899 910 954; x_wconf 83' lang='lat' dir='ltr'><strong>vobis</strong></span> <span class='ocrx_word' id='word_1_51' title='bbox 940 901 1064 954; x_wconf 90' lang='lat' dir='ltr'><strong>erit.</strong></span> <span class='ocrx_word' id='word_1_52' title='bbox 1091 918 1110 952; x_wconf 78' lang='grc' dir='ltr'><strong>ι</strong></span> <span class='ocrx_word' id='word_1_53' title='bbox 1150 898 1218 955; x_wconf 89' lang='lat' dir='ltr'><strong>Ut</strong></span> <span class='ocrx_word' id='word_1_54' title='bbox 1264 915 1394 955; x_wconf 88' lang='lat' dir='ltr'><strong>vero</strong></span> <span class='ocrx_word' id='word_1_55' title='bbox 1433 913 1614 956; x_wconf 91' lang='lat' dir='ltr'><strong>notum</strong></span> <span class='ocrx_word' id='word_1_56' title='bbox 1647 904 1758 967; x_wconf 86' lang='lat' dir='ltr'><strong>liat,</strong></span> <span class='ocrx_word' id='word_1_57' title='bbox 1796 905 1922 958; x_wconf 89' lang='lat' dir='ltr'><strong>t.di-</strong></span> 
     </span>
    </p>
   </div>
   <div class='ocr_carea' id='block_1_9' title="bbox 352 992 1924 1064">
    <p class='ocr_par' dir='ltr' id='par_1_9' title="bbox 352 992 1924 1064">
     <span class='ocr_line' id='line_1_9' title="bbox 352 992 1924 1064; baseline 0.001 -15"><span class='ocrx_word' id='word_1_58' title='bbox 352 993 453 1049; x_wconf 79' lang='lat' dir='ltr'><strong>bus</strong></span> <span class='ocrx_word' id='word_1_59' title='bbox 483 994 644 1048; x_wconf 87' lang='lat' dir='ltr'><strong>etiam</strong></span> <span class='ocrx_word' id='word_1_60' title='bbox 676 992 1002 1048; x_wconf 86' lang='lat' dir='ltr'><strong>testimoniis</strong></span> <span class='ocrx_word' id='word_1_61' title='bbox 1031 992 1204 1059; x_wconf 90' lang='lat' dir='ltr'><strong>ipsum</strong></span> <span class='ocrx_word' id='word_1_62' title='bbox 1231 993 1392 1048; x_wconf 91' lang='lat' dir='ltr'><strong>unius</strong></span> <span class='ocrx_word' id='word_1_63' title='bbox 1417 993 1618 1062; x_wconf 88' lang='lat' dir='ltr'><strong>ubique</strong></span> <span class='ocrx_word' id='word_1_64' title='bbox 1641 997 1924 1064; x_wconf 68' lang='lat' dir='ltr'><strong>praesentis</strong></span> 
     </span>
    </p>
   </div>
   <div class='ocr_carea' id='block_1_10' title="bbox 356 1083 1929 1151">
    <p class='ocr_par' dir='ltr' id='par_1_10' title="bbox 356 1083 1929 1151">
     <span class='ocr_line' id='line_1_10' title="bbox 356 1083 1929 1151; baseline 0.003 -14"><span class='ocrx_word' id='word_1_65' title='bbox 356 1093 562 1137; x_wconf 78' lang='lat' dir='ltr'><strong>natura:</strong></span> <span class='ocrx_word' id='word_1_66' title='bbox 595 1083 880 1144; x_wconf 90' lang='lat' dir='ltr'><strong>declarari,</strong></span> <span class='ocrx_word' id='word_1_67' title='bbox 934 1083 1163 1151; x_wconf 68' lang='lat' dir='ltr'><strong>aequalia</strong></span> <span class='ocrx_word' id='word_1_68' title='bbox 1217 1083 1284 1137; x_wconf 92' lang='lat' dir='ltr'><strong>de</strong></span> <span class='ocrx_word' id='word_1_69' title='bbox 1350 1085 1611 1140; x_wconf 91' lang='lat' dir='ltr'><strong>ambabus</strong></span> <span class='ocrx_word' id='word_1_70' title='bbox 1653 1087 1801 1141; x_wconf 84' lang='lat' dir='ltr'><strong>hisce</strong></span> <span class='ocrx_word' id='word_1_71' title='bbox 1829 1090 1929 1141; x_wconf 87' lang='lat' dir='ltr'><strong>im-</strong></span> 
     </span>
    </p>
   </div>
   <div class='ocr_carea' id='block_1_11' title="bbox 357 1175 1928 1246">
    <p class='ocr_par' dir='ltr' id='par_1_11' title="bbox 357 1175 1928 1246">
     <span class='ocr_line' id='line_1_11' title="bbox 357 1175 1928 1246; baseline 0.005 -18"><span class='ocrx_word' id='word_1_72' title='bbox 357 1176 678 1230; x_wconf 88' lang='lat' dir='ltr'><strong>mortalibus</strong></span> <span class='ocrx_word' id='word_1_73' title='bbox 703 1176 1070 1231; x_wconf 84' lang='lat' dir='ltr'><strong>subsistentiis</strong></span> <span class='ocrx_word' id='word_1_74' title='bbox 1095 1175 1388 1246; x_wconf 64' lang='lat' dir='ltr'><strong>Scriptura!</strong></span> <span class='ocrx_word' id='word_1_75' title='bbox 1405 1178 1765 1236; x_wconf 77' lang='lat' dir='ltr'><strong>tradiderunt.</strong></span> <span class='ocrx_word' id='word_1_76' title='bbox 1797 1181 1928 1236; x_wconf 82' lang='lat' dir='ltr'><strong>Nam</strong></span> 
     </span>
    </p>
   </div>
   <div class='ocr_carea' id='block_1_12' title="bbox 354 1266 1932 1341">
    <p class='ocr_par' dir='ltr' id='par_1_12' title="bbox 354 1266 1932 1341">
     <span class='ocr_line' id='line_1_12' title="bbox 354 1266 1932 1341; baseline 0.006 -22"><span class='ocrx_word' id='word_1_77' title='bbox 354 1267 619 1322; x_wconf 76' lang='lat' dir='ltr'><strong>Jeremias</strong></span> <span class='ocrx_word' id='word_1_78' title='bbox 649 1268 866 1336; x_wconf 88' lang='lat' dir='ltr'><strong>quidem</strong></span> <span class='ocrx_word' id='word_1_79' title='bbox 897 1283 964 1321; x_wconf 85' lang='lat' dir='ltr'><strong>ex</strong></span> <span class='ocrx_word' id='word_1_80' title='bbox 999 1282 1229 1336; x_wconf 88' lang='lat' dir='ltr'><strong>persona</strong></span> <span class='ocrx_word' id='word_1_81' title='bbox 1273 1266 1365 1322; x_wconf 87' lang='lat' dir='ltr'><strong>Dei</strong></span> <span class='ocrx_word' id='word_1_82' title='bbox 1415 1277 1470 1321; x_wconf 91' lang='lat' dir='ltr'><strong>et</strong></span> <span class='ocrx_word' id='word_1_83' title='bbox 1511 1268 1683 1324; x_wconf 78' lang='lat' dir='ltr'><strong>Patris</strong></span> <span class='ocrx_word' id='word_1_84' title='bbox 1707 1270 1932 1341; x_wconf 88' lang='lat' dir='ltr'><strong>loquens</strong></span> 
     </span>
    </p>
   </div>
   <div class='ocr_carea' id='block_1_13' title="bbox 357 1358 1932 1432">
    <p class='ocr_par' dir='ltr' id='par_1_13' title="bbox 357 1358 1932 1432">
     <span class='ocr_line' id='line_1_13' title="bbox 357 1358 1932 1432; baseline 0.004 -20"><span class='ocrx_word' id='word_1_85' title='bbox 357 1360 472 1413; x_wconf 82' lang='lat' dir='ltr'><strong>haec</strong></span> <span class='ocrx_word' id='word_1_86' title='bbox 509 1358 770 1428; x_wconf 82' lang='lat' dir='ltr'><strong>exponit:</strong></span> <span class='ocrx_word' id='word_1_87' title='bbox 802 1377 821 1409; x_wconf 79' lang='grc' dir='ltr'><strong>ι</strong></span> <span class='ocrx_word' id='word_1_88' title='bbox 854 1358 1058 1413; x_wconf 82' lang='lat' dir='ltr'><strong>Caelum</strong></span> <span class='ocrx_word' id='word_1_89' title='bbox 1091 1358 1204 1428; x_wconf 76' lang='grc'><strong>(40)</strong></span> <span class='ocrx_word' id='word_1_90' title='bbox 1259 1369 1312 1414; x_wconf 90' lang='lat' dir='ltr'><strong>et</strong></span> <span class='ocrx_word' id='word_1_91' title='bbox 1361 1367 1561 1414; x_wconf 86' lang='lat' dir='ltr'><strong>terram</strong></span> <span class='ocrx_word' id='word_1_92' title='bbox 1596 1363 1932 1432; x_wconf 78' lang='lat' dir='ltr'><strong>egoiinpleo,</strong></span> 
     </span>
    </p>
   </div>
   <div class='ocr_carea' id='block_1_14' title="bbox 356 1449 1936 1522">
    <p class='ocr_par' dir='ltr' id='par_1_14' title="bbox 356 1449 1936 1522">
     <span class='ocr_line' id='line_1_14' title="bbox 356 1449 1936 1522; baseline 0.004 -19"><span class='ocrx_word' id='word_1_93' title='bbox 356 1450 488 1504; x_wconf 81' lang='lat' dir='ltr'><strong>dicit</strong></span> <span class='ocrx_word' id='word_1_94' title='bbox 510 1450 796 1514; x_wconf 86' lang='lat' dir='ltr'><strong>Dominus;</strong></span> <span class='ocrx_word' id='word_1_95' title='bbox 828 1468 845 1500; x_wconf 76' lang='grc' dir='ltr'><strong>ι</strong></span> <span class='ocrx_word' id='word_1_96' title='bbox 875 1449 1040 1504; x_wconf 84' lang='lat' dir='ltr'><strong>David</strong></span> <span class='ocrx_word' id='word_1_97' title='bbox 1059 1465 1189 1504; x_wconf 89' lang='lat' dir='ltr'><strong>vero</strong></span> <span class='ocrx_word' id='word_1_98' title='bbox 1205 1451 1271 1504; x_wconf 93' lang='lat' dir='ltr'><strong>de</strong></span> <span class='ocrx_word' id='word_1_99' title='bbox 1293 1449 1430 1504; x_wconf 90' lang='lat' dir='ltr'><strong>Filio</strong></span> <span class='ocrx_word' id='word_1_100' title='bbox 1453 1452 1503 1504; x_wconf 92' lang='lat' dir='ltr'><strong>in</strong></span> <span class='ocrx_word' id='word_1_101' title='bbox 1529 1468 1687 1507; x_wconf 81' lang='lat' dir='ltr'><strong>chtv</strong></span> <span class='ocrx_word' id='word_1_102' title='bbox 1728 1455 1936 1522; x_wconf 78' lang='lat' dir='ltr'><strong>psalmo</strong></span> 
     </span>
    </p>
   </div>
   <div class='ocr_carea' id='block_1_15' title="bbox 2027 639 3610 715">
    <p class='ocr_par' dir='ltr' id='par_1_15' title="bbox 2027 639 3610 715">
     <span class='ocr_line' id='line_1_15' title="bbox 2027 639 3610 715; baseline 0.004 -26"><span class='ocrx_word' id='word_1_103' title='bbox 2027 641 2303 710; x_wconf 78' lang='grc' dir='ltr'><strong>γνώριμον</strong></span> <span class='ocrx_word' id='word_1_104' title='bbox 2331 639 2574 709; x_wconf 84' lang='grc' dir='ltr'>γένηται,</span> <span class='ocrx_word' id='word_1_105' title='bbox 2611 643 2685 706; x_wconf 86' lang='grc' dir='ltr'>ὼς</span> <span class='ocrx_word' id='word_1_106' title='bbox 2705 645 2803 714; x_wconf 81' lang='grc' dir='ltr'><strong>τῆς</strong></span> <span class='ocrx_word' id='word_1_107' title='bbox 2829 643 3141 714; x_wconf 81' lang='grc' dir='ltr'>ἁπανταχοῦ</span> <span class='ocrx_word' id='word_1_108' title='bbox 3173 644 3454 715; x_wconf 79' lang='grc' dir='ltr'><strong>παρούσης</strong></span> <span class='ocrx_word' id='word_1_109' title='bbox 3481 648 3610 714; x_wconf 71' lang='grc' dir='ltr'>μιὲἰς</span> 
     </span>
    </p>
   </div>
   <div class='ocr_carea' id='block_1_16' title="bbox 2029 729 3613 805">
    <p class='ocr_par' dir='ltr' id='par_1_16' title="bbox 2029 729 3613 805">
     <span class='ocr_line' id='line_1_16' title="bbox 2029 729 3613 805; baseline 0.004 -24"><span class='ocrx_word' id='word_1_110' title='bbox 2029 729 2257 800; x_wconf 81' lang='grc' dir='ltr'>ἀπείρου</span> <span class='ocrx_word' id='word_1_111' title='bbox 2295 730 2508 796; x_wconf 81' lang='grc' dir='ltr'>φύσεως</span> <span class='ocrx_word' id='word_1_112' title='bbox 2546 733 2641 784; x_wconf 75' lang='grc' dir='ltr'><strong>καὶ</strong></span> <span class='ocrx_word' id='word_1_113' title='bbox 2687 736 2742 786; x_wconf 74' lang='grc' dir='ltr'>αἱ</span> <span class='ocrx_word' id='word_1_114' title='bbox 2791 735 2987 787; x_wconf 79' lang='grc' dir='ltr'>τοιαίδε</span> <span class='ocrx_word' id='word_1_115' title='bbox 3038 733 3334 805; x_wconf 83' lang='grc' dir='ltr'>μαρτυρίαι</span> <span class='ocrx_word' id='word_1_116' title='bbox 3380 735 3613 803; x_wconf 73' lang='grc' dir='ltr'>ἀποφαί-</span> 
     </span>
    </p>
   </div>
   <div class='ocr_carea' id='block_1_17' title="bbox 2028 821 3613 897">
    <p class='ocr_par' dir='ltr' id='par_1_17' title="bbox 2028 821 3613 897">
     <span class='ocr_line' id='line_1_17' title="bbox 2028 821 3613 897; baseline 0.004 -26"><span class='ocrx_word' id='word_1_117' title='bbox 2028 836 2207 872; x_wconf 83' lang='grc' dir='ltr'>νουσιν</span> <span class='ocrx_word' id='word_1_118' title='bbox 2238 821 2388 885; x_wconf 77' lang='grc' dir='ltr'>αύτὸ,</span> <span class='ocrx_word' id='word_1_119' title='bbox 2421 821 2487 874; x_wconf 73' lang='grc' dir='ltr'>τὰ</span> <span class='ocrx_word' id='word_1_120' title='bbox 2523 822 2613 875; x_wconf 88' lang='grc' dir='ltr'><strong>ίσα</strong></span> <span class='ocrx_word' id='word_1_121' title='bbox 2645 825 2953 895; x_wconf 78' lang='grc' dir='ltr'>παρέδοσαν</span> <span class='ocrx_word' id='word_1_122' title='bbox 3005 825 3134 896; x_wconf 73' lang='grc' dir='ltr'>περὶ</span> <span class='ocrx_word' id='word_1_123' title='bbox 3165 827 3430 897; x_wconf 75' lang='grc' dir='ltr'>ἑκατέρας</span> <span class='ocrx_word' id='word_1_124' title='bbox 3471 828 3613 896; x_wconf 87' lang='grc' dir='ltr'>ἀκη-</span> 
     </span>
    </p>
   </div>
   <div class='ocr_carea' id='block_1_18' title="bbox 2031 911 3614 986">
    <p class='ocr_par' dir='ltr' id='par_1_18' title="bbox 2031 911 3614 986">
     <span class='ocr_line' id='line_1_18' title="bbox 2031 911 3614 986; baseline 0.004 -24"><span class='ocrx_word' id='word_1_125' title='bbox 2031 911 2194 980; x_wconf 88' lang='grc' dir='ltr'>ράτου</span> <span class='ocrx_word' id='word_1_126' title='bbox 2255 911 2622 975; x_wconf 79' lang='grc' dir='ltr'>ὑποστάσεως·</span> <span class='ocrx_word' id='word_1_127' title='bbox 2655 914 2923 986; x_wconf 81' lang='grc' dir='ltr'>Ἱερεμίας</span> <span class='ocrx_word' id='word_1_128' title='bbox 2957 914 3056 985; x_wconf 82' lang='grc' dir='ltr'>μὲν</span> <span class='ocrx_word' id='word_1_129' title='bbox 3093 913 3455 986; x_wconf 79' lang='grc' dir='ltr'>ἐξηγούμενος</span> <span class='ocrx_word' id='word_1_130' title='bbox 3504 916 3614 969; x_wconf 84' lang='grc' dir='ltr'>ἀπὸ</span> 
     </span>
    </p>
   </div>
   <div class='ocr_carea' id='block_1_19' title="bbox 2029 1002 3613 1079">
    <p class='ocr_par' dir='ltr' id='par_1_19' title="bbox 2029 1002 3613 1079">
     <span class='ocr_line' id='line_1_19' title="bbox 2029 1002 3613 1079; baseline 0.004 -25"><span class='ocrx_word' id='word_1_131' title='bbox 2029 1002 2121 1054; x_wconf 83' lang='grc' dir='ltr'>τοῦ</span> <span class='ocrx_word' id='word_1_132' title='bbox 2162 1002 2298 1056; x_wconf 81' lang='grc' dir='ltr'>Θεοῦ</span> <span class='ocrx_word' id='word_1_133' title='bbox 2346 1006 2440 1057; x_wconf 73' lang='grc' dir='ltr'><strong>καὶ</strong></span> <span class='ocrx_word' id='word_1_134' title='bbox 2478 1006 2711 1076; x_wconf 83' lang='grc' dir='ltr'>Πατρός·</span> <span class='ocrx_word' id='word_1_135' title='bbox 2767 1025 2786 1059; x_wconf 81' lang='grc' dir='ltr'><strong>ι</strong></span> <span class='ocrx_word' id='word_1_136' title='bbox 2827 1009 2930 1062; x_wconf 78' lang='grc' dir='ltr'>Τὸν</span> <span class='ocrx_word' id='word_1_137' title='bbox 2957 1007 3187 1079; x_wconf 76' lang='grc' dir='ltr'>οὐρανὸν</span> <span class='ocrx_word' id='word_1_138' title='bbox 3225 1008 3320 1061; x_wconf 77' lang='grc' dir='ltr'><strong>καὶ</strong></span> <span class='ocrx_word' id='word_1_139' title='bbox 3364 1009 3465 1078; x_wconf 88' lang='grc' dir='ltr'>τὴν</span> <span class='ocrx_word' id='word_1_140' title='bbox 3507 1007 3613 1077; x_wconf 84' lang='grc' dir='ltr'>γῆν</span> 
     </span>
    </p>
   </div>
   <div class='ocr_carea' id='block_1_20' title="bbox 2030 1093 3615 1171">
    <p class='ocr_par' dir='ltr' id='par_1_20' title="bbox 2030 1093 3615 1171">
     <span class='ocr_line' id='line_1_20' title="bbox 2030 1093 3615 1171; baseline 0.006 -26"><span class='ocrx_word' id='word_1_141' title='bbox 2030 1093 2141 1162; x_wconf 82' lang='grc' dir='ltr'>ἐγὼ</span> <span class='ocrx_word' id='word_1_142' title='bbox 2179 1095 2392 1167; x_wconf 79' lang='grc' dir='ltr'>πληρῶ,</span> <span class='ocrx_word' id='word_1_143' title='bbox 2423 1097 2570 1166; x_wconf 80' lang='grc' dir='ltr'>λέγει</span> <span class='ocrx_word' id='word_1_144' title='bbox 2601 1099 2826 1169; x_wconf 74' lang='grc' dir='ltr'>Κύριος*</span> <span class='ocrx_word' id='word_1_145' title='bbox 2873 1121 2891 1153; x_wconf 80' lang='grc' dir='ltr'><strong>ι</strong></span> <span class='ocrx_word' id='word_1_146' title='bbox 2913 1099 3075 1153; x_wconf 81' lang='grc' dir='ltr'>Δαυῖδ</span> <span class='ocrx_word' id='word_1_147' title='bbox 3111 1099 3168 1152; x_wconf 82' lang='grc' dir='ltr'>δὲ</span> <span class='ocrx_word' id='word_1_148' title='bbox 3213 1101 3340 1171; x_wconf 78' lang='grc' dir='ltr'>περὶ</span> <span class='ocrx_word' id='word_1_149' title='bbox 3363 1101 3457 1154; x_wconf 82' lang='grc' dir='ltr'>τοῦ</span> <span class='ocrx_word' id='word_1_150' title='bbox 3481 1099 3615 1154; x_wconf 80' lang='grc' dir='ltr'>Υἰοΰ</span> 
     </span>
    </p>
   </div>
   <div class='ocr_carea' id='block_1_21' title="bbox 2031 1187 3616 1266">
    <p class='ocr_par' dir='ltr' id='par_1_21' title="bbox 2031 1187 3616 1266">
     <span class='ocr_line' id='line_1_21' title="bbox 2031 1187 3616 1266; baseline 0.006 -29"><span class='ocrx_word' id='word_1_151' title='bbox 2031 1187 2088 1238; x_wconf 81' lang='grc' dir='ltr'>ἐν</span> <span class='ocrx_word' id='word_1_152' title='bbox 2113 1187 2233 1258; x_wconf 82' lang='grc' dir='ltr'>ρμδ¹</span> <span class='ocrx_word' id='word_1_153' title='bbox 2253 1189 2455 1260; x_wconf 79' lang='grc' dir='ltr'>ψαλμῴ</span> <span class='ocrx_word' id='word_1_154' title='bbox 2497 1191 2756 1246; x_wconf 73' lang='grc' dir='ltr'>κελαδῶν·</span> <span class='ocrx_word' id='word_1_155' title='bbox 2795 1212 2814 1245; x_wconf 77' lang='grc' dir='ltr'><strong>ι</strong></span> <span class='ocrx_word' id='word_1_156' title='bbox 2851 1194 2959 1246; x_wconf 79' lang='grc' dir='ltr'>Καὶ</span> <span class='ocrx_word' id='word_1_157' title='bbox 2979 1194 3075 1264; x_wconf 83' lang='grc' dir='ltr'><strong>τῆς</strong></span> <span class='ocrx_word' id='word_1_158' title='bbox 3099 1194 3490 1266; x_wconf 83' lang='grc' dir='ltr'>μεγαλωσύνης</span> <span class='ocrx_word' id='word_1_159' title='bbox 3516 1197 3616 1248; x_wconf 82' lang='grc' dir='ltr'><strong>αὑ-</strong></span> 
     </span>
    </p>
   </div>
   <div class='ocr_carea' id='block_1_22' title="bbox 2037 1279 3617 1358">
    <p class='ocr_par' dir='ltr' id='par_1_22' title="bbox 2037 1279 3617 1358">
     <span class='ocr_line' id='line_1_22' title="bbox 2037 1279 3617 1358; baseline 0.007 -27"><span class='ocrx_word' id='word_1_160' title='bbox 2037 1279 2126 1332; x_wconf 82' lang='grc' dir='ltr'>τοῦ</span> <span class='ocrx_word' id='word_1_161' title='bbox 2163 1281 2265 1332; x_wconf 75' lang='grc' dir='ltr'>οὐκ</span> <span class='ocrx_word' id='word_1_162' title='bbox 2295 1280 2443 1358; x_wconf 76' lang='grc' dir='ltr'>ἐστιν</span> <span class='ocrx_word' id='word_1_163' title='bbox 2462 1282 2655 1356; x_wconf 82' lang='grc' dir='ltr'>πέρας·</span> <span class='ocrx_word' id='word_1_164' title='bbox 2685 1303 2702 1334; x_wconf 80' lang='grc' dir='ltr'><strong>ι</strong></span> <span class='ocrx_word' id='word_1_165' title='bbox 2739 1284 2952 1346; x_wconf 81' lang='grc' dir='ltr'>Παῦλος</span> <span class='ocrx_word' id='word_1_166' title='bbox 2979 1284 3037 1337; x_wconf 82' lang='grc' dir='ltr'>δὲ</span> <span class='ocrx_word' id='word_1_167' title='bbox 3056 1284 3337 1355; x_wconf 77' lang='grc' dir='ltr'>κηρύττων</span> <span class='ocrx_word' id='word_1_168' title='bbox 3362 1286 3492 1356; x_wconf 80' lang='grc' dir='ltr'><strong>περὶ</strong></span> <span class='ocrx_word' id='word_1_169' title='bbox 3522 1287 3617 1342; x_wconf 82' lang='grc' dir='ltr'><strong>τοῦ</strong></span> 
     </span>
    </p>
   </div>
   <div class='ocr_carea' id='block_1_23' title="bbox 2041 1370 3619 1450">
    <p class='ocr_par' dir='ltr' id='par_1_23' title="bbox 2041 1370 3619 1450">
     <span class='ocr_line' id='line_1_23' title="bbox 2041 1370 3619 1450; baseline 0.005 -28"><span class='ocrx_word' id='word_1_170' title='bbox 2041 1370 2227 1423; x_wconf 82' lang='grc' dir='ltr'>αὑτοῦ·</span> <span class='ocrx_word' id='word_1_171' title='bbox 2269 1391 2287 1423; x_wconf 81' lang='grc' dir='ltr'><strong>ι</strong></span> <span class='ocrx_word' id='word_1_172' title='bbox 2339 1372 2396 1426; x_wconf 79' lang='grc' dir='ltr'>Ὀ</span> <span class='ocrx_word' id='word_1_173' title='bbox 2419 1374 2661 1438; x_wconf 75' lang='grc' dir='ltr'>καταϐὰς</span> <span class='ocrx_word' id='word_1_174' title='bbox 2712 1375 2877 1438; x_wconf 78' lang='grc' dir='ltr'>αὑτός</span> <span class='ocrx_word' id='word_1_175' title='bbox 2908 1376 3056 1427; x_wconf 76' lang='grc' dir='ltr'>ἐστιν</span> <span class='ocrx_word' id='word_1_176' title='bbox 3079 1375 3173 1427; x_wconf 74' lang='grc' dir='ltr'><strong>καὶ</strong></span> <span class='ocrx_word' id='word_1_177' title='bbox 3196 1377 3224 1427; x_wconf 89' lang='grc' dir='ltr'>ὁ</span> <span class='ocrx_word' id='word_1_178' title='bbox 3250 1376 3456 1439; x_wconf 78' lang='grc' dir='ltr'>ἀναϐὰς</span> <span class='ocrx_word' id='word_1_179' title='bbox 3475 1379 3619 1450; x_wconf 79' lang='grc' dir='ltr'>ὑπὲρ</span> 
     </span>
    </p>
   </div>
   <div class='ocr_carea' id='block_1_24' title="bbox 2035 1461 3614 1538">
    <p class='ocr_par' dir='ltr' id='par_1_24' title="bbox 2035 1461 3614 1538">
     <span class='ocr_line' id='line_1_24' title="bbox 2035 1461 3614 1538; baseline 0.006 -23"><span class='ocrx_word' id='word_1_180' title='bbox 2035 1461 2148 1515; x_wconf 82' lang='grc' dir='ltr'>ἄνω</span> <span class='ocrx_word' id='word_1_181' title='bbox 2173 1462 2391 1516; x_wconf 89' lang='grc' dir='ltr'>πάντων</span> <span class='ocrx_word' id='word_1_182' title='bbox 2419 1465 2527 1516; x_wconf 91' lang='grc' dir='ltr'><strong>τῶν</strong></span> <span class='ocrx_word' id='word_1_183' title='bbox 2553 1465 2821 1536; x_wconf 74' lang='grc' dir='ltr'>οὐρανῶν,</span> <span class='ocrx_word' id='word_1_184' title='bbox 2850 1467 2937 1519; x_wconf 80' lang='grc' dir='ltr'>ἵνα</span> <span class='ocrx_word' id='word_1_185' title='bbox 2967 1465 3233 1538; x_wconf 77' lang='grc' dir='ltr'>πληρώσῃ</span> <span class='ocrx_word' id='word_1_186' title='bbox 3257 1466 3325 1519; x_wconf 76' lang='grc' dir='ltr'><strong>τὰ</strong></span> <span class='ocrx_word' id='word_1_187' title='bbox 3359 1469 3553 1524; x_wconf 91' lang='grc' dir='ltr'>πάντα.</span> <span class='ocrx_word' id='word_1_188' title='bbox 3593 1489 3614 1523; x_wconf 71' lang='grc' dir='ltr'><strong>ι</strong></span> 
     </span>
    </p>
   </div>
   <div class='ocr_carea' id='block_1_25' title="bbox 359 1542 3618 1634">
    <p class='ocr_par' dir='ltr' id='par_1_25' title="bbox 359 1542 3618 1634">
     <span class='ocr_line' id='line_1_25' title="bbox 359 1542 3618 1634; baseline 0.007 -42"><span class='ocrx_word' id='word_1_189' title='bbox 359 1543 590 1634; x_wconf 78' lang='lat' dir='ltr'><strong>rlantat:</strong></span> <span class='ocrx_word' id='word_1_190' title='bbox 625 1561 643 1594; x_wconf 78' lang='grc' dir='ltr'><strong>ι</strong></span> <span class='ocrx_word' id='word_1_191' title='bbox 674 1543 734 1595; x_wconf 85' lang='grc' dir='ltr'>Ει</span> <span class='ocrx_word' id='word_1_192' title='bbox 761 1542 872 1613; x_wconf 78' lang='grc' dir='ltr'><strong>(Η)</strong></span> <span class='ocrx_word' id='word_1_193' title='bbox 898 1543 1281 1612; x_wconf 75' lang='lat' dir='ltr'><strong>magnitudinis</strong></span> <span class='ocrx_word' id='word_1_194' title='bbox 1308 1543 1426 1614; x_wconf 81' lang='lat' dir='ltr'><strong>ejus</strong></span> <span class='ocrx_word' id='word_1_195' title='bbox 1465 1560 1568 1599; x_wconf 92' lang='lat' dir='ltr'><strong>non</strong></span> <span class='ocrx_word' id='word_1_196' title='bbox 1604 1556 1689 1601; x_wconf 90' lang='lat' dir='ltr'><strong>est</strong></span> <span class='ocrx_word' id='word_1_197' title='bbox 1722 1547 1877 1612; x_wconf 86' lang='lat' dir='ltr'><strong>linis;</strong></span> <span class='ocrx_word' id='word_1_198' title='bbox 1903 1567 1922 1600; x_wconf 75' lang='grc' dir='ltr'><strong>ι</strong></span> <span class='ocrx_word' id='word_1_199' title='bbox 1956 1549 2151 1608; x_wconf 79' lang='lat' dir='ltr'><strong>Paulus</strong></span> <span class='ocrx_word' id='word_1_200' title='bbox 2180 1567 2359 1609; x_wconf 87' lang='lat' dir='ltr'><strong>autem</strong></span> <span class='ocrx_word' id='word_1_201' title='bbox 2391 1560 2643 1627; x_wconf 71' lang='lat' dir='ltr'><strong>praedicat</strong></span> <span class='ocrx_word' id='word_1_202' title='bbox 2669 1561 2734 1616; x_wconf 87' lang='lat' dir='ltr'><strong>de</strong></span> <span class='ocrx_word' id='word_1_203' title='bbox 2753 1560 2941 1614; x_wconf 87' lang='lat' dir='ltr'><strong>eodem</strong></span> <span class='ocrx_word' id='word_1_204' title='bbox 2969 1577 2983 1613; x_wconf 88' lang='lat'><strong>:</strong></span> <span class='ocrx_word' id='word_1_205' title='bbox 3013 1578 3031 1611; x_wconf 85' lang='grc' dir='ltr'><strong>ι</strong></span> <span class='ocrx_word' id='word_1_206' title='bbox 3055 1557 3157 1624; x_wconf 86' lang='lat' dir='ltr'><strong>Qui</strong></span> <span class='ocrx_word' id='word_1_207' title='bbox 3192 1560 3618 1634; x_wconf 63' lang='lat' dir='ltr'><strong>descendit(42),</strong></span> 
     </span>
    </p>
   </div>
   <div class='ocr_carea' id='block_1_26' title="bbox 359 1633 2419 1711">
    <p class='ocr_par' dir='ltr' id='par_1_26' title="bbox 359 1633 2419 1711">
     <span class='ocr_line' id='line_1_26' title="bbox 359 1633 2419 1711; baseline 0.006 -25"><span class='ocrx_word' id='word_1_208' title='bbox 359 1633 474 1700; x_wconf 86' lang='lat' dir='ltr'><strong>ipse</strong></span> <span class='ocrx_word' id='word_1_209' title='bbox 527 1643 609 1687; x_wconf 86' lang='lat' dir='ltr'><strong>est</strong></span> <span class='ocrx_word' id='word_1_210' title='bbox 637 1643 690 1688; x_wconf 91' lang='lat' dir='ltr'><strong>et</strong></span> <span class='ocrx_word' id='word_1_211' title='bbox 719 1635 812 1704; x_wconf 89' lang='lat' dir='ltr'><strong>qui</strong></span> <span class='ocrx_word' id='word_1_212' title='bbox 842 1634 1087 1689; x_wconf 85' lang='lat' dir='ltr'><strong>ascendit</strong></span> <span class='ocrx_word' id='word_1_213' title='bbox 1117 1649 1281 1704; x_wconf 89' lang='lat' dir='ltr'><strong>super</strong></span> <span class='ocrx_word' id='word_1_214' title='bbox 1329 1650 1518 1691; x_wconf 88' lang='lat' dir='ltr'><strong>omnes</strong></span> <span class='ocrx_word' id='word_1_215' title='bbox 1554 1637 1743 1703; x_wconf 76' lang='lat' dir='ltr'><strong>cmlos,</strong></span> <span class='ocrx_word' id='word_1_216' title='bbox 1790 1647 1849 1692; x_wconf 91' lang='lat' dir='ltr'><strong>ut</strong></span> <span class='ocrx_word' id='word_1_217' title='bbox 1884 1639 2132 1711; x_wconf 85' lang='lat' dir='ltr'><strong>impleret</strong></span> <span class='ocrx_word' id='word_1_218' title='bbox 2164 1647 2366 1701; x_wconf 84' lang='lat' dir='ltr'><strong>omnia.</strong></span> <span class='ocrx_word' id='word_1_219' title='bbox 2401 1665 2419 1699; x_wconf 83' lang='grc'>›</span> 
     </span>
    </p>
   </div>
   <div class='ocr_carea' id='block_1_27' title="bbox 431 1747 1949 1840">
    <p class='ocr_par' dir='ltr' id='par_1_27' title="bbox 431 1747 1929 1823">
     <span class='ocr_line' id='line_1_27' title="bbox 431 1747 1929 1823; baseline 0.006 -21"><span class='ocrx_word' id='word_1_220' title='bbox 431 1747 519 1802; x_wconf 94' lang='lat' dir='ltr'><strong>lll.</strong></span> <span class='ocrx_word' id='word_1_221' title='bbox 559 1747 818 1802; x_wconf 89' lang='lat' dir='ltr'><strong>Creatura</strong></span> <span class='ocrx_word' id='word_1_222' title='bbox 850 1763 955 1802; x_wconf 91' lang='lat' dir='ltr'><strong>non</strong></span> <span class='ocrx_word' id='word_1_223' title='bbox 995 1757 1081 1803; x_wconf 83' lang='lat' dir='ltr'><strong>est</strong></span> <span class='ocrx_word' id='word_1_224' title='bbox 1119 1749 1443 1818; x_wconf 88' lang='lat' dir='ltr'><strong>simpliciter</strong></span> <span class='ocrx_word' id='word_1_225' title='bbox 1481 1750 1929 1823; x_wconf 86' lang='lat' dir='ltr'><strong>iucorruptibilis,</strong></span> 
     </span>
    </p>
   </div>
   <div class='ocr_carea' id='block_1_28' title="bbox 2051 1747 3618 1840">
    <p class='ocr_par' dir='ltr' id='par_1_28' title="bbox 2106 1762 3618 1840">
     <span class='ocr_line' id='line_1_28' title="bbox 2106 1762 3618 1840; baseline 0.007 -25"><span class='ocrx_word' id='word_1_226' title='bbox 2106 1762 2177 1815; x_wconf 78' lang='lat' dir='ltr'><strong>l&quot;.</strong></span> <span class='ocrx_word' id='word_1_227' title='bbox 2225 1763 2288 1816; x_wconf 88' lang='lat' dir='ltr'><strong>&#39;H</strong></span> <span class='ocrx_word' id='word_1_228' title='bbox 2325 1765 2503 1828; x_wconf 82' lang='grc' dir='ltr'>κτίσις</span> <span class='ocrx_word' id='word_1_229' title='bbox 2540 1766 2641 1818; x_wconf 80' lang='grc' dir='ltr'><strong>οὐκ</strong></span> <span class='ocrx_word' id='word_1_230' title='bbox 2676 1765 2951 1838; x_wconf 80' lang='grc' dir='ltr'>ἄφθαρτος</span> <span class='ocrx_word' id='word_1_231' title='bbox 2985 1769 3237 1840; x_wconf 79' lang='grc' dir='ltr'>καθάπαξ</span> <span class='ocrx_word' id='word_1_232' title='bbox 3287 1773 3455 1826; x_wconf 78' lang='grc' dir='ltr'>ἐστίν·</span> <span class='ocrx_word' id='word_1_233' title='bbox 3485 1772 3618 1825; x_wconf 75' lang='grc' dir='ltr'>ἀλλὰ</span> 
     </span>
    </p>
   </div>
   <div class='ocr_carea' id='block_1_29' title="bbox 358 1843 1932 1917">
    <p class='ocr_par' dir='ltr' id='par_1_29' title="bbox 358 1843 1932 1917">
     <span class='ocr_line' id='line_1_29' title="bbox 358 1843 1932 1917; baseline 0.004 -18"><span class='ocrx_word' id='word_1_234' title='bbox 358 1846 453 1899; x_wconf 82' lang='lat' dir='ltr'><strong>sed</strong></span> <span class='ocrx_word' id='word_1_235' title='bbox 482 1843 818 1913; x_wconf 85' lang='lat' dir='ltr'><strong>corruptioni</strong></span> <span class='ocrx_word' id='word_1_236' title='bbox 845 1844 1102 1909; x_wconf 80' lang='lat' dir='ltr'><strong>obnoxia,</strong></span> <span class='ocrx_word' id='word_1_237' title='bbox 1129 1845 1182 1900; x_wconf 88' lang='lat' dir='ltr'><strong>id</strong></span> <span class='ocrx_word' id='word_1_238' title='bbox 1231 1855 1334 1910; x_wconf 90' lang='lat' dir='ltr'><strong>est,</strong></span> <span class='ocrx_word' id='word_1_239' title='bbox 1375 1848 1737 1912; x_wconf 88' lang='lat' dir='ltr'><strong>conversioni,</strong></span> <span class='ocrx_word' id='word_1_240' title='bbox 1771 1866 1932 1917; x_wconf 65' lang='lat' dir='ltr'><strong>quam</strong></span> 
     </span>
    </p>
   </div>
   <div class='ocr_carea' id='block_1_30' title="bbox 361 1935 1933 2010">
    <p class='ocr_par' dir='ltr' id='par_1_30' title="bbox 361 1935 1933 2010">
     <span class='ocr_line' id='line_1_30' title="bbox 361 1935 1933 2010; baseline 0.008 -26"><span class='ocrx_word' id='word_1_241' title='bbox 361 1935 594 1988; x_wconf 84' lang='lat' dir='ltr'><strong>dicimus</strong></span> <span class='ocrx_word' id='word_1_242' title='bbox 624 1935 784 1988; x_wconf 89' lang='lat' dir='ltr'><strong>etiam</strong></span> <span class='ocrx_word' id='word_1_243' title='bbox 816 1937 1170 1990; x_wconf 69' lang='lat' dir='ltr'><strong>mutationem</strong></span> <span class='ocrx_word' id='word_1_244' title='bbox 1197 1951 1214 2000; x_wconf 87' lang='lat'><strong>;</strong></span> <span class='ocrx_word' id='word_1_245' title='bbox 1246 1938 1386 1990; x_wconf 90' lang='lat' dir='ltr'><strong>sicut</strong></span> <span class='ocrx_word' id='word_1_246' title='bbox 1414 1940 1695 2007; x_wconf 82' lang='lat' dir='ltr'><strong>prophetia</strong></span> <span class='ocrx_word' id='word_1_247' title='bbox 1723 1941 1933 2010; x_wconf 87' lang='lat' dir='ltr'><strong>inquit:</strong></span> 
     </span>
    </p>
   </div>
   <div class='ocr_carea' id='block_1_31' title="bbox 363 2025 1935 2102">
    <p class='ocr_par' dir='ltr' id='par_1_31' title="bbox 363 2025 1935 2102">
     <span class='ocr_line' id='line_1_31' title="bbox 363 2025 1935 2102; baseline 0.006 -24"><span class='ocrx_word' id='word_1_248' title='bbox 363 2047 382 2078; x_wconf 78' lang='grc' dir='ltr'><strong>ι</strong></span> <span class='ocrx_word' id='word_1_249' title='bbox 421 2025 780 2097; x_wconf 71' lang='grc' dir='ltr'>ιεἰιυὶοιιεμό)</span> <span class='ocrx_word' id='word_1_250' title='bbox 823 2030 1006 2082; x_wconf 87' lang='lat' dir='ltr'><strong>omnia</strong></span> <span class='ocrx_word' id='word_1_251' title='bbox 1030 2069 1046 2093; x_wconf 96' lang='lat'><strong>,</strong></span> <span class='ocrx_word' id='word_1_252' title='bbox 1091 2040 1147 2084; x_wconf 90' lang='lat' dir='ltr'><strong>et</strong></span> <span class='ocrx_word' id='word_1_253' title='bbox 1188 2039 1556 2085; x_wconf 91' lang='lat' dir='ltr'><strong>transmutans</strong></span> <span class='ocrx_word' id='word_1_254' title='bbox 1616 2033 1750 2102; x_wconf 87' lang='lat' dir='ltr'><strong>ipsa.</strong></span> <span class='ocrx_word' id='word_1_255' title='bbox 1785 2051 1804 2085; x_wconf 78' lang='grc' dir='ltr'><strong>ι</strong></span> <span class='ocrx_word' id='word_1_256' title='bbox 1838 2033 1935 2089; x_wconf 89' lang='lat' dir='ltr'><strong>Cui</strong></span> 
     </span>
    </p>
   </div>
   <div class='ocr_carea' id='block_1_32' title="bbox 360 2118 1939 2194">
    <p class='ocr_par' dir='ltr' id='par_1_32' title="bbox 360 2118 1939 2194">
     <span class='ocr_line' id='line_1_32' title="bbox 360 2118 1939 2194; baseline 0.004 -21"><span class='ocrx_word' id='word_1_257' title='bbox 360 2118 797 2174; x_wconf 86' lang='lat' dir='ltr'><strong>obsecundantes</strong></span> <span class='ocrx_word' id='word_1_258' title='bbox 856 2118 928 2171; x_wconf 90' lang='lat' dir='ltr'><strong>illi</strong></span> <span class='ocrx_word' id='word_1_259' title='bbox 970 2120 1133 2174; x_wconf 87' lang='lat' dir='ltr'><strong>etiam</strong></span> <span class='ocrx_word' id='word_1_260' title='bbox 1175 2123 1267 2190; x_wconf 88' lang='lat' dir='ltr'><strong>qui</strong></span> <span class='ocrx_word' id='word_1_261' title='bbox 1314 2137 1346 2174; x_wconf 92' lang='lat' dir='ltr'><strong>a</strong></span> <span class='ocrx_word' id='word_1_262' title='bbox 1398 2120 1638 2190; x_wconf 81' lang='lat' dir='ltr'><strong>profanis</strong></span> <span class='ocrx_word' id='word_1_263' title='bbox 1667 2125 1939 2194; x_wconf 85' lang='lat' dir='ltr'><strong>sapientes</strong></span> 
     </span>
    </p>
   </div>
   <div class='ocr_carea' id='block_1_33' title="bbox 362 2210 992 2282">
    <p class='ocr_par' dir='ltr' id='par_1_33' title="bbox 362 2210 992 2282">
     <span class='ocr_line' id='line_1_33' title="bbox 362 2210 992 2282; baseline -0.002 -18"><span class='ocrx_word' id='word_1_264' title='bbox 362 2210 646 2272; x_wconf 80' lang='lat' dir='ltr'><strong>habentur,</strong></span> <span class='ocrx_word' id='word_1_265' title='bbox 669 2211 817 2264; x_wconf 88' lang='lat' dir='ltr'><strong>aiunt</strong></span> <span class='ocrx_word' id='word_1_266' title='bbox 857 2210 992 2282; x_wconf 70' lang='grc' dir='ltr'>(ιιιε</span> 
     </span>
    </p>
   </div>
   <div class='ocr_carea' id='block_1_34' title="bbox 361 2299 1938 2446">
    <p class='ocr_par' dir='ltr' id='par_1_34' title="bbox 361 2299 1938 2446">
     <span class='ocr_line' id='line_1_34' title="bbox 361 2299 1938 2446; baseline 0.004 -94"><span class='ocrx_word' id='word_1_267' title='bbox 361 2299 487 2369; x_wconf 75' lang='lat' dir='ltr'><strong>Ipsa</strong></span> <span class='ocrx_word' id='word_1_268' title='bbox 525 2302 806 2355; x_wconf 78' lang='lat' dir='ltr'><strong>dissolvens</strong></span> <span class='ocrx_word' id='word_1_269' title='bbox 834 2303 887 2355; x_wconf 83' lang='lat' dir='ltr'><strong>in</strong></span> <span class='ocrx_word' id='word_1_270' title='bbox 921 2302 1161 2370; x_wconf 77' lang='lat' dir='ltr'><strong>ipsumet,</strong></span> <span class='ocrx_word' id='word_1_271' title='bbox 1186 2313 1232 2356; x_wconf 85' lang='lat' dir='ltr'><strong>et</strong></span> <span class='ocrx_word' id='word_1_272' title='bbox 1273 2317 1339 2357; x_wconf 81' lang='lat' dir='ltr'><strong>ea:</strong></span> <span class='ocrx_word' id='word_1_273' title='bbox 1377 2301 1842 2446; x_wconf 68' lang='lat' dir='ltr'><strong>ipsismet[rttrstts</strong></span> <span class='ocrx_word' id='word_1_274' title='bbox 1878 2321 1938 2358; x_wconf 81' lang='lat' dir='ltr'><strong>eu</strong></span> 
     </span>
     <span class='ocr_line' id='line_1_35' title="bbox 577 2390 1864 2444; baseline 0.009 -31"><span class='ocrx_word' id='word_1_275' title='bbox 577 2407 586 2413; x_wconf 82' lang='lat'><strong>.</strong></span> <span class='ocrx_word' id='word_1_276' title='bbox 1651 2390 1864 2444; x_wconf 75' lang='lat' dir='ltr'><strong>augens.</strong></span> 
     </span>
    </p>
   </div>
   <div class='ocr_carea' id='block_1_35' title="bbox 577 2390 1864 2444">
    <p class='ocr_par' dir='ltr' id='par_1_35' title="bbox 577 2390 1864 2444">
     <span class='ocr_line' id='line_1_36' title="bbox 577 2390 1864 2444; baseline 0.009 -31"><span class='ocrx_word' id='word_1_277' title='bbox 577 2407 586 2413; x_wconf 83' lang='lat'><strong>.</strong></span> <span class='ocrx_word' id='word_1_278' title='bbox 1627 2390 1864 2444; x_wconf 69' lang='lat' dir='ltr'><strong>laugens.</strong></span> 
     </span>
    </p>
   </div>
   <div class='ocr_carea' id='block_1_36' title="bbox 433 2459 1936 2535">
    <p class='ocr_par' dir='ltr' id='par_1_36' title="bbox 433 2459 1936 2535">
     <span class='ocr_line' id='line_1_37' title="bbox 433 2459 1936 2535; baseline 0.003 -21"><span class='ocrx_word' id='word_1_279' title='bbox 433 2459 566 2514; x_wconf 87' lang='lat' dir='ltr'><strong>Nam</strong></span> <span class='ocrx_word' id='word_1_280' title='bbox 597 2461 915 2531; x_wconf 85' lang='lat' dir='ltr'><strong>incorporea</strong></span> <span class='ocrx_word' id='word_1_281' title='bbox 951 2462 1232 2518; x_wconf 87' lang='lat' dir='ltr'><strong>rationalis</strong></span> <span class='ocrx_word' id='word_1_282' title='bbox 1260 2472 1533 2531; x_wconf 84' lang='lat' dir='ltr'><strong>creatura,</strong></span> <span class='ocrx_word' id='word_1_283' title='bbox 1573 2466 1751 2535; x_wconf 83' lang='lat' dir='ltr'><strong>qand</strong></span> <span class='ocrx_word' id='word_1_284' title='bbox 1783 2464 1936 2535; x_wconf 76' lang='lat'><strong>151</strong></span> 
     </span>
    </p>
   </div>
   <div class='ocr_carea' id='block_1_37' title="bbox 364 2555 1942 2624">
    <p class='ocr_par' dir='ltr' id='par_1_37' title="bbox 364 2555 1942 2624">
     <span class='ocr_line' id='line_1_38' title="bbox 364 2555 1942 2624; baseline 0.004 -22"><span class='ocrx_word' id='word_1_285' title='bbox 364 2555 696 2608; x_wconf 76' lang='lat' dir='ltr'><strong>voluntatem</strong></span> <span class='ocrx_word' id='word_1_286' title='bbox 735 2555 1099 2624; x_wconf 89' lang='lat' dir='ltr'><strong>corruptionis</strong></span> <span class='ocrx_word' id='word_1_287' title='bbox 1157 2570 1350 2621; x_wconf 81' lang='lat' dir='ltr'><strong>expers</strong></span> <span class='ocrx_word' id='word_1_288' title='bbox 1381 2564 1618 2620; x_wconf 88' lang='lat' dir='ltr'><strong>nonest,</strong></span> <span class='ocrx_word' id='word_1_289' title='bbox 1671 2572 1791 2611; x_wconf 90' lang='lat' dir='ltr'><strong>cum</strong></span> <span class='ocrx_word' id='word_1_290' title='bbox 1831 2569 1942 2610; x_wconf 80' lang='lat' dir='ltr'><strong>sta-</strong></span> 
     </span>
    </p>
   </div>
   <div class='ocr_carea' id='block_1_38' title="bbox 367 2645 1942 2720">
    <p class='ocr_par' dir='ltr' id='par_1_38' title="bbox 367 2645 1942 2720">
     <span class='ocr_line' id='line_1_39' title="bbox 367 2645 1942 2720; baseline 0.004 -21"><span class='ocrx_word' id='word_1_291' title='bbox 367 2649 529 2700; x_wconf 85' lang='lat' dir='ltr'><strong>bilem</strong></span> <span class='ocrx_word' id='word_1_292' title='bbox 561 2645 776 2714; x_wconf 86' lang='lat' dir='ltr'><strong>quidem</strong></span> <span class='ocrx_word' id='word_1_293' title='bbox 810 2647 860 2702; x_wconf 90' lang='lat' dir='ltr'><strong>ei</strong></span> <span class='ocrx_word' id='word_1_294' title='bbox 909 2657 1158 2701; x_wconf 89' lang='lat' dir='ltr'><strong>naturam</strong></span> <span class='ocrx_word' id='word_1_295' title='bbox 1213 2648 1351 2701; x_wconf 89' lang='lat' dir='ltr'><strong>Deus</strong></span> <span class='ocrx_word' id='word_1_296' title='bbox 1390 2647 1621 2715; x_wconf 88' lang='lat' dir='ltr'><strong>dederit,</strong></span> <span class='ocrx_word' id='word_1_297' title='bbox 1684 2651 1942 2720; x_wconf 82' lang='lat' dir='ltr'><strong>illamque</strong></span> 
     </span>
    </p>
   </div>
   <div class='ocr_carea' id='block_1_39' title="bbox 367 2739 1943 2809">
    <p class='ocr_par' dir='ltr' id='par_1_39' title="bbox 367 2739 1943 2809">
     <span class='ocr_line' id='line_1_40' title="bbox 367 2739 1943 2809; baseline 0.001 -17"><span class='ocrx_word' id='word_1_298' title='bbox 367 2739 419 2792; x_wconf 92' lang='lat' dir='ltr'><strong>in</strong></span> <span class='ocrx_word' id='word_1_299' title='bbox 475 2739 730 2793; x_wconf 73' lang='lat' dir='ltr'><strong>Saeculum</strong></span> <span class='ocrx_word' id='word_1_300' title='bbox 761 2749 816 2793; x_wconf 89' lang='lat' dir='ltr'><strong>et</strong></span> <span class='ocrx_word' id='word_1_301' title='bbox 867 2740 922 2794; x_wconf 93' lang='lat' dir='ltr'><strong>in</strong></span> <span class='ocrx_word' id='word_1_302' title='bbox 947 2741 1202 2794; x_wconf 74' lang='lat' dir='ltr'><strong>sznculum</strong></span> <span class='ocrx_word' id='word_1_303' title='bbox 1234 2741 1410 2794; x_wconf 74' lang='lat' dir='ltr'><strong>szeculi</strong></span> <span class='ocrx_word' id='word_1_304' title='bbox 1437 2743 1943 2809; x_wconf 84' lang='lat' dir='ltr'><strong>constituerit;ipsa</strong></span> 
     </span>
    </p>
   </div>
   <div class='ocr_carea' id='block_1_40' title="bbox 369 2831 1943 2901">
    <p class='ocr_par' dir='ltr' id='par_1_40' title="bbox 369 2831 1943 2901">
     <span class='ocr_line' id='line_1_41' title="bbox 369 2831 1943 2901; baseline 0.003 -20"><span class='ocrx_word' id='word_1_305' title='bbox 369 2847 497 2885; x_wconf 85' lang='lat' dir='ltr'><strong>vero</strong></span> <span class='ocrx_word' id='word_1_306' title='bbox 521 2847 585 2886; x_wconf 78' lang='lat' dir='ltr'><strong>ex</strong></span> <span class='ocrx_word' id='word_1_307' title='bbox 618 2847 713 2885; x_wconf 91' lang='lat' dir='ltr'><strong>sua</strong></span> <span class='ocrx_word' id='word_1_308' title='bbox 738 2831 907 2901; x_wconf 90' lang='lat' dir='ltr'><strong>ipsius</strong></span> <span class='ocrx_word' id='word_1_309' title='bbox 931 2831 1195 2886; x_wconf 82' lang='lat' dir='ltr'><strong>electione</strong></span> <span class='ocrx_word' id='word_1_310' title='bbox 1217 2841 1417 2886; x_wconf 88' lang='lat' dir='ltr'><strong>mutata</strong></span> <span class='ocrx_word' id='word_1_311' title='bbox 1443 2834 1535 2900; x_wconf 83' lang='lat' dir='ltr'><strong>sit,</strong></span> <span class='ocrx_word' id='word_1_312' title='bbox 1555 2843 1610 2886; x_wconf 89' lang='lat' dir='ltr'><strong>et</strong></span> <span class='ocrx_word' id='word_1_313' title='bbox 1641 2835 1692 2886; x_wconf 92' lang='lat' dir='ltr'><strong>in</strong></span> <span class='ocrx_word' id='word_1_314' title='bbox 1710 2833 1943 2901; x_wconf 86' lang='lat' dir='ltr'><strong>pejorcm</strong></span> 
     </span>
    </p>
   </div>
   <div class='ocr_carea' id='block_1_41' title="bbox 367 2921 1946 2995">
    <p class='ocr_par' dir='ltr' id='par_1_41' title="bbox 367 2921 1946 2995">
     <span class='ocr_line' id='line_1_42' title="bbox 367 2921 1946 2995; baseline 0.001 -18"><span class='ocrx_word' id='word_1_315' title='bbox 367 2933 568 2978; x_wconf 77' lang='lat' dir='ltr'><strong>sortem</strong></span> <span class='ocrx_word' id='word_1_316' title='bbox 605 2921 718 2995; x_wconf 71' lang='grc' dir='ltr'><strong>(ιὸ)</strong></span> <span class='ocrx_word' id='word_1_317' title='bbox 771 2934 1081 2993; x_wconf 85' lang='lat' dir='ltr'><strong>statumque</strong></span> <span class='ocrx_word' id='word_1_318' title='bbox 1135 2925 1412 2989; x_wconf 89' lang='lat' dir='ltr'><strong>inciderit,</strong></span> <span class='ocrx_word' id='word_1_319' title='bbox 1444 2935 1519 2987; x_wconf 53' lang='grc' dir='ltr'>χει</span> <span class='ocrx_word' id='word_1_320' title='bbox 1577 2940 1644 2978; x_wconf 82' lang='lat' dir='ltr'><strong>ex</strong></span> <span class='ocrx_word' id='word_1_321' title='bbox 1699 2925 1800 2980; x_wconf 89' lang='lat' dir='ltr'><strong>hoc</strong></span> <span class='ocrx_word' id='word_1_322' title='bbox 1831 2926 1946 2994; x_wconf 88' lang='lat' dir='ltr'><strong>ipso</strong></span> 
     </span>
    </p>
   </div>
   <div class='ocr_carea' id='block_1_42' title="bbox 369 3017 1944 3086">
    <p class='ocr_par' dir='ltr' id='par_1_42' title="bbox 369 3017 1944 3086">
     <span class='ocr_line' id='line_1_43' title="bbox 369 3017 1944 3086; baseline 0.001 -19"><span class='ocrx_word' id='word_1_323' title='bbox 369 3017 503 3071; x_wconf 75' lang='lat' dir='ltr'><strong>aleo</strong></span> <span class='ocrx_word' id='word_1_324' title='bbox 526 3028 778 3086; x_wconf 90' lang='lat' dir='ltr'><strong>corrupta</strong></span> <span class='ocrx_word' id='word_1_325' title='bbox 801 3017 891 3081; x_wconf 90' lang='lat' dir='ltr'><strong>sit,</strong></span> <span class='ocrx_word' id='word_1_326' title='bbox 927 3029 982 3070; x_wconf 91' lang='lat' dir='ltr'><strong>ut</strong></span> <span class='ocrx_word' id='word_1_327' title='bbox 1001 3031 1064 3070; x_wconf 83' lang='lat' dir='ltr'><strong>ex</strong></span> <span class='ocrx_word' id='word_1_328' title='bbox 1095 3031 1161 3071; x_wconf 93' lang='lat' dir='ltr'><strong>eo</strong></span> <span class='ocrx_word' id='word_1_329' title='bbox 1187 3027 1424 3084; x_wconf 83' lang='lat' dir='ltr'><strong>tempore</strong></span> <span class='ocrx_word' id='word_1_330' title='bbox 1452 3017 1944 3070; x_wconf 81' lang='lat' dir='ltr'><strong>denominationeiu</strong></span> 
     </span>
    </p>
   </div>
   <div class='ocr_carea' id='block_1_43' title="bbox 372 3107 1949 3178">
    <p class='ocr_par' dir='ltr' id='par_1_43' title="bbox 372 3107 1949 3178">
     <span class='ocr_line' id='line_1_44' title="bbox 372 3107 1949 3178; baseline 0 -18"><span class='ocrx_word' id='word_1_331' title='bbox 372 3107 514 3162; x_wconf 82' lang='lat' dir='ltr'><strong>illam</strong></span> <span class='ocrx_word' id='word_1_332' title='bbox 545 3108 710 3162; x_wconf 90' lang='lat' dir='ltr'><strong>veluti</strong></span> <span class='ocrx_word' id='word_1_333' title='bbox 751 3110 1021 3168; x_wconf 87' lang='lat' dir='ltr'><strong>amiserit,</strong></span> <span class='ocrx_word' id='word_1_334' title='bbox 1047 3124 1154 3178; x_wconf 89' lang='lat' dir='ltr'><strong>qua</strong></span> <span class='ocrx_word' id='word_1_335' title='bbox 1203 3109 1500 3163; x_wconf 87' lang='lat' dir='ltr'><strong>vocabatur</strong></span> <span class='ocrx_word' id='word_1_336' title='bbox 1541 3116 1765 3162; x_wconf 70' lang='lat' dir='ltr'><strong>aaterna.</strong></span> <span class='ocrx_word' id='word_1_337' title='bbox 1795 3107 1949 3174; x_wconf 83' lang='lat' dir='ltr'><strong>Quod</strong></span> 
     </span>
    </p>
   </div>
   <div class='ocr_carea' id='block_1_44' title="bbox 370 3186 2018 3271">
    <p class='ocr_par' dir='ltr' id='par_1_44' title="bbox 370 3186 2018 3271">
     <span class='ocr_line' id='line_1_45' title="bbox 370 3186 2018 3271; baseline 0.001 -18"><span class='ocrx_word' id='word_1_338' title='bbox 370 3202 514 3254; x_wconf 89' lang='lat' dir='ltr'><strong>enim</strong></span> <span class='ocrx_word' id='word_1_339' title='bbox 538 3215 602 3254; x_wconf 83' lang='lat' dir='ltr'><strong>ex</strong></span> <span class='ocrx_word' id='word_1_340' title='bbox 635 3215 694 3255; x_wconf 91' lang='lat' dir='ltr'><strong>se</strong></span> <span class='ocrx_word' id='word_1_341' title='bbox 726 3201 864 3270; x_wconf 89' lang='lat' dir='ltr'><strong>ipso,</strong></span> <span class='ocrx_word' id='word_1_342' title='bbox 886 3216 1217 3271; x_wconf 90' lang='lat' dir='ltr'><strong>quocunque</strong></span> <span class='ocrx_word' id='word_1_343' title='bbox 1269 3202 1486 3255; x_wconf 89' lang='lat' dir='ltr'><strong>tandem</strong></span> <span class='ocrx_word' id='word_1_344' title='bbox 1544 3203 1702 3256; x_wconf 90' lang='lat' dir='ltr'><strong>modo</strong></span> <span class='ocrx_word' id='word_1_345' title='bbox 1751 3202 1803 3257; x_wconf 91' lang='lat' dir='ltr'><strong>id</strong></span> <span class='ocrx_word' id='word_1_346' title='bbox 1834 3201 1948 3264; x_wconf 81' lang='lat' dir='ltr'><strong>ﬁat,</strong></span> <span class='ocrx_word' id='word_1_347' title='bbox 1975 3186 2018 3242; x_wconf 82' lang='lat' dir='ltr'><strong><em>C</em></strong></span> 
     </span>
    </p>
   </div>
   <div class='ocr_carea' id='block_1_45' title="bbox 370 3291 1951 3362">
    <p class='ocr_par' dir='ltr' id='par_1_45' title="bbox 370 3291 1951 3362">
     <span class='ocr_line' id='line_1_46' title="bbox 370 3291 1951 3362; baseline 0 -17"><span class='ocrx_word' id='word_1_348' title='bbox 370 3291 670 3362; x_wconf 72' lang='lat' dir='ltr'><strong>egreditur,</strong></span> <span class='ocrx_word' id='word_1_349' title='bbox 705 3294 807 3348; x_wconf 89' lang='lat' dir='ltr'><strong>hoc</strong></span> <span class='ocrx_word' id='word_1_350' title='bbox 840 3304 946 3358; x_wconf 88' lang='lat' dir='ltr'><strong>est,</strong></span> <span class='ocrx_word' id='word_1_351' title='bbox 983 3293 1322 3358; x_wconf 87' lang='lat' dir='ltr'><strong>immutatur,</strong></span> <span class='ocrx_word' id='word_1_352' title='bbox 1345 3292 1475 3346; x_wconf 92' lang='lat' dir='ltr'><strong>illud</strong></span> <span class='ocrx_word' id='word_1_353' title='bbox 1507 3293 1613 3347; x_wconf 84' lang='lat' dir='ltr'><strong>etsi</strong></span> <span class='ocrx_word' id='word_1_354' title='bbox 1645 3293 1751 3347; x_wconf 91' lang='lat' dir='ltr'><strong>alio</strong></span> <span class='ocrx_word' id='word_1_355' title='bbox 1792 3295 1951 3347; x_wconf 88' lang='lat' dir='ltr'><strong>modo</strong></span> 
     </span>
    </p>
   </div>
   <div class='ocr_carea' id='block_1_46' title="bbox 376 3384 1950 3452">
    <p class='ocr_par' dir='ltr' id='par_1_46' title="bbox 376 3384 1950 3452">
     <span class='ocr_line' id='line_1_47' title="bbox 376 3384 1950 3452; baseline 0.003 -18"><span class='ocrx_word' id='word_1_356' title='bbox 376 3384 651 3450; x_wconf 77' lang='lat' dir='ltr'><strong>perduret,</strong></span> <span class='ocrx_word' id='word_1_357' title='bbox 687 3394 913 3438; x_wconf 88' lang='lat' dir='ltr'><strong>mortem</strong></span> <span class='ocrx_word' id='word_1_358' title='bbox 963 3386 1188 3449; x_wconf 88' lang='lat' dir='ltr'><strong>invenit,</strong></span> <span class='ocrx_word' id='word_1_359' title='bbox 1235 3398 1426 3452; x_wconf 86' lang='lat' dir='ltr'><strong>nempe</strong></span> <span class='ocrx_word' id='word_1_360' title='bbox 1459 3384 1729 3452; x_wconf 89' lang='lat' dir='ltr'><strong>pr0priam</strong></span> <span class='ocrx_word' id='word_1_361' title='bbox 1772 3395 1950 3438; x_wconf 83' lang='lat' dir='ltr'><strong>muta-</strong></span> 
     </span>
    </p>
   </div>
   <div class='ocr_carea' id='block_1_47' title="bbox 374 3474 1950 3546">
    <p class='ocr_par' dir='ltr' id='par_1_47' title="bbox 374 3474 1950 3546">
     <span class='ocr_line' id='line_1_48' title="bbox 374 3474 1950 3546; baseline 0.003 -20"><span class='ocrx_word' id='word_1_362' title='bbox 374 3476 572 3528; x_wconf 81' lang='lat' dir='ltr'><strong>tionem</strong></span> <span class='ocrx_word' id='word_1_363' title='bbox 605 3474 737 3546; x_wconf 74' lang='grc'><strong>(46).</strong></span> <span class='ocrx_word' id='word_1_364' title='bbox 776 3475 908 3528; x_wconf 84' lang='lat' dir='ltr'><strong>Nam</strong></span> <span class='ocrx_word' id='word_1_365' title='bbox 949 3475 1211 3545; x_wconf 90' lang='lat' dir='ltr'><strong>quidquid</strong></span> <span class='ocrx_word' id='word_1_366' title='bbox 1260 3490 1377 3530; x_wconf 91' lang='lat' dir='ltr'><strong>eam</strong></span> <span class='ocrx_word' id='word_1_367' title='bbox 1427 3492 1540 3529; x_wconf 87' lang='lat' dir='ltr'><strong>rem</strong></span> <span class='ocrx_word' id='word_1_368' title='bbox 1597 3485 1779 3545; x_wconf 84' lang='lat' dir='ltr'><strong>postea</strong></span> <span class='ocrx_word' id='word_1_369' title='bbox 1835 3475 1950 3530; x_wconf 84' lang='lat' dir='ltr'><strong>ﬁeri</strong></span> 
     </span>
    </p>
   </div>
   <div class='ocr_carea' id='block_1_48' title="bbox 373 3566 1954 3635">
    <p class='ocr_par' dir='ltr' id='par_1_48' title="bbox 373 3566 1954 3635">
     <span class='ocr_line' id='line_1_49' title="bbox 373 3566 1954 3635; baseline 0.002 -20"><span class='ocrx_word' id='word_1_370' title='bbox 373 3566 640 3633; x_wconf 86' lang='lat' dir='ltr'><strong>posueris,</strong></span> <span class='ocrx_word' id='word_1_371' title='bbox 665 3566 794 3620; x_wconf 93' lang='lat' dir='ltr'><strong>illud</strong></span> <span class='ocrx_word' id='word_1_372' title='bbox 825 3576 908 3621; x_wconf 87' lang='lat' dir='ltr'><strong>est</strong></span> <span class='ocrx_word' id='word_1_373' title='bbox 932 3568 1006 3620; x_wconf 91' lang='lat' dir='ltr'><strong>rei</strong></span> <span class='ocrx_word' id='word_1_374' title='bbox 1035 3567 1232 3635; x_wconf 86' lang='lat' dir='ltr'><strong>prioris</strong></span> <span class='ocrx_word' id='word_1_375' title='bbox 1258 3582 1436 3620; x_wconf 83' lang='lat' dir='ltr'><strong>mors:</strong></span> <span class='ocrx_word' id='word_1_376' title='bbox 1473 3567 1703 3634; x_wconf 80' lang='lat' dir='ltr'><strong>exempli</strong></span> <span class='ocrx_word' id='word_1_377' title='bbox 1753 3567 1954 3634; x_wconf 78' lang='lat' dir='ltr'><strong>gratia,</strong></span> 
     </span>
    </p>
   </div>
   <div class='ocr_carea' id='block_1_49' title="bbox 374 3657 1957 3727">
    <p class='ocr_par' dir='ltr' id='par_1_49' title="bbox 374 3657 1957 3727">
     <span class='ocr_line' id='line_1_50' title="bbox 374 3657 1957 3727; baseline 0.003 -19"><span class='ocrx_word' id='word_1_378' title='bbox 374 3659 417 3709; x_wconf 81' lang='lat' dir='ltr'><strong>si</strong></span> <span class='ocrx_word' id='word_1_379' title='bbox 452 3658 654 3711; x_wconf 87' lang='lat' dir='ltr'><strong>malitia</strong></span> <span class='ocrx_word' id='word_1_380' title='bbox 677 3658 770 3711; x_wconf 83' lang='lat' dir='ltr'><strong>ﬁat</strong></span> <span class='ocrx_word' id='word_1_381' title='bbox 793 3657 1152 3727; x_wconf 84' lang='lat' dir='ltr'><strong>bonitas,jam</strong></span> <span class='ocrx_word' id='word_1_382' title='bbox 1201 3672 1266 3712; x_wconf 90' lang='lat' dir='ltr'><strong>eo</strong></span> <span class='ocrx_word' id='word_1_383' title='bbox 1309 3659 1424 3727; x_wconf 92' lang='lat' dir='ltr'><strong>ipso</strong></span> <span class='ocrx_word' id='word_1_384' title='bbox 1457 3661 1600 3726; x_wconf 91' lang='lat' dir='ltr'><strong>quod</strong></span> <span class='ocrx_word' id='word_1_385' title='bbox 1649 3659 1851 3712; x_wconf 88' lang='lat' dir='ltr'><strong>malitia</strong></span> <span class='ocrx_word' id='word_1_386' title='bbox 1879 3675 1957 3712; x_wconf 85' lang='lat' dir='ltr'><strong>rc-</strong></span> 
     </span>
    </p>
   </div>
   <div class='ocr_carea' id='block_1_50' title="bbox 374 3750 1953 3817">
    <p class='ocr_par' dir='ltr' id='par_1_50' title="bbox 374 3750 1953 3817">
     <span class='ocr_line' id='line_1_51' title="bbox 374 3750 1953 3817; baseline 0 -11"><span class='ocrx_word' id='word_1_387' title='bbox 374 3753 523 3806; x_wconf 78' lang='lat' dir='ltr'><strong>Cedit</strong></span> <span class='ocrx_word' id='word_1_388' title='bbox 551 3766 581 3803; x_wconf 90' lang='lat' dir='ltr'><strong>a</strong></span> <span class='ocrx_word' id='word_1_389' title='bbox 610 3762 884 3813; x_wconf 87' lang='lat' dir='ltr'><strong>creatura,</strong></span> <span class='ocrx_word' id='word_1_390' title='bbox 910 3751 1176 3805; x_wconf 88' lang='lat' dir='ltr'><strong>occiditur</strong></span> <span class='ocrx_word' id='word_1_391' title='bbox 1205 3766 1234 3803; x_wconf 92' lang='lat' dir='ltr'><strong>a</strong></span> <span class='ocrx_word' id='word_1_392' title='bbox 1265 3750 1504 3806; x_wconf 89' lang='lat' dir='ltr'><strong>bonitate</strong></span> <span class='ocrx_word' id='word_1_393' title='bbox 1531 3759 1616 3817; x_wconf 89' lang='lat' dir='ltr'><strong>;et</strong></span> <span class='ocrx_word' id='word_1_394' title='bbox 1647 3753 1763 3807; x_wconf 89' lang='lat' dir='ltr'><strong>vice</strong></span> <span class='ocrx_word' id='word_1_395' title='bbox 1797 3767 1953 3806; x_wconf 86' lang='lat' dir='ltr'><strong>versa</strong></span> 
     </span>
    </p>
   </div>
   <div class='ocr_carea' id='block_1_51' title="bbox 329 3831 1953 3915">
    <p class='ocr_par' dir='ltr' id='par_1_51' title="bbox 329 3831 1953 3915">
     <span class='ocr_line' id='line_1_52' title="bbox 329 3831 1953 3915; baseline 0.002 -20"><span class='ocrx_word' id='word_1_396' title='bbox 329 3831 337 3840; x_wconf 80' lang='grc'><strong>’</strong></span> <span class='ocrx_word' id='word_1_397' title='bbox 381 3842 599 3895; x_wconf 89' lang='lat' dir='ltr'><strong>bonitas</strong></span> <span class='ocrx_word' id='word_1_398' title='bbox 627 3843 954 3896; x_wconf 79' lang='lat' dir='ltr'><strong>interﬁcitur</strong></span> <span class='ocrx_word' id='word_1_399' title='bbox 983 3859 1010 3896; x_wconf 88' lang='lat' dir='ltr'><strong>a</strong></span> <span class='ocrx_word' id='word_1_400' title='bbox 1059 3842 1286 3899; x_wconf 86' lang='lat' dir='ltr'><strong>malitia.</strong></span> <span class='ocrx_word' id='word_1_401' title='bbox 1327 3845 1464 3897; x_wconf 90' lang='lat' dir='ltr'><strong>Sunt</strong></span> <span class='ocrx_word' id='word_1_402' title='bbox 1510 3846 1655 3899; x_wconf 90' lang='lat' dir='ltr'><strong>enim</strong></span> <span class='ocrx_word' id='word_1_403' title='bbox 1685 3845 1953 3915; x_wconf 67' lang='lat' dir='ltr'><strong>qumdam,</strong></span> 
     </span>
    </p>
   </div>
   <div class='ocr_carea' id='block_1_52' title="bbox 379 3934 1954 4004">
    <p class='ocr_par' dir='ltr' id='par_1_52' title="bbox 379 3934 1954 4004">
     <span class='ocr_line' id='line_1_53' title="bbox 379 3934 1954 4004; baseline 0.003 -18"><span class='ocrx_word' id='word_1_404' title='bbox 379 3948 500 4000; x_wconf 76' lang='lat' dir='ltr'><strong>qua:</strong></span> <span class='ocrx_word' id='word_1_405' title='bbox 521 3947 734 4002; x_wconf 80' lang='lat' dir='ltr'><strong>semper</strong></span> <span class='ocrx_word' id='word_1_406' title='bbox 753 3934 1052 3989; x_wconf 90' lang='lat' dir='ltr'><strong>consistere</strong></span> <span class='ocrx_word' id='word_1_407' title='bbox 1090 3935 1148 3988; x_wconf 92' lang='lat' dir='ltr'><strong>in</strong></span> <span class='ocrx_word' id='word_1_408' title='bbox 1185 3936 1360 4004; x_wconf 91' lang='lat' dir='ltr'><strong>primo</strong></span> <span class='ocrx_word' id='word_1_409' title='bbox 1407 3945 1549 3990; x_wconf 90' lang='lat' dir='ltr'><strong>statu</strong></span> <span class='ocrx_word' id='word_1_410' title='bbox 1601 3953 1665 3991; x_wconf 92' lang='lat' dir='ltr'><strong>ac</strong></span> <span class='ocrx_word' id='word_1_411' title='bbox 1701 3938 1954 4000; x_wconf 89' lang='lat' dir='ltr'><strong>termino,</strong></span> 
     </span>
    </p>
   </div>
   <div class='ocr_carea' id='block_1_53' title="bbox 377 4025 1953 4098">
    <p class='ocr_par' dir='ltr' id='par_1_53' title="bbox 377 4025 1953 4098">
     <span class='ocr_line' id='line_1_54' title="bbox 377 4025 1953 4098; baseline 0.003 -21"><span class='ocrx_word' id='word_1_412' title='bbox 377 4025 478 4078; x_wconf 89' lang='lat' dir='ltr'><strong>etsi</strong></span> <span class='ocrx_word' id='word_1_413' title='bbox 510 4025 610 4079; x_wconf 87' lang='lat' dir='ltr'><strong>hoc</strong></span> <span class='ocrx_word' id='word_1_414' title='bbox 639 4025 770 4093; x_wconf 89' lang='lat' dir='ltr'><strong>ipsis</strong></span> <span class='ocrx_word' id='word_1_415' title='bbox 819 4026 1144 4096; x_wconf 75' lang='lat' dir='ltr'><strong>denegatum</strong></span> <span class='ocrx_word' id='word_1_416' title='bbox 1185 4043 1288 4081; x_wconf 90' lang='lat' dir='ltr'><strong>non</strong></span> <span class='ocrx_word' id='word_1_417' title='bbox 1351 4027 1536 4090; x_wconf 80' lang='lat' dir='ltr'><strong>fuerit,</strong></span> <span class='ocrx_word' id='word_1_418' title='bbox 1569 4044 1673 4083; x_wconf 93' lang='lat' dir='ltr'><strong>non</strong></span> <span class='ocrx_word' id='word_1_419' title='bbox 1706 4039 1953 4098; x_wconf 77' lang='lat' dir='ltr'><strong>pergunt.</strong></span> 
     </span>
    </p>
   </div>
   <div class='ocr_carea' id='block_1_54' title="bbox 385 4113 1955 4186">
    <p class='ocr_par' dir='ltr' id='par_1_54' title="bbox 385 4113 1955 4186">
     <span class='ocr_line' id='line_1_55' title="bbox 385 4113 1955 4186; baseline 0.004 -20"><span class='ocrx_word' id='word_1_420' title='bbox 385 4113 508 4169; x_wconf 77' lang='lat' dir='ltr'><strong>Haec</strong></span> <span class='ocrx_word' id='word_1_421' title='bbox 538 4115 720 4185; x_wconf 87' lang='lat' dir='ltr'><strong>itaque</strong></span> <span class='ocrx_word' id='word_1_422' title='bbox 748 4116 800 4170; x_wconf 92' lang='lat' dir='ltr'><strong>in</strong></span> <span class='ocrx_word' id='word_1_423' title='bbox 855 4117 1110 4186; x_wconf 88' lang='lat' dir='ltr'><strong>Epistolis</strong></span> <span class='ocrx_word' id='word_1_424' title='bbox 1157 4118 1401 4172; x_wconf 89' lang='lat' dir='ltr'><strong>scribunt</strong></span> <span class='ocrx_word' id='word_1_425' title='bbox 1437 4117 1630 4174; x_wconf 85' lang='lat' dir='ltr'><strong>Petrus</strong></span> <span class='ocrx_word' id='word_1_426' title='bbox 1682 4129 1738 4172; x_wconf 92' lang='lat' dir='ltr'><strong>ct</strong></span> <span class='ocrx_word' id='word_1_427' title='bbox 1769 4117 1955 4173; x_wconf 83' lang='lat' dir='ltr'><strong>Judas.</strong></span> 
     </span>
    </p>
   </div>
   <div class='ocr_carea' id='block_1_55' title="bbox 380 4203 1955 4280">
    <p class='ocr_par' dir='ltr' id='par_1_55' title="bbox 380 4203 1955 4280">
     <span class='ocr_line' id='line_1_56' title="bbox 380 4203 1955 4280; baseline 0.004 -20"><span class='ocrx_word' id='word_1_428' title='bbox 380 4203 574 4261; x_wconf 84' lang='lat' dir='ltr'><strong>Petrus</strong></span> <span class='ocrx_word' id='word_1_429' title='bbox 602 4209 710 4262; x_wconf 87' lang='lat' dir='ltr'><strong>ait:</strong></span> <span class='ocrx_word' id='word_1_430' title='bbox 747 4226 766 4258; x_wconf 78' lang='grc' dir='ltr'><strong>ι</strong></span> <span class='ocrx_word' id='word_1_431' title='bbox 812 4209 868 4263; x_wconf 90' lang='lat' dir='ltr'><strong>Si</strong></span> <span class='ocrx_word' id='word_1_432' title='bbox 905 4210 1046 4262; x_wconf 88' lang='lat' dir='ltr'><strong>enim</strong></span> <span class='ocrx_word' id='word_1_433' title='bbox 1074 4209 1185 4279; x_wconf 74' lang='grc'><strong>(47)</strong></span> <span class='ocrx_word' id='word_1_434' title='bbox 1224 4210 1430 4280; x_wconf 76' lang='lat' dir='ltr'><strong>angelis</strong></span> <span class='ocrx_word' id='word_1_435' title='bbox 1453 4211 1800 4279; x_wconf 89' lang='lat' dir='ltr'><strong>peccantibus</strong></span> <span class='ocrx_word' id='word_1_436' title='bbox 1851 4228 1955 4266; x_wconf 91' lang='lat' dir='ltr'><strong>non</strong></span> 
     </span>
    </p>
   </div>
   <div class='ocr_carea' id='block_1_56' title="bbox 383 4298 1958 4371">
    <p class='ocr_par' dir='ltr' id='par_1_56' title="bbox 383 4298 1958 4371">
     <span class='ocr_line' id='line_1_57' title="bbox 383 4298 1958 4371; baseline 0.004 -22"><span class='ocrx_word' id='word_1_437' title='bbox 383 4298 805 4365; x_wconf 83' lang='lat' dir='ltr'><strong>pepercitDeus,</strong></span> <span class='ocrx_word' id='word_1_438' title='bbox 843 4301 936 4354; x_wconf 88' lang='lat' dir='ltr'><strong>sed</strong></span> <span class='ocrx_word' id='word_1_439' title='bbox 967 4301 1282 4354; x_wconf 89' lang='lat' dir='ltr'><strong>rudentibus</strong></span> <span class='ocrx_word' id='word_1_440' title='bbox 1336 4301 1530 4355; x_wconf 78' lang='lat' dir='ltr'><strong>inferni</strong></span> <span class='ocrx_word' id='word_1_441' title='bbox 1565 4301 1678 4371; x_wconf 85' lang='lat' dir='ltr'><strong>(aut</strong></span> <span class='ocrx_word' id='word_1_442' title='bbox 1708 4303 1958 4356; x_wconf 83' lang='lat' dir='ltr'><strong>tenebra-</strong></span> 
     </span>
    </p>
   </div>
   <div class='ocr_carea' id='block_1_57' title="bbox 385 4385 1959 4458">
    <p class='ocr_par' dir='ltr' id='par_1_57' title="bbox 385 4385 1959 4458">
     <span class='ocr_line' id='line_1_58' title="bbox 385 4385 1959 4458; baseline 0.002 -19"><span class='ocrx_word' id='word_1_443' title='bbox 385 4389 528 4456; x_wconf 87' lang='lat' dir='ltr'><strong>rum)</strong></span> <span class='ocrx_word' id='word_1_444' title='bbox 565 4385 845 4444; x_wconf 89' lang='lat' dir='ltr'><strong>detractos</strong></span> <span class='ocrx_word' id='word_1_445' title='bbox 895 4390 946 4442; x_wconf 92' lang='lat' dir='ltr'><strong>in</strong></span> <span class='ocrx_word' id='word_1_446' title='bbox 1010 4398 1296 4451; x_wconf 90' lang='lat' dir='ltr'><strong>tartarum,</strong></span> <span class='ocrx_word' id='word_1_447' title='bbox 1351 4389 1402 4441; x_wconf 91' lang='lat' dir='ltr'><strong>in</strong></span> <span class='ocrx_word' id='word_1_448' title='bbox 1437 4389 1698 4456; x_wconf 86' lang='lat' dir='ltr'><strong>judicium</strong></span> <span class='ocrx_word' id='word_1_449' title='bbox 1752 4405 1959 4458; x_wconf 73' lang='lat' dir='ltr'><strong>ntagnze</strong></span> 
     </span>
    </p>
   </div>
   <div class='ocr_carea' id='block_1_58' title="bbox 383 4479 1950 4550">
    <p class='ocr_par' dir='ltr' id='par_1_58' title="bbox 383 4479 1950 4550">
     <span class='ocr_line' id='line_1_59' title="bbox 383 4479 1950 4550; baseline 0.001 -19"><span class='ocrx_word' id='word_1_450' title='bbox 383 4479 488 4533; x_wconf 89' lang='lat' dir='ltr'><strong>diei</strong></span> <span class='ocrx_word' id='word_1_451' title='bbox 520 4479 631 4548; x_wconf 77' lang='grc'><strong>(48)</strong></span> <span class='ocrx_word' id='word_1_452' title='bbox 659 4483 975 4545; x_wconf 86' lang='lat' dir='ltr'><strong>reservavit,</strong></span> <span class='ocrx_word' id='word_1_453' title='bbox 1002 4489 1055 4533; x_wconf 89' lang='lat' dir='ltr'><strong>et</strong></span> <span class='ocrx_word' id='word_1_454' title='bbox 1075 4481 1298 4548; x_wconf 78' lang='lat' dir='ltr'><strong>antiquo</strong></span> <span class='ocrx_word' id='word_1_455' title='bbox 1315 4486 1514 4535; x_wconf 91' lang='lat' dir='ltr'><strong>mundo</strong></span> <span class='ocrx_word' id='word_1_456' title='bbox 1536 4497 1638 4534; x_wconf 92' lang='lat' dir='ltr'><strong>non</strong></span> <span class='ocrx_word' id='word_1_457' title='bbox 1662 4483 1950 4550; x_wconf 69' lang='lat' dir='ltr'><strong>pepercit.-</strong></span> 
     </span>
    </p>
   </div>
   <div class='ocr_carea' id='block_1_59' title="bbox 382 4552 2032 4640">
    <p class='ocr_par' dir='ltr' id='par_1_59' title="bbox 382 4552 2032 4640">
     <span class='ocr_line' id='line_1_60' title="bbox 382 4552 2032 4640; baseline 0.001 -17"><span class='ocrx_word' id='word_1_458' title='bbox 382 4567 547 4624; x_wconf 79' lang='lat' dir='ltr'><strong>Judas</strong></span> <span class='ocrx_word' id='word_1_459' title='bbox 570 4585 731 4626; x_wconf 87' lang='lat' dir='ltr'><strong>vero:</strong></span> <span class='ocrx_word' id='word_1_460' title='bbox 761 4590 780 4623; x_wconf 88' lang='grc' dir='ltr'><strong>ι</strong></span> <span class='ocrx_word' id='word_1_461' title='bbox 807 4570 1169 4640; x_wconf 81' lang='lat' dir='ltr'><strong>Angelosqne,</strong></span> <span class='ocrx_word' id='word_1_462' title='bbox 1196 4572 1284 4640; x_wconf 81' lang='lat' dir='ltr'><strong>qui</strong></span> <span class='ocrx_word' id='word_1_463' title='bbox 1313 4589 1414 4626; x_wconf 91' lang='lat' dir='ltr'><strong>non</strong></span> <span class='ocrx_word' id='word_1_464' title='bbox 1438 4582 1956 4626; x_wconf 82' lang='lat' dir='ltr'><strong>servaveruutsuum</strong></span> <span class='ocrx_word' id='word_1_465' title='bbox 1993 4552 2032 4606; x_wconf 74' lang='grc' dir='ltr'>θ</span> 
     </span>
    </p>
   </div>
   <div class='ocr_carea' id='block_1_60' title="bbox 457 4723 1956 4798">
    <p class='ocr_par' dir='ltr' id='par_1_60' title="bbox 457 4723 1956 4798">
     <span class='ocr_line' id='line_1_61' title="bbox 457 4723 1956 4798; baseline 0.001 -22"><span class='ocrx_word' id='word_1_466' title='bbox 457 4724 567 4798; x_wconf 71' lang='lat'><strong>(&#39;59)</strong></span> <span class='ocrx_word' id='word_1_467' title='bbox 598 4723 756 4798; x_wconf 57' lang='lat' dir='ltr'><strong>Ursit</strong></span> <span class='ocrx_word' id='word_1_468' title='bbox 796 4726 1079 4798; x_wconf 59' lang='lat' dir='ltr'><strong>soliiscum.</strong></span> <span class='ocrx_word' id='word_1_469' title='bbox 1113 4725 1284 4779; x_wconf 88' lang='lat' dir='ltr'><strong>Biblia</strong></span> <span class='ocrx_word' id='word_1_470' title='bbox 1313 4739 1328 4778; x_wconf 87' lang='lat'><strong>:</strong></span> <span class='ocrx_word' id='word_1_471' title='bbox 1356 4726 1456 4798; x_wconf 80' lang='grc' dir='ltr'><strong>ἵνα</strong></span> <span class='ocrx_word' id='word_1_472' title='bbox 1476 4725 1615 4798; x_wconf 81' lang='grc' dir='ltr'>μένῃ</span> <span class='ocrx_word' id='word_1_473' title='bbox 1653 4724 1769 4798; x_wconf 85' lang='grc' dir='ltr'>μεθ’</span> <span class='ocrx_word' id='word_1_474' title='bbox 1800 4725 1956 4795; x_wconf 83' lang='grc' dir='ltr'>ὑμῶν</span> 
     </span>
    </p>
   </div>
   <div class='ocr_carea' id='block_1_61' title="bbox 383 4795 1962 4858">
    <p class='ocr_par' dir='ltr' id='par_1_61' title="bbox 383 4795 1962 4858">
     <span class='ocr_line' id='line_1_62' title="bbox 383 4795 1962 4858; baseline -0.001 -11"><span class='ocrx_word' id='word_1_475' title='bbox 383 4795 463 4858; x_wconf 82' lang='grc' dir='ltr'><strong>εἰς</strong></span> <span class='ocrx_word' id='word_1_476' title='bbox 482 4795 571 4847; x_wconf 80' lang='grc' dir='ltr'>τὸν</span> <span class='ocrx_word' id='word_1_477' title='bbox 595 4795 784 4858; x_wconf 77' lang='grc' dir='ltr'>αἰῶνα,</span> <span class='ocrx_word' id='word_1_478' title='bbox 810 4797 860 4848; x_wconf 90' lang='lat' dir='ltr'><strong>id</strong></span> <span class='ocrx_word' id='word_1_479' title='bbox 883 4806 966 4848; x_wconf 89' lang='lat' dir='ltr'><strong>est</strong></span> <span class='ocrx_word' id='word_1_480' title='bbox 993 4813 1010 4846; x_wconf 82' lang='grc' dir='ltr'><strong>ι</strong></span> <span class='ocrx_word' id='word_1_481' title='bbox 1045 4807 1104 4848; x_wconf 77' lang='grc' dir='ltr'><strong>ιιι</strong></span> <span class='ocrx_word' id='word_1_482' title='bbox 1142 4807 1354 4848; x_wconf 90' lang='lat' dir='ltr'><strong>maneat</strong></span> <span class='ocrx_word' id='word_1_483' title='bbox 1378 4795 1651 4848; x_wconf 81' lang='lat' dir='ltr'><strong>vobiscum</strong></span> <span class='ocrx_word' id='word_1_484' title='bbox 1691 4797 1743 4848; x_wconf 92' lang='lat' dir='ltr'><strong>in</strong></span> <span class='ocrx_word' id='word_1_485' title='bbox 1792 4811 1962 4850; x_wconf 84' lang='lat' dir='ltr'><strong>saecu-</strong></span> 
     </span>
    </p>
   </div>
   <div class='ocr_carea' id='block_1_62' title="bbox 386 4865 1959 4934">
    <p class='ocr_par' dir='ltr' id='par_1_62' title="bbox 386 4865 1959 4934">
     <span class='ocr_line' id='line_1_63' title="bbox 386 4865 1959 4934; baseline -0.001 -17"><span class='ocrx_word' id='word_1_486' title='bbox 386 4865 516 4918; x_wconf 90' lang='lat' dir='ltr'><strong>lum.</strong></span> <span class='ocrx_word' id='word_1_487' title='bbox 545 4883 562 4915; x_wconf 73' lang='grc' dir='ltr'><strong>ι</strong></span> <span class='ocrx_word' id='word_1_488' title='bbox 586 4869 649 4918; x_wconf 87' lang='grc' dir='ltr'>Αι</span> <span class='ocrx_word' id='word_1_489' title='bbox 674 4867 926 4934; x_wconf 88' lang='lat' dir='ltr'><strong>Didymus</strong></span> <span class='ocrx_word' id='word_1_490' title='bbox 954 4867 1003 4919; x_wconf 94' lang='lat' dir='ltr'><strong>in</strong></span> <span class='ocrx_word' id='word_1_491' title='bbox 1033 4866 1166 4918; x_wconf 89' lang='lat' dir='ltr'><strong>libro</strong></span> <span class='ocrx_word' id='word_1_492' title='bbox 1195 4881 1408 4933; x_wconf 65' lang='lat' dir='ltr'><strong>quoque</strong></span> <span class='ocrx_word' id='word_1_493' title='bbox 1434 4865 1509 4919; x_wconf 84' lang='lat' dir='ltr'><strong>De</strong></span> <span class='ocrx_word' id='word_1_494' title='bbox 1533 4865 1679 4934; x_wconf 85' lang='lat' dir='ltr'><strong>Spir.</strong></span> <span class='ocrx_word' id='word_1_495' title='bbox 1713 4865 1772 4918; x_wconf 82' lang='lat' dir='ltr'><strong>S.</strong></span> <span class='ocrx_word' id='word_1_496' title='bbox 1807 4882 1959 4919; x_wconf 92' lang='lat' dir='ltr'><strong>num.</strong></span> 
     </span>
    </p>
   </div>
   <div class='ocr_carea' id='block_1_63' title="bbox 384 4934 1962 4990">
    <p class='ocr_par' dir='ltr' id='par_1_63' title="bbox 384 4934 1962 4990">
     <span class='ocr_line' id='line_1_64' title="bbox 384 4934 1962 4990; baseline 0.001 -4"><span class='ocrx_word' id='word_1_497' title='bbox 384 4934 456 4986; x_wconf 73' lang='grc'>27</span> <span class='ocrx_word' id='word_1_498' title='bbox 485 4935 685 4989; x_wconf 86' lang='lat' dir='ltr'><strong>habet:</strong></span> <span class='ocrx_word' id='word_1_499' title='bbox 728 4955 745 4986; x_wconf 82' lang='grc' dir='ltr'><strong>ι</strong></span> <span class='ocrx_word' id='word_1_500' title='bbox 788 4944 845 4987; x_wconf 85' lang='grc' dir='ltr'>ιιι</span> <span class='ocrx_word' id='word_1_501' title='bbox 873 4936 940 4987; x_wconf 88' lang='lat' dir='ltr'><strong>sit</strong></span> <span class='ocrx_word' id='word_1_502' title='bbox 966 4935 1242 4990; x_wconf 89' lang='lat' dir='ltr'><strong>vobiscum</strong></span> <span class='ocrx_word' id='word_1_503' title='bbox 1300 4936 1350 4988; x_wconf 95' lang='lat' dir='ltr'><strong>in</strong></span> <span class='ocrx_word' id='word_1_504' title='bbox 1385 4945 1666 4989; x_wconf 72' lang='lat' dir='ltr'><strong>aeternum.</strong></span> <span class='ocrx_word' id='word_1_505' title='bbox 1707 4954 1726 4986; x_wconf 73' lang='grc' dir='ltr'><strong>ι</strong></span> <span class='ocrx_word' id='word_1_506' title='bbox 1793 4936 1962 4990; x_wconf 76' lang='lat' dir='ltr'><strong>Voces</strong></span> 
     </span>
    </p>
   </div>
   <div class='ocr_carea' id='block_1_64' title="bbox 389 5006 1966 5072">
    <p class='ocr_par' dir='ltr' id='par_1_64' title="bbox 389 5006 1966 5072">
     <span class='ocr_line' id='line_1_65' title="bbox 389 5006 1966 5072; baseline 0.003 -19"><span class='ocrx_word' id='word_1_507' title='bbox 389 5020 571 5072; x_wconf 81' lang='lat' dir='ltr'><strong>porro,</strong></span> <span class='ocrx_word' id='word_1_508' title='bbox 625 5023 643 5054; x_wconf 80' lang='grc' dir='ltr'><strong>ι</strong></span> <span class='ocrx_word' id='word_1_509' title='bbox 683 5006 734 5056; x_wconf 86' lang='grc' dir='ltr'>ἰιι</span> <span class='ocrx_word' id='word_1_510' title='bbox 787 5016 1070 5064; x_wconf 56' lang='lat' dir='ltr'><strong>aeternum,</strong></span> <span class='ocrx_word' id='word_1_511' title='bbox 1112 5025 1128 5054; x_wconf 79' lang='grc' dir='ltr'><strong>ι</strong></span> <span class='ocrx_word' id='word_1_512' title='bbox 1179 5006 1278 5059; x_wconf 90' lang='lat' dir='ltr'><strong>etsi</strong></span> <span class='ocrx_word' id='word_1_513' title='bbox 1331 5007 1652 5059; x_wconf 87' lang='lat' dir='ltr'><strong>omittantur</strong></span> <span class='ocrx_word' id='word_1_514' title='bbox 1697 5007 1750 5058; x_wconf 92' lang='lat' dir='ltr'><strong>in</strong></span> <span class='ocrx_word' id='word_1_515' title='bbox 1807 5007 1966 5058; x_wconf 87' lang='lat' dir='ltr'><strong>editis</strong></span> 
     </span>
    </p>
   </div>
   <div class='ocr_carea' id='block_1_65' title="bbox 385 5074 1961 5142">
    <p class='ocr_par' dir='ltr' id='par_1_65' title="bbox 385 5074 1961 5142">
     <span class='ocr_line' id='line_1_66' title="bbox 385 5074 1961 5142; baseline -0.001 -15"><span class='ocrx_word' id='word_1_516' title='bbox 385 5074 811 5142; x_wconf 81' lang='lat' dir='ltr'><strong>exemplaribus,</strong></span> <span class='ocrx_word' id='word_1_517' title='bbox 844 5093 946 5128; x_wconf 88' lang='grc' dir='ltr'>ιιυιι</span> <span class='ocrx_word' id='word_1_518' title='bbox 979 5078 1172 5128; x_wconf 85' lang='lat' dir='ltr'><strong>desunt</strong></span> <span class='ocrx_word' id='word_1_519' title='bbox 1211 5087 1391 5128; x_wconf 88' lang='lat' dir='ltr'><strong>tamen</strong></span> <span class='ocrx_word' id='word_1_520' title='bbox 1441 5077 1494 5129; x_wconf 87' lang='lat' dir='ltr'><strong>in</strong></span> <span class='ocrx_word' id='word_1_521' title='bbox 1538 5085 1725 5130; x_wconf 90' lang='lat' dir='ltr'><strong>nostro</strong></span> <span class='ocrx_word' id='word_1_522' title='bbox 1754 5076 1961 5130; x_wconf 83' lang='lat' dir='ltr'><strong>codice.</strong></span> 
     </span>
    </p>
   </div>
   <div class='ocr_carea' id='block_1_66' title="bbox 459 5143 1334 5213">
    <p class='ocr_par' dir='ltr' id='par_1_66' title="bbox 459 5143 1334 5213">
     <span class='ocr_line' id='line_1_67' title="bbox 459 5143 1334 5213; baseline 0 -17"><span class='ocrx_word' id='word_1_523' title='bbox 459 5144 572 5213; x_wconf 72' lang='grc'><strong>(40)</strong></span> <span class='ocrx_word' id='word_1_524' title='bbox 599 5143 819 5199; x_wconf 69' lang='lat' dir='ltr'><strong>(Icelum.</strong></span> <span class='ocrx_word' id='word_1_525' title='bbox 838 5144 1040 5198; x_wconf 83' lang='lat' dir='ltr'><strong>Jcrem.</strong></span> <span class='ocrx_word' id='word_1_526' title='bbox 1075 5161 1234 5208; x_wconf 77' lang='lat' dir='ltr'><strong>xxut,</strong></span> <span class='ocrx_word' id='word_1_527' title='bbox 1263 5144 1334 5197; x_wconf 69' lang='grc'><strong>24</strong></span> 
     </span>
    </p>
   </div>
   <div class='ocr_carea' id='block_1_67' title="bbox 461 5214 1318 5283">
    <p class='ocr_par' dir='ltr' id='par_1_67' title="bbox 461 5214 1318 5283">
     <span class='ocr_line' id='line_1_68' title="bbox 461 5214 1318 5283; baseline 0 -17"><span class='ocrx_word' id='word_1_528' title='bbox 461 5214 573 5283; x_wconf 75' lang='grc' dir='ltr'><strong>(Η)</strong></span> <span class='ocrx_word' id='word_1_529' title='bbox 609 5214 693 5268; x_wconf 73' lang='lat' dir='ltr'><strong>Et.</strong></span> <span class='ocrx_word' id='word_1_530' title='bbox 721 5215 862 5268; x_wconf 82' lang='lat' dir='ltr'><strong>Psal.</strong></span> <span class='ocrx_word' id='word_1_531' title='bbox 887 5229 1064 5279; x_wconf 82' lang='lat' dir='ltr'><strong>cxuv,</strong></span> <span class='ocrx_word' id='word_1_532' title='bbox 1095 5230 1234 5268; x_wconf 86' lang='lat' dir='ltr'><strong>vers.</strong></span> <span class='ocrx_word' id='word_1_533' title='bbox 1265 5217 1318 5270; x_wconf 81' lang='lat'><strong>5.</strong></span> 
     </span>
    </p>
   </div>
   <div class='ocr_carea' id='block_1_68' title="bbox 461 5283 1503 5354">
    <p class='ocr_par' dir='ltr' id='par_1_68' title="bbox 461 5283 1503 5354">
     <span class='ocr_line' id='line_1_69' title="bbox 461 5283 1503 5354; baseline 0.003 -19"><span class='ocrx_word' id='word_1_534' title='bbox 461 5283 572 5354; x_wconf 63' lang='grc' dir='ltr'><strong>(θ)</strong></span> <span class='ocrx_word' id='word_1_535' title='bbox 606 5284 709 5354; x_wconf 78' lang='lat' dir='ltr'><strong>Qui</strong></span> <span class='ocrx_word' id='word_1_536' title='bbox 759 5286 1042 5338; x_wconf 77' lang='lat' dir='ltr'><strong>descendit.</strong></span> <span class='ocrx_word' id='word_1_537' title='bbox 1087 5285 1282 5353; x_wconf 88' lang='lat' dir='ltr'><strong>Ephes.</strong></span> <span class='ocrx_word' id='word_1_538' title='bbox 1311 5300 1384 5347; x_wconf 89' lang='lat' dir='ltr'><strong>tv,</strong></span> <span class='ocrx_word' id='word_1_539' title='bbox 1415 5285 1503 5340; x_wconf 79' lang='grc'>10.</span> 
     </span>
    </p>
   </div>
   <div class='ocr_carea' id='block_1_69' title="bbox 463 5353 1968 5425">
    <p class='ocr_par' dir='ltr' id='par_1_69' title="bbox 463 5353 1968 5425">
     <span class='ocr_line' id='line_1_70' title="bbox 463 5353 1968 5425; baseline 0.001 -18"><span class='ocrx_word' id='word_1_540' title='bbox 463 5353 597 5425; x_wconf 66' lang='grc'><strong>(45))</strong></span> <span class='ocrx_word' id='word_1_541' title='bbox 649 5353 896 5406; x_wconf 76' lang='lat' dir='ltr'><strong>Faciem.</strong></span> <span class='ocrx_word' id='word_1_542' title='bbox 933 5355 1096 5407; x_wconf 80' lang='lat' dir='ltr'><strong>Amos</strong></span> <span class='ocrx_word' id='word_1_543' title='bbox 1147 5370 1200 5420; x_wconf 84' lang='grc' dir='ltr'><strong>ν,</strong></span> <span class='ocrx_word' id='word_1_544' title='bbox 1241 5355 1294 5417; x_wconf 89' lang='grc'>8,</span> <span class='ocrx_word' id='word_1_545' title='bbox 1351 5357 1436 5408; x_wconf 91' lang='lat' dir='ltr'><strong>ubi</strong></span> <span class='ocrx_word' id='word_1_546' title='bbox 1501 5355 1655 5425; x_wconf 79' lang='lat' dir='ltr'><strong>Vulg.</strong></span> <span class='ocrx_word' id='word_1_547' title='bbox 1701 5356 1968 5421; x_wconf 85' lang='lat' dir='ltr'><strong>interpres</strong></span> 
     </span>
    </p>
   </div>
   <div class='ocr_carea' id='block_1_70' title="bbox 393 5421 1960 5486">
    <p class='ocr_par' dir='ltr' id='par_1_70' title="bbox 393 5421 1960 5486">
     <span class='ocr_line' id='line_1_71' title="bbox 393 5421 1960 5486; baseline 0 -12"><span class='ocrx_word' id='word_1_548' title='bbox 393 5421 526 5476; x_wconf 84' lang='lat' dir='ltr'><strong>nihil</strong></span> <span class='ocrx_word' id='word_1_549' title='bbox 558 5421 681 5478; x_wconf 76' lang='lat' dir='ltr'><strong>tale</strong></span> <span class='ocrx_word' id='word_1_550' title='bbox 743 5425 932 5486; x_wconf 88' lang='lat' dir='ltr'><strong>habet;</strong></span> <span class='ocrx_word' id='word_1_551' title='bbox 996 5426 1155 5477; x_wconf 83' lang='lat' dir='ltr'><strong>vertit</strong></span> <span class='ocrx_word' id='word_1_552' title='bbox 1223 5425 1366 5478; x_wconf 92' lang='lat' dir='ltr'><strong>enim</strong></span> <span class='ocrx_word' id='word_1_553' title='bbox 1403 5442 1416 5477; x_wconf 93' lang='lat'><strong>:</strong></span> <span class='ocrx_word' id='word_1_554' title='bbox 1454 5443 1473 5476; x_wconf 78' lang='grc' dir='ltr'><strong>ι</strong></span> <span class='ocrx_word' id='word_1_555' title='bbox 1514 5421 1824 5479; x_wconf 72' lang='lat' dir='ltr'><strong>Facientem</strong></span> <span class='ocrx_word' id='word_1_556' title='bbox 1860 5425 1960 5477; x_wconf 82' lang='lat' dir='ltr'><strong>Ar-</strong></span> 
     </span>
    </p>
   </div>
   <div class='ocr_carea' id='block_1_71' title="bbox 394 5494 1964 5564">
    <p class='ocr_par' dir='ltr' id='par_1_71' title="bbox 394 5494 1964 5564">
     <span class='ocr_line' id='line_1_72' title="bbox 394 5494 1964 5564; baseline 0.004 -22"><span class='ocrx_word' id='word_1_557' title='bbox 394 5504 635 5554; x_wconf 84' lang='lat' dir='ltr'><strong>cturum,</strong></span> <span class='ocrx_word' id='word_1_558' title='bbox 678 5505 729 5546; x_wconf 86' lang='lat' dir='ltr'><strong>et</strong></span> <span class='ocrx_word' id='word_1_559' title='bbox 753 5495 1027 5547; x_wconf 83' lang='lat' dir='ltr'><strong>Orionem.</strong></span> <span class='ocrx_word' id='word_1_560' title='bbox 1061 5513 1079 5544; x_wconf 75' lang='grc' dir='ltr'><strong>ι</strong></span> <span class='ocrx_word' id='word_1_561' title='bbox 1128 5494 1528 5562; x_wconf 84' lang='lat' dir='ltr'><strong>Complntensis</strong></span> <span class='ocrx_word' id='word_1_562' title='bbox 1572 5497 1656 5548; x_wconf 90' lang='lat' dir='ltr'><strong>ed.</strong></span> <span class='ocrx_word' id='word_1_563' title='bbox 1709 5512 1805 5563; x_wconf 91' lang='lat' dir='ltr'><strong>pro</strong></span> <span class='ocrx_word' id='word_1_564' title='bbox 1869 5511 1964 5564; x_wconf 83' lang='grc' dir='ltr'>με·</span> 
     </span>
    </p>
   </div>
   <div class='ocr_carea' id='block_1_72' title="bbox 391 5563 1964 5627">
    <p class='ocr_par' dir='ltr' id='par_1_72' title="bbox 391 5563 1964 5627">
     <span class='ocr_line' id='line_1_73' title="bbox 391 5563 1964 5627; baseline 0 -13"><span class='ocrx_word' id='word_1_565' title='bbox 391 5565 742 5626; x_wconf 79' lang='grc' dir='ltr'>τασκευάζων</span> <span class='ocrx_word' id='word_1_566' title='bbox 798 5565 958 5615; x_wconf 88' lang='lat' dir='ltr'><strong>habet</strong></span> <span class='ocrx_word' id='word_1_567' title='bbox 1003 5563 1447 5627; x_wconf 74' lang='grc' dir='ltr'>κατασκευάζων.</span> <span class='ocrx_word' id='word_1_568' title='bbox 1492 5567 1597 5619; x_wconf 81' lang='lat' dir='ltr'><strong>Sed</strong></span> <span class='ocrx_word' id='word_1_569' title='bbox 1640 5563 1964 5618; x_wconf 66' lang='lat' dir='ltr'><strong>Francnl’nr-</strong></span> 
     </span>
    </p>
   </div>
   <div class='ocr_carea' id='block_1_73' title="bbox 396 5633 1964 5703">
    <p class='ocr_par' dir='ltr' id='par_1_73' title="bbox 396 5633 1964 5703">
     <span class='ocr_line' id='line_1_74' title="bbox 396 5633 1964 5703; baseline 0 -20"><span class='ocrx_word' id='word_1_570' title='bbox 396 5637 583 5703; x_wconf 82' lang='lat' dir='ltr'><strong>tensis,</strong></span> <span class='ocrx_word' id='word_1_571' title='bbox 621 5633 1060 5703; x_wconf 75' lang='grc' dir='ltr'>μετασκευάζωνο</span> <span class='ocrx_word' id='word_1_572' title='bbox 1089 5639 1276 5703; x_wconf 73' lang='lat' dir='ltr'><strong>ambae</strong></span> <span class='ocrx_word' id='word_1_573' title='bbox 1329 5650 1451 5687; x_wconf 74' lang='lat' dir='ltr'><strong>vero</strong></span> <span class='ocrx_word' id='word_1_574' title='bbox 1487 5646 1672 5687; x_wconf 87' lang='lat' dir='ltr'><strong>carent</strong></span> <span class='ocrx_word' id='word_1_575' title='bbox 1704 5650 1835 5686; x_wconf 86' lang='lat' dir='ltr'><strong>voce</strong></span> <span class='ocrx_word' id='word_1_576' title='bbox 1864 5633 1964 5684; x_wconf 79' lang='grc' dir='ltr'>αύ-</span> 
     </span>
    </p>
   </div>
   <div class='ocr_carea' id='block_1_74' title="bbox 394 5700 1970 5771">
    <p class='ocr_par' dir='ltr' id='par_1_74' title="bbox 394 5700 1970 5771">
     <span class='ocr_line' id='line_1_75' title="bbox 394 5700 1970 5771; baseline 0.001 -20"><span class='ocrx_word' id='word_1_577' title='bbox 394 5700 485 5752; x_wconf 67' lang='grc' dir='ltr'><strong>τάι</strong></span> <span class='ocrx_word' id='word_1_578' title='bbox 505 5700 814 5768; x_wconf 70' lang='lat' dir='ltr'><strong>qna-tanien</strong></span> <span class='ocrx_word' id='word_1_579' title='bbox 839 5719 944 5755; x_wconf 91' lang='lat' dir='ltr'><strong>non</strong></span> <span class='ocrx_word' id='word_1_580' title='bbox 993 5702 1261 5756; x_wconf 86' lang='lat' dir='ltr'><strong>omittitur</strong></span> <span class='ocrx_word' id='word_1_581' title='bbox 1285 5706 1421 5770; x_wconf 85' lang='lat' dir='ltr'><strong>apud</strong></span> <span class='ocrx_word' id='word_1_582' title='bbox 1443 5703 1700 5761; x_wconf 84' lang='lat' dir='ltr'><strong>Basiliqu</strong></span> <span class='ocrx_word' id='word_1_583' title='bbox 1732 5705 1783 5756; x_wconf 91' lang='lat' dir='ltr'><strong>in</strong></span> <span class='ocrx_word' id='word_1_584' title='bbox 1813 5720 1970 5771; x_wconf 82' lang='lat' dir='ltr'><strong>qtnn—</strong></span> 
     </span>
    </p>
   </div>
   <div class='ocr_carea' id='block_1_75' title="bbox 401 5772 1324 5835">
    <p class='ocr_par' dir='ltr' id='par_1_75' title="bbox 401 5772 1324 5835">
     <span class='ocr_line' id='line_1_76' title="bbox 401 5772 1324 5835; baseline 0.003 -16"><span class='ocrx_word' id='word_1_585' title='bbox 401 5779 454 5824; x_wconf 82' lang='grc' dir='ltr'><strong>ιιι</strong></span> <span class='ocrx_word' id='word_1_586' title='bbox 483 5784 659 5823; x_wconf 82' lang='lat' dir='ltr'><strong>contra</strong></span> <span class='ocrx_word' id='word_1_587' title='bbox 693 5773 1032 5833; x_wconf 70' lang='lat' dir='ltr'><strong>Eunomium,</strong></span> <span class='ocrx_word' id='word_1_588' title='bbox 1055 5789 1175 5835; x_wconf 66' lang='lat' dir='ltr'><strong>pag.</strong></span> <span class='ocrx_word' id='word_1_589' title='bbox 1199 5772 1324 5825; x_wconf 73' lang='lat'><strong>‘296.</strong></span> 
     </span>
    </p>
   </div>
   <div class='ocr_carea' id='block_1_76' title="bbox 471 5840 1966 5913">
    <p class='ocr_par' dir='ltr' id='par_1_76' title="bbox 471 5840 1966 5913">
     <span class='ocr_line' id='line_1_77' title="bbox 471 5840 1966 5913; baseline 0.005 -22"><span class='ocrx_word' id='word_1_590' title='bbox 471 5840 582 5907; x_wconf 70' lang='grc'><strong>(44)</strong></span> <span class='ocrx_word' id='word_1_591' title='bbox 607 5840 782 5895; x_wconf 80' lang='lat' dir='ltr'><strong>Aiunt.</strong></span> <span class='ocrx_word' id='word_1_592' title='bbox 816 5840 945 5896; x_wconf 85' lang='lat' dir='ltr'><strong>Vide</strong></span> <span class='ocrx_word' id='word_1_593' title='bbox 967 5854 1075 5897; x_wconf 85' lang='lat' dir='ltr'><strong>not.</strong></span> <span class='ocrx_word' id='word_1_594' title='bbox 1100 5841 1161 5896; x_wconf 84' lang='grc'>51</span> <span class='ocrx_word' id='word_1_595' title='bbox 1177 5883 1189 5903; x_wconf 86' lang='grc'><strong>,</strong></span> <span class='ocrx_word' id='word_1_596' title='bbox 1211 5841 1624 5913; x_wconf 76' lang='lat' dir='ltr'><strong>pag.69.\&#39;crbis</strong></span> <span class='ocrx_word' id='word_1_597' title='bbox 1643 5853 1818 5898; x_wconf 87' lang='lat' dir='ltr'><strong>autem</strong></span> <span class='ocrx_word' id='word_1_598' title='bbox 1840 5843 1966 5910; x_wconf 93' lang='lat' dir='ltr'><strong>illis,</strong></span> 
     </span>
    </p>
   </div>
   <div class='ocr_carea' id='block_1_77' title="bbox 2036 1852 3622 1935">
    <p class='ocr_par' dir='ltr' id='par_1_77' title="bbox 2036 1852 3622 1935">
     <span class='ocr_line' id='line_1_78' title="bbox 2036 1852 3622 1935; baseline 0.008 -31"><span class='ocrx_word' id='word_1_599' title='bbox 2036 1852 2242 1926; x_wconf 80' lang='grc' dir='ltr'>φθορὰν</span> <span class='ocrx_word' id='word_1_600' title='bbox 2270 1853 2598 1925; x_wconf 80' lang='grc' dir='ltr'>ἐπιδέχεται,</span> <span class='ocrx_word' id='word_1_601' title='bbox 2631 1857 2731 1928; x_wconf 85' lang='grc' dir='ltr'>τὴν</span> <span class='ocrx_word' id='word_1_602' title='bbox 2751 1859 2981 1930; x_wconf 74' lang='grc' dir='ltr'>τροπὴν,</span> <span class='ocrx_word' id='word_1_603' title='bbox 3031 1861 3098 1930; x_wconf 79' lang='grc' dir='ltr'><strong>ἥν</strong></span> <span class='ocrx_word' id='word_1_604' title='bbox 3132 1881 3312 1932; x_wconf 83' lang='grc' dir='ltr'>φαμεν</span> <span class='ocrx_word' id='word_1_605' title='bbox 3335 1865 3426 1917; x_wconf 79' lang='grc' dir='ltr'><strong>καὶ</strong></span> <span class='ocrx_word' id='word_1_606' title='bbox 3454 1881 3622 1935; x_wconf 68' lang='grc' dir='ltr'>μετι-</span> 
     </span>
    </p>
   </div>
   <div class='ocr_carea' id='block_1_78' title="bbox 2037 1944 3622 2020">
    <p class='ocr_par' dir='ltr' id='par_1_78' title="bbox 2037 1944 3622 2020">
     <span class='ocr_line' id='line_1_79' title="bbox 2037 1944 3622 2020; baseline 0.009 -24"><span class='ocrx_word' id='word_1_607' title='bbox 2037 1944 2217 2016; x_wconf 76' lang='grc' dir='ltr'>ϐολὴν,</span> <span class='ocrx_word' id='word_1_608' title='bbox 2240 1945 2364 2016; x_wconf 82' lang='grc' dir='ltr'><strong>ὼςὴ</strong></span> <span class='ocrx_word' id='word_1_609' title='bbox 2396 1948 2700 2020; x_wconf 77' lang='grc' dir='ltr'>προφητεία</span> <span class='ocrx_word' id='word_1_610' title='bbox 2723 1950 2890 2018; x_wconf 82' lang='grc' dir='ltr'>λέγει’</span> <span class='ocrx_word' id='word_1_611' title='bbox 2941 1970 2960 2003; x_wconf 77' lang='grc' dir='ltr'><strong>ι</strong></span> <span class='ocrx_word' id='word_1_612' title='bbox 3011 1953 3068 2006; x_wconf 86' lang='lat'><strong>&#39;0</strong></span> <span class='ocrx_word' id='word_1_613' title='bbox 3096 1955 3264 2008; x_wconf 90' lang='grc' dir='ltr'>ποιῶν</span> <span class='ocrx_word' id='word_1_614' title='bbox 3295 1956 3470 2009; x_wconf 91' lang='grc' dir='ltr'>πάντα</span> <span class='ocrx_word' id='word_1_615' title='bbox 3527 1957 3622 2010; x_wconf 71' lang='grc' dir='ltr'><strong>καὶ</strong></span> 
     </span>
    </p>
   </div>
   <div class='ocr_carea' id='block_1_79' title="bbox 2041 2040 3624 2114">
    <p class='ocr_par' dir='ltr' id='par_1_79' title="bbox 2041 2040 3624 2114">
     <span class='ocr_line' id='line_1_80' title="bbox 2041 2040 3624 2114; baseline 0.008 -23"><span class='ocrx_word' id='word_1_616' title='bbox 2041 2041 2461 2109; x_wconf 70' lang='grc' dir='ltr'>μετασκευάςων</span> <span class='ocrx_word' id='word_1_617' title='bbox 2509 2043 2668 2096; x_wconf 81' lang='grc' dir='ltr'>αὐτά.</span> <span class='ocrx_word' id='word_1_618' title='bbox 2711 2063 2730 2094; x_wconf 74' lang='grc' dir='ltr'><strong>ι</strong></span> <span class='ocrx_word' id='word_1_619' title='bbox 2777 2040 2883 2106; x_wconf 74' lang='grc' dir='ltr'>Ἷις</span> <span class='ocrx_word' id='word_1_620' title='bbox 2911 2046 3349 2112; x_wconf 85' lang='grc' dir='ltr'>κατακούσαντες</span> <span class='ocrx_word' id='word_1_621' title='bbox 3378 2049 3486 2103; x_wconf 88' lang='grc' dir='ltr'><strong>τῶν</strong></span> <span class='ocrx_word' id='word_1_622' title='bbox 3520 2049 3624 2114; x_wconf 73' lang='grc' dir='ltr'>ἔξω</span> 
     </span>
    </p>
   </div>
   <div class='ocr_carea' id='block_1_80' title="bbox 2040 2133 2430 2202">
    <p class='ocr_par' dir='ltr' id='par_1_80' title="bbox 2040 2133 2430 2202">
     <span class='ocr_line' id='line_1_81' title="bbox 2040 2133 2430 2202; baseline 0.005 -17"><span class='ocrx_word' id='word_1_623' title='bbox 2040 2134 2214 2202; x_wconf 71' lang='grc' dir='ltr'>σοφοὶ.</span> <span class='ocrx_word' id='word_1_624' title='bbox 2249 2133 2430 2202; x_wconf 73' lang='grc' dir='ltr'>φασίψ</span> 
     </span>
    </p>
   </div>
   <div class='ocr_carea' id='block_1_81' title="bbox 2041 2310 3623 2378">
    <p class='ocr_par' dir='ltr' id='par_1_81' title="bbox 2041 2310 3623 2378">
     <span class='ocr_line' id='line_1_82' title="bbox 2041 2310 3623 2378; baseline -0.001 -9"><span class='ocrx_word' id='word_1_625' title='bbox 2041 2313 2206 2369; x_wconf 80' lang='grc' dir='ltr'><strong>Αὺτὰ</strong></span> <span class='ocrx_word' id='word_1_626' title='bbox 2231 2313 2396 2366; x_wconf 77' lang='grc' dir='ltr'>λύων</span> <span class='ocrx_word' id='word_1_627' title='bbox 2415 2313 2504 2378; x_wconf 86' lang='grc' dir='ltr'>εὶς</span> <span class='ocrx_word' id='word_1_628' title='bbox 2520 2310 2674 2366; x_wconf 83' lang='grc' dir='ltr'>αὐτὰ</span> <span class='ocrx_word' id='word_1_629' title='bbox 2691 2350 2708 2377; x_wconf 88' lang='grc'><strong>,</strong></span> <span class='ocrx_word' id='word_1_630' title='bbox 2734 2312 2830 2366; x_wconf 78' lang='grc' dir='ltr'><strong>καί</strong></span> <span class='ocrx_word' id='word_1_631' title='bbox 2863 2311 2934 2378; x_wconf 80' lang='grc' dir='ltr'><strong>ἐξ</strong></span> <span class='ocrx_word' id='word_1_632' title='bbox 2968 2311 3168 2366; x_wconf 81' lang='grc' dir='ltr'>αὐτῶν</span> <span class='ocrx_word' id='word_1_633' title='bbox 3184 2314 3373 2366; x_wconf 76' lang='grc' dir='ltr'>πάλιν</span> <span class='ocrx_word' id='word_1_634' title='bbox 3397 2313 3623 2377; x_wconf 69' lang='grc' dir='ltr'>αὔξων.</span> 
     </span>
    </p>
   </div>
   <div class='ocr_carea' id='block_1_82' title="bbox 2131 2475 3630 2548">
    <p class='ocr_par' dir='ltr' id='par_1_82' title="bbox 2131 2475 3630 2548">
     <span class='ocr_line' id='line_1_83' title="bbox 2131 2475 3630 2548; baseline -0.001 -16"><span class='ocrx_word' id='word_1_635' title='bbox 2131 2478 2198 2532; x_wconf 85' lang='grc' dir='ltr'><strong>Ἦ</strong></span> <span class='ocrx_word' id='word_1_636' title='bbox 2235 2477 2332 2547; x_wconf 80' lang='grc' dir='ltr'>μὲν</span> <span class='ocrx_word' id='word_1_637' title='bbox 2373 2476 2484 2548; x_wconf 76' lang='grc' dir='ltr'><strong>γάρ</strong></span> <span class='ocrx_word' id='word_1_638' title='bbox 2544 2476 2838 2546; x_wconf 81' lang='grc' dir='ltr'>ἀσώματος</span> <span class='ocrx_word' id='word_1_639' title='bbox 2872 2475 3065 2547; x_wconf 82' lang='grc' dir='ltr'>λογικὴ</span> <span class='ocrx_word' id='word_1_640' title='bbox 3099 2477 3293 2541; x_wconf 84' lang='grc' dir='ltr'>κτίσις,</span> <span class='ocrx_word' id='word_1_641' title='bbox 3349 2475 3448 2548; x_wconf 84' lang='grc' dir='ltr'><strong>τὴν</strong></span> <span class='ocrx_word' id='word_1_642' title='bbox 3486 2475 3630 2530; x_wconf 83' lang='grc' dir='ltr'><strong>κατά</strong></span> 
     </span>
    </p>
   </div>
   <div class='ocr_carea' id='block_1_83' title="bbox 2044 2568 3628 2640">
    <p class='ocr_par' dir='ltr' id='par_1_83' title="bbox 2044 2568 3628 2640">
     <span class='ocr_line' id='line_1_84' title="bbox 2044 2568 3628 2640; baseline 0 -18"><span class='ocrx_word' id='word_1_643' title='bbox 2044 2569 2362 2640; x_wconf 78' lang='grc' dir='ltr'>προαίρεσιν</span> <span class='ocrx_word' id='word_1_644' title='bbox 2417 2569 2529 2640; x_wconf 82' lang='grc' dir='ltr'>ἔχει</span> <span class='ocrx_word' id='word_1_645' title='bbox 2589 2568 2851 2640; x_wconf 77' lang='grc' dir='ltr'>φθορὰν,ι</span> <span class='ocrx_word' id='word_1_646' title='bbox 2882 2568 2975 2622; x_wconf 78' lang='grc' dir='ltr'><strong>τοῦ</strong></span> <span class='ocrx_word' id='word_1_647' title='bbox 3044 2569 3141 2639; x_wconf 87' lang='grc' dir='ltr'>μὲν</span> <span class='ocrx_word' id='word_1_648' title='bbox 3197 2569 3332 2622; x_wconf 81' lang='grc' dir='ltr'><strong>Θεοῦ</strong></span> <span class='ocrx_word' id='word_1_649' title='bbox 3403 2571 3628 2640; x_wconf 81' lang='grc' dir='ltr'>μόνιμον</span> 
     </span>
    </p>
   </div>
   <div class='ocr_carea' id='block_1_84' title="bbox 2045 2661 3628 2734">
    <p class='ocr_par' dir='ltr' id='par_1_84' title="bbox 2045 2661 3628 2734">
     <span class='ocr_line' id='line_1_85' title="bbox 2045 2661 3628 2734; baseline -0.002 -18"><span class='ocrx_word' id='word_1_650' title='bbox 2045 2665 2180 2734; x_wconf 80' lang='grc' dir='ltr'>αὐτῇ</span> <span class='ocrx_word' id='word_1_651' title='bbox 2224 2661 2384 2731; x_wconf 78' lang='grc' dir='ltr'>φύσιν</span> <span class='ocrx_word' id='word_1_652' title='bbox 2420 2662 2732 2725; x_wconf 84' lang='grc' dir='ltr'>δεδωκότος,</span> <span class='ocrx_word' id='word_1_653' title='bbox 2758 2661 2850 2714; x_wconf 78' lang='grc' dir='ltr'><strong>καὶ</strong></span> <span class='ocrx_word' id='word_1_654' title='bbox 2884 2665 3180 2732; x_wconf 84' lang='grc' dir='ltr'>στήσαντος</span> <span class='ocrx_word' id='word_1_655' title='bbox 3216 2661 3384 2730; x_wconf 75' lang='grc' dir='ltr'>αὐτὴν</span> <span class='ocrx_word' id='word_1_656' title='bbox 3429 2664 3508 2724; x_wconf 83' lang='grc' dir='ltr'><strong>εἰς</strong></span> <span class='ocrx_word' id='word_1_657' title='bbox 3543 2661 3628 2714; x_wconf 77' lang='grc' dir='ltr'><strong>τὸν</strong></span> 
     </span>
    </p>
   </div>
   <div class='ocr_carea' id='block_1_85' title="bbox 2048 2755 3624 2825">
    <p class='ocr_par' dir='ltr' id='par_1_85' title="bbox 2048 2755 3624 2825">
     <span class='ocr_line' id='line_1_86' title="bbox 2048 2755 3624 2825; baseline -0.003 -13"><span class='ocrx_word' id='word_1_658' title='bbox 2048 2759 2234 2812; x_wconf 85' lang='grc' dir='ltr'>αἰῶνα.</span> <span class='ocrx_word' id='word_1_659' title='bbox 2272 2758 2367 2811; x_wconf 79' lang='grc' dir='ltr'><strong>καὶ</strong></span> <span class='ocrx_word' id='word_1_660' title='bbox 2396 2759 2475 2820; x_wconf 88' lang='grc' dir='ltr'>εἰς</span> <span class='ocrx_word' id='word_1_661' title='bbox 2520 2755 2610 2810; x_wconf 79' lang='grc' dir='ltr'><strong>τὸν</strong></span> <span class='ocrx_word' id='word_1_662' title='bbox 2654 2756 2827 2810; x_wconf 76' lang='grc' dir='ltr'>αἰῶνα</span> <span class='ocrx_word' id='word_1_663' title='bbox 2856 2755 2948 2809; x_wconf 80' lang='grc' dir='ltr'><strong>τοῦ</strong></span> <span class='ocrx_word' id='word_1_664' title='bbox 2977 2755 3171 2818; x_wconf 75' lang='grc' dir='ltr'>αἰῶνος</span> <span class='ocrx_word' id='word_1_665' title='bbox 3197 2771 3210 2785; x_wconf 84' lang='grc'>⁶</span> <span class='ocrx_word' id='word_1_666' title='bbox 3241 2755 3412 2825; x_wconf 73' lang='grc' dir='ltr'>αὐτῆς</span> <span class='ocrx_word' id='word_1_667' title='bbox 3441 2755 3496 2808; x_wconf 81' lang='grc' dir='ltr'>δὲ</span> <span class='ocrx_word' id='word_1_668' title='bbox 3529 2757 3624 2807; x_wconf 73' lang='grc' dir='ltr'>αύο</span> 
     </span>
    </p>
   </div>
   <div class='ocr_carea' id='block_1_86' title="bbox 2046 2847 3633 2920">
    <p class='ocr_par' dir='ltr' id='par_1_86' title="bbox 2046 2847 3633 2920">
     <span class='ocr_line' id='line_1_87' title="bbox 2046 2847 3633 2920; baseline -0.001 -19"><span class='ocrx_word' id='word_1_669' title='bbox 2046 2849 2452 2920; x_wconf 82' lang='grc' dir='ltr'>τοπροαιρέτως</span> <span class='ocrx_word' id='word_1_670' title='bbox 2479 2849 2972 2920; x_wconf 77' lang='grc' dir='ltr'>μεταὸαλλομένης,</span> <span class='ocrx_word' id='word_1_671' title='bbox 3008 2847 3102 2902; x_wconf 74' lang='grc' dir='ltr'>καὶ</span> <span class='ocrx_word' id='word_1_672' title='bbox 3126 2849 3206 2912; x_wconf 82' lang='grc' dir='ltr'><strong>είς</strong></span> <span class='ocrx_word' id='word_1_673' title='bbox 3230 2847 3448 2918; x_wconf 87' lang='grc' dir='ltr'>χείρονα</span> <span class='ocrx_word' id='word_1_674' title='bbox 3480 2849 3633 2900; x_wconf 77' lang='grc' dir='ltr'>ἐκπι-</span> 
     </span>
    </p>
   </div>
   <div class='ocr_carea' id='block_1_87' title="bbox 2049 2940 3632 3014">
    <p class='ocr_par' dir='ltr' id='par_1_87' title="bbox 2049 2940 3632 3014">
     <span class='ocr_line' id='line_1_88' title="bbox 2049 2940 3632 3014; baseline -0.003 -17"><span class='ocrx_word' id='word_1_675' title='bbox 2049 2944 2290 3013; x_wconf 63' lang='grc' dir='ltr'>πτωύσης</span> <span class='ocrx_word' id='word_1_676' title='bbox 2317 2943 2490 3013; x_wconf 83' lang='grc' dir='ltr'>λῆξιν,</span> <span class='ocrx_word' id='word_1_677' title='bbox 2515 2944 2610 2996; x_wconf 73' lang='grc' dir='ltr'><strong>καὶ</strong></span> <span class='ocrx_word' id='word_1_678' title='bbox 2636 2943 2784 3014; x_wconf 84' lang='grc' dir='ltr'>αὐτῷ</span> <span class='ocrx_word' id='word_1_679' title='bbox 2816 2943 2989 3012; x_wconf 87' lang='grc' dir='ltr'>τούτῳ</span> <span class='ocrx_word' id='word_1_680' title='bbox 3015 2941 3396 3013; x_wconf 83' lang='grc' dir='ltr'>φθειρομένης.</span> <span class='ocrx_word' id='word_1_681' title='bbox 3430 2940 3501 3003; x_wconf 80' lang='grc' dir='ltr'>ὡς</span> <span class='ocrx_word' id='word_1_682' title='bbox 3530 2941 3632 2992; x_wconf 79' lang='grc' dir='ltr'>ἀπ-</span> 
     </span>
    </p>
   </div>
   <div class='ocr_carea' id='block_1_88' title="bbox 2049 3030 3634 3102">
    <p class='ocr_par' dir='ltr' id='par_1_88' title="bbox 2049 3030 3634 3102">
     <span class='ocr_line' id='line_1_89' title="bbox 2049 3030 3634 3102; baseline -0.004 -13"><span class='ocrx_word' id='word_1_683' title='bbox 2049 3035 2260 3089; x_wconf 90' lang='grc' dir='ltr'>ολλύειν</span> <span class='ocrx_word' id='word_1_684' title='bbox 2277 3030 2386 3088; x_wconf 75' lang='grc' dir='ltr'>οἷον</span> <span class='ocrx_word' id='word_1_685' title='bbox 2408 3038 2472 3089; x_wconf 82' lang='grc' dir='ltr'>ὲκ</span> <span class='ocrx_word' id='word_1_686' title='bbox 2492 3035 2682 3088; x_wconf 83' lang='grc' dir='ltr'>τούτου</span> <span class='ocrx_word' id='word_1_687' title='bbox 2704 3036 2763 3088; x_wconf 79' lang='grc' dir='ltr'>τὸ</span> <span class='ocrx_word' id='word_1_688' title='bbox 2780 3034 3059 3088; x_wconf 79' lang='grc' dir='ltr'>καλεῖσθαι</span> <span class='ocrx_word' id='word_1_689' title='bbox 3076 3033 3269 3096; x_wconf 84' lang='grc' dir='ltr'>αἰῶνος</span> <span class='ocrx_word' id='word_1_690' title='bbox 3306 3033 3379 3085; x_wconf 86' lang='grc' dir='ltr'>Τὸ</span> <span class='ocrx_word' id='word_1_691' title='bbox 3389 3032 3497 3102; x_wconf 83' lang='grc' dir='ltr'>γὰρ</span> <span class='ocrx_word' id='word_1_692' title='bbox 3523 3033 3634 3084; x_wconf 86' lang='grc' dir='ltr'>ὁτι-</span> 
     </span>
    </p>
   </div>
   <div class='ocr_carea' id='block_1_89' title="bbox 2049 3124 3630 3197">
    <p class='ocr_par' dir='ltr' id='par_1_89' title="bbox 2049 3124 3630 3197">
     <span class='ocr_line' id='line_1_90' title="bbox 2049 3124 3630 3197; baseline -0.003 -19"><span class='ocrx_word' id='word_1_693' title='bbox 2049 3125 2249 3197; x_wconf 88' lang='grc' dir='ltr'>δήποτε</span> <span class='ocrx_word' id='word_1_694' title='bbox 2267 3127 2621 3197; x_wconf 79' lang='grc' dir='ltr'>ὲξερχόμενον</span> <span class='ocrx_word' id='word_1_695' title='bbox 2643 3127 3016 3193; x_wconf 80' lang='grc' dir='ltr'>ἑαυτοῦ,τοῦτ’</span> <span class='ocrx_word' id='word_1_696' title='bbox 3039 3126 3188 3178; x_wconf 80' lang='grc' dir='ltr'>ἔστιν</span> <span class='ocrx_word' id='word_1_697' title='bbox 3211 3124 3630 3192; x_wconf 83' lang='grc' dir='ltr'>ἀλλασσόμενον,</span> 
     </span>
    </p>
   </div>
   <div class='ocr_carea' id='block_1_90' title="bbox 2053 3211 3634 3287">
    <p class='ocr_par' dir='ltr' id='par_1_90' title="bbox 2053 3211 3634 3287">
     <span class='ocr_line' id='line_1_91' title="bbox 2053 3211 3634 3287; baseline -0.004 -19"><span class='ocrx_word' id='word_1_698' title='bbox 2053 3215 2280 3268; x_wconf 86' lang='grc' dir='ltr'>θάνατον</span> <span class='ocrx_word' id='word_1_699' title='bbox 2306 3216 2570 3287; x_wconf 84' lang='grc' dir='ltr'>εὑρίσκει,</span> <span class='ocrx_word' id='word_1_700' title='bbox 2603 3216 2706 3270; x_wconf 70' lang='grc' dir='ltr'>κᾶν</span> <span class='ocrx_word' id='word_1_701' title='bbox 2733 3217 2906 3279; x_wconf 79' lang='grc' dir='ltr'>ἄλλως</span> <span class='ocrx_word' id='word_1_702' title='bbox 2929 3215 3192 3286; x_wconf 84' lang='grc' dir='ltr'>διαμένει,</span> <span class='ocrx_word' id='word_1_703' title='bbox 3233 3215 3332 3283; x_wconf 79' lang='grc' dir='ltr'><strong>τὴν</strong></span> <span class='ocrx_word' id='word_1_704' title='bbox 3372 3211 3508 3265; x_wconf 86' lang='grc' dir='ltr'>ίδίαν</span> <span class='ocrx_word' id='word_1_705' title='bbox 3537 3212 3634 3264; x_wconf 75' lang='grc' dir='ltr'>ἀ).-</span> 
     </span>
    </p>
   </div>
   <div class='ocr_carea' id='block_1_91' title="bbox 2052 3306 3635 3380">
    <p class='ocr_par' dir='ltr' id='par_1_91' title="bbox 2052 3306 3635 3380">
     <span class='ocr_line' id='line_1_92' title="bbox 2052 3306 3635 3380; baseline 0.001 -21"><span class='ocrx_word' id='word_1_706' title='bbox 2052 3306 2286 3362; x_wconf 86' lang='grc' dir='ltr'>λοίωσιν.</span> <span class='ocrx_word' id='word_1_707' title='bbox 2318 3309 2427 3362; x_wconf 72' lang='grc' dir='ltr'>Καὶ</span> <span class='ocrx_word' id='word_1_708' title='bbox 2454 3308 2562 3379; x_wconf 82' lang='grc' dir='ltr'><strong>γὰρ</strong></span> <span class='ocrx_word' id='word_1_709' title='bbox 2584 3309 2722 3380; x_wconf 80' lang='grc' dir='ltr'>ὅπερ</span> <span class='ocrx_word' id='word_1_710' title='bbox 2757 3307 2821 3362; x_wconf 81' lang='grc' dir='ltr'>ἂν</span> <span class='ocrx_word' id='word_1_711' title='bbox 2850 3311 3066 3378; x_wconf 82' lang='grc' dir='ltr'>νοήσαις</span> <span class='ocrx_word' id='word_1_712' title='bbox 3100 3306 3190 3380; x_wconf 82' lang='grc'><strong>[67</strong></span> <span class='ocrx_word' id='word_1_713' title='bbox 3227 3307 3282 3379; x_wconf 76' lang='grc' dir='ltr'>ιι]</span> <span class='ocrx_word' id='word_1_714' title='bbox 3307 3307 3635 3377; x_wconf 78' lang='grc' dir='ltr'>γεγενῆσθαι</span> 
     </span>
    </p>
   </div>
   <div class='ocr_carea' id='block_1_92' title="bbox 2052 3396 3633 3474">
    <p class='ocr_par' dir='ltr' id='par_1_92' title="bbox 2052 3396 3633 3474">
     <span class='ocr_line' id='line_1_93' title="bbox 2052 3396 3633 3474; baseline 0.001 -22"><span class='ocrx_word' id='word_1_715' title='bbox 2052 3400 2265 3464; x_wconf 75' lang='grc' dir='ltr'>ἔπειτα,</span> <span class='ocrx_word' id='word_1_716' title='bbox 2294 3399 2452 3453; x_wconf 77' lang='grc' dir='ltr'>τοῦτο</span> <span class='ocrx_word' id='word_1_717' title='bbox 2486 3401 2715 3463; x_wconf 84' lang='grc' dir='ltr'>θάνατος</span> <span class='ocrx_word' id='word_1_718' title='bbox 2756 3402 2849 3454; x_wconf 82' lang='grc' dir='ltr'>τοῦ</span> <span class='ocrx_word' id='word_1_719' title='bbox 2880 3403 3146 3474; x_wconf 79' lang='grc' dir='ltr'>προτέρου</span> <span class='ocrx_word' id='word_1_720' title='bbox 3185 3402 3363 3455; x_wconf 81' lang='grc' dir='ltr'>ἐστίν·</span> <span class='ocrx_word' id='word_1_721' title='bbox 3391 3396 3501 3454; x_wconf 74' lang='grc' dir='ltr'>οἷόν</span> <span class='ocrx_word' id='word_1_722' title='bbox 3522 3418 3573 3453; x_wconf 91' lang='grc' dir='ltr'><strong>τι</strong></span> <span class='ocrx_word' id='word_1_723' title='bbox 3600 3403 3633 3470; x_wconf 87' lang='grc' dir='ltr'>ἠ</span> 
     </span>
    </p>
   </div>
   <div class='ocr_carea' id='block_1_93' title="bbox 2054 3486 3636 3564">
    <p class='ocr_par' dir='ltr' id='par_1_93' title="bbox 2054 3486 3636 3564">
     <span class='ocr_line' id='line_1_94' title="bbox 2054 3486 3636 3564; baseline -0.002 -19"><span class='ocrx_word' id='word_1_724' title='bbox 2054 3491 2221 3545; x_wconf 84' lang='grc' dir='ltr'>κακία</span> <span class='ocrx_word' id='word_1_725' title='bbox 2259 3494 2523 3563; x_wconf 86' lang='grc' dir='ltr'>γενομένη</span> <span class='ocrx_word' id='word_1_726' title='bbox 2563 3494 2855 3564; x_wconf 82' lang='grc' dir='ltr'>ἀγαθότης,</span> <span class='ocrx_word' id='word_1_727' title='bbox 2891 3492 3217 3546; x_wconf 82' lang='grc' dir='ltr'>θανατοῦται</span> <span class='ocrx_word' id='word_1_728' title='bbox 3258 3492 3406 3564; x_wconf 73' lang='grc' dir='ltr'>αὐτῷ</span> <span class='ocrx_word' id='word_1_729' title='bbox 3454 3486 3498 3559; x_wconf 81' lang='grc' dir='ltr'>ᾧ</span> <span class='ocrx_word' id='word_1_730' title='bbox 3531 3493 3636 3545; x_wconf 84' lang='grc' dir='ltr'>ἀπ-</span> 
     </span>
    </p>
   </div>
   <div class='ocr_carea' id='block_1_94' title="bbox 2057 3583 3637 3655">
    <p class='ocr_par' dir='ltr' id='par_1_94' title="bbox 2057 3583 3637 3655">
     <span class='ocr_line' id='line_1_95' title="bbox 2057 3583 3637 3655; baseline -0.001 -19"><span class='ocrx_word' id='word_1_731' title='bbox 2057 3585 2184 3654; x_wconf 85' lang='grc' dir='ltr'>έστη</span> <span class='ocrx_word' id='word_1_732' title='bbox 2222 3583 2325 3636; x_wconf 82' lang='grc' dir='ltr'><strong>ὑπὸ</strong></span> <span class='ocrx_word' id='word_1_733' title='bbox 2349 3585 2446 3654; x_wconf 84' lang='grc' dir='ltr'>τῆς</span> <span class='ocrx_word' id='word_1_734' title='bbox 2475 3585 2808 3655; x_wconf 85' lang='grc' dir='ltr'>ἁγαθότητος</span> <span class='ocrx_word' id='word_1_735' title='bbox 2833 3603 2845 3615; x_wconf 90' lang='grc'><strong>·</strong></span> <span class='ocrx_word' id='word_1_736' title='bbox 2873 3585 2966 3638; x_wconf 62' lang='grc' dir='ltr'><strong>καὶ⁵</strong></span> <span class='ocrx_word' id='word_1_737' title='bbox 2993 3585 3054 3638; x_wconf 80' lang='grc' dir='ltr'>τὸ</span> <span class='ocrx_word' id='word_1_738' title='bbox 3086 3584 3341 3655; x_wconf 79' lang='grc' dir='ltr'>ἔμπαλιν,</span> <span class='ocrx_word' id='word_1_739' title='bbox 3375 3587 3409 3655; x_wconf 79' lang='grc' dir='ltr'>ἡ</span> <span class='ocrx_word' id='word_1_740' title='bbox 3438 3583 3637 3652; x_wconf 72' lang='grc' dir='ltr'>ἁγαθό-</span> 
     </span>
    </p>
   </div>
   <div class='ocr_carea' id='block_1_95' title="bbox 2054 3675 3638 3748">
    <p class='ocr_par' dir='ltr' id='par_1_95' title="bbox 2054 3675 3638 3748">
     <span class='ocr_line' id='line_1_96' title="bbox 2054 3675 3638 3748; baseline -0.001 -20"><span class='ocrx_word' id='word_1_741' title='bbox 2054 3693 2150 3746; x_wconf 89' lang='grc' dir='ltr'><strong>της</strong></span> <span class='ocrx_word' id='word_1_742' title='bbox 2174 3675 2278 3728; x_wconf 82' lang='grc' dir='ltr'><strong>ὑπὸ</strong></span> <span class='ocrx_word' id='word_1_743' title='bbox 2309 3676 2404 3746; x_wconf 84' lang='grc' dir='ltr'>τῆς</span> <span class='ocrx_word' id='word_1_744' title='bbox 2438 3677 2652 3741; x_wconf 83' lang='grc' dir='ltr'>κακίας.</span> <span class='ocrx_word' id='word_1_745' title='bbox 2685 3678 2868 3730; x_wconf 85' lang='grc' dir='ltr'>Ἔστιν</span> <span class='ocrx_word' id='word_1_746' title='bbox 2891 3677 2998 3748; x_wconf 87' lang='grc' dir='ltr'><strong>γάρ</strong></span> <span class='ocrx_word' id='word_1_747' title='bbox 3033 3695 3153 3729; x_wconf 90' lang='grc' dir='ltr'>τινα</span> <span class='ocrx_word' id='word_1_748' title='bbox 3184 3677 3328 3748; x_wconf 76' lang='grc' dir='ltr'>άπερ</span> <span class='ocrx_word' id='word_1_749' title='bbox 3359 3677 3445 3730; x_wconf 68' lang='grc' dir='ltr'>ἀεὶ</span> <span class='ocrx_word' id='word_1_750' title='bbox 3480 3677 3638 3728; x_wconf 84' lang='grc' dir='ltr'>ἑστά-</span> 
     </span>
    </p>
   </div>
   <div class='ocr_carea' id='block_1_96' title="bbox 2056 3766 3635 3840">
    <p class='ocr_par' dir='ltr' id='par_1_96' title="bbox 2056 3766 3635 3840">
     <span class='ocr_line' id='line_1_97' title="bbox 2056 3766 3635 3840; baseline -0.001 -19"><span class='ocrx_word' id='word_1_751' title='bbox 2056 3785 2143 3821; x_wconf 86' lang='grc' dir='ltr'>ναι</span> <span class='ocrx_word' id='word_1_752' title='bbox 2183 3766 2258 3837; x_wconf 86' lang='grc' dir='ltr'>τῷ</span> <span class='ocrx_word' id='word_1_753' title='bbox 2293 3767 2493 3840; x_wconf 82' lang='grc' dir='ltr'>πρώτῳ</span> <span class='ocrx_word' id='word_1_754' title='bbox 2528 3770 2661 3840; x_wconf 84' lang='grc' dir='ltr'>ὅρῳ,</span> <span class='ocrx_word' id='word_1_755' title='bbox 2695 3771 2743 3821; x_wconf 89' lang='grc' dir='ltr'><strong>εί</strong></span> <span class='ocrx_word' id='word_1_756' title='bbox 2769 3769 2863 3821; x_wconf 57' lang='grc' dir='ltr'><strong>καὶ⁷</strong></span> <span class='ocrx_word' id='word_1_757' title='bbox 2903 3769 2976 3840; x_wconf 81' lang='grc' dir='ltr'><strong>μὴ</strong></span> <span class='ocrx_word' id='word_1_758' title='bbox 3003 3770 3211 3840; x_wconf 71' lang='grc' dir='ltr'>ἠρνήθη</span> <span class='ocrx_word' id='word_1_759' title='bbox 3247 3768 3405 3821; x_wconf 79' lang='grc' dir='ltr'>τοῦτο</span> <span class='ocrx_word' id='word_1_760' title='bbox 3435 3769 3635 3828; x_wconf 78' lang='grc' dir='ltr'>αὐτοῖς,</span> 
     </span>
    </p>
   </div>
   <div class='ocr_carea' id='block_1_97' title="bbox 2056 3859 3636 3934">
    <p class='ocr_par' dir='ltr' id='par_1_97' title="bbox 2056 3859 3636 3934">
     <span class='ocr_line' id='line_1_98' title="bbox 2056 3859 3636 3934; baseline 0 -24"><span class='ocrx_word' id='word_1_761' title='bbox 2056 3859 2156 3912; x_wconf 78' lang='grc' dir='ltr'><strong>οὐκ</strong></span> <span class='ocrx_word' id='word_1_762' title='bbox 2196 3860 2467 3930; x_wconf 81' lang='grc' dir='ltr'>ἀνέχεται.</span> <span class='ocrx_word' id='word_1_763' title='bbox 2499 3860 2800 3932; x_wconf 76' lang='grc' dir='ltr'>Τοιγαροῦν</span> <span class='ocrx_word' id='word_1_764' title='bbox 2843 3861 3249 3934; x_wconf 89' lang='grc' dir='ltr'>διαγορεύουσιν</span> <span class='ocrx_word' id='word_1_765' title='bbox 3292 3863 3352 3914; x_wconf 83' lang='grc' dir='ltr'>ἐν</span> <span class='ocrx_word' id='word_1_766' title='bbox 3391 3861 3636 3912; x_wconf 83' lang='grc' dir='ltr'>Ἐπιστο-</span> 
     </span>
    </p>
   </div>
   <div class='ocr_carea' id='block_1_98' title="bbox 2057 3951 3637 4024">
    <p class='ocr_par' dir='ltr' id='par_1_98' title="bbox 2057 3951 3637 4024">
     <span class='ocr_line' id='line_1_99' title="bbox 2057 3951 3637 4024; baseline -0.001 -21"><span class='ocrx_word' id='word_1_767' title='bbox 2057 3951 2177 4014; x_wconf 82' lang='grc' dir='ltr'>λαῖς</span> <span class='ocrx_word' id='word_1_768' title='bbox 2198 3951 2390 4012; x_wconf 83' lang='grc' dir='ltr'>ταῦτα,</span> <span class='ocrx_word' id='word_1_769' title='bbox 2422 3951 2626 4022; x_wconf 84' lang='grc' dir='ltr'>Πέτρος</span> <span class='ocrx_word' id='word_1_770' title='bbox 2651 3952 2747 4021; x_wconf 84' lang='grc' dir='ltr'><strong>μέν</strong></span> <span class='ocrx_word' id='word_1_771' title='bbox 2775 3969 2787 3982; x_wconf 88' lang='grc'><strong>·</strong></span> <span class='ocrx_word' id='word_1_772' title='bbox 2827 3971 2844 4003; x_wconf 80' lang='grc' dir='ltr'>ι</span> <span class='ocrx_word' id='word_1_773' title='bbox 2874 3953 2937 4005; x_wconf 75' lang='lat' dir='ltr'><strong>Et</strong></span> <span class='ocrx_word' id='word_1_774' title='bbox 2971 3953 3077 4024; x_wconf 79' lang='grc' dir='ltr'>γὰρ</span> <span class='ocrx_word' id='word_1_775' title='bbox 3107 3952 3353 4021; x_wconf 85' lang='grc' dir='ltr'>ἀγγέλων</span> <span class='ocrx_word' id='word_1_776' title='bbox 3387 3953 3637 4022; x_wconf 72' lang='grc' dir='ltr'>ἁμαρτη-</span> 
     </span>
    </p>
   </div>
   <div class='ocr_carea' id='block_1_99' title="bbox 2060 4044 3635 4117">
    <p class='ocr_par' dir='ltr' id='par_1_99' title="bbox 2060 4044 3635 4117">
     <span class='ocr_line' id='line_1_100' title="bbox 2060 4044 3635 4117; baseline 0 -21"><span class='ocrx_word' id='word_1_777' title='bbox 2060 4045 2268 4098; x_wconf 83' lang='grc' dir='ltr'>σάντων</span> <span class='ocrx_word' id='word_1_778' title='bbox 2289 4044 2389 4096; x_wconf 80' lang='grc' dir='ltr'><strong>οὑκ</strong></span> <span class='ocrx_word' id='word_1_779' title='bbox 2413 4044 2664 4114; x_wconf 78' lang='grc' dir='ltr'>ἐφείσατο</span> <span class='ocrx_word' id='word_1_780' title='bbox 2693 4047 2720 4097; x_wconf 87' lang='grc' dir='ltr'>ὁ</span> <span class='ocrx_word' id='word_1_781' title='bbox 2748 4044 2898 4112; x_wconf 78' lang='grc' dir='ltr'>Θεὸς,</span> <span class='ocrx_word' id='word_1_782' title='bbox 2929 4045 3062 4099; x_wconf 78' lang='grc' dir='ltr'>ἀλλὰ</span> <span class='ocrx_word' id='word_1_783' title='bbox 3091 4048 3297 4117; x_wconf 88' lang='grc' dir='ltr'>σειραῖς</span> <span class='ocrx_word' id='word_1_784' title='bbox 3323 4044 3484 4115; x_wconf 82' lang='grc' dir='ltr'>ζόφου</span> <span class='ocrx_word' id='word_1_785' title='bbox 3514 4060 3635 4113; x_wconf 87' lang='grc' dir='ltr'>ταρ-</span> 
     </span>
    </p>
   </div>
   <div class='ocr_carea' id='block_1_100' title="bbox 2057 4148 3640 4224">
    <p class='ocr_par' dir='ltr' id='par_1_100' title="bbox 2057 4148 3640 4224">
     <span class='ocr_line' id='line_1_101' title="bbox 2057 4148 3640 4224; baseline 0.001 -23"><span class='ocrx_word' id='word_1_786' title='bbox 2057 4148 2332 4220; x_wconf 81' lang='grc' dir='ltr'>ταρώσας,</span> <span class='ocrx_word' id='word_1_787' title='bbox 2367 4151 2446 4213; x_wconf 85' lang='grc' dir='ltr'><strong>είς</strong></span> <span class='ocrx_word' id='word_1_788' title='bbox 2477 4149 2658 4220; x_wconf 88' lang='grc' dir='ltr'>κρίσιν</span> <span class='ocrx_word' id='word_1_789' title='bbox 2690 4151 2931 4222; x_wconf 79' lang='grc' dir='ltr'>μεγάλης</span> <span class='ocrx_word' id='word_1_790' title='bbox 2960 4152 3172 4224; x_wconf 79' lang='grc' dir='ltr'>ἡμέρας</span> <span class='ocrx_word' id='word_1_791' title='bbox 3206 4153 3526 4224; x_wconf 83' lang='grc' dir='ltr'>τετήρηκεν,</span> <span class='ocrx_word' id='word_1_792' title='bbox 3548 4151 3640 4206; x_wconf 68' lang='grc' dir='ltr'>καὶ</span> 
     </span>
    </p>
   </div>
   <div class='ocr_carea' id='block_1_101' title="bbox 2058 4251 3643 4324">
    <p class='ocr_par' dir='ltr' id='par_1_101' title="bbox 2058 4251 3643 4324">
     <span class='ocr_line' id='line_1_102' title="bbox 2058 4251 3643 4324; baseline 0.004 -21"><span class='ocrx_word' id='word_1_793' title='bbox 2058 4251 2286 4322; x_wconf 84' lang='grc' dir='ltr'>ἀρχαίου</span> <span class='ocrx_word' id='word_1_794' title='bbox 2321 4253 2526 4324; x_wconf 86' lang='grc' dir='ltr'>κόσμου</span> <span class='ocrx_word' id='word_1_795' title='bbox 2563 4255 2663 4306; x_wconf 83' lang='grc' dir='ltr'><strong>οὐκ</strong></span> <span class='ocrx_word' id='word_1_796' title='bbox 2706 4255 2997 4324; x_wconf 83' lang='grc' dir='ltr'>ὲφείσατο’</span> <span class='ocrx_word' id='word_1_797' title='bbox 3036 4275 3054 4307; x_wconf 72' lang='grc' dir='ltr'><strong>ι</strong></span> <span class='ocrx_word' id='word_1_798' title='bbox 3099 4255 3296 4318; x_wconf 81' lang='grc' dir='ltr'>Ἰούδας</span> <span class='ocrx_word' id='word_1_799' title='bbox 3329 4255 3418 4309; x_wconf 87' lang='grc' dir='ltr'>δέ·</span> <span class='ocrx_word' id='word_1_800' title='bbox 3459 4275 3479 4308; x_wconf 77' lang='grc' dir='ltr'><strong>ι</strong></span> <span class='ocrx_word' id='word_1_801' title='bbox 3528 4256 3643 4323; x_wconf 72' lang='grc' dir='ltr'><strong>Ἀγο</strong></span> 
     </span>
    </p>
   </div>
   <div class='ocr_carea' id='block_1_102' title="bbox 2059 4355 3644 4428">
    <p class='ocr_par' dir='ltr' id='par_1_102' title="bbox 2059 4355 3644 4428">
     <span class='ocr_line' id='line_1_103' title="bbox 2059 4355 3644 4428; baseline 0.002 -21"><span class='ocrx_word' id='word_1_802' title='bbox 2059 4355 2250 4424; x_wconf 85' lang='grc' dir='ltr'>γέλους</span> <span class='ocrx_word' id='word_1_803' title='bbox 2283 4373 2343 4408; x_wconf 89' lang='grc' dir='ltr'><strong>τε</strong></span> <span class='ocrx_word' id='word_1_804' title='bbox 2394 4358 2518 4420; x_wconf 78' lang='grc' dir='ltr'>τοὺς</span> <span class='ocrx_word' id='word_1_805' title='bbox 2553 4358 2626 4428; x_wconf 74' lang='grc' dir='ltr'><strong>μὴ</strong></span> <span class='ocrx_word' id='word_1_806' title='bbox 2680 4361 3028 4428; x_wconf 73' lang='grc' dir='ltr'>τηρήσαντας</span> <span class='ocrx_word' id='word_1_807' title='bbox 3068 4360 3166 4428; x_wconf 74' lang='grc' dir='ltr'>τὴν</span> <span class='ocrx_word' id='word_1_808' title='bbox 3200 4357 3408 4411; x_wconf 81' lang='grc' dir='ltr'>ἑαυτῶν</span> <span class='ocrx_word' id='word_1_809' title='bbox 3450 4358 3644 4428; x_wconf 74' lang='grc' dir='ltr'>ἀρχὴν,</span> 
     </span>
    </p>
   </div>
   <div class='ocr_carea' id='block_1_103' title="bbox 2060 4463 3643 4536">
    <p class='ocr_par' dir='ltr' id='par_1_103' title="bbox 2060 4463 3643 4536">
     <span class='ocr_line' id='line_1_104' title="bbox 2060 4463 3643 4536; baseline -0.001 -20"><span class='ocrx_word' id='word_1_810' title='bbox 2060 4464 2174 4517; x_wconf 83' lang='grc' dir='ltr'>ἀλλ’</span> <span class='ocrx_word' id='word_1_811' title='bbox 2203 4463 2566 4528; x_wconf 82' lang='grc' dir='ltr'>ἀπολιπόντας</span> <span class='ocrx_word' id='word_1_812' title='bbox 2590 4466 2649 4518; x_wconf 82' lang='grc' dir='ltr'><strong>τὸ</strong></span> <span class='ocrx_word' id='word_1_813' title='bbox 2680 4465 2810 4518; x_wconf 83' lang='grc' dir='ltr'>ἴδιον</span> <span class='ocrx_word' id='word_1_814' title='bbox 2833 4465 3170 4536; x_wconf 80' lang='grc' dir='ltr'>οίκητήριον,</span> <span class='ocrx_word' id='word_1_815' title='bbox 3206 4463 3424 4533; x_wconf 82' lang='grc' dir='ltr'>δεσμοῖς</span> <span class='ocrx_word' id='word_1_816' title='bbox 3456 4463 3643 4523; x_wconf 79' lang='grc' dir='ltr'>ἀϊδίοις</span> 
     </span>
    </p>
   </div>
   <div class='ocr_carea' id='block_1_104' title="bbox 2063 4569 3646 4642">
    <p class='ocr_par' dir='ltr' id='par_1_104' title="bbox 2063 4569 3646 4642">
     <span class='ocr_line' id='line_1_105' title="bbox 2063 4569 3646 4642; baseline -0.002 -18"><span class='ocrx_word' id='word_1_817' title='bbox 2063 4571 2169 4624; x_wconf 78' lang='grc' dir='ltr'>ὑπὸ</span> <span class='ocrx_word' id='word_1_818' title='bbox 2198 4569 2361 4640; x_wconf 78' lang='grc' dir='ltr'>ζόφον</span> <span class='ocrx_word' id='word_1_819' title='bbox 2402 4573 2724 4642; x_wconf 83' lang='grc' dir='ltr'>τετήρηκεν.</span> <span class='ocrx_word' id='word_1_820' title='bbox 2760 4589 2779 4622; x_wconf 73' lang='grc' dir='ltr'><strong>ι</strong></span> <span class='ocrx_word' id='word_1_821' title='bbox 2830 4571 2896 4624; x_wconf 83' lang='grc' dir='ltr'><em>Ἡ</em></span> <span class='ocrx_word' id='word_1_822' title='bbox 2923 4572 2980 4625; x_wconf 78' lang='grc' dir='ltr'>δὲ</span> <span class='ocrx_word' id='word_1_823' title='bbox 3015 4571 3301 4642; x_wconf 88' lang='grc' dir='ltr'>σωματικὴ</span> <span class='ocrx_word' id='word_1_824' title='bbox 3326 4571 3419 4624; x_wconf 78' lang='grc' dir='ltr'>καὶ</span> <span class='ocrx_word' id='word_1_825' title='bbox 3455 4569 3646 4640; x_wconf 85' lang='grc' dir='ltr'>λογικὴ</span> 
     </span>
    </p>
   </div>
   <div class='ocr_carea' id='block_1_105' title="bbox 2059 4719 3646 4796">
    <p class='ocr_par' dir='ltr' id='par_1_105' title="bbox 2059 4719 3646 4796">
     <span class='ocr_line' id='line_1_106' title="bbox 2059 4719 3646 4796; baseline -0.002 -18"><span class='ocrx_word' id='word_1_826' title='bbox 2059 4719 2128 4796; x_wconf 85' lang='grc' dir='ltr'>ἦς</span> <span class='ocrx_word' id='word_1_827' title='bbox 2147 4724 2611 4789; x_wconf 88' lang='grc' dir='ltr'>κατακούσαντες,</span> <span class='ocrx_word' id='word_1_828' title='bbox 2651 4741 2769 4790; x_wconf 73' lang='lat' dir='ltr'><strong>quae</strong></span> <span class='ocrx_word' id='word_1_829' title='bbox 2799 4725 2935 4779; x_wconf 89' lang='lat' dir='ltr'><strong>verti</strong></span> <span class='ocrx_word' id='word_1_830' title='bbox 2975 4727 3138 4778; x_wconf 89' lang='lat' dir='ltr'><strong>etiam</strong></span> <span class='ocrx_word' id='word_1_831' title='bbox 3171 4735 3395 4793; x_wconf 88' lang='lat' dir='ltr'><strong>possunt</strong></span> <span class='ocrx_word' id='word_1_832' title='bbox 3437 4744 3455 4775; x_wconf 79' lang='grc' dir='ltr'><strong>ι</strong></span> <span class='ocrx_word' id='word_1_833' title='bbox 3486 4739 3646 4796; x_wconf 87' lang='lat' dir='ltr'><strong>quam</strong></span> 
     </span>
    </p>
   </div>
   <div class='ocr_carea' id='block_1_106' title="bbox 2063 4795 3647 4859">
    <p class='ocr_par' dir='ltr' id='par_1_106' title="bbox 2063 4795 3647 4859">
     <span class='ocr_line' id='line_1_107' title="bbox 2063 4795 3647 4859; baseline -0.004 -9"><span class='ocrx_word' id='word_1_834' title='bbox 2063 4795 2187 4850; x_wconf 83' lang='lat' dir='ltr'><strong>cum</strong></span> <span class='ocrx_word' id='word_1_835' title='bbox 2225 4797 2525 4859; x_wconf 84' lang='lat' dir='ltr'><strong>audissent,</strong></span> <span class='ocrx_word' id='word_1_836' title='bbox 2563 4815 2582 4847; x_wconf 71' lang='grc' dir='ltr'><strong>ι</strong></span> <span class='ocrx_word' id='word_1_837' title='bbox 2613 4796 2905 4850; x_wconf 87' lang='lat' dir='ltr'><strong>Clementis</strong></span> <span class='ocrx_word' id='word_1_838' title='bbox 2942 4795 3292 4850; x_wconf 80' lang='lat' dir='ltr'><strong>Alexandrini</strong></span> <span class='ocrx_word' id='word_1_839' title='bbox 3323 4795 3647 4848; x_wconf 88' lang='lat' dir='ltr'><strong>sententiam</strong></span> 
     </span>
    </p>
   </div>
   <div class='ocr_carea' id='block_1_107' title="bbox 2066 4863 3648 4935">
    <p class='ocr_par' dir='ltr' id='par_1_107' title="bbox 2066 4863 3648 4935">
     <span class='ocr_line' id='line_1_108' title="bbox 2066 4863 3648 4935; baseline 0 -17"><span class='ocrx_word' id='word_1_840' title='bbox 2066 4867 2334 4933; x_wconf 81' lang='lat' dir='ltr'><strong>attingere</strong></span> <span class='ocrx_word' id='word_1_841' title='bbox 2357 4868 2588 4929; x_wconf 86' lang='lat' dir='ltr'><strong>videtur,</strong></span> <span class='ocrx_word' id='word_1_842' title='bbox 2617 4869 2707 4934; x_wconf 79' lang='lat' dir='ltr'><strong>qui</strong></span> <span class='ocrx_word' id='word_1_843' title='bbox 2738 4867 2986 4921; x_wconf 88' lang='lat' dir='ltr'><strong>ethnicos</strong></span> <span class='ocrx_word' id='word_1_844' title='bbox 3013 4866 3163 4935; x_wconf 88' lang='lat' dir='ltr'><strong>plura</strong></span> <span class='ocrx_word' id='word_1_845' title='bbox 3190 4881 3222 4920; x_wconf 88' lang='lat' dir='ltr'><strong>e</strong></span> <span class='ocrx_word' id='word_1_846' title='bbox 3263 4865 3432 4919; x_wconf 87' lang='lat' dir='ltr'><strong>sacris</strong></span> <span class='ocrx_word' id='word_1_847' title='bbox 3465 4863 3648 4918; x_wconf 84' lang='lat' dir='ltr'><strong>Bibliis</strong></span> 
     </span>
    </p>
   </div>
   <div class='ocr_carea' id='block_1_108' title="bbox 2067 4937 2640 4990">
    <p class='ocr_par' dir='ltr' id='par_1_108' title="bbox 2067 4937 2640 4990">
     <span class='ocr_line' id='line_1_109' title="bbox 2067 4937 2640 4990; baseline -0.005 0"><span class='ocrx_word' id='word_1_848' title='bbox 2067 4938 2315 4990; x_wconf 72' lang='lat' dir='ltr'><strong>hausisse</strong></span> <span class='ocrx_word' id='word_1_849' title='bbox 2345 4937 2640 4988; x_wconf 85' lang='lat' dir='ltr'><strong>contendit.</strong></span> 
     </span>
    </p>
   </div>
   <div class='ocr_carea' id='block_1_109' title="bbox 2136 5004 3647 5076">
    <p class='ocr_par' dir='ltr' id='par_1_109' title="bbox 2136 5004 3647 5076">
     <span class='ocr_line' id='line_1_110' title="bbox 2136 5004 3647 5076; baseline -0.002 -18"><span class='ocrx_word' id='word_1_850' title='bbox 2136 5005 2250 5076; x_wconf 61' lang='lat'><strong>\45)</strong></span> <span class='ocrx_word' id='word_1_851' title='bbox 2283 5005 2508 5058; x_wconf 81' lang='lat' dir='ltr'><strong>Sortem.</strong></span> <span class='ocrx_word' id='word_1_852' title='bbox 2538 5004 2707 5075; x_wconf 80' lang='grc' dir='ltr'>Λῆξιν</span> <span class='ocrx_word' id='word_1_853' title='bbox 2731 5006 2868 5058; x_wconf 87' lang='lat' dir='ltr'><strong>duco</strong></span> <span class='ocrx_word' id='word_1_854' title='bbox 2897 5022 2961 5059; x_wconf 80' lang='lat' dir='ltr'><strong>ex</strong></span> <span class='ocrx_word' id='word_1_855' title='bbox 2995 5005 3159 5057; x_wconf 79' lang='lat' dir='ltr'><strong>verbo</strong></span> <span class='ocrx_word' id='word_1_856' title='bbox 3194 5004 3468 5075; x_wconf 86' lang='grc' dir='ltr'>λαγχάνω,</span> <span class='ocrx_word' id='word_1_857' title='bbox 3503 5005 3647 5071; x_wconf 89' lang='lat' dir='ltr'><strong>quod</strong></span> 
     </span>
    </p>
   </div>
   <div class='ocr_carea' id='block_1_110' title="bbox 2067 5076 3650 5142">
    <p class='ocr_par' dir='ltr' id='par_1_110' title="bbox 2067 5076 3650 5142">
     <span class='ocr_line' id='line_1_111' title="bbox 2067 5076 3650 5142; baseline -0.003 -13"><span class='ocrx_word' id='word_1_858' title='bbox 2067 5086 2172 5137; x_wconf 81' lang='lat' dir='ltr'><strong>est,</strong></span> <span class='ocrx_word' id='word_1_859' title='bbox 2203 5078 2461 5128; x_wconf 65' lang='lat' dir='ltr'><strong>«sortiar»</strong></span> <span class='ocrx_word' id='word_1_860' title='bbox 2487 5093 2499 5128; x_wconf 90' lang='lat'><strong>:</strong></span> <span class='ocrx_word' id='word_1_861' title='bbox 2524 5087 2582 5128; x_wconf 92' lang='lat' dir='ltr'><strong>ut</strong></span> <span class='ocrx_word' id='word_1_862' title='bbox 2604 5077 2870 5142; x_wconf 75' lang='lat' dir='ltr'><strong>signilit-et</strong></span> <span class='ocrx_word' id='word_1_863' title='bbox 2892 5078 3096 5136; x_wconf 73' lang='lat' dir='ltr'><strong>sedent,</strong></span> <span class='ocrx_word' id='word_1_864' title='bbox 3117 5076 3314 5136; x_wconf 89' lang='lat' dir='ltr'><strong>locum,</strong></span> <span class='ocrx_word' id='word_1_865' title='bbox 3337 5085 3430 5128; x_wconf 88' lang='lat' dir='ltr'><strong>aut</strong></span> <span class='ocrx_word' id='word_1_866' title='bbox 3452 5083 3650 5127; x_wconf 86' lang='lat' dir='ltr'><strong>statum</strong></span> 
     </span>
    </p>
   </div>
   <div class='ocr_carea' id='block_1_111' title="bbox 2070 5143 3649 5213">
    <p class='ocr_par' dir='ltr' id='par_1_111' title="bbox 2070 5143 3649 5213">
     <span class='ocr_line' id='line_1_112' title="bbox 2070 5143 3649 5213; baseline -0.001 -17"><span class='ocrx_word' id='word_1_867' title='bbox 2070 5165 2229 5211; x_wconf 79' lang='lat' dir='ltr'><strong>quem</strong></span> <span class='ocrx_word' id='word_1_868' title='bbox 2258 5147 2380 5212; x_wconf 79' lang='lat' dir='ltr'><strong>quis</strong></span> <span class='ocrx_word' id='word_1_869' title='bbox 2409 5148 2633 5199; x_wconf 88' lang='lat' dir='ltr'><strong>sortitus</strong></span> <span class='ocrx_word' id='word_1_870' title='bbox 2661 5147 2748 5198; x_wconf 90' lang='lat' dir='ltr'><strong>sit.</strong></span> <span class='ocrx_word' id='word_1_871' title='bbox 2780 5143 2972 5200; x_wconf 85' lang='lat' dir='ltr'><strong>Posset</strong></span> <span class='ocrx_word' id='word_1_872' title='bbox 3010 5147 3131 5213; x_wconf 88' lang='lat' dir='ltr'><strong>quis</strong></span> <span class='ocrx_word' id='word_1_873' title='bbox 3170 5161 3356 5199; x_wconf 88' lang='lat' dir='ltr'><strong>vocem</strong></span> <span class='ocrx_word' id='word_1_874' title='bbox 3391 5147 3592 5199; x_wconf 90' lang='lat' dir='ltr'><strong>ducere</strong></span> <span class='ocrx_word' id='word_1_875' title='bbox 3621 5163 3649 5194; x_wconf 64' lang='grc' dir='ltr'>ιι</span> 
     </span>
    </p>
   </div>
   <div class='ocr_carea' id='block_1_112' title="bbox 2072 5216 3132 5285">
    <p class='ocr_par' dir='ltr' id='par_1_112' title="bbox 2072 5216 3132 5285">
     <span class='ocr_line' id='line_1_113' title="bbox 2072 5216 3132 5285; baseline 0 -17"><span class='ocrx_word' id='word_1_876' title='bbox 2072 5218 2236 5270; x_wconf 88' lang='lat' dir='ltr'><strong>verbo</strong></span> <span class='ocrx_word' id='word_1_877' title='bbox 2269 5216 2444 5285; x_wconf 85' lang='grc' dir='ltr'>λήγω,</span> <span class='ocrx_word' id='word_1_878' title='bbox 2477 5232 2540 5270; x_wconf 88' lang='lat' dir='ltr'><strong>ac</strong></span> <span class='ocrx_word' id='word_1_879' title='bbox 2582 5234 2600 5267; x_wconf 80' lang='grc' dir='ltr'><strong>ι</strong></span> <span class='ocrx_word' id='word_1_880' title='bbox 2629 5216 2787 5268; x_wconf 75' lang='lat' dir='ltr'><strong>ﬁnem</strong></span> <span class='ocrx_word' id='word_1_881' title='bbox 2826 5236 2845 5267; x_wconf 74' lang='grc' dir='ltr'><strong>ι</strong></span> <span class='ocrx_word' id='word_1_882' title='bbox 2903 5229 3132 5270; x_wconf 83' lang='lat' dir='ltr'><strong>vertere.</strong></span> 
     </span>
    </p>
   </div>
   <div class='ocr_carea' id='block_1_113' title="bbox 2143 5285 3656 5354">
    <p class='ocr_par' dir='ltr' id='par_1_113' title="bbox 2143 5285 3656 5354">
     <span class='ocr_line' id='line_1_114' title="bbox 2143 5285 3656 5354; baseline -0.003 -16"><span class='ocrx_word' id='word_1_883' title='bbox 2143 5285 2254 5350; x_wconf 68' lang='grc'><strong>(46)</strong></span> <span class='ocrx_word' id='word_1_884' title='bbox 2293 5285 2538 5339; x_wconf 72' lang='lat' dir='ltr'><strong>Mortem.</strong></span> <span class='ocrx_word' id='word_1_885' title='bbox 2563 5327 2575 5340; x_wconf 93' lang='lat'><strong>.</strong></span> <span class='ocrx_word' id='word_1_886' title='bbox 2606 5327 2618 5340; x_wconf 92' lang='lat'><strong>.</strong></span> <span class='ocrx_word' id='word_1_887' title='bbox 2646 5303 2827 5351; x_wconf 79' lang='lat' dir='ltr'><strong>nempe</strong></span> <span class='ocrx_word' id='word_1_888' title='bbox 2857 5289 3121 5354; x_wconf 82' lang='lat' dir='ltr'><strong>propriam</strong></span> <span class='ocrx_word' id='word_1_889' title='bbox 3153 5286 3518 5338; x_wconf 75' lang='lat' dir='ltr'><strong>mutationem.</strong></span> <span class='ocrx_word' id='word_1_890' title='bbox 3553 5285 3656 5337; x_wconf 80' lang='lat' dir='ltr'><strong>Ea-</strong></span> 
     </span>
    </p>
   </div>
   <div class='ocr_carea' id='block_1_114' title="bbox 2073 5355 3648 5409">
    <p class='ocr_par' dir='ltr' id='par_1_114' title="bbox 2073 5355 3648 5409">
     <span class='ocr_line' id='line_1_115' title="bbox 2073 5355 3648 5409; baseline -0.002 0"><span class='ocrx_word' id='word_1_891' title='bbox 2073 5357 2194 5409; x_wconf 85' lang='lat' dir='ltr'><strong>dem</strong></span> <span class='ocrx_word' id='word_1_892' title='bbox 2245 5357 2512 5408; x_wconf 89' lang='lat' dir='ltr'><strong>Iocntinne</strong></span> <span class='ocrx_word' id='word_1_893' title='bbox 2546 5371 2676 5409; x_wconf 84' lang='lat' dir='ltr'><strong>usus</strong></span> <span class='ocrx_word' id='word_1_894' title='bbox 2716 5366 2832 5408; x_wconf 87' lang='lat' dir='ltr'><strong>erat</strong></span> <span class='ocrx_word' id='word_1_895' title='bbox 2875 5355 3246 5409; x_wconf 85' lang='lat' dir='ltr'><strong>Tcrtullianus</strong></span> <span class='ocrx_word' id='word_1_896' title='bbox 3276 5357 3328 5408; x_wconf 85' lang='lat' dir='ltr'><strong>in</strong></span> <span class='ocrx_word' id='word_1_897' title='bbox 3365 5356 3500 5408; x_wconf 88' lang='lat' dir='ltr'><strong>libro</strong></span> <span class='ocrx_word' id='word_1_898' title='bbox 3528 5358 3648 5407; x_wconf 81' lang='lat' dir='ltr'><strong>adv.</strong></span> 
     </span>
    </p>
   </div>
   <div class='ocr_carea' id='block_1_115' title="bbox 2075 5425 3656 5495">
    <p class='ocr_par' dir='ltr' id='par_1_115' title="bbox 2075 5425 3656 5495">
     <span class='ocr_line' id='line_1_116' title="bbox 2075 5425 3656 5495; baseline -0.002 -18"><span class='ocrx_word' id='word_1_899' title='bbox 2075 5425 2362 5486; x_wconf 77' lang='lat' dir='ltr'><strong>Prnxeam,</strong></span> <span class='ocrx_word' id='word_1_900' title='bbox 2397 5441 2516 5494; x_wconf 86' lang='lat' dir='ltr'><strong>cap.</strong></span> <span class='ocrx_word' id='word_1_901' title='bbox 2545 5425 2634 5479; x_wconf 70' lang='lat'><strong>27.</strong></span> <span class='ocrx_word' id='word_1_902' title='bbox 2675 5444 2693 5476; x_wconf 88' lang='grc'><strong>‹</strong></span> <span class='ocrx_word' id='word_1_903' title='bbox 2725 5425 2920 5477; x_wconf 78' lang='lat' dir='ltr'><strong>Ilcunn</strong></span> <span class='ocrx_word' id='word_1_904' title='bbox 2973 5427 3148 5495; x_wconf 81' lang='lat' dir='ltr'><strong>inquit</strong></span> <span class='ocrx_word' id='word_1_905' title='bbox 3186 5442 3204 5476; x_wconf 80' lang='grc' dir='ltr'><strong>ι</strong></span> <span class='ocrx_word' id='word_1_906' title='bbox 3235 5425 3656 5486; x_wconf 85' lang='lat' dir='ltr'><strong>immutabilem,</strong></span> 
     </span>
    </p>
   </div>
   <div class='ocr_carea' id='block_1_116' title="bbox 2072 5496 3649 5556">
    <p class='ocr_par' dir='ltr' id='par_1_116' title="bbox 2072 5496 3649 5556">
     <span class='ocr_line' id='line_1_117' title="bbox 2072 5496 3649 5556; baseline -0.003 -7"><span class='ocrx_word' id='word_1_907' title='bbox 2072 5507 2120 5549; x_wconf 90' lang='lat' dir='ltr'><strong>et</strong></span> <span class='ocrx_word' id='word_1_908' title='bbox 2190 5496 2583 5548; x_wconf 79' lang='lat' dir='ltr'><strong>iuforniabtletn</strong></span> <span class='ocrx_word' id='word_1_909' title='bbox 2641 5497 2786 5548; x_wconf 89' lang='lat' dir='ltr'><strong>credi</strong></span> <span class='ocrx_word' id='word_1_910' title='bbox 2823 5513 3046 5549; x_wconf 78' lang='lat' dir='ltr'><strong>necesse</strong></span> <span class='ocrx_word' id='word_1_911' title='bbox 3094 5505 3199 5556; x_wconf 87' lang='lat' dir='ltr'><strong>est,</strong></span> <span class='ocrx_word' id='word_1_912' title='bbox 3247 5507 3308 5548; x_wconf 92' lang='lat' dir='ltr'><strong>ut</strong></span> <span class='ocrx_word' id='word_1_913' title='bbox 3348 5507 3649 5556; x_wconf 67' lang='lat' dir='ltr'><strong>aeternum;</strong></span> 
     </span>
    </p>
   </div>
   <div class='ocr_carea' id='block_1_117' title="bbox 2075 5563 3656 5635">
    <p class='ocr_par' dir='ltr' id='par_1_117' title="bbox 2075 5563 3656 5635">
     <span class='ocr_line' id='line_1_118' title="bbox 2075 5563 3656 5635; baseline -0.001 -18"><span class='ocrx_word' id='word_1_914' title='bbox 2075 5566 2477 5634; x_wconf 82' lang='lat' dir='ltr'><strong>transliguratio</strong></span> <span class='ocrx_word' id='word_1_915' title='bbox 2520 5576 2701 5618; x_wconf 82' lang='lat' dir='ltr'><strong>autem</strong></span> <span class='ocrx_word' id='word_1_916' title='bbox 2749 5566 3096 5635; x_wconf 81' lang='lat' dir='ltr'><strong>intereinptio</strong></span> <span class='ocrx_word' id='word_1_917' title='bbox 3133 5576 3219 5619; x_wconf 85' lang='lat' dir='ltr'><strong>est</strong></span> <span class='ocrx_word' id='word_1_918' title='bbox 3251 5565 3488 5635; x_wconf 88' lang='lat' dir='ltr'><strong>pristini.</strong></span> <span class='ocrx_word' id='word_1_919' title='bbox 3519 5583 3540 5616; x_wconf 72' lang='grc' dir='ltr'><strong>ι</strong></span> <span class='ocrx_word' id='word_1_920' title='bbox 3589 5563 3656 5617; x_wconf 72' lang='lat' dir='ltr'><strong>Et</strong></span> 
     </span>
    </p>
   </div>
   <div class='ocr_carea' id='block_1_118' title="bbox 2071 5635 2295 5696">
    <p class='ocr_par' dir='ltr' id='par_1_118' title="bbox 2071 5635 2295 5696">
     <span class='ocr_line' id='line_1_119' title="bbox 2071 5635 2295 5696; baseline 0.004 -10"><span class='ocrx_word' id='word_1_921' title='bbox 2071 5635 2295 5696; x_wconf 70' lang='lat' dir='ltr'><strong>reliqua.</strong></span> 
     </span>
    </p>
   </div>
   <div class='ocr_carea' id='block_1_119' title="bbox 2141 5652 3047 5774">
    <p class='ocr_par' dir='ltr' id='par_1_119' title="bbox 2141 5652 3047 5774">
     <span class='ocr_line' id='line_1_120' title="bbox 2141 5652 3047 5774; baseline -0.003 -16"><span class='ocrx_word' id='word_1_922' title='bbox 2365 5704 2523 5755; x_wconf 83' lang='lat' dir='ltr'><strong>enim.</strong></span> <span class='ocrx_word' id='word_1_923' title='bbox 2559 5703 2594 5754; x_wconf 96' lang='lat' dir='ltr'><strong>ll</strong></span> <span class='ocrx_word' id='word_1_924' title='bbox 2631 5701 2775 5756; x_wconf 87' lang='lat' dir='ltr'><strong>Petr.</strong></span> <span class='ocrx_word' id='word_1_925' title='bbox 2808 5721 2868 5770; x_wconf 90' lang='lat' dir='ltr'><strong>ll,</strong></span> <span class='ocrx_word' id='word_1_926' title='bbox 2903 5705 2959 5767; x_wconf 72' lang='grc'><strong>4,</strong></span> <span class='ocrx_word' id='word_1_927' title='bbox 2994 5704 3047 5758; x_wconf 79' lang='lat'><strong>5.</strong></span> 
     </span>
    </p>
   </div>
   <div class='ocr_carea' id='block_1_120' title="bbox 2143 5771 3651 5840">
    <p class='ocr_par' dir='ltr' id='par_1_120' title="bbox 2143 5771 3651 5840">
     <span class='ocr_line' id='line_1_121' title="bbox 2143 5771 3651 5840; baseline -0.001 -18"><span class='ocrx_word' id='word_1_928' title='bbox 2143 5771 2256 5838; x_wconf 74' lang='grc'><strong>(48)</strong></span> <span class='ocrx_word' id='word_1_929' title='bbox 2293 5773 2429 5825; x_wconf 78' lang='lat' dir='ltr'><strong>Diei.</strong></span> <span class='ocrx_word' id='word_1_930' title='bbox 2474 5774 2608 5826; x_wconf 75' lang='lat' dir='ltr'><strong>Cum</strong></span> <span class='ocrx_word' id='word_1_931' title='bbox 2639 5774 2836 5827; x_wconf 86' lang='lat' dir='ltr'><strong>similia</strong></span> <span class='ocrx_word' id='word_1_932' title='bbox 2877 5780 2926 5827; x_wconf 90' lang='lat' dir='ltr'><strong>in</strong></span> <span class='ocrx_word' id='word_1_933' title='bbox 2967 5775 3084 5828; x_wconf 90' lang='lat' dir='ltr'><strong>loco</strong></span> <span class='ocrx_word' id='word_1_934' title='bbox 3125 5771 3297 5836; x_wconf 62' lang='lat' dir='ltr'><strong>Iudae,</strong></span> <span class='ocrx_word' id='word_1_935' title='bbox 3336 5787 3495 5840; x_wconf 90' lang='lat' dir='ltr'><strong>quem</strong></span> <span class='ocrx_word' id='word_1_936' title='bbox 3529 5785 3651 5824; x_wconf 66' lang='lat' dir='ltr'><strong>mn’t</strong></span> 
     </span>
    </p>
   </div>
   <div class='ocr_carea' id='block_1_121' title="bbox 2075 5843 3659 5912">
    <p class='ocr_par' dir='ltr' id='par_1_121' title="bbox 2075 5843 3659 5912">
     <span class='ocr_line' id='line_1_122' title="bbox 2075 5843 3659 5912; baseline -0.001 -14"><span class='ocrx_word' id='word_1_937' title='bbox 2075 5843 2286 5907; x_wconf 70' lang='lat' dir='ltr'><strong>afferet,</strong></span> <span class='ocrx_word' id='word_1_938' title='bbox 2333 5844 2601 5910; x_wconf 73' lang='lat' dir='ltr'><strong>legantur,</strong></span> <span class='ocrx_word' id='word_1_939' title='bbox 2655 5844 2856 5901; x_wconf 85' lang='lat' dir='ltr'><strong>idcirco</strong></span> <span class='ocrx_word' id='word_1_940' title='bbox 2901 5861 2963 5899; x_wconf 85' lang='lat' dir='ltr'><strong>ea</strong></span> <span class='ocrx_word' id='word_1_941' title='bbox 3018 5847 3273 5910; x_wconf 47' lang='lat' dir='ltr'><strong>verba,“</strong></span> <span class='ocrx_word' id='word_1_942' title='bbox 3303 5848 3356 5901; x_wconf 87' lang='lat' dir='ltr'><strong>in</strong></span> <span class='ocrx_word' id='word_1_943' title='bbox 3392 5843 3659 5912; x_wconf 77' lang='lat' dir='ltr'><strong>judicium</strong></span> 
     </span>
    </p>
   </div>
  </div>
