4082 6408
417 345 526 401 515

1654 333 1894 390 DlDYMl
1929 332 2401 390 ALEXANDRINI

3576 336 3688 392 516

412 466 592 523 neque
615 448 988 506 conversionis
1020 447 1401 515 obumltratio;
1439 457 1532 502 ret
1558 462 1587 500 a
1617 444 1784 500 Paulo
1813 461 1827 497 :
1868 460 1886 493 ι
1915 443 1994 497 ln-

2104 444 2314 508 αὐτούς,
2354 445 2448 498 καὶ
2479 443 2894 518 ἀλλαγήσονται·
2928 445 2991 498 σὺ
3016 445 3073 499 δὲ
3110 446 3139 498 6
3169 446 3331 510 αὐτὸς
3360 447 3468 514 ἀεὶ,
3496 451 3594 503 καὶ
3622 447 3695 509 τὰ

416 541 755 613 corruptibili
809 540 948 611 (59),
998 539 1274 605 invisibili,
1333 539 1433 594 soli
1482 538 1736 609 sapienti,
1801 534 1933 589 Deo.
1969 553 1988 587 ι

2103 535 2197 606 ἔτη
2233 552 2325 588 σου
2348 536 2448 589 οὐκ
2472 535 2831 606 ἐκλείψουσιν.
2866 556 2886 589 ι

411 634 879 702 Quemadmodum
920 633 1085 688 etiam
1123 634 1189 688 de
1241 632 1380 687 Filio
1432 633 1484 686 in
1518 631 1725 702 psalmo
1765 644 1816 685 et
1859 636 2085 683 testatur
2138 627 2350 683 Psaltes
2384 646 2398 683 :
2440 647 2457 679 ι
2487 629 2569 685 'l‘u
2603 641 2782 683 autem
2830 628 2967 699 (60),
3035 629 3283 696 Domine,
3329 628 3383 683 itt
3429 637 3693 686 aeternum

412 742 635 792 manes;
669 744 688 778 ι
731 737 787 779 et
842 739 1076 779 rursus:
1137 742 1155 774 ι
1190 722 1349 778 Initio
1375 721 1486 793 (6|)
1534 732 1734 777 terram
1773 729 1855 785 tu,
1890 718 2136 782 Domine,
2173 718 2431 786 fundasti,
2486 730 2541 775 et
2596 735 2763 790 opera
2825 735 3086 775 manuum
3114 732 3327 775 tuarum
3364 730 3490 775 sunt
3542 723 3690 777 εωιι.

416 824 525 893 lpsi
562 824 831 893 peribunt,
867 832 922 876 tu
961 831 1142 873 autem
1176 831 1481 886 permanes,
1531 828 1585 871 et
1624 831 1814 873 omnes
1853 817 1995 873 sicut
2032 816 2414 871 vestimentum
2456 824 2837 879 veterascent,
2893 824 2948 869 et
3007 816 3147 870 sicut
3212 816 3545 886 opertorium
3612 817 3694 872 ia-

417 917 604 972 volves
636 917 778 980 illos,
812 928 866 970 et
889 915 1244 968 mutabuntur
1272 929 1285 965 :
1344 922 1400 964 tu
1450 920 1630 965 autem
1678 911 1823 965 idem
1865 925 2080 981 semper
2112 925 2194 972 es,
2218 921 2272 963 et
2311 908 2441 964 anni
2479 910 2554 961 tui
2584 923 2690 962 non
2723 908 2997 962 deﬁcient.
3031 926 3051 959 ι

490 1007 576 1064 IV.
601 1007 861 1062 Creatura
896 1021 1002 1060 non
1035 1015 1118 1058 est
1147 1002 1416 1064 absolute,
1443 1010 1499 1056 et
1534 1017 1629 1070 per
1660 1017 1718 1056 se
1755 1001 1997 1072 perfecte

418 1112 655 1156 mterna:
684 1099 915 1168 primmn
954 1096 1167 1164 quidem
1194 1094 1316 1160 quia
1376 1093 1478 1147 hoc
1524 1091 1595 1148 de
1637 1109 1738 1147 suo
1782 1109 1885 1147 non
1912 1095 2002 1147 ha-

416 1196 530 1259 bet,
560 1192 652 1247 scd
684 1192 750 1245 ab
781 1205 847 1243 eo
887 1197 1131 1255 tempore
1165 1201 1273 1254 quo
1304 1184 1443 1240 facta
1470 1182 1594 1250 fuit,
1626 1185 1679 1238 id
1706 1193 1999 1239 consecuta

415 1298 584 1342 estex
637 1281 1050 1353 participatione
1100 1295 1166 1333 ac
1221 1278 1363 1332 dono
1416 1275 1536 1339 Dei,
1585 1276 1678 1346 qui
1734 1277 1892 1331 unice
1945 1286 2001 1332 et

415 1395 787 1454 superaeterne
813 1391 897 1437 est
922 1396 951 1434 a
979 1395 1037 1434 se
1060 1397 1073 1433 :
1102 1394 1223 1432 cum
1251 1378 1394 1431 enim
1429 1377 1601 1432 bonus
1625 1377 1718 1440 sit,
1746 1385 1916 1439 creat,
1936 1390 1999 1430 ac

415 1489 529 1527 suae
553 1473 776 1526 facturae
807 1469 1127 1540 prmsidens,
1182 1466 1541 1520 aeternitatem
1606 1465 1706 1534 ipsi
1748 1464 2000 1519 muniﬁce

417 1559 647 1628 largitur
685 1576 699 1612 :
729 1559 966 1612 secundo
999 1566 1183 1609 autem
1210 1555 1279 1609 ob
1310 1568 1504 1608 causas
1535 1553 1588 1607 in
1632 1553 1998 1625 capitulo(62)

418 1653 663 1719 proxime
693 1648 977 1718 superiore
1003 1646 1301 1716 expositas.
1332 1644 1489 1715 153
1515 1646 1733 1700 Atvero
1766 1645 1999 1716 Spiritus

2174 1003 2250 1055 A'.
2303 1001 2366 1054 Ἢ
2413 1001 2593 1064 κτίσις
2621 1001 2682 1053 οὐ
2721 998 2978 1062 καθάπαξ
3005 998 3100 1051 καὶ
3126 996 3428 1061 αὐτοτελῶς
3473 998 3535 1051 τὸ
3561 999 3685 1053 αἰώ-

2106 1108 2216 1146 νιον
2246 1093 2536 1163 κέκτηται,
2569 1091 2783 1163 πρῶτον
2825 1090 2924 1162 μὲν
2950 1090 3139 1161 ἐπειδὴ
3170 1088 3382 1144 οἴκοθεν
3408 1089 3568 1143 τοῦτο
3596 1092 3696 1145 οὐκ

2106 1183 2239 1254 ἔχει,
2274 1184 2387 1237 ἀλλ’
2411 1183 2598 1255 ἔτυχεν
2632 1180 2797 1236 αὐτοῦ
2840 1184 2921 1246 εἰς
2943 1181 3005 1236 τὸ
3046 1180 3197 1251 ἑξῆς,
3227 1183 3322 1252 ἀφ’
3351 1178 3413 1236 οὐ
3455 1183 3698 1251 ἐγένετο,

2110 1275 2394 1346 μεταδόσει
2419 1276 2514 1328 τοῦ
2543 1275 2719 1345 μόνως
2752 1275 2847 1329 καὶ
2878 1273 3257 1345 ὐπεραιωνίως
3280 1274 3433 1338 ὄντος
3456 1273 3703 1346 αὐτομάυ

2105 1384 2200 1420 του
2228 1365 2385 1422 Θεοῦ.
2428 1365 2656 1435 Ἀγαθὸς
2681 1365 2788 1437 γὰρ
2823 1365 2899 1418 ὣν
2921 1360 3094 1429 οὗτος,
3114 1365 3469 1437 δημιουργεῖ·
3502 1363 3601 1438 [68
3628 1361 3699 1439 α]

2107 1459 2507 1531 προϊστάμενος
2538 1459 2636 1527 τῆς
2662 1457 2853 1510 ἑαυτοῦ
2882 1458 3173 1528 ποιήσεως,
3200 1456 3564 1528 φιλοτιμεῖται
3595 1458 3695 1510 αὐ-

2106 1554 2173 1623 τῇ
2207 1551 2538 1622 αἰωνιότητα
2556 1566 2570 1579 ⁸
2601 1550 2851 1619 δεύτερον
2877 1549 2955 1614 δὲ,
2994 1548 3080 1603 διὰ
3109 1548 3207 1611 τὰς
3231 1548 3591 1620 ἐξηγηθείσας
3612 1551 3696 1603 αἰ-

2106 1643 2225 1707 τίας
2273 1644 2332 1696 ὲν
2383 1642 2461 1714 τῷ
2496 1642 2776 1713 κεφαλαίῳ
2828 1642 2908 1713 τῷ
2951 1641 3057 1713 πρὸ
3103 1640 3276 1694 τοῦδε.
3330 1641 3403 1693 Τὸ
3451 1641 3508 1694 δὲ
3543 1640 3697 1710 ἅγιον

419 1750 642 1794 sanctus
679 1756 801 1794 cum
827 1750 1020 1793 natura
1051 1739 1409 1793 atternitatem
1455 1732 1669 1801 habeat,
1696 1738 1836 1793 sicut
1864 1753 1998 1794 cou—

2104 1733 2349 1805 Πνεῦμα,
2393 1736 2469 1799 ὡς
2508 1734 2669 1804 φύσει
2702 1735 2764 1788 τὸ
2798 1732 3016 1788 αἰώνιον
3049 1733 3191 1804 ἔχον,
3241 1733 3384 1788 καθὰ
3423 1735 3698 1806 προσῆκεν

415 1831 565 1884 venit
592 1831 793 1885 habere
830 1830 1171 1896 Creatorem,
1205 1838 1259 1885 et
1285 1830 1357 1883 sit
1408 1830 1584 1884 bonus
1616 1830 1851 1899 Spiritus
1882 1830 1999 1895 Dei,

416 1925 599 1979 omnia
632 1933 692 1978 ut
725 1924 771 1979 is
798 1923 890 1994 qui
928 1932 1162 1979 aeternus
1184 1924 1257 1978 sit
1285 1937 1541 1992 operans,
1570 1934 1627 1978 et
1657 1924 1770 1994 ipse
1786 1926 2001 1993 quidem

419 2031 693 2085 nunquam
724 2015 1008 2082 limitetur,
1038 2016 1133 2070 sed
1167 2029 1288 2084 qua:
1331 2014 1400 2068 ab
1448 2015 1562 2083 ipso
1590 2015 1733 2070 facta
1763 2027 1908 2081 sunt,
1942 2017 2005 2070 li-

417 2111 617 2164 mitare
640 2110 832 2178 possit,
870 2109 1076 2164 idcirco
1121 2122 1184 2162 ea
1237 2107 1643 2175 nuncupatione
1696 2109 2005 2164 celebratus

418 2202 537 2256 luit.
562 2201 713 2268 Quod
743 2201 787 2255 si
822 2201 907 2256 his
946 2216 1066 2269 quae
1105 2201 1240 2266 disi,
1282 2217 1388 2256 non
1433 2201 1803 2271 acquiescitis,
1863 2218 1992 2258 vera

417 2309 538 2348 esse
557 2293 777 2349 discetis
801 2293 904 2348 hac
939 2293 1169 2348 ratione.
1197 2292 1396 2349 Paulus
1410 2293 1475 2349 ad
1505 2294 1757 2350 Hebraeos
1784 2296 1856 2349 ita
1870 2297 2004 2351 scri-

418 2389 501 2443 bit
526 2405 542 2443 :
567 2406 588 2439 ι
619 2387 722 2455 Qui
750 2387 861 2459 (64)
891 2404 989 2458 per
1042 2388 1305 2457 Spiritum
1358 2396 1618 2442 aeternum
1651 2389 2003 2458 semetipsum

419 2478 828 2534 immaculatum
851 2478 1045 2532 obtulit
1077 2477 1206 2532 Deo.
1234 2495 1254 2528 ι
1282 2474 1547 2544 Loquitur
1574 2483 1758 2531 autem
1796 2476 1862 2531 de
1900 2475 2006 2530 Do-

418 2569 568 2624 mino
600 2567 840 2634 Christo,
877 2568 970 2639 qui
1009 2568 1061 2621 in
1114 2566 1422 2622 veneranda
1482 2581 1581 2621 sua
1631 2568 2005 2624 incarnatione

417 2659 774 2727 Semetipsum
810 2672 912 2727 pro
959 2657 1116 2712 nobis
1165 2671 1261 2725 per
1293 2655 1552 2725 Spiritum
1580 2667 1827 2711 sanctum
1858 2655 2005 2712 Patri

424 2764 527 2804 suo
548 2748 768 2803 obtulit.
797 2748 894 2804 llis
940 2758 1308 2803 consentanea
1350 2747 1543 2802 Petrus
1590 2763 1806 2818 quoque
1827 2763 2008 2818 perso-

417 2851 534 2905 nat,
595 2851 655 2894 ut
700 2840 812 2909 jam
849 2852 1334 2896 commemoratum
1381 2851 1469 2895 est
1512 2858 1525 2894 :
1565 2859 1583 2892 ι
1621 2840 1858 2897 Verbum
1883 2840 1996 2913 (65)

417 2941 595 2985 autem
627 2931 719 2986 Dei
752 2941 935 2986 manet
1000 2930 1053 2985 in
1086 2930 1365 2986 smculum.
1397 2950 1418 2982 ι
1470 2929 1605 2984 Nam
1652 2930 1884 2985 Verbum
1911 2931 2005 2987 Dei

418 3036 576 3080 vocat
600 3023 863 3095 Spiritum
891 3025 1006 3080 Dei.
1042 3023 1246 3079 Paulus
1277 3038 1439 3092 porro
1465 3021 1681 3076 Patrem
1732 3022 2000 3078 etFilium

415 3126 876 3181 commemorans,
930 3114 1118 3167 eadem
1161 3111 1375 3167 Eterni
1415 3112 1858 3167 denominatione
1904 3111 1997 3167 Fi-

417 3204 550 3257 lium
575 3218 793 3273 quoque
828 3202 1068 3258 celebrat
1108 3213 1330 3273 propter
1370 3200 1707 3255 identitatem
1751 3202 1995 3258 Deitatis.

421 3295 608 3351 «Deus
648 3294 782 3366 (66),
833 3296 1030 3364 inquit,
1081 3304 1137 3349 et
1181 3292 1341 3347 Pater
1397 3294 1609 3348 Domini
1672 3295 1845 3348 nostri
1870 3293 1998 3350 Jesu

414 3387 619 3442 Christi
674 3387 845 3454 novit,
884 3387 976 3455 qui
1023 3396 1107 3440 est
1138 3385 1460 3440 benedictus
1512 3384 1564 3438 in
1609 3387 1834 3451 saecula;
1885 3404 1904 3437 ι
1943 3396 2000 3439 et

415 3493 635 3532 rursus:
655 3494 675 3528 ι
695 3476 852 3532 Jesus
876 3476 986 3548 (67)
1016 3476 1264 3530 Christus
1278 3475 1392 3529 heri
1418 3485 1474 3529 et
1508 3473 1690 3538 hodie,
1716 3475 1854 3529 idem
1878 3476 1998 3529 etin

417 3571 635 3626 saecula.
666 3588 687 3621 ι
715 3567 832 3623 Νοιι
870 3577 1097 3638 possunt
1126 3576 1344 3631 autem,
1394 3580 1499 3620 non
1552 3573 1781 3635 possunt
1824 3566 1999 3620 audiri

416 3677 482 3714 ac
511 3661 660 3725 ferri,
687 3676 807 3730 qua:
832 3668 1023 3714 contra
1047 3660 1148 3715 hoc
1177 3659 1342 3712 etiam
1367 3658 1665 3727 capitulum
1693 3666 2003 3733 statuerunt

417 3750 508 3816 qui
547 3766 677 3820 erga
705 3751 1008 3805 testimonia
1043 3748 1284 3820 Spiritus
1325 3748 1499 3804 sancti
1544 3748 1880 3804 divinitatem
1910 3752 2001 3804 de-

417 3842 681 3895 t'luralttia
708 3841 848 3897 male
879 3841 1056 3896 ail'ecti
1103 3852 1249 3895 sunt.
1303 3839 1440 3894 Nam
1474 3840 1544 3895 ob
1572 3849 2001 3910 praeoccupatam

420 3927 730 3995 opinionem
781 3930 1106 3997 semetipsos
1134 3929 1187 3982 in
1225 3940 1382 3985 terra:
1414 3930 1794 3985 extremitates
1832 3930 2002 3983 abdu-

415 4029 586 4073 cunt:
618 4019 1057 4076 inconsideratus
1101 4035 1231 4077 vero
1264 4035 1418 4074 amor
1457 4019 1769 4090 diligentem
1798 4036 1909 4091 prs:
1942 4036 2001 4075 se

414 4107 561 4165 ferre
587 4125 692 4165 non
725 4111 865 4167 solet
898 4112 1331 4181 inquisitionem.
1363 4110 1507 4164 Nihil
1556 4120 1736 4164 tamen
1775 4112 2002 4182 impedit

416 4200 548 4269 quin
574 4203 713 4256 hanc
746 4203 917 4269 ipsam
941 4202 1239 4272 captiosam
1258 4205 1786 4272 argumentationem
1811 4204 2002 4258 audia-

419 4305 578 4346 tuus:
619 4292 699 4347 sic
734 4294 881 4348 enim
907 4294 1079 4363 magis
1110 4293 1289 4348 adhuc
1312 4294 1661 4349 damnatione
1683 4294 1825 4364 digni
1856 4294 2004 4349 vidc-

421 4385 642 4440 buntur.
690 4385 784 4441 Sic
820 4386 986 4455 igitur
1011 4401 1073 4440 ea
1102 4401 1161 4441 se
1194 4387 1394 4441 habet:
1422 4384 1479 4441 Si
1508 4386 1638 4456 quid
1666 4386 2000 4456 homonyme

416 4481 679 4529 attentum
710 4487 957 4530 vocatum
986 4474 1106 4540 fuit,
1138 4492 1242 4531 non
1286 4478 1546 4531 continuo
1581 4478 1723 4532 Deus
1757 4478 1860 4531 dici
1898 4493 1999 4548 po-

418 4575 559 4621 test:
590 4570 683 4622 sed
739 4568 832 4638 qui
893 4571 1035 4625 Dens
1080 4579 1185 4633 est,
1216 4570 1261 4625 is
1307 4570 1522 4623 illorum
1571 4584 1695 4638 quae
1743 4571 1999 4625 dicuntur

416 4668 645 4725 arterna,
682 4671 1012 4736 creatorest.
1044 4662 1318 4733 Scriptum
1341 4662 1481 4718 enim
1510 4662 1612 4717 fuit
1642 4662 1779 4734 (68),
1804 4681 1823 4714 ι
1859 4673 1998 4718 ιειιι-

417 4763 606 4817 porum
641 4761 697 4805 et
721 4752 1042 4806 seculorum
1067 4751 1325 4807 factorem
1366 4766 1487 4807 esse
1501 4753 1700 4817 Deum;
1740 4771 1759 4804 ι
1789 4762 1844 4807 et
1877 4768 1998 4806 rur-

414 4853 536 4893 sus:
561 4858 580 4891 ι
608 4838 958 4896 Multilariam
1004 4841 1117 4913 (69)
1173 4843 1469 4913 multisque
1503 4846 1678 4900 modis
1717 4845 1842 4906 olim
1862 4846 2002 4900 Deus

488 5016 599 5090 (59)
642 5018 1060 5090 “corruptibili.
1087 5019 1109 5074 l
1139 5021 1205 5075 ad
1235 5022 1376 5078 Tim.
1421 5041 1461 5090 ι,
1498 5025 1582 5081 l7.

486 5088 599 5155 (60)
642 5088 722 5142 Tu
750 5099 944 5147 autem.
981 5089 1122 5145 Psal.
1150 5107 1224 5153 Cl.
1250 5108 1391 5148 vers.
1424 5088 1509 5150 l3.

410 5157 817 5296 ωξζϋιὲῦιιιὶιὶο.
870 5158 1013 5215 Psal.
1058 5176 1132 5226 Cl,
1181 5178 1324 5219 vers.
1363 5165 1553 5221 26-28.
1576 5164 1712 5221 Vide
1752 5175 1862 5223 not.
1905 5166 1999 5233 46,

486 5296 943 5375 (62)Αςιιρὶιιιιο,-
970 5297 1235 5375 Nimirum
1260 5306 1625 5375 paragrapho
1678 5306 1961 5374 superiore
1983 5347 1999 5375 ,

413 5366 587 5434 segni.
608 5366 676 5424 66
703 5368 754 5433 b,
798 5380 855 5424 et
878 5370 943 5424 67
977 5386 1030 5423 a.
1059 5366 1306 5428 Notanda
1337 5366 1451 5431 haec
1479 5366 1809 5446 signiﬁcatio
1829 5366 1999 5443 vocis,

410 5436 730 5506 κεφάλαιον.

483 5508 598 5586 (ϐξ)
630 5508 706 5563 Et
718 5524 824 5586 μοι
838 5509 1225 5586 ἐπείποισθε.
1242 5511 1463 5586 Legisse
1498 5513 1707 5570 videtur
1731 5516 2003 5586 interpres

407 5576 461 5630 εἰ
496 5576 595 5654 μή,
639 5576 737 5654 pro
770 5579 824 5654 εξ
869 5598 982 5654 μοι..
1029 5579 1171 5652 Lege
1211 5576 1527 5649 ἐπέπεισθε,
1579 5586 1664 5641 vel
1709 5576 1998 5654 πέπεισθε,

409 5659 513 5717 pro
544 5648 884 5717 ὲπείποισθεζ
922 5651 1082 5706 Ειιιτ.

485 5716 600 5859 ἶϐέ)
649 5718 775 5801 Qui.
823 5721 1105 5801 Hebr._tx,
1138 5720 1230 5778 M.

509 5789 578 5841 6ο
642 5787 890 5847 Verbum.
925 5791 1100 5859 Epist.
1143 5793 1230 5847 lP

509 5787 598 5857 63)
642 5787 890 5847 Verbum.
925 5791 1100 5860 Epist.
1143 5793 1338 5849 lPetr.
1380 5810 1418 5861 ι,
1454 5795 1543 5851 25.
1584 5795 1716 5853 Vide
1743 5805 1858 5855 ιιοι.
1905 5798 1998 5864 22,

2106 1827 2250 1898 ἔχειν
2276 1827 2608 1898 δημιουργὸν
2642 1828 2736 1889 καὶ
2759 1825 2963 1895 ἀγαθὸν
2989 1826 3212 1898 Πνεῦμα
3242 1825 3337 1879 τοῦ
3373 1825 3531 1890 Θεοῦ,
3562 1827 3697 1881 πάν⁸

2105 1937 2172 1973 τα
2197 1920 2455 1991 ἐνεργοῦν
2486 1921 2741 1983 αἰωνίως,
2774 1921 2868 1973 καὶ
2904 1919 3100 1974 οὔποτε
3129 1920 3228 1993 μὲν
3261 1920 3393 1975 αὐτὸ
3427 1921 3698 1994 περατού-

2108 2029 2292 2083 μενον,
2318 2013 2426 2064 τῶν
2457 2010 2501 2064 δ’
2534 2011 2626 2063 ὐπ’
2658 2011 2825 2065 αὐτοῦ
2861 2012 3169 2081 γενομένων
3209 2012 3507 2084 δυνάμενον
3559 2009 3696 2069 εἶναι

2107 2103 2505 2175 περατωτικὸν,
2543 2101 2715 2175 ταύτῃ
2742 2102 3104 2176 ἀνευφημήθη
3138 2106 3203 2176 τῇ
3229 2107 3550 2176 προσρήσει.
3578 2106 3699 2161 Μά-

2106 2194 2252 2248 θοιτε
2305 2193 2362 2247 δὲ
2418 2191 2505 2257 ἂν,
2550 2194 2608 2247 εἴ
2645 2211 2734 2265 μοι
2773 2195 3091 2250 ὲπείποισθε
3139 2195 3272 2267 (65),
3303 2196 3448 2268 τῇδε’
3484 2197 3696 2261 Παῦλος

2118 2284 2392 2357 Ἑϐραίοις
2441 2281 2742 2337 ἐπιστέλλει
2802 2284 3007 2350 οὕτως’
3052 2306 3071 2339 ι
3110 2288 3208 2351 Ὃς
3249 2286 3337 2340 διὰ
3376 2288 3698 2360 Πνεύματος

2107 2376 2327 2432 αἰωνίου
2360 2376 2551 2429 ἑαυτὸν
2585 2375 2815 2447 ἄμωμον
2839 2378 3214 2450 προσήνεγκεν
3252 2378 3330 2450 τῷ
3358 2380 3499 2452 Θεῷ,
3536 2400 3556 2433 ι
3592 2383 3697 2436 As:-

2105 2487 2192 2539 γει
2215 2470 2271 2523 δὲ
2298 2469 2392 2524 τὸν
2415 2469 2695 2541 Δεσπότην
2723 2469 2978 2541 Χριστὸν,
3008 2471 3101 2525 τὸν
3144 2473 3202 2526 ὲν
3232 2476 3299 2545 τῇ
3340 2466 3519 2547 σεπτῇ
3538 2477 3697 2531 ὲναν-

2107 2560 2390 2632 θρωπήσει
2422 2560 2590 2614 αὐτοῦ
2614 2560 2806 2614 ἑαυτὸν
2827 2561 2917 2615 διὰ
2945 2561 3038 2616 τοῦ
3058 2564 3215 2633 ἁγίου
3237 2565 3555 2638 Πνεύματος
3579 2568 3695 2623 ἀνθ’

2106 2654 2265 2725 ἡμῶν
2289 2652 2369 2725 τῷ
2396 2652 2591 2707 ἑαυτοῦ
2626 2654 2801 2726 Πατρὶ
2839 2656 3298 2728 προσενηνοχότα.
3332 2660 3445 2714 Καὶ
3492 2661 3697 2733 Πέτρος

2105 2747 2163 2800 δὲ
2183 2748 2451 2817 προσηχεῖ
2478 2745 2765 2813 ἀκόλουθα,
2801 2747 2876 2812 ὠς
2905 2748 3007 2819 ήδη
3038 2750 3422 2823 ἐμνημονεύθη
3443 2769 3457 2783 ·
3495 2773 3516 2806 ι
3545 2754 3619 2807 Τὸ
3641 2755 3698 2809 δὲ

2117 2838 2299 2910 Ῥῆμα
2338 2836 2431 2892 τοῦ
2478 2837 2615 2891 Θεοῦ
2677 2840 2828 2910 μένει
2868 2842 2949 2905 εἰς
2977 2842 3069 2895 τὸν
3097 2842 3288 2897 αἰῶνα.
3323 2863 3342 2896 ι
3383 2845 3561 2917 Ῥῆμα
3589 2847 3696 2918 γὰρ

2106 2928 2241 2983 Θεοῦ
2294 2929 2528 2984 ἐνταῦθα
2583 2931 2740 2985 καλεί
2777 2932 2839 2985 τὸ
2876 2933 3101 3006 Πνεῦμα
3127 2936 3221 2989 τοῦ
3247 2936 3405 2992 Θεοῦ.
3441 2939 3544 2991 Διὰ
3568 2938 3698 3008 γοῦν

2106 3023 2206 3093 τῆς
2235 3022 2502 3095 Θεότητος
2523 3024 2621 3094 τὴν
2647 3025 2951 3097 ταυτότητα
2985 3028 3339 3100 μνημονεύων
3363 3030 3456 3084 τοῦ
3484 3031 3696 3103 Πατρὸς

2102 3112 2196 3164 καὶ
2222 3109 2316 3165 τοῦ
2344 3110 2475 3165 Υίοῦ
2504 3113 2532 3166 ὁ
2556 3111 2791 3177 Παῦλος,
2813 3117 2879 3185 τῇ
2913 3115 3051 3187 αὐτῇ
3086 3116 3351 3191 κέχρηται
3387 3120 3480 3173 τοῦ
3513 3122 3694 3193 ῥήμα-

2099 3217 2190 3265 τος
2220 3201 2468 3274 εὐφημίᾳ
2487 3222 2502 3236 ο
2548 3222 2567 3254 ι
2617 3205 2675 3257 '0
2709 3205 2863 3270 Θεὸς,
2887 3207 3070 3278 φησὶν,
3112 3209 3208 3262 καὶ
3240 3211 3429 3282 Πατὴρ
3454 3212 3548 3266 τοῦ
3578 3216 3696 3267 Κυ-

2104 3292 2219 3362 ρίου
2250 3291 2408 3362 ήμῶν
2443 3292 2617 3363 Ἰησοῦ
2652 3293 2890 3363 Χριστοῦ
2927 3291 3086 3363 οἶδεν,
3117 3300 3145 3350 6
3174 3297 3250 3352 ὣν
3288 3299 3579 3373 εὐλογητὸς
3611 3303 3692 3366 εἰς

2101 3381 2227 3443 τοὺς
2242 3380 2447 3445 αἰῶνας
2472 3397 2489 3415 ·
2511 3401 2530 3435 ι
2555 3381 2651 3436 καὶ
2673 3384 2836 3437 πάλιν
2860 3401 2875 3417 ο
2904 3404 2923 3436 ι
2955 3386 3162 3458 Ἰησοῦς
3181 3389 3416 3460 Χριστὸς
3445 3391 3571 3462 χθὲς
3603 3394 3696 3446 καὶ

2103 3473 2341 3543 σήμερον
2374 3490 2387 3502 ⁸
2410 3474 2439 3524 6
2458 3473 2621 3538 αὐτὸς
2640 3474 2734 3529 καὶ
2750 3476 2830 3540 εἰς
2848 3477 2973 3541 τοὺς
3002 3478 3227 3543 αἰῶνας.
3257 3499 3276 3532 ι
3309 3482 3424 3537 Οὐκ
3449 3483 3597 3538 ἔστιν
3616 3484 3691 3550 δὲ,

2101 3564 2200 3616 οὐκ
2213 3563 2359 3618 ἔστιν
2378 3566 2516 3637 ἀκοῇ
2528 3566 2780 3633 ἀκοῦσαι,
2797 3568 2940 3639 ἆπερ
2957 3572 3047 3624 καὶ
3063 3574 3145 3635 εἰς
3154 3572 3216 3625 τὸ
3241 3574 3533 3642 κεφάλαιον
3542 3575 3698 3630 τοῦτο

2101 3655 2369 3727 ὡρίσαντο
2390 3659 2437 3710 οἰ
2471 3661 2598 3731 περὶ
2636 3660 2737 3722 τὰς
2759 3660 3038 3731 θεολογίας
3067 3664 3162 3718 τοῦ
3191 3667 3348 3735 ἁγίου
3377 3668 3697 3741 Πνεύματος

2103 3749 2567 3823 ἀποδιακείμενοι.
2609 3754 2910 3823 Ἀπάγουσι
2945 3756 3052 3828 γὰρ
3084 3759 3166 3821 εἰς
3197 3757 3400 3828 ἔσχατα
3440 3761 3544 3831 γῆς
3568 3763 3698 3815 ἑαυ-

2102 3840 2229 3903 τοὺς
2272 3841 2381 3895 ἀπὸ
2431 3844 2788 3917 προλήψεωςο
2821 3847 3045 3919 ἄκριτος
3088 3847 3144 3901 δὲ
3189 3849 3330 3918 ἔρως
3368 3851 3469 3903 οὐκ
3505 3852 3697 3904 εἴωθεν

2103 3933 2304 4005 ἀκριϐῆ
2345 3939 2646 4008 μαρτυρεῖν
2688 3928 2931 4011 ἐξέτασιν
2953 3958 2965 3971 ⁸
2993 3942 3142 4010 ὅμως
3168 3942 3319 3995 οὐδὲν
3352 3939 3464 3997 οἷον
3496 3943 3695 3996 κωλύει

2104 4025 2277 4095 αὐτῆς
2301 4027 2518 4099 ἐκείνης
2543 4029 2641 4100 τῆς
2672 4030 3093 4105 πειθανουργίας
3117 4033 3367 4088 ἀκοῦσαι.
3405 4034 3561 4089 Οὕτω
3586 4036 3694 4108 γὰρ

2102 4117 2170 4172 ἂν
2198 4117 2276 4172 ἔτι
2306 4120 2469 4173 πλέον
2495 4123 3029 4197 καταγνωσθείησαν.
3060 4126 3214 4196 Ἔχει
3235 4121 3327 4179 οὖν
3349 4120 3453 4181 ὧδε
3508 4128 3623 4181 Οὐκ
3646 4126 3701 4180 εἴ

2107 4225 2163 4261 τι
2214 4208 2432 4264 αἰώνιον
2475 4210 2798 4283 ὡμωνύμως
2826 4217 3289 4289 προσηγόρευται,
3320 4218 3453 4282 Θεὸς
3475 4218 3697 4275 δύναται

2102 4295 2376 4366 λέγεσθαι,
2423 4299 2538 4353 ἀλλ’
2571 4300 2626 4353 εἴ
2652 4321 2736 4366 τις
2767 4303 2920 4367 Θεὸς,
2946 4305 3181 4358 αἰωνίων
3211 4305 3317 4378 [68
3345 4306 3406 4379 b]
3444 4310 3694 4379 ποιητής.

2032 4423 2077 4478 D
2106 4389 2418 4461 Γέγραπται
2477 4395 2620 4466 γάρ·
2659 4415 2678 4447 ι
2720 4397 2944 4467 Χρόνων
2987 4398 3083 4451 καὶ
3138 4397 3352 4454 αἰώνων
3398 4401 3629 4472 ποιητὴς
3667 4401 3701 4455 6

2108 4479 2240 4543 Θεός
2267 4497 2281 4511 ·
2322 4502 2341 4534 ι
2380 4485 2475 4536 καὶ
2521 4485 2714 4539 πάλιν·
2748 4505 2766 4538 t
2809 4487 3141 4559 Πολυμερῶς
3194 4490 3292 4543 καὶ
3346 4492 3699 4563 πολυτρόπως

2108 4572 2275 4627 πάλαι
2304 4576 2333 4627 6
2355 4574 2489 4641 Θεὸς
2531 4577 2772 4648 λαλήσας
2818 4581 2877 4633 ὲν
2914 4584 3027 4644 τοῖς
3056 4583 3386 4654 προφήταις,
3421 4585 3509 4636 ἐπ’
3532 4583 3699 4655 ἐσχά-

2103 4680 2198 4716 του
2221 4665 2330 4718 τῶν
2359 4668 2582 4740 ἡμερῶν
2606 4669 2872 4739 ἐλάλησεν
2897 4674 3030 4742 ἡμῖν
3053 4673 3111 4725 ὲν
3140 4671 3276 4744 ras,
3305 4673 3365 4725 ὃν
3394 4674 3544 4727 ἑθετο
3565 4675 3698 4745 κληὸ

2108 4756 2335 4827 ρόνομον
2362 4759 2682 4823 πάντων,δι’
2704 4756 2765 4815 οῦ
2794 4763 2888 4815 καὶ
2921 4765 3047 4828 τοὺς
3073 4764 3277 4827 αἰῶνας
3299 4766 3572 4837 ἐποίησεν.
3590 4788 3608 4819 ι
3633 4768 3699 4822 Εἰ

2109 4852 2221 4925 γὰρ
2255 4850 2309 4903 εἰ
2334 4869 2389 4904 τι
2423 4852 2640 4907 αἰώνιον
2664 4856 3128 4927 προσηγόρευται,
3162 4855 3285 4920 θεὸς
3336 4859 3542 4927 ὀφείλει
3581 4861 3698 4914 ὀνο-

2104 5030 2380 5100 ραε.147.
2538 5044 2543 5047 '

2180 5101 2295 5169 (66)
2332 5101 2493 5157 Deus.
2530 5101 2573 5157 ll
2599 5104 2726 5160 Cor.
2756 5121 2834 5169 XI,
2872 5106 2967 5163 51.

2182 5171 2298 5241 (67)
2330 5171 2510 5241 {mea
2543 5174 2710 5231 Hebr.
2743 5192 2864 5241 xm,
2895 5178 2950 5232 8.

2181 5239 2296 5324 (66)
2325 5239 2601 5324 Scriptum
2637 5249 2777 5324 enim
2823 5239 2947 5324 fuit.
2989 5248 3322 5305 Vertendum
3365 5250 3649 5324 videbatur
3682 5270 3696 5307 :

2114 5311 2434 5388 :Scri’ptum
2503 5324 2588 5368 est
2625 5317 2793 5388 enim
2821 5311 2836 5370 Ξ
2868 5315 3195 5388 Tempurttm
3260 5331 3315 5375 et
3377 5322 3697 5376 smeulorum

2114 5381 2291 5435 factor
2351 5384 2512 5438 Deus.
2539 5402 2559 5436 ι
2609 5385 2678 5438 At
2714 5402 2838 5440 cum
2883 5388 2971 5444 hic
3004 5381 3187 5444 textus
3242 5389 3297 5444 in
3342 5390 3531 5446 Bibliis
3587 5406 3700 5449 nos:

2112 5461 2315 5514 exstet,
2349 5451 2554 5509 idcirco
2576 5454 2735 5511 aliter
2766 5458 3044 5513 transtuli.

2179 5519 2293 5599 (69)
2341 5520 2743 5599 Multifariam.
2798 5526 2963 5582 Hebr.
3008 5544 3075 5599 ίι,
3126 5529 3151 5581 1
3182 5568 3198 5595 ,
3243 5530 3301 5585 2.
3344 5530 3516 5585 Biblia
3576 5540 3701 5599 post

2103 5590 2347 5674 λαλήσας
2406 5590 2608 5674 addunt
2662 5598 2776 5674 rei;
2840 5598 3139 5674 πατράσιν,
3183 5590 3425 5674 etpost
3470 5590 3697 5674 ήμέρῶν

2109 5660 2549 5746 addunt-cotier
2567 5667 2924 5746 °A:_t_c_detnnttt
2955 5660 3057 5746 pro
3087 5660 3240 5723 ἔθετο
3270 5660 3471 5727 habent
3492 5660 3694 5746 ’ἔθήκεο

2112 5731 2217 5785 Sed
2245 5733 2364 5787 vide
2385 5747 2556 5804 segni.
2585 5734 2655 5789 27
2682 5737 2733 5803 b,
2755 5748 2808 5793 et
2828 5736 2928 5792 201
2957 5731 3018 5792 Ἰ).
