4082 6408
482 385 586 439 Si?

1514 383 1600 439 DB
1639 383 2020 440 TIIINI'I‘ATE
2061 384 2268 440 LIBER
2306 386 2697 446 SECUNDUS.

3663 396 3770 452 518

484 497 755 572 μαζεσθαι
781 514 796 531 ο
827 496 1046 571 ἄπειροι
1093 497 1206 553 θεοὶ
1252 496 1488 553 ἔσονται.
1558 497 1874 569 Γέγραπται
1933 500 2042 571 γάρ

2192 505 2417 573 loquens
2448 503 2500 557 in
2540 502 2840 572 prophetis,
2886 503 2938 557 in
2973 504 3275 561 novissimo
3300 507 3513 563 dierum
3554 502 3774 565 locutu6

485 590 626 643 (Καὶ
638 588 1125 661 ὲπάρθητε,πύλαι
1146 587 1375 643 αἰώνιοι.
1400 608 1420 643 ι
1444 588 1555 643 Kal.
1576 589 1740 643 πάλιν
1757 608 1775 640 ι
1794 590 1929 660 ’Έτη
1956 589 2081 643 αἰώ-

478 699 567 735 νια
586 701 603 733 ι
638 680 1015 752 ἐμνήσθησαν.
1039 681 1149 733 Καὶ
1168 676 1324 752 αὖθις
1347 698 1361 712 ο
1401 680 1647 752 (Ὠσπερ
1677 680 1924 751 πρόϐατα
1949 682 2080 736 αἰώ-

478 789 566 828 νια
588 788 602 802 ·
619 790 636 823 ι
659 772 777 834 καὶ,
798 790 816 824 ι
840 771 1263 843 Ἀναστήσονται
1302 764 1448 825 οὗτοι
1481 773 1561 836 εἰς
1583 771 1804 825 κόλασιν
1835 772 2075 826 αἰώνιον·

487 884 507 917 ι
540 866 634 919 καί
649 863 877 935 ἑτέρωθι
901 881 915 895 ο
938 883 955 916 ι
978 863 1399 935 Ἀναστήσονται
1415 865 1535 918 οἱέν
1548 864 1761 936 χώματι
1777 867 1899 937 γῆς,
1916 869 1962 919 οί
1978 866 2078 938 μὲν

480 962 563 1022 εἰς
575 957 714 1029 ζωὴν
737 955 975 1020 αἰώνιον,
996 958 1045 1011 οἰ
1065 956 1121 1010 δέ
1148 958 1227 1019 εἰς
1242 958 1472 1029 αἰσχύνη
1496 957 1765 1017 ναίώνιον,
1790 978 1808 1011 ι
1823 960 1887 1011 Ἀ
1898 976 1963 1030 ρα
1984 955 2077 1013 οὖν

487 1051 583 1107 καὶ
604 1050 868 1121 ἡκόλασις
886 1050 974 1104 καί
1001 1049 1304 1121 ἡαὶσχύνη,
1336 1047 1480 1114 Θεοί;
1511 1050 1672 1121 Ὁρᾷς
1694 1051 1775 1114 εἰς
1794 1051 1926 1122 ὅσην
1953 1052 2077 1105 ἀτο-

494 1142 622 1196 πίαν
643 1143 731 1195 καὶ
758 1141 1015 1195 ἀσέϐειαν
1046 1144 1079 1213 ἡ
1107 1142 1249 1196 κατά
1281 1142 1341 1196 τὸ
1358 1141 1576 1195 αἰώνιον
1602 1143 1889 1214 ὁμωνυμία
1920 1144 2077 1197 ἐκπί-

493 1234 757 1299 πτειςΤοῑς
773 1232 872 1305 μὲν
884 1229 977 1287 οὖν
994 1234 1217 1286 ἐκείνων
1234 1234 1470 1304 νοήμασι
1498 1233 1592 1287 καί
1610 1235 1822 1305 ῥήμασι
1848 1236 2066 1307 σκάλμη

490 1326 798 1391 ἐπιπολάζει
840 1343 900 1378 τε
931 1327 1026 1379 καὶ
1051 1327 1441 1398 συμπέφυρται
1467 1341 1483 1359 ·
1514 1324 1719 1397 ταύτην
1767 1327 1824 1380 δὲ
1868 1327 2073 1383 διαλύει

484 1419 607 1472 τάδε
626 1436 639 1447 ·
671 1418 775 1471 Τοῦ
803 1417 1023 1471 αἰωνίου
1047 1418 1330 1489 ὀνόματος,
1355 1418 1433 1483 ώς
1464 1419 1589 1490 ἄρτι
1625 1420 2070 1492 ἐπεμνήσθημεν,

480 1511 550 1564 τὰ
579 1511 710 1565 ἄλλα
748 1509 849 1564 κᾶν
879 1509 1091 1582 ἔτυχεν,
1126 1510 1286 1581 μόνον
1321 1510 1422 1563 ούκ
1461 1510 1570 1564 ἀπὸ
1617 1511 1809 1583 χρόνου
1848 1512 2069 1584 ἔτυχεν·

479 1602 619 1657 ἀλλά
669 1603 763 1657 καὶ
804 1601 1011 1675 φθορὰν
1055 1602 1158 1675 τὴν
1204 1602 1313 1656 ἀπὸ
1359 1601 1587 1674 γνώμης
1626 1602 1834 1668 οἰκείας
1865 1603 2071 1678 τροπὴν

479 1695 617 1766 ἔχει,
654 1695 750 1748 καὶ
790 1693 1043 1765 ἀνόμοιον
1083 1695 1431 1750 παντάπασιν
1472 1693 1551 1766 τῷ
1589 1694 1721 1765 θείῳ
1768 1696 1974 1768 αἰωνίῳ
2009 1697 2070 1750 τὸ

478 1788 702 1841 ἐκείνων
727 1786 943 1841 αἰώνιόν
967 1788 1116 1841 ἐστιν
1138 1804 1153 1817 ⁸
1192 1787 1336 1842 καθά
1363 1788 1484 1841 οὐδὲ
1521 1790 1548 1841 ὁ
1576 1787 1869 1858 λεγόμενος
1891 1788 2064 1857 ἅγιος,

2181 602 2264 646 cst
2294 594 2451 648 nobis
2487 594 2538 646 in
2573 592 2732 656 Filio,
2757 608 2916 661 quem
2950 598 3233 651 constituit
3257 598 3526 653 ltmredem
3551 602 3768 654 univer-

2185 699 2392 749 serum,
2424 700 2519 753 per
2553 700 2713 752 quem
2750 684 2878 737 fecit
2910 693 2965 737 ct
3015 688 3231 741 saecula.
3269 707 3288 740 ι
3330 688 3468 742 Nam
3510 691 3556 745 si
3602 706 3670 746 ex
3703 706 3770 745 eo

2179 778 2325 847 quod
2352 787 2613 832 EBICI'IHIIII
2654 778 2861 845 aliquid
2900 792 3151 833 vocatum
3187 783 3279 845 sit,
3312 782 3471 835 debet
3500 782 3633 837 detts
3672 799 3767 838 no-

2182 869 2414 935 minari,
2470 870 2894 923 innumerabiles
2948 882 3108 923 erunt
3163 873 3236 925 dii
3290 892 3303 925 :
3368 874 3629 943 scriptum
3684 885 3767 929 est

2178 960 2363 1013 enim:
2396 978 2415 1010 ι
2452 959 2518 1012 Ει
2544 958 2829 1012 clevamini
2868 959 3003 1025 (70),
3047 960 3207 1032 155
3249 975 3417 1031 portae
3467 974 3760 1032 :nternarp

2177 1061 2232 1105 et
2266 1066 2491 1105 rursus:
2528 1067 2547 1101 ι
2582 1051 2723 1104 Anni
2763 1050 3084 1122 (7I)telerni
3111 1074 3129 1106 ι
3181 1058 3589 1109 commemorati
3607 1069 3760 1122 sunt;

2175 1154 2228 1197 et
2259 1158 2479 1197 rursus:
2516 1160 2536 1193 ι
2565 1140 2852 1214 Sicut(72)
2893 1158 3024 1199 oves
3052 1154 3299 1211 aeternae;
3334 1164 3352 1196 ι
3389 1155 3443 1200 et
3468 1163 3482 1200 :
3508 1163 3529 1199 ι
3565 1146 3766 1201 Resur-

2176 1245 2303 1305 gent
2333 1234 2449 1304 (73)
2502 1235 2556 1289 hi
2613 1235 2666 1288 in
2728 1235 3050 1306 supplicium
3102 1246 3447 1307 :eternnmp
3497 1249 3552 1294 et
3602 1239 3761 1296 alibi:

2180 1347 2199 1379 ι
2228 1328 2532 1399 Resurgent
2556 1329 2647 1397 qui
2679 1338 2807 1382 sunt
2836 1327 2948 1399 (74)
2983 1329 3034 1383 in
3064 1346 3262 1385 acervo
3289 1342 3471 1399 terra,
3509 1333 3601 1387 alii
3641 1335 3763 1402 qui-

2174 1424 2296 1477 dettt
2362 1422 2416 1476 in
2469 1424 2635 1475 vitam
2698 1431 2981 1489 aeternam,
3022 1423 3111 1476 alii
3152 1437 3280 1477 vero
3327 1423 3379 1478 in
3410 1425 3762 1495 opprobrium

2171 1524 2461 1567 attentum.
2502 1532 2520 1564 ι
2556 1510 2809 1580 Nunquid
2837 1528 2968 1581 ergo
2996 1514 3069 1567 dii
3100 1525 3304 1569 suntet
3341 1515 3764 1587 supplicium,et

2171 1603 2560 1674 oltprobrium?
2584 1603 2818 1658 Videsne
2850 1604 2901 1657 in
2935 1614 3200 1674 quantam
3258 1606 3674 1671 absurditatem,
3704 1617 3762 1665 et

2171 1694 2499 1763 impietatem
2532 1695 2737 1750 incidas
2762 1696 2832 1750 ob
2864 1697 3004 1752 hanc
3034 1697 3461 1767 hontonyntiam,
3486 1715 3589 1769 qua
3605 1700 3757 1770 plura

2141 1771 2443 1854 'aaqnivoce
2464 1784 2720 1841 dicuntur
2743 1789 2993 1842 :rlerna?
3026 1789 3247 1844 Illorum
3295 1806 3460 1860 porro
3510 1794 3762 1863 cogitatis

478 1881 706 1949 ἄγγελος
732 1879 765 1952 ἢ
795 1880 1101 1950 ἄνθρωπος,
1130 1879 1331 1950 ὁμοίως
1355 1880 1448 1933 καὶ
1470 1881 1601 1943 ἴσως
1631 1878 1788 1932 τοῦτό
1811 1881 1957 1934 ἐστιν
1987 1880 2058 1951 τῷ

2171 1877 2441 1947 dictisque
2462 1881 2748 1934 commista
2787 1880 2954 1935 veluti
2990 1893 3137 1947 sunt,
3166 1897 3228 1935 ac
3254 1892 3615 1952 supernatant
3647 1884 3759 1937 l'nr-

478 1977 617 2048 ἁγίῳ
652 1976 762 2030 τῶν
794 1976 963 2045 ἁγίων
1023 1974 1331 2046 Πνεύματι·
1370 1973 1500 2028 αὐτὸ
1552 1973 1661 2046 γὰρ
1706 1974 1931 2046 ἁγιότης
1974 1977 2066 2028 καὶ

478 2068 762 2139 αἰωνιότης
802 2067 863 2121 τὸ
902 2068 1011 2121 πᾶν
1055 2066 1313 2138 ὑπάρχει.
1350 2065 1636 2138 Πρόσχωσι
1682 2066 1880 2131 τοίνυν,
1929 2066 2066 2137 μετά

479 2160 636 2225 ποίας
661 2159 1070 2231 μεγαλοφωνίας
1107 2158 1167 2212 τὸ
1203 2156 1418 2211 αἰώνιον
1458 2159 1550 2212 ἐπὶ
1584 2157 1677 2211 τοῦ
1711 2157 1866 2227 ἁγίου
1891 2157 2064 2211 Πνεύ-

481 2270 649 2325 ματος
673 2251 976 2324 ἀνείρηται,
1009 2250 1106 2305 καὶ
1146 2250 1228 2303 ὅτι
1260 2250 1434 2320 τούτῳ
1463 2249 1523 2303 τὸ
1551 2249 1862 2321 θαυμαστὸν
1892 2252 2066 2303 ἐκεῖνο

478 2346 572 2400 καὶ
610 2346 772 2398 πᾶσιν
815 2342 1228 2416 ἀχωρητὸτατον
1257 2341 1689 2415 προσεπέθηκεν,
1718 2344 1859 2413 φημὶ
1887 2343 1947 2395 τὸ
1978 2342 2063 2396 διὰ

474 2440 569 2493 τοῦ
598 2438 753 2507 ἁγίου
777 2437 1096 2508 Πνεύματος
1119 2437 1211 2491 τὸν
1244 2436 1736 2490 κατασκευάσαντα
1770 2438 1897 2500 τοὺς
1930 2436 2066 2489 αἰῶ-

475 2550 571 2595 νας
608 2531 799 2605 ἑαυτὸν
833 2534 1205 2603 προσαγαγεῖν
1253 2528 1332 2601 τῷ
1378 2529 1570 2583 ἑαυτοῦ
1615 2529 1855 2601 ἀληθινῷ
1885 2530 2063 2603 Πατρὶ

475 2624 614 2695 ὑπὲρ
641 2622 813 2694 ἡμῶν.
839 2621 1239 2692 Σκεψάσϐωσαν
1255 2623 1311 2676 δὲ
1333 2622 1426 2676 καὶ
1445 2622 1594 2676 ὅτιαί
1612 2620 1704 2694 [69
1736 2621 2063 2695 α]δυνάμεις

474 2717 647 2768 πᾶσαι
665 2714 773 2769 τῶν
801 2714 1048 2787 οὐρανῶν
1070 2716 1128 2769 ὲν
1156 2713 1235 2785 τῷ
1258 2714 1399 2785 ἁγίῳ
1419 2713 1698 2786 Πνεύματί
1723 2716 1882 2778 εἰσιν,
1925 2714 2063 2768 πάν-

473 2822 579 2868 τως
612 2805 693 2859 ὅτι
733 2804 808 2869 ώς
844 2804 1262 2877 συνδημιουργῷ
1303 2803 1398 2857 τοῦ
1443 2803 1763 2869 ἀνεπιδεοῦς
1798 2804 2063 2876 δημιουρ-

474 2897 571 2965 γοῦ
596 2914 610 2928 ο
667 2898 762 2951 καὶ
822 2890 1003 2950 ὃτιῶν
1046 2897 1146 2950 οὑκ
1195 2896 1486 2968 εὐκαίρως,
1531 2897 1646 2951 ἀλλ’
1701 2896 2062 2961 ὲνδιασκεύως

474 2990 887 3061 ἐμνημόνευσαν
920 2990 1188 3063 αἰρετικοὶ
1220 2990 1454 3043 αἰωνίων
1487 2989 1674 3046 πυλῶν
1723 2990 1818 3045 καὶ
1849 2990 2057 3061 προϐἀσ

473 3099 581 3136 των
611 3082 673 3136 τὸ
698 3082 868 3149 τέλος,
896 3083 966 3137 τὰ
1012 3084 1093 3147 εἰς
1131 3083 1193 3137 τὸ
1222 3083 1516 3154 κεφάλαιον
1555 3083 1718 3137 τοῦτο
1758 3100 2060 3156 προσκομι-

476 3174 670 3231 σθέντα
697 3178 832 3250 πρὸς
862 3178 1018 3249 ἡμῶν
1055 3178 1211 3247 λόγια
1257 3181 1547 3251 προεῖπαν.
1580 3179 1689 3232 Καὶ
1723 3178 1864 3231 ἔστω
1901 3177 2058 3248 δῆλον

475 3268 653 3333 αὺτοῖς
673 3269 733 3323 τὸ
760 3268 1014 3341 διάφορον
1035 3270 1128 3324 τοῦ
1150 3288 1209 3323 τε
1231 3270 1483 3343 ἀνάρχως
1506 3271 1599 3324 καὶ
1623 3271 1907 3341 ἀτρέπτως
1930 3271 2058 3324 αἰω-

474 3360 719 3426 νίου,τοῦ
746 3380 806 3416 τε
838 3363 946 3417 ἀπὸ
977 3364 1170 3435 χρόνου
1203 3364 1299 3417 καὶ
1325 3363 1581 3435 τρεπτοῦ,
1616 3364 1706 3416 καὶ
1729 3362 1804 3426 ώς
1835 3363 1895 3416 οὐ
1921 3363 2055 3435 βραοο

470 3453 538 3525 xii
572 3452 749 3517 τοῦτο,
780 3454 902 3508 οὐδὲ
940 3454 1069 3527 περί
1117 3454 1216 3526 τὴν
1258 3454 1447 3509 οὐσίαν
1488 3454 1583 3508 καὶ
1615 3454 1675 3507 τὸ
1702 3453 1831 3508 ἄλλο
1859 3454 2055 3520 κάλλος

469 3545 588 3597 ἐστὶ
611 3545 789 3614 μόνον,
814 3545 951 3600 ἀλλὰ
974 3546 1034 3598 τὸ
1061 3546 1408 3601 παντάπασιν
1430 3545 1848 3617 ἐξηλλαγμένον.
1872 3547 2055 3602 Ἔστω

471 3635 529 3688 δὲ
547 3635 822 3709 γνώριμον
847 3635 941 3691 καὶ
960 3636 1042 3704 τὸ,
1073 3638 1155 3691 ὅτι
1192 3639 1253 3692 τὸ
1283 3638 1436 3709 ἆγιον
1466 3638 1692 3710 Πνεῦμα
1721 3639 1821 3710 τὴν
1840 3640 1965 3710 περὶ
1997 3639 2056 3692 τὸ

467 3726 686 3784 αἰώνιον
744 3730 927 3802 κρίσιν
969 3731 1107 3803 πρὸς
1140 3731 1234 3786 τὸν
1266 3730 1625 3802 ὲνισχύσαντα
1668 3731 1734 3786 τὰ
1768 3731 2057 3803 σύμπαντα

470 3821 602 3874 θεὸν
622 3823 842 3895 Πατέρα
868 3825 961 3877 καὶ
987 3824 1077 3878 τὸν
1104 3824 1231 3878 Υίὸν
1256 3823 1390 3896 ἔχει,
1417 3826 1478 3878 οὐ
1511 3824 1646 3897 πρὸς
1667 3824 1736 3877 τά
1758 3824 2054 3895 κτίσματαο

466 3914 563 3967 καὶ
589 3913 853 3980 λύσαντες
884 3914 982 3987 τὴν
1007 3917 1176 3989 χείρω
1200 3916 1448 3991 γνώμην,
1474 3916 1782 3971 ἐλέσθωσαν
1820 3917 1917 3989 τὴν
1940 3915 2062 3989 βελ-

539 4092 653 4162 (70)
699 4092 766 4148 Et
791 4093 1081 4149 elevamini.
1109 4094 1255 4151 Psal.
1279 4111 1439 4161 mu,
1472 4111 1614 4149 vers.
1651 4096 1683 4149 7
1718 4104 1773 4149 et
1805 4095 1857 4151 9.

541 4164 652 4237 (71)
692 4166 848 4237 enni.
883 4163 1025 4237 _P_sal.
1072 4182 1265 4237 ιιι-αγις
1286 4182 1426 4221 vers.
1460 4166 1493 4219 5'
1521 4166 1645 4236 (seu
1675 4166 1759 4236 6).

540 4233 651 4305 (72)
686 4233 854 4290 Sicut.
884 4235 1083 4305 Haecin
1110 4233 1264 4305 Vulg.
1287 4233 1638 4292 translatione
1661 4233 1766 4291 non
1789 4245 2044 4292 exstant:

468 4304 686 4357 exstant
712 4316 889 4360 tamen
916 4307 966 4359 in
993 4304 1180 4361 Graeca
1210 4304 1310 4362 Job
1334 4324 1444 4373 ut,
1471 4309 1561 4364 ll.

542 4374 652 4444 (73)
699 4373 1000 4444 Resurgent.
1053 4377 1244 4433 Matth.
1280 4394 1410 4440 xxv,
1444 4376 1535 4440 46,
1576 4378 1663 4431 ubi
1694 4377 1883 4433 Graeca
1911 4379 2044 4434 edit.

469 4447 1013 4517 βιῳ-ἀναστήσονται,
1049 4450 1208 4503 habet
1237 4447 1653 4501 ἀπελεύσονται.

539 4514 652 4584 (74)
688 4513 979 4587 Resurgent
1027 4519 1116 4587 qui
1150 4527 1293 4575 sum.
1330 4520 1462 4573 llan.
1497 4534 1598 4581 xu,
1644 4520 1700 4584 2,
1758 4518 1846 4572 tibi
1882 4518 2043 4572 Cont-

2172 1968 2257 2023 fnr
2288 1981 2342 2024 ct
2378 1982 2731 2041 purgamenta
2755 1972 2891 2045 (75).
2927 1972 3032 2028 Sed
3058 1974 3758 2043 ltnjusmodicavillationes

2172 2062 2249 2116 sic
2277 2062 2670 2118 dissolvuntur.
2711 2062 2978 2118 Nimirum
3004 2067 3105 2119 etsi
3129 2064 3233 2119 alia
3256 2083 3489 2137 quoque,
3515 2078 3573 2122 ut
3597 2069 3757 2123 modo

2168 2155 2426 2222 diximus,
2478 2166 2678 2211 aeterna
2732 2166 3139 2226 nuncupentur,
3194 2169 3374 2214 tamen
3429 2149 3536 2214 non
3586 2163 3749 2215 modo

2167 2261 2286 2301 eam
2345 2249 2818 2304 nomenclaturam
2861 2266 2925 2305 ex
2971 2261 3123 2306 certo
3155 2265 3395 2322 tempore
3428 2255 3753 2325 acquisitam

2171 2340 2391 2407 habent,
2431 2343 2524 2397 sed
2565 2343 2732 2397 etiam
2761 2345 3121 2414 corruptioni,
3153 2361 3275 2415 qua:
3299 2361 3365 2400 ex
3392 2348 3627 2417 propria
3661 2364 3757 2403 vo-

2166 2431 2395 2487 luntatis
2426 2434 2706 2504 animique
2754 2436 3058 2491 mutatione
3103 2438 3496 2506 proliciscitur,
3521 2442 3753 2496 obnoxia

2166 2534 2337 2579 sunt:
2362 2540 2424 2579 ac
2460 2525 2742 2580 dissimilis
2777 2527 2936 2596 plane
3001 2540 3085 2583 est
3136 2546 3323 2585 eorum
3363 2534 3639 2588 aeternitas
3675 2535 3758 2589 di-

2167 2619 2307 2672 vina:
2335 2620 2625 2673 aeternitati
2652 2638 2666 2674 :
2691 2621 2833 2675 sicut
2853 2637 2918 2673 ne
2948 2623 3170 2692 angelus
3189 2624 3429 2693 quidem,
3459 2627 3753 2690 authnmo,

2166 2711 2255 2780 qui
2290 2711 2503 2765 dicatur
2533 2723 2774 2778 sanctus,
2808 2714 2971 2768 simili
3014 2717 3315 2786 eodemque
3346 2717 3504 2772 modo
3535 2731 3755 2774 sanctus

2164 2811 2269 2866 est,
2302 2818 2409 2872 quo
2475 2814 2699 2859 sanctus
2751 2816 3069 2861 sanctormn
3134 2805 3411 2877 Spiritus:
3449 2808 3553 2863 iSte
3607 2810 3752 2864 enim

2165 2893 2433 2948 sanctitas
2472 2902 2617 2948 totus
2641 2903 2745 2957 est,
2780 2906 2942 2964 atque
2972 2898 3270 2953 aeternitas.
3290 2900 3752 2969 Attentlantergo,

2164 3002 2325 3057 quam
2357 2987 2577 3043 excelso
2610 3003 2674 3042 ac
2700 2988 2921 3043 sublimi
2956 3004 3117 3043 sensu
3167 3000 3405 3047 internus
3432 2991 3754 3061 pradicetur

2166 3080 2403 3149 Spiritus
2426 3091 2669 3134 sanctus.
2717 3081 3197 3148 Animadvcrtanl,
3251 3082 3376 3137 huic
3431 3083 3751 3137 denomina-

2167 3170 2293 3226 tioui
2330 3170 2579 3225 mirabile
2608 3172 2757 3239 illud,
2801 3182 2856 3225 et
2905 3172 3130 3226 cuilibet
3182 3173 3348 3227 tuenti
3400 3175 3637 3228 maxime
3664 3174 3752 3228 itt-

2165 3263 2658 3333 compreltensibile
2719 3262 2991 3332 adjectum
3047 3280 3195 3331 esse,
3242 3267 3386 3335 quod
3446 3268 3654 3323 scilicet
3680 3269 3750 3333 is,

2164 3359 2256 3429 qui
2288 3356 2484 3413 saecula
2525 3357 2793 3423 condidit,
2831 3368 3006 3412 semet
3057 3359 3172 3426 ipse
3219 3374 3313 3427 per
3341 3360 3602 3428 Spiritum
3633 3379 3751 3417 san-

2163 3464 2308 3506 ctum
2338 3465 2436 3507 suo
2466 3465 2595 3505 vero
2627 3450 2775 3505 Patri
2811 3466 2910 3520 pro
2947 3452 3102 3507 nobis
3127 3453 3409 3507 obtulerit.
3429 3452 3748 3509 Illudetiam

2162 3546 2345 3601 animo
2374 3554 2644 3617 reputent,
2668 3560 2859 3601 omnes
2891 3545 3119 3599 virtutes
3158 3528 3419 3601 ctelormn
3454 3548 3504 3601 in
3543 3547 3749 3616 Spiritu

2156 3648 2346 3691 sancto
2382 3651 2505 3691 esse
2546 3635 2700 3707 (76);
2742 3636 2887 3707 quod
2923 3636 2995 3689 ita
3047 3638 3269 3691 omnino
3338 3638 3746 3707 intelligendum

2161 3728 2320 3800 155
2344 3740 2450 3797 cst,
2488 3740 2546 3784 ιιι
2574 3730 2685 3784 sint
2715 3730 2766 3784 in
2825 3745 2889 3785 eo
2960 3741 3217 3799 tanquam
3276 3730 3329 3783 in
3392 3741 3663 3798 creatore,
3695 3739 3749 3786 et

2157 3835 2534 3889 concreatore,
2572 3834 2632 3878 ut
2656 3824 2732 3879 sic
2750 3824 2962 3895 loquar,
2990 3841 3051 3879 ac
3072 3826 3222 3880 socio
3260 3841 3363 3879 non
3399 3826 3564 3895 indigi
3593 3841 3748 3879 crea-

2161 3918 2314 3972 toris.
2340 3915 2702 3972 Considerent
2736 3918 2978 3983 demunt,
3031 3933 3243 3986 earum,
3298 3917 3365 3973 de
3408 3918 3605 3988 quibus
3635 3934 3746 3975 non

2159 4104 2307 4161 runt,
2357 4093 2609 4165 σκαλμή)
2640 4108 2781 4165 cum
2832 4092 3074 4149 omnium
3124 4103 3480 4163 interpretum
3530 4094 3743 4164 ingenia

2157 4165 2400 4228 torserit,
2438 4164 2739 4218 tumeliam
2771 4166 3025 4218 omnibus
3070 4181 3167 4231 pro
3216 4165 3483 4231 adjectivo
3528 4165 3746 4218 ncniiue

2154 4237 2330 4304 posita
2382 4236 2495 4288 visa
2530 4245 2636 4288 est.
2693 4234 2891 4289 Verum
2950 4249 3017 4289 ex
3069 4235 3277 4303 Didymi
3330 4235 3498 4289 nostri
3564 4237 3745 4290 verbis

2157 4305 2505 4375 perspicuum
2546 4306 2704 4374 plane
2733 4315 2838 4371 est,
2889 4319 3006 4358 eam
3045 4320 3241 4359 nomen
3284 4320 3405 4360 esse
3446 4305 3745 4360 substanti-

2154 4374 2306 4447 vum.
2359 4374 2656 4447 Χγιιιιιιιεν⁸
2716 4390 2814 4445 pro
2858 4375 3115 4447 _cxti}\p.'q
3172 4376 3458 4445 legendum
3516 4377 3743 4447 putavit

2156 4444 2436 4528 axakqvq‘
2484 4456 2543 4499 ut
2574 4444 2741 4500 veluti
2790 4444 3243 4528 subintell'igatnr’
3268 4460 3461 4528 nomen
3502 4444 3742 4528 ὁξόςῐοω

2154 4527 2241 4571 est
2294 4515 2427 4570 (via
2460 4536 2478 4568 ι
2515 4532 2618 4570 :ac
2665 4516 2862 4578 vertit,
2922 4537 2941 4566 ι
2970 4516 3179 4569 insidia:
3234 4526 3408 4569 tectte.
3440 4534 3459 4564 ι
3512 4515 3744 4571 Bootius

468 4578 737 4675 plutensis‘
778 4578 907 4675 edit.
957 4578 1156 4675 habet,
1188 4589 1403 4674 seﬂ‘;
1447 4578 1704 4675 χώματρς
1747 4588 2042 4675 ἐξεγερθῆ-

2161 4586 2699 4675 ειιιιξιιιίιιιιίιὶσκαιάι
2728 4587 2779 4640 id
2805 4596 2982 4675 est”:
3014 4602 3225 4667 scaeva,’
3250 4586 3497 4675 sinistra...
3522 4605 3540 4636 ι
3578 4585 3742 4675 Μειξὶ-

466 4672 673 4733 σονται.
705 4656 809 4733 Sed
835 4656 1334 4733 Francol'ttrteusis,
1363 4656 1422 4714 ἒν
1585 4659 1802 4733 χώματι
1827 4656 2046 4729 ἐξεγερ-

467 4725 745 4808 θήτξονταιο
784 4728 932 4783 Alias
972 4730 1283 4797 varietates,
1322 4725 1520 4801 'utpo'te
1561 4725 1713 4802 parvi
1761 4725 2044 4797 momenti,

464 4808 679 4851 Ollllllo.

537 4867 651 4934 (75)
699 4865 906 4943 Furfur
947 4882 993 4924 et
1032 4879 1398 4943 purgamenta.
1442 4871 1495 4925 In
1538 4869 1751 4943 Grzeco,
1800 4870 2042 4942 σκάλμη.

466 4935 597 5001 Quae
667 4953 765 4991 vox
817 4935 1088 4996 'sollicitns
1131 4935 1421 4995 'hactenns
1486 4943 1630 4995 virus
1695 4935 2044 4997 doctissimos

468 5007 661 5082 tenuit,
688 5014 833 5077 quod
861 5012 976 5080 ejus
1001 5028 1217 5066 sensum
1245 5014 1461 5082 assequi
1492 5015 1836 5081 nequiverint
1870 5031 1884 5067 :
1912 5013 2045 5066 nihil

463 5078 611 5154 etaim
649 5080 751 5133 huc
769 5078 1014 5154 pertinet
1052 5081 1273 5154 σκαλμή
1303 5078 1413 5148 illa,
1448 5078 1844 5154 εἰνεσκάλμη,
1889 5084 2044 5149 cujus

464 5145 668 5223 Pollux_
686 5158 740 5202 et
755 5145 1068 5223 Ilesycttius
1103 5145 1420 5223 meminere,
1453 5169 1576 5207 cum
1601 5145 1913 5208 nihil'aliud
1946 5145 2040 5218 sit,

462 5232 627 5285 quam
657 5219 1024 5294 barbaricum,
1049 5237 1241 5293 nempe
1272 5222 1621 5288 Thracicum,
1649 5224 1811 5294 gladii
1849 5238 2042 5293 genus,

460 5297 807 5363 authomen.
867 5292 923 5346 In
976 5292 1418 5363 adnotationibus
1464 5292 1752 5363 postremae
1802 5292 2041 5349 Pellucis

457 5358 683 5437 editioni
723 5360 953 5437 adjectis
980 5362 1066 5437 _M.
1106 5358 1696 5437 AureliusjAntoninns
1743 5380 1885 5432 saepe
1923 5364 2038 5437 hac

457 5429 698 5503 dictione
725 5429 856 5486 usus
890 5435 1107 5490 dicitur.
1144 5438 1214 5487 At
1253 5435 1504 5503 equidem
1538 5450 1661 5489 cum
1689 5429 1879 5490 omnes
1921 5433 2043 5490 illus

454 5498 743 5575 duodecim
789 5505 1048 5575 Antonini
1104 5505 1270 5559 libros
1304 5498 1578 5575 'legerim,
1645 5506 1697 5559 iu
1753 5520 1872 5559 eam
1933 5520 2040 5559 non

455 5570 678 5623 tnentini
731 5585 821 5627 me
864 5574 968 5628 nisi
1017 5575 1181 5629 semel
1229 5570 1467 5629 iucidére
1496 5576 1776 5630 :occurrit
1833 5574 2044 5631 scilicet

454 5638 595 5711 libro
626 5656 681 5694 xi
720 5654 1003 5711 segmento
1030 5644 1251 5708 15,-ubi
1297 5646 1414 5699 haec
1449 5647 1639 5700 scribit
1690 5646 1907 5710 sapiens
1954 5645 2042 5700 ille

456 5708 754 5788 imperator
782 5708 845 5788 ac
867 5713 1213 5788 philosophus
1249 5734 1266 5772 :
1307 5715 1683 5788 Ἐπιτήδευσις
1713 5708 1769 5788 δὲ
1803 5715 2042 5788 ἁπλότη-

453 5793 546 5842 τος
582 5780 802 5858 σκᾴλμη
830 5780 999 5838 ἐστίν.
1035 5780 1147 5838 Vox
1181 5800 1342 5853 porro
1369 5780 1577 5845 isttniec.
1612 5787 1829 5858 σκὰλμη
1861 5780 2038 5857 (site,

458 5862 517 5903 ut
551 5853 818 5922 plerique,
843 5870 1004 5923 quam
1030 5864 1097 5911 οι)
1117 5870 1342 5911 causam
1382 5872 1505 5912 IICSt
1522 5859 1595 5924 io,
1639 5853 2038 5928 trgi-remaine-

2148 4672 2245 4714 cus
2292 4658 2644 4712 Casaubonus
2682 4656 2849 4712 Isaaci
2898 4657 3040 4711 [ilius
3089 4657 3252 4710 vertit
3285 4674 3297 4709 :
3339 4673 3358 4706 ι
3392 4657 3539 4711 ιιιιΙΙο
3573 4657 3734 4712 modo

2147 4728 2509 4783 laudabilis.)
2578 4728 2651 4781 At
2722 4727 2991 4782 undenam
3069 4727 3209 4780 hanc
3285 4727 3737 4797 signiﬁcationem

2147 4799 2326 4853 eruit?
2379 4797 2704 4869 Salmasius
2741 4799 2920 4869 legere
2966 4798 3153 4865 jubet,
3203 4796 3470 4869 σκαμϐή,
3526 4799 3578 4851 id
3630 4807 3738 4863 est,

2153 4884 2173 4918 ι
2203 4869 2454 4924 distorta.
2480 4887 2499 4920 ι
2548 4867 2855 4924 Gatakerus
2885 4867 3214 4922 Salmasium
3245 4869 3322 4922 ait
3369 4886 3387 4919 ι
3416 4867 3528 4922 rem
3558 4869 3734 4936 ipsam

2147 4955 2246 4992 aen
2283 4941 2545 5008 tetigisse,
2593 4954 2692 4994 nec
2725 4940 2955 5009 qmesitu
3009 4940 3237 4993 ulterius
3283 4954 3439 5007 opus.
3467 4958 3487 4991 ι
3551 4938 3740 5008 Itaque

2146 5013 2310 5064 vertit
2341 5030 2354 5065 :
2397 5032 2413 5059 ι
2447 5010 2826 5077 Simplicitatis
2854 5026 2982 5064 vero
3009 5009 3283 5064 alI‘eclatio
3311 5020 3551 5064 tortuosa
3582 5020 3682 5064 est.
3709 5028 3731 5064 ι

2146 5078 2299 5148 Mihi,
2350 5093 2410 5135 ut
2461 5095 2647 5133 verum
2700 5081 2891 5141 fatear.
2946 5080 3089 5134 nulla
3130 5096 3197 5134 ex
3252 5080 3337 5135 his
3390 5080 3741 5148 opinionibus

2146 5152 2372 5215 arridet,
2400 5151 2542 5220 quod
2569 5165 2760 5205 omnes
2793 5149 3119 5221 adjectivutn
3154 5167 3355 5206 nomen
3391 5150 3465 5206 ibi
3502 5150 3736 5221 quaesie-

2148 5221 2278 5285 rint,
2335 5222 2425 5275 ubi
2459 5220 2871 5290 agnoscendum
2903 5232 3024 5276 erat
3074 5220 3739 5287 substantivumﬁltaque

2147 5290 2370 5363 σκὰλμη
2407 5292 2630 5363 δίνετὺο
2660 5290 2937 5356 σκάλλειν,
2969 5294 3112 5362 quod
3136 5302 3220 5347 est
3260 5311 3279 5343 ι
3308 5293 3511 5347 sarrire
3532 5311 3551 5344 ι
3589 5292 3736 5363 αυιίτ

2147 5360 2323 5415 Vatur.
2353 5360 2586 5432 Σκάλμη
2618 5374 2800 5418 autem
2832 5360 3049 5432 pr0prie
3073 5364 3295 5429 dicitur,
3327 5373 3384 5416 ut
3423 5375 3648 5432 censeo,
3680 5360 3733 5432 id

2143 5434 2300 5507 quod
2356 5428 2727 5507 «sarriettdnt
2801 5428 3219 5507 acu-purgando
3282 5428 3502 5507 isegetes
3571 5428 3735 5484 veluti

2147 5503 2360 5569 inutile,
2414 5512 2509 5557 aut
2560 5504 2783 5574 noxium
2816 5503 3079 5573 rejicitur.
3124 5503 3279 5560 Valet
3310 5503 3439 5574 ergo
3490 5520 3509 5553 ι
3539 5516 3737 5574 purga:

2146 5585 2408 5642 mentum,
2436 5592 2456 5625 ι
2494 5573 2793 5640 cujusmodi
2842 5570 2969 5628 sunt
3011 5574 3207 5640 furfur,
3244 5570 3499 5642 acusliet
3533 5570 3637 5624 alia
3684 5570 3737 5623 id

2143 5659 2316 5714 genus
2355 5662 2368 5698 :
2402 5653 2457 5698 ut
2507 5642 2577 5697 Μ.
2624 5644 2832 5699 Aurelii
2888 5646 3156 5700 sententia
3207 5644 3319 5714 sit:
3355 5641 3498 5696 «Est
3552 5648 3735 5714 autem

2142 5710 2515 5787 Simplicitatis
2541 5714 2707 5770 veluti
2737 5726 3176 5787 purgamentum,
3224 5713 3517 5780 all‘eclatio,
3551 5729 3571 5763 ι
3618 5710 3742 5767 sive

2149 5803 2168 5833 ι
2199 5785 2508 5840 artiﬁcium.
2543 5804 2563 5837 ι

2223 5855 2335 5927 (ῒϐ)
2381 5853 2523 5910 Esse.
2561 5855 2718 5914 Yidc-
2746 5871 2915 5926 segm.
2950 5854 3052 5911 155
3081 5873 3133 5908 ιι.
3172 5886 3181 5890 -
