4082 6454
370 365 479 422 5l9

1624 359 1785 415 DlDY
1797 360 1864 415 ill
1901 356 2379 414 ALEXANDle

3559 361 3669 413 5ἶο

368 482 698 546 opportune,
728 472 821 527 sed
877 473 946 527 ad
1003 472 1308 529 orationem
1359 470 1659 524 ornandam
1694 472 1958 526 memine—

2088 472 2214 524 ’ίονα
2233 487 2249 500 ·
2279 471 2371 525 καὶ
2396 470 2851 539 θαυμαζέτωσαν,
2877 471 3000 525 ἀντὶ
3026 470 3137 524 τῶν
3156 471 3275 535 νῦν,
3301 472 3336 525 ἃ.
3359 471 3672 542 θαυμάζειν

369 581 499 624 runt
519 566 784 631 hieretici,
813 580 1135 621 internarum
1160 573 1458 632 portarum,
1498 573 1556 618 et
1587 564 1767 617 ovium
1799 566 1960 617 tinem

371 660 690 732 praedictum
724 673 846 714 esse
884 659 936 711 in
966 657 1227 719 oraculis,
1271 670 1393 724 quae
1421 670 1452 708 a
1501 653 1656 707 nobis
1715 665 1873 707 antea
1907 654 1961 706 in

376 755 521 807 hanc
552 765 667 806 rem
694 750 857 804 allata
888 759 1017 803 sunt
1043 769 1057 802 :
1097 758 1152 802 et
1176 746 1393 800 discant
1439 746 1679 808 tandem,
1711 758 1836 799 eum
1870 744 1962 814 qui

373 844 447 898 sit
474 844 594 898 sine
622 842 804 906 initio,
828 852 881 895 et
909 839 1326 894 itnmutabiliter
1354 846 1614 899 :eteruus,
1635 838 1703 889 ab
1724 849 1791 889 eo
1820 835 1964 903 quod

374 943 461 988 est
485 933 541 987 in
596 942 839 1002 tempore
888 940 943 985 ct
998 928 1275 992 mutabile,
1325 927 1579 990 diﬂ'erre;
1628 939 1806 994 neque
1834 938 1966 978 vero

377 1041 607 1095 parvum
643 1039 764 1077 esse
795 1023 901 1077 lioc
951 1022 1268 1086 discrimen,
1329 1032 1506 1087 neque
1534 1016 1965 1071 duntaxatcirca

378 1118 698 1183 essentiam,
727 1127 784 1170 et
812 1131 927 1181 eas,
957 1115 1155 1183 quibus
1178 1115 1293 1168 haec
1323 1120 1575 1176 ornatur,
1605 1111 1966 1180 pr0prictates

379 1211 610 1274 versari,
644 1208 739 1263 sed
766 1223 832 1263 ex
867 1216 979 1261 toto
1004 1215 1059 1259 et
1085 1206 1139 1260 in
1163 1214 1333 1259 totum
1366 1204 1554 1258 istluec
1598 1202 1743 1256 inter
1770 1217 1830 1256 se
1858 1202 1971 1256 dis-

379 1316 628 1369 crepare.
661 1298 859 1353 Notum
894 1306 1075 1351 autem
1110 1295 1243 1366 ipsis
1268 1296 1368 1348 hoc.
1392 1295 1558 1347 etiam
1575 1294 1668 1356 sit,
1701 1291 1966 1361 Spiritum

381 1400 628 1448 sanctum
650 1390 857 1446 scilicet
891 1397 1153 1444 aeternum
1186 1386 1291 1441 dici
1326 1402 1433 1440 non
1471 1394 1715 1455 respectu
1748 1397 1967 1440 creatu-

384 1498 593 1551 rarum,
617 1483 713 1538 sed
748 1491 1000 1551 respectu
1033 1481 1173 1550 ejus,
1204 1495 1234 1533 a
1268 1493 1376 1549 quo
1419 1481 1600 1533 omnia
1649 1479 1757 1533 vim
1815 1480 1964 1533 acci-

382 1575 559 1646 piunt,
593 1574 687 1629 Dei
737 1572 919 1628 Patris
972 1582 1029 1628 et
1084 1572 1251 1627 Filii:
1303 1587 1367 1627 ac
1396 1570 1654 1626 deteriori
1682 1569 1966 1641 repudiata

380 1666 660 1738 Opinione,
685 1666 966 1721 meliorem
1002 1665 1326 1736 eligant:et
1375 1681 1473 1735 pro
1532 1665 1621 1730 iis,
1662 1678 1783 1734 quae
1827 1678 1972 1718 nunc

382 1758 747 1820 admirantur,
771 1772 834 1813 ea
862 1759 1224 1821 admirentur,
1264 1773 1385 1827 qua:
1415 1757 1779 1812 admiratione
1808 1755 1969 1826 digna

382 1858 530 1916 sunt,
557 1865 624 1907 ac
674 1860 957 1905 venturum
990 1862 1206 1921 tempus
1233 1851 1447 1906 felicius
1467 1850 1807 1921 transigant;
1840 1823 1971 1903 nihil
2004 1823 2046 1879 Β

383 1943 530 1998 enim
559 1944 690 2013 ipsis
734 1943 1039 1998 invidemus
1061 1962 1076 1974 ο
1099 1953 1156 1997 et
1189 1943 1333 1999 unde
1377 1953 1722 2013 arrogantem
1752 1955 1977 1996 accusa-

385 2038 589 2092 tionem
625 2037 847 2092 sibimet
887 2036 1021 2100 ipsis
1057 2038 1278 2091 noxiam
1320 2037 1800 2104 deprompserunt,
1850 2032 1979 2088 inde

388 2129 725 2200 paenitentiae
757 2130 1183 2185 emolumentum
1213 2129 1537 2199 percipiant.
1591 2126 1649 2182 Si
1698 2128 1844 2180 enim
1873 2140 1977 2180 vox

389 2225 507 2278 hac
538 2241 558 2275 ι
588 2233 826 2278 εισι-ηυξ
855 2242 874 2275 ι
908 2233 1168 2292 tauquam
1209 2222 1414 2291 aliquid
1462 2221 1646 2274 divina
1699 2218 1981 2288 majestate

389 2318 611 2387 dignum
643 2316 940 2386 designans
974 2317 1027 2369 in
1053 2314 1357 2385 Scripturis
1391 2314 1459 2366 de
1480 2312 1592 2367 Deo
1617 2311 1779 2368 Patre
1820 2324 1887 2365 ac
1913 2311 1981 2365 de

388 2410 529 2467 Filio
551 2412 691 2466 dicta
721 2408 843 2474 fuit,
901 2408 1067 2465 simili
1113 2420 1169 2462 et
1220 2407 1416 2477 aequali
1467 2407 1627 2463 modo
1655 2404 1978 2474 accipienda

389 2514 477 2559 est
510 2501 603 2558 ubi
638 2501 840 2556 dicitur
896 2501 965 2556 de
1014 2500 1220 2570 Spiritu
1254 2500 1372 2554 Dei.
1413 2498 1591 2567 Atque
1617 2497 1732 2551 hac
1758 2495 1982 2566 quidem

390 2602 475 2649 est
502 2593 676 2663 prima
724 2592 1028 2661 responsio.
1087 2591 1275 2645 Altera
1328 2605 1461 2645 vero
1520 2598 1608 2644 est
1653 2585 1978 2655 huiusmodi.

394 2683 550 2738 Nulla
586 2698 656 2739 ex
686 2684 756 2739 iis
786 2686 950 2740 rebus
974 2683 1219 2748 atternis,
1270 2696 1409 2752 quas
1465 2687 1981 2741 commemorarunt,

396 2775 746 2831 denominata
774 2788 859 2831 est
884 2785 977 2830 aut
1008 2774 1212 2838 divina,
1256 2783 1350 2827 aut
1397 2781 1623 2827 sanctus
1654 2770 1890 2840 Spiritus
1916 2782 1981 2821 ex

396 2866 509 2922 Deo
542 2867 864 2937 procedens,
889 2881 1083 2933 nempe
1117 2882 1282 2919 unum
1333 2862 1466 2934 quid
1497 2873 1553 2917 et
1589 2862 1840 2930 simplex,
1872 2874 1981 2915 non

392 2961 555 3030 plura
595 2960 899 3026 exsistens;
934 2975 1111 3030 neque
1137 2959 1244 3013 ulla
1275 2972 1341 3013 ex
1382 2957 1519 3025 ipsis
1554 2954 1712 3010 simul
1732 2970 1854 3007 cum
1880 2951 1984 3007 Pa-

398 3063 483 3106 tre
504 3060 563 3105 et
607 3048 747 3105 Filio
778 3050 831 3104 in
861 3049 1045 3103 divina
1070 3047 1419 3119 baptismatis
1455 3045 1816 3117 mystagogia,
1843 3043 1983 3097 divi-

2064 562 2242 629 ἀξιον·
2277 564 2370 615 καὶ
2399 562 2763 633 πραξάτωσαν
2796 562 2991 633 βελτίω
3027 564 3121 616 τὸν
3153 563 3296 633 μετά
3331 563 3509 616 ταῦτα
3543 563 3672 633 χρό-

2064 671 2188 707 νον·
2222 654 2417 724 φθόνος
2470 655 2581 726 γὰρ
2630 655 2837 718 οὐδείς·
2896 656 2991 709 καὶ
3036 656 3130 724 ἀφ’
3163 649 3240 708 ὧν
3281 655 3382 726 τὴν
3425 656 3671 718 ἀλαζόνα

2068 744 2275 816 μέμψιν
2307 745 2688 815 ποιησάμενοι,
2726 747 2958 809 ἑαυτοὺς
2984 746 3251 813 έὸλαψαν,
3285 746 3546 799 ἐντεῦθεν
3576 766 3671 800 nr.

2065 838 2127 892 τὸ
2154 838 2256 908 τῆς
2290 837 2652 909 μεταμελείας
2682 838 2874 907 ὄφελος
2899 840 3420 908 ἀπενεγκασθωσαν.
3448 841 3513 892 Ei
3537 858 3667 907 γαρ,

2066 930 2143 994 ὡς
2176 929 2480 1000 θεοπρεπὲς
2502 947 2555 982 τι
2578 930 2967 1001 ἑνδεικνυμένη
2995 933 3029 1001 ἡ
3058 930 3203 997 λέξις
3227 931 3392 1002 αῦτη,
3424 933 3559 1002 ἐχρή
3571 934 3667 999 τεὴ

2068 1022 2199 1093 περὶ
2224 1021 2319 1075 τοῦ
2342 1020 2477 1075 Θεοῦ
2500 1020 2716 1093 Πατρὸς
2750 1025 2844 1076 καὶ
2876 1022 2971 1076 τοῦ
2999 1023 3150 1086 Υίοῦ,
3178 1023 3310 1086 ἴσως
3342 1024 3438 1076 καὶ
3470 1023 3671 1091 epeia;

2067 1112 2366 1184 ἐκληφθείη
2390 1112 2456 1166 ἂν
2485 1114 2613 1185 περὶ
2632 1113 2729 1166 τοῦ
2758 1114 3072 1184 Πνεύματος
3100 1115 3195 1169 τοῦ
3228 1115 3387 1168 Θεοῦ.
3431 1116 3530 1167 Ἕν
3572 1116 3673 1184 μὲν

2066 1205 2132 1275 δὴ
2164 1205 2355 1259 τοῦτο’
2388 1204 2577 1274 ἕτερον
2612 1205 2693 1268 δὲ,
2723 1206 2805 1259 ὃτι
2838 1207 2991 1259 οὐδὲν
3040 1199 3115 1259 ὧν
3154 1206 3512 1278 ἐμνήσθησαν
3549 1208 3673 1259 αἰω-

2067 1299 2219 1358 νίων,
2246 1298 2689 1369 προσηγόρευται
2733 1297 2896 1360 θεῖον,
2932 1299 2966 1369 ἢ
2998 1298 3221 1369 Πνεῦμα
3267 1298 3426 1366 ἅγιον
3468 1300 3534 1351 ἐκ
3576 1297 3673 1350 τοῦ

2067 1389 2206 1444 Θεοῦ
2237 1390 2590 1462 ἐκπορευθὲν,
2619 1392 2791 1462 ῆγουν
2817 1392 2877 1446 ἓν
2906 1409 2984 1453 τι,
3016 1392 3110 1445 καὶ
3149 1391 3226 1463 μὴ
3248 1392 3455 1461 πλῆθος
3486 1392 3677 1444 baro-L-

2068 1482 2125 1535 δὲ
2186 1483 2541 1538 συντάττεται
2576 1483 2657 1554 τῷ
2688 1484 2863 1556 [lath
2917 1486 3014 1539 καὶ
3068 1484 3148 1555 τῷ
3205 1484 3325 1555 Υἱῷ
3379 1485 3464 1548 εἰς
3516 1484 3673 1537 θείαν

2074 1577 2465 1646 μυσταγωγίαν
2506 1577 2602 1630 καὶ
2639 1576 2829 1648 θεῖκὴν
2871 1577 3104 1650 δωρεὰν,
3131 1577 3253 1630 οὑδὲ
3293 1575 3465 1648 ἄλλης
3505 1578 3670 1640 τινὸς,

2071 1668 2160 1721 ινα
2201 1670 2277 1739 μὴ
2315 1668 2488 1723 πολλά
2516 1668 2682 1738 λέγω,
2718 1667 2935 1738 θεότητι
2968 1669 3280 1739 ἀνηκούσης
3310 1670 3479 1740 τιμῆς
3510 1668 3679 1738 ἠξίω-

2071 1777 2185 1814 ται.
2217 1759 2382 1814 ’Δλλο
2407 1760 2543 1832 πρὸς
2572 1760 2787 1823 τούτοις
2805 1777 2820 1791 ·
2868 1761 2928 1813 Ὁ
2953 1759 3087 1822 Θεὸς
3108 1760 3204 1812 καὶ
3233 1759 3425 1830 Πατὴρ
3453 1759 3678 1828 5136627;-

2077 1870 2171 1907 σεν
2194 1853 2286 1907 διὰ
2314 1851 2423 1927 [69
2457 1850 2521 1927 b]
2549 1852 2644 1907 τοῦ
2673 1852 2806 1907 Υἱοῦ
2833 1853 2999 1907 αὑτοῦ
3025 1853 3201 1921 Λόγου
3231 1853 3679 1923 mentito-.9-

2076 1945 2336 2017 γηθῆναι.
2386 1948 2497 2000 Καὶ
2525 1947 2674 2007 ποία.
2709 1947 2786 2011 ὡς
2818 1946 3278 2019 ὀνειροπολοῦσιν,
3323 1946 3565 2016 λοιδορία
3596 1944 3677 2015 τῷ

2076 2037 2359 2109 Πνεῦματι
2391 2038 2558 2093 αὑτοῦ
2587 2037 2667 2109 τῷ
2695 2039 2947 2109 παναγίῳ
2982 2039 3047 2090 ἐκ
3085 2037 3178 2091 τοῦ
3222 2036 3297 2109 μὴ
3333 2036 3679 2107 δημιουργῆ-

2079 2147 2193 2196 σαι,
2233 2132 2288 2184 εί
2313 2147 2379 2199 γε
2408 2131 2539 2203 ἄρα,
2587 2132 2708 2183 κατ’
2737 2131 2956 2193 αὑτοὺς.
2990 2130 3067 2200 μὴ
3113 2124 3372 2201 ἀρρήτως
3417 2129 3678 2199 συνεργόν

2078 2222 2197 2275 ἐστι
2224 2220 2305 2292 τῷ
2342 2220 2694 2292 Δημιουργῷ,
2728 2220 2805 2285 ὡς
2844 2223 2873 2274 ὁ
2909 2221 3131 2291 Πατήρς
3156 2221 3279 2273 Ὀτι
3308 2219 3367 2272 δὲ
3398 2218 3493 2272 τοῦ
3530 2237 3683 2290 μονο-

2080 2313 2275 2385 γενοῦς
2302 2312 2469 2367 αὑτοῦ
2502 2312 2634 2366 Υίοῦ
2667 2312 2867 2381 Λόγου,
2907 2312 3004 2365 καὶ
3032 2310 3126 2365 τοῦ
3159 2312 3279 2374 ἐνὸς
3309 2312 3471 2379 ἁγίου
3503 2310 3679 2364 Πνεύ-

2084 2428 2275 2483 ματος,
2326 2412 2478 2464 πᾶσα
2527 2407 2780 2479 ἐνέργεια
2819 2408 2917 2461 καὶ
2958 2406 3157 2479 δωρεὰ,
3189 2407 3556 2477 δημιουργική
3594 2423 3676 2467 τε,

2081 2503 2263 2575 ἀγαθή
2312 2519 2376 2555 τε
2412 2502 2508 2555 καὶ
2532 2500 2737 2561 τελεία,
2761 2498 2859 2553 κα)⁸
2891 2498 3047 2570 κοινὴ
3076 2498 3256 2551 αὑτῶν
3290 2497 3551 2568 ὑπάρχει,
3586 2498 3684 2550 ἀν-

2083 2594 2276 2662 άγεται
2299 2592 2357 2645 δὲ
2381 2590 2480 2647 ὅλα
2507 2591 2589 2654 είς
2615 2590 2708 2643 τὸν
2727 2590 2845 2652 ἕνα,
2874 2591 2933 2656 ἐξ
2958 2584 3020 2643 οῦ
3053 2591 3151 2643 καὶ
3183 2590 3282 2642 σὺν
3312 2581 3359 2656 ᾧ
3385 2590 3684 2659 ἀφράστως

2087 2684 2428 2754 ἐξεφάνησαν
2449 2684 2507 2736 αἱ
2530 2681 2799 2753 μακαρίαι
2829 2683 3158 2745 ὑποστάσεις
3180 2675 3341 2734 αῦται
3360 2698 3376 2710 θ
3412 2684 3588 2751 ῥᾷστα
3616 2682 3685 2733 ἂν

2085 2775 2394 2847 καταμάθοι
2436 2777 2466 2828 ὁ
2507 2774 2755 2838 ἐξέτασίν
2802 2790 2927 2827 τινα
2956 2776 3132 2846 ἡσυχῆ
3171 2774 3542 2846 ποιησάμενος
3572 2775 3683 2827 τῶν

2088 2870 2280 2939 σοφίας
2312 2867 2527 2939 μεστῶν
2565 2867 2785 2936 λογίων,
2824 2867 2933 2920 τῶν
2973 2885 3033 2920 τε
3073 2869 3131 2921 ἐν
3175 2866 3454 2938 διαφόροις
3498 2868 3686 2929 τόποις

2085 2959 2243 3014 τοῦδε
2273 2958 2368 3013 τοῦ
2396 2958 2602 3030 βιϐλίου
2640 2957 3139 3029 μνημονευθεισῶν,
3166 2959 3277 3012 τῶν
3298 2977 3356 3012 τε
3384 2962 3443 3013 ὲν
3470 2960 3550 3029 τῷ
3580 2960 3688 3029 προ

2088 3053 2275 3109 αὑτοῦ.
2317 3054 2429 3107 Καὶ
2465 3051 2680 3116 Παῦλος
2724 3051 2802 3116 δὲ,
2847 3051 2907 3104 οὐ
2950 3051 3217 3122 κρείττων
3263 3051 3297 3120 ἢ
3333 3053 3456 3105 κατ’
3481 3049 3691 3120 ἀνθρώ-

396 3155 590 3212 nzeque
610 3142 798 3213 gratiae
818 3140 1104 3213 largitione
1135 3138 1454 3206 collocatur,
1516 3153 1691 3207 neque
1749 3135 1857 3189 ullo
1882 3134 1985 3190 alio

2090 3164 2248 3211 πους,
2303 3147 2581 3217 ἀπέφηνεν
2599 3144 2761 3198 τοῦτο
2824 3143 3074 3215 φανερῶς
3129 3142 3686 3212 διαϐεϐαιωσάμενος,

396 3236 606 3290 honore
661 3235 849 3290 deltati
900 3235 1262 3291 conveniente
1294 3234 1402 3304 (ne
1440 3233 1594 3303 plura
1650 3228 1985 3299 enumerem)

2093 3238 2408 3311 Κορινθίοις
2437 3238 2536 3309 μέν
2557 3254 2572 3266 °
2608 3257 2627 3289 ι
2650 3235 2814 3290 Ἀλλὰ
2841 3235 3240 3299 ἀπελούσασθε,
3273 3235 3409 3288 ἀλλὰ
3435 3232 3690 3287 ἐδικαιώ-

396 3328 620 3400 dignata
646 3337 751 3383 est.
804 3327 965 3382 Aliud
1016 3336 1281 3396 praeterea
1329 3326 1547 3380 addam.
1593 3323 1690 3378 Dei
1724 3333 1779 3375 et
1812 3320 1991 3376 Patris

396 3417 796 3488 complacentia
825 3416 951 3483 fuit,
979 3428 1041 3472 ut
1064 3433 1161 3488 per
1184 3416 1382 3472 Filium
1408 3430 1567 3471 suum
1611 3413 1848 3469 Verbum
1875 3427 1993 3466 om-

399 3510 488 3565 nia
515 3518 843 3566 crearentur
878 3527 896 3570 ;
946 3511 1126 3580 qualis
1152 3519 1339 3564 autem
1382 3505 1731 3564 sanctissimo
1760 3503 1990 3574 Spiritui

399 3601 603 3672 injuria
638 3617 745 3677 non
777 3600 1095 3669 inferretur,
1132 3602 1204 3667 si,
1235 3611 1295 3654 ut
1319 3599 1421 3669 ipsi
1474 3598 1768 3655 somniant.
1805 3609 1995 3650 creare

399 3709 512 3749 non
550 3677 866 3749 diceretur?
893 3693 1149 3747 nimirum
1176 3692 1246 3758 si,
1280 3702 1338 3744 ut
1364 3690 1401 3744 ii
1439 3689 1650 3757 volunt,
1678 3687 1843 3744 simul
1869 3702 1993 3739 cum

396 3783 666 3840 Creatore
694 3797 853 3852 aeque
911 3798 977 3838 ac
1037 3783 1201 3838 Pater
1254 3779 1604 3837 ineﬂ’abiliter
1640 3777 1855 3849 operari
1886 3791 1994 3831 non

402 3877 765 3935 crederetur?
795 3873 951 3941 Quod
990 3885 1173 3930 autem
1212 3872 1475 3941 unigeniti
1508 3871 1629 3941 ejus
1664 3868 1788 3925 Filii
1808 3868 1994 3932 Verbi,

400 3977 463 4023 et
497 3968 658 4023 unius
691 3965 934 4039 Spiritus
954 3966 1131 4023 sancti
1175 3963 1425 4034 operatio
1461 3961 1664 4029 omnis,
1691 3971 1855 4030 atque
1891 3961 1998 4014 lar-

402 4060 538 4130 gitio
568 4070 627 4116 et
652 4060 935 4116 Creatoris
960 4060 1204 4130 propria,
1235 4068 1287 4114 et
1331 4058 1499 4121 bona.
1535 4065 1594 4110 ει
1639 4054 1904 4125 Perfeci“:
1942 4064 1999 4107 οι

400 4154 713 4210 communis
737 4153 982 4223 ipsorum
1017 4153 1110 4218 sit,
1142 4150 1332 4205 omnia
1388 4161 1520 4203 vero
1578 4148 1635 4201 in
1681 4145 1902 4200 unicum
1934 4160 1999 4199 ac

402 4244 581 4299 solum
606 4242 937 4307 referantur,
987 4257 1056 4296 ex
1105 4256 1234 4311 quo,
1267 4249 1326 4295 et
1368 4253 1496 4295 cum
1544 4253 1654 4307 quo
1685 4237 1859 4292 beata:
1886 4236 2001 4289 ista:

404 4337 729 4407 hypostases
762 4334 926 4407 156
971 4332 1321 4389 ineli‘abiliter
1371 4331 1699 4394 eluxerunt,
1746 4327 2003 4383 facillim

2094 3328 2246 3401 θητε,
2277 3329 2416 3384 ἀλλά
2444 3327 2746 3399 ἡγιάσθητε
2807 3328 2868 3381 ἐν
2918 3327 2999 3398 τῷ
3054 3327 3281 3397 ὀνόματι
3331 3326 3430 3378 τοῦ
3479 3326 3689 3397 Κυρίου

2090 3426 2125 3493 ἡ
2135 3422 2251 3493 μῶν
2296 3420 2472 3492 Ἰησοῦ
2495 3420 2759 3492 Χριστοῦ,
2792 3421 2887 3474 καὶ
2924 3420 2984 3472 ὲν
3004 3418 3084 3489 τῷ
3104 3418 3386 3489 Πνεύματι
3408 3416 3504 3471 τοῦ
3552 3417 3691 3470 Θεοῦ

2093 3513 2274 3587 ἡμῶν.
2318 3532 2339 3565 ι
2371 3511 2561 3583 1’Δθρει
2589 3507 2705 3578 οῦν,
2738 3509 2917 3583 ἄθρει,
2952 3510 3030 3572 ὡς
3057 3513 3106 3563 εἰ
3141 3508 3322 3563 θεῖκδν
3353 3509 3545 3579 ὄνομα,
3579 3507 3692 3561 ὦσ-

2093 3624 2203 3679 περ
2240 3602 2333 3660 οὖν
2364 3605 2567 3667 θεῖκὸν,
2595 3604 2658 3657 τὸ
2687 3603 2782 3656 τοῦ
2826 3601 2981 3666 Υίοῦ,
3015 3603 3317 3668 ἐξάπαντος
3356 3602 3451 3655 καὶ
3487 3603 3551 3653 τὸ
3596 3599 3693 3653 τοῦ

2095 3701 2252 3768 ἁγίου
2292 3697 2641 3768 Πνεῦματος·
2684 3696 2743 3750 ἒν
2789 3696 2901 3768 γὰρ
2940 3696 3144 3766 ἀμφοῖν
3188 3693 3371 3747 αὑτῶν
3424 3694 3696 3764 ἐδήλωσεν

2094 3791 2287 3862 ὄνομα.
2331 3791 2441 3843 Καὶ
2484 3790 2589 3852 ὅτι,
2642 3788 2722 3853 ὡς
2778 3787 3076 3858 συγκτίσαν
3129 3785 3386 3857 ἀρῤήτως
3432 3785 3493 3838 τὸ
3537 3786 3695 3853 ἅγιον

2096 3883 2323 3954 Πνεῦμα
2345 3882 2499 3955 παρὰ
2530 3883 2631 3952 τὴν
2657 3882 2856 3954 ἀρχὴν,
2885 3879 2980 3934 καὶ
3010 3879 3109 3933 νῦν
3142 3878 3445 3942 ἀνακτίζει.
3476 3877 3551 3931 Τὸ
3582 3878 3696 3950 γὰρ

2096 3972 2528 4037 ἀπολούσασθαι,
2571 3972 2633 4026 τὸ
2672 3971 3065 4041 ἀνακτισθῆναι
3099 3969 3393 4039 ἐσήμανεν.
3425 3968 3572 4037 Τίτῳ
3605 3966 3692 4018 δέ·

2103 4083 2125 4116 ι
2164 4066 2565 4136 ’Δναγεννήσας
2587 4065 2739 4134 ἡμᾶς
2764 4063 2854 4117 διὰ
2891 4060 3121 4132 λουτροῦ
3160 4059 3577 4128 παλιγγενεσίας
3599 4059 3697 4112 καὶ

2100 4154 2495 4218 ἀνακαινίσεως
2524 4155 2846 4226 Πνεῦματος
2878 4152 3059 4222 ἁγίου.
3099 4170 3118 4203 ›
3154 4146 3574 4222 Οὑδὲνδὲῆττον
3601 4149 3699 4202 καὶ

2098 4251 2130 4303 ὁ
2161 4247 2533 4320 ’1εροψάλτης,
2568 4246 2697 4310 τοὺς
2727 4245 2830 4316 ἢδη
2860 4246 2919 4299 ἐν
2955 4243 3171 4313 γενέσει
3205 4242 3572 4314 ὑπάρχοντας,
3600 4240 3699 4293 νῦν

2101 4338 2453 4411 κτιζομένους
2475 4341 2534 4393 ἐν
2560 4341 2627 4409 τῇ
2649 4337 2773 4411 θεία
2785 4336 3147 4409 κολυμϐήθρα
3160 4334 3543 4407 πνευματικῶς
3559 4333 3704 4398 ἀξιοῖ

406 4430 674 4500 intelliget
700 4430 793 4500 qui
818 4428 1040 4485 oracula
1064 4427 1349 4499 sapientiai
1389 4425 1549 4495 plena
1585 4439 1710 4479 cum
1737 4423 1793 4477 in
1822 4422 1985 4477 diver‘

2102 4431 2321 4503 εἰδέναι.
2359 4432 2531 4503 Φησὶν
2564 4431 2710 4503 γάρ*
2756 4449 2777 4484 ι
2800 4430 2942 4495 Aab;
2970 4432 3000 4485 ὁ
3023 4429 3347 4500 κτιζόμενος
3370 4429 3577 4483 αἰνέσει
3609 4418 3701 4480 τὸν

405 4527 485 4580 sis
507 4525 666 4592 hujus
692 4523 818 4579 libri
879 4522 1039 4586 locis,
1090 4533 1206 4576 tum
1264 4520 1320 4574 in
1365 4520 1647 4588 superiore
1680 4517 1818 4572 libro
1843 4530 1985 4569 com-

2099 4500 2324 4596 Κύριον.
2358 4543 2380 4577 ι
2413 4500 2624 4593 Οὔκουν
2647 4500 2712 4578 ναί
2757 4523 2858 4596 τὴν
2911 4524 3082 4593 αὑτὴν
3107 4522 3272 4593 τιμὴν
3298 4522 3393 4575 καὶ
3420 4521 3701 4591 ἐνέργειαν

407 4625 709 4671 memorata
742 4614 882 4686 (77),
914 4616 1102 4683 quieto
1125 4613 1241 4686 (78)
1267 4628 1332 4667 ac
1361 4612 1653 4682 tranquillo
1691 4612 1876 4665 animo
1899 4608 1999 4662 ali—

405 4704 726 4776 quantulum
776 4704 1074 4775 expendat.
1147 4702 1260 4759 Sed
1310 4702 1513 4759 Paulus
1564 4715 1783 4772 quoque
1829 4714 1997 4771 supra

406 4812 755 4853 communem
786 4782 1067 4851 hominum
1109 4796 1477 4851 conditionem
1508 4794 1683 4848 elatus
1719 4791 1831 4865 (79)
1880 4806 1996 4845 ma-

408 4890 609 4948 nifesto
638 4889 691 4944 id
720 4887 983 4955 declarat,
1009 4890 1136 4943 dum
1187 4888 1241 4942 in
1288 4886 1532 4956 Epistola
1590 4885 1659 4939 ad
1683 4882 1997 4938 Corinthios

407 4983 527 5040 haec
550 4988 829 5038 asseverat
853 4998 868 5034 :
916 4999 937 5033 ι
970 4981 1077 5035 Sed
1101 4979 1271 5034 abluti
1295 4977 1408 5051 (80)
1424 4978 1579 5041 estis,
1603 4977 1696 5031 sed
1716 4974 1996 5043 iustificati

409 5076 565 5141 estis,
584 5074 678 5129 sed
709 5073 1033 5128 sanctiﬁcati
1054 5074 1187 5128 estis
1218 5073 1274 5127 in
1322 5071 1543 5127 nomine
1574 5070 1786 5125 Domini
1822 5067 2000 5123 nostri

413 5169 544 5224 Jesu
572 5166 795 5232 Christi,
828 5171 883 5220 et
936 5165 992 5220 iu
1042 5165 1249 5235 Spiritu
1301 5164 1395 5221 Dei
1454 5161 1700 5218 nostri.»
1756 5159 1997 5217 Observa

494 5354 598 5430 (77)
650 5352 1095 5430 Commemoruta.
1147 5347 1331 5430 Codex
1381 5346 1564 5430 habet,
1610 5346 2000 5430 μνημονευθει-

412 5418 722 5494 ama-utne
777 5424 937 5479 lectio
973 5423 1095 5476 sine
1142 5420 1306 5494 dubio
1346 5419 1601 5473 mendosa
1643 5431 1746 5471 εει.
1794 5418 2001 5494 Legen-

413 5504 541 5557 dqu
620 5489 874 5558 scilicet,
951 5489 1487 5563 μνημονευθέντωνχ
1530 5497 1631 5563 _a_nt
1705 5489 2002 5563 putandum

416 5573 606 5652 deesse
635 5556 931 5622 dictionem
953 5556 1234 5633 aliquam,
1264 5571 1325 5615 ut
1354 5556 1709 5623 ἀποδείξεων,
1751 5559 1837 5613 vel
1869 5574 2011 5630 μαρ-

412 5657 854 5850 τυῖέἕιὲἶοριιὶειο.
884 5703 1091 5768 Codex,
1120 5704 1307 5774 ἡσυχϊ.
1341 5699 1490 5769 Lego
1515 5699 1715 5785 ἡσυχῆ.

512 5778 607 5850 79)
639 5774 1310 5850 Ειαιιιεηῼοήετιιειικι,
1350 5771 1415 5850 οὑ
1450 5786 1715 5850 κρειττων

2100 4617 2319 4687 ἔχουσαι
2349 4618 2676 4681 ὑποστάσεις
2691 4617 2786 4689 [νο
2804 4616 2859 4690 α]
2876 4616 2975 4689 τὴν
2996 4615 3163 4687 αὐτὴν
3197 4612 3581 4685 ἐκληρώσαντο
3602 4611 3704 4679 φύ-

2103 4725 2210 4773 σιν,
2244 4709 2339 4763 καὶ
2360 4708 2513 4762 οὐδὲν
2542 4707 2757 4780 θεότητι
2779 4707 2875 4761 καὶ
2901 4706 3131 4777 δυνάμει
3159 4705 3507 4777 διαφέρουσιν
3533 4703 3700 4773 ἀλλή-

2099 4801 2230 4866 λων,
2248 4801 2408 4872 μόναι
2422 4799 2479 4853 δὲ
2501 4798 2869 4871 συμφύεσθαι,
2897 4799 2994 4855 κα)⁵
3012 4796 3434 4867 ςσυντάττεσθαι,
3449 4795 3545 4849 καὶ
3565 4811 3701 4847 παν-

2100 4892 2267 4963 ταχοῦ
2289 4891 2721 4945 συνεπινοείσθαι
2739 4892 2995 4945 δύνανται
3021 4889 3100 4961 τῷ
3121 4889 3219 4943 ἐνί·
3248 4889 3307 4952 ὃς
3322 4888 3489 4959 ἄμφω
3516 4888 3700 4950 αὑτὸς,

2103 4982 2205 5053 οὑχ
2225 4975 2302 5035 ὧν
2323 4983 2382 5035 αἱ
2405 4982 2737 5046 ὑποστάσεις
2752 4983 2978 5054 ἀμφοῖν,
2997 4982 3111 5053 ἔχει
3134 4982 3195 5047 ἐξ
3210 4980 3405 5034 ἑαυτοῦ
3427 4982 3701 5051 ἀνάρχως,

2102 5076 2197 5129 καὶ
2223 5075 2285 5140 ἐξ
2328 5073 2471 5139 ἴσου,
2497 5075 2595 5128 καὶ
2624 5075 2839 5146 ὁμοίου,
2866 5074 2962 5128 καὶ
2994 5074 3241 5137 ἀλέκτως
3275 5073 3582 5145 ήνωμένας,
3610 5069 3706 5123 καὶ

2103 5169 2349 5239 συνεχεῖς
2363 5167 2462 5230 τάς
2483 5165 2833 5230 ὑποστάσεις.
2849 5167 2975 5222 Ἔτι
3000 5169 3138 5239 πρὸς
3151 5170 3266 5229 τοῖς
3279 5165 3548 5237 λεχθεῖσιν
3560 5181 3577 5196 ·
3593 5165 3709 5218 Πᾶν

2179 5346 2290 5417 (80)
2318 5345 2422 5403 Sed
2462 5347 2648 5403 abluti.
2685 5346 2852 5405 lCor.
2883 5364 2958 5413 Vl,
2995 5347 3080 5401 li.
3110 5346 3372 5403 Ordinem
3423 5346 3712 5401 verborum

2117 5435 2223 5472 non
2254 5420 2504 5473 euntdem
2554 5420 2778 5474 omnino
2810 5420 3012 5473 habent
3048 5417 3245 5472 Biblia.
3288 5417 3425 5473 Vide
3470 5429 3584 5470 not.
3620 5418 3715 5482 94,

2116 5505 2239 5557 pag.
2266 5490 2357 5543 54.
2386 5489 2648 5561 Didymus
2683 5491 2736 5543 in
2766 5490 2860 5544 lib.
2902 5487 2977 5561 De
3004 5486 3210 5545 Spiritu
3238 5502 3442 5561 sancto:
3473 5504 3624 5561 num.
3656 5487 3716 5553 4,

2114 5561 2187 5613 ita
2225 5563 2341 5613 Im-c
2383 5557 2577 5629 allegat
2609 5578 2624 5614 :
2655 5578 2674 5609 ι
2699 5560 2991 5627 Apostolus
3036 5572 3258 5628 quoque
3294 5563 3362 5612 ad
3404 5557 3718 5612 Corinthius

2113 5631 2386 5691 scribens,
2427 5639 2483 5682 et
2515 5644 2846 5699 enumerans
2885 5646 3019 5695 eos,
3070 5632 3165 5698 qui
3197 5644 3422 5699 regnum
3454 5629 3716 5682 cmlornm

2116 5710 2247 5755 sunt
2278 5701 2628 5754 consecuturi
2660 5698 2980 5769 (legendum
3037 5711 3172 5766 puto
3215 5698 3339 5753 cum
3370 5698 3722 5769 Bibliotheca!

512 5768 607 5852 79)
639 5768 1310 5852 ιῖιαιιιεηῼοήετιιὶιυει,
1350 5768 1737 5852 ρὺίκρείττων.
1784 5769 1896 5844 Ego
1935 5768 2015 5825 sic
2118 5770 2715 5852 ll‘osiriet'tid-lCBZCtIQII
2740 5768 3296 5852 suntt-ousecuturis.
3321 5769 3471 5821 addit
3499 5768 3716 5824 dicens:

419 5841 696 5916 transiuli,
722 5848 879 5921 quasi
908 5845 1195 5917 legendum
1233 5843 1373 5911 sit,b
1396 5841 1685 5913 κρείττων.

2117 5837 2186 5894 Et
2215 5840 2328 5894 haec
2356 5839 2567 5907 quidem
2600 5842 2801 5910 fuistis,
2827 5844 2916 5895 sed
2947 5844 3110 5894 abluti
3143 5851 3290 5906 csits,
3323 5860 3340 5890 ι
3386 5851 3495 5893 etc.
