4082 6392
312 338 409 395 εει

1367 330 1451 386 DE
1491 327 1870 386 TRINITATE
1908 328 2113 384 LIBER
2153 328 2534 385 SECUNDUS.

3469 322 3574 380 52%

312 459 591 530 δικαίωμα
624 455 736 510 τῶν
757 455 1047 527 αἱρετικῶν
1069 455 1271 510 τούτων
1304 451 1680 524 ὁμοιότροπον,
1705 449 1892 522 ὥσπερ

2006 464 2148 520 ergo,
2173 447 2422 512 observa,
2462 446 2506 501 si
2561 445 2802 499 divinum
2852 451 2957 509 est,
3012 451 3072 497 ut
3110 457 3240 498 sane
3291 450 3398 510 est,
3450 443 3575 499 Filii

313 550 408 602 atat
438 545 788 618 ὁμοιόλεκτόν
817 547 933 598 ἐστι
965 545 1064 614 τῆς
1089 543 1184 597 νῦν
1209 541 1534 612 κινουμένης
1565 540 1763 594 αἰώλου
1797 541 1896 594 αὐ-

314 641 420 694 τῶν
457 637 794 707 σοφιστείας,
840 637 917 700 ὡς
965 634 1320 707 μαθησόμεθα
1368 631 1483 703 μετ’
1528 632 1588 684 οὐ
1640 631 1773 684 πολὺ
1826 635 1892 702 τῇ

315 733 478 804 πείρᾳ
513 731 574 796 ἐξ
607 729 789 783 αὐτῶν
823 728 929 782 τῶν
953 726 1280 796 κεφαλαίων.
1321 726 1382 777 El
1419 723 1528 794 γὰρ
1561 724 1718 794 τυχὸν
1753 723 1895 787 λέξιν

313 826 459 888 τινὰ,
490 825 567 886 ὡς
613 822 713 893 τὴν
757 841 774 872 r
811 820 1045 883 αἰώνιος,
1087 842 1105 871 ι
1151 819 1184 888 ἦ
1227 817 1322 888 τὴν
1361 835 1378 867 ι
1423 814 1642 883 ἀγαθὸς,
1691 833 1708 864 ›
1746 815 1895 868 Θείαν

317 915 537 981 ἔνδειξιν
567 913 896 984 κομίζουσαν
922 911 1051 983 περὶ
1074 911 1174 980 τῆς
1212 911 1270 962 ὲν
1307 907 1493 979 μονάδι
1525 906 1771 978 Τριάδος,
1805 907 1897 960 καὶ

319 1011 457 1079 αὐτῇ
503 1007 624 1060 καθ’
680 1006 802 1059 ὅλου
855 1005 951 1058 καὶ
995 1003 1216 1065 τελείως
1266 1001 1679 1072 προσήκουσαν,
1739 998 1897 1069 ἔτυχέ

325 1121 427 1156 που
453 1098 699 1172 εἰρῆσθαι
729 1097 856 1168 περὶ
887 1096 1203 1166 κτίσματος,
1233 1093 1370 1165 μετά
1406 1094 1504 1162 τῆς
1545 1091 1898 1162 ὀφειλομένης

328 1195 578 1264 κτίσματι
603 1193 821 1262 μνήμης
841 1206 854 1222 ·
875 1189 1024 1242 οὐδὲν
1047 1186 1144 1258 μὲν
1189 1186 1403 1254 λέγουσι
1439 1183 1512 1256 (τί
1561 1183 1668 1254 γὰρ
1697 1183 1789 1237 καὶ
1818 1185 1894 1235 εί-

329 1290 448 1344 πείν
480 1286 686 1356 ἔχουσιν
708 1283 765 1354 ;)
800 1284 928 1352 περὶ
965 1279 1059 1333 τοῦ
1093 1277 1227 1332 Θεοῦ
1262 1277 1473 1348 Πατρὺς
1512 1277 1604 1330 καὶ
1641 1274 1735 1328 τοῦ
1766 1274 1895 1327 Υἱοῦ

325 1379 524 1434 αὐτοῦ·
562 1377 860 1445 κατάγουσι
903 1374 960 1427 δὲ
1008 1372 1168 1435 εὐθὺς
1212 1369 1588 1441 ἀφρονέστατα
1644 1367 1704 1420 τὸ
1745 1368 1897 1435 ἅγιον

322 1472 547 1541 Πνεῦμα
575 1473 653 1534 εἰς
677 1469 775 1540 τὴν
807 1467 1003 1530 κτίσιν,
1032 1465 1131 1518 οὐκ
1165 1465 1425 1531 ἀνάγουσι
1470 1460 1898 1531 πρεπωδέστατα

321 1566 403 1627 είς
421 1562 509 1616 τὸν
529 1560 658 1614 Θεὸν
680 1559 773 1612 καὶ
813 1558 902 1610 τὸν
927 1554 1202 1624 Μονογενῆ
1233 1553 1357 1616 τοὺς
1393 1553 1448 1604 ἐν
1472 1551 1644 1620 ὁμοίῳ
1675 1550 1768 1602 καὶ
1800 1549 1898 1618 ἴσῳ

319 1656 398 1727 τῷ
442 1655 579 1725 ἁγίῳ
606 1651 882 1722 Πνεύματι
928 1645 1309 1720 ἁρμοδιώτατα
1356 1643 1460 1696 ὑπὸ
1493 1642 1600 1696 τῶν
1635 1642 1898 1709 Οεολόγων

319 1745 829 1817 ἀνευφημηθέντας.
856 1741 968 1795 Καὶ
1010 1739 1184 1809 μόνων
1216 1735 1394 1789 τοίνυν
1434 1733 1542 1786 τῶν
1575 1733 1712 1804 πρὸς
1742 1735 1774 1804 ἡ
1784 1733 1898 1803 μῶν

318 1842 381 1894 ἐν
399 1838 478 1910 τῷ
509 1836 807 1907 κεφαλαίῳ,
902 1832 1178 1903 μέτειμεν,
1202 1825 1712 1897 δικαιολογηθέντων
1738 1827 1902 1894 ὑπερ-

319 1931 549 2000 ϐαθῆναι
587 1927 660 1998 μὴ
687 1926 1018 1994 δυναμένων,
1057 1917 1369 1991 ἀρκούντων
1421 1915 1479 1969 δὲ
1519 1915 1597 1977 είς
1642 1914 1762 1966 ὅλον
1805 1914 1895 1968 τὸν

318 2021 449 2092 περὶ
493 2015 784 2090 αἰρετικῶν
829 2013 1044 2081 ἀγῶνα⁶
1073 2009 1106 2080 ἢ
1142 2008 1470 2072 δειξάτωσαν
1513 2005 1562 2076 (ὃ
1596 2005 1690 2058 καὶ
1717 2005 1894 2075 λέγειν

321 2113 459 2184 βαρὺ
491 2110 654 2178 λίαν),
682 2110 756 2171 ὡς
783 2103 1004 2178 ἁρχὴ,ἢ
1049 2102 1223 2173 πέρας
1249 2097 1343 2152 τοῦ
1380 2099 1534 2165 ἁγίου
1578 2096 1898 2167 Πνεύματος

319 2201 774 2276 κεχρησμῴδηταί
797 2214 929 2252 που·
959 2197 992 2268 ἢ
1021 2195 1178 2259 ὅλως,
1210 2194 1291 2245 ὅτι
1313 2191 1428 2245 ὁδόν
1454 2207 1578 2244 τινα
1612 2189 1768 2260 ἔσχεν
1801 2190 1896 2242 ἐπὶ

320 2297 546 2367 φθορὰν,
574 2295 650 2357 ὡς
671 2297 704 2364 ή
732 2288 993 2360 ἁγγελικὴ
1019 2287 1113 2341 καὶ
1132 2282 1452 2355 ἀνθρωπικὴ
1481 2281 1798 2353 προαίρεσις
1820 2296 1834 2308 ι
1861 2280 1893 2352 ἢ

319 2388 460 2442 ἔστω
504 2389 706 2450 αὐτοῖς,
759 2384 820 2436 τὸ
855 2383 920 2452 δὴ
969 2378 1280 2449 λεγόμενον,
1333 2392 1352 2425 ι
1409 2371 1534 2443 βοῦς
1584 2371 1675 2443 [70
1705 2371 1758 2443 b]
1803 2373 1898 2428 ἐπὶ

318 2481 591 2551 γλῶσσαν.
629 2499 648 2531 ι
685 2477 936 2531 Τοσαῦτα
970 2473 1069 2545 μὲν
1109 2470 1239 2541 περὶ
1273 2465 1529 2522 ἐκείνων·
1571 2462 1684 2532 ἐγὼ
1710 2464 1768 2517 δὲ
1809 2465 1900 2518 ἐπὶ

317 2573 419 2644 τὴν
441 2572 502 2637 ἐξ
522 2571 696 2643 ἀρχῆς
721 2568 974 2622 ὑπόθεσιν
1007 2562 1402 2636 μεταϐήσομαι.

1999 556 2221 608 nomen,
2255 539 2359 594 tale
2413 539 2634 593 omnino
2677 552 2798 592 esse
2839 550 3033 591 nomen
3095 551 3309 605 quoque
3340 535 3577 606 Spiritus

1999 633 2175 688 sancti
2204 651 2217 686 :
2255 647 2419 686 unum
2455 632 2598 686 enim
2633 630 2914 684 amborum
2939 628 3075 682 dixit
3100 643 3316 682 nomen.
3344 630 3422 683 Ac
3445 627 3574 682 illud

1999 727 2162 781 etiam
2189 725 2583 790 animadverte,
2603 722 2743 776 sicut
2769 721 2922 776 initio
2961 719 3309 775 inell'abiliter
3340 719 3576 788 Spiritus

1998 827 2219 872 sanctus
2244 832 2348 870 una
2394 831 2515 871 cum
2571 815 2735 870 Patre
2787 824 2840 870 et
2875 814 3012 870 Filio
3049 814 3272 881 creavit,
3297 815 3376 868 sic
3407 813 3572 868 etiam

2001 924 2142 964 nunc
2180 925 2366 963 rursus
2391 922 2616 964 creare:
2647 923 2770 962 nam
2828 907 2972 961 ablui
3011 907 3152 961 idem
3186 906 3346 962 valet
3371 921 3435 960 ac
3473 906 3572 960 ite-

2003 1017 2118 1054 rum
2147 1001 2345 1056 creari.
2376 1002 2430 1055 ln
2469 1001 2706 1071 Epistola
2735 1015 2864 1055 vero
2895 1003 2961 1054 ad
3006 1001 3182 1055 Titum
3215 1001 3326 1054 ait:
3356 1017 3374 1049 ι
3406 998 3577 1068 Rege-

2003 1108 2198 1147 nerans
2229 1091 2344 1162 (81)
2378 1108 2474 1147 nos
2501 1109 2596 1161 per
2625 1093 2899 1146 lavacrum
2955 1092 3379 1160 regenerationis
3417 1101 3474 1145 et
3501 1105 3580 1145 re-

2002 1187 2307 1241 novationis
2329 1187 2565 1255 Spiritus
2593 1186 2791 1242 sancti.
2826 1206 2843 1237 »
2871 1184 3046 1238 Simili
3081 1186 3237 1239 modo
3269 1199 3574 1252 sacerqno-

1999 1293 2102 1348 que
2134 1277 2339 1334 Psaltes
2365 1292 2458 1332 eos
2488 1278 2577 1345 qui
2619 1279 2856 1346 generati
2909 1277 3020 1347 jam
3057 1286 3232 1342 erant,
3275 1292 3418 1332 nunc
3448 1292 3576 1332 vero

2002 1371 2052 1422 in
2088 1371 2268 1423 divina
2307 1371 2512 1438 piscina
2564 1369 2676 1441 (82)
2735 1371 3055 1440 spiritaliter
3083 1381 3360 1436 creantur,
3391 1371 3578 1426 videre

1999 1471 2221 1532 exoptat
2251 1480 2265 1531 ;
2314 1464 2388 1517 ait
2411 1464 2554 1517 enim
2589 1478 2604 1517 :
2662 1483 2680 1514 ι
2717 1464 2950 1534 Pepulus
2995 1463 3106 1536 (83)
3135 1475 3356 1520 creatus
3387 1464 3575 1519 lauda-

2002 1554 2081 1606 bit
2123 1553 2431 1608 Dominum.
2461 1575 2479 1607 ι
2513 1556 2647 1608 Cum
2700 1557 2865 1624 igitur
2916 1557 3105 1610 eodem
3148 1557 3353 1611 honore
3401 1556 3576 1626 digna!

2000 1647 2129 1709 sint,
2168 1647 2465 1716 eademque
2490 1649 2922 1715 operenturistae
2957 1649 3294 1718 hypostases,
3329 1648 3575 1703 eamdem

2001 1752 2217 1805 quoque
2245 1750 2490 1791 naturam
2516 1740 2739 1804 habent,
2797 1756 2973 1810 neque
3009 1742 3206 1796 deitate
3243 1757 3307 1795 ac
3337 1743 3574 1806 potentia

1938 1817 1979 1870 Β
2009 1841 2039 1879 a
2069 1841 2129 1881 se
2157 1828 2383 1882 invicem
2410 1830 2703 1898 quidquam
2743 1831 2996 1886 dill‘erunt
3022 1851 3037 1887 ε
3080 1833 3208 1887 sola:
3241 1843 3418 1888 autem
3451 1849 3574 1888 cum

2003 1933 2068 1973 eo
2107 1920 2199 1989 qui
2235 1936 2374 1975 unus
2401 1931 2506 1984 est,
2530 1923 2691 1976 simul
2745 1926 3010 1980 exsistere
3062 1933 3309 1993 possunt,
3337 1934 3390 1979 et
3417 1923 3576 1979 simul

2001 2012 2054 2066 in
2088 2013 2276 2068 eodem
2305 2015 2472 2082 gradu
2505 2015 2780 2082 collocari,
2810 2027 2865 2072 et
2887 2018 3045 2071 simul
3087 2019 3284 2086 ubique
3313 2018 3578 2086 accipi,et

2004 2105 2330 2176 subintelligi
2358 2124 2371 2160 :
2400 2106 2490 2176 qui
2526 2108 2750 2176 ipsemet
2788 2112 2911 2181 (nec
2953 2110 3096 2164 enim
3148 2110 3308 2163 dico:
3349 2123 3576 2178 quarum

2003 2192 2284 2246 ambarum
2333 2195 2602 2268 personae)
2659 2198 2848 2253 ambas
2901 2214 3163 2268 personas
3215 2200 3378 2254 habet
3420 2213 3485 2253 ex
3518 2214 3579 2255 se

2004 2285 2120 2352 ipso
2147 2287 2213 2339 ab
2244 2297 2468 2350 aeterno,
2488 2298 2541 2343 et
2569 2290 2868 2358 aequaliter,
2913 2301 2969 2345 et
2999 2292 3273 2353 similiter,
3296 2301 3351 2346 et
3387 2290 3580 2346 ineffa-

2004 2375 2188 2430 biliter
2216 2379 2394 2432 unitas
2454 2389 2616 2448 atque
2663 2383 3004 2451 conjunctas.
3063 2383 3189 2439 Haec
3239 2384 3457 2453 insuper
3489 2384 3577 2448 iis,

2005 2482 2124 2537 qua:
2154 2468 2298 2522 dicta
2328 2479 2472 2535 sunt,
2501 2471 2659 2526 addo.
2688 2471 2956 2543 Quidquid
2986 2489 3081 2543 pro
3129 2489 3222 2528 sna
3256 2489 3414 2528 causa
3447 2473 3572 2528 θεῖε·

2007 2568 2138 2614 runt
2162 2559 2248 2614 isti
2275 2561 2536 2627 haeretici,
2568 2563 2810 2631 ejusdem
2840 2566 2980 2619 modi
3005 2577 3110 2631 est,
3141 2567 3266 2620 item
3300 2575 3358 2620 ut
3389 2565 3576 2620 iisdem

323 2665 507 2718 verbis
533 2676 847 2732 expressum
894 2657 1052 2727 157
1101 2670 1167 2716 ac
1197 2655 1391 2724 frigida
1445 2653 1558 2726 (84)
1599 2653 1710 2717 illa,
1745 2665 1903 2722 quam
1943 2664 2088 2704 nunc
2111 2651 2484 2720 expendimus,
2541 2654 2833 2722 cavillatio,
2874 2666 2933 2712 ut
2990 2657 3145 2727 paulo
3187 2667 3308 2726 post.
3360 2673 3426 2713 ex
3452 2657 3581 2728 ipsis

320 2773 509 2814 eorum
531 2756 779 2826 capitulis
821 2761 1262 2830 argumentisque
1307 2760 1645 2829 experientia
1677 2755 2099 2825 comperiemus.
2128 2756 2186 2811 Si
2213 2757 2356 2811 enim
2382 2757 2618 2827 aliquam
2645 2758 2787 2813 forte
2853 2774 3062 2824 vocem,
3116 2767 3174 2812 ut
3209 2777 3228 2810 ι
3283 2769 3576 2825 aeternus,»

320 2862 414 2905 aut
447 2853 679 2916 «bonus,
707 2869 725 2902 ι
763 2852 829 2906 de
855 2850 1139 2917 Trinitate,
1197 2869 1317 2922 quae
1400 2853 1457 2907 in
1493 2853 1700 2905 unitate
1733 2861 1843 2913 est,
1906 2847 2129 2912 dictam,
2196 2848 2419 2918 ejusque
2467 2851 2800 2905 divinitatem
2863 2852 3210 2907 denotantem
3237 2892 3252 2917 ,
3299 2861 3354 2907 et
3399 2851 3580 2907 eidem

325 2945 550 2998 omnino
583 2958 646 2997 ac
674 2941 911 3012 perfecte
939 2943 1377 3008 convenientem,
1407 2943 1475 2997 de
1504 2950 1754 2997 creatura
1776 2954 1994 3011 quoque
2023 2939 2220 2994 alicubi
2249 2939 2352 2994 dici
2379 2941 2688 3010 contigerit,
2716 2956 2836 2995 cum
2894 2956 2956 2996 ea
2980 2949 3188 3012 tamen,
3245 2957 3366 3012 quze
3418 2957 3577 2998 crea-

324 3043 463 3090 turae
487 3036 733 3102 debetur,
781 3035 1317 3101 commemoratione,
1357 3036 1458 3105 ipsi
1501 3035 1568 3089 de
1601 3034 1711 3088 Deo
1738 3032 1898 3086 Patre
1937 3032 2176 3100 quidem,
2205 3047 2269 3088 ac
2302 3033 2441 3088 Filio
2467 3031 2583 3102 ejus
2608 3034 2736 3087 nihil
2769 3034 3058 3089 mussitant
3113 3035 3263 3106 (quid
3291 3036 3436 3090 enim
3499 3035 3585 3090 di-

324 3145 451 3188 cere
509 3132 831 3204 possenti);
870 3133 964 3187 sed
1010 3132 1275 3202 Spiritum
1322 3140 1570 3186 sanctum
1627 3131 1811 3184 statim
1843 3128 1908 3182 ad
1953 3139 2326 3185 creaturarum
2389 3132 2751 3186 conditionem
2820 3131 3260 3200 insipientissime
3299 3129 3580 3197 dejiciunt,

326 3239 485 3293 quem
519 3226 749 3280 maxime
785 3228 1004 3282 deceret
1031 3227 1099 3281 ad
1131 3228 1494 3296 aequalitatem
1534 3223 1892 3296 evehere(85)
1932 3241 2052 3280 cum
2087 3227 2215 3289 Deo,
2244 3237 2298 3281 et
2333 3227 2636 3296 Unigenito,
2679 3228 2770 3299 qui
2821 3227 3044 3296 Spiritui
3110 3226 3217 3296 ipsi
3287 3226 3495 3282 similes
3526 3238 3582 3280 et

326 3317 561 3387 aequales
589 3334 618 3373 a
649 3319 1435 3390 theologisconvenientissime
1453 3321 1727 3390 prredicati
1753 3327 1906 3374 sunt.
1944 3320 2128 3390 Itaque
2154 3335 2278 3376 cum
2312 3319 2395 3376 vel
2437 3335 2498 3374 ea
2555 3320 2690 3387 sola,
2738 3335 2856 3390 qua:
2891 3335 2920 3373 a
2955 3320 3110 3375 nobis
3155 3321 3206 3374 in
3266 3320 3370 3374 hoc
3436 3319 3582 3388 capi-

327 3411 461 3475 tulo,
498 3411 548 3465 in
579 3427 688 3481 quo
720 3425 1025 3477 versamur,
1057 3427 1156 3482 pro
1187 3423 1373 3467 nostra
1414 3428 1576 3467 causa
1601 3412 1760 3466 allata
1780 3412 2017 3476 fuerunt,
2049 3413 2243 3467 invicta
2303 3414 2434 3476 sint,
2491 3423 2547 3469 et
2589 3414 2655 3468 ad
2725 3423 2891 3468 totam
2966 3415 3421 3470 concertationem
3489 3417 3586 3471 ad-

325 3518 518 3560 versus
545 3504 826 3559 haereticos
885 3504 1269 3559 conferendam
1339 3504 1818 3572 sustinendamque
1883 3501 2227 3566 sullicientia,
2272 3505 2560 3559 ostendant
2609 3520 2737 3574 ergo
2798 3505 2896 3572 illi,
2945 3515 3038 3560 aut
3089 3506 3312 3576 Spirittti
3375 3521 3568 3563 saneto

326 3597 495 3667 (quod
519 3597 599 3650 vel
638 3597 782 3651 dictu
836 3595 1274 3651 molestissimum
1303 3597 1407 3667 est)
1441 3595 1675 3659 initium,
1710 3593 1794 3647 vel
1860 3595 2236 3650 ﬁnemalicubi
2284 3595 2339 3650 in
2389 3595 2688 3667 Scripturis
2759 3599 3020 3652 tributum
3056 3598 3244 3664 fuisse,
3322 3610 3416 3656 aut
3486 3601 3586 3654 ali-

329 3703 490 3756 quem
520 3689 741 3742 omnino
767 3689 968 3742 aditum
997 3689 1062 3742 ad
1102 3665 1504 3757 corruptionem
1539 3687 1590 3740 in
1623 3687 1740 3755 ipso
1756 3700 1897 3751 esse,
1940 3695 1999 3740 ut
2027 3695 2109 3741 est
2139 3687 2190 3740 in
2217 3687 2482 3760 angelica,
2544 3698 2599 3744 et
2657 3690 2892 3744 humana
2954 3691 3275 3758 voluntate;
3351 3702 3446 3750 aut
3511 3695 3584 3751 sit

328 3780 482 3851 ipsis,
511 3789 568 3834 ut
598 3781 704 3834 fert
730 3781 996 3850 adagium,
1026 3797 1045 3831 α
1074 3782 1172 3836 bos
1200 3781 1252 3833 in
1276 3779 1458 3849 lingua
1507 3778 1640 3850 (86).
1669 3798 1687 3831 ι
1723 3779 1896 3848 Atque
1935 3778 2052 3834 haec
2118 3779 2183 3835 de
2211 3780 2313 3837 illis
2376 3782 2593 3851 quidem
2648 3783 2944 3838 hactenus:
2996 3797 3098 3851 ego
3136 3799 3264 3840 vero
3312 3786 3380 3840 ad
3419 3801 3582 3860 argu-

327 3881 594 3935 mentum,
627 3872 769 3938 quod
803 3871 954 3927 initio
984 3884 1350 3939 susceperam,
1389 3880 1656 3924 revertar.
2976 3872 2984 3879 '

395 4023 512 4096 (81)
545 4022 907 4098 Regenerans.
926 4023 1033 4098 Tit.
1062 4040 1149 4090 tu,
1192 4025 1246 4080 5.
1285 4025 1468 4098 Graeca
1527 4025 1693 4080 editio
1736 4025 1908 4098 liabet
1936 4034 1979 4092 c
2014 4029 2362 4096 ineptamque
2392 4027 2654 4098 signiﬁcet
2681 4026 3060 4082 haereticorum
3091 4029 3581 4084 ratiocinationem.

328 4094 556 4166 ἔσωσεν,
591 4095 645 4147 id
673 4105 754 4147 est
790 4094 1078 4166 rrsalvavit.
1100 4113 1119 4147 ι
1163 4110 1280 4164 pro,
1300 4096 1701 4166 ἀναγεννήσας,
1736 4095 1788 4150 id
1825 4109 1908 4150 est

333 4183 355 4217 ι
380 4165 471 4236 qui
511 4165 880 4236 regeneravit:
909 4183 927 4216 ι
949 4173 1022 4228 et,
1051 4164 1487 4232 ἀνακαινώσεως,
1529 4164 1646 4233 pro,
1681 4165 1908 4218 ἀνακαι-

329 4233 587 4306 νίσεωςέ
620 4233 886 4306 Didymus
935 4249 1066 4306 vero
1128 4237 1258 4304 legit
1316 4237 1692 4306 ἀναγεννήσας
1741 4236 1903 4289 etiam

330 4320 502 4374 segtn.
531 4303 597 4357 52
621 4320 672 4366 α,
704 4303 757 4356 ει
792 4304 892 4358 116
924 4322 974 4358 a.
1014 4305 1118 4360 Pro
1151 4303 1548 4371 ἀνακαινίσεως
1576 4303 1719 4360 ’νει-ο
1761 4306 1903 4372 ipse-

330 4373 446 4430 met
494 4375 654 4427 habet
705 4373 1119 4439 ἀνακαινώσεως
1164 4392 1333 4446 segm.
1385 4379 1454 4432 5‘2
1489 4395 1541 4443 a,
1588 4375 1687 4429 etsi
1731 4391 1900 4446 segm.

332 4446 440 4498 116
473 4459 524 4502 a,
554 4458 740 4512 rursus
763 4448 950 4499 haheat
978 4445 1394 4512 ἀνακαινίσεως.
1802 4445 1819 4494 ι

406 4514 519 4585 (8:2)
574 4511 803 4585 fiscina.
867 4515 1008 4569 Fons
1044 4531 1220 4579 sacer,
1273 4511 1365 4572 seu
1415 4516 1750 4584 baptismalis
1795 4532 1900 4570 non

332 4581 774 4657 modoaGra-cis
803 4587 1048 4657 l’atribus
1078 4587 1277 4654 passim
1336 4605 1357 4638 ‹
1385 4581 1587 4657 piscina
1615 4607 1632 4638 ι
1681 4596 1903 4657 vocatus

332 4663 440 4726 est,
484 4653 578 4708 sed
627 4667 655 4706 a
712 4652 918 4726 Latinis
963 4652 1175 4724 quoque
1222 4652 1512 4712 nonnullis.
1561 4658 1633 4710 Ita
1674 4656 1902 4726 Optatos

334 4725 474 4777 libro
496 4727 706 4795 μιαιιυ.
741 4722 1172 4787 Parmeniamim,
1213 4742 1334 4794 cap.
1359 4729 1416 4794 2,
1449 4747 1468 4779 ι
1492 4727 1590 4781 llic
1619 4737 1702 4780 est
1723 4722 1900 4795 'piscis

336 4794 578 4862 (inquit)
610 4795 700 4860 qui
743 4795 795 4848 in
843 4796 1162 4861 baptismate
1191 4796 1481 4853 fontalibns
1511 4798 1668 4850 undis
1710 4794 1904 4850 inseri-

335 4872 449 4926 tur,
479 4873 536 4915 ut
561 4879 681 4936 qua:
713 4879 846 4934 aqua
875 4867 1070 4929 fuerat,
1101 4881 1129 4919 a
1155 4867 1301 4936 pisce
1322 4870 1486 4922 etiam
1523 4867 1730 4921 Piscina
1765 4867 1908 4920 voci-

340 4943 534 5006 tetur.r
574 4933 805 5006 Respicit
832 4945 1009 5006 autem
1035 4933 1257 5006 Optatus
1274 4939 1339 4992 ad
1357 4938 1569 4993 celebre
1601 4939 1726 4991 illud
1750 4936 1908 4991 Chri-

337 5004 632 5083 sti-nomen
656 5003 824 5072 ἰχθύς,
849 5003 1293 5083 ίιΙεξ-ιηῲἱεεξεμ
1323 5010 1464 5076 qttod
1491 5023 1643 5083 aeque
1670 5008 1811 5083 valet
1845 5021 1910 5083 ac
1940 5028 1985 5083 ι)

344 5071 552 5146 {Iesus
574 5071 820 5146 Christus
849 5075 940 5130 Dei
978 5071 1146 5130 Filius
1178 5071 1455 5132 Serva-tor.
1490 5095 1508 5130 ι
1549 5071 1700 5145 Quod
1731 5077 1905 5146 respi-

334 5144 489 5216 ciens
549 5147 710 5196 etiam
772 5145 1134 5200 Tertullianus
1188 5149 1243 5201 in
1307 5149 1443 5202 libro
1507 5144 1584 5201 De
1643 5144 1902 5216 baptismo

334 5213 633 5286 scripserat
674 5231 687 5266 :
727 5235 745 5266 ι
777 5217 882 5286 Sed
937 5233 1035 5269 nos
1087 5217 1333 5284 discipuli
1391 5213 1718 5273 secundunr
1751 5216 1904 5286 ἰχθύν

336 5293 583 5356 nostrum
607 5281 788 5338 Jcsum
816 5283 1091 5340 Christum
1123 5287 1174 5340 in
1199 5281 1340 5356 aqua
1367 5290 1659 5344 nascimur.
1689 5306 1707 5339 ι
1751 5281 1909 5339 Atta-

335 5367 462 5424 men
493 5353 624 5406 fonti
652 5370 808 5410 sacro
839 5357 1060 5424 piscinae
1093 5353 1284 5411 nomen
1318 5361 1544 5413 inditum
1585 5357 1910 5412 crediderim

334 5423 520 5564 gius
543 5426 899 5548 igtpsblatione
924 5430 1084 5482 ducta
1109 5442 1175 5482 ex
1209 5431 1487 5498 probatica
1509 5429 1745 5484 Piscina.
1789 5424 1919 5482 Vide

435 5510 505 5546 nt.
614 5515 646 5548 ο
715 5537 730 5550 .

435 5510 505 5546 III.
543 5510 646 5548 αἱ)
679 5510 730 5550 D.

406 5563 519 5634 (83)
554 5563 816 5634 Populus.
848 5565 989 5621 Psal.
1021 5583 1095 5633 Cl,
1122 5583 1266 5624 vers.
1308 5569 1396 5627 19.

563 5632 810 5703 Frigida.
844 5635 900 5690 In
937 5632 1140 5710 co‘diCe.
1181 5639 1380 5694 αἰὼλου
1431 5641 1762 5710 σοφιστείας.
1811 5638 1916 5695 Le-

337 5708 569 5781 gendtun
605 5715 751 5781 puto_
778 5717 870 5760 aut
909 5707 1087 5761 αἰόλου
1125 5725 1246 5762 cum
1289 5729 1319 5763 ο
1350 5707 1538 5781 parvo,
1577 5724 1670 5766 aut
1709 5710 1875 5764 ἑώλου
1901 5729 1913 5740 ·

337 5784 400 5828 ιιι
438 5774 524 5831 vel
555 5792 576 5826 ι
604 5775 955 5845 perplexam»
992 5793 1057 5833 ac
1102 5774 1409 5848 versatam,
1446 5774 1530 5836 vel
1575 5801 1592 5835 ι
1617 5782 1910 5855 frigidam,»

538 5867 812 5932 Ριτιιοι.
855 5869 972 5932 Gn.
1017 5871 1324 5937 XXXIX.
1404 5867 1407 5871 ’

2013 4098 2128 4152 Νοη
2180 4108 2262 4150 est
2314 4109 2490 4152 tamen
2535 4098 2790 4151 continuo
2851 4099 3324 4166 reprehendemlus
3370 4099 3587 4156 Passio-

2014 4168 2188 4239 neiani
2239 4168 2532 4238 apagraphi
2579 4169 2903 4235 exscriptor,
2958 4179 3052 4221 aut
3091 4169 3368 4238 Didymus,
3428 4173 3589 4239 quasi

2014 4238 2297 4308 lectionem
2340 4248 2657 4308 sequantur,
2713 4253 2832 4305 qum
2873 4239 2988 4291 sine
3045 4240 3206 4292 dubio
3255 4238 3458 4292 vitiosa
3491 4242 3584 4295 sit.

2012 4306 2146 4360 Nam
2175 4320 2227 4362 et
2255 4311 2392 4375 apttd
2420 4306 2705 4366 Pollucem
2755 4308 2890 4361 libro
2922 4319 3072 4362 sexto
3109 4311 3196 4362 ubi
3228 4310 3368 4363 edita
3401 4323 3586 4364 exem-

2012 4379 2181 4445 plaria
2212 4379 2407 4432 habent
2434 4378 2798 4442 ἑωλοκρασία,
2821 4379 3127 4445 apographa
3161 4379 3368 4432 calamo
3391 4394 3586 4433 exara-

2010 4460 2063 4501 ta
2095 4448 2303 4518 habent
2335 4449 2723 4518 αίωλοκρασία.
2762 4447 2818 4500 In
2865 4448 3156 4517 Cyrilliano
3184 4459 3362 4500 autem
3411 4449 3588 4503 lexico

2011 4533 2136 4581 ms.,
2168 4517 2306 4585 quod
2341 4517 2581 4574 Venetiis
2620 4517 2858 4572 Naniana
2888 4527 3067 4570 servat
3106 4519 3453 4581 bibliotheca,
3479 4535 3588 4574 non

2010 4588 2062 4640 in
2106 4588 2280 4641 littera
2323 4606 2374 4652 ε,
2402 4591 2494 4642 sed
2546 4590 2597 4642 in
2649 4588 2823 4641 littera
2877 4604 2911 4639 α
2955 4587 3067 4642 haec
3098 4587 3346 4656 leguntur
3373 4606 3385 4618 ·
3415 4588 3587 4644 ἂωλον

2011 4656 2306 4727 (mendose
2353 4675 2453 4728 pro
2500 4657 2747 4726 αίωλον),
2806 4656 3055 4728 μάταιον,
3108 4658 3410 4729 ἄπρακτον.
3440 4658 3589 4728 ,Vide

2011 4735 2118 4781 not.
2147 4727 2232 4784 10.
2255 4743 2375 4784 nae.
2400 4729 2490 4784 45.

2009 4735 2118 4781 not.
2147 4730 2232 4792 10,
2255 4743 2375 4792 pag.
2400 4730 2490 4784 45.

2083 4743 2828 4867 ξίςέῗίῐῗιέξὲιῗ’οὴεετνοηιίο
2861 4798 2948 4851 illa
2977 4798 3236 4869 antitheta
3255 4800 3590 4869 κατάγουσιν

2013 4867 2488 4940 ἀφρονέστατα,δει
2519 4869 2782 4940 ἀνάγουσι
2816 4868 3264 4940 πρεπωδέστατα.

2086 4938 2199 5010 (86)
2250 4939 2351 4994 Bos
2399 4941 2476 5010 in,
2505 4940 2707 5007 lingua.
2756 4938 2831 4993 De
2863 4938 2982 4993 hoc
3037 4942 3226 5010 adagio
3279 4955 3473 4995 omnes
3513 4940 3594 4996 illi

2015 5009 2298 5079 agunt’qui
2326 5009 2516 5079 adagia
2544 5009 2900 5079 collegerunt,
2935 5017 3029 5062 aut
3054 5009 3396 5079 interpretati
3438 5021 3592 5077 sunt,

2015 5078 2284 5134 Zenobius
2331 5078 2579 5133 centuria
2622 5078 2810 5142 altera,
2861 5079 3119 5134 Schottus
3162 5078 3212 5133 in
3255 5080 3593 5148 Zenobium,

2016 5150 2299 5215 Erasmus,
2329 5148 2618 5204 Manutius.
2661 5149 2930 5220 Nimirum
2983 5151 3249 5204 numisma
3284 5155 3594 5220 quoddam,

2017 5220 2234 5273 Polluce
2264 5229 2423 5283 teste,
2464 5231 2587 5287 puta
2619 5219 3020 5284 didrachmum,
3056 5240 3072 5270 ι
3099 5221 3192 5274 bos
3216 5239 3236 5272 ι
3271 5219 3593 5283 vocabatur,

2017 5291 2159 5358 quod
2209 5291 2398 5343 bovem
2442 5290 2665 5343 haberet
2709 5290 3074 5358 insculptum:
3107 5291 3234 5346 hinc
3282 5292 3503 5346 factum
3537 5302 3599 5344 ut

2017 5362 2108 5428 qui
2140 5360 2364 5428 pecunia
2399 5369 2687 5428 corruptus
2725 5361 2888 5416 silere
2933 5363 3251 5430 cogebatur,
3299 5365 3490 5418 bovem
3537 5361 3594 5415 in

2018 5430 2198 5498 lingua
2221 5431 2420 5484 habere
2442 5430 2735 5484 diceretur.
2761 5431 2927 5488 Paulo
2952 5443 3130 5486 tamen
3158 5434 3316 5487 aliter
3341 5432 3594 5499 adagium

2017 5500 2212 5569 accipit
2261 5500 2536 5569 Didymus,
2572 5501 2637 5556 de
2681 5501 2772 5556 illo
2819 5517 3031 5570 nempe,
3081 5504 3173 5570 qui
3223 5519 3344 5558 cum
3385 5504 3597 5568 objecta

2017 5570 2222 5624 diluere
2271 5587 2377 5624 non
2417 5571 2614 5641 valeat,
2646 5572 2847 5627 invitus
2873 5583 3015 5627 tacet
3048 5590 3061 5625 :
3089 5589 3198 5641 quo
3229 5573 3386 5627 modo
3414 5570 3595 5641 Theo-

2016 5641 2136 5713 gnis
2163 5655 2379 5713 quoque
2403 5641 2466 5694 'in
2505 5640 2723 5695 Gnomis
2757 5644 2834 5696 ait
2863 5661 2876 5696 :
2908 5642 3044 5705 Βοῦς
3073 5640 3161 5713 μοι
3185 5643 3296 5713 ient
3324 5640 3596 5709 γλώσσης,

2019 5712 2069 5764 id
2116 5723 2197 5764 est
2233 5729 2244 5764 :
2287 5711 2437 5766 (Bos
2473 5713 2602 5766 tttibi
2652 5722 2734 5767 est
2783 5713 2836 5766 in
2884 5711 3085 5781 lingua.
3117 5731 3136 5765 ι
3176 5712 3419 5766 Julianus
3469 5723 3600 5761 vero

2015 5782 2275 5852 Apostata
2321 5783 2374 5839 in
2424 5782 2669 5843 oratione
2733 5798 2834 5850 vn,
2873 5783 2982 5838 alio
3028 5785 3206 5838 adhuc
3263 5783 3600 5851 aliquantum

3262 5873 3334 5934 17
