4082 6462
476 340 584 396 523

1721 342 1957 397 DIDYMI
1999 339 2466 397 ALEXANDRINI

3645 352 3751 408 εἰει

555 459 613 514 ν.
674 459 970 517 Rationalis
1000 471 1248 517 creatura
1300 472 1356 518 et
1403 465 1620 520 virtutis
1647 475 1817 533 capax
1853 475 1957 530 est,
1995 473 2044 518 et

2225 467 2302 521 E’.
2351 467 2416 520 Ἦ
2445 470 2620 534 κτίσις
2667 473 2699 541 ἡ
2736 471 2925 542 λογικὴ
2961 471 3160 543 άρετῆς
3200 487 3258 522 τε
3301 471 3498 533 κακίας
3527 471 3587 523 τέ
3634 473 3750 524 ἐστι

473 552 753 622 nequitiae.
788 553 948 610 Tales
979 566 1108 610 sunt
1137 554 1280 610 inter
1315 566 1539 612 naturas
1576 559 1946 628 incorporeas,
2001 567 2058 614 ut

471 654 632 699 antea
661 644 899 700 diximus
924 687 940 713 ,
1005 647 1187 716 quoad
1219 647 1472 703 virtutem
1501 633 1614 720 (87)
1646 649 1868 720 quidem
1921 649 2048 704 boni
2093 680 2096 684 -

473 734 676 801 angeli,
709 736 888 804 quoad
947 738 1248 808 nequitiam
1279 754 1428 807 vero,
1460 741 1676 810 reprobi
1715 742 1829 814 (88)
1859 761 1874 797 :
1911 744 2056 799 inter

471 840 770 896 corporeas
810 836 992 882 autem
1023 841 1264 896 naturas,
1305 832 1439 887 tales
1484 834 1796 903 nosmetipsi
1847 850 2052 890 sumus.

470 917 543 970 At
597 933 725 973 vero
787 919 998 976 divinus
1054 921 1308 992 Spiritus,
1331 939 1455 978 cum
1505 927 1860 995 praestantior
1895 927 2056 1000 158

473 1010 562 1072 sit,
613 1023 775 1078 quam
820 1019 889 1065 ut
923 1011 1140 1066 virtutis
1185 1023 1242 1067 et
1286 1016 1558 1084 cpia-iouis
1593 1031 1763 1086 capax
1797 1020 2049 1086 exsistat,

473 1113 568 1153 seu
605 1101 784 1168 potius
821 1117 1087 1157 summam
1122 1103 1237 1173 ipse
1264 1106 1516 1162 virtutem
1555 1121 1586 1160 e
1620 1109 1912 1180 semetipso
1937 1112 2054 1166 vel-

473 1199 535 1243 ut
559 1204 622 1244 ex
653 1190 800 1247 fonte
831 1193 1214 1249 scaturientem
1284 1196 1501 1263 habeat,
1551 1199 1687 1253 nihil
1727 1199 1918 1254 horum
1950 1216 2044 1257 ac-

473 1281 654 1352 cipere
681 1293 877 1353 potest,
925 1287 1066 1340 sicut
1117 1301 1186 1341 ne
1233 1285 1391 1341 Pater
1431 1289 1670 1357 quidem,
1705 1305 1806 1346 nec
1859 1291 2048 1351 Filius.

472 1374 627 1442 Quod
657 1378 701 1430 si
733 1379 923 1432 horum
951 1393 1121 1448 capax
1154 1395 1258 1432 non
1289 1391 1392 1443 cst,
1452 1396 1521 1434 ne
1571 1382 1796 1439 alterius
1831 1385 2050 1454 quidem

472 1474 559 1519 est
593 1465 882 1523 voluntatis
919 1470 1008 1524 :si
1040 1478 1219 1524 autem
1247 1469 1471 1526 alterius
1498 1472 1790 1530 voluntatis
1827 1490 1932 1531 non
1969 1485 2053 1531 est

479 1557 638 1627 (facit
661 1557 803 1613 enim
836 1559 1015 1612 omnia
1044 1574 1164 1629 quae
1195 1560 1310 1614 vult
1335 1558 1544 1631 Pater),
1580 1577 1647 1616 ne
1671 1562 1896 1618 alterius
1933 1566 2052 1634 qui-

470 1649 590 1703 dem
636 1650 951 1705 substantize
973 1660 1074 1706 est.
1110 1650 1246 1707 Hinc
1266 1666 1394 1723 ergo
1415 1654 1576 1708 etiam
1607 1654 1880 1726 colligitur
1935 1657 2048 1729 (89)

467 1751 677 1797 etcum
708 1751 1011 1798 creaturam
1047 1759 1151 1800 non
1194 1759 1334 1812 esse,
1380 1745 1624 1815 nihilque
1675 1747 1832 1817 plane
1868 1764 1896 1803 a
1938 1748 2050 1805 Deo

2163 557 2406 629 δεκτικὴ,
2441 559 2517 624 ὠς
2567 563 2892 634 εὑρίσκομεν
2962 564 3021 615 ὲν
3065 563 3381 634 ἀσωμάτοις
3429 563 3548 633 μὲν,
3605 561 3752 615 καθὰ

2164 647 2516 720 προείπομεν,
2549 649 2752 723 ἀρετῆς
2779 653 2930 716 ἐντὸς
2953 653 3080 718 τοὺς
3109 653 3432 724 εὐδοκίμους
3458 651 3747 722 ἀγγέλους,

2163 738 2362 802 κακίας
2381 737 2438 793 δὲ
2456 741 2578 804 τοὺς
2606 741 2934 812 ἐκριφέντας
2955 759 2968 771 ’
3001 743 3058 796 ἐν
3086 743 3144 796 δέ
3176 742 3445 813 σώμασιν,
3475 742 3552 805 ὡς
3582 743 3750 812 ἐσμὲν

2160 831 2325 901 ἡμεῖς
2351 831 2524 884 αὐτοί.
2567 833 2641 885 Τὸ
2679 832 2735 886 δὲ
2769 833 2948 888 θεῖκὸν
2978 833 3204 904 Πνεῦμα
3236 833 3376 904 ὑπὲρ
3409 832 3613 905 ἀρετὴν
3651 832 3750 886 καὶ

2161 920 2315 987 δόξαν
2342 923 2626 993 τυγχάνον,
2667 925 2865 995 μᾶλλον
2898 926 2942 980 δ’
2976 925 3109 980 αὐτὸ
3151 925 3398 996 πηγὰζον
3443 925 3545 996 τὴν
3577 926 3745 994 ἀκρο-

2160 1016 2330 1087 τάτην
2358 1017 2577 1088 ἀρετὴν,
2611 1016 2824 1081 οὐδενός
2847 1020 2963 1071 ἐστι
2996 1017 3200 1071 τούτων
3225 1016 3494 1080 δεκτικὸν,
3528 1017 3602 1079 ὡς
3623 1015 3744 1068 οὐδὲ

2161 1109 2190 1161 6
2221 1109 2434 1179 Πατὴρ,
2462 1109 2571 1162 οὐδ’
2598 1111 2627 1162 6
2657 1109 2805 1173 Υἱός.
2836 1111 2899 1162 El
2924 1109 2982 1162 δὲ
3019 1109 3092 1180 μὴ
3122 1109 3390 1170 δεκτικὸν,
3424 1108 3532 1160 οὐδ’
3563 1108 3746 1178 ἑτερό-

2160 1200 2349 1253 δουλον
2373 1216 2387 1230 ο
2423 1202 2472 1254 ει
2510 1200 2567 1254 δὲ
2615 1201 2775 1254 τοῦτο
2829 1200 2996 1272 (ποιεῖ
3038 1201 3150 1273 γὰρ
3183 1200 3340 1254 πάνθ’
3386 1201 3487 1253 ὅσα
3537 1198 3681 1252 θέλει
3713 1201 3741 1252 6

2159 1291 2393 1364 Πατὴρ),
2433 1293 2540 1346 οὐδ’
2577 1291 2936 1364 ἐτεροούσιον.
2973 1292 3284 1346 Κάντεῦθεν
3321 1287 3413 1345 οῦν
3449 1291 3742 1360 συνάγεται

2159 1389 2255 1440 καὶ
2305 1388 2368 1440 τό
2394 1404 2456 1440 τε
2503 1386 2576 1458 μὴ
2622 1382 2762 1440 εἶναι
2795 1385 2928 1438 αὐτὸ
2957 1383 3184 1454 κτίσμα,
3217 1383 3655 1453 ἀπαραλλάκτως
3684 1381 3741 1435 δὲ

2159 1481 2302 1552 ἔχειν
2329 1480 2464 1552 πρὸς
2492 1480 2583 1533 τὸν
2615 1479 2746 1532 Θεὸν
2773 1477 2996 1549 Πατέρα
3025 1477 3118 1530 καὶ
3149 1477 3238 1529 τὸν
3271 1477 3398 1530 Υἰὸν
3432 1475 3618 1540 αὐτοῦ,
3646 1475 3740 1528 καὶ

2156 1572 2218 1626 τὸ
2246 1573 2392 1643 ἡμᾶς
2438 1571 2497 1637 ἐξ
2539 1571 2703 1626 αὑτοῦ
2735 1571 2826 1624 τὸν
2867 1569 3020 1636 Θεὸν,
3055 1567 3115 1633 ἐξ
3147 1563 3209 1623 οῦ
3253 1567 3501 1638 φυσικῶς
3548 1567 3737 1632 ἐξεπο-

2159 1663 2346 1735 ρεύθη,
2377 1661 2690 1733 γινώσκειν,
2717 1663 2798 1716 ὅτι
2837 1661 2933 1715 καὶ
2958 1662 3015 1715 ἐν
3045 1661 3178 1731 ἡμῖν
3205 1661 3352 1714 ἐστιν
3415 1660 3491 1723 ὡς
3539 1660 3742 1730 γέγρα-

2159 1770 2310 1808 πται.

464 1833 628 1891 Patre
679 1851 743 1890 ac
777 1835 912 1892 Filio
961 1837 1078 1906 ejus
1119 1839 1455 1909 discrepare,
1513 1851 1568 1897 et
1604 1857 1669 1898 ex
1731 1844 1853 1914 ipso
1905 1843 2098 1914 Deum,
2139 1863 2170 1904 a
2228 1864 2336 1920 quo
2375 1851 2421 1904 is
2465 1847 2788 1904 naturaliter
2827 1825 3113 1919 processit,
3163 1861 3193 1900 a
3241 1845 3400 1902 nobis
3439 1843 3737 1926 cognosci,

464 1932 609 2001 quod
637 1933 690 1986 in
721 1933 875 1988 nobis
900 1932 1065 1986 etiam
1102 1933 1194 1998 sit,
1223 1942 1283 1987 ut
1315 1933 1394 1986 ait
1431 1931 1734 2004 Scriptura.

534 2024 623 2080 Vl.
665 2025 928 2081 Creatura
983 2043 1011 2079 a
1073 2024 1220 2091 Deo,
1253 2027 1346 2096 qui
1398 2038 1586 2086 natura
1651 2039 1872 2086 sanctus
1929 2039 2034 2098 est,

2214 2031 2305 2097 ς’.
2353 2026 2417 2078 Ἦ
2450 2026 2628 2088 κτίσις
2674 2023 2982 2094 ἁγιάζεται,
3022 2025 3116 2078 καὶ
3141 2023 3444 2078 δικαιοῦται
3490 2024 3595 2078 ὑπὸ
3642 2025 3737 2078 τοῦ

465 2117 857 2184 sanctiﬁcatur,
880 2126 935 2173 et
963 2117 1293 2189 justiﬁcatur
1317 2138 1332 2186 ;
1361 2134 1487 2173 nam
1523 2121 2040 2187 sanctiﬁcationem,

464 2221 522 2266 et
544 2211 990 2280 justiﬁcationem
1016 2211 1269 2280 accipere
1299 2226 1361 2265 ea
1393 2221 1590 2282 potest,
1613 2227 1720 2268 non
1751 2213 1896 2268 dare.
1924 2213 2049 2282 Spi-

476 2305 617 2358 ritus
639 2317 766 2358 vero
797 2313 1039 2369 sanctus,
1092 2303 1219 2372 quia
1269 2303 1571 2374 sejungitur
1595 2305 1810 2375 quidem
1835 2321 1864 2359 a
1895 2321 2050 2362 crea-

468 2395 955 2465 tura,conjunctus
982 2405 1162 2450 autem
1194 2407 1387 2450 natura
1424 2405 1508 2450 est
1542 2396 1637 2462 illi,
1675 2413 1740 2453 ex
1770 2413 1877 2467 quo
1919 2413 2042 2468 pro-

462 2488 632 2542 cessit
667 2487 756 2558 (de
785 2503 892 2560 quo
937 2490 1100 2543 etiam
1148 2489 1374 2559 mystica
1418 2488 1531 2543 haec
1577 2489 1820 2544 doctrina
1851 2490 2047 2546 tradita

462 2577 621 2632 ndhis
663 2576 763 2631 fuit
799 2595 812 2631 :
847 2595 866 2628 ι
918 2577 1110 2632 Omnis
1141 2576 1254 2648 (90)
1304 2577 1516 2648 largitio
1563 2576 1724 2643 bona,
1782 2588 1839 2632 et
1887 2593 2048 2634 omne

462 2665 663 2720 donum
724 2666 1016 2735 perfectum
1081 2667 1363 2722 desursum
1420 2677 1502 2722 est
1536 2709 1552 2733 ,
1623 2669 1962 2725 descendens
2015 2684 2044 2724 a

460 2757 624 2812 Patre
657 2757 920 2812 luminum
945 2799 961 2825 ,
987 2758 1126 2827 apud
1151 2774 1313 2829 quem
1352 2774 1455 2813 non
1493 2768 1586 2814 est
1627 2761 2042 2827 transmutatio,

459 2863 637 2919 neque
667 2849 1039 2904 conversionis
1081 2849 1479 2918 obumbratio);
1521 2868 1540 2902 ι
1577 2858 1632 2905 et
1654 2852 1778 2919 quia
1806 2852 2042 2905 omnium

461 2956 653 2996 curam
694 2942 897 3006 habet,
952 2950 1008 2995 et
1049 2942 1300 2997 omnibus
1345 2942 1632 3012 prospicit,
1695 2958 1763 2997 ne
1797 2945 2044 3014 excepti-5

459 3033 679 3102 quidem
707 3034 954 3088 sontibus
991 3049 1006 3087 :
1043 3033 1247 3088 idcirco
1274 3033 1577 3088 sanctiﬁcat
1627 3033 1843 3102 quidem
1893 3034 2042 3102 ipse,

458 3133 514 3180 et
552 3125 835 3196 justiﬁcat,
863 3136 916 3180 et
948 3126 1277 3194 sapientiam
1327 3127 1455 3192 dat,
1508 3137 1562 3181 et
1598 3140 1760 3181 omne
1797 3126 2040 3183 caelestis

457 3217 675 3274 virtutis
701 3231 872 3286 genus
913 3219 1160 3286 przebet;
1215 3217 1390 3286 ipsum
1457 3227 1637 3272 autem
1705 3231 2042 3287 nequaquam

472 3307 632 3362 talem
666 3319 860 3362 natura
888 3308 992 3363 dici
1019 3323 1244 3376 usquam
1283 3307 1610 3373 invenimus,
1644 3317 1702 3362 ut
1736 3318 1827 3363 aut
1847 3309 2046 3364 sancti-

458 3399 612 3455 ﬁcari
658 3399 866 3468 possit,
931 3408 1025 3454 aut
1068 3398 1374 3467 iustiﬁcari,
1404 3409 1497 3454 aut
1533 3401 1748 3468 sapiens
1803 3399 1919 3453 ﬁeri
1974 3401 2042 3456 ab

455 3492 631 3547 altero
680 3490 864 3560 (sicut
915 3505 984 3544 ne
1025 3489 1148 3545 talis
1200 3490 1416 3558 quidem
1467 3499 1552 3544 est
1590 3500 1684 3544 aut
1715 3490 1805 3560 qui
1845 3505 1942 3559 per
1977 3505 2036 3545 se

455 3585 572 3651 ipse
597 3580 834 3645 exsistit,
863 3580 1040 3647 Pater,
1087 3590 1180 3635 aut
1226 3581 1319 3650 qui
1357 3581 1520 3636 simul
1565 3597 1687 3636 cum
1724 3598 1788 3638 eo
1821 3584 2036 3637 coexsi-

451 3674 569 3739 stit,
598 3673 717 3744 ejus
743 3671 934 3743 Filius)
969 3691 982 3726 :
1009 3672 1143 3726 adeo
1175 3682 1232 3727 ut
1273 3681 1417 3727 recte
1446 3673 1548 3727 hac
1580 3675 1744 3728 etiam
1774 3675 1838 3728 de
1873 3691 2033 3730 causa

455 3764 691 3834 Spiritus
725 3771 944 3818 sanctus
973 3774 1027 3818 et
1053 3779 1153 3834 per
1193 3779 1252 3819 se
1281 3773 1501 3819 sanctus
1541 3760 1774 3831 dicatu'r,
1809 3777 1865 3819 et
1909 3765 2034 3837 Spi-

453 3856 594 3912 ritus
638 3854 964 3922 sanctitatis,
1002 3855 1055 3910 id
1093 3862 1178 3910 est
1202 3892 1221 3921 ,
1255 3870 1321 3910 ex
1359 3867 1551 3910 natura
1600 3873 1720 3924 sua,
1770 3865 1825 3912 et
1866 3872 1930 3912 ex
1950 3873 2033 3913 se-

433 3946 575 4016 ipso
628 3955 886 4008 sanctus;
946 3955 1002 4000 et
1058 3943 1295 4014 Spiritus
1327 3946 1576 4014 divinus,
1623 3948 1676 4002 id
1704 3956 1808 4015 est,
1841 3958 2032 4004 natura
2077 4022 2079 4024 η

449 4036 637 4105 Deus;
668 4047 724 4092 et
760 4036 919 4092 ﬂatus
964 4034 1389 4108 Omnipotentis,
1433 4040 1486 4094 id
1509 4047 1615 4105 est,
1669 4043 2032 4096 consubstan-

452 4128 601 4184 tialis
623 4127 1018 4198 Omnipotenti,
1039 4137 1203 4199 atque
1222 4145 1288 4186 ex
1313 4132 1432 4201 ejus
1463 4131 1742 4201 hypostasi
1763 4134 2031 4201 spiratus:

449 4229 514 4276 ut
532 4219 620 4277 vel
656 4220 770 4276 haec
793 4220 906 4276 sola
943 4221 1313 4278 denominatio
1342 4223 1635 4289 ostendat,
1673 4239 1795 4279 eum
1823 4233 1874 4279 et
1903 4239 2035 4279 cou-

449 4312 862 4370 substantialem
905 4327 1027 4369 esse
1058 4313 1169 4371 Deo
1195 4314 1365 4380 Patri,
1419 4325 1475 4370 et
1515 4316 1888 4372 sanctiﬁcandi
1922 4318 2030 4372 vim

449 4406 671 4468 habere,
707 4420 769 4460 ac
793 4419 861 4460 ne
890 4406 1139 4459 oratione
1163 4405 1383 4476 quidem
1406 4445 1421 4468 ,
1455 4415 1549 4460 aut
1576 4408 1788 4462 ratione
1816 4422 1914 4462 nos
1947 4421 2035 4461 as-

448 4499 602 4569 sequi
633 4497 780 4552 illum
819 4512 998 4568 posse.
1056 4496 1324 4565 Quocirca
1358 4513 1457 4554 nos
1489 4499 1688 4555 Paulus
1728 4498 1818 4554 ille
1862 4506 1918 4554 et
1949 4498 2032 4553 fa-

447 4587 644 4643 cundia
676 4586 788 4659 (91)
822 4586 1028 4655 pollens
1049 4629 1064 4655 ,
1091 4597 1144 4642 et
1174 4588 1229 4642 in
1268 4590 1604 4658 exponendis
1629 4589 1754 4644 ﬁdei
1787 4589 2033 4646 formulis

450 4684 725 4744 strenuus,
755 4676 884 4745 quid
909 4679 1234 4733 credendum
1261 4680 1416 4736 nobis
1445 4688 1609 4744 esset,
1642 4679 1878 4747 edocuit,
1903 4680 2031 4734 dum

2151 2121 2251 2192 τὴν
2287 2119 2449 2189 φύσιν
2483 2117 2638 2186 άγίου
2671 2117 2806 2171 Θεοῦ
2829 2133 2842 2146 ·
2881 2117 3104 2190 δεκτικὴ
3137 2117 3247 2188 γὰρ
3275 2117 3368 2171 τοῦ
3408 2119 3737 2191 άγιασθῆναι

2150 2213 2245 2268 καὶ
2272 2210 2625 2282 δικαιωθῆναι
2652 2210 2931 2281 τυγχάνει,
2959 2211 3020 2264 οὐ
3046 2210 3378 2282 παρεκτική.
3408 2211 3482 2264 Τὸ
3511 2211 3554 2264 δ’
3585 2211 3738 2280 ἅγιον

2155 2303 2402 2375 Πνεῦμα,
2433 2300 2664 2372 ἐπείπερ
2711 2301 2960 2370 διέστηκε
3020 2303 3119 2372 μὲν
3178 2301 3276 2371 τῆς
3327 2301 3576 2366 κτίσεως,
3611 2319 3736 2354 συν-

2148 2393 2322 2464 ῆπται
2357 2391 2413 2444 δὲ
2451 2393 2518 2461 τῇ
2550 2389 2708 2458 φύσει
2740 2389 2954 2459 ἐκείνῳ,
2973 2389 3032 2454 ἐξ
3064 2382 3124 2443 οῦ
3159 2391 3558 2459 ὲκπεπόρευται
3588 2390 3738 2462 (περὶ

2148 2472 2210 2532 οῦ
2246 2479 2342 2532 καὶ
2389 2476 2950 2549 ἐμυσταγωγήθημεν,
2997 2478 3074 2541 ὼς
3112 2497 3130 2529 ι
3155 2479 3312 2532 Πᾶσα
3353 2479 3498 2541 δόσις
3533 2479 3733 2550 ἀγαθὴ,

2149 2571 2244 2626 καὶ
2283 2572 2392 2624 πᾶν
2433 2569 2666 2643 δώρημα
2713 2569 2918 2622 τέλειον
2962 2569 3169 2623 ἄνωθέν
3222 2571 3364 2633 ἐστι,
3409 2572 3733 2625 καταϐαῖνον

2148 2665 2213 2716 ἐκ
2253 2661 2348 2716 τοῦ
2394 2660 2605 2732 Πατρὸς
2652 2659 2760 2714 τῶν
2796 2659 3008 2730 φώτων,
3055 2662 3184 2732 παρ’
3224 2654 3268 2729 ᾧ
3299 2662 3399 2714 οὐκ
3433 2661 3547 2715 ἐστι
3586 2680 3730 2731 παρ-

2149 2755 2378 2826 αλλαγὴ,
2405 2754 2439 2825 ἢ
2470 2753 2679 2825 τροπῆς
2723 2752 3140 2824 ἀποσκίασμα»)
3163 2769 3175 2780 ·
3209 2755 3302 2807 καὶ
3332 2752 3562 2825 ἐπείπερ
3592 2754 3728 2807 πάν-

2147 2864 2254 2900 των
2283 2846 2528 2917 κήδεται,
2565 2847 2659 2897 καὶ
2692 2845 3059 2915 προμηθεῖται
3097 2845 3191 2898 καὶ
3217 2843 3396 2897 αὐτῶν
3422 2844 3532 2898 τῶν
3566 2845 3728 2899 ὑπαι-

2146 2940 2275 2992 τίων
2295 2955 2310 2969 ·
2338 2937 2554 3006 ἁγιάζει
2587 2937 2704 3008 μὲν,
2732 2936 2829 2989 καὶ
2849 2937 3065 3001 δικαιοῖ,
3103 2935 3196 2990 καὶ
3233 2935 3463 3004 σοφίζει,
3500 2935 3597 2989 καὶ
3624 2939 3732 2990 πᾶν

2146 3023 2285 3092 εἶδος
2327 3027 2415 3098 [71
2455 3025 2512 3098 ιι]
2566 3026 2892 3097 ἐπουρανίου
2943 3026 3141 3097 ἀρετῆς
3191 3025 3450 3096 παρέχειο
3483 3027 3618 3079 αὐτὸ
3676 3024 3730 3080 δέ

2145 3119 2398 3190 οὐδαμῶς
2430 3119 2745 3190 εὑρίσκεται
2794 3118 2916 3190 έχον
2974 3117 3386 3190 ἐπιτηδειότητα
3437 3118 3533 3171 τοῦ
3570 3120 3731 3188 ἁγιά-

2147 3211 2352 3277 ζεσθαι,
2381 3211 2414 3282 ἢ
2449 3209 2867 3281 δικαιοῦσθαι,ἢ
2895 3209 3212 3279 σοφίζεσθαι
3239 3209 3326 3278 ὑφ’
3351 3209 3543 3281 ἐτέρου
3569 3209 3732 3281 (καθὰ

2146 3304 2252 3358 οὐδ’
2283 3306 2312 3357 ὁ
2345 3304 2618 3374 αὐτοφυὴς
2641 3302 2853 3374 Πατὴρ,
2887 3303 2995 3356 οὐδ’
3024 3305 3052 3356 6
3083 3301 3325 3374 ὁμοφυὴς
3356 3301 3520 3356 αὑτοῦ
3547 3302 3692 3373 Υἱός)
3713 3319 3725 3330 ·

2146 3394 2222 3457 ὡς
2260 3394 2354 3447 καὶ
2389 3393 2478 3446 διὰ
2523 3391 2684 3446 τοῦτο
2715 3391 2892 3464 ὀρθῶς
2944 3391 3310 3464 εὐφημεῖσθαι
3357 3391 3646 3461 αὐτοάγιόν
3670 3407 3727 3447 τε

2145 3486 2240 3540 καὶ
2289 3484 2514 3556 Πνεῦμα
2563 3482 2894 3556 ἁγιωσύνης,
2948 3484 3072 3538 ἀντὶ
3125 3483 3245 3553 τοῦ,
3283 3483 3444 3554 φύσει
3495 3484 3591 3538 καὶ
3633 3483 3726 3553 ἀφ’

2137 3575 2331 3630 ἐαυτοῦ
2381 3576 2571 3646 ἆγιον·
2621 3576 2716 3630 καὶ
2771 3574 2998 3646 Πνεῦμα
3042 3575 3207 3640 θεῖον,
3261 3576 3381 3630 ἀντὶ
3417 3574 3532 3642 τοῦ,
3570 3573 3728 3644 φύσει

2136 3669 2270 3733 Θεός
2289 3685 2302 3698 ·
2336 3669 2432 3721 καὶ
2462 3667 2603 3740 πνοὴ
2635 3667 3106 3740 Παντοκράτορος,
3140 3667 3261 3721 ἀντὶ
3296 3667 3416 3734 τοῦ,
3448 3666 3727 3739 όμοούσιον

2136 3758 2230 3813 τοῦ
2257 3759 2703 3830 Παντοκράτορος
2728 3758 2992 3813 πνευσθέν
3024 3760 3089 3811 ἐκ
3122 3759 3220 3830 τῆς
3250 3759 3604 3823 ὑποστάσεως
3632 3760 3728 3812 αὺ-

2133 3852 2258 3905 τοῦο
2288 3852 2428 3906 ὥστε
2467 3852 2560 3906 καὶ
2589 3851 2757 3922 μόνην
2793 3851 2922 3922 μίαν
2965 3851 3224 3914 τοιαύτην
3275 3853 3575 3922 ὀνομασίαν
3614 3851 3725 3905 δει-

2135 3944 2329 3997 κνύναι
2357 3943 2489 3997 αὐτὸ
2511 3942 2796 4013 όμοούσιόν
2823 3959 2883 3995 τε
2913 3943 2993 4013 τῷ
3024 3942 3142 4014 Θεῷ
3159 3943 3336 4014 Πατρὶ
3355 3943 3449 3996 καὶ
3475 3943 3725 4011 άγιαστι-

2135 4025 2260 4100 κὸν,
2292 4034 2387 4088 καὶ
2419 4034 2555 4106 μηδὲ
2587 4033 2730 4105 λόγῳ
2774 4033 3096 4105 χωρεῖσθαι.
3125 4032 3416 4105 Τοιγάρτοι
3447 4035 3475 4085 6
3501 4032 3723 4096 δυνατὸς

2133 4128 2309 4180 εἰπεῖν
2337 4143 2396 4180 τε
2430 4127 2526 4179 καὶ
2553 4125 2758 4190 τύπους
2782 4126 3040 4180 ἐκθέσθαι
3085 4126 3321 4190 πίστεως
3358 4125 3570 4189 Παῦλος
3617 4126 3724 4178 εισ-

2133 4220 2400 4292 ηγήσατο,
2428 4218 2765 4291 προθέμενος
2795 4219 2911 4291 ἅμα
2945 4221 3042 4291 μὲν
3073 4219 3230 4274 τοῦτο
3256 4220 3319 4274 τὸ
3355 4221 3668 4291 κεφάλαιον,
3693 4219 3722 4272 6

2133 4312 2250 4366 νυνὶ
2289 4312 2567 4383 μέτειμεν,
2607 4313 2722 4384 ἅμα
2763 4312 2819 4366 δὲ
2845 4313 2939 4367 καὶ
2983 4313 3090 4366 τῶν
3135 4311 3577 4384 μεγαλοδωρεῶν,
3627 4311 3723 4364 καὶ

2131 4404 2232 4477 τῆς
2276 4405 2335 4456 ἐν
2375 4403 2455 4474 τῷ
2501 4403 2841 4477 βαπτίσματι
2879 4406 3292 4477 άναγεννήσεως
3337 4405 3398 4457 τὸ
3446 4402 3583 4474 πρὸς
3629 4402 3724 4455 τὸν

2133 4475 2266 4551 Θεὸν
2303 4497 2524 4569 Πατέρα
2567 4475 2836 4552 ἐπίκοινον
2883 4497 2977 4552 τοῦ
3023 4475 3183 4568 ἁγίου
3247 4496 3562 4567 Πνεῦμα-τος
3585 4511 3600 4526 °
3640 4494 3720 4548 ἔτι

2132 4589 2188 4643 δέ
2213 4590 2308 4644 καὶ
2337 4591 2420 4643 ὅτι
2456 4589 2518 4643 τὸ
2565 4609 2582 4640 ι
2603 4591 2633 4641 6
2662 4590 2795 4655 Θεὸς
2820 4611 2836 4642 ι
2867 4591 3058 4662 ὄνομα,
3095 4590 3154 4644 ἓν
3183 4607 3242 4642 τε
3271 4589 3367 4643 καὶ
3418 4588 3548 4651 ἴσως
3604 4588 3722 4639 ἐστί

2133 4679 2452 4752 τῇὝριὰδι·
2490 4681 2585 4735 καὶ
2621 4681 2958 4753 ἰσοδυνὰμως
2986 4682 3072 4735 ἀεὶ
3112 4683 3325 4752 ἐνεργεῖ
3351 4679 3667 4752 ἐπικληθεὶς
3692 4678 3720 4730 6

453 4767 617 4839 159
639 4767 799 4825 simul
833 4776 891 4822 et
923 4770 1216 4840 capitulum
1247 4771 1444 4838 hocce,
1487 4771 1627 4840 quod
1664 4784 1807 4825 nunc
1839 4785 2035 4840 expen-

2145 4790 2196 4825 τε
2220 4772 2351 4836 Θεὸς
2376 4772 2589 4844 Πατὴρ,
2621 4772 2649 4826 6
2687 4789 2748 4826 τε
2775 4772 2908 4837 Θεὸς
2940 4773 3087 4838 Υἱὸς,
3129 4774 3158 4826 6
3190 4791 3249 4826 τε
3283 4773 3415 4836 Θεὸς
3453 4770 3678 4842 Πνεῦμα
3701 4787 3714 4802 ·

449 4947 663 5023 diverso
718 4961 878 5023 sensu
939 4951 1013 5023 ait
1054 4969 1068 5005 :
1110 4950 1214 5003 Τὸν
1283 4950 1409 5023 βοῦν
1481 4950 1539 5005 δὲ
1597 4950 1897 5023 *ἐπιτίθημι
1964 4954 2030 5023 τῇ

444 5015 683 5091 γλώττῃ,
723 5020 774 5074 id
795 5028 880 5073 est
920 5037 939 5070 ι
966 5019 1164 5075 Bovem
1198 5015 1329 5076 vero
1360 5022 1554 5091 linguae
1578 5015 2033 5094 deinceps'impu:

445 5103 635 5162 nam.)
677 5103 888 5162 nempe,
919 5105 1113 5162 arcana
1142 5105 1245 5144 nou
1279 5103 1536 5162 relegam.

517 5156 628 5226 (87)
683 5156 871 5232 Quoad
913 5161 1173 5232 virtutem.
1227 5162 1284 5215 In
1329 5156 1540 5224 Gr'aaco,
1597 5161 1804 5232 ἀρετῆς
1854 5163 2026 5226 ἐντός.

445 5225 554 5299 [se
586 5230 881 5291 contrario,
916 5230 1005 5298 qui
1035 5231 1230 5285 nullius
1254 5233 1462 5299 peccati
1487 5245 1608 5285 reus
1640 5225 1734 5290 sit.
1761 5225 1965 5286 dicitur
1989 5225 2027 5287 7a

445 5295 694 5380 Didy'm'o,
728 5295 1141 5380 ἁμαρτημάτων
1195 5295 1352 5366 ἐκτὸς
1378 5301 1474 5368 ὢν,
1512 5316 1640 5372 pag.
1673 5301 1774 5357 149
1812 5303 2028 5358 Catena:

444 5368 502 5421 in
550 5365 747 5420 Jobum
771 5365 1088 5424 Nicetiana.

512 5436 630 5513 (88)
661 5437 929 5513 _Rgprobi.
993 5438 1273 5513 Notandus
1341 5442 1432 5496 hic
1479 5441 1668 5513 locus,
1731 5453 2025 5513 pr0pterea

444 5507 586 5574 quod
626 5508 674 5561 ei
730 5507 928 5582 faveat,
954 5510 1060 5582 _qui
1098 5513 1526 5566 commentitium
1572 5507 2021 5582 Origehianorum

2139 4952 2222 5024 Ain
2272 4951 2574 5024 inducenda
2621 4953 2809 5008 vocula
2883 4955 2998 5019 καί,
3057 4964 3118 5009 ιιι
3169 4953 3539 5024 supervacua?
3589 4952 3712 5014 Pro,

2136 5023 2289 5089 τότε,
2345 5039 2475 5078 sane
2524 5022 2804 5093 legendum
2855 5025 2916 5078 τό
2970 5043 3050 5079 τε.
3092 5022 3430 5088 Illud—vero,
3484 5024 3715 5092 συνάγε-

2135 5109 2257 5159 ται,
2293 5095 2482 5148 eodem
2527 5109 2686 5149 sensu
2721 5095 3018 5150 adhibitum
3059 5097 3301 5150 invenies
3349 5095 3402 5149 in
3437 5094 3717 5149 Clemente

2131 5164 2528 5218 Alexandrino.

2207 5233 2319 5302 (90)
2363 5231 2565 5288 Omnis.
2622 5232 2677 5286 In
2734 5232 2904 5302 Epist.
2963 5233 3078 5290 Jac.
3125 5235 3282 5299 1,17.
3318 5233 3507 5289 Grazca
3550 5234 3714 5288 editio

2129 5303 2315 5376 habet,
2355 5304 2464 5357 ἀπὸ
2492 5302 2585 5376 τοῦ
2621 5303 2854 5376 Πατρός,
2881 5320 3001 5375 pro,
3032 5307 3094 5358 ἐκ
3125 5305 3218 5358 τοῦ
3245 5304 3489 5376 Πατρός·
3529 5313 3711 5374 atque,

2128 5375 2228 5427 οὐκ
2254 5373 2356 5439 ενι,
2389 5389 2504 5439 pro,
2530 5375 2631 5427 οὐκ
2652 5373 2788 5429 ἐστι.

2201 5443 2315 5514 (91)
2365 5443 2664 5498 Facundia.
2699 5445 2751 5498 In
2784 5444 2969 5499 codice
3011 5439 3164 5498 εἶπέν
3191 5461 3282 5498 τεο
3314 5459 3477 5514 quam
3520 5443 3712 5499 lectio-

2129 5529 2252 5568 nem
2276 5515 2589 5584 mendosam
2615 5529 2735 5568 esse
2767 5529 2872 5568 non
2905 5515 3087 5570 dubito
3117 5535 3128 5569 :
3162 5517 3347 5584 itaque
3373 5515 3510 5584 lego,
3537 5515 3713 5568 εἰπεῖν

445 5586 684 5694 s¥stema
716 5579 782 5632 de
817 5578 1020 5646 angelis
1048 5582 1309 5649 reprohis,
1357 5583 1469 5638 sive
1511 5578 1789 5651 apostatis,
1840 5583 2024 5652 probis
2125 5599 2204 5636 τε.
2260 5583 2400 5650 Quin
2451 5593 2560 5637 tota
2605 5584 2722 5638 hazc
2761 5587 3025 5640 sententia
3075 5587 3208 5640 adeo
3242 5578 3502 5655 perplexa
3537 5594 3621 5638 est
3658 5585 3713 5636 in

446 5657 476 5694 a
501 5647 734 5696 tauando
757 5649 1027 5696 evasuris.
1055 5665 1082 5696 a
1127 5652 1351 5696 Didva
1377 5655 1688 5696 adnnmlnm
1718 5668 1822 5696 mm
1855 5652 2024 5696 fuisse
2126 5651 2316 5696 Crmnn
2345 5693 2357 5696 -
2435 5663 2494 5696 ιιι
2572 5668 2762 5696 var-pm
2837 5655 3070 5696 alimmm
3143 5655 3365 5696 lihm’rin
3446 5654 3713 5696 ρτρίάίςςει

519 5647 734 5722 quando
757 5649 1027 5722 evaseris.
1055 5665 1085 5704 a
1111 5647 1351 5719 ‘Didymo
1377 5647 1688 5722 ad0ptatum
1718 5668 1822 5709 non
1841 5647 2024 5708 ’Ῑυιεεε

447 5716 817 5789 contenderet.
845 5716 977 5789 Vide
1003 5722 1166 5789 etiam
1192 5716 1360 5789 segni.
1389 5722 1458 5776 72
1485 5716 1547 5777 ἀ.

517 5781 626 5851 (89)
678 5784 978 5855 Colligitur.
1031 5788 1088 5845 ln
1145 5781 1352 5854 codice,
1400 5795 1687 5862 συνάγεται
1738 5793 1833 5848 καὶ
1877 5791 2016 5846 τότε.

2126 5651 2316 5735 Graeco
2344 5693 2359 5718 ,

2125 5739 2389 5795 suspicer.

2435 5663 2495 5710 ut
2572 5668 2762 5712 vocem
2837 5655 3072 5726 aliquam
3140 5654 3365 5711 libra'rio
3446 5654 3714 5710 excidisse
