4082 6404
383 371 490 426 525
1455 367 1543 422 DE
1579 363 1956 422 TBINITATE
1994 363 2201 419 LIBER
2238 363 2628 422 SECUNDUS.
3547 369 3658 425 5'26

385 489 708 560 Κορινθίοις
728 491 954 561 γράφων
981 489 1307 560 δημηγορεῖ·
1343 507 1360 538 ι
1395 486 1556 541 Ἀλλὰ
1583 483 1980 549 ἀπελούσασθε,

2093 482 2300 549 dimus,
2331 483 2636 554 proposuit,
2672 492 2726 536 et
2761 483 3048 553 magniﬁca
3075 485 3237 552 dona,
3272 500 3336 541 ac
3376 500 3666 557 regenera-

390 581 531 636 ἀλλὰ
581 582 962 653 ἐδικαιώθητε,
1006 581 1145 635 ἀλλὰ
1187 580 1488 652 ἡγιάσθητε
1525 583 1583 634 ἐν
1625 580 1704 650 τῷ
1752 581 1977 652 ὀνόματι

2093 573 2322 642 tionem,
2347 589 2512 644 quam
2546 576 2598 628 in
2628 574 2896 642 baptismo
2943 576 3329 645 consequimur
3355 617 3372 642 ,
3421 592 3574 647 aeque
3606 584 3666 633 et

392 672 488 726 τοῦ
518 673 732 744 Κυρίου
772 671 931 744 ἡμῶν
975 671 1148 744 Ἰησοῦ
1188 672 1450 743 Χριστοῦ,
1482 672 1576 724 καὶ
1605 673 1662 724 ἐν
1690 671 1770 741 τῷ
1810 671 1981 725 Ilvati-

2093 665 2457 721 communiter
2483 680 2514 719 a
2543 666 2651 720 Deo
2677 664 2839 720 Patre
2863 707 2880 732 ,
2936 680 3001 721 ac
3046 664 3253 736 Spiritu
3297 677 3487 722 sancto
3518 681 3665 734 esse,

401 783 528 836 ματι
557 765 652 819 τοῦ
688 765 826 818 Θεοῦ
854 764 1029 836 ἡμῶν.
1061 784 1079 817 ι
1125 765 1216 818 Διδ
1249 767 1297 818 οἱ
1343 763 1726 828 κοινωνοῦντες
1751 764 1920 836 αὐτῷ,
1952 766 1980 819 ὃ

2093 765 2138 812 et
2166 765 2427 826 praeterea
2465 773 2663 812 nomen
2697 759 2798 812 hoc
2830 775 2848 808 ι
2888 759 3030 812 Deus
3058 778 3078 810 ι
3115 760 3168 812 in
3197 758 3464 814 Triuitate
3497 776 3662 814 unum

398 859 546 912 ἐστιν
579 861 628 912 οἱ
666 858 972 929 ἀξιούμενοι
1011 856 1332 926 άγιάζεσθαι
1388 858 1479 910 ὑπ’
1513 855 1700 920 αὐτοῦ,
1752 857 1848 910 καὶ
1896 857 1978 910 δι-

2093 850 2384 916 exsistere,
2413 860 2468 907 et
2497 852 2672 907 tribus
2699 852 2980 922 aequaliter
2999 853 3288 909 convenire
3307 896 3322 920 ,
3352 863 3405 909 et
3447 854 3665 908 invoca-

401 948 710 1014 καιοῦσθαι,
771 951 866 1002 καὶ
917 947 1255 1019 σοφίζεσθαι,
1307 947 1574 1020 εἴρηνται,
1617 950 1695 1013 ὡς
1749 951 1777 1003 6
1819 951 1980 1015 αὐτὸς

2093 951 2205 997 tum
2236 957 2267 997 a
2303 943 2464 998 nobis
2515 959 2638 998 cum
2672 942 2838 998 Deum
2863 943 3116 1009 Patrem,
3172 953 3285 1000 tum
3348 945 3516 1000 Deum
3575 943 3666 998 Fi-

404 1041 698 1104 ἀπόστολος
738 1040 1021 1111 Ἐϐραίους
1046 1039 1326 1106 διδάσκει,
1366 1058 1385 1090 ι
1418 1039 1634 1111 μέτοχοι
1663 1039 1978 1112 Πνεύματος

2093 1033 2258 1102 lium,
2315 1045 2428 1090 tum
2487 1036 2658 1090 Deum
2715 1036 2977 1107 Spiritttm
3035 1039 3240 1107 aequali
3293 1051 3508 1107 semper
3566 1051 3666 1105 po-

407 1134 581 1201 ἁγίου.
607 1151 626 1185 ι
664 1134 774 1188 Καὶ
817 1133 1082 1202 Ἐφεσίοις
1107 1132 1163 1186 δὲ
1209 1132 1444 1202 γράφει·
1489 1150 1505 1182 ι
1545 1134 1633 1186 Ἐν
1671 1126 1716 1200 ᾧ
1753 1133 1848 1187 καὶ
1892 1150 1980 1186 πι-

2093 1135 2283 1183 testate
2308 1127 2526 1196 Operari
2579 1129 2816 1183 ostendit
2854 1147 2867 1182 :
2912 1143 3037 1184 nam
3080 1129 3382 1185 Corinthiis
3424 1128 3667 1184 scribens

411 1224 724 1290 στεύσαντες
771 1224 1170 1297 ἐσφραγίσθητε
1193 1225 1270 1296 τῷ
1299 1224 1578 1296 Πνεύματι
1610 1225 1709 1296 τῆς
1744 1228 1982 1295 ἐπαγγε-

408 1319 524 1384 λίας
567 1319 643 1390 τῷ
688 1320 846 1390 ἁγίῳ.
874 1339 893 1372 ι
939 1319 1108 1390 Δῆλον
1136 1319 1267 1392 γὰρ,
1313 1321 1389 1383 ὼς
1439 1321 1488 1373 οἱ
1535 1319 1978 1393 σφραγιζόμενοι,

406 1411 546 1466 τοῦτ’
594 1411 740 1465 ἐστιν
776 1412 1148 1483 ἁγιαζόμενοι,
1199 1411 1538 1482 μετέχουσιν,
1588 1413 1703 1466 ἀλλ’
1756 1413 1816 1466 οὐ
1852 1429 1981 1483 μετ-

403 1505 637 1574 έχονται.
678 1503 788 1556 Καὶ
829 1502 937 1576 γὰρ
969 1504 1018 1556 εἰ
1052 1502 1260 1573 κτίσμα
1299 1502 1595 1573 ἐτύγχανεν
1634 1502 1693 1556 ὃν
1734 1503 1797 1556 τὸ
1827 1504 1982 1571 ἅγιον

404 1594 644 1665 Πνεῦμα,
681 1593 714 1665 ἢ
761 1595 789 1646 6
829 1593 988 1657 Υἱός·
1016 1592 1116 1646 ποῦ
1160 1589 1229 1664 ἦν
1269 1593 1428 1666 χρεία
1465 1595 1526 1647 τὺ
1571 1595 1776 1665 κτίσμα
1806 1593 1892 1667 [71
1927 1594 1978 1666 b]

401 1687 668 1756 ἀγιάζειν,
702 1687 798 1741 καὶ
827 1689 1002 1740 ποιεῖν
1033 1687 1132 1758 τὴν
1162 1686 1465 1758 πλήρωσιν,
1499 1688 1677 1741 καίτοι
1717 1687 1810 1741 τοῦ
1844 1688 1978 1741 Θεοῦ

401 1778 615 1850 Πατρὸς
640 1778 1002 1850 ἀποχρώντως
1030 1780 1356 1850 ἡγιακότος;
1402 1779 1471 1834 O't'
1519 1783 1571 1849 γ’
1606 1776 1698 1833 οῦν
1748 1781 1978 1845 κτιστοὶ,

401 1871 658 1924 ἀκτίστου
686 1871 746 1925 τὸ
776 1871 984 1943 χρίσμα
1009 1871 1170 1925 τοῦτο
1201 1872 1424 1936 εἰδότες,
1461 1874 1563 1927 οὐκ
1600 1872 1811 1927 οἴκοθεν
1853 1891 1986 1946 παρ-

2093 1860 2250 1917 docet
2266 1862 2512 1934 (95).Αά
2551 1863 2812 1931 Ephesids
2872 1873 3053 1919 autem
3091 1863 3283 1918 scribit
3335 1881 3349 1918 :

403 1964 596 2034 έχομεν
627 1965 717 2019 τὸν
742 1964 1034 2036 ἁγιασμόν,
1079 1964 1216 2019 ἀλλὰ
1265 1965 1474 2038 φαμέν·
1519 1968 1576 2020 '0
1604 1966 1736 2031 Θεὸς
1762 1967 1985 2036 ἁγιάσαι

405 2072 485 2109 σε.
525 2056 634 2109 Καὶ
674 2056 810 2129 πρὸς
849 2057 1035 2129 ἕτερον
1066 2057 1125 2112 δὲ
1165 2057 1427 2128 ὁμόλογον
1457 2058 1554 2113 καὶ
1596 2059 1855 2132 κραταιὸν
1886 2058 1984 2129 βα-

401 2146 616 2219 διοῦμαι
663 2147 956 2219 δικαίωμα,
1005 2149 1125 2222 μεθ’
1174 2149 1202 2202 ὃ
1240 2151 1360 2204 οὐδὲ
1396 2154 1512 2215 τοῖς
1556 2151 1985 2223 μεμελετηκόσιν

403 2239 774 2308 ἀναισχυντεῖν
824 2240 1044 2307 ἐξέσται
1087 2239 1248 2295 τοῦτο
1293 2245 1491 2296 ποιεῖν.
1550 2242 1608 2296 ’0
1645 2243 1740 2298 τοῦ
1783 2244 1986 2308 παντὸς

405 2329 699 2400 Δεσπότης,
743 2331 872 2402 περὶ
911 2332 1013 2401 μὲν
1059 2331 1153 2385 τοῦ
1209 2330 1344 2386 Θεοῦ
1394 2334 1611 2406 Πατρός
1652 2335 1746 2389 καὶ
1790 2336 1985 2390 ἐαυτοῦ

402 2419 818 2490 άπολελυμένως
863 2419 1290 2492 διαταξάμενος·
1340 2423 1741 2490 «Βαπτίζοντες
1791 2427 1988 2491 αὐτοὺς

404 2513 484 2587 εἰς
512 2513 574 2565 τὸ
602 2506 772 2584 ὄνομα
805 2512 900 2567 τοῦ
940 2515 1176 2587 Πατρὺς,
1208 2517 1305 2570 καὶ
1334 2516 1426 2570 τοῦ
1455 2517 1640 2583 Υίοῦ,›
1671 2520 1769 2591 οὐχ
1799 2521 1988 2585 ἁπλῶς

402 2604 670 2674 ἐπήγαγε,
709 2606 842 2659 ικαὶ
869 2606 964 2660 τοῦ
1011 2607 1352 2680 Πνεύματος,
1396 2628 1414 2660 ι
1473 2609 1611 2665 ἀλλὰ
1654 2613 1984 2685 προσέθηκε,

404 2693 540 2746 (τοῦ
584 2696 763 2764 ἁγίου.
793 2715 812 2747 ι
859 2698 1022 2751 Ὥστε
1056 2701 1336 2770 μονονουχὶ
1377 2701 1797 2778 ὐιποϐεόηκότως
1822 2706 1987 2760 αὐτοῦ

403 2787 502 2840 οὐκ
531 2789 798 2861 ἐμνήσθη,
836 2789 972 2844 ἀλλὰ
1001 2793 1094 2845 καὶ
1138 2793 1579 2866 άναὸεϐηκότως,
1606 2796 1695 2852 διὰ
1727 2796 1787 2851 τὺ
1813 2799 1989 2853 ἐκεῖνο

404 2871 542 2932 εἶναι
580 2881 645 2951 τῇ
696 2879 876 2950 φύσει,
926 2883 954 2936 ὅ
996 2886 1133 2938 εἰσιν
1180 2887 1234 2938 αἱ
1287 2885 1594 2952 αὐτοτελεῖς
1637 2889 1985 2958 ὑποστάσεις,

402 2968 468 3033 ἃς
498 2971 738 3042 ἐσήμανε
791 2973 851 3027 τὸ
890 2973 947 3027 ἓν
985 2975 1172 3046 ὄνομα,
1245 2971 1290 3046 ᾧ
1339 2981 1431 3033 καὶ
1470 2981 1602 3035 αὐτὸ
1658 2982 1719 3036 τὸ
1763 2983 1988 3054 Πνεῦμα

407 3066 962 3138 συμπροσηγορεύθη⁸
1013 3071 1109 3123 καὶ
1154 3073 1517 3145 παραλλήλως
1564 3075 1653 3129 διὰ
1702 3077 1765 3130 τὸ
1812 3079 1989 3132 ἐκεῖνο

407 3155 732 3212 καθεστάναι
766 3159 827 3212 τὸ
869 3159 1023 3228 ἅγιον
1069 3161 1318 3234 Πνεῦμα,
1369 3165 1397 3217 ὅ
1440 3167 1556 3218 ἐστι
1594 3170 1660 3237 τῇ
1710 3167 1928 3240 θεότητι
1961 3171 1990 3223 6

409 3246 592 3318 Πατὴρ
622 3249 714 3301 καὶ
753 3251 781 3300 6
825 3250 952 3314 Υἱὸς
991 3252 1186 3306 αὐτοῦ·
1232 3248 1314 3318 οἷς
1361 3257 1858 3329 συνεμνημονεύθη,
1891 3259 1987 3322 ὼς.

405 3335 467 3388 τὸ
506 3335 566 3406 δὴ
611 3336 921 3408 λεγόμενον,
979 3339 1094 3393 ἐστι
1141 3341 1408 3413 πρόδηλον
1443 3344 1536 3396 καὶ
1583 3342 1786 3414 τυφλῷ.
1830 3343 1991 3399 Ἀλλὰ

404 3424 559 3478 τοῦτο
587 3427 684 3498 μὲν
725 3427 968 3493 πλείονος
1011 3430 1194 3501 ἔχεται
1224 3432 1531 3500 θεολογίας·
1570 3433 1656 3487 ἵνα
1697 3433 1756 3488 δὲ
1793 3435 1991 3506 ῥᾳδίως

405 3517 724 3589 πιστεύηται
757 3517 1010 3591 θεότητος
1039 3520 1207 3592 μόνης
1232 3521 1360 3575 ἴδιον
1392 3523 1658 3594 ὑπάρχειν
1702 3524 1763 3577 τὸ
1804 3524 1988 3578 καλεῖ-

407 3607 555 3673 σθαι,
584 3610 677 3662 καὶ
710 3604 851 3663 εἶναι
881 3612 1040 3680 φύσει
1067 3613 1221 3681 ἆγιόν
1247 3631 1330 3678 τε,
1355 3613 1564 3668 δίκαιον
1589 3632 1669 3679 τε,
1688 3614 1770 3668 ἔτι
1797 3615 1904 3688 μὴν
1931 3617 1992 3670 τδ

407 3697 671 3767 ἁγιάζειν,
717 3703 811 3755 καὶ
852 3701 1096 3757 δικαιοῦν
1138 3705 1206 3759 τὰ
1247 3706 1423 3758 οίκεῖα
1472 3707 1782 3778 κτίσματα·
1829 3710 1991 3780 ὃμοια

406 3793 693 3865 ὑμνημένα
731 3795 893 3859 εἰσὶν,
926 3796 1055 3866 περὶ
1085 3796 1183 3866 μὲν
1211 3796 1306 3850 τοῦ
1337 3799 1572 3870 Πατρός,
1598 3799 1674 3864 ὡς
1700 3801 1864 3871 ἡνίκα
1889 3802 1989 3854 αὺ-

402 3886 493 3949 τὸς
543 3887 572 3938 6
615 3887 742 3949 Υἱὸς
779 3887 930 3959 παρὰ
969 3889 1191 3961 Ἰωάννῃ
1225 3889 1392 3963 λέγῃ·
1430 3910 1448 3941 ι
1478 3892 1661 3964 Πάτερ
1705 3893 1849 3962 ἆγιε,
1889 3896 1989 3965 τὴ..

403 3995 571 4048 ρησον
627 3981 824 4044 αὐτοὺς
886 3983 944 4034 ἐν
991 3980 1068 4052 τῷ
1130 3981 1354 4053 ὀνόματί
1413 4000 1591 4037 σουί
1650 3985 1746 4038 καὶ
1789 3986 1986 4040 πάλιν·

407 4090 429 4124 ι
463 4072 714 4140 Ἀγίασον
747 4074 942 4138 αὐτοὺς
971 4075 1029 4128 ἐν
1063 4079 1128 4148 τῇ
1157 4075 1388 4148 ἀληθείᾳ
1415 4095 1507 4130 σου
1526 4096 1539 4109 ·
1569 4079 1597 4131 6
1632 4078 1804 4148 Λόγος
1825 4081 1854 4131 ό
1878 4080 1989 4146 σὸς,

403 4165 633 4236 ἀλήθειά
670 4169 839 4221 ἐστι’»
873 4171 968 4223 καὶ
1011 4167 1195 4235 αὖθις·
1231 4171 1454 4243 «Πάτερ
1495 4171 1738 4227 δίκαιε.»
1781 4172 1891 4226 Καὶ
1915 4173 1991 4237 ώς

404 4258 535 4313 ἂαν
566 4261 1000 4332 προφητεύωσιν,
1041 4263 1299 4335 Ἰεζεκιὴλ
1331 4263 1460 4334 μέν·
1495 4283 1512 4315 ι
1540 4265 1650 4317 Καὶ
1675 4263 1988 4333 γνώτωσαν,

403 4349 487 4404 ὅτι
518 4352 630 4418 ἐγὼ
659 4352 860 4424 Κύριος
904 4357 931 4408 ὁ
982 4355 1222 4423 ἁγιάζων
1269 4357 1467 4420 αὐτούς
1488 4371 1501 4386 ·
1531 4378 1549 4409 ι
1596 4356 1759 4411 Δαυῒδ
1788 4357 1844 4411 δὲ
1875 4360 1932 4410 ἐν
1963 4365 1991 4410 ι’

403 4443 634 4516 ψαλμῷ·
689 4448 943 4512 (Δίκαιος
993 4451 1221 4521 Κύριος,
1277 4451 1370 4504 καὶ
1404 4450 1498 4521 [72
1539 4450 1595 4523 α]
1641 4452 1990 4523 δικαιοσύνην

2088 1218 2170 1274 ita
2223 1220 2577 1275 concionatur
2634 1242 2644 1275 :
2704 1238 2725 1272 ι
2783 1219 2890 1277 Sed
2953 1222 3069 1294 (92)
3117 1224 3287 1280 abluti
3359 1223 3514 1289 estis,
3565 1224 3661 1278 sed

2084 1310 2367 1382 justiﬁcati
2419 1313 2572 1378 estis,
2633 1316 2725 1369 sed
2783 1315 3108 1372 sanctiﬁcati
3163 1316 3294 1372 estis
3349 1316 3402 1370 in
3443 1315 3662 1370 nomine

2087 1403 2302 1460 Domini
2337 1405 2507 1460 nostri
2538 1404 2667 1461 Jesu
2699 1405 2924 1474 Christi,
2964 1416 3020 1464 et
3078 1408 3132 1462 in
3181 1408 3384 1479 Spiritu
3423 1406 3519 1462 Dei
3558 1422 3659 1461 no-

2088 1497 2210 1552 stri.
2242 1517 2263 1550 ›
2297 1496 2589 1567 Propterea
2647 1500 2737 1568 qui
2770 1500 2819 1554 ei
2873 1500 3294 1565 communicant,
3343 1499 3398 1555 id
3425 1508 3542 1563 est,
3575 1501 3666 1569 qui

2088 1589 2232 1660 digni
2267 1589 2394 1646 facti
2417 1600 2544 1645 sunt
2576 1599 2636 1646 ut
2667 1593 2735 1646 ab
2777 1607 2842 1646 eo
2894 1592 3324 1658 sanctiﬁcentur,
3367 1602 3421 1646 et
3472 1591 3671 1662 justifi-

2088 1688 2299 1747 centur,
2334 1691 2389 1737 et
2419 1684 2693 1752 sapientes
2716 1684 3086 1747 reddantur,ii
3126 1702 3144 1735 ι
3178 1683 3474 1754 participes
3494 1681 3668 1752 Spiri-

2091 1779 2178 1824 tus
2222 1772 2396 1826 sancti
2433 1790 2454 1823 ›
2486 1772 2764 1837 dicuntur,
2826 1781 2885 1826 ut
2914 1773 3056 1828 idem
3091 1773 3381 1842 Apostolus
3417 1771 3671 1826 Hebraeos

3405 1882 3424 1915 ι
3460 1861 3516 1916 1η
3562 1877 3670 1932 quo

2091 1955 2208 2026 (94)
2255 1963 2312 2010 et
2341 1955 2626 2010 credentes
2659 1955 2855 2026 signati
2898 1955 3030 2012 estis
3059 1955 3264 2025 Spiritu
3299 1954 3670 2025 promissionis

2090 2057 2305 2102 sancto.
2347 2067 2366 2099 ι
2410 2045 2545 2101 Nam
2582 2049 2925 2117 perspicuum
2959 2057 3040 2102 est
3067 2087 3083 2112 ,
3113 2062 3210 2102 eos
3241 2047 3333 2117 qui
3366 2047 3666 2115 signantur,

2089 2141 2141 2196 id
2172 2149 2280 2206 est,
2312 2139 2744 2208 sanctiﬁcantur,
2779 2140 3128 2212 participare,
3173 2141 3268 2196 sed
3310 2156 3414 2196 non
3450 2139 3672 2210 partici-

2087 2232 2226 2303 pari.
2269 2233 2332 2288 Si
2379 2234 2526 2288 enim
2562 2241 2812 2288 creatura
2855 2242 2998 2289 esset
3043 2233 3281 2304 Spiritus
3328 2245 3547 2288 sanctus
3577 2242 3671 2286 aut

2088 2323 2279 2391 Filius,
2316 2325 2576 2394 quidnam
2599 2338 2826 2379 necesse
2859 2323 3016 2389 foret,
3050 2332 3336 2396 postquam
3387 2323 3550 2378 Pater
3583 2339 3674 2380 sa-

2093 2415 2164 2470 tis
2191 2414 2514 2484 abundeque
2557 2414 2952 2480 sanctilicavit,
2994 2423 3055 2469 ut
3104 2414 3154 2470 is
3180 2414 3370 2480 etiam,
3401 2414 3494 2483 qui
3525 2428 3676 2468 crea-

2087 2514 2209 2561 tura
2254 2515 2401 2561 esset
2455 2506 2846 2572 sanctiﬁcaret,
2910 2521 2976 2563 ac
3013 2506 3179 2561 veluti
3228 2505 3525 2576 supplendo
3583 2520 3678 2560 ex-

2087 2600 2302 2672 pleret?
2355 2599 2544 2670 Itaque
2571 2614 2693 2655 cum
2716 2600 2955 2656 chrisma
2987 2600 3150 2665 istud,
3183 2600 3297 2655 sive
3325 2600 3632 2656 unctionem
3652 2641 3670 2666 ,

2089 2692 2236 2748 illius
2270 2707 2393 2750 esse
2427 2693 2764 2760 noverimus,
2825 2692 2918 2762 qui
2976 2679 3250 2749 i'ncreatns
3287 2702 3391 2759 est,
3451 2706 3552 2746 nos
3588 2701 3676 2746 ut-

2088 2796 2214 2858 pote
2265 2793 2530 2842 creaturaa
2559 2800 2667 2841 non
2713 2785 2780 2841 de
2833 2793 3018 2840 nostro
3051 2784 3541 2840 sanctiﬁcationem
3579 2785 3676 2837 da-

2094 2895 2239 2944 mus,
2299 2879 2394 2936 sed
2447 2879 2681 2935 dicimus
2729 2897 2744 2934 :
2802 2877 2948 2934 Deus
3001 2888 3054 2933 te
3097 2877 3427 2932 sanctiﬁcet.
3465 2876 3673 2931 Trans-

2093 2988 2159 3029 eo
2212 2987 2358 3028 nunc
2404 2973 2470 3027 ad
2510 2972 2690 3027 simile
2724 2971 2909 3035 aliud,
2971 2971 3137 3042 idque
3180 2969 3523 3040 pervalidum
3587 2984 3674 3020 ar.

2090 3074 2409 3134 gumentum
2442 3103 2457 3129 ,
2501 3067 2647 3135 quod
2707 3079 2830 3119 cum
2871 3062 3142 3128 attulero,
3200 3076 3388 3116 eorum
3451 3075 3669 3131 quoque

2097 3157 2320 3213 audacia
2366 3157 2752 3220 contundetur,
2787 3155 2877 3224 qui
2904 3154 2959 3208 in
2989 3153 3285 3225 impudenti
3316 3154 3674 3208 contendendi

2095 3250 2313 3305 ratione
2341 3248 2756 3304 exercitatiores
2783 3256 2929 3301 sunt.
2968 3245 3214 3302 Universi
3247 3245 3512 3302 Dominus
3551 3261 3675 3301 cum

2093 3342 2159 3396 de
2188 3341 2299 3396 Deo
2328 3341 2507 3406 Patre,
2535 3354 2598 3393 ac
2635 3337 2703 3393 de
2756 3338 2937 3407 seipso
2989 3336 3231 3392 absolute
3284 3337 3552 3406 loquens,
3599 3337 3672 3390 ita

2092 3435 2446 3504 praecepisset
2472 3472 2489 3498 ,
2533 3453 2552 3486 ι
2594 3433 2938 3502 Baptizantes
2967 3429 3080 3499 (95)
3112 3444 3206 3484 eos
3233 3429 3288 3483 in
3313 3429 3532 3483 nomine
3561 3429 3667 3484 Pa-

2096 3528 2215 3594 tris,
2244 3541 2298 3582 et
2327 3526 2470 3581 Filii.
2508 3547 2528 3579 ι
2567 3543 2676 3581 non
2709 3515 2991 3596 Subjunxit
3015 3523 3338 3593 simpliciter
3362 3561 3377 3586 ,
3413 3541 3432 3573 ι
3465 3531 3518 3576 et
3554 3521 3677 3593 Spi-

2095 3622 2253 3689 ritus,
2298 3643 2315 3676 ι
2353 3623 2446 3678 sed
2475 3621 2700 3685 addidit,
2727 3638 2746 3671 ι
2795 3617 2990 3674 sancti.
3028 3637 3046 3669 ι
3107 3617 3291 3686 Itaque
3336 3631 3444 3670 non
3503 3615 3673 3670 solum

2093 3717 2215 3786 ejus
2269 3718 2343 3770 ita
2394 3731 2500 3770 non
2563 3712 2831 3776 meminit,
2892 3721 2950 3764 ut
3006 3724 3130 3764 eum
3170 3710 3523 3778 deprimeret,
3581 3708 3674 3763 sed

2096 3812 2266 3864 etiam
2298 3809 2416 3879 ejus
2443 3809 2516 3861 ita
2545 3806 2814 3871 meminit,
2848 3815 2906 3859 ut
2935 3820 3059 3859 eum
3095 3801 3402 3868 extolleret,
3436 3815 3502 3856 eo
3529 3801 3671 3870 quod

2093 3901 2210 3972 ipse
2240 3884 2432 3955 natura
2475 3898 2529 3954 id
2562 3900 2654 3966 sit,
2704 3898 2846 3968 quod
2887 3905 3014 3952 sunt
3045 3895 3455 3966 perfectissimae
3507 3894 3679 3964 hypo-

2095 4006 2288 4053 stases.
2315 4007 2452 4064 quas
2472 3993 2748 4063 signiﬁcat
2778 4005 2942 4044 unum
2973 4005 3190 4055 nomen,
3221 4003 3331 4058 quo
3365 3987 3479 4056 ipse
3509 3987 3676 4040 etiam

2096 4089 2332 4160 Spiritus
2387 4089 2551 4144 simul
2585 4103 2711 4144 cum
2747 4087 2852 4142 illis
2891 4086 3201 4141 nominatus
3229 4096 3346 4148 est,
3387 4095 3441 4138 et
3471 4083 3589 4154 pari
3621 4082 3678 4137 in

2095 4183 2266 4251 gradu
2319 4180 2639 4248 collocatus,
2693 4192 2980 4250 propterea
3029 4179 3174 4248 quod
3228 4178 3278 4232 id
3322 4179 3392 4231 sit
3441 4176 3678 4248 Spiritus

2096 4285 2338 4340 sanctus,
2389 4273 2532 4344 quod
2565 4284 2648 4328 est
2692 4273 2976 4327 divinitate
3021 4270 3184 4326 Pater
3220 4279 3275 4324 et
3307 4269 3476 4324 Filius
3534 4267 3676 4338 ejus,

2095 4363 2416 4432 quibuscum
2483 4361 2640 4417 simul
2704 4369 3162 4416 commemoratus
3218 4360 3352 4425 fuit,
3413 4361 3678 4428 quemad-

2097 4455 2316 4508 modum
2348 4454 2430 4508 vel
2456 4469 2634 4517 caeco,
2671 4463 2728 4505 ut
2767 4455 2938 4516 aiunt,
2982 4453 3142 4524 160
3187 4453 3528 4520 perspicuum
3572 4461 3673 4508 est.

404 4537 723 4609 ἠγάπησεν·
755 4541 1054 4613 εὐθύτητας
1083 4543 1191 4597 ῖδον
1217 4545 1266 4598 οἱ
1295 4544 1565 4616 ὀφθαλμοὶ
1598 4545 1765 4599 αὑτοῦ
1793 4564 1807 4578 ·
1845 4566 1864 4598 ι
1899 4548 1987 4600 καὶ

2100 4547 2207 4602 Sed
2241 4549 2341 4602 hoc
2371 4546 2590 4615 quidem
2633 4543 2826 4608 majori
2875 4546 3108 4613 quadam
3153 4543 3396 4612 emphasi
3442 4541 3678 4610 Spiritus

405 4630 622 4702 ἕτερος·
665 4652 683 4683 ι
707 4634 818 4686 Καὶ
862 4635 1063 4701 πάντες
1095 4639 1146 4691 οἱ
1181 4636 1502 4708 ἡγιασμένοι
1537 4639 1642 4693 ὑπὸ
1670 4639 1768 4704 τὰς
1799 4640 1992 4711 χεῖράς

409 4740 524 4790 σου,
557 4726 652 4778 καὶ
672 4727 777 4779 ὑπὸ
805 4728 863 4780 σέ
888 4730 1042 4783 εἰσιν.
1060 4749 1078 4781 ι
1114 4731 1225 4785 Καὶ
1250 4731 1325 4795 ὡς
1349 4732 1478 4785 ὅταν
1503 4732 1717 4798 Παῦλος
1745 4734 1993 4788 ἐπιστέλ-

405 4816 493 4886 λῃ,
524 4817 661 4888 πρὸς
697 4818 796 4888 μὲν
823 4819 1275 4889 Θεσσαλονικέας·
1328 4844 1346 4876 ι
1372 4825 1544 4890 Αὐτὸς
1572 4825 1628 4878 δέ
1666 4829 1693 4880 ό
1731 4827 1863 4891 Θεὸς
1893 4828 1992 4900 τῆς

407 4909 630 4978 εἰρήνης
678 4910 900 4978 ἁγιάσαι
945 4914 1088 4984 ὑμᾶς
1131 4915 1397 4980 ὁλοτελεῖς
1424 4934 1440 4948 ·
1468 4935 1487 4967 ›
1546 4917 1684 4988 πρὸς
1730 4917 1787 4970 δὲ
1855 4919 1990 4971 Ῥω-

412 5002 607 5069 μαίους
631 5017 644 5030 ·
679 5020 696 5052 ι
719 5001 848 5066 Θεὸς
874 5007 903 5058 6
931 5004 1157 5059 δικαιῶν
1178 5024 1192 5037 ·
1213 5007 1297 5070 τίς
1325 5007 1353 5059 ό
1381 5007 1761 5078 κατακρίνων;
1794 5027 1811 5058 ι
1855 5008 1992 5078 πρὸς

406 5089 465 5142 δὲ
504 5091 811 5162 Ἑϐραίους·
852 5114 869 5147 ι
897 5095 1070 5171 Ἵναῇ
1110 5099 1143 5169 ἡ
1180 5098 1448 5170 παρθένος
1493 5099 1624 5168 ἁγία
1653 5099 1868 5171 σώματι
1897 5100 1990 5154 καὶ

409 5181 758 5252 πνεύματισι
811 5187 886 5252 ὡς
940 5189 1312 5262 ἐγχωροῦντος
1355 5192 1473 5257 τοῦ,
1521 5192 1555 5262 ἢ
1606 5195 1727 5247 κατ’
1779 5193 1988 5246 οἰκείαν

405 5273 617 5345 τροπὴν
648 5275 720 5347 μὴ
750 5273 889 5331 εἶναι
917 5281 1085 5352 αὐτὴν
1128 5283 1312 5352 ἁγίαν,
1349 5284 1383 5355 ἢ
1430 5283 1552 5337 κατ’
1592 5285 1796 5357 ἀρετὴν
1829 5286 1986 5353 ἁγιά-

408 5431 592 5557 15??)
649 5433 775 5490 Sed.
840 5436 859 5490 1
921 5439 1048 5494 Cor.
1075 5453 1151 5504 vr,
1207 5439 1294 5493 ll.
1365 5440 1499 5495 Vide
1554 5449 1666 5496 not.
1722 5437 1815 5505 80,
1865 5453 1987 5510 pag.

477 5573 590 5644 (95)
631 5575 812 5630 Docet.
837 5575 1001 5632 Hebr.
1033 5592 1111 5644 vr,
1143 5577 1198 5631 4.

499 5645 589 5716 96)
613 5644 680 5716 in
703 5663 827 5716 quo.
861 5647 1057 5716 Epltes.
1087 5663 1124 5713 t,
1154 5649 1241 5703 l3.

499 5714 589 5786 95)
615 5714 979 5786 summm.
1007 5717 1196 5773 Matth.
1222 5735 1414 5782 xxvur,
1444 5720 1530 5776 l9.

499 5783 592 5850 96)
621 5784 805 5840 Pater.
843 5786 1002 5840 Joan.
1039 5804 1172 5854 xvn,
1199 5790 1288 5844 ll.

478 5788 593 5927 (97)
643 5854 952 5925 Sancti/ica.
985 5854 1140 5914 Joan.
1177 5874 1287 5914 xvu

503 5852 593 5928 97)
643 5854 952 5925 Sancti/ica.
985 5852 1311 5924 Joan.'xvu,
1340 5859 1426 5916 17.
1482 5859 1539 5915 In
1565 5859 1703 5919 libro
1732 5859 1808 5917 De
1847 5858 1991 5931 Spir.

2095 4639 2270 4693 sancti
2329 4637 2664 4692 divinitatem
2726 4634 2988 4690 declarat.
3040 4633 3239 4689 Verum
3298 4649 3404 4702 quo
3468 4632 3679 4688 facilius

2096 4731 2219 4799 quis
2243 4729 2450 4795 credat,
2490 4729 2661 4783 solius
2687 4728 2905 4782 deitatis
2936 4726 3213 4797 pr0prium
3255 4739 3395 4791 esse,
3433 4731 3493 4779 ut
3518 4741 3681 4780 voce-

2095 4833 2203 4887 tur,
2233 4832 2289 4877 et
2331 4822 2546 4876 sitcum
2581 4831 2767 4876 sancta
2808 4835 2873 4874 ex
2922 4818 3158 4874 essentia
3196 4831 3326 4881 sua,
3363 4827 3475 4872 tum
3511 4817 3676 4887 justa,

2105 4927 2158 4970 et
2191 4914 2440 4985 proprias
2485 4923 2748 4983 przeterea
2783 4919 3063 4967 creaturas
3118 4909 3423 4966 sanctiﬁcet
3485 4923 3549 4964 ac
3592 4909 3680 4977 ju-

2100 5006 2337 5061 stiﬁcet:
2375 5006 2569 5059 similia
2603 5004 2821 5059 all‘eram
2863 5003 3070 5071 elogia,
3107 5005 3302 5071 quibus
3344 5001 3507 5056 Pater
3549 5001 3676 5056 item

2103 5109 2160 5151 ut
2194 5097 2363 5153 Filius
2409 5097 2716 5152 celebratus
2743 5094 2866 5150 fuit.
2900 5097 2978 5150 Ac
3015 5095 3080 5149 de
3110 5092 3274 5147 Patre
3308 5093 3526 5163 quidem
3562 5094 3679 5161 ipse

2098 5188 2270 5244 Filius
2300 5188 2440 5257 apud
2469 5186 2732 5241 Joannem
2765 5187 2841 5242 ait
2874 5204 2888 5241 :
2921 5205 2940 5238 ι
2975 5186 3133 5240 Pater
3162 5185 3275 5255 (96)
3313 5195 3519 5251 sancte,
3563 5198 3680 5239 ser-

2096 5297 2161 5336 va
2189 5297 2282 5337 eos
2313 5282 2366 5336 in
2399 5280 2617 5337 nomine
2649 5291 2773 5348 tuo;
2805 5298 2823 5331 ι
2851 5289 2905 5337 et
2935 5293 3126 5336 rursus
3159 5296 3173 5333 :
3205 5298 3222 5331 ι
3254 5277 3542 5334 Sanctiﬁca
3565 5276 3679 5349 (97)

2099 5449 2304 5502 sancto,
2359 5453 2506 5491 num.
2549 5435 2638 5500 55,
2694 5435 2738 5490 si
2783 5433 2925 5489 edita
2985 5442 3289 5505 spectemus
3330 5433 3678 5502 exemplaria,

2098 5511 2373 5564 videbitur
2400 5508 2656 5578 Didymus
2685 5507 2844 5578 pau_lo
2872 5505 3033 5578 aliter
3057 5509 3257 5578 citasse
3288 5507 3430 5578 hunc
3461 5505 3633 5558 locum
3659 5524 3672 5556 ς

2101 5581 2152 5633 in
2180 5580 2248 5634 iis
2275 5581 2418 5634 enim
2448 5575 2644 5647 legitur
2672 5593 2688 5630 :
2726 5594 2744 5626 ι
2775 5575 2838 5629 Et
2884 5575 3133 5630 Salvator
3163 5577 3238 5628 ait
3274 5594 3287 5630 :
3319 5594 3339 5627 ι
3377 5575 3534 5627 Pater
3554 5590 3679 5626 san—

2098 5658 2206 5712 cte.
2235 5648 2510 5704 sanctiﬁca
2539 5663 2634 5702 eos
2663 5648 2715 5702 in
2747 5647 2996 5712 veritate,
3020 5648 3142 5714 quia
3179 5647 3399 5699 verbum
3427 5654 3573 5696 tuum
3598 5654 3681 5714 est

2099 5721 2324 5774 veritas.
2361 5740 2380 5771 ι
2417 5717 2705 5786 Perspicue
2753 5715 2939 5772 dicens
2972 5735 2986 5769 :
3017 5713 3070 5770 In
3097 5731 3274 5786 me
3306 5714 3584 5786 sanctilica
3615 5713 3684 5786 il-

2100 5789 2180 5844 los
2212 5791 2337 5854 ﬁde,
2360 5800 2415 5845 et
2439 5783 2716 5844 consortio
2741 5788 2866 5842 mei.
2900 5805 2917 5837 ι
2954 5786 3024 5840 At
3053 5803 3138 5842 res
3166 5785 3324 5839 aliter
3349 5800 3407 5838 se
3434 5783 3680 5848 habebit,

2099 5858 2424 5935 si_codicetn
2457 5868 2702 5916 nostrum
2732 5873 2834 5914 ms.
2867 5856 3232 5924 consulamus,
3253 5856 3348 5926 qui
3371 5855 3451 5913 sic
3479 5854 3680 5912 habet:
