4082 6400
396 405 499 462 529

1462 419 1550 477 DE
1589 421 1968 481 TRINITATE
2009 426 2210 483 LIBER
2246 429 2628 491 SECUNDUS.

275 577 301 605 ν
398 540 557 638 secus
603 540 670 582 ac
721 528 971 638 homines
1024 532 1420 638 (quodmverum
1466 539 1581 613 (l5)
1630 557 1763 601 sane
1824 556 1955 603 est:
2002 560 2127 605 sunt
2178 552 2323 607 enim
2375 553 2589 627 creati),
2626 564 2719 612 aut
2764 558 3052 619 inferiores
3078 576 3200 623 esse
3259 564 3371 638 (14)
3409 566 3648 625 homini-

3543 452 3655 508 550

402 618 499 670 bus
523 656 540 681 ,
572 632 695 671 cmn
731 619 847 674 hia
888 622 998 676 Deo
1036 626 1459 697 sanctificentur,
1512 633 1738 704 ejusque
1795 641 2086 711 participes
2124 643 2274 699 fiant.
2543 618 2584 627 Γ
2974 716 2979 721 ,

468 709 543 761 Ζ⁹.
597 709 662 762 Ἠ
691 711 871 776 κτίσις
895 713 1193 785 ἀμέθεκτός
1221 720 1367 773 ἐστιν
1395 721 1667 790 οὐσιωδῶς
1689 730 1755 799 τῇ
1784 728 1966 803 λογικῇ

2150 734 2258 790 VII.
2288 735 2553 793 Creatura
2589 753 2694 793 non
2742 749 2919 811 potest
2948 716 3064 815 (l5)
3097 745 3525 805 substantialiter
3574 752 3649 809 ita

401 797 568 870 ψυχῇ,
610 801 687 865 ὡς
710 802 1068 868 ἐνοικίζεσθαι
1100 807 1295 880 αὑτήν·
1335 812 1495 881 μόνου
1532 815 1640 884 γὰρ
1670 797 1805 871 Θεοῦ
1846 797 1975 876 iam;

405 892 466 943 τὸ
496 891 668 957 οὕτως
698 896 1041 967 μετέχεσθαι.
1092 899 1166 953 Τὸ
1194 901 1240 955 δ’
1272 901 1423 973 ἅγιον
1455 905 1680 978 Πνεῦμα
1712 909 1973 981 μεθεκτδν

404 982 670 1048 οὑσιωδῶς
698 985 954 1059 ὑπάρχει,
983 986 1059 1054 ὡς
1087 993 1116 1044 ό
1148 992 1337 1064 Πατὴρ
1367 995 1461 1049 καὶ
1489 999 1518 1051 ὁ
1551 998 1695 1067 Υἱὸς,
1736 1000 1881 1057 καθὰ
1911 1007 1969 1059 ὲν

406 1072 483 1144 τῷ
519 1074 716 1148 πρώτῳ
749 1081 961 1151 εἴρηται
993 1081 1156 1153 λόγῳ.
1202 1082 1315 1157 [72
1341 1088 1370 1140 b
1396 1084 1417 1160 ]
1487 1088 1640 1145 Ἐπεὶ
1671 1094 1967 1162 κάνταῦθα,

407 1164 501 1218 τοῦ
547 1167 757 1241 Πατρὸς
799 1172 948 1238 ἅπαξ
981 1175 1317 1242 ἐνοικοῦντος
1345 1182 1457 1245 τοῖς
1486 1182 1679 1249 ἀξίοις,
1717 1190 1867 1243 ποῖον
1901 1186 1971 1261 ἦν

408 1257 715 1327 ἀναγκαῖον,
748 1265 799 1317 εί
833 1264 908 1337 μὴ
935 1267 1003 1321 δι’
1031 1269 1257 1341 ἑνότητα
1282 1272 1381 1343 τῆς
1408 1272 1600 1348 θεῖκῆς
1629 1276 1844 1347 φύσεως
1875 1257 1972 1337 καὶ

406 1348 681 1423 πλήρωσιν
702 1355 802 1447 τὴν
823 1359 901 1421 εἰς
929 1360 1099 1430 ἡμᾶς,
1128 1363 1527 1420 συνεισϐάλλειν
1553 1369 1649 1422 καὶ
1672 1375 1975 1447 συνειστρέ-

404 1457 539 1512 χειν,
578 1444 673 1498 καὶ
714 1446 806 1500 τὸν
849 1448 999 1513 Υίὸν,
1034 1452 1130 1506 καὶ¹
1165 1452 1227 1506 τὸ
1253 1453 1409 1524 ἅγιον
1440 1458 1702 1531 Πνεῦμα;
1756 1444 1972 1533 Ἀμέλει

400 1549 480 1586 τοι
508 1534 609 1589 οὐκ
645 1536 711 1592 ἄν
756 1539 838 1604 τίς
875 1558 1006 1596 ποτε
1034 1542 1209 1598 ἓλοιτο
1240 1546 1403 1615 φάναι
1443 1547 1654 1621 πληθὺν
1689 1540 1973 1620 οἱονείπως

399 1620 539 1677 θεῶν
592 1631 868 1685 κατοικεῖν
927 1633 985 1685 ὲν
1037 1635 1191 1704 ἡμῖν,
1232 1634 1350 1690 ἀλλ’
1393 1637 1489 1691 ἕνα
1534 1620 1676 1694 κατά
1718 1659 1781 1712 γε
1824 1644 1884 1697 τὸ
1910 1643 1969 1700 ἓν

399 1716 545 1771 ἑνάδι
571 1718 822 1791 θεότητος
849 1723 1115 1796 ὑπάρχειν
1164 1726 1264 1791 τὰς
1311 1732 1459 1800 τρεῖς
1502 1732 1849 1799 ὑποστάσεις.

2081 826 2396 896 participari
2425 829 2493 884 ab
2527 831 2707 885 anima
2750 835 3021 903 rationali,
3054 846 3112 891 ut
3134 838 3223 892 illa
3258 838 3312 893 in
3350 838 3453 895 hac
3488 841 3647 897 habi-

2083 925 2158 969 tet
2190 934 2204 971 :
2237 917 2402 973 solius
2445 918 2589 974 enim
2628 922 2722 977 Dei
2751 926 3027 995 proprium
3069 937 3153 983 est
3183 930 3262 985 sic
3308 931 3645 1001 participari.

2075 1011 2146 1062 At
2172 1023 2302 1064 vero
2356 1010 2593 1081 Spiritus
2628 1025 2848 1070 sanctus
2886 1016 3313 1075 substantialiter
3358 1022 3648 1092 participa-

2074 1098 2197 1155 bilis
2229 1110 2333 1165 est,
2363 1112 2419 1156 ut
2448 1101 2607 1159 Pater
2652 1113 2706 1160 et
2724 1105 2911 1174 Filius,
2933 1107 3074 1163 sicut
3095 1109 3148 1164 in
3171 1110 3344 1179 primo
3369 1112 3480 1184 (16)
3502 1112 3653 1184 λόγῳ

2081 1189 2196 1259 (aut
2229 1194 2501 1265 sermone)
2546 1195 2744 1250 dictum
2790 1207 2893 1252 est.
2937 1196 3072 1253 Nam
3119 1200 3207 1255 hic
3259 1216 3470 1271 quoque
3501 1203 3646 1259 valet

2075 1282 2262 1337 eadem
2299 1284 2457 1341 ratio.
2495 1283 2758 1341 Nimirum
2810 1288 2969 1343 simul
2997 1303 3062 1344 ac
3123 1289 3284 1345 Pater
3338 1292 3390 1346 in
3438 1293 3505 1348 iis
3551 1294 3646 1364 qui

2077 1372 2221 1441 digni
2251 1375 2383 1438 sint,
2413 1374 2637 1440 habitat,
2667 1378 2793 1447 quid
2830 1394 3052 1435 necesse
3091 1392 3194 1447 est,
3229 1383 3426 1440 Filium
3456 1386 3643 1452 etiam,

2076 1473 2130 1518 et
2172 1463 2431 1535 Spiritum
2460 1481 2707 1526 sanctum
2753 1473 2807 1524 in
2841 1470 2960 1529 illos
2997 1488 3102 1528 una
3134 1475 3365 1546 ingredi,
3410 1485 3466 1533 et
3514 1494 3646 1533 con-

2076 1569 2320 1623 currere,
2358 1558 2461 1614 nisi
2494 1560 2546 1616 id
2575 1576 2642 1616 ex
2668 1577 2733 1617 eo
2760 1564 2871 1629 liat,
2895 1565 3036 1634 quod
3070 1567 3251 1623 divina
3288 1567 3480 1624 harum
3517 1584 3644 1641 per-

2078 1661 2337 1703 sonarum
2367 1661 2557 1707 natura
2585 1669 2690 1708 una
2721 1656 2812 1721 sit,
2846 1666 2898 1711 et
2928 1658 3084 1731 162
3139 1659 3421 1718 Trinitatis
3475 1662 3646 1732 pleni—

2081 1743 2208 1795 tudo
2242 1741 2295 1796 in
2330 1741 2485 1799 nobis
2514 1746 2756 1803 habitet?
2796 1749 2966 1806 Nemo
2993 1766 3124 1806 sane
3162 1769 3395 1824 unquam
3424 1755 3644 1822 dixerit,

399 1809 1209 1917 multitudinequuodammodo
1246 1817 1469 1875 deorum
1493 1820 1547 1875 in
1588 1824 1743 1880 nobis
1777 1824 2052 1895 habitare;
2091 1831 2188 1887 sed
2229 1840 2339 1889 tres
2376 1835 2711 1907 hypostases,
2749 1850 2991 1910 spectata
3032 1843 3237 1900 unitate
3255 1809 3370 1917 (17)
3404 1809 3649 1912 deitatis;

399 1917 560 1957 unum
598 1918 720 1959 esse
754 1905 1036 1961 dicendum
1066 1918 1170 1967 est.

465 1994 547 2047 H'.
592 1995 659 2048 Ἦ
698 1997 874 2062 κτίσις
927 1997 1039 2069 ἔχει
1068 2000 1131 2054 τὸ
1161 2002 1400 2071 ἀγαθὸν,
1443 2005 1781 2080 μεταδούσης
1831 2010 1966 2086 αὐτῇ

2145 2014 2276 2071 VIII.
2306 1996 2568 2073 Creatura
2596 2018 2755 2075 habet
2806 2020 3031 2087 bonum,
3058 2021 3185 2093 quia
3238 2022 3380 2078 illius
3417 2024 3643 2095 partici-

397 2088 494 2158 τῆς
521 2087 580 2141 ἑν
626 2089 725 2159 μιᾷ
759 2088 974 2163 θεότητι
1020 2093 1271 2165 Τριάδος,
1301 2095 1403 2166 τῆς
1428 2096 1595 2170 οὕσης
1638 2102 1770 2154 αὐτὸ
1797 2102 1966 2171 τάγα-

397 2177 510 2233 θόν.
559 2180 671 2234 Καὶ
707 2181 822 2236 ἐστι
869 2182 1142 2257 δεύτερον,
1180 2186 1244 2240 τὸ
1278 2190 1420 2243 κατὰ
1463 2191 1697 2264 μετοχὴν
1738 2192 1883 2264 ἔχειν
1911 2213 1965 2251 τι

398 2270 531 2343 πρὸς
574 2272 636 2325 τὺ
668 2273 858 2328 ἑαυτοῦ
892 2279 1087 2348 μέτρον
1124 2277 1350 2347 ἀγαθὸν,
1393 2280 1490 2335 τοῦ
1529 2284 1690 2352 φύσει
1733 2286 1868 2339 αὐτὸ
1905 2287 1968 2341 τὸ

398 2363 609 2435 πρῶτον
664 2366 757 2420 καὶ
804 2367 1113 2442 ἀμέτρητον
1161 2371 1367 2440 ἀγαθὸν
1413 2374 1711 2448 ὑπάρχεινο
1762 2379 1859 2432 καὶ
1903 2380 1967 2434 οὐ

400 2455 794 2524 συγκλώθεται,
827 2460 949 2513 οὐδὲ
999 2462 1354 2519 συντάττεται
1400 2465 1479 2537 τῷ
1520 2467 1838 2542 δημιουργῷ
1885 2471 1968 2525 ἑνὶ

398 2548 491 2601 καὶ
552 2553 891 2626 πρωτουργῷ
946 2555 1136 2628 ἀγαθῷ
1161 2573 1175 2590 ο
1219 2551 1280 2614 οῦ
1345 2561 1523 2615 πάντα
1575 2561 1675 2634 μὲν
1726 2563 1962 2632 ἐφίεται,

396 2639 528 2695 αὐτὸ
555 2641 612 2695 δὲ
651 2643 885 2711 οὐδενὸς,
924 2646 986 2701 τὸ
1024 2649 1083 2702 ἐν
1110 2652 1177 2722 τῇ
1205 2650 1379 2705 κτίσει
1415 2653 1799 2724 εὑρισκόμενον
1826 2655 1966 2725 ἀγα-

396 2733 505 2799 θὸν,
530 2735 634 2789 κᾶν
659 2735 884 2809 λέγηται
905 2740 963 2793 ἑν
983 2741 1302 2814 Εὐαγγελίῳ
1321 2759 1337 2775 ο
1368 2762 1388 2795 ι
1419 2740 1515 2810 Εὖ,
1536 2744 1690 2799 δοῦλε
1710 2746 1909 2816 ἀγαθέ*
1940 2766 1961 2801 ι

397 2826 511 2890 καὶ,
549 2845 568 2877 ι
616 2827 675 2881 '0
717 2829 922 2898 ἀγαθὸς
946 2830 1232 2905 ἄνθρωπος
1275 2836 1340 2888 ὲκ
1380 2835 1476 2889 τοῦ
1513 2835 1720 2905 ἀγαθοῦ
1762 2837 1969 2909 θησαυ-

399 2913 491 2985 ροῦ
533 2916 633 2987 τῆς
675 2917 901 2989 καρδίας
926 2921 1192 2994 προφέρει
1219 2923 1281 2977 τὸ
1312 2925 1534 2994 ἀγαθόν.
1579 2947 1596 2979 ι
1631 2928 1704 2981 Οὐ
1734 2927 1864 3002 γὰρ,
1890 2929 1967 2995 ὡς

396 3008 588 3074 εἰπεῖν,
621 3009 753 3062 αὐτὸ
780 3009 842 3064 τὸ
867 3011 1155 3084 ἐγκάρδιον
1186 3016 1281 3069 καὶ
1305 3002 1508 3088 κυρίως
1536 3017 1597 3073 ὃν
1639 3020 1842 3089 ἀγαθὸν
1880 3021 1967 3076 λέ-

396 3113 500 3166 γει,
532 3099 669 3154 ἀλλὰ
696 3102 758 3156 τὸ
802 3094 1227 3177 συνεζευγμένον
1272 3110 1365 3162 καὶ
1404 3110 1612 3182 πρέπον
1658 3115 1726 3185 τῇ
1767 3113 1962 3170 κτίσει.

409 3191 611 3246 Ἐκεῖνο
641 3196 752 3267 γὰρ
792 3198 1020 3270 πληθύει
1049 3217 1107 3253 τε
1148 3202 1244 3255 καὶ
1270 3205 1383 3268 τοῖς
1415 3206 1636 3270 οἰκείοις
1669 3208 1965 3280 ποιήμασιν

401 3284 758 3359 φιλοτιμεῖται
798 3291 1161 3365 ἀγαθότητας,
1197 3296 1347 3360 ὅπως
1375 3296 1440 3351 ἂν
1480 3298 1731 3354 ἐντεῦθεν
1759 3300 1964 3356 ἕκαστα

2075 2123 2198 2179 pem
2232 2124 2350 2166 eam
2378 2109 2511 2165 facit
2559 2110 2820 2178 Trinitas,
2869 2128 2990 2183 quae
3020 2114 3074 2169 in
3128 2129 3236 2169 una
3288 2115 3488 2173 deitate
3537 2124 3642 2185 est,

2072 2213 2298 2269 quasque
2322 2209 2406 2257 est
2433 2202 2606 2272 ipsum
2637 2202 2857 2258 bonum.
2888 2203 3063 2261 Minus
3097 2213 3278 2260 autem
3313 2216 3474 2274 atque
3508 2204 3644 2261 infe-

2076 2291 2189 2347 rius
2218 2300 2325 2358 est,
2364 2292 2565 2348 bonum
2595 2292 2809 2363 aliquod
2839 2310 2937 2365 pro
2967 2310 3063 2351 sua
3094 2296 3265 2367 ipsius
3303 2312 3551 2351 mensura
3574 2311 3644 2352 ex

2073 2381 2490 2453 participatione
2520 2383 2744 2452 habere,
2772 2400 2935 2455 quam
2957 2395 3146 2440 natura
3176 2400 3295 2441 esse
3329 2386 3502 2455 ipsum
3530 2386 3645 2457 pri-

2075 2492 2242 2543 mum,
2271 2486 2326 2532 et
2366 2477 2688 2533 immensum
2733 2478 2955 2534 bonum.
2995 2477 3181 2549 Neque
3226 2479 3452 2544 bonum,
3498 2480 3643 2549 quod

2075 2569 2129 2623 in
2160 2577 2408 2624 creatura
2448 2569 2737 2639 invenitur,
2768 2570 3007 2641 ejusdem
3049 2570 3276 2638 ordinis,
3331 2571 3645 2642 ejusdemve

2073 2662 2271 2730 gradus
2296 2673 2377 2718 est
2403 2677 2525 2717 cum
2554 2677 2620 2718 eo
2639 2665 2802 2729 bono,
2827 2665 2967 2734 quod
3000 2678 3163 2718 unum
3205 2673 3311 2728 est,
3343 2672 3398 2718 et
3428 2676 3641 2727 creans,

2073 2765 2130 2810 et
2159 2755 2535 2826 primigenium
2587 2757 2807 2822 bonum,
2846 2770 2908 2812 ac
2956 2756 3083 2826 tale,
3113 2766 3171 2811 ut
3192 2756 3370 2810 omnia
3422 2754 3644 2825 quidem

2077 2845 2204 2901 illud
2240 2855 2517 2917 appetant,
2566 2847 2739 2916 ipsum
2783 2862 2915 2903 vero
2976 2847 3179 2903 nullam
3230 2856 3450 2918 appetat
3503 2861 3640 2910 rem,

2072 2939 2320 3009 quamvis
2369 2939 2421 2993 in
2439 2939 2726 3008 Evangelia
2758 2938 3009 2994 dicatur:
3057 2957 3075 2991 ι
3112 2939 3258 3010 Euge
3291 2937 3434 3009 (18),
3486 2951 3644 2992 serve

2074 3033 2246 3099 bone;
2282 3050 2302 3085 ι
2345 3041 2436 3088 et:
2475 3051 2494 3086 ι
2534 3032 2711 3087 Bonus
2754 3031 2866 3105 (l9)
2920 3032 3081 3087 homo
3113 3046 3180 3087 ex
3215 3032 3355 3086 bono
3386 3030 3642 3085 thesauro

2072 3125 2254 3180 cordis
2281 3124 2487 3193 profert
2515 3125 2713 3180 bonum
2742 3141 2758 3191 ;
2784 3142 2803 3177 ι
2840 3137 2940 3178 nec
2967 3122 3111 3177 enim
3134 3123 3336 3179 bonum
3368 3121 3541 3192 ipsum
3559 3119 3642 3173 in-

2074 3219 2287 3283 timum,
2315 3227 2476 3287 atque
2504 3219 2556 3272 in
2595 3217 2777 3280 corde,
2806 3226 2866 3271 ut
2889 3217 2968 3272 sic
2991 3216 3208 3285 loquar,
3247 3214 3436 3279 situm,
3467 3213 3642 3283 quod-

2073 3324 2179 3380 que
2207 3310 2425 3380 proprie
2471 3309 2667 3364 bonum
2697 3311 2788 3375 sit,
2825 3310 2910 3364 his
2948 3309 3131 3364 verbis
3170 3306 3513 3377 designatur;
3548 3304 3642 3359 sed

396 3378 500 3431 τῶν
539 3380 708 3435 ὄντων
759 3382 1019 3452 σώζηται,
1067 3386 1161 3439 καὶ
1204 3387 1262 3441 ὲν
1390 3388 1583 3461 ἔλαχεν
1633 3387 1774 3446 εἶναι
1817 3392 1966 3461 τάξει

2076 3378 2492 3470 ῦοηιιιηξιιιιοι]
2544 3409 2805 3455 creatum
2858 3398 3188 3469 adjungitur,
3240 3399 3400 3465 eique
3440 3408 3643 3450 conve-

394 3468 654 3544 διαμένῃ·
698 3474 795 3528 καὶ
832 3475 964 3529 αὐτό
1008 3479 1124 3530 ἑστι
1179 3478 1241 3532 τὸ
1279 3478 1337 3532 ἓν
1378 3481 1601 3549 ἀγαθὸν,
1641 3481 1816 3536 αἴτιον
1860 3488 1966 3540 πᾶ-

397 3581 448 3615 σι
490 3564 707 3619 πάντων
754 3568 971 3636 ἀγαθῶν
994 3586 1007 3600 ο
1059 3570 1154 3623 καὶ
1210 3570 1279 3624 δι’
1346 3573 1501 3627 αὐτὸ.
1535 3575 1833 3645 πράττεται
1904 3580 1966 3632 τὸ

395 3656 542 3711 κάτω
569 3658 772 3727 ἀγαθόν
794 3676 808 3690 ο
853 3661 948 3715 καὶ
981 3663 1113 3716 αὐτὸ
1155 3663 1317 3729 σώζει
1345 3665 1547 3734 πάντα,
1589 3662 1672 3734 οἷς
1695 3667 1761 3723 ἂν
1788 3672 1962 3742 παρῇ,

395 3749 580 3821 ὥσπερ
625 3750 688 3803 τὸ
737 3752 906 3807 κακὸν
951 3754 1017 3808 ἐκ
1060 3757 1432 3829 προαιρέσεως
1470 3759 1626 3831 ἡμῶν
1670 3761 1964 3833 συμϐαῖνον

395 3842 624 3916 φθείρει.
669 3837 745 3899 Θῦ
781 3846 1089 3918 αἰσθόμενοι
1137 3849 1232 3903 καὶ
1272 3852 1319 3904 oi.
1364 3851 1469 3918 ἔξω
1508 3853 1707 3922 φασὶν,
1739 3854 1815 3919 ὼς
1847 3875 1866 3908 ι
1897 3857 1961 3911 Oi

397 3931 409 4004 ἶ
444 3933 509 3987 ’13
548 3933 628 4006 α]
700 3935 861 3990 κακοὶ
899 3937 1058 3992 τοῦτο
1096 3939 1354 4010 μέγιστον
1390 3941 1604 4013 ἔχουσιν
1645 3947 1705 3999 ὲν
1752 3947 1966 4015 ἑαυτοῖς

391 4022 630 4092 ἀγαθόν’
685 4024 879 4091 ἄλλους
928 4029 1038 4102 γὰρ
1085 4031 1493 4104 ἐπιχειροῦντες
1539 4036 1764 4104 κακοῦν,
1812 4038 1967 4094 αὐτοὶ

397 4117 648 4191 πρότεροι
669 4119 767 4191 τῆς
792 4122 999 4178 ἑαυτῶν
1032 4125 1367 4181 ἀπολαύουσι
1409 4129 1766 4201 μοχθηρίας.»
1796 4133 1870 4187 Τὸ
1908 4135 1965 4189 δὲ

397 4207 549 4276 ἆγιον
577 4211 836 4283 Πνεῦμα,
871 4215 947 4279 ὡς
969 4215 1310 4289 προείρηται,
1345 4219 1590 4291 ὑπάρχον
1622 4222 1964 4295 αὐτοαπροσο

397 4300 511 4366 δεὲς
545 4303 771 4372 ἀγαθὸν,
804 4308 896 4361 καί
924 4308 1043 4363 ὅλον
1080 4311 1169 4364 ἀεὶ
1199 4311 1337 4382 πρὸς
1387 4311 1616 4377 πάντας,
1647 4313 1706 4367 ὃν
1738 4315 1962 4385 ἀγαθὸν,

401 4395 493 4449 καὶ
522 4400 584 4453 οὐ
629 4397 879 4471 δεύτερον
912 4401 1004 4455 τοῦ
1035 4403 1152 4468 ἑνὸς
1183 4405 1278 4458 καὶ
1317 4403 1532 4477 πρώτου
1569 4406 1796 4474 ἀγαθοῦ,
1846 4407 1968 4473 ἴσας

2074 3493 2231 3547 niens
2264 3501 2371 3548 est.
2409 3491 2542 3546 Nam
2588 3492 2785 3547 bonum
2823 3490 2951 3544 illud
2985 3489 3186 3559 prioris
3217 3487 3431 3559 generis
3460 3496 3515 3541 et
3540 3483 3644 3541 dif-

2069 3584 2332 3651 funditur,
2387 3596 2443 3640 et
2492 3583 2728 3655 propriis
2791 3581 3055 3639 creaturis
3109 3580 3367 3635 beneﬁcia
3431 3578 3645 3633 abunde

2069 3678 2360 3747 elargitur,
2397 3687 2456 3731 ut
2485 3676 2686 3742 Omnia,
2739 3689 2860 3747 quae
2902 3675 3194 3739 exsistunt,
3228 3680 3641 3735 conserventur,

2068 3781 2124 3826 et
2184 3773 2237 3825 in
2295 3784 2380 3836 eo,
2432 3770 2523 3841 qui
2582 3770 2716 3841 ipsis
2773 3768 2986 3838 obtigit,
3019 3768 3210 3823 ordine
3255 3772 3628 3837 permaneant.

2071 3864 2250 3934 Atque
2296 3863 2401 3919 hoc
2431 3872 2516 3918 est
2553 3877 2718 3917 unum
2765 3862 2895 3917 illud
2939 3862 3160 3925 bonum,
3208 3858 3354 3929 quod
3393 3856 3645 3912 omnibus

2073 3969 2236 4009 causa
2272 3963 2353 4009 est
2382 3954 2646 4009 bonorum
2677 3951 2943 4027 omnium,
2969 3959 3025 4005 et
3046 3958 3266 4020 propter
3304 3948 3477 4018 ipsum
3525 3946 3642 4015 agi-

2075 4055 2163 4099 tur
2192 4046 2391 4100 bonum
2427 4059 2590 4100 omne
2623 4056 2920 4111 terrenum,
2944 4051 3001 4099 et
3029 4043 3203 4114 ipsum
3234 4047 3414 4095 servat
3439 4037 3641 4103 omnia,

2071 4135 2270 4207 quibus
2312 4137 2493 4203 adest;
2549 4136 2693 4193 sicut
2722 4136 3051 4193 econtrario
3094 4133 3318 4197 malum,
3363 4132 3506 4200 quod
3572 4143 3643 4183 ex

2074 4237 2255 4281 nostra
2317 4227 2591 4283 voluntate
2644 4227 2724 4294 fit,
2773 4228 3071 4296 corrumpit
3112 4241 3177 4281 ac
3229 4224 3536 4279 labefactat.
3585 4219 3643 4273 Id

2074 4331 2262 4372 verum
2289 4333 2410 4374 esse
2430 4333 2557 4374 cum
2580 4319 2664 4373 vel
2687 4318 2789 4389 ipsi
2811 4318 3012 4395 ethnici
3036 4315 3326 4379 senserint,
3351 4313 3600 4382 inquiunt
3625 4328 3638 4365 :

2078 4428 2097 4462 ι
2138 4407 2257 4464 Mali
2287 4409 2399 4478 (20)
2465 4410 2758 4465 maximum
2804 4410 2905 4465 hoc
2960 4408 3159 4463 bonum
3212 4407 3265 4460 in
3306 4405 3500 4475 seipsis
3541 4404 3640 4457 lia-

469 4591 579 4715 (152
616 4590 819 4648 Verum.
844 4595 1026 4651 Codex
1042 4598 1143 4652 etsi
1169 4612 1337 4667 segm.
1367 4597 1401 4652 4
1424 4600 1473 4663 b,
1511 4611 1565 4654 et
1594 4599 1719 4655 alibi
1743 4601 1959 4669 habent,
1991 4583 2042 4643 ί)
2139 4602 2251 4674 (I6)
2280 4603 2348 4660 In
2379 4604 2573 4674 primo.
2623 4601 2866 4657 Primum
2903 4602 3133 4684 fortasse
3176 4601 3384 4682 “indicat
3415 4599 3640 4682 duorum

399 4662 534 4717 tian
566 4681 617 4717 ς.
652 4675 831 4717 tamen
860 4676 915 4717 et
950 4669 1054 4717 hic.
1089 4678 1143 4717 et
1173 4684 1344 4717 senm.
1381 4670 1482 4717 177
1514 4672 1563 4717 b-
1601 4681 1764 4717 :tlmm
1796 4670 1897 4717 197
1928 4689 1962 4717 a
2065 4673 2356 4717 Iihrnrnm-
2414 4688 2548 4717 nnng
2612 4685 2797 4717 nnnlm
2863 4672 3088 4717 Artanns
3138 4672 3459 4717 dictaverat.
3508 4671 3640 4717 Vide

466 4680 596 4735 ηυες

602 4675 831 4740 ,_tamen
860 4676 915 4720 et
950 4669 1054 4733 hic,
1089 4678 1143 4722 et
1173 4684 1344 4739 segni.
1381 4670 1482 4740 I77
1514 4672 1564 4734 b,
1601 4681 1764 4740 atque
1796 4670 1897 4725 197
1928 4689 1962 4724 a

402 4733 584 4809 habet,
612 4733 831 4809 ἄληθες,
860 4733 1311 4809 pr0paroxytone.
1357 4739 1415 4793 Si
1450 4733 1830 4809 grammaticos
1864 4756 1956 4794 au-

399 4804 599 4879 dimus,
632 4804 873 4860 acuenda
922 4804 1016 4879 est
1051 4804 1321 4877 postrema
1384 4804 1529 4865 vocis
1559 4810 1785 4879 syllaba,
1838 4825 1960 4866 cum

402 4875 543 4947 valet
570 4889 800 4947 {verum
824 4893 840 4943 ;
866 4896 886 4927 ι
939 4875 1109 4947 prima
1131 4888 1334 4943 autem,
1372 4896 1493 4933 cum
1544 4875 1688 4934 valet
1713 4900 1731 4931 1
1763 4895 1906 4934 vere.
1935 4899 1955 4933 ι

401 4941 545 5014 Lege
588 4941 955 5014 Cyrillianam'
991 4961 1179 5001 vocum
1231 4941 1638 5014 (Iollectionem,
1695 4951 1959 5005 Thomam

403 5011 711 5088 Magistrum
747 5018 798 5088 in
825 5031 955 5088 voce
1004 5017 1226 5087 ἀληθές,
1254 5034 1374 5088 pag.
1410 5019 1503 5083 54,
1537 5011 1780 5088 aliosque
1828 5019 1963 5074 lexi-

398 5085 731 5158 cogra‘pltos.‘
756 5086 862 5140 Sed
887 5088 1027 5156 apud
1078 5085 1358 5158 Didynnun
1400 5097 1527 5142 tunc
1551 5085 1713 5144 etiarn
1748 5088 1961 5158 signiﬁ-

401 5153 785 5229 catnidquod}
811 5153 1001 5229 verum
1032 5176 1050 5209 ι
1080 5153 1192 5223 sit,‘
1205 5173 1324 5212 cum
1349 5160 1606 5229 scribitur
1635 5153 1854 5229 ἄληθες.

472 5220 587 5304 (Η)
614 5220 711 5276 Aut
740 5225 1013 5304 inferiores
1053 5220 1187 5304 esse,
1220 5237 1327 5304 etc.
1373 5227 1573 5304 Eodem
1622 5220 1779 5299 plane
1805 5220 1964 5304 modo

401 5293 752 5367 rauci-minatur
776 5295 1028 5366 Didymus
1053 5298 1104 5350 in
1120 5298 1255 5367 libro
1271 5297 1344 5351 De
1364 5293 1705 5367 Spinsancto
1734 5314 1882 5352 num.
1905 5297 1960 5354 7.

468 5361 582 5433 (I5)
607 5361 729 5439 Non
758 5361 947 5439 potest,
976 5377 1080 5421 etc.
1111 5366 1353 5422 Breviter
1386 5361 1497 5439 lianc
1519 5369 1733 5439 attingit
1758 5370 1810 5422 in
1836 5382 1965 5439 prte-

396 5445 544 5503 s_ens,
591 5438 732 5500 quod
769 5433 885 5489 fuse
934 5449 998 5489 ea
1042 5447 1355 5503 persecutus
1390 5437 1585 5493 fuisset
1616 5433 1684 5493 in'
1725 5433 1862 5491 libro
1889 5437 1965 5490 De

397 5500 543 5569 Spir.
570 5512 760 5577 sancto
793 5520 940 5560 num.
965 5500 1263 5577 pressertim
1310 5509 1365 5563 8.
1405 5526 1425 5559 ι
1454 5507 1630 5563 Multa:
1670 5507 1967 5577 Scriptura;

394 5582 522 5645 sunt
561 5573 805 5645 (inquit),
842 5573 1106 5644 quae'sine
1131 5577 1480 5645 ambiguitate
1516 5573 1860 5642 convincam,
1887 5578 1965 5629 al-

397 5642 581 5697 terius
609 5642 821 5696 eum5a
861 5642 1076 5698 cunctis
1118 5642 1513 5702 condiiionibus
1566 5662 1688 5702 esse
1737 5658 1961 5701 naturae.

401 5711 626 5786 Quidam
655 5714 798 5786 enim
861 5712 1204 5786 [exemplaria
1248 5718 1382 5786 typis
1427 5719 1680 5785 impressa
1724 5718 1962 5786 habent:

405 5781 620 5859 quidam
647 5781 843 5859 etiam;
863 5781 963 5837 sed
988 5781 1087 5859 ego
1118 5781 1313 5859 sequo?
1334 5781 1607 5859 lectionem
1634 5788 1793 5842 nostri
1822 5784 1966 5838 codi-
2010 5852 2021 5857 _

409 5850 503 5922 ιιι]
522 5848 723 5922 Spiritu
736 5848 923 5911 sancto
951 5848 1091 5926 pleni
1118 5848 1237 5912 esse
1260 5858 1528 5914 dicuntur.
1551 5875 1568 5909 ι
1587 5857 1726 5929 Lege
1746 5867 1963 5913 αιτιοι-ε.

2065 4670 2548 4743 Ιίὺιοοιίυηι,ἠυοε
2612 4685 2798 4743 contra
2858 4672 3088 4743 Arianos
3138 4671 3475 4743 dictaverat:
3508 4670 3642 4743 Vide

2062 4753 2176 4798 not.
2215 4738 2581 4823 2,.pagil'57.
2634 4742 2904 4823 Caeterum
2956 4742 3008 4823 in
3048 4742 3185 4823 libro
3214 4741 3377 4795 etiam
3437 4738 3514 4793 De
3543 4740 3638 4810 Sp.

2064 4824 2249 4867 sancto
2285 4813 2544 4881 id'ipsum
2575 4813 2908 4877 ostenderat,
2948 4822 3007 4865 ut
3044 4813 3178 4866 dixi.

2126 4905 2247 5030 £7)
2300 4906 2547 4976 Spectata
2584 4907 2805 4987 unitate.
2855 4907 3058 4968 Codex,
3101 4904 3373 4974 κατάγετο
3407 4904 3465 4958 ἓν
3497 4906 3643 4992 ὲνάδι

2189 4995 2338 5030 ητος.
2380 4976 2687 5030 Leaendum
2737 4979 2969 5030 Videtur.
3021 4977 3165 5029 κατά
3205 4993 3270 5030 γε
3316 4974 3379 5028 τὸ
3409 4975 3467 5030 ἓν
3494 4977 3639 5029 ἑναοι

2064 4976 2338 5048 θεότητος.
2380 4976 2687 5047 Legendum
2737 4977 2969 5040 videtur,
3021 4977 3165 5029 κατά
3205 4993 3270 5044 γε
3316 4976 3379 5028 τὸ
3409 4976 3467 5031 ἓν
3494 4977 3639 5029 ἑνὰδι

2065 5047 2469 5119 θεότητοςηιιὲεἰ
2502 5048 2588 5102 cui
2616 5046 2785 5116 inagis
2807 5046 3062 5113 arrideat,
3085 5046 3227 5100 κατά
3248 5062 3312 5112 γε
3333 5046 3394 5099 τὸ
3416 5049 3475 5101 ἑν
3512 5048 3639 5101 ὲνάο

2062 5117 2112 5171 δι
2142 5117 2415 5188 θεότητος.

2135 5201 2247 5271 (l8)
2272 5200 2438 5271 Euge.
2473 5199 2661 5271 Matth.
2691 5215 2818 5263 xxv,
2842 5200 2907 5254 21
2943 5209 2999 5255 ει
3020 5199 3109 5271 2'5.

2065 5269 2249 5396 12$519)
2288 5269 2489 5325 Bonus.
2542 5270 2731 5326 Matth.
2755 5285 2853 5336 XII,
2897 5271 2987 5326 55.
3058 5270 3191 5326 Vide
3219 5280 3332 5325 not.
3365 5269 3460 5335 54,
3518 5282 3641 5339 pag.

2135 5437 2248 5511 (20)
2281 5436 2436 5523 Mali.
2472 5435 2696 5492 Afﬁnem
2727 5452 2792 5519 ex
2813 5436 3074 5523 hDidymo
3108 5435 3433 5523 sententiam
3462 5431 3645 5523 haffert

2064 5503 2304 5564 Joamies
2341 5508 2411 5561 Da
2424 5522 2705 5561 mascenus
2731 5508 2781 5562 in
2805 5503 3105 5573 Paraileh's,
3138 5520 3261 5574 pag.
3290 5503 3430 5558 562:
3462 5503 3519 5574 Ὦ
3545 5518 3644 5554 κα-

2066 5579 2178 5655 κῶς
2203 5578 2394 5655 ἕτερον
2422 5576 2717 5655 διατιθέναι
2755 5576 3076 5655 βουλόμενος
3104 5572 3344 5655 (inquit),
3376 5572 3642 5655 πρότερον

2065 5648 2258 5702 ἑαυτὸν
2278 5642 2423 5702 όῦτω
2450 5642 2781 5718 διατίθησιν·
2812 5642 2933 5718 quae
2958 5642 3225 5718 interpres
3253 5642 3634 5718 sic_reddldtt_:

2071 5737 2090 5769 ‹
2116 5721 2216 5792 Qui
2247 5719 2388 5773 malo
2414 5720 2594 5792 aliquo
2609 5711 2770 5792 alium
2802 5711 2919 5792 vult
2951 5711 3199 5792 multare,
3252 5712 3439 5792 eodem
3478 5711 3639 5792 modo

2068 5779 2328 5857 sowipsum
2369 5779 2521 5857 prius
2556 5788 2764 5841 multat.
2796 5805 2814 5838 ι
2843 5785 2995 5857 Haud
3036 5785 3149 5857 scio
3165 5798 3236 5857 ag
3263 5782 3397 5835 verti
3448 5779 3640 5833 melius

2070 5852 2284 5928 possit:
2336 5852 2485 5926 (Qui
2534 5858 2763 5915 alterum
2825 5854 2935 5912 vult
2975 5853 3116 5910 malo
3154 5852 3386 5919 allicere,
3444 5859 3645 5905 semei-
