4082 6430
421 394 516 448 551

1649 400 1882 456 DIDYMI
1923 403 2389 460 ALEXANDRINI

3547 413 3655 471 532

417 509 567 574 bent,
595 509 735 578 quod
790 511 915 565 dum
946 510 1078 567 alios
1129 513 1270 566 malo
1323 513 1535 572 allicere
1574 518 1981 587 aggrediuntur,

2098 519 2163 589 τῷ
2202 521 2378 592 Πατρὶ
2427 521 2518 573 καὶ
2552 520 2628 590 τῷ
2661 520 2776 592 Υίῷ
2808 523 2901 575 καὶ
2934 521 3066 594 περὶ
3113 520 3299 576 τούτου
3349 525 3657 598 μαρτυρίας

419 601 637 670 ipsimet
691 602 922 670 primum
978 606 1189 674 propria
1245 605 1496 660 fruuntur
1550 609 1807 677 nequitia.
1844 629 1862 662 ι
1917 611 1988 663 At

421 706 552 746 vero
583 691 820 760 Spiritus
853 704 1072 750 sanctus
1125 711 1244 750 cum
1274 697 1471 751 bonum
1499 698 1589 762 sit,
1644 699 1782 752 sicut
1831 711 1988 754 antea

419 782 624 836 dictum
677 781 796 851 fuit,
825 799 924 854 per
975 786 1211 856 seipsum
1263 786 1369 843 tale
1419 796 1477 843 ut
1512 789 1708 844 nullius
1759 791 1989 860 indigeat

421 872 520 934 rei,
547 885 779 942 cumque
807 883 949 929 totus
983 889 1195 945 semper
1221 876 1274 930 in
1305 891 1494 933 omnes
1546 879 1618 933 sit
1665 879 1859 944 bonus,
1894 897 1991 935 ne-

421 980 524 1031 que
556 964 782 1020 inferior
811 981 916 1020 uno
936 975 990 1020 et
1028 968 1204 1037 primo
1239 967 1380 1024 bono
1408 970 1655 1036 exsistat,
1692 972 1850 1044 163
1898 986 1991 1027 ea.

421 1055 543 1110 dein
581 1057 649 1112 de
687 1058 823 1127 ipso,
857 1059 1020 1114 ac-de
1075 1059 1256 1126 Patre,
1305 1071 1358 1116 et
1403 1061 1562 1129 Filio,
1598 1065 1759 1119 etiam
1817 1066 1990 1134 quoad

425 1149 545 1214 hoc,
584 1150 888 1205 testimonia
920 1151 1147 1222 legimus
1184 1154 1235 1208 in
1269 1150 1590 1224 Scripturis,
1631 1155 1773 1212 sicut
1802 1166 1990 1214 osten-

422 1256 540 1294 sum
575 1251 660 1297 est
697 1243 750 1297 in
779 1244 955 1313 primo
991 1245 1103 1316 (2i)
1149 1260 1420 1311 sermone,
1449 1255 1504 1302 et
1538 1248 1678 1303 sicut
1722 1265 1786 1304 ex
1821 1249 1990 1305 Esdra

425 1342 584 1401 patet,
623 1335 714 1403 qui
753 1335 820 1388 de
859 1335 1038 1389 divina
1082 1337 1321 1392 bonitate
1355 1341 1691 1395 coulidenter
1742 1341 1857 1412 (22)
1914 1342 1993 1396 lo-

423 1433 579 1478 cutus
615 1433 719 1487 est,
751 1434 1034 1493 propterea
1078 1428 1218 1496 quod
1266 1437 1468 1493 nosset,
1507 1429 1638 1483 nihil
1701 1445 1762 1486 se
1810 1437 1878 1486 ab
1927 1447 1991 1488 ea

433 1515 542 1580 pati
574 1529 755 1584 posse,
787 1516 1002 1572 etiamsi
1037 1517 1427 1587 aliquantulum
1461 1519 1815 1590 imprudentia
1845 1522 1992 1578 labe-

428 1615 597 1660 retur.
629 1606 753 1662 lla-c
782 1609 924 1663 enim
971 1609 1310 1678 prophetavit
1344 1627 1360 1665 :
1399 1629 1418 1663 ι
1463 1611 1532 1666 Et
1579 1611 1835 1680 Spiritum
1877 1611 1990 1684 (25)

427 1707 574 1752 tuum
600 1699 796 1754 bonum
833 1700 1051 1768 dedisti,
1085 1709 1143 1755 ut
1186 1701 1543 1772 intelligentes
1576 1701 1776 1759 faceret
1809 1719 1923 1760 eos.
1965 1723 1986 1756 ι

428 1789 712 1846 Matthaaus
763 1801 942 1846 autem
991 1801 1048 1847 et
1090 1791 1285 1860 Lucas,
1343 1802 1402 1848 ut
1453 1793 1714 1860 Spiritum
1757 1796 1991 1850 divinam

2091 610 2330 675 ἐδέξατο,
2355 614 2430 675 ὼς
2455 614 2512 664 ὲν
2539 612 2616 682 τῷ
2645 613 2848 682 πρώτῳ
2879 614 3173 684 ἀπείείχθη
3205 614 3364 685 λόγῳ,
3397 615 3494 668 καὶ
3521 616 3599 679 ὡς
3624 615 3656 671 ὀ

2096 701 2330 772 Ἔσδρας
2363 705 2392 756 ὁ
2423 703 2559 774 πρὸς
2591 703 2691 774 τὴν
2723 701 2873 755 Θείαν
2903 703 3419 774 παρρησιασάμενος
3451 704 3651 772 ἀγαθό-

2089 809 2248 862 τητα,
2283 793 2370 846 διὰ
2399 793 2461 846 τὸ
2509 793 2731 857 εἰδέναι,
2771 793 2854 845 ὅτι
2881 792 2983 846 κᾶν
3029 793 3196 866 πταίῃ
3240 811 3312 857 τι,
3361 794 3422 847 τὸ
3463 794 3657 848 παθεῖν

2091 885 2222 953 παρ’
2247 884 2413 952 αὐτῆς
2441 885 2542 936 οὐκ
2565 884 2664 948 ἔνι,
2695 884 3103 954 προεφήτευσεν
3122 900 3136 912 ’
3169 902 3189 935 ι
3218 885 3328 938 Καὶ
3346 884 3406 936 τὸ
3433 885 3658 954 Πνεῦμά

2095 989 2186 1025 σου
2239 973 2301 1025 τὸ
2367 972 2569 1040 ἀγαθὸν
2618 973 2826 1036 ἔδωκας
2869 973 3148 1026 συνετίσαι
3197 973 3414 1036 αὐτούς.
3473 991 3493 1024 ι
3546 974 3661 1026 Καὶ

2090 1063 2367 1126 Ματθαῖος
2394 1062 2453 1116 δὲ
2494 1063 2588 1116 καὶ
2618 1063 2852 1126 Λουκᾶς,
2889 1062 3060 1134 αὐτὴν
3087 1063 3184 1135 τὴν
3234 1061 3422 1135 θεῖκὴν
3460 1063 3662 1131 ἀγαθό-

2091 1171 2230 1224 τητα
2256 1153 2316 1206 τὸ
2342 1152 2565 1224 Πνεῦμα
2607 1154 2726 1207 κατ’
2769 1153 2955 1207 οὐσίαν
2997 1151 3134 1207 εἶναι
3165 1153 3537 1223 σημαίνοντες,
3567 1155 3663 1208 καὶ

2093 1248 2151 1298 ἐν
2197 1244 2344 1315 αὐτῷ
2385 1244 2714 1300 ἐπινοεῖσθαι
2762 1247 2942 1298 πᾶσαν
2972 1245 3118 1299 δόσιν
3158 1246 3390 1317 ἀγαθὴν,
3425 1247 3518 1299 καὶ
3551 1248 3666 1299 πᾶν

2092 1337 2322 1408 δώρημα
2351 1337 2576 1401 τέλειον,
2622 1339 2651 1390 6
2723 1337 2821 1407 μὲν
2857 1337 3092 1409 ἐγραψεο
3143 1357 3162 1389 ι
3204 1338 3362 1407 Πόσῳ
3393 1336 3592 1407 μᾶλλον
3631 1337 3662 1389 6

2092 1427 2282 1499 Πατὴρ
2321 1427 2381 1492 ἐξ
2423 1427 2654 1498 οὐρανοῦ
2703 1427 2871 1481 δώσει.
2899 1429 3081 1497 ἀγαθά
3118 1431 3230 1492 τοῖς
3276 1427 3517 1481 αἰτοῦσιν
3562 1428 3664 1480 αὐο

2091 1515 2222 1583 τόν;
2266 1535 2286 1568 ι
2355 1519 2384 1570 6
2438 1517 2527 1570 δὲ·
2564 1537 2583 1570 ι
2617 1517 2775 1588 Πόσῳ
2817 1517 3016 1588 μᾶλλον
3055 1520 3083 1571 6
3119 1517 3307 1588 Πατὴρ
3337 1517 3395 1582 ἐξ
3429 1514 3666 1588 οὐρανοῦ.

2091 1606 2251 1660 δώσει
2279 1608 2506 1678 Πνεῦμα
2533 1609 2688 1677 ἆγιον
2712 1612 2826 1674 τοῖς
2855 1609 3096 1663 αἰτοῦσιν
3124 1610 3314 1674 αὐτόν;
3359 1628 3378 1660 ι
3410 1609 3452 1660 Τ
3461 1609 3662 1678 ρεπτῆς

2092 1700 2222 1770 γὰρ,
2269 1699 2297 1752 ὃ
2337 1701 2452 1754 ἐστι
2503 1700 2730 1770 κτιστῆς
2767 1739 2782 1765 ,
2841 1701 3032 1762 οὐσίας
3077 1701 3206 1754 [διον
3255 1699 3315 1753 τὸ
3352 1701 3443 1752 ὐπ’
3501 1699 3661 1752 ἄλλου

2094 1789 2484 1858 ἀγαθύνεσθαι,
2542 1791 2575 1862 ἦ
2611 1790 2957 1859 ἀγιάζεσθαι,
3004 1791 3038 1862 ἢ
3079 1790 3414 1860 σοφίζεσθαι,
3454 1789 3548 1843 καὶ
3583 1787 3671 1859 μὴ

425 1875 598 1944 ipsam
642 1877 934 1933 bonitatem
990 1878 1420 1935 substantialiter
1467 1880 1578 1951 (24)
1631 1897 1751 1937 esse
1790 1881 1996 1952 signiﬁ-

2098 1880 2261 1952 αὐτὴν
2304 1881 2590 1953 ἀτρέπτως
2636 1881 2900 1953 ὑπάρχειν
2946 1883 3135 1936 ταῦτα.
3196 1882 3306 1936 Καὶ
3351 1883 3381 1933 ὁ
3431 1881 3563 1944 Θεὸς
3605 1879 3663 1932 δὲ

427 1975 569 2032 cent,
632 1976 794 2036 atque
849 1983 1062 2024 omnem
1119 1969 1232 2041 (25)
1291 1970 1624 2040 largitionem
1674 1974 1891 2037 bonam,
1937 1982 1994 2028 et

427 2072 588 2112 omne
621 2057 819 2112 donum
850 2061 1146 2129 perfectum
1173 2061 1226 2114 in
1272 2061 1390 2131 ipso
1422 2061 1642 2133 intelligi
1691 2063 1827 2133 (26),
1878 2064 1992 2118 inec

424 2149 778 2218 scripserunt.
833 2150 984 2204 Alter
1025 2151 1241 2220 quidem
1294 2169 1308 2206 :
1355 2169 1374 2203 ι
1408 2149 1619 2218 Quanto
1666 2151 1779 2223 (27)
1823 2154 1992 2220 magis

429 2239 588 2294 Pater
613 2255 644 2296 e
672 2241 812 2297 ccelo
843 2242 994 2295 dabit
1023 2242 1156 2296 bona
1189 2243 1496 2311 petentibus
1543 2243 1755 2312 ipsum?
1784 2261 1803 2295 ι
1843 2243 1992 2298 Alter

425 2346 554 2386 vero
591 2350 604 2386 :
649 2350 667 2383 ι
692 2332 904 2396 Quanto
933 2331 1046 2402 (28)
1073 2334 1242 2402 magis
1272 2332 1430 2388 Pater
1454 2333 1522 2388 de
1543 2333 1684 2388 coelo
1704 2333 1850 2390 dabit
1877 2335 1993 2404 Spi-

433 2425 592 2478 ritum
653 2436 900 2479 sanctum
954 2426 1259 2494 petentibus
1295 2426 1390 2480 se?
1417 2443 1437 2477 ι
1494 2423 1639 2482 Illius
1675 2427 1993 2490 enim,sub—

430 2517 663 2582 stantiaa,
691 2533 812 2586 qua:
857 2519 932 2573 sit
960 2517 1254 2584 mutabilis,
1278 2517 1331 2573 id
1359 2526 1462 2585 est,
1489 2529 1690 2582 creata,
1717 2520 1990 2588 proprium

431 2615 535 2671 est,
573 2617 634 2662 ut
669 2610 808 2664 bona
839 2611 907 2664 ab
940 2609 1046 2663 alio
1079 2609 1352 2675 reddatur,
1383 2617 1477 2662 aut
1534 2615 1743 2676 sancta,
1773 2618 1866 2663 aut
1912 2624 1995 2665 sa-

433 2699 604 2768 piens,
634 2714 739 2754 non
771 2716 898 2756 vero
951 2711 1010 2755 ut
1053 2702 1124 2756 sit
1171 2701 1574 2757 immutabiliter
1624 2703 1740 2758 haec
1786 2704 1989 2760 omnia.

433 2790 572 2857 Quin
591 2793 753 2847 etiam
783 2793 924 2848 Deus
950 2793 1004 2848 in
1038 2792 1182 2849 l‘saia
1211 2802 1267 2849 ut
1295 2793 1564 2860 ostendat,
1591 2796 1992 2851 neminemun-

427 2901 589 2955 quam
619 2887 889 2956 spiritales
921 2888 1039 2957 ejus
1066 2888 1461 2946 benedictiones
1503 2898 1845 2960 accepturum
1881 2890 1992 2963 (29)

428 2992 567 3044 esse,
629 2981 720 3048 qui
781 2980 1029 3035 inventus
1079 2979 1230 3051 prius
1281 2996 1386 3036 non
1433 2980 1595 3035 fuerit
1638 2980 1826 3050 plenus
1878 2981 1994 3053 (50)

429 3070 721 3138 sapientia,
751 3080 806 3126 et
833 3071 1182 3140 intelligentia
1226 3069 1460 3141 Spiritus
1515 3073 1710 3138 sancti,
1766 3073 1939 3142 inquit
1975 3092 1989 3126 :

436 3180 454 3213 ι
501 3163 702 3218 Ponam
734 3163 846 3234 (51)
882 3164 1144 3235 Spiritum
1183 3181 1360 3220 meum
1406 3179 1571 3234 super
1603 3179 1786 3220 semen
1819 3171 1990 3228 tuum,

2097 1975 2154 2025 ὲν
2193 1973 2392 2044 Ἡσαΐᾳ.
2420 1973 2653 2037 δεικνὺς,
2691 1973 2767 2037 ὡς
2807 1972 3004 2027 οὔποτε
3028 1974 3127 2038 τὰς
3169 1971 3543 2044 πνευματικὰς
3574 1971 3666 2024 αὐ-

2096 2064 2192 2117 τοῦ
2230 2063 2480 2132 εὐλογίας
2520 2063 2752 2136 λήψεταί
2799 2083 2902 2131 τις,
2964 2066 3040 2136 μὴ
3077 2065 3358 2128 ἀνάπλεως
3403 2064 3664 2136 πρότερον

2095 2153 2197 2224 τῆς
2224 2154 2414 2221 σοφίας
2443 2153 2538 2208 καὶ
2563 2156 2830 2220 συνέσεως
2854 2155 2948 2209 τοῦ
2978 2156 3134 2226 ἁγίου
3162 2156 3478 2227 Πνεύματος
3517 2155 3667 2225 εὐρε-

2097 2244 2232 2308 θεὶς,
2289 2245 2425 2316 ἔφη’
2481 2263 2500 2296 ι
2560 2247 2834 2318 Ἐπιθήσω
2898 2248 2959 2301 τὸ
3018 2250 3242 2319 Πνεῦμά
3297 2266 3396 2318 μου
3450 2247 3542 2300 ἐπὶ
3603 2245 3668 2299 τὸ

2099 2337 2320 2408 σπέρμα
2367 2353 2482 2401 σου,
2525 2339 2618 2391 καὶ
2663 2340 2762 2403 τὰς
2814 2341 3064 2410 εὐλογίας
3109 2359 3211 2412 μου
3255 2341 3348 2394 ἐπὶ
3389 2339 3458 2393 τὰ
3498 2339 3666 2392 τέκνα

2100 2445 2212 2482 σου.
2247 2448 2266 2479 ι
2301 2424 2372 2499 ’ᾩ
2413 2429 2655 2500 ἑπόμενα
2701 2431 2907 2501 ἔγραψε
2952 2432 3197 2497 Παῦλος·
3248 2452 3266 2485 ι
3321 2432 3421 2486 Διὰ
3447 2429 3660 2493 τοῦτο,»

2097 2520 2233 2591 φησὶ
2255 2559 2271 2582 ο
2311 2538 2330 2570 ί
2360 2521 2454 2573 καὶ
2503 2522 2694 2592 ἡμεῖς,
2729 2524 2820 2592 ἀφ’
2851 2519 2918 2594 ἦς
2949 2524 3159 2596 ἡμέρας
3200 2523 3511 2594 ἠκούσαμεν
3534 2560 3550 2585 ,
3601 2521 3663 2574 οὐ

2100 2611 2386 2682 παυόμεθα
2429 2612 2570 2686 ὑπὲρ
2608 2615 2762 2685 ὑμῶν
2795 2616 3249 2686 προσευχόμενοι,
3285 2617 3379 2669 καὶ
3411 2614 3432 2686 [
3460 2615 3526 2670 73
3582 2614 3610 2666 ὁ
3643 2613 3662 2684 ]

2099 2703 2428 2774 αἰτούμενοι,
2463 2706 2549 2758 ἵνα
2576 2705 2899 2777 πληρωθῆτε
2932 2708 3030 2778 τὴν
3061 2707 3354 2775 ἐπίγνωσιν
3385 2706 3478 2759 τοῦ
3512 2705 3668 2775 θελή-

2101 2812 2271 2866 ματος
2292 2796 2479 2863 αὐτοῦ,
2503 2797 2561 2849 ὲν
2591 2797 2740 2868 πάσῃ
2771 2799 2936 2870 σοφίᾳ
2964 2799 3058 2852 καὶ
3083 2800 3294 2852 συνέσει
3323 2797 3664 2868 πνευματικῇ

2100 2887 2526 2958 περιπατοῦντες
2558 2887 2724 2954 ἀξίως
2754 2888 2848 2943 τοῦ
2902 2890 3131 2960 Κυρίου.
3177 2909 3196 2942 ι
3233 2889 3401 2959 Δῆλον
3451 2889 3537 2955 δὲ,
3582 2889 3673 2942 ὅτι

2099 2975 2246 3045 λέγει
2270 2997 2288 3030 ι
2309 2977 2401 3031 τοῦ
2419 2978 2600 3032 θεῖκοῦ
2616 2977 2753 3032 [Iw-:6
2763 2997 2949 3051 ματος.
2976 3000 2993 3033 ι
3016 2980 3451 3036 Συνεπινοεῖσθαι
3466 2980 3571 3051 γὰρ
3587 2979 3667 3049 τῷ

2100 3071 2380 3143 Πνεύματι
2413 3073 2506 3126 τοῦ
2537 3073 2672 3126 Θεοῦ
2703 3074 2802 3144 τὴν
2845 3073 2958 3128 ἀνω
2985 3073 3338 3143 ἀτελεύτητον
3369 3071 3673 3143 βασιλείαν,

2099 3163 2174 3228 ὡς
2217 3164 2292 3236 μὴ
2327 3164 2612 3236 ἀλλοτρίαν
2649 3166 2812 3220 αὐτοῦ
2855 3166 3227 3238 τυγχάνουσαν
3263 3163 3352 3218 διὰ
3387 3165 3485 3235 τὴν
3531 3162 3667 3235 πρὸς

427 3265 480 3306 et
509 3253 907 3310 benedictiones
943 3271 1090 3312 meas
1142 3272 1304 3325 super
1342 3254 1479 3311 lllios
1529 3265 1668 3311 tuos.
1703 3274 1722 3309 ι
1786 3253 1993 3321 Quibus

2098 3254 2186 3306 τὸν
2215 3235 2434 3326 Πατέρα
2463 3235 2556 3309 καὶ
2571 3257 2673 3311 τὸν
2704 3255 2830 3311 Υίδν
2857 3235 3235 3328 ἀλλήλουχίαν.
3269 3257 3378 3310 Καὶ
3401 3251 3554 3318 αὖθις
3579 3253 3679 3307 διὰ.

428 3357 786 3402 cmisentanea
819 3347 1038 3419 scripsit
1084 3347 1282 3405 Paulus
1319 3366 1334 3402 -.
1384 3365 1404 3400 ι
1443 3345 1568 3405 ldeo
1617 3345 1754 3419 (52),
1791 3347 1988 3418 inquit,

429 3594 603 3665 ipsum
643 3595 796 3665 prius
837 3595 978 3650 malo
1031 3597 1214 3651 allicit.
1241 3615 1260 3647 ι
1316 3595 1577 3664 Equidem
1625 3596 1991 3652 transtulerim

430 3664 610 3729 potius
643 3664 657 3718 Ξ
694 3685 711 3717 ι
738 3665 837 3731 Qui
867 3666 1094 3720 alterum
1146 3667 1262 3720 vult
1290 3667 1430 3720 male
1465 3665 1716 3721 allectum
1747 3668 1992 3729 reddere,

432 3735 780 3805 semetipsum
813 3737 962 3804 prius
993 3737 1132 3790 male
1162 3736 1410 3790 allectum
1441 3736 1632 3790 reddit.
1659 3755 1678 3788 ι
1713 3736 2000 3805 Demophi-

435 3804 517 3857 lus
537 3818 750 3873 quoque
771 3807 824 3858 in
857 3807 1142 3860 Sententiis
1174 3806 1536 3874 Pythagoricis
1579 3821 1728 3859 num.
1755 3807 1812 3869 4,
1843 3804 1997 3860 simi-

434 3874 536 3926 lem
554 3874 734 3947 liabet
777 3876 1143 3947 sententiain;
1186 3875 1623 3947 Βουλευσόιμενος
1656 3877 1799 3947 περὶ-
1839 3875 2006 3947 ἄλλουτ

431 3942 638 4019 κακῶς,
673 3943 885 4019 φθονεῖς
908 3945 1123 4019 ῌσαυτιξό
1178 3946 1315 4019 (lege
1365 3942 1586 4019 φθᾷνεις
1626 3942 1867 4019 σεαυτὸν)
1893 3946 2000 4019 πᾴ-

435 4028 578 4082 σχων
601 4015 704 4066 ὐπὸ
738 4015 936 4068 σαυτοῦ
959 4015 1164 4079 κακῶς,
1198 4016 1248 4069 id
1270 4025 1352 4070 est
1381 4033 1400 4066 ι
1433 4017 1565 4070 Dum
1597 4015 1823 4069 alterum
1848 4015 2002 4072 'malo

434 4083 652 4153 allicere
683 4086 970 4148 deliberas,
1029 4098 1078 4138 te
1115 4088 1288 4152 ipsum
1311 4085 1459 4153 prius
1486 4084 1626 4138 malo
1659 4085 1854 4139 alﬁcis.
1885 4104 1904 4137 ι
1940 4088 2002 4139 Et

437 4151 629 4228 [lierax
661 4156 710 4208 iu
734 4155 902 4228 libris
933 4151 1245 4228 (Deijustitia
1272 4151 1538 4228 alioan‘ne
1585 4155 1834 4228 Stobensi
1864 4154 2006 4228 λόγῳ

438 4220 482 4273 θ’
520 4223 776 4296 allegatis
807 4243 822 4278 :
858 4227 973 4290 Πᾶς
997 4220 1181 4288 ἄδικος
1230 4223 1392 4286 αὐτὸς
1422 4225 1520 4296 τῆς
1567 4225 1763 4288 κακίας
1793 4220 2013 4296 πρῶτος

437 4292 656 4378 ςίεύεται
702 4297 831 4378 πρίν
861 4298 940 4360 εἰς
967 4296 1418 4377 ἄλλουςάφιέναι,
1546 4308 1629 4349 est
1662 4313 1681 4347 ι
1705 4292 1881 4378 quivis
1922 4297 2008 4378 iu-

430 4363 608 4436 justus
635 4363 893 4420 malitiam
917 4384 1066 4421 suam
1097 4363 1302 4435 primus
1321 4367 1613 4435 experitur,
1632 4375 1918 4436 antequam
1948 4367 2002 4422 in

435 4434 570 4487 alios
592 4437 820 4491 emittat.
848 4457 874 4490 ι

531 4505 622 4576 2!)
653 4505 721 4559 In
744 4509 933 4576 primo.
961 4508 1092 4562 Vide
1122 4518 1234 4561 not.
1263 4506 1323 4570 2,
1358 4520 1478 4576 pag.

529 4565 1024 4648 22)WCo'nﬁdenler.
1077 4577 1218 4648 Lege
1261 4565 1373 4632 lib:
1414 4565 1456 4629 Π
1504 4575 1712 4642 Esdrw,
1765 4591 1884 4648 cap.
1919 4593 1995 4643 ix,
2029 4565 2076 4620 Ῐ)

435 4659 576 4699 vers.
608 4647 794 4700 l7-l9.

507 4714 619 4786 (2'5)
662 4716 731 4768 Et
768 4715 1043 4787 Spiritum.
1085 4717 1205 4772 Lib.
1254 4717 1294 4770 Il
1342 4717 1523 4781 Esdr.,
1575 4732 1662 4783 ix,
1712 4716 1803 4787 20.
1849 4717 1996 4787 Yerti

437 4786 598 4856 etiam
651 4786 859 4856 potest,
896 4801 954 4841 ut
996 4789 1267 4842 transtulit
1309 4788 1668 4856 Hieronymus
1705 4789 1757 4840 in
1784 4786 1995 4856 Didymi

440 4853 576 4925 libro
626 4847 699 4908 De
733 4847 872 4925 Spir.
923 4869 1104 4910 sancto
1134 4874 1153 4910 :
1184 4861 1255 4911 ita
1287 4859 1430 4911 enim
1477 4847 1669 4925 legitur
1700 4873 1846 4911 num.
1880 4847 1948 4911 5'5
1980 4876 1994 4912 :

444 4941 467 4973 σ
508 4923 678 4979 Porro
727 4923 779 4978 iu
829 4926 998 4980 Esdra
1045 4929 1248 4993 absque
1283 4929 1386 4980 ulla
1427 4923 1775 4992 ambiguitate
1827 4928 2000 4983 bonus

442 4993 673 5066 Spiritus
695 4997 991 5064 appellatur
1020 5016 1071 5050 ει
1094 4999 1352 5066 Spiritum
1385 5007 1535 5051 tuum
1557 4998 1756 5052 bonum
1781 4997 1996 5063 dedisti,

442 5075 498 5114 ut
515 5079 618 5138 eos»
637 5063 845 5138 laceres
867 5063 1184 5138 intelligere.
1211 5087 1229 5118 ι

513 5133 626 5256 (241)
668 5133 1117 5190 Substanliuliier.
1142 5138 1318 5202 Allini,
1346 5139 1450 5192 imo
1473 5137 1657 5192 eodem
1684 5145 2000 5206 argumento

513 5219 572 5256 llS
621 5216 775 5256 uerat
821 5207 870 5256 in
915 5206 1050 5256 libro
1084 5209 1160 5256 De
1189 5206 1331 5256 Suir-
1360 5219 1538 5256 sancto
1572 5223 1591 5256 :
1621 5208 1731 5256 haec
1747 5207 1888 5256 enim
1922 5207 1998 5256 le-

446 5219 572 5257 usus
598 5206 775 5258 fuerat
821 5207 870 5258 iu
915 5206 1050 5261 libro
1084 5209 1160 5262 De
1189 5206 1331 5274 Spir.
1360 5219 1538 5262 sancto
1572 5223 1591 5260 :
1621 5208 1731 5260 haec
1747 5207 1888 5260 enim
1922 5207 1998 5260 le-

443 5283 642 5345 guntur
671 5291 819 5345 num.
846 5279 880 5329 4
917 5295 930 5330 :
975 5293 994 5327 ι
1038 5277 1171 5332 Nam
1217 5280 1462 5332 eumdem
1501 5277 1773 5345 Evangelii
1824 5276 1998 5331 locum

446 5343 730 5398 Matthqu
793 5344 1071 5413 Lucasque
1129 5349 1471 5409 describens,
1505 5347 1639 5400 alter
1658 5343 1733 5401 ’ex
1767 5347 1848 5400 liis
1878 5349 1956 5399 ait
1982 5363 1996 5399 :

447 5432 466 5463 σι
507 5414 717 5486 Quanto
740 5416 906 5484 magis
934 5416 1092 5471 Pater
1112 5419 1348 5472 caelestis
1370 5419 1518 5472 dabit
1537 5420 1673 5470 bona
1698 5417 2000 5486 petentibus

443 5483 585 5556 se?)
638 5484 788 5537 Alter
828 5483 956 5556 itero
1001 5504 1015 5538 :
1065 5506 1082 5536 ε
1138 5488 1352 5552 Quanto
1405 5488 1574 5556 magis
1623 5483 1780 5539 Paier
1824 5497 2002 5540 vester

445 5553 678 5606 «:ualestis
725 5555 871 5627 dabit
912 5555 1168 5625 Spiritum
1217 5573 1370 5610 suum
1415 5553 1555 5627 [003.
1594 5567 1765 5609 noster
1811 5557 2001 5607 omittit

446 5638 638 5684 vocem,
667 5623 848 5695 suum]
887 5623 1129 5679 sanetum
1171 5623 1474 5693 petentibus
1505 5643 1563 5680 se
1577 5627 1609 5679 ?'
1636 5645 1656 5676 ›
1699 5627 1776 5678 Ex
1807 5627 2001 5694 quibus

449 5702 692 5764 apparet,
727 5693 985 5762 Spiritum
1018 5705 1262 5748 sanctum
1292 5697 1673 5764 plenitudinem
1700 5693 1867 5750 esset
1904 5696 2000 5748 b0-

450 5771 637 5810 nnrum
671 5762 828 5816 Dei...
871 5782 889 5814 ι
923 5765 1076 5830 Quod
1119 5762 1304 5817 autem
1335 5766 1764 5820 substantialiter
1804 5767 2000 5820 bonum

447 5833 565 5890 est,
599 5842 699 5882 non
742 5844 917 5900 potest
950 5845 1221 5890 extraucte
1274 5850 1445 5904 capax
1496 5851 1613 5891 esse
1659 5835 1934 5892 bonitatis.
1975 5854 1996 5887 ι

2095 3346 2196 3418 τῆς
2221 3346 2391 3417 αὐτῆς
2428 3348 2744 3421 Ἐπιστολῆς
2768 3351 3072 3418 πιστοῦται,
3102 3350 3326 3422 γράφων
3350 3366 3364 3380 ⁶
3405 3367 3425 3400 ι
3459 3347 3534 3402 οὐ
3559 3346 3677 3417 γάρ·

2100 3595 2337 3652 Numero
2359 3606 2535 3651 autem
2561 3597 2595 3653 9
2619 3615 2633 3652 :
2671 3615 2690 3648 ι
2709 3597 2778 3653 Ει
2802 3596 2963 3665 paulo
2984 3605 3110 3650 ante
3137 3594 3392 3657 diximus,
3422 3592 3680 3649 substan-

2101 3668 2229 3721 tiam
2273 3670 2532 3722 bonorum
2580 3669 2670 3722 Dei
2720 3667 2977 3737 Spiritum
3010 3674 3442 3737 sa‘nctunresse,
3471 3682 3491 3714 ι
3542 3679 3664 3718 cum

2101 3738 2383 3807 posuimus
2415 3738 2716 3805 exemplum
2746 3733 2823 3807 τί(
2860 3737 3019 3807 Dabit
3061 3733 3222 3807 Pater
3244 3734 3502 3807 Spiritum
3543 3749 3668 3787 san-

2105 3803 2248 3931 Etlpm
2284 3803 2589 3876 petentibus
2617 3823 2697 3863 se.
2731 3825 2751 3858 ›
2776 3806 2874 3861 Et:
2909 3825 2926 3858 ι
2956 3805 3108 3860 Dabit
3132 3803 3292 3858 Pater
3317 3805 3456 3860 bona
3485 3814 3669 3873 peten-

2131 3894 2142 3930 t
2187 3892 2248 3931 tis
2269 3891 2347 3930 se.
2377 3897 2398 3928 ι

2106 3878 2248 3931 tibus
2269 3891 2347 3930 se.
2377 3897 2398 3928 ι

2177 3947 2289 4016 (.25)
2327 3946 2569 4016 Omnem,
2609 3957 2714 4000 etc.
2751 3947 2828 4001 Ex
2857 3946 3026 4016 Epist.
3062 3944 3178 4016 Jac.
3209 3958 3248 4006 ι,
3278 3943 3366 3999 l7.

2178 4014 2290 4085 (26)
2331 4015 2584 4084 Inielligi.
2629 4016 2774 4076 Save.
2809 4027 2868 4069 ut
2906 4014 3069 4070 'vertit
3110 4014 3486 4085 Hieronymus,
3518 4027 3538 4061 ι
3576 4027 3668 4085 ειιτ

2106 4082 2450 4154 perintelligi.
2480 4082 2662 4140 {Nam
2689 4102 2838 4140 num.
2867 4086 2934 4141 10
2961 4086 3079 4140 libri
3099 4084 3175 4138 De
3201 4082 3341 4145 Spir.
3361 4095 3559 4146 sancto,
3577 4083 3664 4134 ubi

2111 4156 2325 4224 legitur,
2368 4174 2387 4207 ι
2439 4157 2824 4224 superintelligi
2869 4172 3082 4226 semper
3127 4156 3180 4208 in
3231 4154 3432 4226 Spiritu
3477 4163 3667 4226 sancto

2112 4222 2249 4279 dena
2289 4222 2572 4286 virtutum,
2609 4245 2630 4278 ι
2669 4222 2797 4295 puto
2823 4222 3068 4282 Graecum
3105 4222 3383 4293 exemplar
3413 4222 3679 4278 habuisse-

2108 4295 2469 4363 ἐπινοεῖσθαι,
2503 4311 2599 4363 pro
2632 4317 2650 4348 ι
2687 4296 3092 4364 superintelligi.
3128 4314 3147 4346 ι

2203 4367 2290 4435 27)
2335 4362 2562 4430 Quanto.
2610 4362 2794 4420 Matth.
2846 4382 2940 4430 vn,
2985 4362 3074 4429 ll,
3110 4365 3196 4418 ubi
3225 4362 3408 4435 Graeca
3434 4362 3520 4435 ed.
3548 4375 3666 4435 pro,

2105 4432 2360 4510 όΠατξὴρ
2405 4437 2463 4510 ἐξ
2509 4435 2759 4510 οὐρανοῦ,
2788 4437 2992 4491 habet:
3040 4438 3069 4488 6
3115 4435 3303 4505 Πατὴρ
3343 4432 3495 4505 ὑμῶν
3541 4433 3570 4484 6
3609 4434 3675 4484 ὲν

2103 4509 2215 4568 τοῖς
2241 4507 2508 4576 οὐρανοῖς.

2175 4577 2283 4645 (28)
2310 4571 2558 4641 'Quanto.
2603 4575 2734 4632 Luc.
2773 4592 2848 4644 XI,
2893 4575 2979 4631 l3.
3013 4575 3201 4632 Graeca
3233 4576 3321 4630 ed.
3351 4575 3381 4628 6
3413 4571 3604 4642 Πατὴρ
3639 4573 3670 4625 6

2103 4644 2164 4710 ἐξ
2187 4646 2438 4710 οὐρανοῦ.

2187 4665 2438 4700 ουοανου.

2187 4663 2438 4716 οορανου.

2173 4717 2288 4786 (29)
2344 4715 3046 4786 Accepturum,Persimilia
3082 4716 3138 4786 in
3178 4713 3320 4786 libro
3361 4711 3438 4786 De
3481 4710 3575 4786 ὃν,
3603 4711 3663 4766 S.

2101 4781 2248 4841 nuin.
2269 4781 2347 4840 ’10
2375 4781 2636 4856 legimus:
2676 4803 2696 4838 ι
2731 4785 2878 4856 Unde
2908 4805 2926 4837 ι
2961 4782 3204 4856 (inquit)
3235 4785 3362 4838 etin
3393 4781 3527 4835 Isaia
3557 4782 3669 4850 ipse

2103 4856 2247 4911 Deus
2269 4855 2480 4911 cuidam
2506 4858 2675 4910 dicit:
2716 4873 2734 4906 ι
2776 4855 2974 4910 Ponam
3001 4855 3260 4923 Spiritum
3293 4867 3470 4906 meum
3509 4866 3670 4923 super

2103 4940 2288 4981 semen
2341 4936 2526 4989 tuum,
2572 4935 2626 4979 et
2677 4922 3082 4980 benedictiones
3127 4937 3275 4978 meas
3322 4936 3482 4989 snper
3529 4922 3670 4975 lilios

2104 5006 2244 5049 tuos.
2293 5015 2313 5047 ι
2350 4995 2630 5063 Nunquam
2659 4997 2804 5049 enim
2827 4995 3021 5061 accipit
3048 4995 3334 5063 quisquam
3362 4993 3671 5060 spirituales

2100 5065 2507 5120 benedictiones
2545 5066 2672 5127 Dei,
2722 5066 2825 5120 nisi
2879 5063 3216 5134 praecesserit
3258 5063 3492 5134 Spiritus
3543 5078 3668 5115 san-

2101 5146 2244 5205 ctus.
2283 5153 2302 5186 ι
2338 5135 2478 5205 Lege
2505 5144 2700 5189 cat-tera
2730 5132 2970 5189 numilo
2993 5145 3045 5187 et
3076 5135 3242 5205 ll,ret
3269 5148 3389 5187 cum
3423 5132 3505 5185 bis
3536 5147 3668 5186 con-

2103 5204 2203 5271 fer,
2239 5221 2360 5274 qua:
2407 5204 2508 5260 hoc
2548 5205 2599 5257 in
2639 5205 2756 5260 loco
2781 5205 3004 5259 dictavit
3047 5204 3326 5273 theologus
3363 5214 3568 5265 uoster,
3601 5211 3666 5274 ut

2104 5267 2353 5329 eumdem
2391 5275 2681 5342 utrobique
2725 5287 3001 5327 auctorem
3051 5267 3335 5343 agnoscas,
3366 5283 3543 5343 etsex
3580 5273 3666 5343 illa
3715 5267 3722 5287 '

2102 5346 2217 5414 ipsa
2263 5346 2557 5412 Scriptura:
2595 5340 2738 5408 loca,
2783 5359 2903 5413 qua:
2943 5344 3031 5398 hic
3075 5340 3322 5414 proxime
3368 5340 3557 5410 alfert,
3591 5341 3664 5396 ibi

2101 5417 2264 5470 etiam
2283 5415 2452 5468 allata
2487 5416 2834 5484 perspicias,
2959 5469 2977 5484 7‘

2175 5485 2284 5556 (50)
2326 5479 2545 5556 Plenus.
2581 5479 2786 5556 L‘odex,
2813 5479 3114 5556 ἀναπλέως.
3160 5482 3326 5556 Lego,
3362 5479 3667 5542 ἀνάπλεως.

2171 5552 2282 5626 (5i)
2319 5554 2554 5626 Bonam:
2581 5552 2682 5626 lsa.
2715 5570 2857 5626 mit,
2897 5555 2950 5608 5.

2175 5621 2288 5693 (52')
2328 5622 2479 5676 Ideo.
2517 5623 2722 5679 Coloss.
2753 5640 2786 5687 I,
2812 5625 2844 5679 9
2866 5635 2920 5678 et
2943 5625 3030 5678 l0.
3064 5621 3248 5678 Graeca
3279 5624 3364 5677 ed.
3394 5636 3494 5691 pro
3518 5635 3670 5687 περι-

2103 5695 2422 5766 πατοῦντες,
2467 5693 2667 5766 habet,
2705 5695 3077 5766 περιπατῆσαι
3107 5695 3284 5763 ὑμᾶς,
3316 5695 3366 5766 id
3420 5701 3520 5766 est,
3557 5707 3574 5739 ι
3613 5693 3674 5766 ut

2104 5756 2413 5818 ambulctis.
2454 5785 2470 5814 ι
2497 5763 2567 5815 At
2607 5756 2864 5833 Didyuius
2899 5756 3083 5820 iu'lib.
3115 5756 3278 5820 etiam
3309 5763 3382 5816 De
3423 5759 3565 5831 Spir.
3605 5756 3674 5813 S.

2106 5851 2256 5890 num.
2293 5833 2384 5902 10,
2410 5834 2536 5904 legit
2575 5851 2596 5885 ι
2624 5836 2978 5890 ambulantes.
3022 5854 3040 5886 ι
