4082 6408
313 388 420 444 5'53

1395 389 1482 444 DE
1521 389 1896 449 TRINITATE
1934 392 2137 451 LIBER
2179 397 2562 456 SECUNDUS.

3472 396 3597 451 55;"

317 507 464 559 ἐστιν
497 503 532 576 ὴ
572 503 827 574 βασιλεία
877 503 972 558 τοῦ
1004 503 1136 558 Θεοῦ
1173 503 1375 577 βρῶσις
1408 507 1505 560 καὶ
1539 509 1728 573 πόσις,
1774 509 1909 564 ἀλλά

2018 522 2066 568 et
2104 529 2202 570 nos
2231 531 2297 571 ex
2325 529 2428 585 qua
2458 516 2546 570 die
2575 514 2899 580 audivimus,
2933 530 3038 570 non
3067 503 3340 570 cessamus
3367 529 3466 583 pro
3489 530 3586 572 vo-

324 596 663 668 δικαιοσύνη,
691 597 786 650 καὶ
801 598 1016 668 εἰρήνη,
1037 598 1132 651 καὶ
1149 599 1290 667 χαρὰ
1313 599 1370 651 ἐν
1391 600 1530 652 Πνεύ
1541 617 1670 670 ματι
1693 601 1854 672 ἁγίῳ.
1883 623 1900 653 ι

328 688 441 741 Οὐκ
490 687 654 740 ἔλαθε
697 687 742 739 δ’
776 687 899 740 οὐδὲ
936 687 1092 740 τοῦτο
1124 688 1218 740 καὶ
1248 689 1472 759 Πέτρον.
1507 690 1907 762 Ἀπολογούμε-

331 797 416 844 νος
444 779 554 850 γὰρ
600 781 713 844 τοῖς
747 779 1093 850 αίτιωμένοις
1137 779 1235 849 τὴν
1265 782 1575 851 συντυχίαν,
1621 776 1688 852 ἣν
1718 785 1906 854 ἐποιή-

341 887 463 922 τατο
484 869 620 940 πρὸς
643 870 964 940 Κορνήλιον,
987 869 1091 940 ἔφη
1111 886 1122 898 ·
1159 889 1176 921 ι
1216 869 1278 923 Et
1303 868 1397 924 οῦν
1424 873 1524 943 τὴν
1555 873 1676 943 ῐσην
1699 873 1908 946 δωρεὰν

334 961 561 1014 δέδωκεν
593 961 778 1024 αὐτοῖς
811 961 840 1013 ὁ
877 961 1029 1025 Θεὸς,
1061 963 1361 1033 παρασχὼν
1391 963 1452 1016 τὸ
1481 964 1635 1032 ἅγιον
1664 966 1906 1036 Πνεῦμα,

335 1053 411 1116 ὡς
435 1053 528 1106 καὶ
556 1054 687 1122 ἡμῖν
708 1053 767 1105 ὲν
789 1052 931 1124 ἀρχῇ
950 1069 965 1084 ο
997 1053 1108 1122 ἐγὼ
1135 1054 1216 1118 τίς
1244 1055 1392 1124 ἥμην
1416 1055 1639 1120 δυνατὸς
1667 1057 1909 1112 κωλῦσαι

338 1145 433 1196 τὸν
463 1143 617 1209 Θεόν;
655 1163 673 1195 ι
704 1144 812 1197 Καὶ
835 1143 1028 1196 πάλιν·
1069 1163 1086 1194 ι
1121 1145 1231 1197 Καὶ
1252 1147 1280 1198 ὁ
1308 1145 1747 1219 καρδιογνώστης
1777 1148 1910 1212 Θεὸς

343 1235 713 1308 ἐμαρτύρησεν
761 1238 965 1301 αὐτοῖς,
1022 1237 1145 1300 δοὺς
1197 1237 1258 1290 τὸ
1317 1237 1544 1310 Πνεῦμα
1599 1239 1660 1292 τὸ
1717 1241 1903 1309 ἅγιον,

343 1328 517 1392 καθὼς
546 1329 636 1381 καὶ
665 1331 824 1399 ἡμῖν·
847 1330 942 1382 καὶ
966 1328 1118 1382 οὐδὲν
1145 1328 1411 1400 διέκρινεν
1439 1331 1642 1401 μεταξὺ
1673 1331 1828 1402 ήμῶν
1851 1350 1909 1386 τε

340 1422 431 1474 καὶ
455 1419 652 1484 αὐτῶν,
674 1424 742 1490 τῇ
763 1421 942 1473 πίστει
965 1419 1268 1492 καθαρίσας
1287 1421 1386 1485 τὰς
1412 1422 1638 1494 καρδίας
1659 1423 1858 1479 αὐτῶν.
1888 1445 1905 1475 ι

341 1511 494 1565 Τοῦτ’
535 1513 718 1564 ἔστιν’
765 1513 829 1565 Ἦ
876 1513 969 1566 τοῦ
1009 1513 1166 1581 ἁγίου
1204 1512 1522 1585 Πνεύματος
1562 1513 1804 1585 ἔκχυσις,
1837 1516 1913 1579 ὡς

336 1604 401 1656 ἇν
443 1621 526 1667 τις
559 1603 723 1667 εἷποι,
756 1605 790 1674 ή
825 1604 1195 1674 ἀκατάσχετος
1228 1604 1322 1658 καὶ
1365 1605 1595 1675 ἄφθονος
1629 1607 1912 1676 ἐπιφοίτη-

2011 606 2092 661 bis
2157 618 2398 673 orantes,
2457 618 2513 663 et
2574 607 2911 678 postulantes
2969 619 3028 662 ut
3073 608 3401 678 impleamini
3441 609 3587 678 agni-
3675 593 3682 599 ’

2012 698 2156 753 ιίοιιε
2187 699 2480 754 voluntatis
2526 699 2667 769 eius,
2703 699 2758 753 in
2808 700 2954 753 omni
3003 700 3263 768 sapientia
3323 708 3380 753 et
3423 697 3583 752 intel-

2010 790 2232 860 ligentia
2291 791 2540 859 spiritali,
2570 791 2908 846 ambulantes
2941 791 3100 859 digne
3133 790 3382 854 Domino,
3419 809 3437 841 ι
3482 790 3583 843 Ιιοε

2009 891 2114 946 est,
2149 899 2168 934 ι
2203 882 2363 951 digne
2403 883 2585 936 divino
2624 882 2848 952 Spiritu,
2886 902 2904 934 ι
2949 881 3107 954 164
3154 891 3212 936 ιιι
3239 881 3582 935 manilestum

2010 981 2112 1028 cst.
2155 971 2289 1026 Nam
2330 973 2491 1028 simul
2536 989 2658 1028 cum
2713 973 2916 1042 Spiritu
2965 975 3054 1028 Dei
3103 972 3324 1043 intelligi
3366 972 3584 1026 cocleste

2013 1065 2410 1120 interminatutn
2450 1081 2693 1135 regnum,
2720 1076 2902 1136 utpote
2933 1065 3001 1120 ab
3028 1066 3146 1136 ipso
3184 1080 3289 1119 nou
3321 1064 3582 1127 alienum,

2012 1169 2131 1208 cum
2165 1169 2228 1209 ea
2256 1171 2377 1224 qua:
2403 1155 2566 1210 habet
2613 1157 2768 1211 Pater
2813 1165 2865 1210 et
2893 1156 3084 1222 Filius,
3117 1156 3318 1210 habeat
3367 1163 3423 1208 et
3473 1156 3587 1224 ipse

2013 1245 2263 1316 Spiritus,
2317 1263 2506 1303 rursus
2541 1264 2637 1318 per
2664 1252 2910 1304 eamdem
2961 1246 3254 1316 Epistolam
3299 1246 3588 1301 conﬁrmat

2013 1339 2294 1394 scribens:
2329 1357 2346 1389 ι
2376 1337 2493 1392 Non
2517 1349 2601 1393 est
2651 1339 2764 1408 (55)
2809 1340 2954 1394 enim
3004 1353 3226 1408 regnum
3264 1338 3358 1392 Dei
3408 1338 3586 1401 cibus,

2012 1441 2066 1482 et
2099 1439 2273 1498 potus,
2303 1431 2395 1484 sed
2423 1428 2654 1497 justitia,
2687 1441 2740 1486 et
2783 1447 2909 1501 pax,
2937 1441 2991 1486 et
3020 1432 3268 1501 gaudium
3302 1432 3353 1486 in
3379 1431 3585 1500 Spiritu

2012 1531 2218 1574 sancto.
2259 1539 2277 1572 ι
2320 1521 2376 1575 id
2408 1535 2534 1576 vero
2559 1537 2625 1577 ne
2647 1522 2864 1577 Petrum
2893 1524 3108 1592 quidem
3143 1522 3300 1575 latuit
3341 1539 3355 1575 :
3391 1537 3587 1591 expur—

2013 1627 2146 1681 gans
2177 1612 2321 1666 enim
2369 1627 2428 1667 se
2478 1613 2583 1666 illis
2643 1615 2732 1684 qui
2779 1628 2902 1668 eum
2955 1614 3302 1677 accusabant,
3345 1615 3484 1682 quod
3531 1613 3586 1665 in

344 1712 427 1759 σις
465 1696 652 1762 αὐτοῦ,
679 1695 828 1749 αἰτία
859 1695 1212 1767 προφητείας,
1245 1696 1338 1750 καὶ
1369 1695 1784 1767 ἀνακαινισμοῦ,
1818 1697 1909 1750 καὶ

2018 1703 2456 1757 consuetudinem
2497 1703 2732 1758 Cornelii
2763 1720 2822 1759 se
2861 1703 3121 1767 dedisset,
3151 1705 3226 1757 ait
3258 1719 3272 1755 :
3312 1722 3330 1755 ι
3373 1702 3428 1757 Si
3454 1718 3587 1771 ergo

337 1786 602 1857 οὐρανίων
648 1786 886 1854 ἀγαθῶν,
921 1789 1016 1840 καὶ
1051 1787 1146 1840 τοῦ
1183 1790 1462 1840 κατανοεῖν
1501 1787 1561 1839 τὸ
1591 1787 1785 1850 κάλλος
1814 1787 1909 1856 τῆς

2019 1793 2132 1864 (54)
2171 1793 2431 1863 aequalem
2484 1796 2714 1864 gratiam
2766 1794 2914 1849 dedit
2969 1794 3102 1862 ipsis
3157 1795 3297 1848 Deus
3343 1793 3584 1862 praebens

339 1877 525 1947 θεῑκῆς
551 1876 805 1947 ἀληθείας
828 1877 993 1930 ἐστίν.
1034 1876 1120 1937 Ὠς
1147 1877 1254 1946 γὰρ
1281 1877 1359 1947 τῷ
1395 1877 1702 1947 Ἀποστόλῳ
1732 1876 1908 1929 δοκεῖ’

2020 1887 2280 1954 Spiritum
2322 1897 2593 1952 sanctum,
2627 1887 2769 1941 sicut
2801 1895 2856 1940 et
2898 1885 3052 1942 nobis
3089 1886 3140 1940 in
3183 1885 3464 1956 principio,
3485 1899 3586 1954 ego

345 1987 362 2018 ι
411 1969 469 2022 'D
499 1968 710 2039 καρπὸς
745 1967 837 2021 τοῦ
878 1968 1226 2039 Πνεύματος,
1262 1969 1481 2038 ἀγάπη,
1515 1968 1679 2039 χαρὰ,
1715 1968 1906 2038 εἰρήνη

2018 1981 2134 2049 quis
2159 1995 2308 2035 eram
2337 1979 2429 2049 qui
2465 1993 2678 2048 possem
2734 1978 3021 2049 prohibere
3048 1978 3250 2032 Deum?
3286 1995 3305 2030 ι
3350 1978 3415 2031 Ει
3461 1992 3585 2030 rur-

339 2061 506 2114 ἐστίν.
557 2080 577 2113 ι
617 2061 780 2114 Ὅθεν
823 2054 917 2116 καὶ
952 2063 1111 2116 πάλιν
1144 2063 1376 2134 γράψει’
1416 2082 1434 2114 ι
1487 2063 1549 2114 Ἡ
1584 2061 1692 2132 γὰρ
1719 2061 1906 2131 ἀγάπη

2018 2087 2144 2126 sus:
2188 2089 2206 2121 ι
2242 2069 2307 2123 Ει
2339 2070 2583 2124 cordium
2615 2069 2729 2140 (55)
2762 2070 3007 2140 cognitor
3045 2071 3184 2124 Deus
3218 2069 3584 2124 testiinonium

338 2152 430 2204 τοῦ
462 2149 595 2204 Θεοῦ
624 2151 918 2222 ἐκκέχυται
950 2154 1008 2205 ὲν
1038 2155 1158 2215 ταῖς
1186 2153 1437 2223 καρδίαις
1466 2152 1622 2223 ἡμῶν
1653 2155 1710 2206 ἐν
1740 2151 1908 2205 Πνεύ-

2018 2163 2198 2217 tribnit
2219 2163 2321 2227 eis,
2343 2163 2480 2217 dans
2511 2160 2768 2231 Spiritum
2792 2159 3215 2224 sanctum,sicut
3235 2169 3290 2214 et
3316 2159 3496 2220 nobis,
3532 2169 3588 2212 et

342 2261 468 2313 ματι
509 2245 667 2314 ἁγίῳ.
701 2263 720 2297 ι
758 2245 905 2309 Μιᾶς
937 2244 1068 2313 γοῦν
1101 2244 1268 2316 οὔσης
1314 2244 1648 2314 ἀγαθότητος
1698 2243 1795 2314 τῆς
1851 2245 1909 2294 ὲν

2018 2253 2143 2308 nihil
2176 2253 2431 2308 discrevit
2457 2252 2600 2307 inter
2621 2260 2810 2317 nos,et
2841 2251 2978 2316 illos,
3003 2252 3104 2305 lide
3131 2248 3394 2303 mundans
3421 2247 3586 2302 corda

340 2335 484 2388 ἐνάδι
507 2336 755 2408 Τριάδος,
784 2336 976 2390 πολλαὶ
998 2339 1128 2408 ήμῖν
1152 2336 1532 2390 ἀποτίκτονται
1553 2335 1905 2404 ἀγαθότητες·

2018 2359 2216 2398 eorutn.
2255 2362 2273 2394 ι
2309 2343 2366 2398 Id
2400 2350 2514 2409 est,
2567 2341 2800 2411 Spiritus
2844 2343 3016 2396 sancti
3051 2338 3240 2397 eliusio
3273 2339 3408 2410 (56),
3445 2353 3582 2402 τεῖρε,

339 2426 526 2498 ὥσπερ
559 2427 836 2498 ἀληθείας,
879 2429 974 2482 καὶ
1013 2428 1378 2500 δικαιοσύνης,
1429 2429 1522 2481 καὶ
1558 2426 1744 2496 σοφίας
1784 2428 1909 2497 μιᾶς

2018 2445 2072 2488 ιιι
2108 2434 2189 2490 sic
2227 2435 2438 2504 loquar,
2473 2431 2712 2488 coerceri
2749 2447 2854 2487 non
2881 2440 3078 2501 potest,
3109 2441 3163 2485 ει
3200 2432 3414 2500 copiosa
3442 2430 3588 2485 illius

337 2519 502 2591 οὔσης
528 2521 648 2590 (τῆς
677 2520 790 2575 ἄνω
818 2539 889 2593 φη
901 2522 983 2592 μὶ)
1025 2521 1167 2574 κατά
1193 2521 1273 2584 τὸ,
1309 2541 1325 2571 ι
1353 2520 1588 2583 Δυνατὸς
1618 2516 1688 2584 εἴ,
1716 2520 1908 2590 Κύριε,

2018 2526 2380 2595 participatio,
2421 2537 2584 2596 atque
2638 2526 2922 2590 adventus,
2971 2524 3286 2594 prophetiae,
3319 2533 3375 2578 et
3429 2537 3588 2578 reno-

341 2612 433 2664 καὶ
463 2613 495 2681 ἡ
522 2611 750 2682 ἀλήθειά
777 2631 869 2666 σου
902 2613 1087 2684 κύκλῳ
1119 2630 1213 2666 σου
1253 2633 1270 2665 ι
1311 2613 1466 2684 (ἥτις
1553 2612 1622 2666 74
1663 2610 1720 2684 α]
1765 2612 1911 2663 ἐστὶν

336 2705 366 2755 ὁ
429 2704 721 2774 μονογενὴς
772 2704 962 2773 Θεὸς),
1017 2704 1111 2758 κα).
1166 2703 1308 2758 κατὰ
1349 2703 1434 2760 τὸ.
1469 2721 1487 2754 ι
1552 2702 1714 2771 Μόνῳ
1764 2699 1912 2770 σοφῷ

337 2793 456 2864 Θεῷ
489 2813 508 2845 ι
532 2837 547 2859 ,
613 2796 804 2848 πολλαὶ
840 2796 1200 2868 πληθύνονται
1234 2798 1365 2867 ήμῖν
1402 2795 1608 2849 ἄνωθεν
1638 2793 1909 2865 ἀλήθειαι,

340 2886 431 2936 καὶ
465 2885 834 2950 δικαιοσύναι,
871 2888 965 2941 καὶ
999 2887 1211 2955 σοφίαι,
1247 2885 1388 2939 κατὰ
1437 2887 1526 2951 τὸ,
1566 2905 1584 2937 ι
1633 2883 1914 2956 Ἀληθείας

338 2978 557 3048 ἐκζητεῖ
602 2979 841 3051 Κύριος·
885 2999 903 3030 ι
957 2981 1071 3044 καὶ,
1115 2999 1133 3030 ι
1177 2980 1395 3044 Δίκαιος
1439 2980 1664 3050 Κύριος,
1697 2979 1792 3032 καὶ
1835 2978 1915 3032 δι-

340 3070 630 3134 καιοσύνας
693 3072 946 3142 ἠγάπησε
967 3089 980 3102 ο
1023 3089 1040 3122 ι
1074 3070 1186 3136 καὶ,
1217 3088 1234 3119 t
1271 3069 1482 3141 Πλῆθος
1515 3069 1715 3138 σοφῶν,
1747 3085 1915 3139 σωτη-

2013 2616 2268 2678 vationis,
2302 2625 2356 2670 et
2388 2615 2686 2670 ctelestium
2713 2615 2973 2669 bonorum
2999 2629 3157 2668 causa
3194 2623 3299 2678 est,
3321 2613 3591 2683 eliicitque

2015 2715 2074 2760 ut
2103 2706 2440 2775 pulchritudo
2475 2705 2670 2759 divine
2703 2706 2949 2760 veritatis
2971 2705 3317 2775 percipiatur.
3344 2704 3415 2760 Ut
3439 2706 3585 2760 enitr.

2012 2796 2268 2863 Apostolo
2307 2797 2556 2851 videtur:
2589 2815 2608 2847 ι
2646 2796 2876 2850 Fructus
2905 2795 3017 2866 (57)
3043 2795 3298 2864 Spiritus,
3323 2795 3586 2854 charitas.

2015 2883 2293 2952 gaudium,
2330 2898 2435 2952 pax
2467 2893 2574 2938 est.
2614 2902 2634 2936 ι
2663 2883 2817 2939 Unde
2844 2894 2900 2938 et
2922 2898 3110 2939 rursus
3138 2884 3329 2939 scribit
3355 2902 3370 2938 :
3405 2903 3425 2936 ι
3455 2886 3589 2938 Cha-

2016 2975 2149 3028 ritas
2177 2974 2289 3045 (58)
2309 2976 2451 3029 enim
2485 2975 2575 3030 Dei
2599 2974 2788 3029 dill'usa
2811 2976 2964 3031 estin
2982 2975 3235 3032 cordibus
3261 2975 3458 3030 nostris
3474 2975 3588 3047 (59)

2016 3065 2071 3119 ἰιι
2120 3065 2326 3134 Spiritu
2362 3075 2573 3122 sancto.
2620 3084 2639 3119 ι
2678 3066 2812 3122 Cum
2843 3083 2971 3138 ergo
2993 3067 3273 3122 Trinitatis
3305 3067 3358 3122 in
3384 3067 3590 3121 unitate

349 3160 441 3228 ρία
469 3161 671 3231 κόσμου
692 3179 704 3192 ο
742 3181 760 3214 ι
797 3163 910 3225 καὶ,
946 3179 964 3213 ι
998 3161 1484 3233 Συμπορευόμενος
1519 3163 1724 3229 σοφοῖς,
1755 3159 1909 3228 σοφὸς

2020 3157 2338 3211 exsistentis
2379 3171 2484 3210 una
2521 3157 2594 3212 sit
2618 3158 2851 3224 bonitas,
2895 3159 3078 3212 multa:
3108 3166 3286 3213 tamen
3326 3158 3480 3212 nobis
3509 3158 3591 3226 gi-

341 3251 461 3323 ἔσῃ.
500 3271 518 3305 ι
552 3254 728 3324 Σαφὲς
753 3250 866 3315 οῦν,
896 3254 972 3317 ὡς
997 3254 1057 3306 τὸ
1087 3253 1311 3324 Πνεῦμα
1337 3253 1431 3307 τοῦ
1460 3253 1616 3318 Θεοῦ,
1639 3255 1704 3324 τῇ
1730 3252 1908 3324 ὑπάρ-

2019 3257 2256 3318 gnuntur
2289 3248 2562 3305 bonitates
2604 3267 2616 3302 :
2658 3251 2801 3304 sicut
2850 3266 2972 3305 cum
3021 3250 3243 3318 veritas,
3271 3260 3328 3305 et
3356 3249 3587 3318 juszitia,

348 3342 428 3406 ξει
460 3344 616 3415 αὐτῇ,
666 3347 888 3416 Πνεῦμα
922 3347 1144 3412 ἀγαθὸν.
1182 3347 1275 3400 καὶ
1307 3345 1532 3417 Πνεῦμα
1581 3345 1773 3414 σοφίας
1820 3345 1909 3397 καὶ

2018 3350 2069 3394 ει
2097 3341 2360 3409 sapientia
2388 3356 2492 3395 una
2515 3342 2587 3396 sit
2617 3341 2829 3413 (loquor
2853 3353 3032 3398 autem
3061 3344 3126 3399 de
3149 3343 3408 3412 caalesti),
3432 3345 3592 3414 juxta

339 3434 615 3504 ἀληθείας,
661 3437 756 3490 καὶ
802 3437 1027 3508 Πνεῦμα
1070 3437 1164 3490 τοῦ
1200 3438 1434 3509 ἀοράτου
1483 3438 1573 3490 καὶ
1619 3435 1914 3489 ἀσυνθέτου

337 3524 471 3578 Θεοῦ
506 3527 598 3579 καὶ
626 3527 838 3598 Πατρὸς
875 3528 1233 3598 καθέστηκεν.

2013 3431 2143 3487 illud
2187 3450 2202 3488 :
2263 3451 2282 3485 ι
2322 3431 2520 3488 Potens
2563 3435 2676 3505 (40)
2738 3451 2818 3497 es,
2877 3435 3121 3500 Domine,
3173 3445 3230 3490 et
3261 3436 3460 3491 veritas
3501 3445 3595 3490 tua-

2016 3523 2158 3595 (qum
2201 3533 2285 3580 est
2346 3526 2656 3595 unigenitus
2712 3527 2875 3596 Deus)
2926 3529 2976 3581 in
3034 3529 3260 3583 circuitu
3314 3537 3424 3594 tuo,
3477 3547 3496 3582 ι
3535 3540 3593 3583 ει

334 3619 485 3686 juxta
519 3617 646 3672 illud
681 3636 696 3674 :
729 3637 748 3670 ι
779 3618 887 3672 Soli
914 3618 1027 3689 (Η)
1065 3619 1292 3689 sapienti
1323 3619 1464 3684 Deo;
1518 3636 1535 3670 ι
1573 3615 1753 3672 multa:
1794 3625 1973 3671 tamen
2013 3616 2173 3671 nobis
2213 3616 2441 3687 desuper
2480 3627 2627 3683 sunt,
2663 3633 2727 3672 ac
2767 3618 3189 3688 multiplicantur
3221 3619 3498 3686 veritates,
3535 3628 3591 3672 et

339 3708 584 3776 iustitiae,
644 3710 1017 3780 etsapientiaa,
1050 3710 1207 3782 165
1234 3710 1386 3780 juxta
1421 3710 1595 3765 illud:
1637 3729 1654 3760 ι
1691 3706 1954 3763 Veritates
1993 3705 2106 3777 (42)
2140 3707 2372 3776 exquirit
2433 3708 2720 3774 Dominus;
2766 3726 2786 3758 ι
2831 3717 2922 3762 et:
2972 3726 2994 3758 ι
3022 3707 3204 3763 Justus
3239 3708 3352 3779 (45)
3407 3707 3593 3763 Domi-

342 3814 467 3866 nus,
531 3809 585 3856 et
607 3799 850 3868 justitias
878 3802 1100 3867 dilexit;
1131 3822 1149 3854 ι
1183 3811 1236 3855 ει
1267 3820 1282 3856 :
1321 3821 1339 3854 ι
1373 3801 1660 3857 Multitudo
1711 3799 1822 3871 (44)
1869 3798 2214 3864 sapientium,
2274 3799 2421 3855 salus
2486 3800 2706 3865 mundi;
2747 3818 2766 3852 ι
2801 3809 2896 3855 et:
2949 3816 2969 3850 ι
3007 3798 3301 3856 Ambulans
3329 3801 3591 3872 (lacum

416 4003 531 4075 (55)
575 4003 700 4057 Non
721 4015 839 4075 χιιι.
881 4003 999 4058 Non
1049 4003 1112 4075 in_
1130 4003 1302 4073 Epist.
1332 4003 1399 4058 ad
1443 4003 1650 4061 Coloss.
1682 4005 1800 4060 haec
1833 4003 1909 4058 le-

340 4072 568 4144 guntur,
589 4076 690 4144 sed
720 4073 878 4127 Rom.
905 4089 1017 4137 xtv,
1047 4072 1134 4127 17.

417 4145 531 4211 (54)
574 4142 633 4197 Si
666 4160 808 4213 ergo.
839 4144 960 4198 Act.
1002 4159 1077 4215 ιι,
1107 4143 1194 4197 l7.
1227 4141 1428 4215 verba,
1463 4162 1481 4196 ι
1512 4145 1758 4215 praebens
1778 4143 1911 4215 Spi-

347 4214 511 4266 ritum
541 4224 808 4280 sanctum,
845 4232 865 4264 ι
898 4223 953 4266 ει
984 4231 1003 4264 ι
1039 4214 1090 4268 in
1119 4214 1406 4282 principio,
1446 4233 1462 4264 ι
1495 4213 1640 4268 addit
1669 4213 1911 4282 explica-

349 4282 514 4338 tionis
540 4298 700 4336 causa
719 4323 735 4346 ,
780 4299 845 4336 ex
874 4283 978 4345 his,
1011 4298 1130 4353 quae
1157 4285 1366 4338 duobus
1394 4285 1640 4351 proxime
1667 4285 1912 4353 superio-

346 4355 494 4424 ribus
519 4353 818 4424 versiculis,
868 4354 930 4407 l5
958 4352 1124 4424 eth,
1155 4353 1424 4424 leguntur.
1461 4352 1767 4424 Eademque
1797 4355 1910 4424 ipsa

342 4422 708 4493 additamenta
752 4423 1066 4493 observabis
1109 4439 1136 4475 ιι
1193 4423 1420 4493 Didytno
1466 4423 1604 4478 facta
1647 4422 1830 4478 etiatn‘
1859 4425 1911 4477 itt

339 4493 479 4546 libro
510 4493 584 4545 De
636 4490 778 4560 Spir.
811 4491 870 4546 S.
903 4508 1050 4546 num.
1083 4493 1172 4556 ll,
1224 4490 1312 4546 ubi
1365 4494 1506 4547 hunc
1553 4493 1728 4548 locum
1761 4494 1912 4548 citat.

338 4561 494 4632 Quod
521 4562 565 4615 si
595 4561 664 4614 ibi
701 4578 803 4632 non
834 4563 1047 4632 legitur,
1083 4581 1101 4614 ι
1134 4563 1419 4632 prohibere
1447 4564 1635 4627 Deum,
1666 4581 1684 4614 ι
1714 4572 1771 4616 ιιι
1797 4564 1902 4628 hic,

338 4630 435 4685 sed
488 4649 506 4683 ι
540 4631 823 4700 prohibere
872 4630 1189 4696 Dominum,
1224 4651 1243 4684 ι
1297 4633 1429 4686 nihil
1468 4642 1518 4688 te
1557 4643 1772 4688 moveat
1803 4635 1908 4686 ista

338 4701 618 4772 varietas:
665 4717 788 4754 nam
828 4707 994 4757 codex
1031 4710 1215 4758 noster
1245 4719 1346 4758 ms.
1387 4704 1460 4758 ibi
1501 4703 1684 4768 habet,
1719 4722 1738 4754 ι
1785 4718 1909 4772 pro-

339 4771 528 4826 bibere
557 4772 748 4826 Deum.
787 4791 806 4824 ι

415 4840 528 4911 (55)
551 4842 612 4894 Et
636 4843 896 4895 cordium.
910 4841 1031 4895 Act.
1049 4856 1136 4908 xv,
1162 4841 1196 4895 8
1212 4850 1265 4896 et
1277 4840 1329 4896 9.
1348 4841 1532 4896 Grzeca
1547 4842 1632 4895 ed.
1649 4842 1730 4896 bis
1747 4842 1912 4897 habet

337 4923 549 4975 vocem,
574 4911 773 4976 αὐτοῖς,
814 4927 1003 4979 nempe
1046 4913 1226 4973 habet,
1259 4932 1276 4963 ι
1313 4915 1446 4982 dans
1474 4914 1604 4982 ipsis
1645 4913 1907 4982 Spiritum

338 4989 613 5053 sanctum.
655 4984 812 5053 rSed
832 4982 1089 5053 Didymus
1113 4983 1300 5053 eodem
1328 4981 1488 5053 plane
1531 4981 1697 5036 modo
1734 4982 1908 5053 locum

339 5049 522 5103 attulit
545 5066 662 5104 cum
692 5052 799 5115 hic,
829 5049 1013 5105 tuin'in
1039 5051 1132 5106 lib.
1152 5053 1224 5104 De
1243 5050 1388 5118 Spir.
1410 5063 1612 5117 sancto,
1640 5068 1786 5106 num.
1820 5051 1907 5104 ll.

413 5118 526 5190 (56)
570 5118 794 5190 Eﬂ‘usio,
827 5131 931 5174 etc.
960 5122 1016 5176 ln
1045 5121 1138 5175 lib.
1165 5121 1394 5190 DeSpt'r.
1414 5120 1636 5176 S.num.
1663 5122 1746 5186 ll,
1779 5139 1798 5172 ι
1830 5121 1913 5174 Ef-

341 5190 484 5262 fusio
513 5193 706 5260 quippe
733 5192 967 5260 Spiritus
999 5192 1215 5262 (inquit)
1242 5207 1405 5262 causa
1434 5192 1644 5245 exsistit
1678 5193 1912 5262 prophe-

341 5261 514 5326 tandi,
545 5273 599 5314 et
635 5263 852 5316 videndi
889 5261 1108 5317 scnsutn
1149 5261 1714 5331 pulchritudinemque
1764 5261 1910 5315 veri-

337 5331 484 5384 tatis.
521 5349 541 5382 ι

407 5401 521 5470 (57)
567 5398 817 5455 Fructus.
873 5400 1048 5456 Galat.
1081 5417 1130 5456 v.
1179 5401 1272 5456 22.
1323 5401 1378 5454 In
1412 5401 1549 5456 libro
1575 5399 1650 5455 De
1679 5399 1821 5470 Spir.
1850 5398 1908 5454 S.

335 5483 489 5524 nam.
522 5471 589 5525 i7
637 5473 782 5526 edita
811 5471 1144 5540 exemplaria
1195 5473 1440 5526 ordinem
1480 5472 1766 5528 verborum
1818 5472 1914 5524 ali-

334 5542 654 5608 qnanluluut
707 5542 1035 5594 imtnutaut:
1089 5542 1292 5597 habent
1319 5542 1464 5595 enim
1498 5559 1514 5594 :
1561 5561 1580 5593 ι
1614 5541 1866 5610 gaudium
1895 5581 1909 5600 ,

337 5627 460 5678 pax,
508 5612 770 5664 charitas.
828 5629 847 5662 ι
890 5609 995 5664 Sed
1040 5625 1254 5665 omnem
1302 5609 1720 5679 discrepantiam
1777 5611 1914 5665 tollit

337 5682 506 5734 codex
538 5692 722 5735 noster
768 5695 893 5743 ms.,
937 5681 1024 5747 qui
1059 5682 1212 5736 habet
1247 5682 1318 5736 ibi
1350 5700 1364 5734 :
1401 5701 1420 5732 ι
1456 5681 1708 5735 Charitas
1732 5723 1746 5745 ,
1779 5697 1911 5748 gau-

341 5752 508 5815 dium,
560 5765 662 5818 pax
682 5767 713 5822 ε
750 5768 770 5802 ι
813 5765 920 5822 quo
969 5751 1126 5822 modo
1170 5752 1299 5820 legit
1345 5751 1603 5822 Didymus
1647 5753 1814 5805 etiam
1861 5753 1911 5803 in

344 5817 747 5876 commentariis
784 5817 1154 5892 irrPaalmos,
1188 5817 1250 5875 ad
1280 5817 1542 5891 psalmum
1575 5838 1742 5888 LXV”,
1791 5837 1908 5892 pag.

2013 4001 2118 4058 559
2151 4011 2356 4056 catena:
2385 4001 2747 4056 Corderiante.

2087 4072 2202 4143 (58)
2259 4071 2523 4143 Charitas.
2575 4071 2734 4125 Rom.
2777 4087 2831 4135 ν,
2885 4071 2937 4127 5.
2988 4071 3174 4128 Grmca
3219 4072 3384 4143 editio
3413 4071 3594 4143 (habet

2018 4140 2146 4206 non,
2181 4140 2207 4193 ἰ
2255 4142 2306 4195 in
2346 4140 2566 4213 Spiritui
2592 4153 2778 4196 sancto
2807 4182 2838 4213 ,ν
2887 4161 2906 4194 ι
2956 4145 3069 4209 sed,
3123 4161 3143 4194 ι
3193 4159 3290 4213 per
3329 4142 3592 4213 Spiritum

2015 4222 2286 4282 sanctum.
2322 4231 2340 4264 ι
2374 4212 2512 4278 Quin
2548 4212 2804 4282 Didymus
2829 4212 2940 4281 ipse
2969 4213 3146 4268 locum
3177 4211 3318 4267 hunc
3345 4214 3396 4265 in
3422 4211 3592 4282 tribus

2019 4282 2141 4353 aliis
2174 4280 2702 4353 hujusioperisilocis
2726 4280 3006 4353 aﬂ'erensj
3024 4298 3215 4353 nempe
3237 4297 3409 4353 segni.
3436 4280 3508 4334 25
3537 4297 3591 4345 a,

2023 4351 2092 4422 978
2118 4369 2172 4417 a,
2201 4361 2256 4406 et
2290 4350 2492 4421 2081:)
2543 4352 2702 4419 legit,
2745 4370 2762 4422 ι
2806 4366 2901 4419 per
2945 4350 3203 4422 Spiritum
3251 4350 3520 4422 sanctum.
3567 4369 3588 4401 ι

2026 4421 2222 4475 Verum
2247 4424 2435 4476 eadem
2465 4419 2622 4489 piane
2654 4421 2886 4476 verietas
2911 4419 3145 4477 occurrit
3173 4422 3334 4476 etiam
3369 4422 3420 4474 in
3453 4419 3593 4473 libro

2025 4489 2098 4544 De
2115 4491 2260 4560 Spir.
2289 4501 2467 4544 sancto
2491 4507 2509 4544 :
2531 4507 2653 4544 nam
2673 4505 2821 4560 num.
2855 4491 2943 4552 ll,
2975 4491 3058 4546 bis
3082 4493 3222 4546 hunc
3254 4492 3430 4544 locum
3462 4489 3595 4542 alle-

2020 4559 2174 4630 gans,
2224 4561 2477 4624 dictavit,
2541 4579 2558 4611 t
2605 4575 2700 4629 per
2744 4559 3012 4630 Spiritum
3063 4572 3349 4616 sanctum:
3385 4578 3405 4612 ι
3441 4575 3588 4613 num.

2017 4629 2193 4684 autem
2225 4630 2554 4699 l'idictavit,
2586 4649 2604 4680 ι
2643 4631 2694 4682 in
2731 4629 2930 4699 Spiritu
2962 4641 3170 4685 sancto.
3198 4649 3217 4684 ι

2093 4701 2205 4772 (59)
2249 4698 2483 4772 Nostris.
2532 4698 2970 4772 Quotiescunque
3017 4703 3069 4754 in
3100 4701 3200 4757 hoc
3232 4714 3394 4772 opere
3422 4707 3592 4754 totum

2019 4768 2532 4840 istutn'versiculutn
2577 4768 2801 4838 profert,
2839 4768 3004 4840 legit:
3052 4789 3070 4822 ι
3116 4772 3167 4824 in
3218 4771 3472 4826 cordibus
3504 4785 3594 4823 no-

2017 4843 2146 4894 stris
2172 4855 2268 4908 per
2286 4839 2548 4908 Spiritum
2573 4851 2841 4900 sanctum.
2867 4839 2954 4908 qui
2979 4842 3136 4894 datus
3155 4852 3240 4895 est
3269 4841 3444 4895 nobis.
3481 4857 3500 4891 ι
3526 4839 3595 4893 At

2018 4913 2071 4964 in
2100 4907 2237 4964 libro
2263 4907 2338 4963 De
2367 4907 2508 4977 Spir.
2527 4908 2588 4964 S.
2609 4924 2758 4964 num.
2789 4909 2850 4963 ll
2886 4907 2940 4963 ct
2969 4911 3055 4975 l7,
3075 4911 3240 4965 editio
3269 4911 3594 4964 Veronensis

2019 4981 2204 5043 habet,
2235 4998 2253 5030 ι
2283 4981 2334 5032 in
2364 4979 2616 5033 cordibus
2636 4981 2900 5036 vestris...
2930 4982 3020 5049 qui
3057 4982 3217 5034 datus
3248 4991 3332 5034 est
3358 4981 3528 5034 vobis.
3569 4997 3588 5030 ι

2019 5051 2197 5104 Codex
2231 5064 2358 5104 vero
2390 5058 2575 5102 noster
2603 5063 2708 5102 ms.
2738 5050 2914 5117 primo
2943 5049 3164 5119 quidem
3195 5051 3248 5103 in
3282 5051 3399 5104 loco
3428 5051 3594 5104 habet

2021 5119 2208 5185 semel,
2246 5137 2264 5170 ι
2296 5119 2510 5176 vestris.
2543 5138 2562 5169 ι
2594 5128 2650 5172 ει
2687 5137 2705 5168 ι
2739 5120 2889 5172 vobis
2917 5137 2929 5171 :
2969 5139 2988 5172 ι
3022 5121 3116 5175 sed
3143 5119 3350 5174 duobus
3379 5119 3505 5172 aliis
3537 5121 3591 5172 in

2021 5189 2153 5242 locis
2181 5205 2284 5242 nou
2313 5188 2566 5244 dissentit
2589 5204 2616 5240 a
2645 5187 2872 5243 lectione
2892 5188 3090 5244 Grmcm
3111 5189 3382 5245 editionis.
3412 5191 3594 5257 Itaque

2019 5270 2151 5328 puto
2181 5258 2377 5327 ubique
2411 5259 2689 5328 legendum
2715 5273 2872 5314 esse:
2911 5277 2932 5310 ι
2969 5259 3022 5313 in
3047 5260 3300 5315 cordibus
3321 5261 3590 5316 nostris...

2020 5330 2111 5397 qui
2135 5329 2292 5382 datus
2313 5338 2396 5383 est
2423 5329 2595 5397 nobis.
2638 5345 2657 5379 ι

2091 5398 2203 5468 (40)
2245 5396 2646 5468 ΡοιειιεζΡειιι.
2677 5413 2944 5464 Lxxxvttt,
2974 5414 3115 5455 vers.
3143 5399 3195 5454 9.

2093 5467 2204 5541 (41)
2245 5469 2376 5541 δρᾶ.
2416 5469 2438 5520 ι
2469 5467 2608 5541 Tim_.
2637 5485 2690 5541 t,_
2717 5470 2804 5534 17,
2836 5482 2889 5523 ει
2916 5471 3076 5525 Rom.
3105 5485 3214 5535 xvr,
3250 5469 3340 5526 27.

2092 5537 2206 5610 (42)
2253 5538 2548 5610 Yeritates._
2573 5537 2714 5592 PSul.
2745 5555 2874 5602 xxx,
2917 5555 3055 5594 vers.
3086 5541 3146 5594 51
3184 5541 3300 5610 (seu
3326 5540 3439 5609 24).

2091 5608 2448 5732 (4326.:ustus.
2529 5608 2670 5662 Psal.
2723 5625 2778 5675 Ι,
2843 5625 2991 5666 νει-5.
3041 5612 3092 5664 8.
3181 5608 3309 5664 Vide
3357 5608 3468 5664 nut.
3536 5609 3595 5675 1,

2092 5697 2142 5732 ιι.
2285 5719 2300 5732 .

2058 5697 2142 5734 att.
2179 5681 2300 5734 161.

2023 5697 2142 5750 pag.
2179 5697 2300 5734 ιοι.

2093 5752 2206 5819 (44)
2253 5750 2559 5804 Multitudo.
2596 5749 2724 5818 Sap.
2758 5765 2830 5814 νι,
2869 5749 2958 5804 26.

2095 5817 2206 5891 (45)
2247 5821 2553 5876 Ambulans.
2606 5817 2763 5876 l’rov.
2825 5836 2913 5884 ιιι,
2961 5820 3023 5874 21
3077 5818 3203 5890 (seu
3248 5819 3381 5889 20).
3435 5817 3598 5875 Gom-
3677 5885 3682 5891 I
