4082 6452
469 413 582 474 535

1711 413 1945 470 DIDYMI
1981 414 2454 473 ALEXANDRINI

3623 419 3727 476 556

472 529 832 601 sap.entibus,
862 528 1079 599 sapiens
1133 527 1265 582 eris.
1309 545 1330 579 ι
1375 525 1719 583 Manifestum
1765 539 1848 584 est
1890 543 2039 599 ergo,
2081 531 2340 600 Spiritum
2403 529 2500 585 Dei
2557 544 2623 586 ex
2679 524 2792 601 ipsa
2827 530 2910 585 sui
2943 529 3255 586 exsistentia
3283 543 3407 588 esse
3456 530 3721 603 Spiritum

388 621 397 630 '
475 625 696 692 bonum,
727 633 784 678 et
814 620 1072 692 Spiritum
1117 621 1416 691 sapientiae,
1443 632 1500 677 et
1529 624 1794 688 veritatis,
1827 633 1881 678 et
1917 623 2177 693 Spiritum
2210 625 2492 681 invisibilis
2516 633 2570 680 et
2604 625 2948 697 incompositi
2982 625 3074 680 Dei
3107 625 3309 680 Patris.

545 713 640 769 IX.
680 714 941 771 Creatura
973 731 1078 770 non
1117 715 1316 770 dicitur
1354 716 1408 769 in
1463 716 1761 785 Scripturis
1811 719 2046 772 amatrix

2221 720 2300 771 8'.
2356 719 2420 773 Ἦ
2470 718 2650 784 κτίσις
2689 721 2751 773 οὐ
2791 719 3102 792 γέγραπται
3149 719 3558 790 φιλάνθρωπος·
3598 718 3729 774 ῐδιον

479 809 781 874 hominum,
831 823 929 863 seu
987 808 1218 878 benigna
1273 810 1325 864 in
1382 810 1674 864 humanum
1712 824 1882 880 genus
1939 829 1953 865 :
1997 812 2050 866 id

477 902 620 956 enim
653 901 873 971 proprio
905 914 1067 954 sensu
1119 914 1184 955 ac
1219 900 1412 956 stricto
1463 900 1564 955 soli
1619 901 1869 955 convenit
1915 917 2047 956 con-

475 993 814 1050 substantiali
867 993 1122 1048 Trinitati
1176 1012 1190 1046 :
1250 1007 1482 1063 namque
1524 1002 1731 1047 amator
1771 993 2048 1048 hominum

476 1097 560 1143 est
597 1087 782 1154 Pater,
817 1087 909 1156 qui
941 1102 962 1138 ι
998 1101 1104 1140 non
1147 1100 1320 1155 usque
1346 1086 1398 1140 in
1429 1086 1588 1141 finem
1612 1085 1724 1156 (46)
1758 1087 1915 1142 nobis
1943 1088 2048 1142 ira-

476 1175 672 1242 scitur,
701 1191 878 1246 neque
907 1177 961 1230 in
987 1176 1243 1231 saeculum
1288 1177 1459 1232 iratus
1491 1187 1692 1241 manet,
1729 1191 1906 1248 neque
1949 1193 2050 1232 no-

477 1268 561 1323 bis
588 1267 724 1322 facit
745 1267 1042 1324 secundum
1069 1277 1307 1336 peccata,
1338 1283 1513 1335 neque
1534 1270 1828 1325 secundum
1854 1270 2050 1340 iniqui-

480 1369 620 1416 tates
670 1373 885 1415 nostras
940 1360 1223 1426 retribuit,
1261 1378 1280 1413 ι
1329 1361 1480 1430 juxta
1526 1375 1598 1416 cn
1652 1361 1950 1430 psalmum;
1995 1371 2052 1416 et

470 1453 628 1522 juxta
664 1451 1006 1506 Salomonem
1041 1450 1180 1522 (47),
1215 1452 1306 1521 qui
1339 1451 1414 1506 ait
1445 1474 1457 1508 :
1503 1470 1523 1505 ι
1562 1451 1746 1508 Parcis
1790 1433 2050 1522 (48)-'au-

477 1551 588 1597 tem
615 1541 887 1608 omnibus,
921 1542 1047 1612 quia
1071 1543 1251 1597 omnia
1282 1553 1371 1597 tua
1402 1553 1546 1610 sunt,
1586 1544 1810 1600 Domine
1839 1553 2053 1601 amator

478 1635 801 1701 animarum,
833 1654 853 1688 ι
892 1646 949 1692 ut
969 1636 1170 1691 dictum
1198 1645 1282 1690 est
1309 1635 1422 1707 (49)
1451 1653 1467 1691 :
1499 1638 1634 1692 adeo
1663 1647 1720 1693 ut
1757 1639 1858 1694 hac
1885 1640 2049 1695 etiam

477 1726 546 1780 de
574 1741 736 1781 causa
769 1736 954 1783 noster
995 1739 1050 1783 et
1093 1727 1356 1784 Dominus
1415 1739 1471 1784 et
1497 1729 1658 1785 Pater
1690 1739 2049 1801 nuncupetur,

477 1818 622 1887 quod
651 1829 874 1888 paterna
910 1821 1025 1889 ejus
1073 1835 1226 1886 cura,
1277 1837 1342 1876 ac
1383 1821 1692 1877 sollicitudo
1737 1823 1789 1876 vi
1849 1838 1914 1878 ac
1955 1838 2053 1892 po-

479 1910 648 1982 tentia
686 1920 1031 1981 temperetur.
1073 1912 1171 1968 Dei
1197 1914 1342 1968 enim
1373 1913 1517 1968 nulla
1564 1922 1649 1968 est
1685 1915 2051 1971 denominatio

2162 811 2272 882 γὰρ
2319 811 2478 864 τοῦτο
2527 810 2732 882 κυρίως
2786 812 2954 882 μόνης
3001 812 3101 881 τῆς
3146 810 3433 880 ὁμοουσίου
3478 811 3724 881 Τριάδος.

2149 903 2535 974 Φιλάνθρωπος
2573 904 2680 974 γὰρ
2725 905 2754 955 6
2791 904 2984 974 Πατὴρ
3032 921 3050 953 ι
3082 903 3179 972 οὐχ
3225 903 3330 966 ἕως
3367 901 3552 964 τέλους
3595 903 3729 972 ἡμῖν

2149 995 2526 1066 ὀργιζόμενος,
2558 995 2668 1048 οὐδ’
2701 996 2781 1058 εἰς
2815 995 2906 1047 τὸν
2937 995 3108 1049 αίῶνα
3145 995 3373 1064 μηνίων,
3407 993 3528 1046 οὐδὲ
3559 991 3729 1047 ποιῶν

2148 1090 2282 1159 ἡμῖν
2327 1086 2465 1160 πρὸς
2515 1085 2616 1150 τὰς
2663 1087 2960 1159 ἁμαρτίας,
3012 1087 3134 1140 οὐδὲ
3177 1085 3314 1139 κατὰ
3353 1085 3452 1148 τὰς
3497 1087 3728 1158 ἀνομίας

2151 1178 2306 1250 ἡμῶν
2339 1177 2744 1243 ἀνταποδιδοὺς,
2786 1197 2805 1228 ι
2844 1178 2986 1231 κατὰ
3017 1179 3106 1232 τὸν
3137 1179 3216 1250 ρβ¹
3242 1178 3456 1248 ψαλμόν
3479 1195 3493 1207 ο
3529 1179 3625 1231 καὶ
3651 1177 3730 1242 ὡς

2150 1269 2401 1340 Σολομὼν
2439 1269 2620 1338 λέγει’
2669 1289 2688 1322 ι
2724 1269 2882 1340 Φείδῃ
2917 1269 2973 1322 δὲ
3020 1271 3260 1334 πάντων,
3306 1271 3388 1323 ὅτι
3433 1271 3610 1324 πάντα
3658 1268 3730 1323 σά

2149 1361 2287 1424 ἐστι,
2340 1361 2587 1414 Δέσποτα
2614 1358 2896 1430 φιλόψυχε,
2933 1378 2950 1410 ι
2981 1358 3126 1412 καθὰ
3147 1360 3359 1430 εἴρηται
3378 1376 3392 1390 °
3417 1357 3494 1422 ὡς
3523 1359 3617 1411 καὶ
3635 1358 3728 1412 διὰ

2149 1452 2323 1506 ταῦτα
2370 1451 2651 1506 καλεῖσθαι
2695 1452 2852 1524 ἡμῶν
2900 1451 3178 1523 Δεσπότην
3229 1469 3290 1503 τε
3339 1451 3435 1504 καὶ
3480 1452 3726 1522 Πατέρα,

2149 1545 2249 1615 τῆς
2286 1545 2612 1616 κηδεμονίας
2645 1543 2812 1597 αὐτοῦ
2856 1547 2921 1616 τῇ
2955 1543 3179 1614 δυνάμει
3212 1544 3580 1615 κεκραμένης.
3631 1543 3728 1615 Τῷ

2149 1635 2268 1707 Θεῷ
2291 1636 2398 1710 γὰρ
2429 1637 2530 1689 οὐκ
2556 1635 2672 1690 ἔστι
2712 1636 3015 1708 πρόσρησις
3033 1635 3339 1706 οἰκειοτέρα
3365 1636 3463 1706 τῆς
3487 1633 3726 1706 Πατρὺς,

2150 1729 2245 1782 καὶ
2271 1728 2672 1800 φιλανθρώπου,
2696 1729 2790 1781 καὶ
2821 1727 3050 1796 ἀγαθοῦ,
3075 1729 3170 1782 καὶ
3202 1729 3380 1798 ἁγίου.
3408 1726 3725 1797 Φιλάνθρω-

2153 1837 2253 1882 πος
2285 1821 2313 1873 ὁ
2369 1819 2516 1883 Υἱὸς,
2547 1821 2606 1883 ὃς
2651 1836 2715 1888 γε
2747 1819 2813 1872 δι’
2857 1821 3025 1890 ἡμᾶς,
3067 1820 3135 1873 τὰ
3173 1820 3310 1891 ἔργα
3354 1817 3464 1873 τῶν
3512 1817 3732 1872 σεπτῶν

2151 1909 2316 1963 αὐτοῦ
2350 1909 2658 1981 καὶνοητῶν
2678 1910 2896 1981 χειρῶν,
2919 1929 2938 1962 ι
2971 1910 3159 1964 ἑαυτὸν
3188 1911 3423 1963 ὲκένωσε
3442 1951 3458 1976 ,
3512 1907 3729 1980 μορφὴν

479 2001 654 2071 magis
679 2003 915 2072 propria,
964 2019 1127 2074 quam
1168 2006 1532 2060 denominatio
1565 2005 1763 2071 Patris,
1809 2017 1864 2062 et
1895 2022 2050 2061 ama-

2154 2001 2337 2056 δούλου
2358 2002 2536 2057 λαϐὼν
2573 2021 2592 2055 ι
2617 2047 2631 2070 ,
2665 2003 2808 2058 καθὰ
2837 2004 2982 2074 Τίτῳ
3040 2002 3241 2074 γράφει
3285 2003 3314 2054 6
3375 1999 3732 2062 ’Δπόστολοςο

481 2091 617 2146 toris
653 2090 959 2157 hominum,
1001 2103 1057 2148 et
1088 2093 1234 2157 boni,
1274 2100 1330 2147 et
1379 2093 1574 2148 sancti.
1605 2095 1830 2150 Amator
1875 2094 2050 2150 homi-

2162 2109 2181 2143 ι
2216 2093 2346 2146 Ὅτε
2371 2093 2427 2145 δὲ
2458 2094 2492 2164 ἡ
2538 2094 2843 2164 χρηστότης
2871 2093 2969 2146 καὶ
3003 2095 3036 2164 ὴ
3067 2091 3446 2163 φιλανθρωπία
3473 2089 3566 2143 τοῦ
3609 2090 3734 2143 Σω-

479 2198 611 2238 num
646 2192 728 2238 est
763 2182 954 2248 Filius,
987 2185 1080 2254 qui
1128 2195 1346 2255 propter
1385 2201 1504 2250 nos,
1538 2197 1886 2257 augustarum
1937 2203 2055 2260 my-

479 2276 852 2344 sticarumque
907 2274 1023 2344 ejus
1083 2292 1338 2331 manuum
1394 2293 1560 2348 opera
1619 2279 1732 2350 (50)
1787 2280 2056 2335 exsisten-

477 2373 582 2433 tes,
622 2370 1021 2438 «semetipsum
1079 2371 1381 2425 exinanivit
1437 2371 1663 2426 formam
1717 2373 1859 2427 servi
1911 2372 2056 2427 acci-

479 2457 656 2525 piens.
695 2475 715 2510 ι
759 2458 817 2512 1d
877 2465 1109 2514 testatur
1167 2457 1290 2515 Tito
1341 2461 1585 2516 scribens
1621 2460 1910 2530 Apostolus
1967 2463 2055 2520 his

481 2550 664 2606 verbis
701 2567 716 2604 :
755 2571 776 2603 ι
815 2552 949 2608 Cum
988 2552 1100 2625 (51)
1139 2563 1321 2608 autem
1352 2553 1583 2620 bonitas,
1610 2562 1664 2609 et
1692 2568 1844 2610 amor
1877 2556 1930 2610 in
1958 2555 2056 2610 ho-

480 2641 656 2696 mines
693 2641 812 2712 (seu
849 2645 1180 2716 benignitas)
1220 2645 1518 2700 Salvatoris
1546 2646 1717 2700 nostri
1750 2646 1842 2701 Dei
1882 2661 2052 2717 appa-

482 2731 610 2787 ruit.
646 2752 666 2785 ι
703 2733 960 2806 Quisquis
993 2751 1126 2791 vero
1165 2736 1258 2791 illa
1283 2737 1465 2792 omnia
1504 2737 1604 2805 ipsi
1639 2737 1907 2802 tribuerit,
1936 2752 2056 2807 qua:

482 2825 767 2895 unigenito
802 2826 915 2882 Deo
969 2829 1318 2892 conveniunt,
1373 2827 1492 2898 plus
1551 2829 1619 2883 ab
1677 2844 1745 2884 eo
1803 2829 2055 2898 accipiet,

481 2932 644 2986 quam
688 2919 964 2988 sperabat.
998 2919 1224 2974 Amator
1251 2919 1532 2974 hominum
1584 2931 1669 2974 est
1715 2928 1934 2973 sanctus
1960 2918 2055 2973 Dei

485 3009 746 3078 Spiritus,
776 3011 932 3081 juxta
967 3011 1297 3081 Sapientiam
1330 3012 1410 3065 sic
1438 3011 1767 3080 inquientem
1795 3029 1808 3064 :
1845 3029 1864 3062 ι
1888 3010 2056 3064 Ama-

484 3111 567 3155 tor
593 3098 706 3171 (52)
739 3105 881 3156 enim
915 3103 1195 3157 hominum
1233 3103 1352 3173 (seu
1380 3102 1647 3173 benignus
1676 3104 1728 3156 in
1762 3104 2056 3156 humanum

2155 2187 2322 2259 τῆρος
2376 2187 2532 2258 ἡμῶν
2579 2186 2716 2241 Θεοῦ
2763 2188 3028 2259 ἐπεφάνη.
3065 2206 3086 2239 ι
3131 2186 3240 2240 Καὶ
3286 2187 3435 2248 ὅστις
3480 2183 3548 2239 ἂν
3589 2184 3734 2237 ἀπο-

2156 2279 2320 2350 νείμῃ
2370 2277 2540 2348 αὐτῷ,
2588 2279 2689 2331 ὅσα
2747 2278 2947 2350 πρέπει
3001 2279 3280 2348 μονογενεῖ
3334 2274 3487 2346 Θεῷ,
3547 2273 3736 2328 λαϐὼν

2159 2370 2318 2424 πλέον
2351 2366 2426 2425 ὧν
2459 2370 2688 2439 ἤλπισεν
2717 2369 3036 2441 ἀπέρχεται.
3071 2367 3454 2438 Φιλάνθρωπον
3482 2365 3544 2419 τὸ
3575 2366 3737 2433 ἅγιον

2157 2461 2383 2532 Πνεῦμα
2409 2460 2504 2514 τοῦ
2533 2461 2692 2525 Θεοῦ,
2723 2463 2864 2514 κατὰ
2894 2461 2994 2532 τὴν
3021 2461 3239 2530 Σοφίαν,
3264 2458 3407 2511 οῦτω
3431 2457 3696 2526 λέγουσαν
3715 2472 3731 2487 ο

2164 2573 2182 2605 ι
2207 2552 2590 2625 Φιλάνθρωπον
2609 2553 2719 2623 γὰρ
2745 2552 2970 2624 Πνεῦμα
3000 2551 3214 2621 σοφίας,
3242 2552 3336 2604 καὶ
3359 2551 3460 2603 οὐκ
3483 2545 3738 2602 ἁθωώσει

2157 2645 2386 2701 δίκαιον.
2425 2664 2444 2697 ι
2477 2645 2551 2698 Οὐ
2589 2643 2696 2716 γὰρ
2728 2643 2950 2715 παρίδεν
2985 2642 3366 2713 ἀπολλυμένην
3399 2641 3496 2711 τὴν
3528 2638 3742 2709 ἀνθρω-

2159 2737 2320 2790 πείαν
2394 2735 2508 2808 [74
2541 2735 2606 2808 b]
2671 2735 2867 2806 φύσιν·
2918 2736 3033 2789 ἀλλ’
3074 2735 3329 2806 ἐφοίτησε
3390 2733 3457 2786 δι’
3512 2729 3736 2796 ἑαυτοῦ,

2157 2827 2466 2898 ὁδηγῆσαν,
2517 2827 2734 2892 διδάξαν
2792 2829 2970 2881 πᾶσαν
3022 2827 3314 2898 ἀλήθειαν,
3378 2821 3738 2878 ἀνακαινίσαν

2157 2921 2339 2990 ἡμᾶς,
2373 2921 2468 2973 καὶ
2501 2920 2570 2973 τά
2627 2919 2784 2973 Οεῐκὰ
2834 2920 3146 2992 χαρίσματα
3181 2917 3598 2987 δωρησάμενον,
3638 2913 3741 2965 καὶ

2157 3013 2426 3084 τοσαύτην
2445 3013 2536 3066 τοῦ
2560 3014 2680 3066 κατ’
2707 3012 2893 3066 εἰκόνα
2915 3011 3139 3082 θέμενον
3163 3007 3428 3065 ἀνέκαθεν
3452 3004 3738 3077 φροντίδα,

2160 3100 2301 3153 ὥστε
2324 3103 2403 3164 είς
2429 3101 2719 3172 γνώρισμα
2745 3102 2846 3172 τῆς
2872 3098 3184 3172 ὑπερφυοῦς
3211 3098 3374 3152 αὑτοῦ
3402 3095 3743 3165 ἁγαθότητος

481 3191 673 3262 genus)
703 3201 788 3246 est
809 3191 1040 3262 Spiritus
1068 3195 1375 3264 sapientiae,
1401 3203 1456 3248 et
1481 3209 1590 3248 non
1619 3193 1866 3248 liberabit
1901 3194 2052 3266 166

2161 3193 2255 3245 καὶ
2282 3193 2486 3263 ταύτην
2517 3193 2662 3263 ἔχειν
2686 3193 2788 3264 τὴν
2817 3191 3210 3264 προσηγορίαν.
3243 3189 3470 3257 Μεγάλα
3499 3188 3596 3259 μὲν
3625 3187 3743 3258 γὰρ

474 3285 725 3356 justum:
773 3305 793 3338 ι
836 3301 934 3341 nec
978 3287 1123 3341 enim
1157 3287 1422 3355 perditam
1473 3284 1763 3340 humanam
1808 3294 2052 3340 naturam

2163 3289 2401 3356 στοιχεῖα
2439 3286 2700 3357 οὐρανὸς,
2739 3285 2812 3356 γῆ
2834 3326 2847 3350 ,
2890 3285 3167 3339 θάλασσα’
3207 3282 3419 3355 μεγάλη
3451 3281 3506 3333 δὲ
3543 3278 3742 3349 λογικὴ

480 3368 741 3451 neglexit,
773 3384 868 3435 sed
900 3395 998 3451 per
1025 3381 1378 3444 semetipsum
1413 3379 1580 3443 venit,
1605 3379 1846 3449 dirigens
1870 3394 1970 3434 nos
2003 3379 2052 3433 in

2163 3382 2360 3444 κτίσις,
2385 3382 2418 3451 ή
2444 3379 2690 3448 ἀγγέλων
2714 3379 2809 3432 καὶ
2832 3378 3012 3449 πάσης
3035 3375 3408 3448 ὕπερκοσμίου
3431 3371 3739 3442 δυνάμεως⁹

483 3469 593 3534 via,
629 3478 684 3524 et
715 3484 930 3525 omnem
965 3471 1250 3524 veritatem
1287 3471 1510 3535 docens,
1542 3479 1597 3524 et
1634 3485 1900 3525 renovans
1937 3485 2052 3535 nos,

2164 3475 2278 3528 ἀλλ’
2310 3442 2418 3527 ὸὼὶ
2446 3442 2542 3542 dep"
2583 3473 2701 3544 ἐνὸς
2732 3472 2938 3525 τούτων
2967 3442 3235 3540 ἦξίωσεν,
3271 3442 3336 3520 εκ
3381 3466 3436 3519 δὲ
3467 3465 3567 3534 τῆς
3601 3462 3745 3534 πρὸς

482 3571 540 3615 et
568 3561 751 3616 divina
793 3563 946 3618 nobis
977 3563 1114 3618 dona
1147 3563 1412 3634 largiens;
1470 3573 1782 3631 tantamque
1811 3578 1843 3618 e
1869 3578 2052 3632 super-

2163 3567 2256 3620 τὸν
2303 3565 2588 3636 ἄνθρωπον
2622 3563 2958 3633 ἁγαθότητος
2990 3561 3102 3632 ἔχει
3134 3560 3306 3631 ὃνομα
3336 3557 3398 3611 τὸ
3428 3554 3744 3626 φιλάνθρω-

485 3653 574 3709 nis
608 3656 828 3711 sedibus
872 3671 1061 3711 curam
1100 3656 1238 3727 ejus,
1270 3658 1360 3725 qui
1395 3656 1462 3711 ad
1502 3659 1791 3726 imaginem
1833 3656 1928 3711 Dei
1974 3655 2052 3709 fa-

2164 3674 2264 3709 πον
2297 3659 2332 3726 ὴ
2362 3656 2549 3726 Τριάς.

483 3757 606 3802 ctus
642 3755 745 3811 est,
792 3749 1049 3815 suscepit,
1092 3758 1150 3802 ut
1205 3749 1346 3803 hanc
1385 3763 1598 3818 quoque
1652 3749 2168 3814 denominationem,
2210 3749 2378 3804 veluti
2407 3759 2588 3802 notam
2636 3755 2798 3814 atque
2863 3743 3122 3799 indicium
3199 3741 3411 3797 eximiae
3470 3753 3580 3794 sme
3640 3736 3746 3791 bo-

486 3840 692 3907 nitatis,
726 3841 942 3895 habeat.
974 3839 1108 3895 Nam
1145 3856 1339 3911 magna
1373 3841 1590 3909 quidem
1634 3842 1900 3896 elementa
1931 3853 2058 3897 sunt
2097 3843 2315 3904 cmlum,
2354 3853 2516 3904 terra,
2593 3855 2773 3905 mare;
2815 3853 3006 3907 magna
3049 3850 3261 3904 quoque
3324 3844 3409 3887 est
3461 3831 3745 3886 rationalis

487 3941 738 3985 creatura
801 3931 1136 4001 angelorum,
1177 3941 1233 3985 et
1265 3931 1554 4001 cujuslibet
1604 3935 2054 4002 supermundanm
2093 3935 2422 4003 potestatis:
2463 3933 2557 3987 sed
2623 3947 2652 3984 ιι
2691 3930 2831 3983 nulla
2863 3932 3052 3983 harum
3099 3939 3470 3983 creaturarum
3538 3940 3739 3978 nomen

487 4035 702 4074 sumere
727 4021 840 4092 (53)
864 4021 1034 4076 voluit
1062 4021 1330 4086 Trinitas;
1379 4036 1563 4077 cume
1603 4023 1875 4078 contrario
1935 4039 2002 4078 ex
2067 4040 2129 4080 ea
2167 4026 2444 4087 bonitate,
2502 4037 2608 4092 qua
2671 4021 2941 4076 hominem
3001 4019 3378 4089 prosequitur,
3435 4014 3742 4085 φιλάνθρω-

487 4135 610 4184 πος,
661 4115 763 4170 hoc
809 4123 912 4178 est,
943 4115 1179 4169 amatrix
1214 4115 1516 4180 hominum,
1553 4132 1648 4171 seu
1702 4117 1932 4186 benigna
1979 4117 2030 4170 in

2154 4118 2336 4180 mines,
2370 4125 2612 4170 vocetur.

561 4211 632 4267 Χ.
659 4209 921 4264 Creatura
955 4221 1111 4262 serva
1159 4215 1241 4262 est
1281 4207 1516 4271 Domini,
1547 4208 1640 4278 qui
1687 4222 1808 4262 eam
1862 4207 2052 4262 allabre

2244 4207 2301 4262 Γ.
2355 4210 2420 4261 Ἠ
2460 4207 2656 4270 κτίσις,
2687 4206 2848 4276 δούλη
2881 4203 2974 4258 τοῦ
3005 4201 3409 4275 τεχνησάμενου
3445 4199 3613 4269 αὐτὴν
3643 4199 3745 4250 Δε-

492 4300 756 4365 condidit,
781 4315 846 4354 ac
873 4297 1201 4364 libertatem,
1229 4314 1394 4368 quam
1421 4314 1489 4354 ex
1521 4315 1578 4356 se
1602 4300 1715 4370 ipsa
1741 4316 1847 4354 non
1875 4301 2052 4364 habet,

2175 4301 2372 4354 σπότου
2406 4299 2764 4369 καθέστηκεν,
2801 4297 3144 4368 ἐλευθερίαν,
3185 4296 3252 4365 ἢν
3286 4295 3376 4362 ἀφ’
3417 4290 3614 4360 ἑαυτῆς
3664 4289 3744 4360 μὴ

490 4410 666 4464 neque
703 4392 918 4448 sibimet
977 4391 1114 4460 ipsa,
1166 4407 1267 4446 nec
1308 4391 1430 4447 aliis
1466 4394 1705 4461 praebere
1742 4400 1950 4462 potest;
1988 4392 2052 4446 ait

2171 4391 2455 4460 κέκτηται,
2485 4387 2609 4440 οὔτε
2633 4391 2796 4458 ἑαυτῇ
2819 4387 2929 4440 οὔτ’
2954 4386 3132 4448 ἄλλοις
3161 4383 3420 4454 παρέχειν
3446 4378 3743 4448 δυναμένη.

490 4487 632 4543 enim
665 4483 990 4556 prephetia:
1033 4503 1050 4535 ι
1087 4482 1278 4539 Omnia
1316 4483 1432 4555 (54)
1467 4483 1712 4540 serviunt
1765 4483 1881 4539 tibi.
1920 4501 1940 4535 ι
1995 4483 2052 4535 Al

2167 4483 2305 4552 Φησὶ
2351 4483 2460 4553 γὰρ
2505 4483 2539 4552 ἡ
2606 4481 2942 4552 προφητείαο
3002 4499 3019 4530 ι
3080 4477 3160 4531 Τὰ
3213 4476 3536 4546 σύμπαντα,
3580 4468 3746 4523 δοῦλα.

491 4706 757 4778 plutensis
786 4704 990 4778 editio:
1030 4701 1111 4758 ’Ὀ
1142 4705 1684 4776 συμπεριφερόμενος
1733 4704 1936 4778 σοφοῖς,
1974 4719 2052 4778 σοι

2170 4711 2255 4778 est
2277 4701 2432 4778 citari
2460 4718 2488 4755 a
2519 4701 2750 4778 Didynto
2770 4711 2934 4778 caput
2953 4699 3240 4778 septimum
3263 4695 3395 4778 _libri
3423 4691 3744 4778 Sdpientim,

490 4765 836 4846 ξρισθήσεται,
866 4775 1045 4846 idest,
1079 4793 1096 4825 ι
1115 4765 1620 4846 gui'circunifer'tur
1647 4765 1766 4828 cum
1797 4765 2052 4846 sapienti-

2168 4774 2272 4846 ubi
2289 4772 2485 4841 legitur
2509 4765 2650 4825 vers.
2666 4770 2754 4846 _18
2793 4765 2941 4846 ες.ἓο
2967 4767 3188 4846 εῄᾼὺτὸς
3209 4769 3319 4846 γάρ
3355 4782 3444 4835 μοι
3468 4765 3738 4846 ἔδωκεν...τ

493 4832 614 4910 bus,
639 4832 864 4914 sapiens,
890 4845 1001 4898 liet.
1029 4832 1070 4896 ἰ
1113 4832 1588 4899 Francol‘urtensis
1629 4858 1759 4914 vero
1802 4832 2052 4914 habetdul

2167 4832 2435 4899 εἰδέναῖ...
2469 4840 2795 4914 πνευμάτων
2821 4839 2962 4908 βίας,
2994 4839 3197 4914 idest;
3223 4832 3259 4888 ἰ
3287 4832 3414 4902 Ἰμεε
3435 4837 3579 4889 enim
3606 4832 3744 4886 mihi

494 4907 775 4986 Didymus,
803 4915 904 4970 nisi
938 4915 1079 4986 quod
1113 4931 1240 4981 pro,
1266 4914 1479 4986 Eon,_id
1505 4923 1589 4968 est
1619 4931 1644 4986 ι
1669 4913 1781 4986 eris
1801 4953 1816 4976 ,
1853 4929 1872 4962 ι
1903 4912 2062 4986 habet
2169 4914 2382 4986 dedit...
2402 4907 3264 4986 scire...§piriti’tum_violentias.
3295 4926 3314 4956 ι

494 4931 775 4986 Didymus,
803 4931 904 4970 ntsr
938 4931 1079 4983 quoa
1113 4931 1240 4981 pro,
1266 4931 1398 5037 EGB,
1426 4931 1479 4968 Ia
1505 4931 1589 4968 εει
1619 4931 1638 4965 ι
1669 4931 1779 4967 eris
1801 4953 1816 4976 ,
1853 4931 1872 4962 ι
1903 4931 2052 4966 nanel

493 4984 679 5050 ἔσται,
712 4985 764 5038 id
794 4993 878 5038 est
919 5002 939 5035 ι
981 4985 1102 5053 eril.
1153 5003 1171 5036 ι
1218 4987 1289 5038 At
1380 4984 1589 5053 idymus
1631 4983 1684 5036 in
1731 4983 1868 5038 libro
1898 4983 2052 5037 etiam

2169 4931 2382 4966 ueuu...
2415 4931 2622 4966 selre...
2649 4931 2936 4978 sptrltuum
2967 4931 2983 4961 ι

2241 4982 2355 5053 (48)
2393 4980 2598 5053 (furcis.
2630 4980 2865 5053 Sap._XI,
2892 4978 2983 5053 27.

494 5055 574 5109 De
609 5046 865 5125 δρεηεη
899 5069 1047 5107 num.
1076 5052 1171 5125 2i,
1198 5054 1344 5125 legit,
1375 5071 1392 5104 ι
1406 5046 1636 5125 sapiens
1657 5053 1786 5107 eris.
1817 5071 1838 5104 ι
2036 5121 2055 5125 _
2241 5046 2354 5125 (4)9)
2397 5051 2604 5125 Dictum
2632 5046 2728 5125 est.
2760 5049 2940 5125 segni.
2973 5046 3152 5125 6§__a_.__
3319 5114 3332 5125 .
3408 5114 3418 5125 .

569 5114 682 5195 (66')
723 5114 861 5195 (νοντ’
885 5139 1046 5191 usque
1092 5114 1166 5176 in-
1189 5114 1368 5195 ﬁdem.
1401 5114 1664 5195 ExLPsal.
1709 5137 1809 5190 cn,
1839 5137 1983 5195 vers.
2029 5121 2064 5176 9
2247 5114 2360 5195 (⁸50)
2397 5114 2964 5195 Qpera.__Locutiones
2997 5116 3215 5171 Biblilm
3243 5114 3532 5183 unicuique
3578 5123 3740 5169 notae.

495 5208 551 5247 et
577 5187 673 5249 '10.
714 5193 898 5249 Codex
942 5187 1200 5248 mendose
1239 5193 1347 5246 οὐδ’
1385 5187 1457 5248 εἴ.
1491 5193 1750 5260 Emendo,
1793 5187 1866 5248 ac
1913 5193 2052 5263 lego.

2247 5187 2359 5264 (51)
2401 5187 2553 5264 Cum.
2590 5189 2806 5264 Tit.itt,
2837 5189 2892 5244 4.
2981 5258 3004 5264 __
3085 5256 3116 5264 __

494 5265 603 5318 οὐδ’
631 5265 752 5334 sig.”
936 5332 1002 5334 ﬂ
1290 5332 1308 5334 Ᾱ
1374 5333 1381 5334 7
1735 5254 1770 5334 ’ί
1856 5331 1880 5334 ζ
1968 5254 2047 5334 ’λ

2249 5254 2363 5334 (52)
2414 5261 2652 5334 Amator.
2682 5254 2839 5334 ευρ.
2887 5275 2927 5322 1,
3079 5254 3463 5334 Graecaeditjo
3503 5267 3634 5323 pro,
3667 5254 3745 5308 δί-

569 5324 1509 5407 (47)ξί.ζιιπι(ι-δοιοιῃοηεηιηΙΠ-ιίὺιίο
1544 5335 1707 5388 etiam
1737 5333 1814 5387 De
1841 5331 1983 5407 Spir.
2008 5331 2052 5387 Si

2174 5324 2356 5398 καίονξ
2380 5324 2940 5407 Ιιξιϋειηβλάσφημον,
2980 5329 3031 5382 id
3073 5337 3155 5382 est
3180 5345 3200 5378 ι
3252 5324 3671 5407 ὺίξὶεριιειιιυως
3719 5341 3739 5377 ι

498 5394 780 5468 nu‘m.'54,
814 5405 1092 5475 Salomoni
1117 5403 1306 5475 tribuit
1340 5403 1618 5473 theologus
1651 5415 1833 5475 noster
1869 5394 2066 5459 librum
2173 5421 2281 5475 quo
2309 5394 2466 5475 modo
2495 5394 2623 5471 legit
2657 5394 2774 5470 ipse
2802 5394 3058 5475 Didymus
3087 5412 3256 5475 segm.
3284 5394 3395 5475 158
3424 5394 3474 5448 ὸ.

454 5497 463 5506 ·
500 5465 834 5545 Sapientiae:
865 5474 980 5545 haec
1010 5473 1154 5545 enim
1186 5473 1256 5526 ibi
1285 5465 1555 5540 legimus':
1596 5493 1616 5525 ι
1655 5474 1875 5545 Necnon
1919 5475 2074 5529 Salo-
2190 5465 2209 5475 ⁵
2247 5475 2360 5545 (55)
2411 5465 2622 5545 Νοηιὲιι
2668 5465 2918 5545 ἑιιηιετε.’
2966 5465 3229 5545 Nimirum
3282 5465 3422 5519 Deus
3479 5477 3742 5545 nusquam

499 5535 626 5616 rno'n
654 5546 795 5600 inter
827 5543 992 5616 multa
1031 5543 1132 5616 hoc
1157 5535 1371 5616 quoque
1398 5559 1590 5616 munus
1630 5559 1660 5598 a
1703 5544 1814 5597 Deo
1831 5545 2069 5616 accepit,
2177 5535 2543 5616 φιλάγγελος,
2577 5541 2805 5616 exempli
2845 5553 3006 5616 causa
3033 5578 3048 5604 ,
3098 5539 3150 5591 id
3197 5545 3306 5616 est,
3355 5552 3375 5584 ‹
3426 5535 3738 5616 angelorum

503 5613 691 5685 [codex
732 5624 924 5685 nostra:
976 5603 1298 5685 bibliothecae
1341 5625 1361 5664 :
1442 5612 1661 5685 Necnon
1702 5623 1758 5670 et
1818 5603 2052 5668 Salomon

2177 5603 2388 5669 amator
2420 5631 2440 5664 ι
2481 5603 2670 5685 ’ἀίειυε
2709 5603 2830 5685 luit,
2870 5603 3275 5664 sicut’vocatus
3300 5603 3745 5685 _estA¢t16¢uxo§,

507 5672 646 5737 inter
680 5684 878 5738 multas
908 5684 1132 5751 gratias,
1173 5685 1273 5737 hoc
1317 5698 1532 5751 quoque
1567 5701 1596 5737 a
1625 5684 1852 5738 Domino
1881 5699 2074 5738 munus
2178 5687 2230 5739 id
2261 5693 2366 5750 est,
2415 5699 2433 5732 ι
2466 5681 2675 5735 amator
2713 5672 3042 5744 animarum,
3083 5696 3103 5730 ι
3152 5687 3208 5732 et
3237 5672 3646 5746 φιλάνθρωπος.)
3693 5672 3746 5726 id

510 5754 716 5825 accepit
736 5753 782 5825 ].
827 5764 886 5806 ut
911 5753 1075 5825 sciret
1096 5753 1384 5808 violentias
1411 5755 1724 5822 Spirituum,
1749 5773 1768 5805 ι
1794 5770 1898 5808 non
1921 5755 2066 5808 aliud
2176 5764 2260 5810 est
2293 5763 2552 5825 {amator
2573 5751 2872 5825 hominum.
2899 5769 2919 5799 ι

512 5837 570 5895 se
601 5818 654 5873 in
682 5818 784 5878 hoc
825 5823 1101 5895 accepisse
1135 5818 1534 5895 demonstrans,
1561 5818 1721 5893 quam
1756 5826 1895 5879 scire
1917 5826 2064 5892 rapi-
2242 5823 2355 5895 (54)
2398 5822 2608 5878 Omnia.
2641 5820 2782 5878 Psal.
2808 5835 2993 5884 cxvm,
3026 5833 3164 5874 vers.
3191 5818 3280 5895 9t_.

513 5892 608 5941 dos
631 5902 908 5947 Ventorum
939 5890 1114 5949 llatus.
1147 5914 1166 5946 ι
1206 5893 1412 5961 Quibus
1443 5895 1494 5948 in
1520 5889 1694 5950 verbis
1720 5889 2060 5968 perspicuum
2249 5889 2257 5895 ’
2337 5889 2346 5893 ’
3253 5889 3260 5898 ’
