  <div class='ocr_page' id='page_1' title='image "/cluster/home/n/w/nwhite01/storage/ocr_20150623/39/coo.31924054869361/276.png"; bbox 0 0 4082 6402; ppageno 0'>
   <div class='ocr_carea' id='block_1_1' title="bbox 397 403 502 463">
    <p class='ocr_par' dir='ltr' id='par_1_1' title="bbox 397 403 502 463">
     <span class='ocr_line' id='line_1_1' title="bbox 397 403 502 463; baseline -0.048 0"><span class='ocrx_word' id='word_1_1' title='bbox 397 403 502 463; x_wconf 77' lang='lat'><strong>537</strong></span> 
     </span>
    </p>
   </div>
   <div class='ocr_carea' id='block_1_2' title="bbox 1454 405 2628 464">
    <p class='ocr_par' dir='ltr' id='par_1_2' title="bbox 1454 405 2628 464">
     <span class='ocr_line' id='line_1_2' title="bbox 1454 405 2628 464; baseline 0.003 -5"><span class='ocrx_word' id='word_1_2' title='bbox 1454 405 1544 461; x_wconf 87' lang='lat' dir='ltr'><strong>DE</strong></span> <span class='ocrx_word' id='word_1_3' title='bbox 1583 405 1962 460; x_wconf 81' lang='lat' dir='ltr'><strong>TRINITATE</strong></span> <span class='ocrx_word' id='word_1_4' title='bbox 2000 406 2204 463; x_wconf 80' lang='lat' dir='ltr'><strong>LIBER</strong></span> <span class='ocrx_word' id='word_1_5' title='bbox 2243 405 2628 464; x_wconf 87' lang='lat' dir='ltr'><strong>SECUNDUS.</strong></span> 
     </span>
    </p>
   </div>
   <div class='ocr_carea' id='block_1_3' title="bbox 3557 409 3668 466">
    <p class='ocr_par' dir='ltr' id='par_1_3' title="bbox 3557 409 3668 466">
     <span class='ocr_line' id='line_1_3' title="bbox 3557 409 3668 466; baseline -0.009 0"><span class='ocrx_word' id='word_1_6' title='bbox 3557 409 3668 466; x_wconf 79' lang='lat'><strong>5&#39;58</strong></span> 
     </span>
    </p>
   </div>
   <div class='ocr_carea' id='block_1_4' title="bbox 402 505 1994 598">
    <p class='ocr_par' dir='ltr' id='par_1_4' title="bbox 402 520 1976 596">
     <span class='ocr_line' id='line_1_4' title="bbox 402 520 1976 596; baseline 0.004 -22"><span class='ocrx_word' id='word_1_7' title='bbox 402 521 491 576; x_wconf 82' lang='grc' dir='ltr'>σά.</span> <span class='ocrx_word' id='word_1_8' title='bbox 532 540 551 574; x_wconf 76' lang='grc' dir='ltr'>ι</span> <span class='ocrx_word' id='word_1_9' title='bbox 580 520 658 575; x_wconf 85' lang='grc' dir='ltr'><strong>Τὸ</strong></span> <span class='ocrx_word' id='word_1_10' title='bbox 694 521 753 576; x_wconf 82' lang='grc' dir='ltr'>δὲ</span> <span class='ocrx_word' id='word_1_11' title='bbox 780 521 936 592; x_wconf 74' lang='grc' dir='ltr'>ἅγιον</span> <span class='ocrx_word' id='word_1_12' title='bbox 981 523 1209 596; x_wconf 80' lang='grc' dir='ltr'><strong>Πνεῦμα</strong></span> <span class='ocrx_word' id='word_1_13' title='bbox 1242 525 1526 596; x_wconf 71' lang='grc' dir='ltr'><strong>μονονουχὶ</strong></span> <span class='ocrx_word' id='word_1_14' title='bbox 1557 526 1745 580; x_wconf 82' lang='grc' dir='ltr'>δοῦλον</span> <span class='ocrx_word' id='word_1_15' title='bbox 1781 527 1842 580; x_wconf 83' lang='grc' dir='ltr'>οὐ</span> <span class='ocrx_word' id='word_1_16' title='bbox 1879 526 1976 596; x_wconf 79' lang='grc' dir='ltr'><strong>γέ-</strong></span> 
     </span>
    </p>
   </div>
   <div class='ocr_carea' id='block_1_5' title="bbox 2093 505 3674 598">
    <p class='ocr_par' dir='ltr' id='par_1_5' title="bbox 2093 505 3674 598">
     <span class='ocr_line' id='line_1_5' title="bbox 2093 505 3674 598; baseline -0.001 -14"><span class='ocrx_word' id='word_1_17' title='bbox 2093 543 2206 584; x_wconf 73' lang='lat' dir='ltr'><strong>vero</strong></span> <span class='ocrx_word' id='word_1_18' title='bbox 2244 527 2485 598; x_wconf 78' lang='lat' dir='ltr'><strong>Spiritus</strong></span> <span class='ocrx_word' id='word_1_19' title='bbox 2524 533 2748 582; x_wconf 88' lang='lat' dir='ltr'><strong>sanctus</strong></span> <span class='ocrx_word' id='word_1_20' title='bbox 2779 542 2884 583; x_wconf 91' lang='lat' dir='ltr'><strong>non</strong></span> <span class='ocrx_word' id='word_1_21' title='bbox 2912 528 3073 585; x_wconf 92' lang='lat' dir='ltr'><strong>modo</strong></span> <span class='ocrx_word' id='word_1_22' title='bbox 3110 527 3308 584; x_wconf 87' lang='lat' dir='ltr'><strong>dicitur</strong></span> <span class='ocrx_word' id='word_1_23' title='bbox 3334 527 3389 582; x_wconf 88' lang='lat' dir='ltr'><strong>in</strong></span> <span class='ocrx_word' id='word_1_24' title='bbox 3421 505 3674 596; x_wconf 43' lang='lat' dir='ltr'><strong>Scripta?</strong></span> 
     </span>
    </p>
   </div>
   <div class='ocr_carea' id='block_1_6' title="bbox 400 613 1978 688">
    <p class='ocr_par' dir='ltr' id='par_1_6' title="bbox 400 613 1978 688">
     <span class='ocr_line' id='line_1_6' title="bbox 400 613 1978 688; baseline 0.004 -23"><span class='ocrx_word' id='word_1_25' title='bbox 400 630 668 685; x_wconf 87' lang='grc' dir='ltr'>γραπται,</span> <span class='ocrx_word' id='word_1_26' title='bbox 691 613 828 669; x_wconf 76' lang='grc' dir='ltr'>ἀλλὰ</span> <span class='ocrx_word' id='word_1_27' title='bbox 851 615 944 669; x_wconf 77' lang='grc' dir='ltr'>καὶ</span> <span class='ocrx_word' id='word_1_28' title='bbox 968 616 1045 680; x_wconf 85' lang='grc' dir='ltr'>ὡς</span> <span class='ocrx_word' id='word_1_29' title='bbox 1073 616 1352 688; x_wconf 77' lang='grc' dir='ltr'><strong>Δεσπότης</strong></span> <span class='ocrx_word' id='word_1_30' title='bbox 1379 617 1474 670; x_wconf 79' lang='grc' dir='ltr'><strong>καὶ</strong></span> <span class='ocrx_word' id='word_1_31' title='bbox 1495 617 1655 686; x_wconf 82' lang='grc' dir='ltr'>φύσει</span> <span class='ocrx_word' id='word_1_32' title='bbox 1671 617 1978 688; x_wconf 78' lang='grc' dir='ltr'>ἐλεύθερος,</span> 
     </span>
    </p>
   </div>
   <div class='ocr_carea' id='block_1_7' title="bbox 401 700 1978 779">
    <p class='ocr_par' dir='ltr' id='par_1_7' title="bbox 401 700 1978 779">
     <span class='ocr_line' id='line_1_7' title="bbox 401 700 1978 779; baseline 0.004 -25"><span class='ocrx_word' id='word_1_33' title='bbox 401 701 532 757; x_wconf 69' lang='grc' dir='ltr'>ἔνθα</span> <span class='ocrx_word' id='word_1_34' title='bbox 581 704 706 757; x_wconf 76' lang='grc' dir='ltr'>ἐστὶ</span> <span class='ocrx_word' id='word_1_35' title='bbox 737 705 833 758; x_wconf 72' lang='grc' dir='ltr'><strong>καὶ</strong></span> <span class='ocrx_word' id='word_1_36' title='bbox 873 700 956 769; x_wconf 75' lang='grc' dir='ltr'><strong>οἷς</strong></span> <span class='ocrx_word' id='word_1_37' title='bbox 987 707 1282 778; x_wconf 80' lang='grc' dir='ltr'>ἐπιφοιτᾷ,</span> <span class='ocrx_word' id='word_1_38' title='bbox 1329 705 1680 778; x_wconf 78' lang='grc' dir='ltr'>ἐλευθερίαν,</span> <span class='ocrx_word' id='word_1_39' title='bbox 1727 708 1796 778; x_wconf 83' lang='grc' dir='ltr'>ἣν</span> <span class='ocrx_word' id='word_1_40' title='bbox 1844 707 1978 779; x_wconf 81' lang='grc' dir='ltr'>ἔχει,</span> 
     </span>
    </p>
   </div>
   <div class='ocr_carea' id='block_1_8' title="bbox 402 795 1981 870">
    <p class='ocr_par' dir='ltr' id='par_1_8' title="bbox 402 795 1981 870">
     <span class='ocr_line' id='line_1_8' title="bbox 402 795 1981 870; baseline 0.003 -23"><span class='ocrx_word' id='word_1_41' title='bbox 402 795 654 866; x_wconf 82' lang='grc' dir='ltr'><strong>παρέχει.</strong></span> <span class='ocrx_word' id='word_1_42' title='bbox 691 797 772 850; x_wconf 83' lang='grc' dir='ltr'>Τὰ</span> <span class='ocrx_word' id='word_1_43' title='bbox 796 796 908 868; x_wconf 86' lang='grc' dir='ltr'>γὰρ</span> <span class='ocrx_word' id='word_1_44' title='bbox 953 799 1236 870; x_wconf 85' lang='grc' dir='ltr'>ποιήματα</span> <span class='ocrx_word' id='word_1_45' title='bbox 1286 798 1424 868; x_wconf 90' lang='grc' dir='ltr'>μόνα</span> <span class='ocrx_word' id='word_1_46' title='bbox 1467 797 1546 870; x_wconf 83' lang='grc' dir='ltr'>τῷ</span> <span class='ocrx_word' id='word_1_47' title='bbox 1587 799 1688 869; x_wconf 85' lang='grc' dir='ltr'><strong>τῆς</strong></span> <span class='ocrx_word' id='word_1_48' title='bbox 1736 799 1981 864; x_wconf 84' lang='grc' dir='ltr'><strong>δουλείας</strong></span> 
     </span>
    </p>
   </div>
   <div class='ocr_carea' id='block_1_9' title="bbox 403 887 1982 962">
    <p class='ocr_par' dir='ltr' id='par_1_9' title="bbox 403 887 1982 962">
     <span class='ocr_line' id='line_1_9' title="bbox 403 887 1982 962; baseline 0.003 -22"><span class='ocrx_word' id='word_1_49' title='bbox 403 887 673 956; x_wconf 69' lang='grc' dir='ltr'>ὑπάγεται</span> <span class='ocrx_word' id='word_1_50' title='bbox 713 887 863 960; x_wconf 77' lang='grc' dir='ltr'><strong>ζυγῷ</strong></span> <span class='ocrx_word' id='word_1_51' title='bbox 885 907 899 921; x_wconf 78' lang='grc' dir='ltr'><strong>ο</strong></span> <span class='ocrx_word' id='word_1_52' title='bbox 930 890 991 942; x_wconf 88' lang='grc' dir='ltr'><strong>τὸ</strong></span> <span class='ocrx_word' id='word_1_53' title='bbox 1023 889 1080 943; x_wconf 81' lang='grc' dir='ltr'>δὲ</span> <span class='ocrx_word' id='word_1_54' title='bbox 1115 891 1188 960; x_wconf 82' lang='grc' dir='ltr'>μὴ</span> <span class='ocrx_word' id='word_1_55' title='bbox 1222 888 1410 944; x_wconf 91' lang='grc' dir='ltr'>δοῦλον</span> <span class='ocrx_word' id='word_1_56' title='bbox 1431 929 1446 955; x_wconf 92' lang='grc'><strong>,</strong></span> <span class='ocrx_word' id='word_1_57' title='bbox 1477 890 1598 943; x_wconf 81' lang='grc' dir='ltr'>οὐδὲ</span> <span class='ocrx_word' id='word_1_58' title='bbox 1630 891 1875 962; x_wconf 88' lang='grc' dir='ltr'>ποίημα·</span> <span class='ocrx_word' id='word_1_59' title='bbox 1921 891 1982 944; x_wconf 87' lang='grc' dir='ltr'><strong>τὸ</strong></span> 
     </span>
    </p>
   </div>
   <div class='ocr_carea' id='block_1_10' title="bbox 404 979 1981 1054">
    <p class='ocr_par' dir='ltr' id='par_1_10' title="bbox 404 979 1981 1054">
     <span class='ocr_line' id='line_1_10' title="bbox 404 979 1981 1054; baseline 0.003 -22"><span class='ocrx_word' id='word_1_60' title='bbox 404 979 460 1032; x_wconf 81' lang='grc' dir='ltr'><strong>δὲ</strong></span> <span class='ocrx_word' id='word_1_61' title='bbox 490 979 562 1051; x_wconf 81' lang='grc' dir='ltr'>μὴ</span> <span class='ocrx_word' id='word_1_62' title='bbox 589 980 821 1053; x_wconf 88' lang='grc' dir='ltr'>ποίημα,</span> <span class='ocrx_word' id='word_1_63' title='bbox 850 981 1010 1051; x_wconf 78' lang='grc' dir='ltr'>φύσει</span> <span class='ocrx_word' id='word_1_64' title='bbox 1036 983 1169 1046; x_wconf 84' lang='grc' dir='ltr'>Θεός</span> <span class='ocrx_word' id='word_1_65' title='bbox 1189 1000 1202 1012; x_wconf 91' lang='grc'><strong>·</strong></span> <span class='ocrx_word' id='word_1_66' title='bbox 1235 1001 1253 1034; x_wconf 82' lang='grc' dir='ltr'><strong>ι</strong></span> <span class='ocrx_word' id='word_1_67' title='bbox 1286 983 1440 1036; x_wconf 82' lang='grc' dir='ltr'>οὐδὲν</span> <span class='ocrx_word' id='word_1_68' title='bbox 1473 1002 1491 1034; x_wconf 80' lang='grc' dir='ltr'>ι</span> <span class='ocrx_word' id='word_1_69' title='bbox 1523 983 1632 1054; x_wconf 84' lang='grc' dir='ltr'>γὰρ</span> <span class='ocrx_word' id='word_1_70' title='bbox 1664 1002 1681 1035; x_wconf 85' lang='grc' dir='ltr'><strong>ι</strong></span> <span class='ocrx_word' id='word_1_71' title='bbox 1710 983 1770 1036; x_wconf 86' lang='grc' dir='ltr'><strong>τὸ</strong></span> <span class='ocrx_word' id='word_1_72' title='bbox 1795 983 1981 1038; x_wconf 90' lang='grc' dir='ltr'>δοῦλον</span> 
     </span>
    </p>
   </div>
   <div class='ocr_carea' id='block_1_11' title="bbox 410 1073 1983 1149">
    <p class='ocr_par' dir='ltr' id='par_1_11' title="bbox 410 1073 1983 1149">
     <span class='ocr_line' id='line_1_11' title="bbox 410 1073 1983 1149; baseline 0.004 -25"><span class='ocrx_word' id='word_1_73' title='bbox 410 1073 543 1143; x_wconf 86' lang='grc' dir='ltr'>πρὸς</span> <span class='ocrx_word' id='word_1_74' title='bbox 567 1073 628 1126; x_wconf 90' lang='grc' dir='ltr'><strong>τὸ</strong></span> <span class='ocrx_word' id='word_1_75' title='bbox 664 1073 738 1145; x_wconf 79' lang='grc' dir='ltr'>μὴ</span> <span class='ocrx_word' id='word_1_76' title='bbox 770 1073 956 1128; x_wconf 91' lang='grc' dir='ltr'>δοῦλον</span> <span class='ocrx_word' id='word_1_77' title='bbox 984 1076 1160 1144; x_wconf 84' lang='grc' dir='ltr'>γένος,</span> <span class='ocrx_word' id='word_1_78' title='bbox 1195 1094 1214 1128; x_wconf 76' lang='grc' dir='ltr'>ι</span> <span class='ocrx_word' id='word_1_79' title='bbox 1248 1076 1344 1130; x_wconf 76' lang='grc' dir='ltr'><strong>καὶ</strong></span> <span class='ocrx_word' id='word_1_80' title='bbox 1370 1078 1419 1130; x_wconf 76' lang='grc' dir='ltr'>οἱ</span> <span class='ocrx_word' id='word_1_81' title='bbox 1446 1075 1551 1141; x_wconf 74' lang='grc' dir='ltr'><strong>ἔξω</strong></span> <span class='ocrx_word' id='word_1_82' title='bbox 1571 1077 1797 1146; x_wconf 82' lang='grc' dir='ltr'>ἔφασαν.</span> <span class='ocrx_word' id='word_1_83' title='bbox 1826 1077 1983 1149; x_wconf 84' lang='grc' dir='ltr'>Μάρ-</span> 
     </span>
    </p>
   </div>
   <div class='ocr_carea' id='block_1_12' title="bbox 410 1164 1982 1240">
    <p class='ocr_par' dir='ltr' id='par_1_12' title="bbox 410 1164 1982 1240">
     <span class='ocr_line' id='line_1_12' title="bbox 410 1164 1982 1240; baseline 0.004 -25"><span class='ocrx_word' id='word_1_84' title='bbox 410 1179 504 1226; x_wconf 88' lang='grc' dir='ltr'><strong>τυς</strong></span> <span class='ocrx_word' id='word_1_85' title='bbox 531 1164 584 1217; x_wconf 78' lang='grc' dir='ltr'>δὲ</span> <span class='ocrx_word' id='word_1_86' title='bbox 607 1165 812 1220; x_wconf 84' lang='grc' dir='ltr'>τούτων</span> <span class='ocrx_word' id='word_1_87' title='bbox 842 1166 1032 1230; x_wconf 87' lang='grc' dir='ltr'>πιστὸς</span> <span class='ocrx_word' id='word_1_88' title='bbox 1059 1169 1088 1220; x_wconf 87' lang='grc' dir='ltr'><strong>ὁ</strong></span> <span class='ocrx_word' id='word_1_89' title='bbox 1134 1167 1476 1236; x_wconf 86' lang='grc' dir='ltr'>Ἀπόστολος,</span> <span class='ocrx_word' id='word_1_90' title='bbox 1509 1168 1738 1240; x_wconf 75' lang='grc' dir='ltr'>γράφων</span> <span class='ocrx_word' id='word_1_91' title='bbox 1788 1169 1982 1239; x_wconf 79' lang='grc' dir='ltr'>Κοριν-</span> 
     </span>
    </p>
   </div>
   <div class='ocr_carea' id='block_1_13' title="bbox 415 1254 1984 1332">
    <p class='ocr_par' dir='ltr' id='par_1_13' title="bbox 415 1254 1984 1332">
     <span class='ocr_line' id='line_1_13' title="bbox 415 1254 1984 1332; baseline 0.003 -24"><span class='ocrx_word' id='word_1_92' title='bbox 415 1254 546 1319; x_wconf 88' lang='grc' dir='ltr'>θίοις</span> <span class='ocrx_word' id='word_1_93' title='bbox 579 1256 676 1327; x_wconf 85' lang='grc' dir='ltr'>μὲν</span> <span class='ocrx_word' id='word_1_94' title='bbox 704 1259 762 1310; x_wconf 79' lang='grc' dir='ltr'><strong>ἐν</strong></span> <span class='ocrx_word' id='word_1_95' title='bbox 791 1261 854 1329; x_wconf 86' lang='grc' dir='ltr'>τῇ</span> <span class='ocrx_word' id='word_1_96' title='bbox 883 1258 1113 1332; x_wconf 82' lang='grc' dir='ltr'>δευτέρᾳ</span> <span class='ocrx_word' id='word_1_97' title='bbox 1155 1260 1443 1331; x_wconf 82' lang='grc' dir='ltr'><strong>Ἐπιστολῇ</strong></span> <span class='ocrx_word' id='word_1_98' title='bbox 1471 1277 1487 1292; x_wconf 77' lang='grc' dir='ltr'>ο</span> <span class='ocrx_word' id='word_1_99' title='bbox 1519 1280 1538 1312; x_wconf 72' lang='grc' dir='ltr'>ι</span> <span class='ocrx_word' id='word_1_100' title='bbox 1583 1261 1641 1315; x_wconf 79' lang='grc' dir='ltr'><strong>Ὀ</strong></span> <span class='ocrx_word' id='word_1_101' title='bbox 1671 1261 1729 1314; x_wconf 85' lang='grc' dir='ltr'>δὲ</span> <span class='ocrx_word' id='word_1_102' title='bbox 1783 1259 1984 1332; x_wconf 83' lang='grc' dir='ltr'>Κύριος</span> 
     </span>
    </p>
   </div>
   <div class='ocr_carea' id='block_1_14' title="bbox 412 1343 1987 1422">
    <p class='ocr_par' dir='ltr' id='par_1_14' title="bbox 412 1343 1987 1422">
     <span class='ocr_line' id='line_1_14' title="bbox 412 1343 1987 1422; baseline 0.003 -24"><span class='ocrx_word' id='word_1_103' title='bbox 412 1346 471 1399; x_wconf 87' lang='grc' dir='ltr'><strong>τὸ</strong></span> <span class='ocrx_word' id='word_1_104' title='bbox 506 1346 728 1418; x_wconf 88' lang='grc' dir='ltr'>Πνεῦμά</span> <span class='ocrx_word' id='word_1_105' title='bbox 773 1349 958 1401; x_wconf 79' lang='grc' dir='ltr'>ἐστιν·</span> <span class='ocrx_word' id='word_1_106' title='bbox 994 1343 1054 1402; x_wconf 77' lang='grc' dir='ltr'>οὗ</span> <span class='ocrx_word' id='word_1_107' title='bbox 1101 1350 1158 1403; x_wconf 84' lang='grc' dir='ltr'>δὲ</span> <span class='ocrx_word' id='word_1_108' title='bbox 1203 1350 1264 1403; x_wconf 88' lang='grc' dir='ltr'><strong>τὸ</strong></span> <span class='ocrx_word' id='word_1_109' title='bbox 1317 1349 1540 1422; x_wconf 83' lang='grc' dir='ltr'>Πνεῦμα</span> <span class='ocrx_word' id='word_1_110' title='bbox 1583 1350 1828 1422; x_wconf 82' lang='grc' dir='ltr'>Κυρίου,</span> <span class='ocrx_word' id='word_1_111' title='bbox 1868 1351 1987 1404; x_wconf 77' lang='grc' dir='ltr'>ἐκεῖ</span> 
     </span>
    </p>
   </div>
   <div class='ocr_carea' id='block_1_15' title="bbox 411 1438 1986 1514">
    <p class='ocr_par' dir='ltr' id='par_1_15' title="bbox 411 1438 1986 1514">
     <span class='ocr_line' id='line_1_15' title="bbox 411 1438 1986 1514; baseline 0.003 -24"><span class='ocrx_word' id='word_1_112' title='bbox 411 1438 726 1510; x_wconf 59' lang='grc' dir='ltr'>ἐλευθερίας</span> <span class='ocrx_word' id='word_1_113' title='bbox 767 1460 786 1492; x_wconf 75' lang='grc' dir='ltr'><strong>ι</strong></span> <span class='ocrx_word' id='word_1_114' title='bbox 822 1441 1075 1513; x_wconf 83' lang='grc' dir='ltr'><strong>Τιμοθέῳ</strong></span> <span class='ocrx_word' id='word_1_115' title='bbox 1112 1443 1170 1495; x_wconf 87' lang='grc' dir='ltr'><em>δέ</em></span> <span class='ocrx_word' id='word_1_116' title='bbox 1193 1459 1208 1473; x_wconf 88' lang='grc'><strong>·</strong></span> <span class='ocrx_word' id='word_1_117' title='bbox 1253 1460 1272 1494; x_wconf 78' lang='grc' dir='ltr'><strong>ι</strong></span> <span class='ocrx_word' id='word_1_118' title='bbox 1306 1443 1382 1496; x_wconf 84' lang='grc' dir='ltr'><strong>Οὐ</strong></span> <span class='ocrx_word' id='word_1_119' title='bbox 1414 1443 1525 1514; x_wconf 85' lang='grc' dir='ltr'><strong>γὰρ</strong></span> <span class='ocrx_word' id='word_1_120' title='bbox 1558 1442 1760 1497; x_wconf 74' lang='grc' dir='ltr'>ἔδωκεν</span> <span class='ocrx_word' id='word_1_121' title='bbox 1793 1444 1924 1514; x_wconf 77' lang='grc' dir='ltr'>ἡμῖν</span> <span class='ocrx_word' id='word_1_122' title='bbox 1956 1443 1986 1495; x_wconf 88' lang='grc' dir='ltr'><strong>ό</strong></span> 
     </span>
    </p>
   </div>
   <div class='ocr_carea' id='block_1_16' title="bbox 409 1529 1986 1604">
    <p class='ocr_par' dir='ltr' id='par_1_16' title="bbox 409 1529 1986 1604">
     <span class='ocr_line' id='line_1_16' title="bbox 409 1529 1986 1604; baseline 0.003 -22"><span class='ocrx_word' id='word_1_123' title='bbox 409 1529 539 1594; x_wconf 84' lang='grc' dir='ltr'>Θεὸς</span> <span class='ocrx_word' id='word_1_124' title='bbox 570 1532 786 1602; x_wconf 86' lang='grc' dir='ltr'>πνεῦμα</span> <span class='ocrx_word' id='word_1_125' title='bbox 817 1533 1081 1596; x_wconf 81' lang='grc' dir='ltr'>δουλείας,</span> <span class='ocrx_word' id='word_1_126' title='bbox 1115 1533 1251 1587; x_wconf 84' lang='grc' dir='ltr'>ἀλλὰ</span> <span class='ocrx_word' id='word_1_127' title='bbox 1287 1533 1514 1604; x_wconf 82' lang='grc' dir='ltr'>Πνεῦμα</span> <span class='ocrx_word' id='word_1_128' title='bbox 1554 1533 1859 1604; x_wconf 87' lang='grc' dir='ltr'>δυνάμεως,</span> <span class='ocrx_word' id='word_1_129' title='bbox 1891 1533 1986 1586; x_wconf 80' lang='grc' dir='ltr'><strong>καὶ</strong></span> 
     </span>
    </p>
   </div>
   <div class='ocr_carea' id='block_1_17' title="bbox 409 1621 1984 1695">
    <p class='ocr_par' dir='ltr' id='par_1_17' title="bbox 409 1621 1984 1695">
     <span class='ocr_line' id='line_1_17' title="bbox 409 1621 1984 1695; baseline 0.001 -21"><span class='ocrx_word' id='word_1_130' title='bbox 409 1621 664 1692; x_wconf 82' lang='grc' dir='ltr'><strong>ἀγάπης,</strong></span> <span class='ocrx_word' id='word_1_131' title='bbox 702 1624 796 1676; x_wconf 74' lang='grc' dir='ltr'><strong>καὶ</strong></span> <span class='ocrx_word' id='word_1_132' title='bbox 836 1623 1248 1694; x_wconf 71' lang='grc' dir='ltr'><strong>σωφρονισμοῦ·</strong></span> <span class='ocrx_word' id='word_1_133' title='bbox 1291 1642 1311 1676; x_wconf 73' lang='grc' dir='ltr'><strong>ι</strong></span> <span class='ocrx_word' id='word_1_134' title='bbox 1379 1624 1674 1695; x_wconf 86' lang='grc' dir='ltr'>Ῥωμαίοις</span> <span class='ocrx_word' id='word_1_135' title='bbox 1710 1623 1803 1676; x_wconf 75' lang='grc' dir='ltr'><strong>δέ·</strong></span> <span class='ocrx_word' id='word_1_136' title='bbox 1843 1642 1861 1674; x_wconf 79' lang='grc' dir='ltr'><strong>ι</strong></span> <span class='ocrx_word' id='word_1_137' title='bbox 1909 1623 1984 1676; x_wconf 83' lang='grc' dir='ltr'><strong>Οὐ</strong></span> 
     </span>
    </p>
   </div>
   <div class='ocr_carea' id='block_1_18' title="bbox 410 1713 1986 1786">
    <p class='ocr_par' dir='ltr' id='par_1_18' title="bbox 410 1713 1986 1786">
     <span class='ocr_line' id='line_1_18' title="bbox 410 1713 1986 1786; baseline 0.001 -20"><span class='ocrx_word' id='word_1_138' title='bbox 410 1713 518 1785; x_wconf 75' lang='grc' dir='ltr'><strong>γάρ</strong></span> <span class='ocrx_word' id='word_1_139' title='bbox 554 1713 775 1767; x_wconf 79' lang='grc' dir='ltr'>ἐλάϐετε</span> <span class='ocrx_word' id='word_1_140' title='bbox 816 1714 1035 1786; x_wconf 84' lang='grc' dir='ltr'>πνεῦμα</span> <span class='ocrx_word' id='word_1_141' title='bbox 1063 1715 1306 1780; x_wconf 79' lang='grc' dir='ltr'>δουλείας</span> <span class='ocrx_word' id='word_1_142' title='bbox 1335 1715 1499 1770; x_wconf 85' lang='grc' dir='ltr'>πάλιν</span> <span class='ocrx_word' id='word_1_143' title='bbox 1527 1716 1608 1779; x_wconf 87' lang='grc' dir='ltr'><strong>είς</strong></span> <span class='ocrx_word' id='word_1_144' title='bbox 1635 1714 1820 1784; x_wconf 75' lang='grc' dir='ltr'>φόϐον,</span> <span class='ocrx_word' id='word_1_145' title='bbox 1849 1713 1986 1768; x_wconf 72' lang='grc' dir='ltr'>ἀλλὰ</span> 
     </span>
    </p>
   </div>
   <div class='ocr_carea' id='block_1_19' title="bbox 410 1801 1981 1880">
    <p class='ocr_par' dir='ltr' id='par_1_19' title="bbox 410 1801 1981 1880">
     <span class='ocr_line' id='line_1_19' title="bbox 410 1801 1981 1880; baseline 0.001 -22"><span class='ocrx_word' id='word_1_146' title='bbox 410 1805 627 1876; x_wconf 87' lang='grc' dir='ltr'>πνεῦμα</span> <span class='ocrx_word' id='word_1_147' title='bbox 660 1805 954 1870; x_wconf 80' lang='grc' dir='ltr'>υἱοθεσίας,</span> <span class='ocrx_word' id='word_1_148' title='bbox 992 1809 1051 1862; x_wconf 83' lang='grc' dir='ltr'>ὲν</span> <span class='ocrx_word' id='word_1_149' title='bbox 1173 1808 1482 1880; x_wconf 81' lang='grc' dir='ltr'>κράζομεν·</span> <span class='ocrx_word' id='word_1_150' title='bbox 1517 1807 1621 1879; x_wconf 80' lang='grc'><strong>[75</strong></span> <span class='ocrx_word' id='word_1_151' title='bbox 1653 1807 1723 1880; x_wconf 72' lang='grc' dir='ltr'><strong>ιι]</strong></span> <span class='ocrx_word' id='word_1_152' title='bbox 1791 1806 1981 1871; x_wconf 79' lang='grc' dir='ltr'>Ἀϐϐά,</span> 
     </span>
    </p>
   </div>
   <div class='ocr_carea' id='block_1_20' title="bbox 2085 617 3663 686">
    <p class='ocr_par' dir='ltr' id='par_1_20' title="bbox 2085 617 3663 686">
     <span class='ocr_line' id='line_1_20' title="bbox 2085 617 3663 686; baseline 0 -12"><span class='ocrx_word' id='word_1_153' title='bbox 2085 619 2164 674; x_wconf 89' lang='lat' dir='ltr'><strong>ris</strong></span> <span class='ocrx_word' id='word_1_154' title='bbox 2194 633 2404 684; x_wconf 90' lang='lat' dir='ltr'><strong>servus,</strong></span> <span class='ocrx_word' id='word_1_155' title='bbox 2423 619 2516 674; x_wconf 90' lang='lat' dir='ltr'><strong>sed</strong></span> <span class='ocrx_word' id='word_1_156' title='bbox 2551 619 2712 672; x_wconf 90' lang='lat' dir='ltr'><strong>etiam</strong></span> <span class='ocrx_word' id='word_1_157' title='bbox 2737 627 2798 674; x_wconf 87' lang='lat' dir='ltr'><strong>ut</strong></span> <span class='ocrx_word' id='word_1_158' title='bbox 2820 619 3101 686; x_wconf 89' lang='lat' dir='ltr'><strong>Dominus,</strong></span> <span class='ocrx_word' id='word_1_159' title='bbox 3120 628 3383 675; x_wconf 90' lang='lat' dir='ltr'><strong>etnatura</strong></span> <span class='ocrx_word' id='word_1_160' title='bbox 3403 617 3558 685; x_wconf 89' lang='lat' dir='ltr'><strong>liber,</strong></span> <span class='ocrx_word' id='word_1_161' title='bbox 3588 619 3663 674; x_wconf 85' lang='lat' dir='ltr'><strong>ibi</strong></span> 
     </span>
    </p>
   </div>
   <div class='ocr_carea' id='block_1_21' title="bbox 2085 707 3667 778">
    <p class='ocr_par' dir='ltr' id='par_1_21' title="bbox 2085 707 3667 778">
     <span class='ocr_line' id='line_1_21' title="bbox 2085 707 3667 778; baseline -0.001 -13"><span class='ocrx_word' id='word_1_162' title='bbox 2085 709 2434 774; x_wconf 77' lang='lat' dir='ltr'><strong>describitur,</strong></span> <span class='ocrx_word' id='word_1_163' title='bbox 2469 718 2522 763; x_wconf 88' lang='lat' dir='ltr'><strong>et</strong></span> <span class='ocrx_word' id='word_1_164' title='bbox 2564 709 2652 775; x_wconf 83' lang='lat' dir='ltr'><strong>iis,</strong></span> <span class='ocrx_word' id='word_1_165' title='bbox 2692 723 2827 777; x_wconf 86' lang='lat' dir='ltr'><strong>quos</strong></span> <span class='ocrx_word' id='word_1_166' title='bbox 2857 710 3090 765; x_wconf 87' lang='lat' dir='ltr'><strong>adventu</strong></span> <span class='ocrx_word' id='word_1_167' title='bbox 3135 723 3235 764; x_wconf 91' lang='lat' dir='ltr'><strong>suo</strong></span> <span class='ocrx_word' id='word_1_168' title='bbox 3280 709 3559 778; x_wconf 72' lang='lat' dir='ltr'><strong>dignatur,</strong></span> <span class='ocrx_word' id='word_1_169' title='bbox 3607 707 3667 763; x_wconf 89' lang='lat' dir='ltr'><strong>li-</strong></span> 
     </span>
    </p>
   </div>
   <div class='ocr_carea' id='block_1_22' title="bbox 2083 797 3669 868">
    <p class='ocr_par' dir='ltr' id='par_1_22' title="bbox 2083 797 3669 868">
     <span class='ocr_line' id='line_1_22' title="bbox 2083 797 3669 868; baseline -0.001 -14"><span class='ocrx_word' id='word_1_170' title='bbox 2083 800 2369 863; x_wconf 88' lang='lat' dir='ltr'><strong>bertatem,</strong></span> <span class='ocrx_word' id='word_1_171' title='bbox 2400 813 2560 868; x_wconf 85' lang='lat' dir='ltr'><strong>quam</strong></span> <span class='ocrx_word' id='word_1_172' title='bbox 2597 799 2780 865; x_wconf 90' lang='lat' dir='ltr'><strong>habet,</strong></span> <span class='ocrx_word' id='word_1_173' title='bbox 2822 799 3150 868; x_wconf 90' lang='lat' dir='ltr'><strong>impertitnr.</strong></span> <span class='ocrx_word' id='word_1_174' title='bbox 3200 797 3333 850; x_wconf 83' lang='lat' dir='ltr'><strong>Nam</strong></span> <span class='ocrx_word' id='word_1_175' title='bbox 3365 799 3490 852; x_wconf 74' lang='lat' dir='ltr'><strong>solae</strong></span> <span class='ocrx_word' id='word_1_176' title='bbox 3519 811 3669 853; x_wconf 86' lang='lat' dir='ltr'><strong>crea-</strong></span> 
     </span>
    </p>
   </div>
   <div class='ocr_carea' id='block_1_23' title="bbox 2085 890 3662 961">
    <p class='ocr_par' dir='ltr' id='par_1_23' title="bbox 2085 890 3662 961">
     <span class='ocr_line' id='line_1_23' title="bbox 2085 890 3662 961; baseline -0.001 -16"><span class='ocrx_word' id='word_1_177' title='bbox 2085 901 2219 946; x_wconf 60' lang='lat' dir='ltr'><strong>tura}</strong></span> <span class='ocrx_word' id='word_1_178' title='bbox 2249 891 2526 945; x_wconf 76' lang='lat' dir='ltr'><strong>servitutis</strong></span> <span class='ocrx_word' id='word_1_179' title='bbox 2564 891 2694 961; x_wconf 85' lang='lat' dir='ltr'><strong>jugo</strong></span> <span class='ocrx_word' id='word_1_180' title='bbox 2746 891 3070 946; x_wconf 89' lang='lat' dir='ltr'><strong>subduntur.</strong></span> <span class='ocrx_word' id='word_1_181' title='bbox 3130 890 3284 956; x_wconf 89' lang='lat' dir='ltr'><strong>Quod</strong></span> <span class='ocrx_word' id='word_1_182' title='bbox 3329 901 3507 944; x_wconf 85' lang='lat' dir='ltr'><strong>autem</strong></span> <span class='ocrx_word' id='word_1_183' title='bbox 3556 905 3662 944; x_wconf 92' lang='lat' dir='ltr'><strong>non</strong></span> 
     </span>
    </p>
   </div>
   <div class='ocr_carea' id='block_1_24' title="bbox 2083 982 3668 1052">
    <p class='ocr_par' dir='ltr' id='par_1_24' title="bbox 2083 982 3668 1052">
     <span class='ocr_line' id='line_1_24' title="bbox 2083 982 3668 1052; baseline -0.001 -15"><span class='ocrx_word' id='word_1_184' title='bbox 2083 991 2167 1037; x_wconf 90' lang='lat' dir='ltr'><strong>est</strong></span> <span class='ocrx_word' id='word_1_185' title='bbox 2193 997 2432 1045; x_wconf 89' lang='lat' dir='ltr'><strong>servum,</strong></span> <span class='ocrx_word' id='word_1_186' title='bbox 2465 997 2534 1036; x_wconf 91' lang='lat' dir='ltr'><strong>ne</strong></span> <span class='ocrx_word' id='word_1_187' title='bbox 2592 991 2844 1036; x_wconf 86' lang='lat' dir='ltr'><strong>creatura</strong></span> <span class='ocrx_word' id='word_1_188' title='bbox 2880 983 3099 1052; x_wconf 85' lang='lat' dir='ltr'><strong>quidem</strong></span> <span class='ocrx_word' id='word_1_189' title='bbox 3138 991 3222 1036; x_wconf 89' lang='lat' dir='ltr'><strong>est</strong></span> <span class='ocrx_word' id='word_1_190' title='bbox 3270 995 3286 1036; x_wconf 88' lang='lat'><strong>:</strong></span> <span class='ocrx_word' id='word_1_191' title='bbox 3342 982 3486 1051; x_wconf 90' lang='lat' dir='ltr'><strong>quod</strong></span> <span class='ocrx_word' id='word_1_192' title='bbox 3537 996 3668 1036; x_wconf 88' lang='lat' dir='ltr'><strong>vero</strong></span> 
     </span>
    </p>
   </div>
   <div class='ocr_carea' id='block_1_25' title="bbox 2086 1075 3667 1139">
    <p class='ocr_par' dir='ltr' id='par_1_25' title="bbox 2086 1075 3667 1139">
     <span class='ocr_line' id='line_1_25' title="bbox 2086 1075 3667 1139; baseline 0 -12"><span class='ocrx_word' id='word_1_193' title='bbox 2086 1088 2193 1128; x_wconf 92' lang='lat' dir='ltr'><strong>non</strong></span> <span class='ocrx_word' id='word_1_194' title='bbox 2224 1082 2308 1128; x_wconf 92' lang='lat' dir='ltr'><strong>est</strong></span> <span class='ocrx_word' id='word_1_195' title='bbox 2345 1084 2613 1139; x_wconf 89' lang='lat' dir='ltr'><strong>creatum,</strong></span> <span class='ocrx_word' id='word_1_196' title='bbox 2654 1083 2846 1128; x_wconf 88' lang='lat' dir='ltr'><strong>natura</strong></span> <span class='ocrx_word' id='word_1_197' title='bbox 2906 1075 3048 1129; x_wconf 86' lang='lat' dir='ltr'><strong>Deus</strong></span> <span class='ocrx_word' id='word_1_198' title='bbox 3087 1083 3171 1128; x_wconf 90' lang='lat' dir='ltr'><strong>est</strong></span> <span class='ocrx_word' id='word_1_199' title='bbox 3213 1091 3229 1128; x_wconf 91' lang='lat'><strong>:</strong></span> <span class='ocrx_word' id='word_1_200' title='bbox 3263 1075 3462 1128; x_wconf 89' lang='lat' dir='ltr'><strong>etenim</strong></span> <span class='ocrx_word' id='word_1_201' title='bbox 3497 1092 3516 1126; x_wconf 83' lang='grc' dir='ltr'><strong>ι</strong></span> <span class='ocrx_word' id='word_1_202' title='bbox 3548 1089 3667 1129; x_wconf 88' lang='lat' dir='ltr'><strong>ser-</strong></span> 
     </span>
    </p>
   </div>
   <div class='ocr_carea' id='block_1_26' title="bbox 2085 1165 3660 1235">
    <p class='ocr_par' dir='ltr' id='par_1_26' title="bbox 2085 1165 3660 1235">
     <span class='ocr_line' id='line_1_26' title="bbox 2085 1165 3660 1235; baseline -0.002 -14"><span class='ocrx_word' id='word_1_203' title='bbox 2085 1181 2211 1221; x_wconf 92' lang='lat' dir='ltr'><strong>vum</strong></span> <span class='ocrx_word' id='word_1_204' title='bbox 2253 1180 2423 1235; x_wconf 77' lang='lat' dir='ltr'><strong>genus</strong></span> <span class='ocrx_word' id='word_1_205' title='bbox 2457 1165 2572 1235; x_wconf 87' lang='grc'>(55)</span> <span class='ocrx_word' id='word_1_206' title='bbox 2601 1165 2738 1220; x_wconf 86' lang='lat' dir='ltr'><strong>nihil</strong></span> <span class='ocrx_word' id='word_1_207' title='bbox 2775 1166 2843 1220; x_wconf 89' lang='lat' dir='ltr'><strong>ad</strong></span> <span class='ocrx_word' id='word_1_208' title='bbox 2883 1180 3003 1220; x_wconf 90' lang='lat' dir='ltr'><strong>eum</strong></span> <span class='ocrx_word' id='word_1_209' title='bbox 3041 1166 3133 1235; x_wconf 90' lang='lat' dir='ltr'><strong>qui</strong></span> <span class='ocrx_word' id='word_1_210' title='bbox 3161 1181 3354 1235; x_wconf 87' lang='lat' dir='ltr'><strong>servus</strong></span> <span class='ocrx_word' id='word_1_211' title='bbox 3381 1180 3484 1219; x_wconf 88' lang='lat' dir='ltr'><strong>non</strong></span> <span class='ocrx_word' id='word_1_212' title='bbox 3514 1166 3604 1230; x_wconf 91' lang='lat' dir='ltr'><strong>sit,</strong></span> <span class='ocrx_word' id='word_1_213' title='bbox 3640 1182 3660 1215; x_wconf 82' lang='grc'><strong>›</strong></span> 
     </span>
    </p>
   </div>
   <div class='ocr_carea' id='block_1_27' title="bbox 2086 1256 3669 1328">
    <p class='ocr_par' dir='ltr' id='par_1_27' title="bbox 2086 1256 3669 1328">
     <span class='ocr_line' id='line_1_27' title="bbox 2086 1256 3669 1328; baseline -0.002 -15"><span class='ocrx_word' id='word_1_214' title='bbox 2086 1269 2146 1314; x_wconf 87' lang='grc' dir='ltr'><strong>ιιι</strong></span> <span class='ocrx_word' id='word_1_215' title='bbox 2175 1258 2382 1328; x_wconf 81' lang='lat' dir='ltr'><strong>profani</strong></span> <span class='ocrx_word' id='word_1_216' title='bbox 2412 1273 2625 1328; x_wconf 85' lang='lat' dir='ltr'><strong>quoque</strong></span> <span class='ocrx_word' id='word_1_217' title='bbox 2648 1259 2922 1312; x_wconf 83' lang='lat' dir='ltr'><strong>dixerunt.</strong></span> <span class='ocrx_word' id='word_1_218' title='bbox 2970 1256 3139 1328; x_wconf 86' lang='lat' dir='ltr'><strong>Hujus</strong></span> <span class='ocrx_word' id='word_1_219' title='bbox 3164 1258 3239 1312; x_wconf 90' lang='lat' dir='ltr'><strong>rei</strong></span> <span class='ocrx_word' id='word_1_220' title='bbox 3267 1259 3420 1313; x_wconf 87' lang='lat' dir='ltr'><strong>testis</strong></span> <span class='ocrx_word' id='word_1_221' title='bbox 3445 1267 3527 1312; x_wconf 89' lang='lat' dir='ltr'><strong>est</strong></span> <span class='ocrx_word' id='word_1_222' title='bbox 3563 1256 3669 1311; x_wconf 84' lang='lat' dir='ltr'><strong>ﬁde</strong></span> 
     </span>
    </p>
   </div>
   <div class='ocr_carea' id='block_1_28' title="bbox 2086 1349 3663 1420">
    <p class='ocr_par' dir='ltr' id='par_1_28' title="bbox 2086 1349 3663 1420">
     <span class='ocr_line' id='line_1_28' title="bbox 2086 1349 3663 1420; baseline 0 -15"><span class='ocrx_word' id='word_1_223' title='bbox 2086 1350 2283 1418; x_wconf 83' lang='lat' dir='ltr'><strong>dignus</strong></span> <span class='ocrx_word' id='word_1_224' title='bbox 2310 1349 2600 1420; x_wconf 86' lang='lat' dir='ltr'><strong>Apostolus</strong></span> <span class='ocrx_word' id='word_1_225' title='bbox 2633 1351 2876 1406; x_wconf 87' lang='lat' dir='ltr'><strong>scribens</strong></span> <span class='ocrx_word' id='word_1_226' title='bbox 2907 1350 3202 1407; x_wconf 89' lang='lat' dir='ltr'><strong>Corinthiis</strong></span> <span class='ocrx_word' id='word_1_227' title='bbox 3239 1351 3456 1420; x_wconf 86' lang='lat' dir='ltr'><strong>quidem</strong></span> <span class='ocrx_word' id='word_1_228' title='bbox 3490 1351 3544 1404; x_wconf 89' lang='lat' dir='ltr'><strong>in</strong></span> <span class='ocrx_word' id='word_1_229' title='bbox 3577 1364 3663 1405; x_wconf 86' lang='lat' dir='ltr'><strong>se-</strong></span> 
     </span>
    </p>
   </div>
   <div class='ocr_carea' id='block_1_29' title="bbox 2087 1440 3667 1515">
    <p class='ocr_par' dir='ltr' id='par_1_29' title="bbox 2087 1440 3667 1515">
     <span class='ocr_line' id='line_1_29' title="bbox 2087 1440 3667 1515; baseline 0.001 -20"><span class='ocrx_word' id='word_1_230' title='bbox 2087 1442 2263 1496; x_wconf 90' lang='lat' dir='ltr'><strong>cunda</strong></span> <span class='ocrx_word' id='word_1_231' title='bbox 2301 1440 2539 1511; x_wconf 88' lang='lat' dir='ltr'><strong>Epistola</strong></span> <span class='ocrx_word' id='word_1_232' title='bbox 2587 1457 2602 1495; x_wconf 89' lang='lat'><strong>:</strong></span> <span class='ocrx_word' id='word_1_233' title='bbox 2646 1459 2665 1493; x_wconf 80' lang='grc' dir='ltr'><strong>ι</strong></span> <span class='ocrx_word' id='word_1_234' title='bbox 2717 1443 2973 1500; x_wconf 89' lang='lat' dir='ltr'><strong>Dominus</strong></span> <span class='ocrx_word' id='word_1_235' title='bbox 3028 1443 3140 1515; x_wconf 83' lang='grc'>(56)</span> <span class='ocrx_word' id='word_1_236' title='bbox 3195 1452 3374 1497; x_wconf 88' lang='lat' dir='ltr'><strong>autem</strong></span> <span class='ocrx_word' id='word_1_237' title='bbox 3430 1441 3667 1511; x_wconf 90' lang='lat' dir='ltr'><strong>Spiritus</strong></span> 
     </span>
    </p>
   </div>
   <div class='ocr_carea' id='block_1_30' title="bbox 2089 1532 3663 1602">
    <p class='ocr_par' dir='ltr' id='par_1_30' title="bbox 2089 1532 3663 1602">
     <span class='ocr_line' id='line_1_30' title="bbox 2089 1532 3663 1602; baseline 0 -16"><span class='ocrx_word' id='word_1_238' title='bbox 2089 1540 2172 1586; x_wconf 91' lang='lat' dir='ltr'><strong>est</strong></span> <span class='ocrx_word' id='word_1_239' title='bbox 2211 1548 2226 1587; x_wconf 92' lang='lat'><strong>:</strong></span> <span class='ocrx_word' id='word_1_240' title='bbox 2286 1533 2376 1587; x_wconf 92' lang='lat' dir='ltr'><strong>ubi</strong></span> <span class='ocrx_word' id='word_1_241' title='bbox 2425 1541 2606 1587; x_wconf 87' lang='lat' dir='ltr'><strong>autem</strong></span> <span class='ocrx_word' id='word_1_242' title='bbox 2665 1532 2900 1602; x_wconf 88' lang='lat' dir='ltr'><strong>Spiritus</strong></span> <span class='ocrx_word' id='word_1_243' title='bbox 2937 1533 3172 1597; x_wconf 90' lang='lat' dir='ltr'><strong>Domini,</strong></span> <span class='ocrx_word' id='word_1_244' title='bbox 3227 1535 3299 1590; x_wconf 86' lang='lat' dir='ltr'><strong>ibi</strong></span> <span class='ocrx_word' id='word_1_245' title='bbox 3337 1533 3594 1599; x_wconf 90' lang='lat' dir='ltr'><strong>libertas,</strong></span> <span class='ocrx_word' id='word_1_246' title='bbox 3641 1549 3663 1586; x_wconf 73' lang='grc' dir='ltr'><strong>ι</strong></span> 
     </span>
    </p>
   </div>
   <div class='ocr_carea' id='block_1_31' title="bbox 2088 1622 3670 1696">
    <p class='ocr_par' dir='ltr' id='par_1_31' title="bbox 2088 1622 3670 1696">
     <span class='ocr_line' id='line_1_31' title="bbox 2088 1622 3670 1696; baseline 0.001 -18"><span class='ocrx_word' id='word_1_247' title='bbox 2088 1622 2372 1678; x_wconf 82' lang='lat' dir='ltr'><strong>Timotheo</strong></span> <span class='ocrx_word' id='word_1_248' title='bbox 2431 1633 2659 1678; x_wconf 88' lang='lat' dir='ltr'><strong>autem:</strong></span> <span class='ocrx_word' id='word_1_249' title='bbox 2719 1641 2740 1676; x_wconf 73' lang='grc' dir='ltr'><strong>ι</strong></span> <span class='ocrx_word' id='word_1_250' title='bbox 2781 1623 2898 1680; x_wconf 81' lang='lat' dir='ltr'><strong>Non</strong></span> <span class='ocrx_word' id='word_1_251' title='bbox 2939 1626 3086 1679; x_wconf 90' lang='lat' dir='ltr'><strong>enim</strong></span> <span class='ocrx_word' id='word_1_252' title='bbox 3132 1625 3246 1696; x_wconf 81' lang='lat'>(57)</span> <span class='ocrx_word' id='word_1_253' title='bbox 3310 1625 3456 1680; x_wconf 88' lang='lat' dir='ltr'><strong>dedit</strong></span> <span class='ocrx_word' id='word_1_254' title='bbox 3510 1623 3670 1679; x_wconf 90' lang='lat' dir='ltr'><strong>nobis</strong></span> 
     </span>
    </p>
   </div>
   <div class='ocr_carea' id='block_1_32' title="bbox 2088 1713 3669 1786">
    <p class='ocr_par' dir='ltr' id='par_1_32' title="bbox 2088 1713 3669 1786">
     <span class='ocr_line' id='line_1_32' title="bbox 2088 1713 3669 1786; baseline 0.002 -18"><span class='ocrx_word' id='word_1_255' title='bbox 2088 1713 2232 1769; x_wconf 86' lang='lat' dir='ltr'><strong>Deus</strong></span> <span class='ocrx_word' id='word_1_256' title='bbox 2273 1714 2523 1784; x_wconf 88' lang='lat' dir='ltr'><strong>spiritum</strong></span> <span class='ocrx_word' id='word_1_257' title='bbox 2553 1715 2829 1769; x_wconf 88' lang='lat' dir='ltr'><strong>servitutis</strong></span> <span class='ocrx_word' id='word_1_258' title='bbox 2857 1715 2991 1786; x_wconf 82' lang='lat'>(58),</span> <span class='ocrx_word' id='word_1_259' title='bbox 3024 1715 3122 1771; x_wconf 88' lang='lat' dir='ltr'><strong>sed</strong></span> <span class='ocrx_word' id='word_1_260' title='bbox 3176 1715 3427 1786; x_wconf 88' lang='lat' dir='ltr'><strong>spiritum</strong></span> <span class='ocrx_word' id='word_1_261' title='bbox 3455 1716 3669 1772; x_wconf 82' lang='lat' dir='ltr'><strong>fortitu-</strong></span> 
     </span>
    </p>
   </div>
   <div class='ocr_carea' id='block_1_33' title="bbox 2091 1799 3673 1874">
    <p class='ocr_par' dir='ltr' id='par_1_33' title="bbox 2091 1799 3673 1874">
     <span class='ocr_line' id='line_1_33' title="bbox 2091 1799 3673 1874; baseline 0.003 -14"><span class='ocrx_word' id='word_1_262' title='bbox 2091 1799 2256 1871; x_wconf 86' lang='lat' dir='ltr'><strong>dinis,</strong></span> <span class='ocrx_word' id='word_1_263' title='bbox 2306 1813 2361 1859; x_wconf 90' lang='lat' dir='ltr'><strong>et</strong></span> <span class='ocrx_word' id='word_1_264' title='bbox 2399 1805 2720 1872; x_wconf 85' lang='lat' dir='ltr'><strong>dilectionis,</strong></span> <span class='ocrx_word' id='word_1_265' title='bbox 2774 1813 2828 1860; x_wconf 91' lang='lat' dir='ltr'><strong>et</strong></span> <span class='ocrx_word' id='word_1_266' title='bbox 2875 1807 3300 1874; x_wconf 90' lang='lat' dir='ltr'><strong>emendationis;</strong></span> <span class='ocrx_word' id='word_1_267' title='bbox 3348 1826 3369 1860; x_wconf 71' lang='grc' dir='ltr'><strong>ι</strong></span> <span class='ocrx_word' id='word_1_268' title='bbox 3409 1807 3673 1864; x_wconf 83' lang='lat' dir='ltr'><strong>Romanis</strong></span> 
     </span>
    </p>
   </div>
   <div class='ocr_carea' id='block_1_34' title="bbox 410 1895 1994 1970">
    <p class='ocr_par' dir='ltr' id='par_1_34' title="bbox 410 1896 1989 1969">
     <span class='ocr_line' id='line_1_34' title="bbox 410 1896 1989 1969; baseline 0.001 -18"><span class='ocrx_word' id='word_1_269' title='bbox 410 1899 440 1951; x_wconf 85' lang='grc' dir='ltr'>ὁ</span> <span class='ocrx_word' id='word_1_270' title='bbox 465 1898 614 1969; x_wconf 83' lang='grc' dir='ltr'>Πατὴ</span> <span class='ocrx_word' id='word_1_271' title='bbox 626 1915 675 1968; x_wconf 89' lang='grc' dir='ltr'>ρ.</span> <span class='ocrx_word' id='word_1_272' title='bbox 713 1899 874 1951; x_wconf 83' lang='grc' dir='ltr'>Ὥστε</span> <span class='ocrx_word' id='word_1_273' title='bbox 905 1899 1006 1951; x_wconf 82' lang='grc' dir='ltr'>οὐκ</span> <span class='ocrx_word' id='word_1_274' title='bbox 1033 1899 1113 1953; x_wconf 78' lang='grc' dir='ltr'><strong>ἔτι</strong></span> <span class='ocrx_word' id='word_1_275' title='bbox 1131 1896 1184 1954; x_wconf 77' lang='grc' dir='ltr'>εἴ</span> <span class='ocrx_word' id='word_1_276' title='bbox 1210 1899 1413 1965; x_wconf 90' lang='grc' dir='ltr'>δοῦλος,</span> <span class='ocrx_word' id='word_1_277' title='bbox 1441 1899 1574 1952; x_wconf 78' lang='grc' dir='ltr'>ἀλλὰ</span> <span class='ocrx_word' id='word_1_278' title='bbox 1608 1899 1776 1962; x_wconf 75' lang='grc' dir='ltr'>υἱός.»</span> <span class='ocrx_word' id='word_1_279' title='bbox 1800 1898 1989 1952; x_wconf 81' lang='grc' dir='ltr'>Καθά-</span> 
     </span>
    </p>
   </div>
   <div class='ocr_carea' id='block_1_35' title="bbox 2093 1895 3670 1970">
    <p class='ocr_par' dir='ltr' id='par_1_35' title="bbox 2093 1895 3670 1970">
     <span class='ocr_line' id='line_1_35' title="bbox 2093 1895 3670 1970; baseline 0.003 -21"><span class='ocrx_word' id='word_1_280' title='bbox 2093 1912 2222 1952; x_wconf 92' lang='lat' dir='ltr'><strong>vero</strong></span> <span class='ocrx_word' id='word_1_281' title='bbox 2257 1913 2273 1950; x_wconf 87' lang='lat'><strong>:</strong></span> <span class='ocrx_word' id='word_1_282' title='bbox 2318 1915 2337 1948; x_wconf 85' lang='grc'><em>‹</em></span> <span class='ocrx_word' id='word_1_283' title='bbox 2375 1895 2485 1952; x_wconf 84' lang='lat' dir='ltr'><strong>Nec</strong></span> <span class='ocrx_word' id='word_1_284' title='bbox 2512 1896 2654 1951; x_wconf 91' lang='lat' dir='ltr'><strong>enim</strong></span> <span class='ocrx_word' id='word_1_285' title='bbox 2685 1896 2799 1969; x_wconf 83' lang='lat'>(59)</span> <span class='ocrx_word' id='word_1_286' title='bbox 2837 1899 3125 1966; x_wconf 87' lang='lat' dir='ltr'><strong>accepistis</strong></span> <span class='ocrx_word' id='word_1_287' title='bbox 3167 1899 3414 1970; x_wconf 91' lang='lat' dir='ltr'><strong>spiritum</strong></span> <span class='ocrx_word' id='word_1_288' title='bbox 3437 1900 3670 1955; x_wconf 83' lang='lat' dir='ltr'><strong>servitu-</strong></span> 
     </span>
    </p>
   </div>
   <div class='ocr_carea' id='block_1_36' title="bbox 413 1984 1980 2061">
    <p class='ocr_par' dir='ltr' id='par_1_36' title="bbox 413 1984 1980 2061">
     <span class='ocr_line' id='line_1_36' title="bbox 413 1984 1980 2061; baseline 0.002 -22"><span class='ocrx_word' id='word_1_289' title='bbox 413 2004 516 2058; x_wconf 88' lang='grc' dir='ltr'><strong>περ</strong></span> <span class='ocrx_word' id='word_1_290' title='bbox 544 1984 637 2042; x_wconf 79' lang='grc' dir='ltr'>οὖν</span> <span class='ocrx_word' id='word_1_291' title='bbox 662 1988 1116 2061; x_wconf 77' lang='grc' dir='ltr'>ἠλευθερώθημεν</span> <span class='ocrx_word' id='word_1_292' title='bbox 1143 1989 1296 2061; x_wconf 78' lang='grc' dir='ltr'>παρὰ</span> <span class='ocrx_word' id='word_1_293' title='bbox 1318 1989 1412 2043; x_wconf 89' lang='grc' dir='ltr'><strong>τοῦ</strong></span> <span class='ocrx_word' id='word_1_294' title='bbox 1438 1989 1592 2057; x_wconf 86' lang='grc' dir='ltr'>Υίοῦ,</span> <span class='ocrx_word' id='word_1_295' title='bbox 1617 1988 1980 2053; x_wconf 78' lang='grc' dir='ltr'>ἀκούσαντεςο</span> 
     </span>
    </p>
   </div>
   <div class='ocr_carea' id='block_1_37' title="bbox 417 2075 1982 2154">
    <p class='ocr_par' dir='ltr' id='par_1_37' title="bbox 417 2075 1982 2154">
     <span class='ocr_line' id='line_1_37' title="bbox 417 2075 1982 2154; baseline 0.003 -23"><span class='ocrx_word' id='word_1_296' title='bbox 417 2097 436 2130; x_wconf 75' lang='grc' dir='ltr'><strong>ι</strong></span> <span class='ocrx_word' id='word_1_297' title='bbox 469 2079 580 2132; x_wconf 80' lang='grc' dir='ltr'><strong>Οὐκ</strong></span> <span class='ocrx_word' id='word_1_298' title='bbox 617 2077 694 2132; x_wconf 80' lang='grc' dir='ltr'>ἔτι</span> <span class='ocrx_word' id='word_1_299' title='bbox 741 2075 792 2133; x_wconf 80' lang='grc' dir='ltr'><strong>εί</strong></span> <span class='ocrx_word' id='word_1_300' title='bbox 819 2080 1035 2144; x_wconf 87' lang='grc' dir='ltr'>δοῦλος,</span> <span class='ocrx_word' id='word_1_301' title='bbox 1069 2081 1184 2135; x_wconf 87' lang='grc' dir='ltr'>ἀλλ’</span> <span class='ocrx_word' id='word_1_302' title='bbox 1231 2081 1548 2154; x_wconf 84' lang='grc' dir='ltr'>ἐλεύθερος·</span> <span class='ocrx_word' id='word_1_303' title='bbox 1593 2101 1614 2134; x_wconf 77' lang='grc' dir='ltr'><strong>ι</strong></span> <span class='ocrx_word' id='word_1_304' title='bbox 1650 2082 1776 2148; x_wconf 76' lang='grc' dir='ltr'>καὶ,</span> <span class='ocrx_word' id='word_1_305' title='bbox 1830 2101 1848 2133; x_wconf 76' lang='grc' dir='ltr'><strong>ι</strong></span> <span class='ocrx_word' id='word_1_306' title='bbox 1903 2083 1982 2154; x_wconf 78' lang='grc' dir='ltr'><strong>Τῇ</strong></span> 
     </span>
    </p>
   </div>
   <div class='ocr_carea' id='block_1_38' title="bbox 411 2165 1984 2244">
    <p class='ocr_par' dir='ltr' id='par_1_38' title="bbox 411 2165 1984 2244">
     <span class='ocr_line' id='line_1_38' title="bbox 411 2165 1984 2244; baseline 0.005 -25"><span class='ocrx_word' id='word_1_307' title='bbox 411 2167 694 2240; x_wconf 79' lang='grc' dir='ltr'>ἐλευθερίᾳ</span> <span class='ocrx_word' id='word_1_308' title='bbox 783 2171 813 2222; x_wconf 84' lang='grc' dir='ltr'>ὁ</span> <span class='ocrx_word' id='word_1_309' title='bbox 858 2171 988 2236; x_wconf 90' lang='grc' dir='ltr'>Υἱὸς</span> <span class='ocrx_word' id='word_1_310' title='bbox 1017 2171 1163 2244; x_wconf 82' lang='grc' dir='ltr'>ὑμᾶς</span> <span class='ocrx_word' id='word_1_311' title='bbox 1193 2172 1599 2244; x_wconf 73' lang='grc' dir='ltr'>ἠλευθέρωσεν·</span> <span class='ocrx_word' id='word_1_312' title='bbox 1643 2191 1663 2224; x_wconf 74' lang='grc' dir='ltr'><strong>ι</strong></span> <span class='ocrx_word' id='word_1_313' title='bbox 1710 2172 1852 2226; x_wconf 73' lang='grc' dir='ltr'>οὕτω</span> <span class='ocrx_word' id='word_1_314' title='bbox 1895 2172 1984 2227; x_wconf 85' lang='grc' dir='ltr'>διὰ</span> 
     </span>
    </p>
   </div>
   <div class='ocr_carea' id='block_1_39' title="bbox 410 2259 1988 2334">
    <p class='ocr_par' dir='ltr' id='par_1_39' title="bbox 410 2259 1988 2334">
     <span class='ocr_line' id='line_1_39' title="bbox 410 2259 1988 2334; baseline 0.003 -22"><span class='ocrx_word' id='word_1_315' title='bbox 410 2259 471 2312; x_wconf 86' lang='grc' dir='ltr'><strong>τὸ</strong></span> <span class='ocrx_word' id='word_1_316' title='bbox 499 2265 691 2315; x_wconf 86' lang='grc' dir='ltr'>ταυτὸν</span> <span class='ocrx_word' id='word_1_317' title='bbox 727 2264 823 2334; x_wconf 81' lang='grc' dir='ltr'>τῆς</span> <span class='ocrx_word' id='word_1_318' title='bbox 857 2264 1044 2328; x_wconf 81' lang='grc' dir='ltr'>οὐσίας</span> <span class='ocrx_word' id='word_1_319' title='bbox 1071 2265 1166 2318; x_wconf 69' lang='grc' dir='ltr'><strong>κιιι)⁵</strong></span> <span class='ocrx_word' id='word_1_320' title='bbox 1192 2266 1529 2331; x_wconf 86' lang='grc' dir='ltr'>δεσποτείας,</span> <span class='ocrx_word' id='word_1_321' title='bbox 1562 2265 1668 2318; x_wconf 84' lang='grc' dir='ltr'><strong>ὑπὸ</strong></span> <span class='ocrx_word' id='word_1_322' title='bbox 1695 2264 1789 2318; x_wconf 89' lang='grc' dir='ltr'><strong>τοῦ</strong></span> <span class='ocrx_word' id='word_1_323' title='bbox 1823 2263 1988 2318; x_wconf 77' lang='grc' dir='ltr'>Πνεῦ-</span> 
     </span>
    </p>
   </div>
   <div class='ocr_carea' id='block_1_40' title="bbox 415 2353 1990 2430">
    <p class='ocr_par' dir='ltr' id='par_1_40' title="bbox 415 2353 1990 2430">
     <span class='ocr_line' id='line_1_40' title="bbox 415 2353 1990 2430; baseline 0.006 -27"><span class='ocrx_word' id='word_1_324' title='bbox 415 2367 583 2422; x_wconf 87' lang='grc' dir='ltr'>ματος</span> <span class='ocrx_word' id='word_1_325' title='bbox 613 2353 1074 2427; x_wconf 82' lang='grc' dir='ltr'>ὲλευθερούμεθα,</span> <span class='ocrx_word' id='word_1_326' title='bbox 1104 2357 1192 2410; x_wconf 80' lang='grc' dir='ltr'><strong>διὰ</strong></span> <span class='ocrx_word' id='word_1_327' title='bbox 1235 2356 1330 2411; x_wconf 66' lang='grc' dir='ltr'><strong>τοῦ</strong></span> <span class='ocrx_word' id='word_1_328' title='bbox 1379 2357 1843 2429; x_wconf 83' lang='grc' dir='ltr'>μνημονευθέντος</span> <span class='ocrx_word' id='word_1_329' title='bbox 1891 2359 1990 2430; x_wconf 81' lang='grc' dir='ltr'><strong>ῥή-</strong></span> 
     </span>
    </p>
   </div>
   <div class='ocr_carea' id='block_1_41' title="bbox 415 2440 1988 2518">
    <p class='ocr_par' dir='ltr' id='par_1_41' title="bbox 415 2440 1988 2518">
     <span class='ocr_line' id='line_1_41' title="bbox 415 2440 1988 2518; baseline 0.004 -24"><span class='ocrx_word' id='word_1_330' title='bbox 415 2459 614 2512; x_wconf 82' lang='grc' dir='ltr'>ματος’</span> <span class='ocrx_word' id='word_1_331' title='bbox 656 2463 674 2496; x_wconf 80' lang='grc' dir='ltr'><strong>ι</strong></span> <span class='ocrx_word' id='word_1_332' title='bbox 713 2440 788 2498; x_wconf 75' lang='grc' dir='ltr'>Οῦ</span> <span class='ocrx_word' id='word_1_333' title='bbox 840 2445 896 2499; x_wconf 86' lang='grc' dir='ltr'>δὲ</span> <span class='ocrx_word' id='word_1_334' title='bbox 934 2447 996 2499; x_wconf 87' lang='grc' dir='ltr'><strong>τὸ</strong></span> <span class='ocrx_word' id='word_1_335' title='bbox 1037 2446 1262 2518; x_wconf 81' lang='grc' dir='ltr'>Πνεῦμα</span> <span class='ocrx_word' id='word_1_336' title='bbox 1323 2448 1564 2518; x_wconf 86' lang='grc' dir='ltr'>Κυρίου,</span> <span class='ocrx_word' id='word_1_337' title='bbox 1613 2450 1731 2501; x_wconf 75' lang='grc' dir='ltr'>ἐκεῖ</span> <span class='ocrx_word' id='word_1_338' title='bbox 1771 2447 1988 2501; x_wconf 78' lang='grc' dir='ltr'>ἐλευθε-</span> 
     </span>
    </p>
   </div>
   <div class='ocr_carea' id='block_1_42' title="bbox 415 2533 590 2602">
    <p class='ocr_par' dir='ltr' id='par_1_42' title="bbox 415 2533 590 2602">
     <span class='ocr_line' id='line_1_42' title="bbox 415 2533 590 2602; baseline 0.017 -18"><span class='ocrx_word' id='word_1_339' title='bbox 415 2533 527 2602; x_wconf 85' lang='grc' dir='ltr'>ρία.</span> <span class='ocrx_word' id='word_1_340' title='bbox 571 2553 590 2587; x_wconf 74' lang='grc' dir='ltr'>ι</span> 
     </span>
    </p>
   </div>
   <div class='ocr_carea' id='block_1_43' title="bbox 413 2627 2056 2697">
    <p class='ocr_par' dir='ltr' id='par_1_43' title="bbox 413 2627 2056 2697">
     <span class='ocr_line' id='line_1_43' title="bbox 413 2627 2056 2697; baseline 0.004 -17"><span class='ocrx_word' id='word_1_341' title='bbox 413 2627 585 2693; x_wconf 90' lang='lat' dir='ltr'><strong>nium,</strong></span> <span class='ocrx_word' id='word_1_342' title='bbox 615 2627 768 2684; x_wconf 88' lang='lat' dir='ltr'><strong>liberi</strong></span> <span class='ocrx_word' id='word_1_343' title='bbox 812 2628 1097 2697; x_wconf 85' lang='lat' dir='ltr'><strong>ellicimur,</strong></span> <span class='ocrx_word' id='word_1_344' title='bbox 1143 2640 1203 2687; x_wconf 84' lang='lat' dir='ltr'><strong>ut</strong></span> <span class='ocrx_word' id='word_1_345' title='bbox 1272 2631 1567 2688; x_wconf 88' lang='lat' dir='ltr'><strong>ostendunt</strong></span> <span class='ocrx_word' id='word_1_346' title='bbox 1630 2641 2056 2688; x_wconf 91' lang='lat' dir='ltr'><strong>commemorata</strong></span> 
     </span>
    </p>
   </div>
   <div class='ocr_carea' id='block_1_44' title="bbox 415 2730 573 2777">
    <p class='ocr_par' dir='ltr' id='par_1_44' title="bbox 415 2730 573 2777">
     <span class='ocr_line' id='line_1_44' title="bbox 415 2730 573 2777; baseline -0.006 -1"><span class='ocrx_word' id='word_1_347' title='bbox 415 2730 514 2777; x_wconf 80' lang='lat' dir='ltr'><strong>tas.</strong></span> <span class='ocrx_word' id='word_1_348' title='bbox 551 2739 573 2775; x_wconf 72' lang='grc' dir='ltr'><strong>ι</strong></span> 
     </span>
    </p>
   </div>
   <div class='ocr_carea' id='block_1_45' title="bbox 483 2821 2046 2896">
    <p class='ocr_par' dir='ltr' id='par_1_45' title="bbox 483 2821 2046 2896">
     <span class='ocr_line' id='line_1_45' title="bbox 483 2821 2046 2896; baseline 0.002 -22"><span class='ocrx_word' id='word_1_349' title='bbox 483 2821 586 2876; x_wconf 83' lang='lat' dir='ltr'><strong>IA&#39;.</strong></span> <span class='ocrx_word' id='word_1_350' title='bbox 631 2823 698 2875; x_wconf 87' lang='grc' dir='ltr'><strong>Ἡ</strong></span> <span class='ocrx_word' id='word_1_351' title='bbox 729 2822 922 2888; x_wconf 88' lang='grc' dir='ltr'>κτίσις,</span> <span class='ocrx_word' id='word_1_352' title='bbox 951 2825 986 2896; x_wconf 80' lang='grc' dir='ltr'>ἦ</span> <span class='ocrx_word' id='word_1_353' title='bbox 1016 2841 1077 2877; x_wconf 90' lang='grc' dir='ltr'><strong>τε</strong></span> <span class='ocrx_word' id='word_1_354' title='bbox 1107 2823 1268 2896; x_wconf 82' lang='grc' dir='ltr'>νοερὰ</span> <span class='ocrx_word' id='word_1_355' title='bbox 1294 2824 1386 2878; x_wconf 77' lang='grc' dir='ltr'><strong>καὶ</strong></span> <span class='ocrx_word' id='word_1_356' title='bbox 1417 2823 1673 2896; x_wconf 80' lang='grc' dir='ltr'>αἰσθητὴ,</span> <span class='ocrx_word' id='word_1_357' title='bbox 1703 2824 1990 2896; x_wconf 82' lang='grc' dir='ltr'>ὑπουργεῖ,</span> <span class='ocrx_word' id='word_1_358' title='bbox 2039 2835 2046 2842; x_wconf 88' lang='grc'><strong>’</strong></span> 
     </span>
    </p>
   </div>
   <div class='ocr_carea' id='block_1_46' title="bbox 414 2912 1993 2986">
    <p class='ocr_par' dir='ltr' id='par_1_46' title="bbox 414 2912 1993 2986">
     <span class='ocr_line' id='line_1_46' title="bbox 414 2912 1993 2986; baseline 0.003 -21"><span class='ocrx_word' id='word_1_359' title='bbox 414 2912 514 2966; x_wconf 78' lang='grc' dir='ltr'><strong>οὐκ</strong></span> <span class='ocrx_word' id='word_1_360' title='bbox 561 2915 836 2968; x_wconf 79' lang='grc' dir='ltr'>ἐπιτάττει</span> <span class='ocrx_word' id='word_1_361' title='bbox 877 2916 969 2984; x_wconf 83' lang='grc' dir='ltr'><strong>ἀφ’</strong></span> <span class='ocrx_word' id='word_1_362' title='bbox 1020 2916 1240 2986; x_wconf 77' lang='grc' dir='ltr'>ἑαυτῆς,</span> <span class='ocrx_word' id='word_1_363' title='bbox 1281 2917 1355 2979; x_wconf 84' lang='grc' dir='ltr'>ὡς</span> <span class='ocrx_word' id='word_1_364' title='bbox 1414 2915 1542 2986; x_wconf 72' lang='grc' dir='ltr'>περὶ</span> <span class='ocrx_word' id='word_1_365' title='bbox 1591 2915 1700 2968; x_wconf 84' lang='grc' dir='ltr'><strong>τῶν</strong></span> <span class='ocrx_word' id='word_1_366' title='bbox 1744 2915 1993 2983; x_wconf 82' lang='grc' dir='ltr'>ἀγγέλων</span> 
     </span>
    </p>
   </div>
   <div class='ocr_carea' id='block_1_47' title="bbox 414 3004 1987 3079">
    <p class='ocr_par' dir='ltr' id='par_1_47' title="bbox 414 3004 1987 3079">
     <span class='ocr_line' id='line_1_47' title="bbox 414 3004 1987 3079; baseline 0.002 -22"><span class='ocrx_word' id='word_1_367' title='bbox 414 3004 562 3074; x_wconf 82' lang='grc' dir='ltr'>λέγει</span> <span class='ocrx_word' id='word_1_368' title='bbox 581 3023 594 3036; x_wconf 90' lang='grc'><strong>·</strong></span> <span class='ocrx_word' id='word_1_369' title='bbox 637 3025 655 3058; x_wconf 77' lang='grc' dir='ltr'><strong>ι</strong></span> <span class='ocrx_word' id='word_1_370' title='bbox 689 3008 914 3060; x_wconf 76' lang='grc' dir='ltr'>Δυνατοὶ</span> <span class='ocrx_word' id='word_1_371' title='bbox 940 3008 1104 3079; x_wconf 75' lang='grc' dir='ltr'>ἰσχύϊ,</span> <span class='ocrx_word' id='word_1_372' title='bbox 1143 3006 1426 3073; x_wconf 87' lang='grc' dir='ltr'>ποιοῦντες</span> <span class='ocrx_word' id='word_1_373' title='bbox 1457 3009 1550 3062; x_wconf 84' lang='grc' dir='ltr'><strong>τὸν</strong></span> <span class='ocrx_word' id='word_1_374' title='bbox 1579 3008 1735 3077; x_wconf 83' lang='grc' dir='ltr'>λόγον</span> <span class='ocrx_word' id='word_1_375' title='bbox 1765 3006 1987 3061; x_wconf 77' lang='grc' dir='ltr'>αὑτοῦ.»</span> 
     </span>
    </p>
   </div>
   <div class='ocr_carea' id='block_1_48' title="bbox 416 3098 1992 3172">
    <p class='ocr_par' dir='ltr' id='par_1_48' title="bbox 416 3098 1992 3172">
     <span class='ocr_line' id='line_1_48' title="bbox 416 3098 1992 3172; baseline 0.003 -21"><span class='ocrx_word' id='word_1_376' title='bbox 416 3098 488 3152; x_wconf 91' lang='grc' dir='ltr'>Τὸ</span> <span class='ocrx_word' id='word_1_377' title='bbox 526 3099 583 3153; x_wconf 80' lang='grc' dir='ltr'>δὲ</span> <span class='ocrx_word' id='word_1_378' title='bbox 635 3099 786 3169; x_wconf 79' lang='grc' dir='ltr'>ἅγιον</span> <span class='ocrx_word' id='word_1_379' title='bbox 813 3100 1038 3172; x_wconf 81' lang='grc' dir='ltr'>Πνεῦμα</span> <span class='ocrx_word' id='word_1_380' title='bbox 1086 3102 1182 3155; x_wconf 91' lang='grc' dir='ltr'><strong>τοῦ</strong></span> <span class='ocrx_word' id='word_1_381' title='bbox 1225 3102 1361 3155; x_wconf 83' lang='grc' dir='ltr'>Θεοῦ</span> <span class='ocrx_word' id='word_1_382' title='bbox 1414 3101 1745 3166; x_wconf 84' lang='grc' dir='ltr'>αὐθεντικῶς</span> <span class='ocrx_word' id='word_1_383' title='bbox 1780 3103 1992 3172; x_wconf 82' lang='grc' dir='ltr'>προφή-</span> 
     </span>
    </p>
   </div>
   <div class='ocr_carea' id='block_1_49' title="bbox 415 3193 1990 3266">
    <p class='ocr_par' dir='ltr' id='par_1_49' title="bbox 415 3193 1990 3266">
     <span class='ocr_line' id='line_1_49' title="bbox 415 3193 1990 3266; baseline 0.001 -22"><span class='ocrx_word' id='word_1_384' title='bbox 415 3209 532 3256; x_wconf 90' lang='grc' dir='ltr'>ταις</span> <span class='ocrx_word' id='word_1_385' title='bbox 573 3194 666 3246; x_wconf 77' lang='grc' dir='ltr'><strong>καὶ</strong></span> <span class='ocrx_word' id='word_1_386' title='bbox 714 3193 1029 3258; x_wconf 83' lang='grc' dir='ltr'>ἀποστόλοις</span> <span class='ocrx_word' id='word_1_387' title='bbox 1059 3194 1407 3266; x_wconf 83' lang='grc' dir='ltr'>προστάττει,</span> <span class='ocrx_word' id='word_1_388' title='bbox 1451 3194 1526 3258; x_wconf 86' lang='grc' dir='ltr'>ὼς</span> <span class='ocrx_word' id='word_1_389' title='bbox 1559 3194 1692 3256; x_wconf 76' lang='grc' dir='ltr'>Θεὸς</span> <span class='ocrx_word' id='word_1_390' title='bbox 1758 3194 1853 3247; x_wconf 82' lang='grc' dir='ltr'><strong>καὶ</strong></span> <span class='ocrx_word' id='word_1_391' title='bbox 1892 3194 1990 3246; x_wconf 89' lang='grc' dir='ltr'><strong>Δε-</strong></span> 
     </span>
    </p>
   </div>
   <div class='ocr_carea' id='block_1_50' title="bbox 421 3285 1994 3358">
    <p class='ocr_par' dir='ltr' id='par_1_50' title="bbox 421 3285 1994 3358">
     <span class='ocr_line' id='line_1_50' title="bbox 421 3285 1994 3358; baseline 0.001 -22"><span class='ocrx_word' id='word_1_392' title='bbox 421 3285 653 3354; x_wconf 85' lang='grc' dir='ltr'>σπότης,</span> <span class='ocrx_word' id='word_1_393' title='bbox 703 3285 846 3340; x_wconf 87' lang='grc' dir='ltr'>καθὰ</span> <span class='ocrx_word' id='word_1_394' title='bbox 873 3288 929 3340; x_wconf 77' lang='grc' dir='ltr'>ἐν</span> <span class='ocrx_word' id='word_1_395' title='bbox 961 3289 1074 3351; x_wconf 86' lang='grc' dir='ltr'>τοῖς</span> <span class='ocrx_word' id='word_1_396' title='bbox 1102 3287 1481 3358; x_wconf 80' lang='grc' dir='ltr'>ὑποκειμένοις</span> <span class='ocrx_word' id='word_1_397' title='bbox 1501 3285 1816 3355; x_wconf 82' lang='grc' dir='ltr'>κεφαλαίοις</span> <span class='ocrx_word' id='word_1_398' title='bbox 1860 3286 1994 3338; x_wconf 84' lang='grc' dir='ltr'>ἀπο-</span> 
     </span>
    </p>
   </div>
   <div class='ocr_carea' id='block_1_51' title="bbox 416 3375 670 3448">
    <p class='ocr_par' dir='ltr' id='par_1_51' title="bbox 416 3375 670 3448">
     <span class='ocr_line' id='line_1_51' title="bbox 416 3375 670 3448; baseline 0 -18"><span class='ocrx_word' id='word_1_399' title='bbox 416 3375 644 3448; x_wconf 85' lang='grc' dir='ltr'>δειχθείη</span> <span class='ocrx_word' id='word_1_400' title='bbox 656 3415 670 3430; x_wconf 91' lang='grc'><strong>.</strong></span> 
     </span>
    </p>
   </div>
   <div class='ocr_carea' id='block_1_52' title="bbox 485 3467 1995 3542">
    <p class='ocr_par' dir='ltr' id='par_1_52' title="bbox 485 3467 1995 3542">
     <span class='ocr_line' id='line_1_52' title="bbox 485 3467 1995 3542; baseline 0.001 -22"><span class='ocrx_word' id='word_1_401' title='bbox 485 3469 586 3527; x_wconf 86' lang='grc' dir='ltr'><strong>ΙΒ’.</strong></span> <span class='ocrx_word' id='word_1_402' title='bbox 625 3470 692 3524; x_wconf 78' lang='grc' dir='ltr'><strong>Ἠ</strong></span> <span class='ocrx_word' id='word_1_403' title='bbox 733 3469 909 3535; x_wconf 85' lang='grc' dir='ltr'>κτίσις</span> <span class='ocrx_word' id='word_1_404' title='bbox 968 3470 1358 3542; x_wconf 81' lang='grc' dir='ltr'>ὲνδυναμοῦται</span> <span class='ocrx_word' id='word_1_405' title='bbox 1387 3470 1492 3524; x_wconf 82' lang='grc' dir='ltr'><strong>ὑπὸ</strong></span> <span class='ocrx_word' id='word_1_406' title='bbox 1533 3471 1633 3541; x_wconf 82' lang='grc' dir='ltr'>τῆς</span> <span class='ocrx_word' id='word_1_407' title='bbox 1685 3467 1995 3532; x_wconf 87' lang='grc' dir='ltr'>παναλκοῦς</span> 
     </span>
    </p>
   </div>
   <div class='ocr_carea' id='block_1_53' title="bbox 417 3561 1996 3635">
    <p class='ocr_par' dir='ltr' id='par_1_53' title="bbox 417 3561 1996 3635">
     <span class='ocr_line' id='line_1_53' title="bbox 417 3561 1996 3635; baseline -0.001 -21"><span class='ocrx_word' id='word_1_408' title='bbox 417 3562 511 3614; x_wconf 78' lang='grc' dir='ltr'><strong>καὶ</strong></span> <span class='ocrx_word' id='word_1_409' title='bbox 535 3563 882 3635; x_wconf 85' lang='grc' dir='ltr'>πανδυνάμου</span> <span class='ocrx_word' id='word_1_410' title='bbox 913 3563 1100 3634; x_wconf 85' lang='grc' dir='ltr'>θεῖκῆς</span> <span class='ocrx_word' id='word_1_411' title='bbox 1132 3563 1338 3634; x_wconf 81' lang='grc' dir='ltr'>ἰσχύος,</span> <span class='ocrx_word' id='word_1_412' title='bbox 1369 3564 1471 3617; x_wconf 77' lang='grc' dir='ltr'><strong>οὐκ</strong></span> <span class='ocrx_word' id='word_1_413' title='bbox 1505 3563 1790 3634; x_wconf 83' lang='grc' dir='ltr'>ὲνδυναμοῖ</span> <span class='ocrx_word' id='word_1_414' title='bbox 1817 3562 1874 3614; x_wconf 83' lang='grc' dir='ltr'>δὲ</span> <span class='ocrx_word' id='word_1_415' title='bbox 1895 3561 1996 3614; x_wconf 79' lang='grc' dir='ltr'>αὐ-</span> 
     </span>
    </p>
   </div>
   <div class='ocr_carea' id='block_1_54' title="bbox 417 3653 1995 3726">
    <p class='ocr_par' dir='ltr' id='par_1_54' title="bbox 417 3653 1995 3726">
     <span class='ocr_line' id='line_1_54' title="bbox 417 3653 1995 3726; baseline 0.001 -22"><span class='ocrx_word' id='word_1_416' title='bbox 417 3654 505 3723; x_wconf 83' lang='grc' dir='ltr'><strong>τή.</strong></span> <span class='ocrx_word' id='word_1_417' title='bbox 530 3653 640 3723; x_wconf 82' lang='grc' dir='ltr'><strong>Τὴν</strong></span> <span class='ocrx_word' id='word_1_418' title='bbox 671 3655 780 3725; x_wconf 77' lang='grc' dir='ltr'><strong>γάρ</strong></span> <span class='ocrx_word' id='word_1_419' title='bbox 815 3655 953 3726; x_wconf 78' lang='grc' dir='ltr'>αὐτῇ</span> <span class='ocrx_word' id='word_1_420' title='bbox 993 3654 1321 3725; x_wconf 86' lang='grc' dir='ltr'>διαρκοῦσαν</span> <span class='ocrx_word' id='word_1_421' title='bbox 1369 3656 1588 3722; x_wconf 80' lang='grc' dir='ltr'>ἐδέξατο</span> <span class='ocrx_word' id='word_1_422' title='bbox 1612 3654 1862 3725; x_wconf 86' lang='grc' dir='ltr'>δύναμιν,</span> <span class='ocrx_word' id='word_1_423' title='bbox 1901 3653 1995 3706; x_wconf 78' lang='grc' dir='ltr'><strong>καὶ</strong></span> 
     </span>
    </p>
   </div>
   <div class='ocr_carea' id='block_1_55' title="bbox 421 3745 1996 3815">
    <p class='ocr_par' dir='ltr' id='par_1_55' title="bbox 421 3745 1996 3815">
     <span class='ocr_line' id='line_1_55' title="bbox 421 3745 1996 3815; baseline 0.001 -19"><span class='ocrx_word' id='word_1_424' title='bbox 421 3746 758 3815; x_wconf 85' lang='grc' dir='ltr'>μεταδιδόναι</span> <span class='ocrx_word' id='word_1_425' title='bbox 811 3750 923 3810; x_wconf 86' lang='grc' dir='ltr'>τοῖς</span> <span class='ocrx_word' id='word_1_426' title='bbox 981 3746 1287 3810; x_wconf 85' lang='grc' dir='ltr'>συνδούλοις</span> <span class='ocrx_word' id='word_1_427' title='bbox 1333 3748 1394 3800; x_wconf 82' lang='grc' dir='ltr'>οὐ</span> <span class='ocrx_word' id='word_1_428' title='bbox 1458 3747 1653 3800; x_wconf 79' lang='grc' dir='ltr'>σθένει.</span> <span class='ocrx_word' id='word_1_429' title='bbox 1703 3747 1777 3798; x_wconf 90' lang='grc' dir='ltr'>Τὸ</span> <span class='ocrx_word' id='word_1_430' title='bbox 1821 3745 1878 3798; x_wconf 77' lang='grc' dir='ltr'>δέ</span> <span class='ocrx_word' id='word_1_431' title='bbox 1932 3762 1996 3812; x_wconf 89' lang='grc' dir='ltr'><strong>γε</strong></span> 
     </span>
    </p>
   </div>
   <div class='ocr_carea' id='block_1_56' title="bbox 419 3836 1998 3910">
    <p class='ocr_par' dir='ltr' id='par_1_56' title="bbox 419 3836 1998 3910">
     <span class='ocr_line' id='line_1_56' title="bbox 419 3836 1998 3910; baseline -0.001 -20"><span class='ocrx_word' id='word_1_432' title='bbox 419 3836 643 3908; x_wconf 88' lang='grc' dir='ltr'>Πνεῦμα</span> <span class='ocrx_word' id='word_1_433' title='bbox 683 3837 776 3891; x_wconf 87' lang='grc' dir='ltr'><strong>τοῦ</strong></span> <span class='ocrx_word' id='word_1_434' title='bbox 823 3837 981 3903; x_wconf 81' lang='grc' dir='ltr'>Θεοῦ,</span> <span class='ocrx_word' id='word_1_435' title='bbox 1041 3841 1106 3910; x_wconf 76' lang='grc' dir='ltr'>τῇ</span> <span class='ocrx_word' id='word_1_436' title='bbox 1158 3838 1387 3909; x_wconf 87' lang='grc' dir='ltr'>γονίμῳ,</span> <span class='ocrx_word' id='word_1_437' title='bbox 1439 3840 1534 3891; x_wconf 71' lang='grc' dir='ltr'>καὶ</span> <span class='ocrx_word' id='word_1_438' title='bbox 1577 3837 1865 3907; x_wconf 81' lang='grc' dir='ltr'>θρεπτικῇ,</span> <span class='ocrx_word' id='word_1_439' title='bbox 1901 3836 1998 3890; x_wconf 79' lang='grc' dir='ltr'>καὶ</span> 
     </span>
    </p>
   </div>
   <div class='ocr_carea' id='block_1_57' title="bbox 415 3928 1995 4000">
    <p class='ocr_par' dir='ltr' id='par_1_57' title="bbox 415 3928 1995 4000">
     <span class='ocr_line' id='line_1_57' title="bbox 415 3928 1995 4000; baseline -0.004 -15"><span class='ocrx_word' id='word_1_440' title='bbox 415 3930 755 4000; x_wconf 83' lang='grc' dir='ltr'>ἀνεκλείπτῳ</span> <span class='ocrx_word' id='word_1_441' title='bbox 787 3929 954 3984; x_wconf 86' lang='grc' dir='ltr'>αὐτοῦ</span> <span class='ocrx_word' id='word_1_442' title='bbox 995 3930 1138 4000; x_wconf 78' lang='grc' dir='ltr'>ίσχύῖ</span> <span class='ocrx_word' id='word_1_443' title='bbox 1178 3930 1482 3999; x_wconf 80' lang='grc' dir='ltr'>ὲνδυνοιμοῖ,</span> <span class='ocrx_word' id='word_1_444' title='bbox 1531 3929 1718 3999; x_wconf 77' lang='grc' dir='ltr'>ἐπειδὴ</span> <span class='ocrx_word' id='word_1_445' title='bbox 1748 3928 1995 3999; x_wconf 85' lang='grc' dir='ltr'>κτίστης,</span> 
     </span>
    </p>
   </div>
   <div class='ocr_carea' id='block_1_58' title="bbox 418 4020 2002 4094">
    <p class='ocr_par' dir='ltr' id='par_1_58' title="bbox 418 4020 2002 4094">
     <span class='ocr_line' id='line_1_58' title="bbox 418 4020 2002 4094; baseline -0.001 -18"><span class='ocrx_word' id='word_1_446' title='bbox 418 4023 513 4076; x_wconf 76' lang='grc' dir='ltr'>καὶ</span> <span class='ocrx_word' id='word_1_447' title='bbox 539 4023 601 4075; x_wconf 77' lang='grc' dir='ltr'>οὐ</span> <span class='ocrx_word' id='word_1_448' title='bbox 635 4023 1142 4094; x_wconf 80' lang='grc' dir='ltr'>κτίσματυγχάνει.</span> <span class='ocrx_word' id='word_1_449' title='bbox 1185 4022 1244 4073; x_wconf 92' lang='lat' dir='ltr'><strong>&#39;O</strong></span> <span class='ocrx_word' id='word_1_450' title='bbox 1270 4020 1381 4091; x_wconf 78' lang='grc' dir='ltr'><strong>γὰρ</strong></span> <span class='ocrx_word' id='word_1_451' title='bbox 1411 4021 1600 4091; x_wconf 85' lang='grc' dir='ltr'>Σωτὴρ</span> <span class='ocrx_word' id='word_1_452' title='bbox 1623 4021 1680 4074; x_wconf 81' lang='grc' dir='ltr'>ὲν</span> <span class='ocrx_word' id='word_1_453' title='bbox 1708 4022 1828 4083; x_wconf 88' lang='grc' dir='ltr'>ταῖς</span> <span class='ocrx_word' id='word_1_454' title='bbox 1857 4020 2002 4090; x_wconf 84' lang='grc' dir='ltr'>Πρά·</span> 
     </span>
    </p>
   </div>
   <div class='ocr_carea' id='block_1_59' title="bbox 422 4110 2000 4186">
    <p class='ocr_par' dir='ltr' id='par_1_59' title="bbox 422 4110 2000 4186">
     <span class='ocr_line' id='line_1_59' title="bbox 422 4110 2000 4186; baseline -0.001 -21"><span class='ocrx_word' id='word_1_455' title='bbox 422 4111 532 4178; x_wconf 83' lang='grc' dir='ltr'>ξεσι</span> <span class='ocrx_word' id='word_1_456' title='bbox 565 4113 759 4185; x_wconf 83' lang='grc' dir='ltr'>φησίν·</span> <span class='ocrx_word' id='word_1_457' title='bbox 803 4134 820 4166; x_wconf 84' lang='grc' dir='ltr'><strong>ι</strong></span> <span class='ocrx_word' id='word_1_458' title='bbox 872 4115 1058 4185; x_wconf 86' lang='grc' dir='ltr'>Ὑμεῖς</span> <span class='ocrx_word' id='word_1_459' title='bbox 1093 4116 1150 4169; x_wconf 84' lang='grc' dir='ltr'><strong>δὲ</strong></span> <span class='ocrx_word' id='word_1_460' title='bbox 1182 4113 1416 4186; x_wconf 72' lang='grc' dir='ltr'>λήψεσθε</span> <span class='ocrx_word' id='word_1_461' title='bbox 1447 4112 1708 4184; x_wconf 84' lang='grc' dir='ltr'>δύναμιν,</span> <span class='ocrx_word' id='word_1_462' title='bbox 1745 4110 2000 4164; x_wconf 78' lang='grc' dir='ltr'>ἐπελθόν·</span> 
     </span>
    </p>
   </div>
   <div class='ocr_carea' id='block_1_60' title="bbox 419 4205 2000 4282">
    <p class='ocr_par' dir='ltr' id='par_1_60' title="bbox 419 4205 2000 4282">
     <span class='ocr_line' id='line_1_60' title="bbox 419 4205 2000 4282; baseline 0.005 -24"><span class='ocrx_word' id='word_1_463' title='bbox 419 4223 510 4270; x_wconf 85' lang='grc' dir='ltr'><strong>τος</strong></span> <span class='ocrx_word' id='word_1_464' title='bbox 541 4207 635 4260; x_wconf 89' lang='grc' dir='ltr'><strong>τοῦ</strong></span> <span class='ocrx_word' id='word_1_465' title='bbox 675 4209 831 4277; x_wconf 85' lang='grc' dir='ltr'>ἁγίου</span> <span class='ocrx_word' id='word_1_466' title='bbox 875 4210 1190 4282; x_wconf 73' lang='grc' dir='ltr'>Πνεῦματος</span> <span class='ocrx_word' id='word_1_467' title='bbox 1236 4211 1319 4278; x_wconf 79' lang='grc' dir='ltr'><strong>ἐφ’</strong></span> <span class='ocrx_word' id='word_1_468' title='bbox 1359 4209 1529 4280; x_wconf 77' lang='grc' dir='ltr'>ὑμᾶς’</span> <span class='ocrx_word' id='word_1_469' title='bbox 1566 4226 1586 4260; x_wconf 83' lang='grc'>›</span> <span class='ocrx_word' id='word_1_470' title='bbox 1623 4207 1699 4270; x_wconf 83' lang='grc' dir='ltr'>ὡς</span> <span class='ocrx_word' id='word_1_471' title='bbox 1743 4205 1863 4276; x_wconf 84' lang='grc' dir='ltr'>δίχα</span> <span class='ocrx_word' id='word_1_472' title='bbox 1900 4206 2000 4276; x_wconf 86' lang='grc' dir='ltr'><strong>τῆς</strong></span> 
     </span>
    </p>
   </div>
   <div class='ocr_carea' id='block_1_61' title="bbox 425 4295 2000 4372">
    <p class='ocr_par' dir='ltr' id='par_1_61' title="bbox 425 4295 2000 4372">
     <span class='ocr_line' id='line_1_61' title="bbox 425 4295 2000 4372; baseline 0.01 -23"><span class='ocrx_word' id='word_1_473' title='bbox 425 4298 586 4351; x_wconf 77' lang='grc' dir='ltr'>αὑτοῦ</span> <span class='ocrx_word' id='word_1_474' title='bbox 631 4301 1060 4372; x_wconf 68' lang='grc' dir='ltr'>ἐπιφοιτήσεως,</span> <span class='ocrx_word' id='word_1_475' title='bbox 1101 4302 1358 4372; x_wconf 73' lang='grc' dir='ltr'>οὐδεμιᾶς</span> <span class='ocrx_word' id='word_1_476' title='bbox 1399 4301 1530 4372; x_wconf 77' lang='grc' dir='ltr'><strong>ἡμῖν</strong></span> <span class='ocrx_word' id='word_1_477' title='bbox 1582 4299 1718 4370; x_wconf 74' lang='grc' dir='ltr'>πρὸς</span> <span class='ocrx_word' id='word_1_478' title='bbox 1747 4297 1840 4349; x_wconf 83' lang='grc' dir='ltr'><strong>τδν</strong></span> <span class='ocrx_word' id='word_1_479' title='bbox 1867 4295 2000 4348; x_wconf 71' lang='grc' dir='ltr'>θεὸν</span> 
     </span>
    </p>
   </div>
   <div class='ocr_carea' id='block_1_62' title="bbox 423 4388 2002 4466">
    <p class='ocr_par' dir='ltr' id='par_1_62' title="bbox 423 4388 2002 4466">
     <span class='ocr_line' id='line_1_62' title="bbox 423 4388 2002 4466; baseline -0.001 -24"><span class='ocrx_word' id='word_1_480' title='bbox 423 4388 732 4462; x_wconf 80' lang='grc' dir='ltr'>δυνάμεως,</span> <span class='ocrx_word' id='word_1_481' title='bbox 772 4393 804 4465; x_wconf 79' lang='grc' dir='ltr'>ἢ</span> <span class='ocrx_word' id='word_1_482' title='bbox 847 4395 1057 4458; x_wconf 80' lang='grc' dir='ltr'>ἐλπίδος</span> <span class='ocrx_word' id='word_1_483' title='bbox 1103 4393 1474 4466; x_wconf 80' lang='grc' dir='ltr'>ὑπαρχούσης.</span> <span class='ocrx_word' id='word_1_484' title='bbox 1521 4389 1899 4460; x_wconf 83' lang='grc' dir='ltr'>Κατανοητέον</span> <span class='ocrx_word' id='word_1_485' title='bbox 1943 4388 2002 4440; x_wconf 79' lang='grc' dir='ltr'><strong>δὲ</strong></span> 
     </span>
    </p>
   </div>
   <div class='ocr_carea' id='block_1_63' title="bbox 427 4478 1996 4556">
    <p class='ocr_par' dir='ltr' id='par_1_63' title="bbox 427 4478 1996 4556">
     <span class='ocr_line' id='line_1_63' title="bbox 427 4478 1996 4556; baseline -0.001 -23"><span class='ocrx_word' id='word_1_486' title='bbox 427 4482 559 4553; x_wconf 86' lang='grc' dir='ltr'>πρὸς</span> <span class='ocrx_word' id='word_1_487' title='bbox 608 4483 803 4556; x_wconf 80' lang='grc' dir='ltr'>τούτῳ,</span> <span class='ocrx_word' id='word_1_488' title='bbox 858 4484 915 4538; x_wconf 82' lang='grc' dir='ltr'>ἓν</span> <span class='ocrx_word' id='word_1_489' title='bbox 944 4485 1062 4556; x_wconf 78' lang='grc' dir='ltr'>μὲν,</span> <span class='ocrx_word' id='word_1_490' title='bbox 1097 4484 1179 4538; x_wconf 82' lang='grc' dir='ltr'><strong>ὅτι</strong></span> <span class='ocrx_word' id='word_1_491' title='bbox 1233 4485 1331 4556; x_wconf 84' lang='grc' dir='ltr'>τὴν</span> <span class='ocrx_word' id='word_1_492' title='bbox 1361 4481 1665 4555; x_wconf 85' lang='grc' dir='ltr'>παρουσίαν</span> <span class='ocrx_word' id='word_1_493' title='bbox 1699 4479 1791 4533; x_wconf 88' lang='grc' dir='ltr'><strong>τοῦ</strong></span> <span class='ocrx_word' id='word_1_494' title='bbox 1840 4478 1996 4547; x_wconf 83' lang='grc' dir='ltr'>ἁγίου</span> 
     </span>
    </p>
   </div>
   <div class='ocr_carea' id='block_1_64' title="bbox 496 4663 2072 4740">
    <p class='ocr_par' dir='ltr' id='par_1_64' title="bbox 496 4663 2072 4740">
     <span class='ocr_line' id='line_1_64' title="bbox 496 4663 2072 4740; baseline -0.007 -19"><span class='ocrx_word' id='word_1_495' title='bbox 496 4663 607 4734; x_wconf 86' lang='grc'>(55)</span> <span class='ocrx_word' id='word_1_496' title='bbox 657 4663 883 4740; x_wconf 84' lang='lat' dir='ltr'><strong>_Se_rvum</strong></span> <span class='ocrx_word' id='word_1_497' title='bbox 923 4682 1111 4740; x_wconf 68' lang='lat' dir='ltr'><strong>genus.</strong></span> <span class='ocrx_word' id='word_1_498' title='bbox 1149 4666 1327 4720; x_wconf 67' lang='lat' dir='ltr'><strong>Poetae</strong></span> <span class='ocrx_word' id='word_1_499' title='bbox 1367 4664 1609 4740; x_wconf 73' lang='lat' dir='ltr'><strong>alicujus</strong></span> <span class='ocrx_word' id='word_1_500' title='bbox 1658 4663 1988 4740; x_wconf 74' lang='lat' dir='ltr'><strong>sententiam</strong></span> <span class='ocrx_word' id='word_1_501' title='bbox 2032 4687 2072 4740; x_wconf 74' lang='grc' dir='ltr'>ο</span> 
     </span>
    </p>
   </div>
   <div class='ocr_carea' id='block_1_65' title="bbox 426 4734 1995 4805">
    <p class='ocr_par' dir='ltr' id='par_1_65' title="bbox 426 4734 1995 4805">
     <span class='ocr_line' id='line_1_65' title="bbox 426 4734 1995 4805; baseline -0.003 -17"><span class='ocrx_word' id='word_1_502' title='bbox 426 4747 546 4788; x_wconf 86' lang='lat' dir='ltr'><strong>esse</strong></span> <span class='ocrx_word' id='word_1_503' title='bbox 585 4735 841 4790; x_wconf 80' lang='lat' dir='ltr'><strong>existimo</strong></span> <span class='ocrx_word' id='word_1_504' title='bbox 879 4752 893 4789; x_wconf 89' lang='lat'><strong>:</strong></span> <span class='ocrx_word' id='word_1_505' title='bbox 926 4734 988 4790; x_wconf 19' lang='lat' dir='ltr'><strong>isi</strong></span> <span class='ocrx_word' id='word_1_506' title='bbox 1029 4738 1172 4789; x_wconf 90' lang='lat' dir='ltr'><strong>enim</strong></span> <span class='ocrx_word' id='word_1_507' title='bbox 1225 4736 1468 4791; x_wconf 86' lang='lat' dir='ltr'><strong>voculam</strong></span> <span class='ocrx_word' id='word_1_508' title='bbox 1505 4735 1614 4805; x_wconf 83' lang='grc' dir='ltr'><strong>γάρ</strong></span> <span class='ocrx_word' id='word_1_509' title='bbox 1661 4734 1995 4794; x_wconf 79' lang='lat' dir='ltr'><strong>detraxeris,</strong></span> 
     </span>
    </p>
   </div>
   <div class='ocr_carea' id='block_1_66' title="bbox 425 4805 1493 4872">
    <p class='ocr_par' dir='ltr' id='par_1_66' title="bbox 425 4805 1493 4872">
     <span class='ocr_line' id='line_1_66' title="bbox 425 4805 1493 4872; baseline -0.002 -14"><span class='ocrx_word' id='word_1_510' title='bbox 425 4805 669 4872; x_wconf 85' lang='lat' dir='ltr'><strong>reliquus</strong></span> <span class='ocrx_word' id='word_1_511' title='bbox 695 4807 800 4859; x_wconf 89' lang='lat' dir='ltr'><strong>erit</strong></span> <span class='ocrx_word' id='word_1_512' title='bbox 830 4808 1042 4860; x_wconf 82' lang='lat' dir='ltr'><strong>iambus</strong></span> <span class='ocrx_word' id='word_1_513' title='bbox 1077 4807 1176 4860; x_wconf 91' lang='lat' dir='ltr'><strong>iste</strong></span> <span class='ocrx_word' id='word_1_514' title='bbox 1207 4806 1454 4861; x_wconf 88' lang='lat' dir='ltr'><strong>senarius</strong></span> <span class='ocrx_word' id='word_1_515' title='bbox 1480 4822 1493 4856; x_wconf 84' lang='lat'>;</span> 
     </span>
    </p>
   </div>
   <div class='ocr_carea' id='block_1_67' title="bbox 498 4873 1902 4944">
    <p class='ocr_par' dir='ltr' id='par_1_67' title="bbox 498 4873 1902 4944">
     <span class='ocr_line' id='line_1_67' title="bbox 498 4873 1902 4944; baseline -0.003 -17"><span class='ocrx_word' id='word_1_516' title='bbox 498 4873 691 4928; x_wconf 81' lang='grc' dir='ltr'><strong>Οὐδὲν</strong></span> <span class='ocrx_word' id='word_1_517' title='bbox 719 4875 786 4928; x_wconf 83' lang='grc' dir='ltr'><strong>τὸ</strong></span> <span class='ocrx_word' id='word_1_518' title='bbox 810 4876 1034 4930; x_wconf 77' lang='grc' dir='ltr'>δοῦλον</span> <span class='ocrx_word' id='word_1_519' title='bbox 1062 4875 1210 4944; x_wconf 79' lang='grc' dir='ltr'>πρὸς</span> <span class='ocrx_word' id='word_1_520' title='bbox 1233 4875 1300 4929; x_wconf 87' lang='grc' dir='ltr'><strong>τὸ</strong></span> <span class='ocrx_word' id='word_1_521' title='bbox 1322 4874 1408 4944; x_wconf 80' lang='grc' dir='ltr'><strong>μὴ</strong></span> <span class='ocrx_word' id='word_1_522' title='bbox 1446 4874 1670 4927; x_wconf 73' lang='grc' dir='ltr'>δοῦλον</span> <span class='ocrx_word' id='word_1_523' title='bbox 1707 4873 1902 4942; x_wconf 78' lang='grc' dir='ltr'>γένος.</span> 
     </span>
    </p>
   </div>
   <div class='ocr_carea' id='block_1_68' title="bbox 427 4941 1998 5066">
    <p class='ocr_par' dir='ltr' id='par_1_68' title="bbox 427 4941 1998 5066">
     <span class='ocr_line' id='line_1_68' title="bbox 427 4941 1998 5066; baseline 0 -70"><span class='ocrx_word' id='word_1_524' title='bbox 427 4941 502 5066; x_wconf 44' lang='lat' dir='ltr'><strong>Ep</strong></span> <span class='ocrx_word' id='word_1_525' title='bbox 526 4959 656 4998; x_wconf 91' lang='lat' dir='ltr'><strong>vero</strong></span> <span class='ocrx_word' id='word_1_526' title='bbox 699 4948 916 5012; x_wconf 89' lang='lat' dir='ltr'><strong>locutio,</strong></span> <span class='ocrx_word' id='word_1_527' title='bbox 954 4941 1138 5000; x_wconf 83' lang='grc' dir='ltr'>δοῦλον</span> <span class='ocrx_word' id='word_1_528' title='bbox 1159 4941 1336 5015; x_wconf 70' lang='grc' dir='ltr'>γένος,</span> <span class='ocrx_word' id='word_1_529' title='bbox 1366 4941 1654 5014; x_wconf 72' lang='lat' dir='ltr'><strong>Euripiden</strong></span> <span class='ocrx_word' id='word_1_530' title='bbox 1679 4941 1766 4998; x_wconf 86' lang='lat' dir='ltr'><strong>est</strong></span> <span class='ocrx_word' id='word_1_531' title='bbox 1797 4963 1811 4996; x_wconf 90' lang='lat'><strong>:</strong></span> <span class='ocrx_word' id='word_1_532' title='bbox 1857 4954 1915 4996; x_wconf 93' lang='lat' dir='ltr'><strong>ut</strong></span> <span class='ocrx_word' id='word_1_533' title='bbox 1944 4941 1998 4996; x_wconf 89' lang='lat' dir='ltr'><strong>in</strong></span> 
     </span>
     <span class='ocr_line' id='line_1_69' title="bbox 430 5029 744 5066; baseline 0.003 0"><span class='ocrx_word' id='word_1_534' title='bbox 430 5029 443 5066; x_wconf 89' lang='grc' dir='ltr'><strong>ι</strong></span> <span class='ocrx_word' id='word_1_535' title='bbox 487 5031 520 5066; x_wconf 93' lang='lat' dir='ltr'><strong>o</strong></span> <span class='ocrx_word' id='word_1_536' title='bbox 551 5031 744 5066; x_wconf 69' lang='lat' dir='ltr'><strong>versu:</strong></span> 
     </span>
    </p>
   </div>
   <div class='ocr_carea' id='block_1_69' title="bbox 430 5029 744 5069">
    <p class='ocr_par' dir='ltr' id='par_1_69' title="bbox 430 5029 744 5069">
     <span class='ocr_line' id='line_1_70' title="bbox 430 5029 744 5069; baseline 0.01 -3"><span class='ocrx_word' id='word_1_537' title='bbox 430 5029 520 5067; x_wconf 86' lang='grc' dir='ltr'><strong>ΙΙΙΟ</strong></span> <span class='ocrx_word' id='word_1_538' title='bbox 551 5031 702 5068; x_wconf 58' lang='grc' dir='ltr'>νει-δυ</span> <span class='ocrx_word' id='word_1_539' title='bbox 729 5034 744 5069; x_wconf 73' lang='grc'><strong>2</strong></span> 
     </span>
    </p>
   </div>
   <div class='ocr_carea' id='block_1_70' title="bbox 506 5082 1834 5157">
    <p class='ocr_par' dir='ltr' id='par_1_70' title="bbox 506 5082 1834 5157">
     <span class='ocr_line' id='line_1_71' title="bbox 506 5082 1834 5157; baseline -0.001 -20"><span class='ocrx_word' id='word_1_540' title='bbox 506 5086 793 5157; x_wconf 75' lang='grc' dir='ltr'><strong>’ῌλεγχον</strong></span> <span class='ocrx_word' id='word_1_541' title='bbox 809 5102 824 5117; x_wconf 85' lang='grc'>⁶</span> <span class='ocrx_word' id='word_1_542' title='bbox 851 5087 1004 5141; x_wconf 82' lang='grc' dir='ltr'><strong>οὕτω</strong></span> <span class='ocrx_word' id='word_1_543' title='bbox 1027 5088 1140 5157; x_wconf 77' lang='grc' dir='ltr'>γὰρ</span> <span class='ocrx_word' id='word_1_544' title='bbox 1165 5085 1355 5141; x_wconf 79' lang='grc' dir='ltr'>κακὸν</span> <span class='ocrx_word' id='word_1_545' title='bbox 1379 5082 1604 5137; x_wconf 77' lang='grc' dir='ltr'>δοῦλον</span> <span class='ocrx_word' id='word_1_546' title='bbox 1640 5082 1834 5154; x_wconf 75' lang='grc' dir='ltr'>γένος.</span> 
     </span>
    </p>
   </div>
   <div class='ocr_carea' id='block_1_71' title="bbox 436 5151 1415 5227">
    <p class='ocr_par' dir='ltr' id='par_1_71' title="bbox 436 5151 1415 5227">
     <span class='ocr_line' id='line_1_72' title="bbox 436 5151 1415 5227; baseline 0.004 -23"><span class='ocrx_word' id='word_1_547' title='bbox 436 5151 502 5227; x_wconf 59' lang='grc' dir='ltr'><strong>[ξι</strong></span> <span class='ocrx_word' id='word_1_548' title='bbox 522 5155 588 5227; x_wconf 79' lang='lat' dir='ltr'><strong>_in_</strong></span> <span class='ocrx_word' id='word_1_549' title='bbox 613 5151 716 5227; x_wconf 66' lang='lat' dir='ltr'><strong>hoc</strong></span> <span class='ocrx_word' id='word_1_550' title='bbox 739 5159 911 5212; x_wconf 89' lang='lat' dir='ltr'><strong>altero</strong></span> <span class='ocrx_word' id='word_1_551' title='bbox 934 5151 1170 5220; x_wconf 75' lang='lat' dir='ltr'><strong>ejitsileiii</strong></span> <span class='ocrx_word' id='word_1_552' title='bbox 1205 5172 1374 5227; x_wconf 69' lang='lat' dir='ltr'><strong>poeta!</strong></span> <span class='ocrx_word' id='word_1_553' title='bbox 1403 5173 1415 5208; x_wconf 94' lang='lat'>:</span> 
     </span>
    </p>
   </div>
   <div class='ocr_carea' id='block_1_72' title="bbox 431 5221 1996 5294">
    <p class='ocr_par' dir='ltr' id='par_1_72' title="bbox 431 5221 1996 5294">
     <span class='ocr_line' id='line_1_73' title="bbox 431 5221 1996 5294; baseline 0.002 -19"><span class='ocrx_word' id='word_1_554' title='bbox 431 5223 549 5276; x_wconf 79' lang='grc' dir='ltr'>Φεῦ</span> <span class='ocrx_word' id='word_1_555' title='bbox 570 5224 589 5275; x_wconf 91' lang='lat'><strong>.&#39;</strong></span> <span class='ocrx_word' id='word_1_556' title='bbox 610 5225 757 5280; x_wconf 74' lang='grc' dir='ltr'>Φεῦ]</span> <span class='ocrx_word' id='word_1_557' title='bbox 784 5227 854 5281; x_wconf 86' lang='grc' dir='ltr'>Τὸ</span> <span class='ocrx_word' id='word_1_558' title='bbox 879 5227 1104 5282; x_wconf 78' lang='grc' dir='ltr'>δοῦλον</span> <span class='ocrx_word' id='word_1_559' title='bbox 1135 5221 1219 5293; x_wconf 71' lang='grc' dir='ltr'><strong>ὠςῖ</strong></span> <span class='ocrx_word' id='word_1_560' title='bbox 1239 5223 1555 5294; x_wconf 78' lang='grc' dir='ltr'>ἁπανταχῆ</span> <span class='ocrx_word' id='word_1_561' title='bbox 1583 5221 1846 5294; x_wconf 77' lang='grc' dir='ltr'>γένος,κ.</span> <span class='ocrx_word' id='word_1_562' title='bbox 1872 5241 1922 5279; x_wconf 87' lang='grc' dir='ltr'>τ.</span> <span class='ocrx_word' id='word_1_563' title='bbox 1947 5224 1996 5278; x_wconf 90' lang='grc' dir='ltr'>λ.</span> 
     </span>
    </p>
   </div>
   <div class='ocr_carea' id='block_1_73' title="bbox 505 5293 1372 5364">
    <p class='ocr_par' dir='ltr' id='par_1_73' title="bbox 505 5293 1372 5364">
     <span class='ocr_line' id='line_1_74' title="bbox 505 5293 1372 5364; baseline 0.007 -19"><span class='ocrx_word' id='word_1_564' title='bbox 651 5295 921 5351; x_wconf 79' lang='lat' dir='ltr'><strong>Dominus.</strong></span> <span class='ocrx_word' id='word_1_565' title='bbox 952 5299 989 5351; x_wconf 89' lang='lat' dir='ltr'><strong>II</strong></span> <span class='ocrx_word' id='word_1_566' title='bbox 1017 5300 1141 5353; x_wconf 82' lang='lat' dir='ltr'><strong>Cor.</strong></span> <span class='ocrx_word' id='word_1_567' title='bbox 1177 5315 1257 5361; x_wconf 89' lang='grc' dir='ltr'>ιιι,</span> <span class='ocrx_word' id='word_1_568' title='bbox 1289 5298 1372 5352; x_wconf 83' lang='grc'><strong>17.</strong></span> 
     </span>
    </p>
   </div>
   <div class='ocr_carea' id='block_1_74' title="bbox 502 5365 1380 5437">
    <p class='ocr_par' dir='ltr' id='par_1_74' title="bbox 502 5365 1380 5437">
     <span class='ocr_line' id='line_1_75' title="bbox 502 5365 1380 5437; baseline -0.001 -16"><span class='ocrx_word' id='word_1_569' title='bbox 502 5365 614 5437; x_wconf 62' lang='grc'>(57)</span> <span class='ocrx_word' id='word_1_570' title='bbox 659 5365 781 5437; x_wconf 63' lang='lat' dir='ltr'><strong>Non</strong></span> <span class='ocrx_word' id='word_1_571' title='bbox 819 5371 976 5422; x_wconf 85' lang='lat' dir='ltr'><strong>enim.</strong></span> <span class='ocrx_word' id='word_1_572' title='bbox 1003 5368 1044 5422; x_wconf 92' lang='lat' dir='ltr'><strong>ll</strong></span> <span class='ocrx_word' id='word_1_573' title='bbox 1081 5368 1222 5425; x_wconf 87' lang='lat' dir='ltr'><strong>Tim.</strong></span> <span class='ocrx_word' id='word_1_574' title='bbox 1263 5384 1299 5427; x_wconf 86' lang='grc' dir='ltr'>ι.</span> <span class='ocrx_word' id='word_1_575' title='bbox 1330 5369 1380 5420; x_wconf 87' lang='grc'><strong>7.</strong></span> 
     </span>
    </p>
   </div>
   <div class='ocr_carea' id='block_1_75' title="bbox 502 5433 1998 5508">
    <p class='ocr_par' dir='ltr' id='par_1_75' title="bbox 502 5433 1998 5508">
     <span class='ocr_line' id='line_1_76' title="bbox 502 5433 1998 5508; baseline -0.001 -17"><span class='ocrx_word' id='word_1_576' title='bbox 502 5433 614 5508; x_wconf 77' lang='grc'>(58)</span> <span class='ocrx_word' id='word_1_577' title='bbox 661 5435 959 5508; x_wconf 76' lang='lat' dir='ltr'><strong>Servilutis.</strong></span> <span class='ocrx_word' id='word_1_578' title='bbox 985 5439 1170 5494; x_wconf 59' lang='lat' dir='ltr'><strong>Gratea</strong></span> <span class='ocrx_word' id='word_1_579' title='bbox 1194 5440 1358 5493; x_wconf 85' lang='lat' dir='ltr'><strong>editio</strong></span> <span class='ocrx_word' id='word_1_580' title='bbox 1383 5452 1502 5508; x_wconf 90' lang='lat' dir='ltr'><strong>pro,</strong></span> <span class='ocrx_word' id='word_1_581' title='bbox 1525 5433 1787 5500; x_wconf 87' lang='grc' dir='ltr'>δουλείας,</span> <span class='ocrx_word' id='word_1_582' title='bbox 1812 5434 1998 5503; x_wconf 85' lang='lat' dir='ltr'><strong>habet,</strong></span> 
     </span>
    </p>
   </div>
   <div class='ocr_carea' id='block_1_76' title="bbox 426 5503 1097 5571">
    <p class='ocr_par' dir='ltr' id='par_1_76' title="bbox 426 5503 1097 5571">
     <span class='ocr_line' id='line_1_77' title="bbox 426 5503 1097 5571; baseline 0.01 -15"><span class='ocrx_word' id='word_1_583' title='bbox 426 5503 652 5571; x_wconf 76' lang='grc' dir='ltr'>δειλίας,</span> <span class='ocrx_word' id='word_1_584' title='bbox 685 5507 737 5559; x_wconf 85' lang='lat' dir='ltr'><strong>id</strong></span> <span class='ocrx_word' id='word_1_585' title='bbox 765 5519 847 5562; x_wconf 80' lang='lat' dir='ltr'><strong>est</strong></span> <span class='ocrx_word' id='word_1_586' title='bbox 875 5511 1097 5562; x_wconf 78' lang='lat' dir='ltr'><strong>timoris.</strong></span> 
     </span>
    </p>
   </div>
   <div class='ocr_carea' id='block_1_77' title="bbox 482 5575 2000 5700">
    <p class='ocr_par' dir='ltr' id='par_1_77' title="bbox 482 5575 2000 5700">
     <span class='ocr_line' id='line_1_78' title="bbox 482 5575 2000 5700; baseline 0.001 -72"><span class='ocrx_word' id='word_1_587' title='bbox 482 5575 616 5700; x_wconf 59' lang='lat'><strong>1()5?)</strong></span> <span class='ocrx_word' id='word_1_588' title='bbox 661 5575 770 5630; x_wconf 86' lang='lat' dir='ltr'><strong>Nec</strong></span> <span class='ocrx_word' id='word_1_589' title='bbox 791 5580 948 5632; x_wconf 86' lang='lat' dir='ltr'><strong>enim.</strong></span> <span class='ocrx_word' id='word_1_590' title='bbox 991 5577 1149 5634; x_wconf 81' lang='lat' dir='ltr'><strong>Rom.</strong></span> <span class='ocrx_word' id='word_1_591' title='bbox 1196 5595 1317 5642; x_wconf 85' lang='lat' dir='ltr'><strong>vni,</strong></span> <span class='ocrx_word' id='word_1_592' title='bbox 1349 5579 1438 5644; x_wconf 86' lang='grc'><strong>15,</strong></span> <span class='ocrx_word' id='word_1_593' title='bbox 1478 5597 1648 5652; x_wconf 88' lang='lat' dir='ltr'><strong>usque</strong></span> <span class='ocrx_word' id='word_1_594' title='bbox 1682 5580 1748 5635; x_wconf 89' lang='lat' dir='ltr'><strong>ad</strong></span> <span class='ocrx_word' id='word_1_595' title='bbox 1791 5592 2000 5644; x_wconf 81' lang='lat' dir='ltr'><strong>vocem,</strong></span> 
     </span>
     <span class='ocr_line' id='line_1_79' title="bbox 533 5663 720 5700; baseline 0 -2"><span class='ocrx_word' id='word_1_596' title='bbox 533 5663 561 5698; x_wconf 90' lang='lat' dir='ltr'><strong>a</strong></span> <span class='ocrx_word' id='word_1_597' title='bbox 589 5663 668 5700; x_wconf 88' lang='lat' dir='ltr'><strong>er.</strong></span> <span class='ocrx_word' id='word_1_598' title='bbox 700 5667 720 5698; x_wconf 75' lang='grc' dir='ltr'>ι</span> 
     </span>
    </p>
   </div>
   <div class='ocr_carea' id='block_1_78' title="bbox 433 5658 720 5700">
    <p class='ocr_par' dir='ltr' id='par_1_78' title="bbox 433 5658 720 5700">
     <span class='ocr_line' id='line_1_80' title="bbox 433 5658 720 5700; baseline 0 -2"><span class='ocrx_word' id='word_1_599' title='bbox 433 5662 456 5698; x_wconf 76' lang='grc' dir='ltr'>ι</span> <span class='ocrx_word' id='word_1_600' title='bbox 482 5658 668 5700; x_wconf 71' lang='lat' dir='ltr'><strong>rater.</strong></span> <span class='ocrx_word' id='word_1_601' title='bbox 700 5667 720 5698; x_wconf 74' lang='grc' dir='ltr'><strong>ι</strong></span> 
     </span>
    </p>
   </div>
   <div class='ocr_carea' id='block_1_79' title="bbox 505 5715 2001 5790">
    <p class='ocr_par' dir='ltr' id='par_1_79' title="bbox 505 5715 2001 5790">
     <span class='ocr_line' id='line_1_81' title="bbox 505 5715 2001 5790; baseline 0.001 -22"><span class='ocrx_word' id='word_1_602' title='bbox 505 5715 616 5790; x_wconf 85' lang='grc'>(60)</span> <span class='ocrx_word' id='word_1_603' title='bbox 663 5716 864 5790; x_wconf 69' lang='lat' dir='ltr'><strong>Itaque.</strong></span> <span class='ocrx_word' id='word_1_604' title='bbox 904 5717 1024 5790; x_wconf 48' lang='grc' dir='ltr'>[ἤιε</span> <span class='ocrx_word' id='word_1_605' title='bbox 1043 5720 1148 5773; x_wconf 92' lang='lat' dir='ltr'><strong>huc</strong></span> <span class='ocrx_word' id='word_1_606' title='bbox 1186 5718 1443 5790; x_wconf 87' lang='lat' dir='ltr'><strong>translata</strong></span> <span class='ocrx_word' id='word_1_607' title='bbox 1482 5733 1703 5777; x_wconf 81' lang='lat' dir='ltr'><strong>suntex</strong></span> <span class='ocrx_word' id='word_1_608' title='bbox 1735 5719 1902 5790; x_wconf 84' lang='lat' dir='ltr'><strong>Epist.</strong></span> <span class='ocrx_word' id='word_1_609' title='bbox 1935 5718 2001 5772; x_wconf 83' lang='lat' dir='ltr'><strong>ad</strong></span> 
     </span>
    </p>
   </div>
   <div class='ocr_carea' id='block_1_80' title="bbox 437 5784 1999 5858">
    <p class='ocr_par' dir='ltr' id='par_1_80' title="bbox 437 5784 1999 5858">
     <span class='ocr_line' id='line_1_82' title="bbox 437 5784 1999 5858; baseline -0.001 -16"><span class='ocrx_word' id='word_1_610' title='bbox 437 5784 614 5858; x_wconf 41' lang='lat' dir='ltr'><strong>Galat,</strong></span> <span class='ocrx_word' id='word_1_611' title='bbox 669 5784 769 5851; x_wconf 61' lang='grc' dir='ltr'><strong>ιν,</strong></span> <span class='ocrx_word' id='word_1_612' title='bbox 815 5789 866 5842; x_wconf 87' lang='lat'><strong>7.</strong></span> <span class='ocrx_word' id='word_1_613' title='bbox 915 5787 1029 5842; x_wconf 87' lang='lat' dir='ltr'><strong>Nisi</strong></span> <span class='ocrx_word' id='word_1_614' title='bbox 1085 5789 1347 5856; x_wconf 87' lang='lat' dir='ltr'><strong>suspicari</strong></span> <span class='ocrx_word' id='word_1_615' title='bbox 1419 5793 1666 5847; x_wconf 88' lang='lat' dir='ltr'><strong>malimus</strong></span> <span class='ocrx_word' id='word_1_616' title='bbox 1715 5784 1999 5858; x_wconf 77' lang='lat' dir='ltr'><strong>Didyiuuin</strong></span> 
     </span>
    </p>
   </div>
   <div class='ocr_carea' id='block_1_81' title="bbox 439 5855 2002 5928">
    <p class='ocr_par' dir='ltr' id='par_1_81' title="bbox 439 5855 2002 5928">
     <span class='ocr_line' id='line_1_83' title="bbox 439 5855 2002 5928; baseline 0.002 -17"><span class='ocrx_word' id='word_1_617' title='bbox 439 5858 542 5912; x_wconf 90' lang='lat' dir='ltr'><strong>duo</strong></span> <span class='ocrx_word' id='word_1_618' title='bbox 588 5855 740 5912; x_wconf 84' lang='lat' dir='ltr'><strong>Pauli</strong></span> <span class='ocrx_word' id='word_1_619' title='bbox 809 5858 924 5913; x_wconf 77' lang='lat' dir='ltr'><strong>loca</strong></span> <span class='ocrx_word' id='word_1_620' title='bbox 979 5855 1233 5928; x_wconf 83' lang='lat' dir='ltr'><strong>dictasse,</strong></span> <span class='ocrx_word' id='word_1_621' title='bbox 1288 5859 1568 5917; x_wconf 85' lang='lat' dir='ltr'><strong>librarium</strong></span> <span class='ocrx_word' id='word_1_622' title='bbox 1607 5879 1732 5920; x_wconf 83' lang='lat' dir='ltr'><strong>vero</strong></span> <span class='ocrx_word' id='word_1_623' title='bbox 1765 5855 1833 5917; x_wconf 70' lang='lat' dir='ltr'><strong>ei</strong></span> <span class='ocrx_word' id='word_1_624' title='bbox 1872 5859 2002 5915; x_wconf 88' lang='lat' dir='ltr'><strong>duo-</strong></span> 
     </span>
    </p>
   </div>
   <div class='ocr_carea' id='block_1_82' title="bbox 2091 1987 3668 2059">
    <p class='ocr_par' dir='ltr' id='par_1_82' title="bbox 2091 1987 3668 2059">
     <span class='ocr_line' id='line_1_84' title="bbox 2091 1987 3668 2059; baseline 0 -17"><span class='ocrx_word' id='word_1_625' title='bbox 2091 1989 2160 2042; x_wconf 93' lang='lat' dir='ltr'><strong>tis</strong></span> <span class='ocrx_word' id='word_1_626' title='bbox 2196 1988 2395 2043; x_wconf 87' lang='lat' dir='ltr'><strong>iterum</strong></span> <span class='ocrx_word' id='word_1_627' title='bbox 2431 1987 2487 2041; x_wconf 88' lang='lat' dir='ltr'><strong>in</strong></span> <span class='ocrx_word' id='word_1_628' title='bbox 2524 1989 2752 2053; x_wconf 90' lang='lat' dir='ltr'><strong>timore,</strong></span> <span class='ocrx_word' id='word_1_629' title='bbox 2803 1987 2896 2043; x_wconf 91' lang='lat' dir='ltr'><strong>sed</strong></span> <span class='ocrx_word' id='word_1_630' title='bbox 2950 1989 3199 2059; x_wconf 86' lang='lat' dir='ltr'><strong>spiritum</strong></span> <span class='ocrx_word' id='word_1_631' title='bbox 3253 1989 3581 2059; x_wconf 90' lang='lat' dir='ltr'><strong>adoptionis,</strong></span> <span class='ocrx_word' id='word_1_632' title='bbox 3615 1990 3668 2043; x_wconf 89' lang='lat' dir='ltr'><strong>in</strong></span> 
     </span>
    </p>
   </div>
   <div class='ocr_carea' id='block_1_83' title="bbox 2092 2079 3671 2152">
    <p class='ocr_par' dir='ltr' id='par_1_83' title="bbox 2092 2079 3671 2152">
     <span class='ocr_line' id='line_1_85' title="bbox 2092 2079 3671 2152; baseline 0 -18"><span class='ocrx_word' id='word_1_633' title='bbox 2092 2093 2199 2150; x_wconf 91' lang='lat' dir='ltr'><strong>quo</strong></span> <span class='ocrx_word' id='word_1_634' title='bbox 2241 2079 2564 2144; x_wconf 88' lang='lat' dir='ltr'><strong>clamamus,</strong></span> <span class='ocrx_word' id='word_1_635' title='bbox 2587 2080 2758 2148; x_wconf 84' lang='lat' dir='ltr'><strong>Abba,</strong></span> <span class='ocrx_word' id='word_1_636' title='bbox 2791 2080 2974 2136; x_wconf 91' lang='lat' dir='ltr'><strong>Pater.</strong></span> <span class='ocrx_word' id='word_1_637' title='bbox 3009 2081 3192 2151; x_wconf 83' lang='lat' dir='ltr'><strong>itaque</strong></span> <span class='ocrx_word' id='word_1_638' title='bbox 3232 2080 3344 2152; x_wconf 88' lang='grc'>(60)</span> <span class='ocrx_word' id='word_1_639' title='bbox 3370 2081 3480 2151; x_wconf 89' lang='lat' dir='ltr'><strong>jam</strong></span> <span class='ocrx_word' id='word_1_640' title='bbox 3511 2081 3671 2151; x_wconf 76' lang='grc'><strong>167</strong></span> 
     </span>
    </p>
   </div>
   <div class='ocr_carea' id='block_1_84' title="bbox 2089 2173 3674 2243">
    <p class='ocr_par' dir='ltr' id='par_1_84' title="bbox 2089 2173 3674 2243">
     <span class='ocr_line' id='line_1_86' title="bbox 2089 2173 3674 2243; baseline -0.001 -15"><span class='ocrx_word' id='word_1_641' title='bbox 2089 2188 2197 2228; x_wconf 89' lang='lat' dir='ltr'><strong>non</strong></span> <span class='ocrx_word' id='word_1_642' title='bbox 2238 2187 2299 2228; x_wconf 90' lang='lat' dir='ltr'><strong>es</strong></span> <span class='ocrx_word' id='word_1_643' title='bbox 2353 2188 2568 2238; x_wconf 90' lang='lat' dir='ltr'><strong>servus,</strong></span> <span class='ocrx_word' id='word_1_644' title='bbox 2618 2175 2713 2228; x_wconf 89' lang='lat' dir='ltr'><strong>sed</strong></span> <span class='ocrx_word' id='word_1_645' title='bbox 2758 2173 2919 2228; x_wconf 85' lang='lat' dir='ltr'><strong>ﬁlius.</strong></span> <span class='ocrx_word' id='word_1_646' title='bbox 2960 2193 2978 2226; x_wconf 76' lang='grc' dir='ltr'>ι</span> <span class='ocrx_word' id='word_1_647' title='bbox 3030 2174 3185 2229; x_wconf 93' lang='lat' dir='ltr'><strong>Sicut</strong></span> <span class='ocrx_word' id='word_1_648' title='bbox 3241 2189 3370 2243; x_wconf 82' lang='lat' dir='ltr'><strong>ergo</strong></span> <span class='ocrx_word' id='word_1_649' title='bbox 3423 2173 3674 2232; x_wconf 81' lang='lat' dir='ltr'><strong>liberavit</strong></span> 
     </span>
    </p>
   </div>
   <div class='ocr_carea' id='block_1_85' title="bbox 2089 2265 3674 2333">
    <p class='ocr_par' dir='ltr' id='par_1_85' title="bbox 2089 2265 3674 2333">
     <span class='ocr_line' id='line_1_87' title="bbox 2089 2265 3674 2333; baseline -0.001 -13"><span class='ocrx_word' id='word_1_650' title='bbox 2089 2281 2191 2321; x_wconf 92' lang='lat' dir='ltr'><strong>nos</strong></span> <span class='ocrx_word' id='word_1_651' title='bbox 2229 2265 2418 2333; x_wconf 85' lang='lat' dir='ltr'><strong>Filius,</strong></span> <span class='ocrx_word' id='word_1_652' title='bbox 2472 2281 2596 2320; x_wconf 91' lang='lat' dir='ltr'><strong>cum</strong></span> <span class='ocrx_word' id='word_1_653' title='bbox 2635 2266 2835 2321; x_wconf 90' lang='lat' dir='ltr'><strong>dictum</strong></span> <span class='ocrx_word' id='word_1_654' title='bbox 2880 2266 3037 2321; x_wconf 90' lang='lat' dir='ltr'><strong>nobis</strong></span> <span class='ocrx_word' id='word_1_655' title='bbox 3071 2266 3182 2320; x_wconf 91' lang='lat' dir='ltr'><strong>sit:</strong></span> <span class='ocrx_word' id='word_1_656' title='bbox 3232 2284 3251 2318; x_wconf 75' lang='grc' dir='ltr'><strong>ι</strong></span> <span class='ocrx_word' id='word_1_657' title='bbox 3299 2265 3417 2319; x_wconf 88' lang='lat' dir='ltr'><strong>Jam</strong></span> <span class='ocrx_word' id='word_1_658' title='bbox 3472 2279 3580 2319; x_wconf 87' lang='lat' dir='ltr'><strong>non</strong></span> <span class='ocrx_word' id='word_1_659' title='bbox 3613 2278 3674 2319; x_wconf 90' lang='lat' dir='ltr'><strong>es</strong></span> 
     </span>
    </p>
   </div>
   <div class='ocr_carea' id='block_1_86' title="bbox 2089 2351 3672 2425">
    <p class='ocr_par' dir='ltr' id='par_1_86' title="bbox 2089 2351 3672 2425">
     <span class='ocr_line' id='line_1_88' title="bbox 2089 2351 3672 2425; baseline -0.003 -14"><span class='ocrx_word' id='word_1_660' title='bbox 2089 2370 2302 2423; x_wconf 85' lang='lat' dir='ltr'><strong>servus,</strong></span> <span class='ocrx_word' id='word_1_661' title='bbox 2335 2357 2430 2412; x_wconf 90' lang='lat' dir='ltr'><strong>sed</strong></span> <span class='ocrx_word' id='word_1_662' title='bbox 2461 2356 2596 2412; x_wconf 90' lang='lat' dir='ltr'><strong>liber</strong></span> <span class='ocrx_word' id='word_1_663' title='bbox 2629 2372 2645 2422; x_wconf 88' lang='lat'><strong>;</strong></span> <span class='ocrx_word' id='word_1_664' title='bbox 2689 2375 2708 2408; x_wconf 75' lang='grc' dir='ltr'><strong>ι</strong></span> <span class='ocrx_word' id='word_1_665' title='bbox 2776 2366 2831 2411; x_wconf 89' lang='lat' dir='ltr'><strong>et</strong></span> <span class='ocrx_word' id='word_1_666' title='bbox 2871 2374 2884 2410; x_wconf 90' lang='lat'><strong>:</strong></span> <span class='ocrx_word' id='word_1_667' title='bbox 2933 2373 2953 2406; x_wconf 81' lang='grc' dir='ltr'><strong>ι</strong></span> <span class='ocrx_word' id='word_1_668' title='bbox 2989 2354 3265 2409; x_wconf 87' lang='lat' dir='ltr'><strong>Libertate</strong></span> <span class='ocrx_word' id='word_1_669' title='bbox 3288 2353 3424 2425; x_wconf 89' lang='grc'>(61),</span> <span class='ocrx_word' id='word_1_670' title='bbox 3446 2368 3550 2422; x_wconf 90' lang='lat' dir='ltr'><strong>qua</strong></span> <span class='ocrx_word' id='word_1_671' title='bbox 3578 2351 3672 2407; x_wconf 78' lang='lat' dir='ltr'><strong>Fi-</strong></span> 
     </span>
    </p>
   </div>
   <div class='ocr_carea' id='block_1_87' title="bbox 2093 2447 3676 2519">
    <p class='ocr_par' dir='ltr' id='par_1_87' title="bbox 2093 2447 3676 2519">
     <span class='ocr_line' id='line_1_89' title="bbox 2093 2447 3676 2519; baseline -0.004 -15"><span class='ocrx_word' id='word_1_672' title='bbox 2093 2450 2197 2505; x_wconf 89' lang='lat' dir='ltr'><strong>lius</strong></span> <span class='ocrx_word' id='word_1_673' title='bbox 2236 2466 2333 2505; x_wconf 91' lang='lat' dir='ltr'><strong>vos</strong></span> <span class='ocrx_word' id='word_1_674' title='bbox 2365 2450 2636 2516; x_wconf 87' lang='lat' dir='ltr'><strong>liberavit,</strong></span> <span class='ocrx_word' id='word_1_675' title='bbox 2673 2469 2694 2504; x_wconf 76' lang='grc'><strong>»</strong></span> <span class='ocrx_word' id='word_1_676' title='bbox 2737 2449 2809 2504; x_wconf 91' lang='lat' dir='ltr'><strong>ita</strong></span> <span class='ocrx_word' id='word_1_677' title='bbox 2842 2449 3004 2503; x_wconf 89' lang='lat' dir='ltr'><strong>etiam</strong></span> <span class='ocrx_word' id='word_1_678' title='bbox 3034 2464 3064 2502; x_wconf 89' lang='lat' dir='ltr'><strong>a</strong></span> <span class='ocrx_word' id='word_1_679' title='bbox 3102 2447 3332 2519; x_wconf 87' lang='lat' dir='ltr'><strong>Spiritu,</strong></span> <span class='ocrx_word' id='word_1_680' title='bbox 3361 2447 3505 2516; x_wconf 91' lang='lat' dir='ltr'><strong>quod</strong></span> <span class='ocrx_word' id='word_1_681' title='bbox 3533 2461 3676 2501; x_wconf 88' lang='lat' dir='ltr'><strong>eam-</strong></span> 
     </span>
    </p>
   </div>
   <div class='ocr_carea' id='block_1_88' title="bbox 2097 2535 3677 2606">
    <p class='ocr_par' dir='ltr' id='par_1_88' title="bbox 2097 2535 3677 2606">
     <span class='ocr_line' id='line_1_90' title="bbox 2097 2535 3677 2606; baseline -0.003 -11"><span class='ocrx_word' id='word_1_682' title='bbox 2097 2541 2219 2596; x_wconf 92' lang='lat' dir='ltr'><strong>dem</strong></span> <span class='ocrx_word' id='word_1_683' title='bbox 2260 2557 2382 2595; x_wconf 89' lang='lat' dir='ltr'><strong>cum</strong></span> <span class='ocrx_word' id='word_1_684' title='bbox 2427 2541 2564 2595; x_wconf 85' lang='lat' dir='ltr'><strong>Filio</strong></span> <span class='ocrx_word' id='word_1_685' title='bbox 2600 2539 2895 2595; x_wconf 86' lang='lat' dir='ltr'><strong>essentiam</strong></span> <span class='ocrx_word' id='word_1_686' title='bbox 2948 2539 3162 2604; x_wconf 87' lang='lat' dir='ltr'><strong>habeat,</strong></span> <span class='ocrx_word' id='word_1_687' title='bbox 3203 2538 3451 2606; x_wconf 89' lang='lat' dir='ltr'><strong>idemque</strong></span> <span class='ocrx_word' id='word_1_688' title='bbox 3501 2535 3677 2590; x_wconf 90' lang='lat' dir='ltr'><strong>domi-</strong></span> 
     </span>
    </p>
   </div>
   <div class='ocr_carea' id='block_1_89' title="bbox 2097 2631 3674 2705">
    <p class='ocr_par' dir='ltr' id='par_1_89' title="bbox 2097 2631 3674 2705">
     <span class='ocr_line' id='line_1_91' title="bbox 2097 2631 3674 2705; baseline -0.001 -18"><span class='ocrx_word' id='word_1_689' title='bbox 2097 2635 2306 2689; x_wconf 85' lang='lat' dir='ltr'><strong>verba:</strong></span> <span class='ocrx_word' id='word_1_690' title='bbox 2358 2653 2377 2686; x_wconf 81' lang='grc' dir='ltr'><strong>ι</strong></span> <span class='ocrx_word' id='word_1_691' title='bbox 2409 2635 2513 2691; x_wconf 89' lang='lat' dir='ltr'><strong>Ubi</strong></span> <span class='ocrx_word' id='word_1_692' title='bbox 2570 2645 2749 2690; x_wconf 90' lang='lat' dir='ltr'><strong>autem</strong></span> <span class='ocrx_word' id='word_1_693' title='bbox 2803 2635 3037 2705; x_wconf 86' lang='lat' dir='ltr'><strong>Spiritus</strong></span> <span class='ocrx_word' id='word_1_694' title='bbox 3092 2633 3327 2698; x_wconf 91' lang='lat' dir='ltr'><strong>Domini,</strong></span> <span class='ocrx_word' id='word_1_695' title='bbox 3383 2633 3456 2688; x_wconf 91' lang='lat' dir='ltr'><strong>ibi</strong></span> <span class='ocrx_word' id='word_1_696' title='bbox 3505 2631 3674 2686; x_wconf 89' lang='lat' dir='ltr'><strong>liber-</strong></span> 
     </span>
    </p>
   </div>
   <div class='ocr_carea' id='block_1_90' title="bbox 2165 2813 3678 2888">
    <p class='ocr_par' dir='ltr' id='par_1_90' title="bbox 2165 2813 3678 2888">
     <span class='ocr_line' id='line_1_92' title="bbox 2165 2813 3678 2888; baseline -0.005 -14"><span class='ocrx_word' id='word_1_697' title='bbox 2165 2821 2258 2878; x_wconf 81' lang='lat' dir='ltr'><strong>XI.</strong></span> <span class='ocrx_word' id='word_1_698' title='bbox 2316 2821 2576 2877; x_wconf 89' lang='lat' dir='ltr'><strong>Creatura</strong></span> <span class='ocrx_word' id='word_1_699' title='bbox 2631 2836 2753 2876; x_wconf 90' lang='lat' dir='ltr'><strong>cum</strong></span> <span class='ocrx_word' id='word_1_700' title='bbox 2817 2817 3191 2888; x_wconf 84' lang='lat' dir='ltr'><strong>intelligibilis,</strong></span> <span class='ocrx_word' id='word_1_701' title='bbox 3251 2827 3363 2871; x_wconf 88' lang='lat' dir='ltr'><strong>tum</strong></span> <span class='ocrx_word' id='word_1_702' title='bbox 3403 2813 3678 2870; x_wconf 89' lang='lat' dir='ltr'><strong>sensibilis</strong></span> 
     </span>
    </p>
   </div>
   <div class='ocr_carea' id='block_1_91' title="bbox 2097 2908 3679 2981">
    <p class='ocr_par' dir='ltr' id='par_1_91' title="bbox 2097 2908 3679 2981">
     <span class='ocr_line' id='line_1_93' title="bbox 2097 2908 3679 2981; baseline -0.007 -12"><span class='ocrx_word' id='word_1_703' title='bbox 2097 2915 2390 2978; x_wconf 86' lang='lat' dir='ltr'><strong>ministrat,</strong></span> <span class='ocrx_word' id='word_1_704' title='bbox 2453 2929 2560 2968; x_wconf 91' lang='lat' dir='ltr'><strong>non</strong></span> <span class='ocrx_word' id='word_1_705' title='bbox 2614 2913 2856 2981; x_wconf 75' lang='lat' dir='ltr'><strong>przecipit</strong></span> <span class='ocrx_word' id='word_1_706' title='bbox 2894 2927 2958 2967; x_wconf 82' lang='lat' dir='ltr'><strong>ex</strong></span> <span class='ocrx_word' id='word_1_707' title='bbox 2999 2913 3217 2980; x_wconf 89' lang='lat' dir='ltr'><strong>seipsa;</strong></span> <span class='ocrx_word' id='word_1_708' title='bbox 3273 2909 3414 2963; x_wconf 88' lang='lat' dir='ltr'><strong>sicut</strong></span> <span class='ocrx_word' id='word_1_709' title='bbox 3465 2908 3532 2961; x_wconf 90' lang='lat' dir='ltr'><strong>de</strong></span> <span class='ocrx_word' id='word_1_710' title='bbox 3575 2920 3679 2960; x_wconf 89' lang='lat' dir='ltr'><strong>an-</strong></span> 
     </span>
    </p>
   </div>
   <div class='ocr_carea' id='block_1_92' title="bbox 2096 2999 3676 3077">
    <p class='ocr_par' dir='ltr' id='par_1_92' title="bbox 2096 2999 3676 3077">
     <span class='ocr_line' id='line_1_94' title="bbox 2096 2999 3676 3077; baseline -0.005 -17"><span class='ocrx_word' id='word_1_711' title='bbox 2096 3007 2231 3077; x_wconf 70' lang='lat' dir='ltr'><strong>gelis</strong></span> <span class='ocrx_word' id='word_1_712' title='bbox 2260 3015 2485 3061; x_wconf 90' lang='lat' dir='ltr'><strong>testatur</strong></span> <span class='ocrx_word' id='word_1_713' title='bbox 2515 3005 2799 3076; x_wconf 87' lang='lat' dir='ltr'><strong>Scriptura</strong></span> <span class='ocrx_word' id='word_1_714' title='bbox 2843 3025 2854 3059; x_wconf 95' lang='lat'><strong>:</strong></span> <span class='ocrx_word' id='word_1_715' title='bbox 2905 3023 2926 3057; x_wconf 72' lang='grc' dir='ltr'><strong>ι</strong></span> <span class='ocrx_word' id='word_1_716' title='bbox 2970 3003 3227 3059; x_wconf 83' lang='lat' dir='ltr'><strong>Potentes</strong></span> <span class='ocrx_word' id='word_1_717' title='bbox 3286 2999 3396 3072; x_wconf 75' lang='grc'>(62)</span> <span class='ocrx_word' id='word_1_718' title='bbox 3448 3000 3676 3059; x_wconf 86' lang='lat' dir='ltr'><strong>virtute,</strong></span> 
     </span>
    </p>
   </div>
   <div class='ocr_carea' id='block_1_93' title="bbox 2099 3089 3676 3162">
    <p class='ocr_par' dir='ltr' id='par_1_93' title="bbox 2099 3089 3676 3162">
     <span class='ocr_line' id='line_1_95' title="bbox 2099 3089 3676 3162; baseline -0.006 -11"><span class='ocrx_word' id='word_1_719' title='bbox 2099 3098 2359 3153; x_wconf 79' lang='lat' dir='ltr'><strong>facientes</strong></span> <span class='ocrx_word' id='word_1_720' title='bbox 2388 3099 2614 3152; x_wconf 86' lang='lat' dir='ltr'><strong>verbum</strong></span> <span class='ocrx_word' id='word_1_721' title='bbox 2659 3097 2823 3152; x_wconf 91' lang='lat' dir='ltr'><strong>illius.</strong></span> <span class='ocrx_word' id='word_1_722' title='bbox 2851 3116 2870 3148; x_wconf 77' lang='grc' dir='ltr'><strong>ι</strong></span> <span class='ocrx_word' id='word_1_723' title='bbox 2914 3096 2983 3150; x_wconf 74' lang='lat' dir='ltr'><strong>At</strong></span> <span class='ocrx_word' id='word_1_724' title='bbox 3036 3095 3272 3162; x_wconf 86' lang='lat' dir='ltr'><strong>Spiritus</strong></span> <span class='ocrx_word' id='word_1_725' title='bbox 3317 3099 3539 3147; x_wconf 89' lang='lat' dir='ltr'><strong>sanctus</strong></span> <span class='ocrx_word' id='word_1_726' title='bbox 3579 3089 3676 3142; x_wconf 86' lang='lat' dir='ltr'><strong>Dei</strong></span> 
     </span>
    </p>
   </div>
   <div class='ocr_carea' id='block_1_94' title="bbox 2019 3173 3679 3258">
    <p class='ocr_par' dir='ltr' id='par_1_94' title="bbox 2019 3173 3679 3258">
     <span class='ocr_line' id='line_1_96' title="bbox 2019 3173 3679 3258; baseline -0.008 -12"><span class='ocrx_word' id='word_1_727' title='bbox 2019 3173 2062 3231; x_wconf 64' lang='grc' dir='ltr'><strong>(ἶ</strong></span> <span class='ocrx_word' id='word_1_728' title='bbox 2095 3205 2189 3245; x_wconf 89' lang='lat' dir='ltr'><strong>sua</strong></span> <span class='ocrx_word' id='word_1_729' title='bbox 2221 3191 2392 3258; x_wconf 92' lang='lat' dir='ltr'><strong>ipsius</strong></span> <span class='ocrx_word' id='word_1_730' title='bbox 2428 3190 2755 3244; x_wconf 89' lang='lat' dir='ltr'><strong>auctoritate</strong></span> <span class='ocrx_word' id='word_1_731' title='bbox 2785 3188 3087 3257; x_wconf 87' lang='lat' dir='ltr'><strong>prophetis,</strong></span> <span class='ocrx_word' id='word_1_732' title='bbox 3119 3195 3173 3239; x_wconf 90' lang='lat' dir='ltr'><strong>et</strong></span> <span class='ocrx_word' id='word_1_733' title='bbox 3199 3183 3459 3254; x_wconf 89' lang='lat' dir='ltr'><strong>apostolis</strong></span> <span class='ocrx_word' id='word_1_734' title='bbox 3485 3181 3679 3252; x_wconf 71' lang='lat' dir='ltr'><strong>przeci-</strong></span> 
     </span>
    </p>
   </div>
   <div class='ocr_carea' id='block_1_95' title="bbox 2095 3271 3680 3350">
    <p class='ocr_par' dir='ltr' id='par_1_95' title="bbox 2095 3271 3680 3350">
     <span class='ocr_line' id='line_1_97' title="bbox 2095 3271 3680 3350; baseline -0.006 -15"><span class='ocrx_word' id='word_1_735' title='bbox 2095 3283 2174 3350; x_wconf 88' lang='lat' dir='ltr'><strong>pit</strong></span> <span class='ocrx_word' id='word_1_736' title='bbox 2208 3291 2265 3335; x_wconf 92' lang='lat' dir='ltr'><strong>ut</strong></span> <span class='ocrx_word' id='word_1_737' title='bbox 2300 3281 2460 3344; x_wconf 89' lang='lat' dir='ltr'><strong>Deus,</strong></span> <span class='ocrx_word' id='word_1_738' title='bbox 2494 3290 2548 3334; x_wconf 93' lang='lat' dir='ltr'><strong>et</strong></span> <span class='ocrx_word' id='word_1_739' title='bbox 2587 3279 2867 3345; x_wconf 85' lang='lat' dir='ltr'><strong>Dominus,</strong></span> <span class='ocrx_word' id='word_1_740' title='bbox 2928 3278 3070 3332; x_wconf 91' lang='lat' dir='ltr'><strong>sicut</strong></span> <span class='ocrx_word' id='word_1_741' title='bbox 3102 3277 3156 3330; x_wconf 92' lang='lat' dir='ltr'><strong>in</strong></span> <span class='ocrx_word' id='word_1_742' title='bbox 3205 3275 3293 3339; x_wconf 90' lang='lat' dir='ltr'><strong>iis,</strong></span> <span class='ocrx_word' id='word_1_743' title='bbox 3347 3289 3466 3343; x_wconf 71' lang='lat' dir='ltr'><strong>qua:</strong></span> <span class='ocrx_word' id='word_1_744' title='bbox 3511 3271 3680 3341; x_wconf 84' lang='lat' dir='ltr'><strong>subji-</strong></span> 
     </span>
    </p>
   </div>
   <div class='ocr_carea' id='block_1_96' title="bbox 2095 3371 2980 3442">
    <p class='ocr_par' dir='ltr' id='par_1_96' title="bbox 2095 3371 2980 3442">
     <span class='ocr_line' id='line_1_98' title="bbox 2095 3371 2980 3442; baseline -0.003 -15"><span class='ocrx_word' id='word_1_745' title='bbox 2095 3373 2328 3435; x_wconf 90' lang='lat' dir='ltr'><strong>cientur,</strong></span> <span class='ocrx_word' id='word_1_746' title='bbox 2361 3371 2612 3442; x_wconf 91' lang='lat' dir='ltr'><strong>capitulis</strong></span> <span class='ocrx_word' id='word_1_747' title='bbox 2643 3371 2980 3426; x_wconf 84' lang='lat' dir='ltr'><strong>ostendetur.</strong></span> 
     </span>
    </p>
   </div>
   <div class='ocr_carea' id='block_1_97' title="bbox 2165 3457 3678 3527">
    <p class='ocr_par' dir='ltr' id='par_1_97' title="bbox 2165 3457 3678 3527">
     <span class='ocr_line' id='line_1_99' title="bbox 2165 3457 3678 3527; baseline -0.003 -9"><span class='ocrx_word' id='word_1_748' title='bbox 2165 3465 2284 3519; x_wconf 78' lang='lat' dir='ltr'><strong>Xll.</strong></span> <span class='ocrx_word' id='word_1_749' title='bbox 2311 3465 2572 3519; x_wconf 84' lang='lat' dir='ltr'><strong>Creatura</strong></span> <span class='ocrx_word' id='word_1_750' title='bbox 2601 3479 2669 3518; x_wconf 70' lang='lat' dir='ltr'><strong>ex</strong></span> <span class='ocrx_word' id='word_1_751' title='bbox 2699 3463 3050 3524; x_wconf 87' lang='lat' dir='ltr'><strong>validissima,</strong></span> <span class='ocrx_word' id='word_1_752' title='bbox 3089 3472 3144 3516; x_wconf 92' lang='lat' dir='ltr'><strong>et</strong></span> <span class='ocrx_word' id='word_1_753' title='bbox 3176 3457 3531 3527; x_wconf 87' lang='lat' dir='ltr'><strong>omnipotenti</strong></span> <span class='ocrx_word' id='word_1_754' title='bbox 3563 3458 3678 3513; x_wconf 87' lang='lat' dir='ltr'><strong>vir-</strong></span> 
     </span>
    </p>
   </div>
   <div class='ocr_carea' id='block_1_98' title="bbox 2096 3548 3680 3620">
    <p class='ocr_par' dir='ltr' id='par_1_98' title="bbox 2096 3548 3680 3620">
     <span class='ocr_line' id='line_1_100' title="bbox 2096 3548 3680 3620; baseline -0.005 -11"><span class='ocrx_word' id='word_1_755' title='bbox 2096 3565 2212 3610; x_wconf 92' lang='lat' dir='ltr'><strong>tute</strong></span> <span class='ocrx_word' id='word_1_756' title='bbox 2239 3555 2418 3610; x_wconf 86' lang='lat' dir='ltr'><strong>divina</strong></span> <span class='ocrx_word' id='word_1_757' title='bbox 2446 3555 2552 3609; x_wconf 88' lang='lat' dir='ltr'><strong>vim</strong></span> <span class='ocrx_word' id='word_1_758' title='bbox 2586 3568 2652 3608; x_wconf 89' lang='lat' dir='ltr'><strong>ac</strong></span> <span class='ocrx_word' id='word_1_759' title='bbox 2703 3554 2869 3608; x_wconf 89' lang='lat' dir='ltr'><strong>robur</strong></span> <span class='ocrx_word' id='word_1_760' title='bbox 2909 3552 3142 3620; x_wconf 88' lang='lat' dir='ltr'><strong>accipit;</strong></span> <span class='ocrx_word' id='word_1_761' title='bbox 3174 3551 3264 3605; x_wconf 86' lang='lat' dir='ltr'><strong>sed</strong></span> <span class='ocrx_word' id='word_1_762' title='bbox 3295 3553 3408 3618; x_wconf 89' lang='lat' dir='ltr'><strong>ipsa</strong></span> <span class='ocrx_word' id='word_1_763' title='bbox 3457 3548 3566 3602; x_wconf 85' lang='lat' dir='ltr'><strong>vim</strong></span> <span class='ocrx_word' id='word_1_764' title='bbox 3615 3562 3680 3602; x_wconf 89' lang='lat' dir='ltr'><strong>ac</strong></span> 
     </span>
    </p>
   </div>
   <div class='ocr_carea' id='block_1_99' title="bbox 2099 3641 3678 3716">
    <p class='ocr_par' dir='ltr' id='par_1_99' title="bbox 2099 3641 3678 3716">
     <span class='ocr_line' id='line_1_101' title="bbox 2099 3641 3678 3716; baseline -0.006 -12"><span class='ocrx_word' id='word_1_765' title='bbox 2099 3655 2268 3704; x_wconf 89' lang='lat' dir='ltr'><strong>robur</strong></span> <span class='ocrx_word' id='word_1_766' title='bbox 2305 3663 2410 3702; x_wconf 93' lang='lat' dir='ltr'><strong>non</strong></span> <span class='ocrx_word' id='word_1_767' title='bbox 2440 3648 2782 3716; x_wconf 88' lang='lat' dir='ltr'><strong>impertitnr;</strong></span> <span class='ocrx_word' id='word_1_768' title='bbox 2845 3654 3052 3698; x_wconf 86' lang='lat' dir='ltr'><strong>tantam</strong></span> <span class='ocrx_word' id='word_1_769' title='bbox 3106 3644 3250 3698; x_wconf 92' lang='lat' dir='ltr'><strong>enim</strong></span> <span class='ocrx_word' id='word_1_770' title='bbox 3298 3642 3506 3712; x_wconf 88' lang='lat' dir='ltr'><strong>accepit</strong></span> <span class='ocrx_word' id='word_1_771' title='bbox 3548 3641 3678 3708; x_wconf 90' lang='lat' dir='ltr'><strong>vim,</strong></span> 
     </span>
    </p>
   </div>
   <div class='ocr_carea' id='block_1_100' title="bbox 2097 3731 3683 3810">
    <p class='ocr_par' dir='ltr' id='par_1_100' title="bbox 2097 3731 3683 3810">
     <span class='ocr_line' id='line_1_102' title="bbox 2097 3731 3683 3810; baseline -0.006 -16"><span class='ocrx_word' id='word_1_772' title='bbox 2097 3748 2297 3810; x_wconf 88' lang='lat' dir='ltr'><strong>quanta</strong></span> <span class='ocrx_word' id='word_1_773' title='bbox 2331 3739 2430 3808; x_wconf 90' lang='lat' dir='ltr'><strong>ipsi</strong></span> <span class='ocrx_word' id='word_1_774' title='bbox 2460 3737 2674 3800; x_wconf 80' lang='lat' dir='ltr'><strong>sullicit,</strong></span> <span class='ocrx_word' id='word_1_775' title='bbox 2720 3751 2947 3804; x_wconf 90' lang='lat' dir='ltr'><strong>eamque</strong></span> <span class='ocrx_word' id='word_1_776' title='bbox 2975 3733 3249 3789; x_wconf 88' lang='lat' dir='ltr'><strong>conservis</strong></span> <span class='ocrx_word' id='word_1_777' title='bbox 3276 3731 3683 3788; x_wconf 87' lang='lat' dir='ltr'><strong>communicare</strong></span> 
     </span>
    </p>
   </div>
   <div class='ocr_carea' id='block_1_101' title="bbox 2099 3821 3679 3899">
    <p class='ocr_par' dir='ltr' id='par_1_101' title="bbox 2099 3821 3679 3899">
     <span class='ocr_line' id='line_1_103' title="bbox 2099 3821 3679 3899; baseline -0.009 -11"><span class='ocrx_word' id='word_1_778' title='bbox 2099 3848 2208 3888; x_wconf 89' lang='lat' dir='ltr'><strong>non</strong></span> <span class='ocrx_word' id='word_1_779' title='bbox 2239 3831 2402 3886; x_wconf 87' lang='lat' dir='ltr'><strong>valet.</strong></span> <span class='ocrx_word' id='word_1_780' title='bbox 2431 3823 2503 3883; x_wconf 72' lang='lat' dir='ltr'><strong>At</strong></span> <span class='ocrx_word' id='word_1_781' title='bbox 2547 3828 2782 3899; x_wconf 88' lang='lat' dir='ltr'><strong>Spiritus</strong></span> <span class='ocrx_word' id='word_1_782' title='bbox 2821 3828 2916 3883; x_wconf 86' lang='lat' dir='ltr'><strong>Dei</strong></span> <span class='ocrx_word' id='word_1_783' title='bbox 2966 3826 3192 3882; x_wconf 83' lang='lat' dir='ltr'><strong>fecunda</strong></span> <span class='ocrx_word' id='word_1_784' title='bbox 3247 3840 3365 3887; x_wconf 88' lang='lat' dir='ltr'><strong>sua,</strong></span> <span class='ocrx_word' id='word_1_785' title='bbox 3403 3832 3456 3878; x_wconf 88' lang='lat' dir='ltr'><strong>et</strong></span> <span class='ocrx_word' id='word_1_786' title='bbox 3504 3821 3679 3876; x_wconf 86' lang='lat' dir='ltr'><strong>nutri-</strong></span> 
     </span>
    </p>
   </div>
   <div class='ocr_carea' id='block_1_102' title="bbox 2099 3913 3681 3988">
    <p class='ocr_par' dir='ltr' id='par_1_102' title="bbox 2099 3913 3681 3988">
     <span class='ocr_line' id='line_1_104' title="bbox 2099 3913 3681 3988; baseline -0.009 -8"><span class='ocrx_word' id='word_1_787' title='bbox 2099 3931 2278 3988; x_wconf 65' lang='lat' dir='ltr'><strong>ciinte,</strong></span> <span class='ocrx_word' id='word_1_788' title='bbox 2339 3932 2395 3976; x_wconf 90' lang='lat' dir='ltr'><strong>et</strong></span> <span class='ocrx_word' id='word_1_789' title='bbox 2439 3921 2784 3975; x_wconf 87' lang='lat' dir='ltr'><strong>indeticiente</strong></span> <span class='ocrx_word' id='word_1_790' title='bbox 2845 3919 3048 3972; x_wconf 89' lang='lat' dir='ltr'><strong>virtute</strong></span> <span class='ocrx_word' id='word_1_791' title='bbox 3123 3915 3478 3978; x_wconf 89' lang='lat' dir='ltr'><strong>corroborat;</strong></span> <span class='ocrx_word' id='word_1_792' title='bbox 3556 3913 3681 3982; x_wconf 88' lang='lat' dir='ltr'><strong>quia</strong></span> 
     </span>
    </p>
   </div>
   <div class='ocr_carea' id='block_1_103' title="bbox 2099 4004 3680 4084">
    <p class='ocr_par' dir='ltr' id='par_1_103' title="bbox 2099 4004 3680 4084">
     <span class='ocr_line' id='line_1_105' title="bbox 2099 4004 3680 4084; baseline -0.01 -13"><span class='ocrx_word' id='word_1_793' title='bbox 2099 4024 2314 4071; x_wconf 88' lang='lat' dir='ltr'><strong>creator</strong></span> <span class='ocrx_word' id='word_1_794' title='bbox 2337 4022 2421 4068; x_wconf 89' lang='lat' dir='ltr'><strong>est</strong></span> <span class='ocrx_word' id='word_1_795' title='bbox 2465 4012 2601 4084; x_wconf 81' lang='grc'>(65),</span> <span class='ocrx_word' id='word_1_796' title='bbox 2657 4026 2767 4066; x_wconf 90' lang='lat' dir='ltr'><strong>non</strong></span> <span class='ocrx_word' id='word_1_797' title='bbox 2811 4020 3100 4065; x_wconf 88' lang='lat' dir='ltr'><strong>creatura:</strong></span> <span class='ocrx_word' id='word_1_798' title='bbox 3152 4008 3403 4063; x_wconf 89' lang='lat' dir='ltr'><strong>Salvator</strong></span> <span class='ocrx_word' id='word_1_799' title='bbox 3435 4005 3578 4061; x_wconf 88' lang='lat' dir='ltr'><strong>enim</strong></span> <span class='ocrx_word' id='word_1_800' title='bbox 3627 4004 3680 4056; x_wconf 93' lang='lat' dir='ltr'><strong>in</strong></span> 
     </span>
    </p>
   </div>
   <div class='ocr_carea' id='block_1_104' title="bbox 2099 4098 3680 4174">
    <p class='ocr_par' dir='ltr' id='par_1_104' title="bbox 2099 4098 3680 4174">
     <span class='ocr_line' id='line_1_106' title="bbox 2099 4098 3680 4174; baseline -0.013 -8"><span class='ocrx_word' id='word_1_801' title='bbox 2099 4109 2254 4166; x_wconf 83' lang='lat' dir='ltr'><strong>Actis</strong></span> <span class='ocrx_word' id='word_1_802' title='bbox 2305 4109 2424 4161; x_wconf 87' lang='lat' dir='ltr'><strong>ait-</strong></span> <span class='ocrx_word' id='word_1_803' title='bbox 2476 4124 2496 4158; x_wconf 79' lang='grc' dir='ltr'><strong>ι</strong></span> <span class='ocrx_word' id='word_1_804' title='bbox 2531 4104 2636 4161; x_wconf 85' lang='lat' dir='ltr'><strong>Vos</strong></span> <span class='ocrx_word' id='word_1_805' title='bbox 2664 4114 2846 4158; x_wconf 89' lang='lat' dir='ltr'><strong>autem</strong></span> <span class='ocrx_word' id='word_1_806' title='bbox 2899 4101 3012 4174; x_wconf 76' lang='grc'>(64)</span> <span class='ocrx_word' id='word_1_807' title='bbox 3060 4099 3338 4170; x_wconf 88' lang='lat' dir='ltr'><strong>accipietis</strong></span> <span class='ocrx_word' id='word_1_808' title='bbox 3401 4098 3680 4159; x_wconf 90' lang='lat' dir='ltr'><strong>virtutem,</strong></span> 
     </span>
    </p>
   </div>
   <div class='ocr_carea' id='block_1_105' title="bbox 2101 4192 3689 4273">
    <p class='ocr_par' dir='ltr' id='par_1_105' title="bbox 2101 4192 3689 4273">
     <span class='ocr_line' id='line_1_107' title="bbox 2101 4192 3689 4273; baseline -0.011 -15"><span class='ocrx_word' id='word_1_809' title='bbox 2101 4201 2518 4273; x_wconf 87' lang='lat' dir='ltr'><strong>superveniente</strong></span> <span class='ocrx_word' id='word_1_810' title='bbox 2549 4199 2752 4270; x_wconf 89' lang='lat' dir='ltr'><strong>Spiritu</strong></span> <span class='ocrx_word' id='word_1_811' title='bbox 2796 4207 2987 4252; x_wconf 85' lang='lat' dir='ltr'><strong>sancto</strong></span> <span class='ocrx_word' id='word_1_812' title='bbox 3019 4196 3074 4251; x_wconf 90' lang='lat' dir='ltr'><strong>in</strong></span> <span class='ocrx_word' id='word_1_813' title='bbox 3101 4210 3196 4250; x_wconf 92' lang='lat' dir='ltr'><strong>vos</strong></span> <span class='ocrx_word' id='word_1_814' title='bbox 3222 4210 3236 4260; x_wconf 89' lang='lat'><strong>;</strong></span> <span class='ocrx_word' id='word_1_815' title='bbox 3267 4212 3285 4246; x_wconf 85' lang='grc'>›</span> <span class='ocrx_word' id='word_1_816' title='bbox 3319 4192 3462 4264; x_wconf 92' lang='lat' dir='ltr'><strong>quod</strong></span> <span class='ocrx_word' id='word_1_817' title='bbox 3492 4201 3689 4258; x_wconf 74' lang='lat' dir='ltr'><strong>nempe</strong></span> 
     </span>
    </p>
   </div>
   <div class='ocr_carea' id='block_1_106' title="bbox 2101 4283 3680 4361">
    <p class='ocr_par' dir='ltr' id='par_1_106' title="bbox 2101 4283 3680 4361">
     <span class='ocr_line' id='line_1_108' title="bbox 2101 4283 3680 4361; baseline -0.009 -12"><span class='ocrx_word' id='word_1_818' title='bbox 2101 4297 2221 4351; x_wconf 89' lang='lat' dir='ltr'><strong>sine</strong></span> <span class='ocrx_word' id='word_1_819' title='bbox 2257 4293 2372 4361; x_wconf 85' lang='lat' dir='ltr'><strong>ejus</strong></span> <span class='ocrx_word' id='word_1_820' title='bbox 2404 4293 2635 4346; x_wconf 82' lang='lat' dir='ltr'><strong>adventu</strong></span> <span class='ocrx_word' id='word_1_821' title='bbox 2670 4289 2781 4360; x_wconf 84' lang='grc'>(65)</span> <span class='ocrx_word' id='word_1_822' title='bbox 2819 4288 2964 4342; x_wconf 89' lang='lat' dir='ltr'><strong>nulla</strong></span> <span class='ocrx_word' id='word_1_823' title='bbox 2993 4287 3148 4342; x_wconf 91' lang='lat' dir='ltr'><strong>nobis</strong></span> <span class='ocrx_word' id='word_1_824' title='bbox 3173 4287 3239 4341; x_wconf 90' lang='lat' dir='ltr'><strong>ad</strong></span> <span class='ocrx_word' id='word_1_825' title='bbox 3276 4286 3442 4339; x_wconf 92' lang='lat' dir='ltr'><strong>Deum</strong></span> <span class='ocrx_word' id='word_1_826' title='bbox 3472 4283 3545 4337; x_wconf 87' lang='lat' dir='ltr'><strong>sit</strong></span> <span class='ocrx_word' id='word_1_827' title='bbox 3575 4284 3680 4345; x_wconf 85' lang='lat' dir='ltr'><strong>vis,</strong></span> 
     </span>
    </p>
   </div>
   <div class='ocr_carea' id='block_1_107' title="bbox 2104 4366 3684 4453">
    <p class='ocr_par' dir='ltr' id='par_1_107' title="bbox 2104 4366 3684 4453">
     <span class='ocr_line' id='line_1_109' title="bbox 2104 4366 3684 4453; baseline -0.014 -12"><span class='ocrx_word' id='word_1_828' title='bbox 2104 4395 2197 4441; x_wconf 89' lang='lat' dir='ltr'><strong>aut</strong></span> <span class='ocrx_word' id='word_1_829' title='bbox 2234 4399 2380 4453; x_wconf 88' lang='lat' dir='ltr'><strong>spes.</strong></span> <span class='ocrx_word' id='word_1_830' title='bbox 2427 4378 2980 4435; x_wconf 85' lang='lat' dir='ltr'><strong>Animadvertendum</strong></span> <span class='ocrx_word' id='word_1_831' title='bbox 3033 4392 3162 4430; x_wconf 89' lang='lat' dir='ltr'><strong>vero</strong></span> <span class='ocrx_word' id='word_1_832' title='bbox 3209 4374 3372 4428; x_wconf 85' lang='lat' dir='ltr'><strong>etiam</strong></span> <span class='ocrx_word' id='word_1_833' title='bbox 3422 4380 3524 4436; x_wconf 88' lang='lat' dir='ltr'><strong>est,</strong></span> <span class='ocrx_word' id='word_1_834' title='bbox 3575 4366 3684 4421; x_wconf 90' lang='lat' dir='ltr'><strong>duo</strong></span> 
     </span>
    </p>
   </div>
   <div class='ocr_carea' id='block_1_108' title="bbox 2107 4459 3687 4542">
    <p class='ocr_par' dir='ltr' id='par_1_108' title="bbox 2107 4459 3687 4542">
     <span class='ocr_line' id='line_1_110' title="bbox 2107 4459 3687 4542; baseline -0.012 -11"><span class='ocrx_word' id='word_1_835' title='bbox 2107 4477 2211 4531; x_wconf 87' lang='lat' dir='ltr'><strong>alia</strong></span> <span class='ocrx_word' id='word_1_836' title='bbox 2244 4476 2331 4530; x_wconf 87' lang='lat' dir='ltr'><strong>his</strong></span> <span class='ocrx_word' id='word_1_837' title='bbox 2359 4472 2540 4528; x_wconf 86' lang='lat' dir='ltr'><strong>verbis</strong></span> <span class='ocrx_word' id='word_1_838' title='bbox 2571 4470 2906 4542; x_wconf 78' lang='lat' dir='ltr'><strong>signiﬁcari;</strong></span> <span class='ocrx_word' id='word_1_839' title='bbox 2943 4468 3119 4538; x_wconf 91' lang='lat' dir='ltr'><strong>primo</strong></span> <span class='ocrx_word' id='word_1_840' title='bbox 3159 4465 3401 4535; x_wconf 85' lang='lat' dir='ltr'><strong>quidem,</strong></span> <span class='ocrx_word' id='word_1_841' title='bbox 3444 4459 3687 4530; x_wconf 89' lang='lat' dir='ltr'><strong>Spiritus.</strong></span> 
     </span>
    </p>
   </div>
   <div class='ocr_carea' id='block_1_109' title="bbox 2103 4644 3684 4712">
    <p class='ocr_par' dir='ltr' id='par_1_109' title="bbox 2103 4644 3684 4712">
     <span class='ocr_line' id='line_1_111' title="bbox 2103 4644 3684 4712; baseline -0.009 0"><span class='ocrx_word' id='word_1_842' title='bbox 2103 4659 2206 4712; x_wconf 89' lang='lat' dir='ltr'><strong>bus</strong></span> <span class='ocrx_word' id='word_1_843' title='bbox 2255 4671 2422 4711; x_wconf 90' lang='lat' dir='ltr'><strong>unum</strong></span> <span class='ocrx_word' id='word_1_844' title='bbox 2464 4651 2746 4709; x_wconf 81' lang='lat' dir='ltr'><strong>conﬂasse.</strong></span> <span class='ocrx_word' id='word_1_845' title='bbox 2802 4646 3068 4702; x_wconf 87' lang='lat' dir='ltr'><strong>Nimirum</strong></span> <span class='ocrx_word' id='word_1_846' title='bbox 3110 4645 3185 4698; x_wconf 88' lang='lat' dir='ltr'><strong>ita</strong></span> <span class='ocrx_word' id='word_1_847' title='bbox 3233 4644 3513 4712; x_wconf 85' lang='lat' dir='ltr'><strong>legendum</strong></span> <span class='ocrx_word' id='word_1_848' title='bbox 3558 4655 3684 4697; x_wconf 86' lang='lat' dir='ltr'><strong>esse</strong></span> 
     </span>
    </p>
   </div>
   <div class='ocr_carea' id='block_1_110' title="bbox 2103 4712 3684 4795">
    <p class='ocr_par' dir='ltr' id='par_1_110' title="bbox 2103 4712 3684 4795">
     <span class='ocr_line' id='line_1_112' title="bbox 2103 4712 3684 4795; baseline -0.009 -14"><span class='ocrx_word' id='word_1_849' title='bbox 2103 4727 2374 4795; x_wconf 83' lang='lat' dir='ltr'><strong>conjicin:</strong></span> <span class='ocrx_word' id='word_1_850' title='bbox 2435 4723 2726 4795; x_wconf 60' lang='grc' dir='ltr'>Ῥωμαίοις</span> <span class='ocrx_word' id='word_1_851' title='bbox 2765 4719 2866 4795; x_wconf 58' lang='grc' dir='ltr'>δέᾷ</span> <span class='ocrx_word' id='word_1_852' title='bbox 3013 4716 3121 4786; x_wconf 75' lang='grc' dir='ltr'>γὰρ</span> <span class='ocrx_word' id='word_1_853' title='bbox 3141 4714 3466 4795; x_wconf 42' lang='grc' dir='ltr'><strong>ἐλῶ-εἶθ...</strong></span> <span class='ocrx_word' id='word_1_854' title='bbox 3513 4712 3684 4795; x_wconf 68' lang='grc' dir='ltr'>’Λ66ά</span> 
     </span>
    </p>
   </div>
   <div class='ocr_carea' id='block_1_111' title="bbox 2103 4782 3683 4866">
    <p class='ocr_par' dir='ltr' id='par_1_111' title="bbox 2103 4782 3683 4866">
     <span class='ocr_line' id='line_1_113' title="bbox 2103 4782 3683 4866; baseline -0.01 -16"><span class='ocrx_word' id='word_1_855' title='bbox 2103 4782 2230 4866; x_wconf 75' lang='grc' dir='ltr'>(υιιί</span> <span class='ocrx_word' id='word_1_856' title='bbox 2273 4797 2486 4855; x_wconf 79' lang='grc' dir='ltr'>Ἀ66ἄ),</span> <span class='ocrx_word' id='word_1_857' title='bbox 2532 4782 2797 4866; x_wconf 33' lang='grc' dir='ltr'>όῌΠατῆρε</span> <span class='ocrx_word' id='word_1_858' title='bbox 2825 4782 3102 4866; x_wconf 47' lang='grc' dir='ltr'>Ιῖαλέιταις</span> <span class='ocrx_word' id='word_1_859' title='bbox 3137 4785 3193 4864; x_wconf 68' lang='grc' dir='ltr'>δέ</span> <span class='ocrx_word' id='word_1_860' title='bbox 3215 4803 3226 4814; x_wconf 92' lang='grc'><strong>·</strong></span> <span class='ocrx_word' id='word_1_861' title='bbox 3254 4782 3683 4866; x_wconf 36' lang='grc' dir='ltr'>ιἙξαπέο-τειλεν</span> 
     </span>
    </p>
   </div>
   <div class='ocr_carea' id='block_1_112' title="bbox 2101 4853 3687 4933">
    <p class='ocr_par' dir='ltr' id='par_1_112' title="bbox 2101 4853 3687 4933">
     <span class='ocr_line' id='line_1_114' title="bbox 2101 4853 3687 4933; baseline -0.009 -13"><span class='ocrx_word' id='word_1_862' title='bbox 2101 4853 2130 4920; x_wconf 79' lang='grc' dir='ltr'><strong>ὸ</strong></span> <span class='ocrx_word' id='word_1_863' title='bbox 2176 4867 2308 4930; x_wconf 84' lang='grc' dir='ltr'>Θεὸς</span> <span class='ocrx_word' id='word_1_864' title='bbox 2355 4867 2415 4920; x_wconf 88' lang='grc' dir='ltr'><strong>τὸ</strong></span> <span class='ocrx_word' id='word_1_865' title='bbox 2447 4853 2669 4933; x_wconf 85' lang='grc' dir='ltr'>Πνεῦμα</span> <span class='ocrx_word' id='word_1_866' title='bbox 2850 4855 2979 4933; x_wconf 66' lang='grc' dir='ltr'>Υἱοῦ</span> <span class='ocrx_word' id='word_1_867' title='bbox 3012 4855 3299 4933; x_wconf 52' lang='grc' dir='ltr'>αυτοῦηείς</span> <span class='ocrx_word' id='word_1_868' title='bbox 3329 4853 3428 4933; x_wconf 80' lang='grc' dir='ltr'><strong>τὰς</strong></span> <span class='ocrx_word' id='word_1_869' title='bbox 3456 4854 3687 4933; x_wconf 64' lang='grc' dir='ltr'>καρδίας</span> 
     </span>
    </p>
   </div>
   <div class='ocr_carea' id='block_1_113' title="bbox 2103 4919 3690 5022">
    <p class='ocr_par' dir='ltr' id='par_1_113' title="bbox 2103 4919 3690 5022">
     <span class='ocr_line' id='line_1_115' title="bbox 2103 4919 3690 5022; baseline -0.008 -32"><span class='ocrx_word' id='word_1_870' title='bbox 2103 4919 2305 5022; x_wconf 43' lang='grc' dir='ltr'>ρεξῷνῖ</span> <span class='ocrx_word' id='word_1_871' title='bbox 2332 4936 2565 5022; x_wconf 58' lang='grc' dir='ltr'>κράςονς</span> <span class='ocrx_word' id='word_1_872' title='bbox 2595 4919 2814 4999; x_wconf 59' lang='lat' dir='ltr'><strong>&quot;mea,</strong></span> <span class='ocrx_word' id='word_1_873' title='bbox 2849 4932 2877 4982; x_wconf 86' lang='grc' dir='ltr'>ὁ</span> <span class='ocrx_word' id='word_1_874' title='bbox 2917 4929 3128 4999; x_wconf 81' lang='grc' dir='ltr'>Πατήρ.</span> <span class='ocrx_word' id='word_1_875' title='bbox 3169 4928 3328 4978; x_wconf 79' lang='grc' dir='ltr'>Ὥστε</span> <span class='ocrx_word' id='word_1_876' title='bbox 3363 4925 3463 4977; x_wconf 79' lang='grc' dir='ltr'><strong>οὐκ</strong></span> <span class='ocrx_word' id='word_1_877' title='bbox 3505 4919 3584 4977; x_wconf 72' lang='grc' dir='ltr'>ἔτι</span> <span class='ocrx_word' id='word_1_878' title='bbox 3633 4919 3690 4977; x_wconf 75' lang='grc' dir='ltr'>εἴ</span> 
     </span>
    </p>
   </div>
   <div class='ocr_carea' id='block_1_114' title="bbox 2101 5003 2614 5072">
    <p class='ocr_par' dir='ltr' id='par_1_114' title="bbox 2101 5003 2614 5072">
     <span class='ocr_line' id='line_1_116' title="bbox 2101 5003 2614 5072; baseline -0.004 -12"><span class='ocrx_word' id='word_1_879' title='bbox 2101 5003 2305 5072; x_wconf 85' lang='grc' dir='ltr'>δοῦλος,</span> <span class='ocrx_word' id='word_1_880' title='bbox 2335 5003 2450 5060; x_wconf 82' lang='grc' dir='ltr'>ἀλλ’</span> <span class='ocrx_word' id='word_1_881' title='bbox 2480 5003 2614 5066; x_wconf 84' lang='grc' dir='ltr'>υἱός.</span> 
     </span>
    </p>
   </div>
   <div class='ocr_carea' id='block_1_115' title="bbox 2108 5065 3682 5202">
    <p class='ocr_par' dir='ltr' id='par_1_115' title="bbox 2108 5065 3682 5202">
     <span class='ocr_line' id='line_1_117' title="bbox 2176 5065 3682 5200; baseline -0.01 -69"><span class='ocrx_word' id='word_1_882' title='bbox 2176 5065 2303 5200; x_wconf 57' lang='grc'>(561)</span> <span class='ocrx_word' id='word_1_883' title='bbox 2328 5065 2610 5129; x_wconf 71' lang='lat' dir='ltr'><strong>Libertate.</strong></span> <span class='ocrx_word' id='word_1_884' title='bbox 2649 5071 2825 5156; x_wconf 51' lang='lat' dir='ltr'><strong>Gfilat.</strong></span> <span class='ocrx_word' id='word_1_885' title='bbox 2861 5084 2912 5133; x_wconf 88' lang='lat' dir='ltr'><strong>v,</strong></span> <span class='ocrx_word' id='word_1_886' title='bbox 2950 5069 3004 5122; x_wconf 87' lang='grc'><strong>1.</strong></span> <span class='ocrx_word' id='word_1_887' title='bbox 3041 5067 3229 5123; x_wconf 76' lang='lat' dir='ltr'><strong>Graeca</strong></span> <span class='ocrx_word' id='word_1_888' title='bbox 3268 5065 3435 5121; x_wconf 83' lang='lat' dir='ltr'><strong>editio</strong></span> <span class='ocrx_word' id='word_1_889' title='bbox 3479 5080 3600 5135; x_wconf 91' lang='lat' dir='ltr'><strong>pro,</strong></span> <span class='ocrx_word' id='word_1_890' title='bbox 3651 5065 3682 5116; x_wconf 86' lang='grc' dir='ltr'>ὁ</span> 
     </span>
     <span class='ocr_line' id='line_1_118' title="bbox 2108 5146 2758 5202; baseline -0.009 0"><span class='ocrx_word' id='word_1_891' title='bbox 2108 5149 2175 5202; x_wconf 84' lang='grc' dir='ltr'><strong>Υί</strong></span> <span class='ocrx_word' id='word_1_892' title='bbox 2208 5165 2256 5202; x_wconf 82' lang='grc' dir='ltr'>ς.</span> <span class='ocrx_word' id='word_1_893' title='bbox 2292 5149 2471 5202; x_wconf 89' lang='lat' dir='ltr'><strong>habet.</strong></span> <span class='ocrx_word' id='word_1_894' title='bbox 2503 5146 2758 5202; x_wconf 82' lang='grc' dir='ltr'>Χριστος.</span> 
     </span>
    </p>
   </div>
   <div class='ocr_carea' id='block_1_116' title="bbox 2208 5157 2758 5210">
    <p class='ocr_par' dir='ltr' id='par_1_116' title="bbox 2208 5157 2758 5210">
     <span class='ocr_line' id='line_1_119' title="bbox 2208 5157 2758 5210; baseline -0.009 -9"><span class='ocrx_word' id='word_1_895' title='bbox 2208 5165 2256 5210; x_wconf 85' lang='grc' dir='ltr'><strong>ς,</strong></span> <span class='ocrx_word' id='word_1_896' title='bbox 2292 5157 2471 5206; x_wconf 87' lang='lat' dir='ltr'><strong>habet.</strong></span> <span class='ocrx_word' id='word_1_897' title='bbox 2503 5157 2758 5210; x_wconf 69' lang='grc' dir='ltr'>λριστος.</span> 
     </span>
    </p>
   </div>
   <div class='ocr_carea' id='block_1_117' title="bbox 2181 5161 3213 5286">
    <p class='ocr_par' dir='ltr' id='par_1_117' title="bbox 2181 5161 3213 5286">
     <span class='ocr_line' id='line_1_120' title="bbox 2181 5161 2758 5214; baseline -0.007 -14"><span class='ocrx_word' id='word_1_898' title='bbox 2181 5161 2256 5210; x_wconf 85' lang='grc' dir='ltr'><strong>ος,</strong></span> <span class='ocrx_word' id='word_1_899' title='bbox 2293 5161 2471 5206; x_wconf 82' lang='lat' dir='ltr'><strong>habet.</strong></span> <span class='ocrx_word' id='word_1_900' title='bbox 2503 5161 2758 5214; x_wconf 71' lang='grc' dir='ltr'>λριστος.</span> 
     </span>
     <span class='ocr_line' id='line_1_121' title="bbox 2181 5208 3213 5286; baseline -0.01 -16"><span class='ocrx_word' id='word_1_901' title='bbox 2181 5218 2292 5286; x_wconf 71' lang='lat'>(0‘2)</span> <span class='ocrx_word' id='word_1_902' title='bbox 2339 5215 2601 5268; x_wconf 80' lang='lat' dir='ltr'><strong>Potentes.</strong></span> <span class='ocrx_word' id='word_1_903' title='bbox 2637 5212 2777 5286; x_wconf 74' lang='lat' dir='ltr'><strong>Psal.</strong></span> <span class='ocrx_word' id='word_1_904' title='bbox 2809 5227 2905 5286; x_wconf 63' lang='lat' dir='ltr'><strong>ett,</strong></span> <span class='ocrx_word' id='word_1_905' title='bbox 2941 5225 3084 5286; x_wconf 78' lang='lat' dir='ltr'><strong>vers.</strong></span> 
     </span>
    </p>
   </div>
   <div class='ocr_carea' id='block_1_118' title="bbox 2178 5277 3684 5357">
    <p class='ocr_par' dir='ltr' id='par_1_118' title="bbox 2178 5277 3684 5357">
     <span class='ocr_line' id='line_1_122' title="bbox 2178 5277 3684 5357; baseline -0.011 -15"><span class='ocrx_word' id='word_1_906' title='bbox 2178 5277 2291 5357; x_wconf 79' lang='grc'>(65)</span> <span class='ocrx_word' id='word_1_907' title='bbox 2332 5286 2551 5357; x_wconf 69' lang='lat' dir='ltr'><strong>Greater</strong></span> <span class='ocrx_word' id='word_1_908' title='bbox 2583 5293 2678 5338; x_wconf 76' lang='lat' dir='ltr'><strong>est.</strong></span> <span class='ocrx_word' id='word_1_909' title='bbox 2714 5283 2769 5336; x_wconf 93' lang='lat' dir='ltr'><strong>In</strong></span> <span class='ocrx_word' id='word_1_910' title='bbox 2808 5285 2945 5335; x_wconf 86' lang='lat' dir='ltr'><strong>libro</strong></span> <span class='ocrx_word' id='word_1_911' title='bbox 2972 5283 3134 5357; x_wconf 78' lang='lat' dir='ltr'><strong>etiam</strong></span> <span class='ocrx_word' id='word_1_912' title='bbox 3166 5281 3238 5332; x_wconf 86' lang='lat' dir='ltr'><strong>De</strong></span> <span class='ocrx_word' id='word_1_913' title='bbox 3264 5277 3468 5344; x_wconf 82' lang='lat' dir='ltr'><strong>Spiritu</strong></span> <span class='ocrx_word' id='word_1_914' title='bbox 3501 5284 3684 5357; x_wconf 70' lang='lat' dir='ltr'><strong>sqncto</strong></span> 
     </span>
    </p>
   </div>
   <div class='ocr_carea' id='block_1_119' title="bbox 2107 5348 3684 5425">
    <p class='ocr_par' dir='ltr' id='par_1_119' title="bbox 2107 5348 3684 5425">
     <span class='ocr_line' id='line_1_123' title="bbox 2107 5348 3684 5425; baseline -0.011 -11"><span class='ocrx_word' id='word_1_915' title='bbox 2107 5348 2259 5414; x_wconf 80' lang='lat' dir='ltr'><strong>nnin.</strong></span> <span class='ocrx_word' id='word_1_916' title='bbox 2278 5348 2376 5420; x_wconf 78' lang='grc'><strong>51,</strong></span> <span class='ocrx_word' id='word_1_917' title='bbox 2405 5355 2663 5425; x_wconf 85' lang='lat' dir='ltr'><strong>Spiritum</strong></span> <span class='ocrx_word' id='word_1_918' title='bbox 2692 5363 2938 5425; x_wconf 83' lang='lat' dir='ltr'><strong>sanctum</strong></span> <span class='ocrx_word' id='word_1_919' title='bbox 2964 5354 3276 5425; x_wconf 71' lang='lat' dir='ltr'><strong>Creatorem</strong></span> <span class='ocrx_word' id='word_1_920' title='bbox 3300 5364 3423 5425; x_wconf 80' lang='lat' dir='ltr'><strong>esse</strong></span> <span class='ocrx_word' id='word_1_921' title='bbox 3446 5348 3684 5425; x_wconf 76' lang='lat' dir='ltr'><strong>probans</strong></span> 
     </span>
    </p>
   </div>
   <div class='ocr_carea' id='block_1_120' title="bbox 2109 5416 3684 5483">
    <p class='ocr_par' dir='ltr' id='par_1_120' title="bbox 2109 5416 3684 5483">
     <span class='ocr_line' id='line_1_124' title="bbox 2109 5416 3684 5483; baseline -0.009 -1"><span class='ocrx_word' id='word_1_922' title='bbox 2109 5429 2264 5483; x_wconf 76' lang='lat' dir='ltr'><strong>alfert</strong></span> <span class='ocrx_word' id='word_1_923' title='bbox 2295 5416 2494 5480; x_wconf 69' lang='lat' dir='ltr'><strong>Christi</strong></span> <span class='ocrx_word' id='word_1_924' title='bbox 2532 5423 2696 5478; x_wconf 90' lang='lat' dir='ltr'><strong>verba</strong></span> <span class='ocrx_word' id='word_1_925' title='bbox 2732 5424 2788 5477; x_wconf 91' lang='lat' dir='ltr'><strong>in</strong></span> <span class='ocrx_word' id='word_1_926' title='bbox 2815 5423 2968 5478; x_wconf 87' lang='lat' dir='ltr'><strong>Actis</strong></span> <span class='ocrx_word' id='word_1_927' title='bbox 2992 5439 3022 5475; x_wconf 86' lang='lat' dir='ltr'><strong>a</strong></span> <span class='ocrx_word' id='word_1_928' title='bbox 3050 5424 3193 5476; x_wconf 87' lang='lat' dir='ltr'><strong>Luca</strong></span> <span class='ocrx_word' id='word_1_929' title='bbox 3235 5420 3403 5473; x_wconf 87' lang='lat' dir='ltr'><strong>relata</strong></span> <span class='ocrx_word' id='word_1_930' title='bbox 3435 5435 3449 5472; x_wconf 88' lang='lat'><strong>:</strong></span> <span class='ocrx_word' id='word_1_931' title='bbox 3484 5416 3684 5469; x_wconf 72' lang='lat' dir='ltr'><strong>«Acci-</strong></span> 
     </span>
    </p>
   </div>
   <div class='ocr_carea' id='block_1_121' title="bbox 2111 5499 2761 5569">
    <p class='ocr_par' dir='ltr' id='par_1_121' title="bbox 2111 5499 2761 5569">
     <span class='ocr_line' id='line_1_125' title="bbox 2111 5499 2761 5569; baseline -0.008 -18"><span class='ocrx_word' id='word_1_932' title='bbox 2111 5499 2270 5569; x_wconf 85' lang='lat' dir='ltr'><strong>pietis</strong></span> <span class='ocrx_word' id='word_1_933' title='bbox 2298 5499 2574 5569; x_wconf 59' lang='lat' dir='ltr'><strong>virtutem,</strong></span> <span class='ocrx_word' id='word_1_934' title='bbox 2601 5514 2620 5546; x_wconf 75' lang='grc' dir='ltr'><strong>ι</strong></span> <span class='ocrx_word' id='word_1_935' title='bbox 2657 5505 2761 5569; x_wconf 75' lang='lat' dir='ltr'><strong>etc.</strong></span> 
     </span>
    </p>
   </div>
   <div class='ocr_carea' id='block_1_122' title="bbox 2180 5551 3682 5639">
    <p class='ocr_par' dir='ltr' id='par_1_122' title="bbox 2180 5551 3682 5639">
     <span class='ocr_line' id='line_1_126' title="bbox 2180 5551 3682 5639; baseline -0.012 -17"><span class='ocrx_word' id='word_1_936' title='bbox 2180 5551 2293 5639; x_wconf 74' lang='grc'>(64)</span> <span class='ocrx_word' id='word_1_937' title='bbox 2348 5551 2676 5639; x_wconf 55' lang='lat' dir='ltr'><strong>Vosaujcni.</strong></span> <span class='ocrx_word' id='word_1_938' title='bbox 2729 5567 2852 5618; x_wconf 82' lang='lat' dir='ltr'><strong>Act.</strong></span> <span class='ocrx_word' id='word_1_939' title='bbox 2887 5580 2944 5639; x_wconf 62' lang='grc' dir='ltr'><strong>ι,Δ</strong></span> <span class='ocrx_word' id='word_1_940' title='bbox 2962 5561 3012 5618; x_wconf 88' lang='grc'><strong>8.</strong></span> <span class='ocrx_word' id='word_1_941' title='bbox 3057 5561 3229 5639; x_wconf 61' lang='lat' dir='ltr'><strong>Biblja</strong></span> <span class='ocrx_word' id='word_1_942' title='bbox 3272 5574 3369 5626; x_wconf 89' lang='lat' dir='ltr'><strong>pro</strong></span> <span class='ocrx_word' id='word_1_943' title='bbox 3414 5556 3570 5639; x_wconf 76' lang='grc' dir='ltr'>ὑμεῖς</span> <span class='ocrx_word' id='word_1_944' title='bbox 3600 5551 3682 5639; x_wconf 66' lang='grc' dir='ltr'>δέ,</span> 
     </span>
    </p>
   </div>
   <div class='ocr_carea' id='block_1_123' title="bbox 2111 5623 3684 5761">
    <p class='ocr_par' dir='ltr' id='par_1_123' title="bbox 2111 5623 3684 5761">
     <span class='ocr_line' id='line_1_127' title="bbox 2111 5623 3684 5704; baseline -0.01 -12"><span class='ocrx_word' id='word_1_945' title='bbox 2111 5623 2308 5692; x_wconf 73' lang='lat' dir='ltr'><strong>habent</strong></span> <span class='ocrx_word' id='word_1_946' title='bbox 2337 5637 2492 5691; x_wconf 79' lang='grc' dir='ltr'>ἀλλά.</span> <span class='ocrx_word' id='word_1_947' title='bbox 2544 5634 2676 5691; x_wconf 84' lang='lat' dir='ltr'><strong>Vide</strong></span> <span class='ocrx_word' id='word_1_948' title='bbox 2727 5645 2837 5689; x_wconf 92' lang='lat' dir='ltr'><strong>not.</strong></span> <span class='ocrx_word' id='word_1_949' title='bbox 2884 5623 3111 5704; x_wconf 74' lang='lat' dir='ltr'><strong>18,pag.</strong></span> <span class='ocrx_word' id='word_1_950' title='bbox 3163 5623 3286 5693; x_wconf 45' lang='lat'><strong>30,—</strong></span> <span class='ocrx_word' id='word_1_951' title='bbox 3321 5641 3376 5682; x_wconf 90' lang='lat' dir='ltr'><strong>et</strong></span> <span class='ocrx_word' id='word_1_952' title='bbox 3415 5623 3570 5680; x_wconf 82' lang='lat' dir='ltr'><strong>notas</strong></span> <span class='ocrx_word' id='word_1_953' title='bbox 3615 5623 3684 5678; x_wconf 84' lang='lat' dir='ltr'><strong>ad</strong></span> 
     </span>
     <span class='ocr_line' id='line_1_128' title="bbox 2111 5709 2500 5761; baseline -0.008 0"><span class='ocrx_word' id='word_1_954' title='bbox 2111 5725 2279 5761; x_wconf 66' lang='lat' dir='ltr'><strong>segni.</strong></span> <span class='ocrx_word' id='word_1_955' title='bbox 2317 5709 2418 5761; x_wconf 79' lang='grc'><strong>115</strong></span> <span class='ocrx_word' id='word_1_956' title='bbox 2447 5726 2500 5759; x_wconf 92' lang='lat' dir='ltr'><strong>a.</strong></span> 
     </span>
    </p>
   </div>
   <div class='ocr_carea' id='block_1_124' title="bbox 2107 5710 2500 5763">
    <p class='ocr_par' dir='ltr' id='par_1_124' title="bbox 2107 5710 2500 5763">
     <span class='ocr_line' id='line_1_129' title="bbox 2107 5710 2500 5763; baseline -0.01 -1"><span class='ocrx_word' id='word_1_957' title='bbox 2107 5725 2279 5763; x_wconf 73' lang='lat' dir='ltr'><strong>sem&quot;.</strong></span> <span class='ocrx_word' id='word_1_958' title='bbox 2317 5710 2418 5761; x_wconf 78' lang='grc'><strong>115</strong></span> <span class='ocrx_word' id='word_1_959' title='bbox 2447 5726 2500 5759; x_wconf 92' lang='lat' dir='ltr'><strong>a.</strong></span> 
     </span>
    </p>
   </div>
   <div class='ocr_carea' id='block_1_125' title="bbox 2169 5726 3688 5849">
    <p class='ocr_par' dir='ltr' id='par_1_125' title="bbox 2169 5726 3688 5849">
     <span class='ocr_line' id='line_1_130' title="bbox 2169 5726 3688 5849; baseline -0.01 -16"><span class='ocrx_word' id='word_1_960' title='bbox 2317 5726 2581 5831; x_wconf 50' lang='grc' dir='ltr'><strong>Ἓιῗυῧίιιι.</strong></span> <span class='ocrx_word' id='word_1_961' title='bbox 2618 5776 2763 5829; x_wconf 88' lang='lat' dir='ltr'><strong>Itane</strong></span> <span class='ocrx_word' id='word_1_962' title='bbox 2790 5783 3103 5849; x_wconf 84' lang='lat' dir='ltr'><strong>ioqueretnr</strong></span> <span class='ocrx_word' id='word_1_963' title='bbox 3142 5769 3233 5849; x_wconf 72' lang='lat' dir='ltr'><strong>qui</strong></span> <span class='ocrx_word' id='word_1_964' title='bbox 3256 5769 3321 5827; x_wconf 88' lang='lat' dir='ltr'><strong>de</strong></span> <span class='ocrx_word' id='word_1_965' title='bbox 3342 5767 3534 5825; x_wconf 69' lang='lat' dir='ltr'><strong>divina:</strong></span> <span class='ocrx_word' id='word_1_966' title='bbox 3557 5780 3688 5838; x_wconf 79' lang='lat' dir='ltr'><strong>gra-</strong></span> 
     </span>
    </p>
   </div>
   <div class='ocr_carea' id='block_1_126' title="bbox 2109 5843 3189 5916">
    <p class='ocr_par' dir='ltr' id='par_1_126' title="bbox 2109 5843 3189 5916">
     <span class='ocr_line' id='line_1_131' title="bbox 2109 5843 3189 5916; baseline -0.008 -11"><span class='ocrx_word' id='word_1_967' title='bbox 2109 5843 2197 5906; x_wconf 68' lang='lat' dir='ltr'><strong>tiai</strong></span> <span class='ocrx_word' id='word_1_968' title='bbox 2237 5843 2560 5906; x_wconf 79' lang='lat' dir='ltr'><strong>necessitate</strong></span> <span class='ocrx_word' id='word_1_969' title='bbox 2601 5861 2884 5916; x_wconf 84' lang='lat' dir='ltr'><strong>perperam</strong></span> <span class='ocrx_word' id='word_1_970' title='bbox 2926 5843 3189 5900; x_wconf 82' lang='lat' dir='ltr'><strong>sentiret?</strong></span> 
     </span>
    </p>
   </div>
  </div>
