4082 6410
280 4888 283 4891 μ
401 4848 543 4902 Πνεύ

400 375 506 431 559

1641 388 1881 445 DIDYMI
1919 389 2389 449 ALEXANDRINI

3562 366 3673 451 ato

399 490 571 546 sancti
610 489 902 548 adventum
929 508 998 550 ex
1035 496 1251 565 propria
1310 498 1454 555 illius
1510 503 1832 557 auctoritate
1891 501 1977 558 l'a-

2082 506 2398 578 Πνεῦματος
2420 510 2540 561 κατ’
2566 508 2814 576 ἐξουσιαν
2831 510 3084 581 σημαίνει
3111 509 3454 582 γεγενῆσθαι·
3482 511 3668 580 ἕτερον

400 593 548 637 ctum
582 597 740 651 esse;
767 585 963 640 deinde
1010 602 1141 642 vero
1198 588 1458 659 Spiritum
1502 602 1774 659 sanctum,
1820 610 1979 651 suum

400 676 569 743 ipsius
594 676 880 732 adventum
904 692 1017 732 non
1041 681 1344 749 nuntiasse,
1383 683 1478 737 sed
1518 682 1588 739 ab
1634 684 1752 752 ipso
1786 700 1984 755 magno

407 767 517 822 Deo
563 776 621 822 et
649 766 931 822 Salvatore
962 771 1381 838 praenuntiatum
1428 773 1614 830 fuisse.
1645 774 1833 844 Itaque
1856 791 1982 830 rur-

400 875 493 913 sus
519 861 628 916 ait:
668 877 688 911 ¢
715 857 825 914 Vos
853 869 1035 915 autem
1059 860 1171 931 (66)
1213 863 1397 919 sedete
1439 866 1492 920 in
1543 865 1782 933 civitate,
1812 869 1985 923 donec

403 951 702 1005 induamini
734 952 932 1008 virtute
959 969 1026 1008 ex
1056 954 1188 1009 alto.
1222 974 1241 1007 ι
1300 955 1567 1012 Virtutem
1621 973 1750 1014 vero
1782 959 1984 1014 intelli-

400 1041 479 1110 git
518 1039 756 1111 Spiritus
807 1043 1000 1098 sancti.
1033 1042 1099 1098 Et
1139 1043 1340 1099 Paulus
1378 1043 1637 1101 Romanis
1671 1062 1734 1102 ea
1768 1047 1980 1112 scribit,

398 1149 520 1202 qua:
548 1134 829 1198 admirari,
861 1144 921 1189 ut
953 1150 1052 1203 par
1080 1146 1182 1201 est,
1234 1146 1328 1190 aut
1364 1137 1714 1206 interpretari
1751 1139 1980 1206 nemini,

400 1223 678 1295 multoque
720 1228 895 1281 minus
940 1227 1138 1281 cursim
1191 1228 1306 1283 haec
1352 1226 1623 1293 aﬂ'erenti,
1661 1228 1822 1284 facile
1855 1241 1977 1287 est:

404 1333 424 1366 ι
455 1314 639 1371 l’labeo
662 1315 773 1388 (67)
802 1317 965 1387 igitur
984 1319 1259 1385 ﬁduciam,
1288 1319 1483 1389 inquit,
1515 1320 1569 1374 in
1604 1320 1824 1377 Christo
1851 1318 1980 1378 Jesu

402 1409 470 1463 ad
501 1409 704 1465 Deum:
744 1425 849 1465 non
906 1412 1049 1466 enim
1097 1413 1269 1467 audeo
1325 1412 1526 1483 aliquid
1577 1412 1723 1485 loqui
1766 1429 1979 1480 eorum,

399 1509 520 1563 qua:
547 1510 654 1550 non
680 1494 859 1552 ellecit
883 1497 1133 1554 Chrisws
1166 1514 1263 1568 per
1292 1515 1378 1556 me
1417 1501 1582 1556 verbo
1626 1512 1680 1557 et
1714 1517 1897 1572 Opere,
1923 1504 1977 1559 in

392 1584 761 1641 obedientiam
792 1590 1055 1659 gentium,
1084 1589 1138 1644 in
1176 1590 1372 1646 virtute
1413 1592 1690 1662 signorum
1724 1593 1886 1665 168
1922 1603 1978 1650 et

399 1676 792 1748 prodigiorum,
829 1679 881 1733 in
913 1678 1114 1734 virtute
1141 1680 1378 1750 Spiritus
1405 1683 1601 1739 sancti.
1630 1701 1648 1735 ι

469 1769 608 1825 ΧΙΙΙ.
644 1771 903 1827 Creatura
938 1788 1042 1828 non
1064 1788 1281 1844 semper
1309 1789 1477 1830 verax
1507 1784 1613 1840 est,
1655 1777 1750 1832 sed
1776 1778 1842 1834 de
1874 1794 1977 1834 suo

2082 602 2160 666 δὲ,
2192 603 2274 656 ὅτι
2324 603 2425 657 οὐκ
2476 603 2813 672 αὐτάγγελος
2854 598 3038 674 ἦλθεν,
3083 603 3196 657 ἀλλ’
3245 604 3338 658 ὑπ’
3372 602 3537 657 αὐτοῦ
3568 601 3666 658 τοῦ

2086 691 2324 760 μεγάλου
2369 692 2506 746 Θεοῦ
2547 693 2644 747 καὶ
2675 693 2930 764 Σωτῆρος
2958 693 3331 766 προεμηνύθη.
3362 694 3474 747 Καὶ
3509 689 3668 760 αὖθις

2081 780 2174 838 οῦν
2208 784 2374 853 λέγει·
2417 804 2436 837 ι
2472 785 2661 855 Ὑμεῖς
2682 786 2741 840 δὲ
2765 785 3027 840 καθίσατε
3061 788 3119 841 ἐν
3151 790 3219 859 τῇ
3256 787 3407 841 πόλει
3428 825 3445 852 ,
3475 787 3580 851 ἕως
3600 780 3666 842 οὗ

2085 873 2178 946 [75
2209 875 2260 947 b]
2311 876 2608 948 ἐνδύσησθε
2660 876 2891 949 δύναμιν
2947 878 3010 944 ἐξ
3058 877 3246 946 ὕψους.
3277 897 3296 931 ι
3329 878 3478 950 Αῦτη
3515 879 3572 933 δὲ
3596 876 3669 952 ἦν

2081 967 2117 1035 ἡ
2166 965 2260 1019 τοῦ
2312 966 2470 1035 ἁγίου
2509 967 2846 1039 Πνεῦματος.
2897 970 3009 1022 Καὶ
3051 969 3260 1033 Παῦλος
3298 970 3500 1041 γράφει
3532 971 3675 1023 Ῥω-

2084 1055 2285 1127 μαίοις,
2315 1057 2352 1111 ἁ
2376 1059 2677 1128 θαυμάσαι,
2702 1059 2735 1129 ἦ
2764 1058 3100 1131 ἑρμηνεῦσαι
3128 1060 3317 1127 ἀξίως,
3344 1061 3578 1132 μάλιστα
3604 1061 3663 1128 ἐξ

2080 1145 2414 1217 ἐπιδρομῆς,
2453 1148 2627 1201 οὐδενὶ
2663 1149 2925 1212 εὐπετές·
2959 1169 2978 1202 ι
3014 1150 3163 1221 Ἕχω
3202 1147 3294 1204 οῦν
3337 1151 3672 1220 πεποίθησιν

2079 1237 2137 1290 ὲν
2172 1238 2399 1309 Χριστῷ.
2437 1239 2612 1310 Ἰησοῦ
2657 1242 2795 1312 πρὸς
2836 1242 2930 1296 τὸν
2962 1243 3116 1297 Θεόν.
3150 1244 3226 1299 Οὐ
3258 1242 3367 1315 γὰρ
3392 1243 3576 1314 τολμῶ
3609 1261 3661 1296 τι

2079 1326 2281 1394 λαλεῖν,
2313 1320 2388 1382 ὧν
2421 1328 2483 1383 οὐ
2517 1332 2916 1402 κατειργάσατο
2944 1333 3179 1404 Χριστὸς
3226 1334 3292 1387 δι’
3330 1333 3487 1405 ἐμοῦ,
3519 1335 3662 1406 λόγῳ

2079 1420 2175 1472 καὶ
2211 1420 2387 1491 ἔργῳ,
2414 1424 2495 1486 είς
2533 1424 2782 1496 ὑπακοὴν
2823 1424 3027 1491 ἐθνῶν,
3062 1428 3120 1480 ὲν
3148 1426 3374 1497 δυνάμει
3417 1427 3673 1498 σημείων»

2079 1509 2175 1564 καὶ
2203 1511 2467 1583 τεράτων,
2496 1514 2555 1568 ὲν
2585 1514 2812 1586 δυνάμει
2840 1516 3156 1588 Πνεῦματος
3197 1517 3374 1588 ἁγίου.
3407 1536 3426 1569 ι

2149 1781 2246 1837 II".
2291 1783 2356 1837 Ἦ
2397 1784 2575 1871 κτίσις
2607 1786 2708 1839 οὐκ
2739 1785 2993 1857 ἀληθεύει
3024 1787 3144 1841 ἀεί·
3190 1787 3305 1843 ἀλλ’
3351 1788 3411 1855 ἐξ
3451 1789 3667 1855 οἰκείας.

397 1864 449 1917 id
478 1863 659 1926 habet,
696 1872 754 1918 ut
779 1874 833 1919 et
853 1867 1018 1920 animi
1050 1866 1330 1922 mutationi
1375 1869 1607 1923 obnoxia
1653 1871 1743 1937 sit,
1791 1879 1848 1927 et
1884 1872 1979 1927 ali-

2082 1874 2305 1945 γνώμης
2350 1875 2465 1947 ἔχει
2505 1868 2715 1948 τροπῆς
2759 1880 2923 1949 μέρος
2952 1878 3047 1932 καὶ
3094 1879 3156 1932 τὸ
3182 1879 3473 1950 ψεύδεσθαί
3503 1898 3654 1935 ποτε.

396 1955 612 2023 quando
640 1956 953 2010 mentiatur.
993 1956 1138 2012 Talis
1170 1958 1314 2012 inter
1357 1969 1637 2015 creaturas
1675 1962 1858 2017 carnis
1883 1977 1978 2018 ex-

396 2056 578 2115 pertes
605 2044 714 2117 (68)
742 2056 827 2101 est
849 2047 1137 2104 diabolus:
1188 2048 1255 2104 de
1282 2050 1501 2105 carneis
1539 2065 1666 2107 vero
1714 2054 1975 2124 scriptum

394 2144 511 2189 est:
542 2154 561 2187 ι
585 2134 776 2191 Omnis
803 2135 919 2207 (69)
950 2136 1112 2192 homo
1132 2139 1400 2205 mendax;
1431 2159 1451 2192 ι
1479 2150 1565 2194 et:
1599 2160 1619 2192 ι
1646 2139 1844 2199 Perdes
1860 2142 1974 2216 (70)

394 2244 586 2285 omnes
640 2231 731 2301 qui
778 2231 1073 2302 loquuntur
1126 2234 1487 2291 mendacium.
1516 2256 1537 2289 ι
1582 2237 1721 2305 Quin
1756 2240 1964 2297 ethnici

394 2336 609 2392 quoque
636 2323 1003 2393 scripserunt:

449 2410 564 2467 Nec
597 2415 737 2467 enim
767 2415 1108 2471 mendacibus
1134 2426 1285 2485 pater
1323 2417 1463 2474 Deus
1490 2409 1925 2477 erit'auxiliator.

396 2568 475 2624 De
527 2570 732 2626 sanctis
770 2576 943 2637 vero,
1002 2580 1133 2640 puta
1167 2572 1234 2628 de
1262 2574 1527 2644 apostolis
1554 2577 1688 2649 (7|),
1736 2581 1811 2635 ait
1839 2579 1980 2636 Pau-

397 2661 520 2717 lus:
555 2680 575 2714 ι
605 2661 711 2717 Sed
746 2662 859 2734 (72)
889 2680 1011 2719 cum
1049 2665 1179 2733 vidi,
1220 2669 1363 2737 quod
1397 2684 1501 2723 non
1541 2683 1686 2726 recte
1736 2673 1973 2729 ambula-

396 2760 518 2807 rent
551 2754 618 2809 ad
648 2755 931 2811 veritatem
962 2756 1254 2826 Evangelii,
1282 2758 1394 2812 dixi
1427 2759 1621 2829 Cephaz
1642 2762 1756 2835 (7'5)
1787 2778 1973 2820 coram

395 2845 665 2910 omnibus,
698 2865 718 2898 ι
751 2862 871 2917 quae
906 2848 1062 2903 dixit.
1114 2840 1321 2905 Revera
1374 2852 1523 2906 enim
1568 2854 1736 2910 solius
1781 2856 1977 2913 divinae

396 2943 606 2990 naturae
630 2944 718 2991 est
747 2953 1022 3008 nunquam
1055 2955 1085 2994 a
1112 2941 1342 2997 veritate
1383 2943 1658 2999 recedere.
1711 2944 1835 3003 Ideo
1874 2946 1978 3002 He-

395 3026 556 3082 braeis
582 3027 778 3084 Paulus
807 3027 883 3084 ita
909 3030 1165 3100 scripsit:
1226 3050 1245 3084 ι
1279 3032 1347 3090 Ut
1396 3034 1508 3105 (74)
1562 3052 1658 3105 per
1698 3038 1834 3095 tluas
1888 3055 1976 3096 res

397 3118 717 3185 immobiles,
751 3120 802 3175 in
837 3121 1036 3192 quibus
1066 3124 1405 3193 impossibile
1433 3139 1518 3183 est
1546 3130 1761 3185 mentiri
1782 3129 1972 3199 Deum,

2092 1966 2179 2029 Ὠς
2198 1967 2257 2019 ὲν
2278 1965 2375 2037 μὲν
2393 1966 2677 2038 ἀσάρκοις,
2700 1970 2730 2020 ὁ
2757 1967 3020 2032 διάϐολος·
3055 1968 3114 2021 ὲν
3133 1968 3190 2021 δὲ
3224 1969 3518 2040 σαρκίνοις,
3553 1986 3658 2022 κα-

2080 2058 2149 2112 θὰ
2180 2059 2416 2129 γράφει·
2451 2078 2470 2111 t
2505 2061 2622 2123 Πᾶς
2655 2058 2940 2131 ἄνθρωπος
2996 2059 3255 2130 ψεύστης·
3289 2078 3308 2112 ι
3338 2062 3453 2126 καὶ,
3479 2079 3496 2111 ι
3534 2061 3666 2115 Ἀπ-

2078 2149 2219 2215 ολεῖς
2252 2152 2460 2215 πάντας
2481 2152 2606 2215 τοὺς
2634 2150 2926 2216 λαλοῦντας
2946 2151 3009 2205 τὸ
3032 2150 3243 2223 ψεῦδος.
3276 2172 3295 2206 ι

2188 2418 2271 2471 Οὐ
2313 2414 2422 2487 γὰρ
2462 2416 2559 2471 ἐπὶ
2591 2416 2890 2487 ψεύδεσσι
2931 2418 3135 2488 Πατὴρ
3173 2416 3317 2486 Θεὸς
3344 2417 3566 2560 ﬁgas;

3404 2508 3491 2558 ρω

3404 2501 3624 2558 φωνάς’

2078 2562 2321 2649 ἔγραψαν
2348 2579 2446 2633 καὶ
2483 2580 2532 2633 οἱ
2565 2579 2691 2645 ἔξω.
2736 2581 2825 2636 Ἐν
2868 2583 2925 2636 δὲ
2959 2581 3155 2650 ἁγίοις,
3184 2580 3259 2645 ὼς
3291 2580 3504 2646 Παῦλος
3530 2582 3669 2654 περὶ

2076 2669 2185 2723 τῶν
2216 2671 2530 2725 ἀποστόλων
2573 2671 2676 2744 ἔφη
2700 2690 2712 2702 ⁸
2744 2693 2762 2725 t
2792 2673 2935 2727 Ἀλλ’
2961 2675 3050 2728 ὅτε
3083 2673 3221 2741 ἴδον,
3248 2673 3330 2727 ὅτι
3363 2674 3463 2728 οὐκ
3499 2675 3658 2748 ὀρθο-

2079 2762 2330 2817 ποδοῦσιν
2362 2764 2499 2835 πρὸς
2530 2763 2629 2836 τὴν
2667 2766 2925 2838 ἀλήθειαν
2968 2766 3064 2820 τοῦ
3110 2768 3464 2837 Εὑαγγελίου,
3505 2763 3665 2823 εἶπον

2075 2852 2155 2924 τῷ
2178 2855 2346 2924 Κηφᾷ
2369 2855 2678 2927 ἔμπροσθεν
2708 2857 2946 2923 πάντων,
2978 2877 2997 2910 ι
3031 2858 3066 2913 ἃ
3105 2854 3279 2913 εἶπεν.
3317 2860 3403 2923 Ὠς
3445 2858 3663 2932 ἀληθῶς

2077 2947 2219 3017 γὰρ.
2273 2947 2442 3020 μόνης
2496 2947 2685 3022 θεῖκῆς
2736 2950 2950 3020 φύσεως
3004 2953 3064 3005 τὸ
3118 2953 3203 3007 ἀεὶ
3249 2953 3520 3023 ἀψευδεῖν.
3569 2952 3664 3008 Διὸ

2090 3037 2357 3109 Ἑϐραίοις
2390 3041 2720 3097 ἐπέστειλενδ
2746 3062 2763 3094 ι
2789 3043 2925 3107 Ἵνα,
2958 3046 3142 3114 φησιν,
3178 3043 3266 3097 διά
3285 3044 3380 3098 δύο
3410 3045 3663 3115 πραγμάι

2076 3146 2185 3183 των
2228 3130 2597 3201 ἀμεταθέτων,
2660 3133 2717 3186 ὲν
2770 3129 2854 3198 οἷς
2910 3135 3168 3190 ἀδύνατον
3213 3136 3521 3207 ψεύσασθαι
3568 3136 3662 3190 τὸν

395 3210 631 3266 validum
667 3212 918 3267 solatium
949 3214 1244 3272 habeamus
1272 3217 1365 3287 qui
1398 3218 1741 3290 confugimus
1787 3222 1854 3276 ad
1897 3233 1975 3277 te-

2082 3220 2228 3286 Θεδν,
2264 3223 2489 3294 ἰσχυρὰν
2522 3224 2868 3298 παράκλησιν
2910 3226 3123 3298 ἔχωμεν
3160 3229 3210 3281 οἱ
3232 3206 3661 3297 καταφυγόντες

396 3300 625 3355 uendam
647 3303 976 3371 propositam
1006 3318 1180 3374 spem.
1218 3325 1237 3358 ι
1263 3306 1591 3363 Communia
1635 3320 1816 3365 autem
1851 3311 1977 3380 Spi-

2074 3315 2346 3386 κρατῆσαι
2374 3316 2480 3387 τῆς
2505 3316 2875 3389 προκειμένης
2906 3318 3143 3384 ἐλπίδος.
3176 3338 3195 3371 ι
3231 3319 3296 3372 Ἠ
3325 3318 3382 3371 δὲ
3405 3317 3665 3372 κοινωνία

397 3390 531 3444 ritus
565 3392 766 3455 sancti,
815 3408 918 3461 qua
955 3410 1300 3451 communem
1348 3413 1471 3453 cum
1528 3397 1690 3455 Patre
1740 3412 1796 3454 et
1842 3401 1980 3456 Filio

2082 3405 2166 3458 τοῦ
2201 3404 2357 3473 ἁγίου
2401 3406 2742 3478 Πνεῦματος,
2787 3407 3119 3461 κοινωνοῦσα
3144 3410 3210 3480 τῇ
3252 3408 3411 3478 φύσει
3446 3409 3523 3481 τῷ
3550 3410 3664 3463 Πα-

397 3492 644 3538 naturam
679 3483 862 3551 habet,
903 3488 1212 3541 communio
1246 3497 1330 3542 est
1378 3489 1552 3558 quoad
1582 3491 1783 3555 omnia,
1819 3503 1980 3563 atque

2082 3498 2166 3569 τρὶ
2189 3499 2284 3551 καὶ
2312 3495 2391 3568 τῷ
2416 3497 2553 3569 Υίῷ,
2588 3500 2838 3553 κοινωνεῖ
2857 3499 2938 3563 εἱς
2966 3499 3083 3568 ὅλα,
3109 3499 3190 3553 ἔτι
3226 3501 3332 3572 μὴν
3365 3499 3461 3554 καὶ
3492 3501 3573 3563 είς
3601 3500 3664 3554 τὸ

396 3575 533 3629 adeo
562 3575 725 3629 etiam
752 3577 930 3645 quoad
962 3578 1083 3641 hoc,
1134 3587 1193 3632 ut
1220 3579 1325 3633 nisi
1360 3594 1489 3635 vera
1524 3582 1671 3653 loqui
1717 3598 1823 3639 non
1855 3599 1980 3653 pos-

396 3666 491 3721 sit.
514 3665 649 3720 Nam
687 3664 927 3737 Spiritus
952 3670 1199 3725 veritatis
1232 3671 1324 3730 Dei
1353 3683 1454 3738 est,
1502 3684 1560 3729 ut
1585 3687 1742 3731 antea
1773 3677 1974 3733 dictum

401 3756 525 3821 fuit,
556 3773 660 3812 una
690 3759 970 3814 voluntate
1001 3759 1180 3816 Patris
1205 3770 1259 3818 et
1287 3762 1406 3818 Filii
1444 3775 1500 3821 et
1546 3767 1628 3821 sui
1671 3768 1841 3838 ipsius
1892 3770 1976 3825 lo-

396 3864 590 3921 quens,
623 3858 680 3905 et
717 3866 747 3905 a
780 3851 1076 3921 semetipso
1105 3868 1212 3907 non
1258 3853 1504 3924 loquens,
1553 3859 1694 3912 sicut
1740 3859 1806 3914 de
1860 3860 1978 3930 ipso

398 3951 628 3997 testatus
657 3951 737 3997 est
767 3941 958 4007 Filius,
995 3958 1118 3998 cum
1149 3946 1363 4015 inquit:
1400 3965 1419 3998 ι
1466 3950 1511 4002 A
1535 3949 1827 4020 semetipso
1860 3950 1975 4025 (75)

398 4048 504 4088 non
529 4032 800 4102 loquetur.
832 4050 852 4084 ι

469 4124 608 4181 XIV.
667 4120 927 4181 Creatura
988 4128 1123 4182 nihil
1186 4129 1352 4184 habet
1399 4132 1541 4199 quod
1597 4131 1980 4187 denominetur

399 4213 600 4268 veritas
632 4211 767 4283 (76),
797 4227 862 4267 eo
890 4215 1031 4283 quod
1063 4232 1166 4269 una
1201 4219 1275 4273 sit
1311 4219 1490 4274 divina
1546 4220 1768 4289 veritas,
1832 4222 1976 4278 sicut

471 4428 584 4501 (66)
630 4427 737 4501 ἴοι
782 4438 978 4486 autem.
1015 4430 1150 4487 Luc.
1174 4445 1344 4501 31w,
1406 4432 1496 4488 49.
1548 4431 1738 4501 Graeca
1792 4431 1979 4495 editio,

397 4501 458 4599 εἶν
484 4499 556 4599 fi)
588 4499 743 4599 πδλει
773 4499 1543 4599 Ἰερουσριλημ..νῐορςιηωνετο,
1572 4520 1591 4555 ι
1615 4500 1974 4568 Jerusalem,»
2010 4540 2057 4599 ο

402 4569 559 4693 Vtthg.
592 4569 861 4639 interpres
885 4569 1172 4627 omittit'ut
1207 4571 1488 4641 Didymus.

470 4640 487 4693 ί
531 4639 581 4693 7)
627 4641 829 4693 Habeo.
867 4641 1023 4693 Rom.
1062 4658 1151 4693 xv.
1199 4641 1287 4693 l7.
1319 4642 1386 4693 18
1416 4652 1472 4693 et

470 4639 581 4712 (67)
625 4641 829 4712 Habeo.
867 4641 1023 4698 Rom.
1062 4658 1151 4707 xv,
1199 4639 1386 4712 177,18
1416 4652 1472 4712 et
1518 4642 1605 4698 19.
1638 4640 1827 4712 Graeca
1864 4640 1981 4712 edi-

403 4709 498 4773 tio,
533 4710 824 4784 καύχησιν,
875 4728 998 4784 pro,
1050 4711 1398 4784 σὶεποίθῃσιν.
1430 4711 1516 4778 Ει,
1545 4713 1615 4766 τὰ
1648 4711 1785 4784 πρὸς
1807 4711 1978 4784 λΘεέν,

400 4781 710 4853 ἓτολπρὺς
746 4781 838 4853 τὸν
856 4781 1033 4853 (Θεὸν.
1068 4782 1155 4853 Ει.
1199 4781 1478 4853 τολμήσω,
1508 4798 1628 4852 pro,
1656 4781 1861 4852 τολμῶ.
1896 4783 1979 4848 Ει,

628 4867 719 4924 τος
749 4849 904 4924 Θεοῦ,
939 4867 1056 4921 pro,
1090 4849 1408 4924 Πνεῦματος

475 4918 586 4990 (68)
625 4919 814 4990 Carnis
855 4918 1107 4990 expertes.
1149 4918 1323 4977 Simili
1359 4918 1518 4977 modo
1552 4923 1605 4977 in
1635 4922 1985 4980 Commenta-

402 4987 502 5044 riis
544 4987 879 5062 inﬂa-almo:
911 4987 1120 5062 locutus
1155 5001 1239 5046 est
1272 4992 1531 5062 Didymus
1575 4993 1640 5047 ad
1700 4995 1835 5058 psal.
1902 5009 1981 5057 ut,

404 5073 548 5114 vers.
578 5058 664 5148 l8;
700 5058 1106 5148 Ἀμαρτωλούς,
1140 5058 1410 5148 inquit";
1434 5060 1621 5148 καλεῖ,
1656 5063 1985 5148 οὐκοὰνθριῦ-

401 5145 539 5192 mur;
596 5127 776 5197 μόνον,
825 5127 962 5183 ἀλλά
1006 5131 1102 5186 καὶ
1136 5127 1392 5201 δυνάμεις
1423 5133 1718 5204 ἀσάρκους,
1757 5134 1807 5187 id
1855 5127 1979 5190 est:

410 5214 430 5248 ι
459 5197 844 5280 Peccatores...
894 5210 1056 5256 vocat
1086 5201 1340 5271 (Psaltes)
1373 5217 1478 5255 non
1517 5205 1675 5259 modo
1708 5202 1980 5270 homines,

403 5268 588 5341 sedet
613 5270 793 5341 carnis
825 5281 1074 5341 egpertes
1097 5268 1429 5341 potestates.
1457 5289 1476 5323 ι
1590 5286 1593 5289 ‘

475 5337 589 5409 (69)
633 5335 838 5409 anis.
869 5335 1028 5394 Rom.
1057 5335 1143 5409 m',
1172 5341 1227 5396 4.

497 5406 588 5479 70)
628 5407 845 5479 Perdes.
881 5410 1022 5464 Psal.
1055 5406 1383 5479 v,'vers..6.
1415 5426 1511 5467 seu
1537 5411 1593 5468 7.

500 5417 566 5461 7U
628 5417 845 5463 Peraea.
881 5417 1022 5464 Psal.
1055 5427 1109 5475 ν,
1149 5426 1290 5467 vers.
1327 5417 1383 5471 6.
1415 5426 1511 5467 seu
1537 5417 1593 5468 7.

500 5417 609 5553 7t)
631 5476 707 5532 De
746 5481 1019 5553 apostolis.
1044 5480 1186 5553 _Vide
1212 5474 1329 5553 not.
1371 5482 1427 5553 ὃ,
1464 5498 1586 5551 pag.
1618 5482 1740 5538 135.
1780 5481 1986 5553 Nempe

404 5550 773 5621 apostolorum
831 5550 1151 5604 vocabulum
1211 5550 1390 5606 latiori
1443 5550 1838 5621 signiﬁcatione
1896 5550 1986 5609 hic

404 5618 712 5694 accipitur.“
728 5620 1029 5694 praesertim
1062 5634 1183 5675 cum
1221 5623 1435 5689 horum,
1473 5618 1539 5694 de
1567 5623 1764 5694 quibus
1812 5622 1979 5694 Didy-

406 5685 540 5757 mus
576 5703 641 5742 ac
678 5685 875 5742 Paulus
913 5687 1227 5757 loquuntur,
1283 5685 1429 5745 unus
1465 5685 1628 5747 fuerit
1669 5685 1981 5757 Barnabas;

412 5754 665 5845 Didymus
689 5754 1043 5845 verouipseL—in
1076 5754 1279 5845 Enarr:
1305 5761 1359 5845 in
1385 5760 1554 5845 Epist.
1594 5760 1618 5813 1
1643 5754 1982 5845 Ρειν..ρερ.ι,

412 5824 775 5891 apostolorum
821 5826 1136 5886 vocabulum
1184 5824 1441 5887 strictiori
1484 5845 1643 5888 sensu
1688 5824 1984 5903 accipiens,

1445 4853 1622 4921 ἁγίου.

2077 3588 2354 3659 ἀψευδεῖν.
2413 3590 2639 3662 Πνεῦμα
2672 3589 2782 3661 γὰρ
2819 3590 3079 3662 ἀληθείας
3114 3592 3232 3644 ἐστὶ
3274 3589 3368 3644 τοῦ
3400 3591 3559 3657 Θεοῦ,
3587 3592 3664 3657 ὡς

2082 3678 2405 3751 προελέχθη,
2447 3678 2526 3750 τῷ
2559 3680 2641 3733 ἐνὶ
2697 3678 2963 3751 θελήματι
3000 3677 3096 3732 τοῦ
3138 3679 3373 3751 Πατρὺς,
3423 3678 3518 3733 καὶ
3568 3679 3665 3734 τοῦ

2081 3769 2235 3835 Υίοῦ,
2267 3771 2361 3823 καὶ
2392 3769 2586 3824 ἑαυτοῦ
2619 3768 2832 3835 λαλοῦν,
2867 3769 2962 3823 καὶ
2992 3770 3084 3840 ἀφ’
3128 3769 3323 3823 ἑαυτοῦ
3354 3771 3417 3824 οὐ
3442 3768 3662 3832 λαλοῦν,

2080 3862 2158 3925 ὡς
2184 3863 2213 3914 ὁ
2235 3861 2363 3925 Υἱὸς
2399 3860 2546 3932 αὐτῷ
2587 3860 2990 3934 ἐμαρτύρησεν.
3025 3860 3215 3914 εἰπών’
3260 3879 3279 3912 ι
3316 3861 3436 3930 ’Δφ’
3467 3852 3662 3914 ἑαυτοῦ

2081 3953 2143 4006 οὐ
2176 3950 2309 4005 λαλΰ
2319 3968 2420 4006 σει.
2447 3971 2466 4004 ο

2152 4129 2249 4182 IA'.
2286 4127 2351 4180 'H
2380 4125 2554 4189 κτίσις
2586 4125 2738 4179 οὐδὲν
2768 4124 2881 4196 ἔχει
2920 4123 3357 4196 προσαγορευθὲν
3398 4122 3626 4195 ἀλήθεια
3645 4162 3662 4188 ,

2080 4220 2170 4274 διὰ
2205 4219 2266 4273 τὸ
2308 4219 2436 4290 μίαν
2489 4214 2627 4272 εἶναι
2672 4217 2859 4289 θεῖκὴν
2906 4216 2999 4291 [76
3029 4215 3087 4289 α]
3132 4215 3409 4290 ἀλήθειαν,
3454 4216 3531 4280 ὡς
3564 4215 3664 4288 μία

2088 4430 2342 4497 allirmet,
2379 4432 2564 4487 «inter
2611 4442 2725 4494 eos,
2768 4429 2858 4497 qui
2899 4427 3103 4485 Christi
3154 4429 3501 4498 Evangelium
3536 4438 3665 4485 sunt

2090 4503 2284 4566 secuti,
2308 4521 2327 4554 ι
2360 4503 2627 4557 neminem
2662 4518 2680 4549 ι
2703 4499 2961 4569 apostolis
2991 4500 3270 4557 celsiorem
3295 4515 3416 4556 esse
3451 4499 3558 4556 ﬁde
3603 4509 3663 4557 et

2086 4572 2516 4627 conversatione.
2539 4589 2557 4622 ι

2153 4640 2267 4713 (72)
2309 4642 2435 4697 Sed.
2460 4641 2647 4713 Galat:
2665 4638 2848 4713 11,”.
2880 4636 3067 4713 Graeca
3106 4638 3316 4713 editio,~
3344 4637 3505 4704 εἶδον,
3536 4654 3658 4713 pro,

2085 4709 2215 4765 ἴδον.
2249 4709 2399 4766 illam
2439 4726 2568 4766 vero
2619 4709 2768 4764 Pauli
2817 4710 3218 4777 querimoniam
3253 4711 3514 4767 adversus
3555 4712 3666 4766 Ce-

2084 4782 2243 4849 pbani
2277 4786 2412 4838 scite
2446 4781 2682 4850 appellat
2719 4779 3084 4850 Tertullianus
3133 4778 3228 4834 lib.
3273 4782 3448 4850 primo
3479 4792 3663 4850 contra

2085 4848 2437 4915 Marcionem,
2472 4866 2595 4919 cap.
2624 4849 2717 4914 20,
2758 4868 2777 4901 ο
2800 4848 2966 4904 solius
2998 4848 3442 4920 conversationis,
3487 4849 3662 4920 placi-

2087 4931 2222 4975 tunc
2252 4932 2434 4989 postea
2461 4922 2761 4976 accusatori
2791 4935 2910 4983 suo,
2943 4918 3438 4989 reprehensionem.
3458 4939 3479 4973 ι

2157 4988 2268 5062 (75)
2315 4991 2527 5063 Cephea.
2559 4990 2745 5063 Graeca
2776 4990 2963 5054 editio,
2986 4988 3078 5063 ﬁt};
3114 4990 3345 5063 Ili-€199).
3365 4990 3469 5044 Sed
3509 4988 3672 5057 Vulg.

2087 5059 2357 5132 interpres
2390 5059 2520 5132 legit
2553 5080 2575 5112 ι
2596 5061 2812 5132 Cephze,
2836 5077 2855 5111 ι
2895 5071 2950 5113 ιιι
2984 5059 3260 5132 Didymus.
3281 5059 3491 5132 Utrum
3533 5074 3666 5114 vero

2084 5131 2295 5199 Cephas
2342 5129 2469 5186 iste'
2498 5131 2569 5184 sit
2612 5129 3222 5200 Pettus'apostol0rum
3271 5130 3543 5200 princeps,
3586 5144 3656 5182 an

2084 5215 2214 5256 vero
2254 5217 2393 5256 unus
2418 5217 2449 5256 e
2482 5216 2582 5255 ιη
2615 5199 2913 5268 discipulis,
2950 5210 3008 5254 ut
3046 5199 3284 5257 vetustis
3314 5200 3479 5256 etiam
3529 5212 3665 5254 tem-

2085 5271 2304 5339 poribus
2332 5287 2437 5325 non
2481 5272 2635 5340 pauci
2683 5270 2885 5338 opinati
2922 5281 3068 5337 sunt,
3115 5286 3292 5325 meum
3334 5284 3438 5324 non
3471 5278 3555 5323 est
3583 5271 3667 5322 in-

2085 5341 2321 5408 quirere.
2374 5341 2520 5395 Multi
2570 5340 2679 5408 jam
2730 5340 2801 5409 de
2842 5341 3045 5409 hacrre
3090 5342 3426 5409 scripserunt
3479 5350 3664 5409 n_ostra

2085 5406 2249 5464 etiam
2298 5423 2476 5467 actate.
2528 5406 2669 5476 Lege
2705 5408 2924 5480 Hieron.
2959 5408 3051 5464 lib.
3077 5427 3113 5464 ιι
3143 5406 3214 5464 int
3233 5410 3332 5480 Ep.
3377 5408 3446 5462 ad
3480 5406 3661 5480 (ἰτείης.

2087 5495 2312 5552 cauit,
2363 5494 2487 5552 pag.
2535 5480 2641 5535 408
2683 5480 2767 5534 ed.
2805 5478 3153 5548 Veronensis,
3191 5490 3246 5536 et
3281 5477 3497 5534 ibidem
3543 5477 3667 5530 Val-

2088 5550 2234 5603 larsii
2264 5550 2457 5608 notas;
2542 5564 2546 5569 ‘

2157 5619 2272 5689 (74)
2313 5619 2402 5675 Ut.
2435 5620 2598 5676 Hebr.
2631 5635 2708 5685 νι,
2736 5616 2827 5689 18.

2159 5689 2277 5760 (75)
2316 5692 2358 5760 Α
2391 5694 2688 5759 semetipso.
2720 5688 3026 5760 Joan._xvt,
3068 5688 3152 5745 15.

2159 5756 2269 5881 (3)6)
2318 5758 2543 5841 l’erilas.
2576 5756 2736 5825 Cod,
2776 5757 3021 5830 ἀληθεία.
3059 5760 3220 5833 Lege,
3266 5758 3527 5834 ἀλήθεια,
3577 5756 3667 5814 vel

2229 5846 2362 5881 ειαν.

2089 5829 2362 5904 ἀλήθειαν.
2474 5885 2491 5902 ,
