4082 6402
326 397 430 453 5-H

1385 397 1472 452 DE
1513 399 1891 459 TRINITATE
1929 402 2139 460 LIBER
2182 406 2568 465 SECUNDUS.

3517 389 3623 446 542

329 519 480 572 ἐστὶν
531 519 567 588 ἡ
616 517 876 589 ἁγιότης,
923 517 1017 572 καὶ
1055 520 1088 591 ἡ
1121 519 1423 590 ἀγαθότης,
1460 523 1554 592 ἀφ’
1586 519 1655 595 ἦς
1681 524 1934 589 ἑκάστοις

2043 547 2143 583 una
2179 539 2265 586 cst
2297 531 2579 595 sanctitas,
2609 535 2664 582 et
2700 524 2935 588 bonitas,
2988 535 3018 574 a
3047 533 3151 590 qua
3195 515 3420 586 singulis
3465 515 3621 568 nobis

329 613 464 683 ἡμῖν
497 609 678 665 ταῦτα
710 613 938 682 ὲφήκεινι
970 611 1360 685 ὁμολογοῦμεν.
1389 615 1463 668 Τὸ
1495 617 1552 669 δὲ
1585 618 1742 686 ἆγιον
1761 619 1933 673 Πνεῦ-

339 721 415 776 μα
464 703 693 775 ἀλήθεια
743 704 1220 776 προσηγόρευται,
1285 706 1428 760 καθὰ
1471 710 1498 761 6
1527 710 1718 782 Πατὴρ
1763 713 1858 764 καὶ
1905 714 1933 765 6

337 795 499 858 Υἱός·
533 794 721 866 ἐπειδὴ
756 795 856 865 τῆς
897 796 1068 866 αὐτῆς
1103 798 1233 868 μιᾶς
1292 799 1407 852 ἐστι
1453 799 1707 871 Θεότητος
1731 842 1745 863 ,
1781 803 1932 857 οὐδὲν

339 885 460 956 ἕχον
511 884 859 955 πολυσχιδὲς,
903 886 939 958 ἢ
981 886 1308 956 διαφωνοῦν.
1355 889 1643 961 Μαρτυρεῖ
1701 891 1759 944 δὲ
1804 895 1933 964 περὶ

346 979 442 1049 μὲν
469 977 563 1031 τοῦ
597 979 810 1050 Πατρὺς
842 980 936 1032 καὶ
965 979 1160 1032 ἑαυτοῦ
1193 981 1222 1033 6
1246 980 1392 1046 Υἱὸς,
1426 982 1621 1052 λέγων·
1656 1004 1674 1037 ι
1713 985 1930 1058 Πάτερ,

345 1071 374 1122 ὁ
397 1071 563 1138 Λόγος
589 1072 618 1124 6
637 1071 748 1134 σὸς,
780 1071 1007 1140 ἀλήθειά
1027 1073 1163 1125 ἐστι·
1190 1092 1209 1126 ›
1254 1075 1350 1128 καὶ
1372 1075 1555 1129 πάλιν·
1584 1097 1602 1130 ι
1651 1077 1793 1147 Ἐγὼ
1817 1081 1934 1152 εἰμι

350 1168 390 1235 ἡ
423 1164 553 1234 ζωὴ,
591 1166 684 1218 καὶ
712 1167 744 1237 ή
774 1165 1024 1237 ἀλήθεια.
1052 1187 1070 1218 ι
1108 1169 1244 1241 Περὶ
1274 1169 1332 1222 δὲ
1363 1168 1458 1224 τοῦ
1495 1173 1652 1242 ἁγίου
1675 1174 1932 1248 Πνεῦμα-

353 1275 460 1320 τος,
495 1257 566 1321 ὡς
599 1257 920 1330 προελέχθη.

421 1347 519 1402 ΙΕ’.
561 1350 624 1402 Ἦ
653 1351 828 1413 κτίσις
867 1351 968 1404 οὐκ
1005 1345 1114 1404 οἶδε
1161 1351 1232 1405 τὰ
1272 1353 1367 1407 τοῦ
1422 1353 1580 1408 Θεοῦ·
1615 1356 1934 1429 ὑπερϐαίνει

350 1441 456 1512 γὰρ
485 1441 652 1512 αὐτὴν
673 1457 687 1471 ·
729 1441 822 1494 καὶ
869 1441 1020 1495 οὐδὲν
1059 1443 1196 1516 πρὸς
1223 1444 1482 1517 τοιαύτην
1507 1447 1714 1517 εἴδησιν
1759 1449 1934 1520 ὁρμῆ-

351 1548 439 1584 σαι
471 1531 663 1602 τολμᾷ,
696 1531 799 1586 κᾶν
902 1531 1009 1586 τῶν
1038 1534 1364 1606 εὐδοκίμων·
1407 1539 1598 1609 ἐπειδὴ
1627 1538 1833 1606 γνῶναι
1865 1541 1933 1594 τὰ

345 1626 439 1678 τοῦ
470 1625 626 1689 Θεοῦ,
663 1626 744 1688 εἰς
779 1625 1012 1695 πάμπαν
1043 1625 1304 1682 ἀδύνατον
1332 1630 1398 1699 τῇ
1431 1628 1505 1700 μὴ
1534 1629 1673 1702 οὔσῃ
1704 1631 1806 1701 τῆς
1835 1632 1934 1685 αὺ-

345 1717 445 1786 τῆς
472 1713 706 1783 φύσεως,
731 1713 824 1768 καὶ
857 1715 955 1786 τὴν
988 1715 1158 1785 αὐτὴν
1183 1715 1384 1783 γνῶσιν
1410 1717 1488 1788 τῷ
1513 1717 1631 1790 Θεῷ
1662 1722 1936 1791 κεκτημέ-

347 1825 435 1879 νῃ,
462 1807 536 1871 ὡς
563 1806 796 1871 ἐδίδαξεν
832 1809 860 1861 6
890 1807 1102 1878 Σωτὴρ,
1121 1808 1290 1862 εἰπὼν
1334 1812 1392 1862 ὲν
1413 1811 1657 1884 Ἰωάννῃ·
1692 1832 1710 1864 ι
1733 1814 1789 1866 '0
1815 1813 1937 1866 δοῦ-

2038 625 2150 678 Ιιτιξο
2190 625 2477 691 provenire
2505 621 2851 677 confitemur.
2887 619 2955 669 At
2987 613 3221 682 Spiritus
3248 619 3466 663 sanctus
3487 608 3625 661 veri-

2039 725 2121 770 tas
2153 715 2532 770 denominatus
2577 721 2682 777 est,
2740 709 2881 764 sicut
2932 706 3095 760 Pater
3128 713 3183 757 et
3232 701 3435 757 Filius?
3488 715 3624 768 quo-

2043 807 2186 859 niam
2220 805 2465 875 ejusdem
2499 817 2620 858 cum
2652 801 2783 870 ipsis
2810 805 2925 863 est,
2962 807 3124 866 atque
3161 795 3332 862 ,nnius
3381 790 3621 854 deitatis,

2036 895 2278 966 nihil-que
2308 897 2512 950 habens
2543 891 2890 954 multiﬁdum,
2923 899 3015 942 aut
3065 889 3366 940 dissonum.
3425 883 3504 937 Ac
3557 883 3623 935 de

2035 987 2196 1043 Patre
2224 989 2464 1057 quidem,
2493 997 2545 1041 et
2574 985 2640 1040 de
2683 999 2743 1039 se
2793 985 2909 1051 ipso
2948 983 2998 1034 id
3050 989 3289 1034 testatur
3329 977 3498 1032 Filius
3543 975 3626 1027 in-

2035 1082 2268 1150 quiens:
2313 1079 2477 1149 169
2507 1096 2526 1132 ι
2557 1077 2720 1132 Pater
2749 1075 2885 1147 (77),
2919 1072 3155 1128 Verbum
3215 1080 3366 1125 tuum
3421 1068 3625 1122 veritas

2035 1178 2138 1229 est.
2174 1191 2193 1224 ι
2221 1171 2290 1226 Et
2318 1185 2510 1226 rursus
2540 1187 2555 1224 :
2594 1188 2612 1220 ι
2648 1167 2760 1238 Ego
2793 1167 2906 1237 (78)
2935 1181 3052 1219 sum
3083 1167 3213 1230 vita,
3254 1171 3308 1217 et
3344 1159 3562 1215 veritas.
3597 1177 3617 1210 ι

2037 1265 2116 1320 De
2143 1263 2346 1334 Spiritu
2380 1271 2571 1318 sancto
2614 1269 2818 1326 autem,
2864 1269 2923 1316 ut
2954 1268 3110 1311 antea
3141 1253 3251 1327 (79)
3290 1255 3491 1308 dictum
3517 1261 3627 1306 est.

2106 1357 2226 1412 XV.
2259 1354 2523 1411 Creatura
2581 1368 2686 1407 non
2731 1351 2881 1406 novit
2924 1364 3043 1419 quae
3075 1358 3203 1404 sunt
3271 1346 3396 1414 Dei;
3446 1345 3617 1414 ipsam

2035 1449 2181 1504 enim
2213 1447 2484 1503 excedunt
2512 1468 2525 1503 :
2558 1456 2613 1502 et
2651 1445 2801 1499 nullo
2826 1445 2990 1498 modo
3015 1443 3067 1496 in
3104 1439 3407 1511 hujusmodi
3437 1436 3625 1506 cogni-

2036 1541 2238 1596 tionem
2281 1554 2344 1594 ea
2379 1539 2599 1593 tendere
2633 1553 2695 1591 ac
2730 1537 2829 1592 niti
2876 1535 3058 1600 audet,
3105 1532 3351 1604 quamvis
3395 1546 3462 1587 ex
3508 1529 3627 1585 ele-

2035 1642 2250 1688 ctorum
2285 1645 2514 1686 numero
2566 1629 2764 1684 fuerit:
2814 1643 2914 1683 nec
2944 1628 3088 1682 enim
3123 1625 3236 1680 fieri
3293 1624 3401 1678 ullo
3452 1622 3622 1676 modo

2035 1733 2238 1795 potest,
2269 1733 2325 1778 ut
2355 1739 2440 1790 ea,
2469 1738 2588 1792 qua:
2621 1736 2726 1775 non
2780 1722 2849 1774 sit
2901 1719 3141 1788 ejusdem
3191 1725 3417 1781 naturze,
3469 1727 3624 1768 eam;-

2037 1816 2273 1886 demque
2305 1816 2670 1886 cegnitionem
2702 1828 2807 1868 non
2841 1814 3042 1866 habeat
3083 1825 3206 1864 cum
3246 1808 3378 1874 Deo,
3435 1814 3625 1861 noscat

347 1900 437 1965 λος
487 1901 587 1954 οὐκ
641 1897 748 1953 οῐδε
779 1900 833 1953 τε
866 1902 1061 1954 ποιεῖὸ
1093 1900 1278 1970 κύριος
1301 1902 1486 1956 αὐτοῦ·
1517 1924 1535 1955 ι
1563 1880 1659 1958 κᾶι
1677 1906 1754 1970 ὡς
1770 1906 1934 1980 ἔγρα-

2043 1910 2150 1975 ila,
2181 1924 2299 1979 quae
2332 1908 2431 1964 Dei
2465 1918 2622 1975 sunt;
2660 1907 2802 1961 sicut
2837 1903 3089 1958 Salvator
3131 1901 3338 1966 docuit,
3388 1913 3509 1954 cum
3549 1901 3627 1952 ait

345 1992 446 2062 ψεν
477 1993 703 2064 Πέτρος·
737 2011 757 2044 ι
788 1993 975 2046 Ἔστιν
1003 1991 1039 2046 ἃ
1066 1993 1160 2046 νῦν
1187 1995 1512 2065 ἀναγγέλλει
1540 1997 1688 2068 ὑμῖν,
1718 1999 1806 2054 διὰ
1825 2001 1935 2056 τῶν

347 2084 870 2153 εὐαγγελισαμένων,
891 2087 1035 2156 ὑμᾶς
1071 2087 1353 2158 Πνεύματι
1381 2087 1542 2159 ἁγίῳ,
1577 2091 1934 2147 ἀποσταλέντι

347 2177 454 2229 ἀπὸ
484 2175 736 2248 οὐρανοῦ.
769 2178 849 2240 εἰς
871 2176 908 2230 ἃ.
939 2177 1296 2249 ἐπιθυμοῦσιν
1309 2177 1528 2248 ἄγγελοι
1550 2182 1930 2254 παρακύψαι.»

349 2268 422 2320 Τὸ
452 2267 508 2321 δὲ
557 2267 709 2336 atwa
754 2265 978 2340 Πνεῦμα
1028 2270 1110 2323 ὃτι
1155 2270 1476 2336 ἐπίσταται,
1528 2272 1604 2337 ὼς
1653 2275 1937 2345 ὁμοούσιος

349 2360 503 2426 Θεὸς,
529 2362 560 2413 6
584 2360 906 2424 Ἀπόστολος
935 2361 1241 2434 Κορινθίοις
1270 2362 1602 2431 ἐπέστειλεν,
1645 2365 1721 2428 ὼς
1749 2367 1938 2438 προεί-

353 2470 532 2526 ρηται.
556 2455 667 2507 Καὶ
698 2453 860 2508 πάλιν
895 2454 991 2525 τὴν
1028 2455 1423 2526 μεγαλειότητα
1469 2456 1562 2511 τοῦ
1593 2457 1935 2530 Πνεῦματος,

350 2545 443 2600 καὶ
473 2545 572 2616 τὴν
610 2545 745 2616 πρὸς
780 2545 873 2599 τὸν
898 2546 1117 2618 Πατέρα
1149 2546 1374 2619 ἰσότητα
1405 2549 1706 2620 παριστῶν,
1734 2552 1942 2622 ἰσόρρορ-

350 2654 450 2690 πον
491 2637 681 2710 ἐκείνῳ
732 2637 968 2709 γράφει·
1005 2657 1024 2690 ι
1077 2639 1134 2691 '0
1166 2637 1223 2692 δὲ
1268 2641 1505 2711 ἐρευνῶν
1550 2640 1650 2706 τὰς
1687 2643 1934 2715 καρδίας,

349 2729 481 2798 οἶδε,
530 2733 582 2786 τί
609 2734 668 2786 τὸ
695 2734 948 2806 φρόνημα
974 2734 1069 2788 τοῦ
1105 2735 1247 2789 Πνεύ
1257 2753 1445 2807 ματος.
1472 2755 1491 2788 ι
1515 2737 1675 2791 Καθὰ
1701 2737 1808 2809 γὰρ
1843 2739 1938 2810 μέ-

347 2841 421 2894 γα
441 2841 495 2876 τι
521 2823 695 2894 λέγων
729 2826 855 2896 περὶ
879 2825 970 2879 τοῦ
994 2826 1228 2894 Πατρὺς,
1259 2822 1411 2880 εἶπεν
1441 2828 1821 2883 εἰδέναιιαὺτὸν
1841 2829 1935 2883 τοῦ

352 2920 660 2988 Πνεύματος
693 2918 754 2971 τὸ
779 2919 1062 2990 φρόνημα·
1097 2919 1240 2972 οὕτω
1276 2921 1375 2992 τὴν
1404 2922 1540 2992 πρὸς
1568 2923 1728 2978 αὑτὸν
1754 2941 1939 2978 κοινω-

349 3007 470 3061 νίαν
493 3008 590 3079 τῆς
629 3006 845 3078 φύσεως
882 3011 978 3063 καὶ
1002 3009 1275 3081 θελήσεως
1292 3052 1306 3076 ,
1340 3014 1434 3066 καὶ
1461 3014 1560 3085 τὴν
1590 3014 1812 3085 ἰσότητα
1836 3016 1937 3086 τῆς

353 3096 504 3161 ἀξίας
526 3097 619 3150 καὶ
647 3098 930 3169 δυνάμεως
961 3097 1056 3152 τοῦ
1081 3100 1236 3169 ἁγίου
1285 3103 1602 3173 Πνεύματος
1629 3105 1934 3175 παριστῶν,

2036 2003 2090 2059 in
2120 2002 2327 2058 Joanne
2355 2018 2368 2055 :
2416 2017 2435 2052 ι
2468 2003 2674 2054 Servus
2701 1997 2815 2068 (80)
2853 1996 3043 2060 nescit,
3075 1993 3203 2064 quid
3237 1993 3400 2046 faciat
3448 1989 3624 2044 domi-

2037 2111 2142 2150 nus
2171 2095 2288 2164 ejus
2315 2110 2331 2159 ;
2367 2111 2385 2144 I
2410 2101 2466 2147 et
2493 2091 2636 2147 sicut
2661 2089 2878 2158 scripsit
2905 2088 3098 2142 Petrus
3126 2103 3140 2140 :
3177 2104 3196 2136 σ
3226 2083 3478 2151 Quaedam
3509 2079 3630 2152 (81)·

2036 2196 2182 2253 sunt,
2215 2201 2336 2256 quae
2365 2199 2511 2238 nunc
2541 2182 2832 2236 annuntiat
2878 2181 3030 2234 vobis
3059 2194 3154 2249 per
3186 2192 3280 2232 eos
3316 2175 3406 2246 qui
3451 2188 3622 2228 evan-

2037 2281 2408 2350 gelizaverunt
2443 2275 2613 2330 'vobis
2677 2272 2882 2344 Spiritu
2909 2279 3098 2325 sancto
3152 2270 3318 2324 misso
3366 2267 3433 2323 de
3461 2265 3630 2334 cmlo,

2037 2373 2091 2427 in
2123 2387 2243 2442 quae
2273 2369 2391 2442 (82)
2419 2368 2726 2423 desiderant
2753 2363 2928 2434 angeli
2964 2362 3296 2432 prospicere.
3331 2379 3350 2412 ι
3394 2359 3466 2412 At
3495 2367 3626 2436 "vero

2037 2431 2293 2532 Spii-itus‘
2331 2431 2552 2514 sanctus
2625 2455 2774 2511 novit
2820 2431 2879 2509 ut
2942 2431 3415 2507 consubstantialis
3458 2431 3624 2515 Deus,

2031 2553 2189 2622 juxta
2224 2549 2542 2620 Apostolum
2578 2547 2647 2601 ad
2676 2544 2988 2601 Corinthios
3011 2543 3122 2612 (85)
3171 2543 3521 2607 scribentem,
3567 2546 3629 2595 ut

2037 2650 2196 2696 antea
2231 2641 2434 2695 dictum
2465 2645 2574 2692 est.
2599 2636 2677 2690 Ac
2705 2649 2898 2689 rursus
2918 2643 2976 2687 ut
3001 2633 3339 2702 majestatem
3365 2629 3624 2701 Spiritus,

2039 2729 2264 2799 ejusque
2309 2742 2434 2782 cum
2483 2724 2645 2780 Patre
2703 2722 3064 2793 aequalitatem
3114 2721 3422 2786 conﬁrmet,
3471 2719 3626 2773 illum

2040 2821 2166 2876 huic
2197 2819 2508 2889 aequiparat
2537 2816 2784 2872 scribens
2813 2839 2824 2871 :
2866 2834 2883 2866 ι
2920 2813 3019 2881 Qui
3053 2813 3164 2885 (84)
3203 2821 3384 2866 autem
3415 2819 3630 2866 scruta-'-

2039 2925 2129 2970 tur
2156 2915 2339 2978 corda,
2365 2914 2471 2968 scit
2494 2911 2625 2982 quid
2655 2910 3054 2979 desideret(aut
3096 2907 3293 2976 sapiat)
3318 2905 3570 2974 Spiritus.
3601 2921 3623 2956 ι

2039 3007 2175 3062 Nam
2225 3006 2370 3060 sicut
2418 3020 2539 3058 cum
2589 3003 2748 3057 vellet
2794 3017 3049 3070 magnum
3109 2999 3310 3068 aliquid
3355 2999 3424 3052 de
3467 2997 3630 3051 Patre

2039 3099 2242 3164 dicere,
2285 3097 2568 3151 dixitcum
2618 3109 2800 3159 nosse,
2850 3095 2978 3162 quid
3042 3093 3312 3148 desideret
3355 3089 3624 3160 Spiritus;

355 3186 557 3286 ἔγραψε
603 3186 761 3256 μόνον
796 3187 925 3241 αὐτὸ
969 3188 1170 3243 εἰδέναι
1203 3189 1272 3244 τὰ
1318 3191 1410 3245 τοῦ
1453 3194 1686 3266 Πατρὸς,
1735 3195 1830 3248 καὶ
1866 3196 1934 3250 τὰ

2043 3193 2114 3248 ita
2144 3207 2265 3247 eum
2290 3189 2450 3245 vellet
2478 3199 2682 3244 natura:
2735 3188 3142 3256 voluntatisque
3164 3184 3624 3249 communionem,

358 3277 494 3349 βάθη
522 3278 682 3332 αὐτοῦ
711 3279 956 3351 ὲρευνᾷν,
981 3281 1195 3345 καὶτὰς
1223 3283 1535 3353 ἀγνώστους
1562 3287 1771 3340 ἐκείνου
1805 3289 1933 3359 νοή-

356 3388 488 3434 σεις,
523 3371 590 3436 ἃς
631 3373 771 3444 χρὴ,
815 3373 910 3426 καὶ
944 3377 1107 3445 ήνίκα
1134 3374 1225 3446 [76
1257 3375 1310 3448 ὁ]
1341 3376 1454 3442 δεῖ,
1492 3379 1603 3441 τοῖς
1641 3378 1810 3443 ἀξίοις
1844 3384 1936 3434 έκ-

353 3462 583 3532 φαίνειν.
633 3464 735 3516 Τὸν
775 3464 832 3517 δὲ
881 3465 1108 3537 Πέτρον,
1157 3468 1234 3531 ὡς
1275 3470 1632 3541 προείρηται,
1687 3472 1935 3543 γράψαι·

351 3557 656 3629 Ἀπεστάλη
687 3558 783 3611 ἀπ’
805 3559 1034 3630 οὐρανοῦ
1055 3560 1117 3614 τὸ
1139 3562 1380 3635 Πνεῦμα·
1417 3563 1660 3629 νοείσθω,
1753 3569 1939 3640 τρόπῳ

353 3651 553 3702 νοεῖται
577 3649 656 3713 τὸ,
685 3649 990 3722 Ἀπεστὰλη
1021 3653 1050 3704 6
1080 3653 1228 3718 Υἱός.
1260 3655 1345 3718 Ὠς
1369 3655 1539 3725 Λόγος
1568 3657 1675 3729 γὰρ
1705 3659 1933 3727 ἐκεῖνος,

359 3742 450 3794 καί
480 3740 637 3794 τοῦτο
674 3741 750 3806 ὠς
801 3743 952 3814 ῥῆμα
998 3746 1092 3799 καὶ
1129 3747 1355 3818 Πνεῦμα
1379 3749 1474 3803 τοῦ
1509 3750 1646 3803 Θεοῦ
1696 3753 1937 3808 ἀπεστά-

355 3833 444 3905 λη.
480 3834 592 3888 Καὶ
623 3833 709 3887 διὰ
742 3834 804 3887 τὸ
832 3836 1058 3901 εἰδέναι,
1093 3837 1173 3890 ὅτι
1199 3838 1266 3892 τὰ
1290 3839 1444 3912 παρὰ
1473 3840 1565 3894 τοῦ
1595 3844 1833 3914 Χριστοῦ
1855 3884 1869 3910 ,
1902 3846 1936 3917 ἦ

353 3924 450 3978 τοῦ
490 3924 645 3990 ἁγίου
693 3923 1011 3996 Πνεύματος
1058 3928 1347 3998 λεγόμενα,
1381 3931 1599 4002 λέγεται
1648 3935 1743 3988 καὶ
1786 3937 1938 4008 παρὰ

427 4116 539 4192 (ῃ)
559 4112 735 4192 Pgter.
759 4111 918 4192 _Joan.
948 4114 1197 4192 X\'ll,n17.
1221 4112 1355 4171 Vide
1385 4125 1498 4172 not.
1528 4115 1620 4187 96,
1654 4133 1778 4192 pag.
1810 4119 1932 4177 160.

457 4187 543 4252 78)
583 4183 717 4253 Ego.
749 4183 902 4238 Joan.
933 4200 1042 4243 xuv,
1081 4185 1134 4239 6.

457 4255 543 4324 79)
583 4256 770 4324 Antea.
801 4255 980 4324 Segtn.
1017 4255 1086 4311 56
1124 4273 1177 4310 α.

432 4323 547 4395 (80)
587 4323 797 4378 Servus.
827 4323 982 4382 Joan.
1016 4341 1106 4390 xv,
1142 4327 1229 4382 15.

435 4397 566 4480 (81).
587 4395 863 4460 Ωιιωάαηι.
887 4395 942 4449 In
968 4395 1140 4480 prima
1171 4397 1315 4452 Petri
1335 4413 1404 4480 ,ιλ
1429 4399 1516 4454 12.
1548 4401 1718 4459 Biblia
1750 4412 1940 4480 carent

361 4466 708 4542 V9C€,Eo"rtv,
752 4481 910 4533 quam
947 4481 975 4518 a
1010 4466 1236 4542 Didymo
1283 4469 1521 4542 additam
1551 4484 1682 4542 pnto
1717 4476 1782 4528 ad
1817 4475 1941 4529 breo

362 4539 616 4592 viandum
640 4535 838 4611 locum,
869 4549 1030 4611 atque
1062 4535 1684 4611 itt’dicandasimul'quze
1707 4544 1760 4599 in
1793 4545 1937 4598 Petri

2036 3300 2102 3340 ac
2137 3283 2435 3353 dignitatis,
2472 3290 2526 3336 et
2559 3280 2813 3349 potentia:
2851 3279 3241 3349 aequalitatem,
3279 3290 3442 3345 quam
3499 3287 3627 3328 cum

2037 3382 2198 3435 Patre
2226 3379 2390 3433 habet
2422 3375 2658 3445 Spiritus
2703 3382 2946 3437 sanctus,
2996 3371 3341 3434 confirmare,
3385 3368 3623 3437 scripsit,

2039 3475 2212 3543 ipsum
2237 3471 2410 3526 solum
2436 3482 2599 3522 nosse
2621 3482 2740 3537 quae
2765 3477 2890 3520 sunt
2909 3464 3110 3528 Patris,
3133 3476 3198 3517 ac
3217 3461 3332 3529 ejus
3357 3459 3629 3531 profunda

2041 3563 2300 3626 scrutari,
2339 3571 2394 3616 et
2450 3560 2664 3631 ignotas
2727 3557 2968 3626 ejusdem
3019 3554 3197 3610 Patris
3247 3554 3624 3625 cogitationes,

2045 3672 2181 3728 quas
2200 3664 2436 3726 oportet,
2464 3663 2519 3708 et
2554 3650 2771 3724 quando
2811 3649 2972 3721 17o
2995 3658 3227 3721 Oportet,
3266 3649 3330 3703 iis
3361 3647 3450 3716 qui
3482 3644 3631 3714 digni

2043 3751 2173 3816 sint,
2203 3747 2576 3803 manifestare.
2627 3745 2780 3812 Quod
2821 3755 3000 3798 autent
3051 3743 3245 3797 Petrus
3293 3739 3534 3810 scripsit,
3570 3745 3632 3791 ut

2045 3853 2204 3898 antea
2244 3840 2446 3895 dictum
2477 3847 2578 3906 est,
2630 3838 2852 3891 missum
2897 3851 3020 3891 esse
3062 3836 3124 3889 de
3166 3834 3306 3889 coelo
3341 3831 3628 3900 Spiritum,

2048 3937 2100 3995 id
2131 3947 2196 3988 eo
2223 3931 2382 3986 modo
2419 3928 2738 3998 accipiatur,
2776 3941 2883 3996 quo
2909 3926 3228 3996 intelligitur
3277 3923 3446 3978 illud:
3500 3920 3630 3974 Mis-

2041 4121 2210 4178 iicans
2237 4122 2289 4177 in
2329 4120 2548 4175 Christo
2591 4119 2896 4188 passiones,
2947 4123 2999 4170 et
3039 4128 3126 4176 ea,
3162 4126 3282 4188 quae
3318 4117 3438 4179 post
3471 4115 3633 4188 erant

2039 4203 2290 4248 secutura
2329 4190 2470 4262 [c0d.
2519 4179 2696 4244 noster
2717 4205 2736 4242 :
2758 4179 3078 4262 quaeerant
3112 4179 3490 4262 subsecutum]
3513 4183 3630 4262 "de-

2043 4275 2191 4318 creta
2222 4282 2235 4316 :
2261 4249 2512 4334 in‘jdeest
2543 4262 2751 4334 vocula,
2776 4249 2857 4321 in,
2896 4257 2948 4309 in
2996 4263 3175 4308 nostra
3204 4249 3402 4331 codice]
3433 4249 3630 4334 quibus

2043 4275 2191 4318 creta
2222 4282 2235 4316 :
2261 4266 2314 4316 in
2346 4266 2512 4334 [deest
2543 4266 2751 4322 vocula,
2784 4266 2857 4321 in,
2896 4266 2948 4309 tn
2996 4266 3175 4308 nostra
3204 4266 3402 4321 coatcej
3474 4266 3630 4303 umus

2043 4333 2342 4387 revelatum
2393 4344 2475 4386 est
2516 4349 2530 4386 :
2565 4332 2690 4400 quia
2729 4329 2869 4401 [εοςι.
2919 4335 3098 4380 uoster
3131 4339 3149 4376 :
3184 4266 3466 4392 quoniam‘]
3521 4334 3637 4373 non-

2042 4402 2169 4466 sibi,
2214 4405 2308 4458 sed
2361 4404 2518 4456 nobis
2568 4399 2949 4454 ministrabant
2978 4411 3065 4457 ea,
3095 4407 3215 4463 qua:
3249 4405 3394 4466 nunc
3416 4403 3632 4466 _annun:

2046 4458 2175 4527 tiata
2204 4481 2329 4526 sunt
2352 4472 2507 4527 vobis
2530 4487 2624 4540 per
2644 4471 2902 4540 Spiritum
2929 4458 3199 4540 sanctu'm.
3223 4480 3242 4512 ι
3266 4461 3397 4540 Ῡίιιο
3416 4458 3630 4528 Didymi

2045 4543 2449 4598 enarrationem
2492 4531 2547 4595 ai
2573 4531 2799 4608 primum
2831 4536 2980 4590 Petri
3008 4534 3248 4608 adhunc
3280 4531 3486 4608 locum.

364 4585 1939 4694 tegiliantecedit:"iiii,"dgvéﬁéixgiitijaiéin:"evil;

2047 4585 3290 4694 ita;mm;sint;{euagaianaa
3325 4601 3438 4680 ιιωρ
3464 4597 3629 4654 verba

364 4678 499 4761 τέλη
519 4719 533 4742 ,
571 4686 780 4761 et_pro,
803 4677 1102 4761 Πνεύματι2
1133 4680 1445 4761 habentne»;
1478 4683 1781 4761 instigati.
1814 4677 1946 4738 Ver-

365 4747 1060 4820 Siculum_hunc_bis_iall‘ert
1089 4751 1139 4802 ln
1172 4750 1309 4804 libro
1351 4750 1424 4804 De
1468 4747 1673 4820 Spirit'u
1736 4766 1940 4820 sancto,

364 4836 516 4874 num.
558 4817 628 4872 26
657 4825 710 4872 et
737 4817 827 4871 40.
877 4817 1056 4872 Primo
1095 4821 1311 4886 quidem
1349 4821 1404 4875 in
1449 4817 1568 4878 loco
1601 4841 1723 4878 eum
1760 4817 1948 4880 tribuit

368 4889 650 4957 Apostolo,
683 4900 739 4942 et
769 4889 1012 4943 voculam
1054 4891 1112 4944 ἐν
1140 4890 1343 4945 omittit
1369 4913 1378 4946 :
1411 4892 1489 4947 sic
1512 4895 1658 4949 enim
1693 4894 1892 4950 habet:
1921 4914 1940 4947 ι

369 4961 477 5015 Sed
509 4968 563 5015 et
583 4960 869 5039 Apostolus
913 4959 1188 5039 loquitur:
1222 4980 1240 5012 ι
1262 4960 1584 5039 Qttaa__nnnc
1627 4966 1946 5020 annuntiata

369 5039 513 5102 sunt,
542 5031 693 5083 vobis
740 5045 835 5098 per
883 5045 1013 5095 eos,
1060 5030 1150 5091 qui
1200 5033 1710 5101 evangelizaverunt
1753 5035 1945 5102 vobis,

372 5100 577 5180 Spiritu
611 5110 803 5180 sancto
827 5102 991 5180 misso
1021 5103 1090 5180 de
1107 5102 1281 5156 coclis.
1309 5122 1326 5152 ι
1351 5100 1421 5156 Et
1456 5105 1508 5157 in
1547 5104 1703 5167 libro.
1730 5105 1821 5174 qui
1849 5100 1949 5159 Sa—

373 5170 578 5242 pientia
603 5170 935 5242 inscribitur
970 5170 1111 5242 [cod.
1159 5183 1336 5226 uoster
1376 5190 1449 5228 m.
1493 5191 1534 5227 δ.
1582 5170 1778 5229 habet}
1807 5185 1862 5230 et
1892 5176 1944 5229 in

371 5239 670 5314 Sapientia,
715 5255 836 5314 qua:
887 5239 1576 5314 inscribiturmtvdtparog]
1619 5247 1685 5298 ab
1723 5247 1807 5300 his
1855 5246 1945 5311 qui

372 5311 552 5382 divina
579 5310 908 5382 charismata
951 5313 1224 5366 consecuti
1275 5310 1422 5378 sunt,
1461 5310 1797 5382 vox'gratias
1839 5310 1947 5370 Deo

371 5381 648 5456 perferens
685 5378 827 5456 [catt
854 5391 1239 5450 noster,grates
1268 5385 1378 5456 Deo
1408 5378 1671 5456 referetis]
1698 5387 1944 5440 destina—

370 5463 477 5532 tur.
503 5469 524 5503 ι
545 5451 1324 5532 'ln.a_ltero_‘autcm_toco_eum
1354 5453 1510 5532 Petro
1541 5451 1746 5510 tribuit.
1795 5476 1813 5508 ι
1842 5455 1947 5510 Sed

365 5531 424 5604 et
455 5521 783 5604 in_[:1|3jstola
827 5520 999 5586 Petri,
1046 5523 1238 5604 inquit,
1292 5523 1529 5604 Spiritus
1575 5538 1794 5604 sanctus
1829 5540 1952 5582 esse

363 5592 569 5671 Christi
590 5589 838 5671 Spiritus
862 5589 1266 5671 comprobatur.
1297 5613 1315 5646 ι
1337 5589 1723 5671 'Scru_tantes,_a
1753 5597 1948 5666 inquit,

367 5677 394 5717 ι
418 5674 474 5716 et
505 5663 847 5738 inquirentes
869 5660 1061 5738 t__[t:0d.
1082 5673 1266 5738 uoster
1289 5679 1310 5719 :
1330 5660 1728 5738 exquirentes],
1772 5660 1842 5720 id'
1864 5660 1952 5722 est

366 5732 673 5808 prophetae,
699 5733 768 5808 de
801 5733 997 5808 quibus
1046 5734 1096 5787 ei
1136 5733 1306 5787 fuerat
1363 5732 1541 5808 sermo
1574 5732 1858 5808 _supierior,
1895 5739 1949 5792 in

367 5800 511 5884 quoii
549 5813 607 5884 et
638 5801 797 5884 quale
823 5800 988 5883 [co-d.
1029 5814 1225 5884 noster,
1275 5804 1594 5884 attt_qualc]
1631 5800 1852 5876 témpus
1875 5810 1952 5862 si-

367 5873 665 5944 gniﬁcabat
692 5873 759 5942 is,
791 5873 883 5944 qui
914 5873 968 5928 iu
1019 5874 1099 5928 eis
1132 5884 1268 5941 erat,
1303 5873 1538 5946 Spiritus
1567 5873 1767 5934 Christi
1801 5879 1946 5934 testi-

2049 4670 2247 4753 legitu’r
2277 4697 2292 4736 :
2325 4702 2346 4734 ι
2367 4670 2422 4738 in
2449 4696 2609 4750 quem
2636 4670 3025 4753 concupiscunt
3058 4673 3232 4753 angeli
3263 4670 3624 4753 prospicere.)

2049 4741 2355 4808 Natandum
2390 4741 2533 4822 quod
2579 4750 2719 4817 apud
2741 4741 3058 4822 _Grazcos,_t
3086 4746 3137 4798 in
3172 4759 3314 4822 quae,
3342 4761 3368 4822 »Ι
3397 4741 3629 4822 legatur,

2049 4840 2156 4878 non
2195 4841 2214 4873 σ
2241 4825 2292 4877 in
2333 4812 2514 4894 quem.
2533 4839 2564 4894 _t
2602 4812 2674 4894 Et
2709 4819 2789 4894 sic
2836 4817 3148 4894 exponitur.
3191 4815 3248 4868 Si
3281 4812 3631 4894 quis-existi—

2050 4884 2478 4958 maverit,»’etc.
2523 4889 2769 4959 Conjicio
2815 4884 3021 4952 autem,
3057 4885 3337 4956 Didymum
3373 4884 3634 4959 dictasse,

2055 4981 2074 5014 ι
2105 4964 2157 5018 in
2183 4952 2333 5033 quae;
2359 4983 2377 5016 ι
2423 4952 2677 5017 Latinum
2718 4975 2850 5033 vero
2900 4952 3249 5026 interpretem
3274 4968 3367 5033 _ex
3402 4952 3630 5033 Vulgata

2059 5024 2415 5089 translatione
2458 5033 2719 5100 posuisse,
2756 5031 2848 5083 tin
2891 5024 3117 5100 quem};
3153 5042 3219 5080 ac
3256 5026 3324 5080 de
3352 5024 3633 5100 suo_addi-

2052 5105 2197 5158 disse
2240 5106 2404 5160 verba
2443 5095 2531 5157 illa
2559 5119 2571 5155 :
2606 5095 2934 5154 «notandum
2965 5098 3128 5167 quod,
3152 5116 3171 5148 ι
3204 5105 3333 5162 etc.,
3368 5105 3426 5150 ut
3460 5095 3631 5149 lector

2059 5175 2252 5228 melius
2287 5174 2611 5244 intelligeret
2638 5187 2761 5244 qum
2792 5168 3078 5244 subjungit
3101 5168 3377 5244 Didymus.

2125 5246 2238 5312 (85)
2281 5245 2362 5296 Ad
2395 5239 2712 5299 Corinthio—3.
2746 5243 2764 5295 Ι
2798 5239 2923 5297 Cor.
2959 5255 3019 5312 tt,
3059 5240 3147 5312 Μ.

2124 5307 2261 5386 (84).
2304 5315 2428 5380 Qui.
2462 5314 2781 5386 Romuvttt,
2811 5312 2904 5365 27.
2959 5311 3016 5364 S.
3046 5308 3458 5386 Augustinusin
3492 5307 3630 5386 libro

2052 5379 2237 5438 contra
2275 5379 2565 5438 sermonem
2599 5379 2942 5446 Arianormn,
2972 5397 3095 5450 cap.
3127 5381 3218 5444 “25,
3257 5381 3454 5434 vertit:
3488 5379 3632 5450 «_scit

2052 5457 2181 5524 quid
2217 5455 2450 5524 Spiritus
2484 5455 2718 5524 sapiat.)
2762 5446 3356 5524 Vulgatttsjinterprcs,
3397 5458 3452 5501 et
3503 5446 3632 5501 Hie-

2052 5519 2314 5596 ronymus
2348 5525 2401 5579 in
2439 5519 2650 5596 Didj'uti
2683 5523 2823 5578 libro
2838 5521 2916 5576 De
2945 5519 3091 5596 Spir.
3123 5529 3327 5596 sancto,
3364 5532 3628 5596 pro,_¢__sa-

2093 5587 2186 5659 iat',
2214 5616 2232 5648 ι
2267 5604 2505 5660 vertunt,
2540 5587 2576 5646 ἰ
2599 5595 2863 5648 desideret
2896 5611 2909 5647 :
2943 5611 2960 5644 ι
2988 5587 3074 5646 κείς
3108 5592 3253 5646 enim
3306 5587 3374 5642 iu'
3398 5603 3464 5660 eo
3492 5587 3630 5660 libro

2076 5657 2253 5737 egitur
2282 5682 2430 5720 num.
2458 5657 2526 5719 27
2559 5682 2584 5737 ε
2612 5682 2631 5715 ι
2654 5664 2754 5730 Qui
2784 5675 2962 5718 autem
3007 5671 3285 5737 scrutatur
3312 5659 3496 5737 corda,
3526 5657 3633 5710 scit

2054 5730 2186 5806 qu'id
2220 5739 2490 5792 desideret
2553 5735 2810 5803 Spiritus,
2844 5736 3112 5806 quomodo
3155 5730 3452 5806 [legendum
3479 5737 3627 5796 puto,

2057 5797 2338 5876 quoniam,
2383 5819 2437 5859 ut
2482 5797 2733 5872 scriptum
2762 5814 2836 5859 est
2864 5797 2923 5858 in
2983 5797 3389 5871 nostro'wdice]
3438 5813 3632 5854 scum-

2057 5875 2184 5935 tium
2215 5879 2381 5934 Deum
2414 5878 2648 5947 postulat
2682 5892 2776 5946 pro
2805 5875 3027 5930 sanctis.
3055 5891 3073 5923 ι
