4082 6452
406 426 514 484 543
1649 421 1890 479 ΒΙΒΥΜῙ
1929 422 2009 477 Al.

2118 422 2400 478 AEDRINI
3562 423 3668 479 ἂμ

407 553 502 597 sus
529 544 612 594 est
630 535 832 592 Filius.
867 535 976 592 Iste
1003 536 1147 590 enim
1178 538 1378 591 missus
1400 546 1487 593 est
1511 547 1571 591 ut
1605 538 1862 603 Verbum,
1894 537 1983 591 ille

2111 537 2180 590 τοῦ
2216 538 2453 608 Πατρὸς,
2490 537 2579 592 διὰ
2606 538 2667 592 τὸ
2694 538 2753 591 ἓν
2779 538 3010 607 θέλημα,
3031 535 3340 591 τὰτοιαῦτα
3374 540 3550 593 κεῖται
3574 542 3673 611 ῥή-

409 637 591 686 autem
633 638 691 682 ut
730 628 933 683 dictum
969 625 1102 698 (85),
1135 636 1193 682 et
1238 628 1475 697 Spiritus
1533 628 1644 682 Dei.
1696 625 1820 681 Ideo
1859 642 1987 682 vero

2111 644 2260 682 ιατα.
2292 628 2429 682 Οὔτε
2462 629 2573 701 γὰρ
2594 630 2799 699 ἀγνοεῖ,
2831 629 2864 699 ἢ
2893 628 3169 698 πέμπεται
3201 630 3278 694 ὼς
3309 630 3516 686 δοῦλον·
3545 632 3671 688 οῦτε

411 718 716 789 hujusmodi
755 734 915 775 voces
935 718 1188 772 adhibita:
1215 728 1364 782 sunt,
1406 727 1464 772 ut
1494 733 1614 788 qua:
1667 734 1697 773 a
1745 718 1983 783 Christo,

2111 721 2190 791 icp’
2217 720 2413 775 ἑαυτοῦ
2437 721 2607 787 λαλεῖ,
2643 722 2676 793 ἢ
2702 725 2866 788 ποιεῖ,
2898 722 2931 792 ἦ
2966 720 3180 794 ἔρχεται
3216 722 3294 785 ὼς
3314 722 3580 781 ἀντίθεον.

412 822 506 866 aut
535 827 566 865 a
599 811 802 881 Spiritu
832 820 1022 866 sancto
1042 810 1316 873 dicuntur,
1346 824 1408 864 ea
1441 811 1545 867 dici
1572 810 1735 880 etiam
1798 826 1830 865 a
1898 811 2061 866 Patre
2099 815 2450 870 noverimus:
2506 814 2648 883 quod
2704 829 2807 866 una
2855 815 2927 866 sit
2976 830 3163 869 eorum
3214 813 3483 869 voluntas.
3537 814 3673 868 Nam

413 915 586 970 neque
614 900 825 971 ignorat
850 898 1091 968 Spiritus
1113 907 1352 964 sanctus,
1388 916 1489 955 nec
1519 900 1753 954 mittitur
1783 909 1843 955 ut
1861 916 2052 958 servus
2085 902 2221 974 (86),
2249 918 2424 974 neque
2486 919 2518 959 a
2576 904 2866 974 semetipso
2919 914 3017 961 aut
3078 904 3336 974 loquitur,
3359 915 3454 960 aut
3478 922 3673 976 opera-

415 1004 523 1056 tur.
554 1003 648 1049 aut
677 993 826 1047 venit
851 993 1004 1061 quasi
1039 991 1134 1048 Dei
1168 993 1511 1049 adversarius
1542 993 1676 1065 (87).
2018 996 2019 1001 ‘

485 1105 626 1161 XVI.
664 1106 926 1162 Creatura
953 1121 1058 1161 non
1086 1105 1234 1161 videt
1270 1105 1437 1161 Deum
1473 1115 1529 1161 et
1563 1105 1778 1162 Patrem
1815 1106 1889 1163 ita
1914 1108 1994 1163 uti

2171 1104 2286 1174 ΚΓ.
2324 1105 2389 1159 Ἡ
2417 1104 2593 1170 κτίσις
2613 1104 2711 1176 οὐχ
2731 1105 2833 1177 ὁρᾷ
2852 1104 2943 1158 τὸν
2972 1103 3104 1158 Θεὸν
3135 1104 3231 1158 καὶ
3252 1105 3471 1177 Πατέρα
3500 1106 3676 1171 οὕτως

415 1204 533 1261 est;
569 1195 636 1251 ab
668 1197 835 1251 altera
865 1196 1010 1251 enim
1040 1203 1233 1250 natura
1255 1196 1375 1265 capi
1409 1195 1461 1251 id
1489 1210 1600 1251 non
1642 1205 1843 1266 potest,
1894 1212 1996 1255 nec

2111 1198 2174 1263 ii;
2210 1198 2356 1251 ἔστιν
2375 1214 2389 1228 ·
2423 1198 2587 1269 ἑτέρᾳ
2615 1198 2726 1269 γὰρ
2757 1196 2917 1267 φύσει
2936 1196 3095 1250 τοῦτο
3110 1195 3393 1269 ἀχώρητον
3417 1199 3510 1252 καὶ
3539 1198 3676 1254 ἀϐά-

415 1286 713 1342 sustineri:
775 1300 840 1342 ac
916 1286 984 1341 de
1040 1286 1153 1357 ipsa
1218 1285 1629 1358 intelligendum
1685 1294 1771 1342 est
1821 1286 1991 1343 illud:

2111 1309 2331 1347 πακτον
2361 1293 2616 1364 ὑπάρχει·
2651 1293 2746 1346 καὶ
2777 1291 2911 1363 πρὸς
2947 1292 3119 1363 αὐτὴν
3151 1293 3268 1345 ὲστι
3298 1292 3382 1357 τὸ,
3427 1312 3447 1345 ι
3489 1294 3677 1359 Οὐδεὶς

421 1375 635 1431 «Nemo
685 1376 797 1448 (88)
843 1376 1048 1431 videbit
1090 1375 1282 1432 faciem
1339 1392 1538 1439 meam,
1579 1386 1636 1431 et
1677 1378 1885 1434 vivet.»
1932 1376 1994 1433 In

2111 1384 2289 1454 ἂψεταί
2328 1401 2429 1456 μου
2452 1383 2513 1438 τὸ
2546 1384 2869 1455 πρόσωπον,
2900 1382 2995 1437 καὶ
3028 1383 3273 1455 ζήσεται.
3309 1403 3328 1436 ι
3366 1384 3433 1438 Ai
3458 1384 3514 1438 δὲ
3535 1387 3677 1457 Γρα-

421 1466 717 1537 Scripturis
749 1482 874 1523 vero
908 1467 1175 1523 interdum
1198 1468 1418 1538 quidem
1468 1467 1640 1524 Filius
1678 1468 1850 1535 solus,
1908 1468 1997 1523 in-

2111 1476 2199 1545 pal.
2235 1476 2485 1544 λέγουσι,
2546 1476 2679 1529 ποτὲ
2719 1475 2819 1547 μὲν
2855 1474 2948 1527 τὸν
2976 1473 3106 1528 Υίὺν
3142 1475 3321 1545 μόνον,
3368 1476 3497 1530 ποτὲ
3527 1476 3584 1530 δὲ
3613 1476 3677 1529 τὸ

421 1559 631 1613 terdum
662 1568 841 1613 autem
864 1558 1009 1613 solus
1042 1558 1277 1627 Spiritus
1310 1568 1531 1613 sanctus
1557 1558 1742 1614 videre
1769 1558 1992 1623 dicitur,

2111 1566 2254 1635 Ξγιον
2284 1566 2507 1638 Πνεῦμα
2551 1566 2708 1637 μόνον
2743 1566 2897 1637 ὁρᾷν,
2925 1564 2958 1636 ἢ
2988 1565 3181 1618 ειδέναι
3221 1567 3312 1621 τὸν
3337 1566 3469 1619 Θεὸν
3502 1568 3674 1620 Πατέ-

420 1653 516 1698 aut
540 1659 699 1699 nosse
726 1646 893 1701 Deum
914 1644 1161 1713 Patrem;
1192 1660 1257 1701 eo
1298 1646 1440 1715 quod
1492 1646 1546 1701 in
1573 1648 1781 1702 unitate
1812 1646 1997 1702 Deita-

2111 1675 2203 1731 ρα,
2241 1658 2428 1730 ἐπειδὴ
2459 1661 2518 1713 ὲν
2571 1658 2758 1730 μονάδι
2777 1658 3042 1729 Θεότητος
3070 1659 3105 1729 ἡ
3139 1657 3329 1730 Τριάς·
3367 1658 3444 1721 ὡς
3464 1659 3626 1728 ἠνίκα
3649 1663 3679 1713 6

424 1738 493 1792 tis
518 1737 591 1794 sit
637 1737 905 1793 Trinitas:
947 1748 1005 1793 ut
1061 1755 1183 1795 cum
1226 1740 1475 1795 Salvator
1532 1740 1673 1809 apud
1728 1738 1994 1795 Joannem

2111 1748 2297 1819 Σωτὴρ
2335 1748 2486 1820 παρὰ
2520 1749 2741 1821 Ἰωάννῃ
2787 1748 2971 1817 λέγει’
3017 1767 3036 1800 ι
3073 1749 3185 1819 Οὐχ
3224 1749 3307 1802 ὅτι
3340 1748 3432 1801 τὸν
3460 1750 3679 1821 Πατέρα

431 1828 549 1919 ait:
584 1846 604 1881 ι
637 1826 757 1886 Non
800 1831 927 1900 quia
956 1828 1067 1903 (89)
1108 1831 1325 1887 Patrem
1372 1831 1656 1900 quisquam
1697 1830 1853 1894 vidit,
1896 1832 1997 1887 nisi

2111 1856 2186 1902 τις
2212 1838 2474 1909 ἑώρακεν,
2507 1840 2555 1893 εἰ
2583 1839 2657 1910 μὴ
2676 1839 2706 1891 6
2735 1837 2811 1893 ῶν
2840 1840 2905 1892 ὲκ
2934 1838 3033 1919 τοῦ
3062 1837 3197 1892 Θεοῦ
3219 1856 3232 1869 ·
3255 1833 3412 1902 οὗτος
3465 1838 3679 1910 ἑώρακε

432 1916 481 1975 is
501 1920 703 1990 quiest
741 1934 808 1976 ex
853 1921 999 1977 Deo:
1051 1922 1139 1977 hic
1191 1922 1324 1976 vidit
1354 1921 1630 1975 Patrem.»
1689 1920 1784 1977 Est
1818 1930 1999 1975 autem

2111 1930 2194 1984 τὸν
2239 1930 2477 2002 Πατέρα.
2518 1948 2539 1983 ι
2595 1930 2750 1983 Ἔστι
2795 1930 2853 1983 δὲ
2896 1916 2960 1983 ὲκ
2993 1928 3087 1983 τοῦ
3109 1928 3246 1982 Θεοῦ
3279 1928 3419 1982 κατὰ
3457 1929 3619 1998 φύσιν
3650 1933 3681 1986 6

431 2023 502 2065 ex
530 2009 638 2065 Deo
668 2012 963 2066 secundum
991 2021 1240 2066 naturam
1274 2025 1397 2067 cum
1421 2009 1591 2065 Filius
1630 2023 1727 2079 per
1776 2023 2003 2079 genera-

2111 2020 2231 2084 Υἱὸς
2246 2017 2605 2096 γεννητικῶς,
2629 2019 2724 2072 καὶ
2739 2020 2800 2071 τὸ
2824 2017 2975 2088 ἆγιον
2997 2017 3220 2089 Πνεῦμα
3251 2018 3678 2090 ὲκπορευτικῶς.

432 2098 662 2167 tionem,
688 2108 804 2156 tum
832 2099 1067 2172 Spiritus
1094 2113 1314 2157 sanctus
1354 2116 1450 2172 per
1488 2102 1913 2171 processionem.
1939 2100 2004 2154 Et

2111 2111 2211 2164 Καὶ
2236 2109 2416 2164 πάλιν·
2459 2127 2480 2162 t
2521 2109 2654 2164 Οὐδὲ
2673 2109 2782 2180 γὰρ
2808 2110 2899 2164 τὸν
2930 2109 3149 2180 Πατέρα
3174 2127 3261 2173 τις
3304 2109 3679 2179 ἐπιγινώσκει,

425 2205 616 2248 rursus
642 2207 765 2248 cum
787 2193 902 2249 ait:
943 2210 963 2244 ι
992 2193 1100 2248 Nec
1121 2193 1265 2249 enim
1288 2192 1402 2263 (90)
1429 2190 1647 2248 Patrem
1678 2193 1804 2262 quis
1842 2193 1993 2247 novit

423 2281 527 2335 nisi
554 2281 739 2347 Filius,
795 2291 852 2337 et
886 2284 970 2337 cui
1020 2280 1189 2337 Filius
1236 2281 1576 2337 revelaverit.
1606 2300 1625 2333 ι
1669 2282 1737 2336 Ει
1782 2282 2001 2352 quando

424 2374 770 2442 peculiariter
818 2374 885 2430 de
937 2374 1141 2445 Spiritu
1197 2384 1388 2431 sancto
1431 2374 1520 2428 illa
1566 2373 1766 2431 Paulus
1809 2373 2003 2431 Coriu-

426 2468 554 2524 tbiis
579 2469 692 2539 (91)
735 2470 945 2538 scribit,
992 2485 1112 2541 quae
1153 2480 1312 2526 antea
1363 2471 1505 2526 dicta
1563 2481 1710 2526 sunt.
1755 2470 1823 2525 Et
1876 2485 2001 2525 cum

425 2560 594 2615 Isaias
622 2563 908 2632 prophetes
945 2563 1050 2617 ait:
1110 2583 1129 2616 ι
1160 2562 1394 2633 Spiritus
1436 2562 1548 2634 (92)
1594 2563 1900 2634 sapientiae,
1948 2572 2006 2618 et

426 2652 752 2721 intellectus,
822 2654 1054 2725 Spiritus
1118 2656 1378 2720 scientiae,
1426 2665 1480 2709 et
1519 2655 1758 2725 pietatis.
1795 2674 1815 2708 ι
1891 2653 2000 2710 Sed

425 2755 605 2804 nonne
628 2744 963 2812 a‘Matthmo,
1010 2746 1283 2814 inquiunt,
1330 2746 1593 2815 scriptum
1647 2755 1834 2802 estex
1875 2761 2003 2816 per-

427 2845 559 2886 sona
587 2830 911 2890 Salvatoris:
943 2854 961 2887 ι
987 2835 1179 2890 Videte
1192 2835 1312 2907 (95)
1337 2850 1404 2891 ne
1447 2836 1808 2892 contemnatis
1836 2850 2003 2891 unum

426 2938 493 2978 ex
524 2924 608 2979 bis
627 2925 839 2995 pusillis
861 2927 1013 2982 :dico
1037 2928 1182 2982 enim
1217 2928 1394 2994 vobis,
1418 2929 1562 2996 quod
1607 2926 1784 2997 angeli
1815 2940 2002 2982 eorum

428 3015 482 3070 in
505 3017 660 3072 ctelis
720 3032 933 3086 semper
964 3020 1150 3074 vident
1183 3019 1377 3075 faciem
1427 3018 1604 3073 Patris
1647 3018 1770 3083 mei,
1820 3018 1910 3087 qui
1950 3017 2004 3071 in

426 3109 580 3165 cmlis
606 3118 709 3165 est.
762 3129 783 3162 ο
820 3111 1031 3182 Utique.
1060 3111 1355 3179 Atvident,
1393 3111 1549 3181 171
1603 3126 1710 3167 non
1748 3121 2001 3182 quantus,

2102 2205 2150 2256 εί
2181 2204 2255 2275 μὴ
2278 2206 2307 2257 6
2334 2203 2483 2267 Υἱὸς,
2509 2194 2671 2270 καὶ
2703 2203 2798 2256 ἐὰν
2824 2204 2853 2256 6
2885 2202 3012 2265 Υίὸς
3030 2200 3374 2274 ἀποκαλύψῃ.
3413 2221 3432 2253 ι
3460 2201 3568 2255 Καὶ
3602 2202 3682 2264 ὡς

2101 2296 2230 2349 ὅταν
2263 2295 2444 2360 ίδικῶς
2466 2294 2706 2366 περὶτοῦ
2734 2294 2889 2362 ἁγίου
2911 2292 3048 2347 Πνεύ
3058 2311 3244 2365 ματος,
3262 2294 3337 2358 ῶς
3356 2291 3678 2367 προελέχθη,

2102 2386 2317 2452 Παῦλος
2353 2387 2662 2460 Κορινθίοις
2698 2387 2922 2458 γράφει..
2957 2386 3068 2439 Καὶ
3091 2384 3167 2449 ῶς
3198 2386 3422 2448 Ἡσαΐας
3463 2401 3680 2457 προφη-

2100 2475 2268 2529 τεύειο
2310 2496 2328 2527 ι
2362 2474 2586 2546 Πνεῦμα
2620 2474 2812 2545 σοφίας
2842 2474 2938 2529 καὶ
2967 2474 3252 2539 συνέσεως,
3283 2473 3507 2544 Πνεῦμα
3538 2473 3683 2543 γνώ-

2105 2586 2241 2633 σεως
2279 2569 2374 2622 καὶ
2426 2567 2727 2631 εὐσεϐείας.
2774 2585 2795 2619 ι
2829 2567 2906 2621 Οὐ
2958 2566 3269 2638 γέγραπται
3322 2560 3452 2628 οὖν,
3522 2565 3711 2634 φησὶ,.

2104 2660 2364 2731 Ματθαίῳ
2399 2660 2507 2713 ἀπὸ
2535 2657 2630 2713 τοῦ
2660 2658 2931 2729 Σωτῆρος,
2967 2675 2985 2709 ι
3042 2658 3259 2729 Ὁρᾶτε,
3298 2656 3372 2728 μὴ
3412 2670 3686 2726 καταφρο-

2103 2750 2305 2821 νήσητε
2343 2747 2463 2811 ἑνὸς
2504 2747 2611 2802 τῶν
2659 2747 2868 2818 μικρῶν
2904 2748 3108 2800 τούτων
3132 2762 3147 2776 ο
3187 2745 3330 2814 λέγω
3368 2745 3477 2814 γὰρ
3528 2743 3680 2814 ὑμῖν,

2103 2841 2185 2896 ὃτι
2209 2843 2256 2894 oi
2290 2839 2512 2910 ἄγγελοι
2533 2839 2712 2894 αὐτῶν
2735 2840 2793 2891 ὲν
2825 2839 3074 2910 οὐρανοῖς
3094 2836 3183 2891 διὰ
3212 2835 3412 2899 παντὸς
3452 2834 3682 2905 βλέπου-

2109 2949 2162 2985 σι
2205 2931 2268 2985 τὸ
2305 2930 2595 3002 πρόσωπον
2630 2930 2727 2984 τοῦ
2753 2929 2969 3000 Πατρός
3004 2945 3107 2998 μου
3132 2925 3225 2982 τοῦ
3258 2929 3316 2980 ἐν
3335 2927 3621 2997 οὐρανοῖς;
3658 2944 3677 2977 ι

2104 3020 2229 3074 Ναί·
2265 3020 2403 3075 ἀλλὰ
2435 3021 2746 3092 βλέπουσιν,
2776 3022 2876 3090 οὐχ
2907 3021 3030 3084 ὅσος
3054 3020 3149 3073 καὶ
3180 3014 3291 3088 οἷός
3320 3018 3409 3091 [77
3442 3017 3497 3089 α]
3535 3019 3685 3069 ἐστιν

2107 3115 2135 3168 6
2159 3112 2313 3179 Θεὸς,
2334 3113 2469 3167 ἀλλὰ
2490 3113 2611 3167 καθ’
2649 3115 2773 3166 ὅσον
2820 3112 2973 3166 αὐτοὶ
3010 3110 3298 3183 χωροῦσιν.
3337 3112 3394 3164 Ὁ
3424 3111 3481 3163 δὲ
3518 3111 3686 3164 Μονο-

427 3211 484 3257 et
535 3202 712 3271 qualis
767 3210 850 3258 est
901 3206 1064 3268 Deus,
1124 3205 1217 3260 sed
1277 3214 1537 3274 quantum
1608 3203 1707 3273 ipsi
1773 3218 2004 3273 capaces

2111 3205 2272 3277 γενὴς
2297 3206 2391 3259 καὶ
2420 3205 2482 3258 τὸ
2516 3204 2670 3274 ἅγιον
2702 3203 2923 3275 Πνεῦμα
2942 3244 2958 3270 ,
2988 3202 3075 3257 διὰ
3104 3204 3166 3256 τὸ
3203 3203 3397 3256 ταυτὸν
3442 3204 3537 3272 τῆς
3573 3199 3688 3253 θεό-

430 3301 560 3347 sunt
617 3290 753 3362 (94).
790 3291 1107 3362 Unigenitus
1157 3303 1337 3348 autem
1372 3300 1427 3347 et
1486 3290 1721 3362 Spiritus
1757 3303 2001 3356 sanctus,

431 3379 504 3435 ob
525 3380 858 3438 identitatem
887 3385 1122 3451 deitatis,
1165 3385 1353 3440 vident
1388 3384 1462 3439 ita
1492 3384 1569 3439 uti
1611 3394 1694 3439 est
1731 3384 2005 3454 quantita-

434 3473 506 3529 tis
529 3482 584 3529 et
614 3472 799 3529 formae
819 3490 1015 3545 expers
1044 3477 1206 3532 Deus.
1308 3518 1311 3521 -

509 3559 671 3615 XVII.
709 3561 971 3617 Creatura
1013 3563 1293 3619 rationalis
1325 3577 1447 3618 cum
1490 3561 1894 3619 renovationem
1952 3569 2013 3618 et

437 3651 782 3724 adoptionem
811 3653 1186 3723 consequitur,
1208 3654 1353 3708 illam
1382 3654 1532 3710 hisce
1554 3654 1707 3708 donis
1761 3652 2008 3722 omnipo-

435 3754 557 3800 tens
578 3747 749 3817 gratia
782 3745 1014 3816 Spiritus
1036 3746 1212 3802 sancti
1239 3747 1456 3818 dignam
1488 3745 1617 3802 facit
1645 3765 1661 3813 ;
1712 3746 1835 3816 quia
1895 3761 2004 3800 non

437 3844 688 3890 creatura
719 3835 765 3892 is
793 3844 896 3899 est,
924 3837 1018 3892 sed
1045 3835 1207 3902 Deus,
1239 3834 1416 3906 qualis
1448 3836 1539 3891 ille
1585 3846 1669 3891 est
1699 3874 1715 3901 ,
1767 3835 1856 3905 qui
1902 3833 2010 3904 pri-

435 3941 582 3981 mum
602 3941 720 3981 eam
753 3912 979 3984 creavit.

507 4015 693 4075 XVIII.
727 4018 991 4086 Quaelibet
1014 4027 1266 4075 creatura
1296 4033 1417 4075 cum
1441 4016 1693 4083 visibilis,
1747 4023 1862 4072 tum
1918 4016 2009 4072 in-

436 4110 688 4180 visibilis,
714 4111 940 4169 laudare
966 4121 1022 4169 et
1043 4110 1447 4182 superexaltare
1479 4109 1645 4164 Deum
1696 4108 1752 4165 in
1807 4108 2007 4164 sarcula

509 4314 621 4439 (85)
660 4313 936 4399 Dictum...
984 4312 1097 4393 Dei.
1145 4311 1280 4368 Vide
1308 4311 1556 4381 superius
1589 4310 1840 4381 paginam
1873 4308 1995 4393 117..

540 4389 655 4439 ibro
684 4393 848 4439 etiam
875 4384 952 4438 De
985 4383 1129 4439 Smr.
1166 4393 1348 4438 sancto
1378 4398 1527 4436 num.
1563 4380 1634 4434 28
1657 4390 1713 4435 et
1737 4380 1808 4437 29
1837 4378 1995 4439 Sutri-

436 4384 495 4442 lu
519 4378 655 4441 libro
684 4386 848 4439 etiam
875 4384 952 4438 De
985 4383 1129 4452 Spir.
1166 4393 1348 4438 sancto
1375 4378 1527 4436 num.
1563 4378 1634 4434 28
1657 4378 1713 4435 et
1737 4380 1808 4437 29
1837 4378 2013 4449 Spiri-

442 4464 848 4531 tu_m_sanctum
897 4463 1057 4531 vocat
1091 4472 1125 4531 _¢
1147 4466 1455 4510 sermonem
1509 4451 1780 4531 Dei,‘i.ni
1828 4449 2007 4531 fallor.

447 4544 466 4579 ι
488 4523 655 4581 Isaias
683 4539 919 4596 quoque,
955 4524 1149 4596 inquit,
1184 4539 1304 4596 cum
1333 4536 1584 4596 sermone
1616 4521 1724 4596 Dei_
1744 4520 2009 4596 impulsus

444 4596 512 4649 ad
552 4585 985 4675 pyoplietainlum
1019 4585 1524 4675 fuisset,mSpiri.tusI
1551 4585 2008 4675 sanc_ti"irfiperio
2041 4590 2086 4644 D
2113 4585 2498 4675 1611:265ng

443 4650 792 4747 proptbe‘iasse
818 4665 1192 4747 perhibetur.)
1217 4650 1452 4747 'Ubijir
1475 4650 1695 4742 clariss.’
1719 4650 2015 4747 Vallarsius

443 4731 821 4804 conjicitApro,
858 4753 878 4787 ι
904 4732 1139 4804 Spiritus
1187 4732 1363 4787 sancti
1405 4732 1649 4804 imperio,
1671 4749 1691 4782 ι
1728 4731 2012 4804 legendum

445 4800 586 4871 esse,
627 4821 647 4854 ι
678 4801 914 4871 Spiritus
939 4800 1162 4858 sanctus
1188 4817 1282 4870 per
1307 4816 1451 4857 eum.
1481 4819 1501 4853 ι
1534 4800 1645 4870 Ego
1676 4800 1882 4871 codicis
1911 4816 2010 4855 no-

445 4873 549 4928 stri
573 4869 873 4927 lectionem
914 4884 1129 4929 secutus
1168 4869 1311 4937 sum,
1360 4873 1451 4942 qui
1500 4869 1698 4926 habet:
1730 4887 1750 4921 ι
1781 4869 2017 4940 Spiritus

448 4943 619 5012 sancti
654 4942 901 5012 imperio.
922 4961 942 4994 ι

518 5011 631 5094 (80)
660 5009 984 5094 (“sergium
1014 5010 1125 5094 “De.
1150 5009 1614 5094 _missiotie_.it‘ili.i‘.
1652 5025 1742 5094 lac.
1782 5009 2020 5094 Spiritus

446 5079 1051 5137 sanctisimiliadictavit
1067 5080 1321 5149 Didymus
1353 5082 1404 5134 in
1432 5080 1527 5134 lib.
1552 5080 1627 5133 De
1645 5079 1793 5149 Spir.
1812 5079 2017 5149 sancto,

450 5167 600 5206 num.
633 5150 725 5215 25,
755 5152 844 5215 26,
874 5150 944 5206 50
965 5162 1020 5205 et
1043 5152 1132 5207 51.
1165 5150 1238 5204 lbi
1266 5151 1410 5204 enim
1433 5151 1705 5219 copiosius
1734 5153 1801 5205 de
1828 5152 1927 5207 hac
1954 5167 2014 5205 re

448 5223 578 5291 agit.
622 5221 697 5275 lta
739 5237 888 5274 num.
935 5221 1007 5275 30
1049 5222 1124 5274 ait
1168 5236 1183 5273 :
1227 5221 1464 5291 «(Missus
1506 5234 1535 5272 a
1579 5219 1737 5274 Patre
1783 5219 2019 5287 Spiritus

449 5288 684 5353 sanctus,
720 5306 836 5360 non,
851 5305 1058 5353 servus,
1084 5304 1189 5360 non
1220 5289 1357 5345 alius
1386 5288 1604 5360 (rectius
1623 5291 1787 5360 eodem
1811 5300 2018 5345 noster:

451 5376 564 5432 non,
585 5359 875 5432 alienus],
896 5374 994 5415 nec
1027 5358 1329 5432 disiunctus
1362 5358 1408 5413 εἰ
1426 5358 1562 5432 Filio
1596 5359 1953 5432 intelligatur.
1989 5377 2008 5410 ι

521 5429 634 5502 (87)
673 5429 768 5502 Dei
808 5427 1184 5502 adversarius;
1205 5427 1338 5496 Vel,
1362 5429 1675 5502 ‘semidcus.
1719 5427 2021 5502 Utrumque

447 5496 782 5557 eniin'valet
836 5514 981 5562 vox,
1038 5496 1301 5562 ἀντίθεος.
1358 5498 1553 5552 Prima:
1607 5496 2022 5567 significationis

449 5568 755 5639 exemplum
817 5569 973 5623 nobis
1034 5567 2020 5639 praebet_Christianus__illegpoeta,

451 5635 626 5710 quem‘
668 5640 899 5710 lrengeus
938 5638 993 5691 in
1036 5635 1210 5705 'primi
1256 5636 1378 5691 libri
1417 5651 1535 5704 cap.
1590 5635 1680 5710 15,
1728 5655 1748 5689 ι
1776 5637 2021 5691 divinum

453 5708 661 5775 senem,
691 5708 1038 5776 xeritatisque
1062 5719 1364 5776 prmconem
1390 5724 1410 5758 ι
1443 5715 1620 5772 vocat,
1650 5709 1789 5762 ineo
1823 5720 2018 5761 versu:

532 5840 729 5910 Ἔχων
759 5857 834 5896 σε
871 5842 1206 5911 πρόδρομον
1247 5841 1521 5905 ἀντιθέου
1560 5842 1948 5910 πανουργίας.

2107 3314 2303 3368 τητος,
2338 3295 2537 3367 ὁρῶσιν
2571 3296 2742 3360 οὕτως
2780 3295 2855 3359 ὡς
2874 3294 3020 3349 ἔστιν
3053 3296 3083 3348 6
3121 3293 3399 3366 ἀμεγέθης
3430 3293 3525 3346 καὶ
3548 3291 3688 3344 ἀνεξ-

2108 3386 2227 3452 δεος
2250 3385 2401 3450 Θεός.

2179 3560 2276 3615 1Ζ’.
2323 3558 2388 3613 Ἥ
2424 3559 2599 3623 κτίσις
2635 3561 2668 3630 ἡ
2717 3556 2929 3628 λογικὴ,
2969 3557 3098 3610 ὅταν
3136 3554 3264 3621 ἀξία
3303 3553 3525 3625 γένηται
3555 3553 3688 3607 ἀνα-

2110 3651 2399 3724 καινισμοῦ
2446 3652 2540 3706 καὶ
2580 3648 2884 3713 υἱοθεσίας,
2923 3648 3028 3701 ὑπὸ
3063 3650 3161 3718 τῆς
3200 3642 3544 3716 πανδυνὰμου
3590 3643 3688 3715 χά-

2113 3764 2260 3820 ριτος
2289 3744 2382 3799 τοῦ
2415 3744 2571 3814 ἁγίου
2603 3743 2921 3813 Πνεύματος
2950 3740 3154 3794 τούτων
3196 3736 3434 3805 ἀξιοῦται
3453 3751 3468 3765 ·
3500 3735 3687 3805 ἐπειδὴ

2113 3838 2174 3890 οὐ
2211 3835 2437 3907 κτίσμα,
2485 3834 2623 3888 ἀλλὰ
2664 3834 2795 3899 Θεὸς
2849 3832 3113 3905 ὑπάρχει,
3157 3826 3266 3893 οἷος
3313 3831 3343 3882 6
3382 3826 3573 3891 κτίσας
3625 3825 3689 3879 τὺ

2115 3924 2352 3996 πρῶτον.

2184 4017 2291 4071 IH’.
2337 4013 2399 4069 Ἦ
2430 4013 2606 4077 κτίσις
2632 4014 2801 4075 πᾶσα,
2831 4011 3001 4084 ὁρατὴ
3030 4011 3125 4065 καὶ
3153 4010 3403 4082 ἀόρατος,
3428 4004 3687 4077 ὀνομαστὶ

2115 4106 2508 4177 προστάττεται
2538 4102 2644 4157 ὑπὸ
2667 4102 2775 4157 τῶν
2807 4101 2972 4174 τριῶν
3010 4100 3216 4155 παίδων
3253 4099 3487 4164 Ἀνανία,
3533 4096 3688 4162 ’Δζαο

2114 4307 2352 4376 Alterius
2383 4305 2647 4363 Pindarus
2676 4304 2731 4376 in
2770 4303 2983 4376 ΡεμίιίξςΔ
3003 4303 3094 4376 9d.
3136 4303 3172 4358 5
3213 4311 3267 4360 et
3294 4301 3349 4369 4,
3398 4298 3687 4365 Homerus,

2120 4379 2232 4433 alii.
2266 4374 2402 4432 Vide
2430 4391 2602 4443 segni.
2633 4374 2738 4429 182
2769 4372 2833 4439 α,
2850 4384 2905 4429 et
2923 4372 3025 4427 186
3053 4390 3106 4426 a.

2185 4447 2298 4518 (88)
2340 4439 2530 4501 Nemo.
2574 4445 2752 4518 Exod.
2783 4459 3006 4518 ⁸ιιιιιιι-ι,
3067 4441 3157 4518 20.
3226 4439 3366 4518 {litat
3412 4453 3636 4518 sepsum
3671 4457 3686 4492 :

2113 4508 2300 4573 Grieca
2333 4518 2477 4571 enim
2504 4516 2668 4570 editio
2711 4513 2908 4584 habet:
2939 4513 3013 4567 Οὐ
3049 4512 3156 4582 γὰρ
3188 4510 3264 4584 μὴ
3293 4510 3379 4582 ἴδῃ
3403 4508 3691 4581 ἄνθρωπος

2533 4602 2659 4657 μου,
2686 4584 2785 4657 καὶ
2818 4583 3063 4657 ζήσεται.

2185 4648 2305 4738 (89)
2350 4656 2471 4737 (Vim
2499 4648 2651 4738 quia.
2680 4648 2951 4738 60:10:“:
2979 4653 3069 4708 46.
3101 4651 3290 4708 Graaca
3319 4650 3505 4716 editio,
3539 4648 3690 4720 παρὰ

2120 4722 2213 4780 τοῦ
2245 4722 2401 4785 Θεοῦ.
2444 4722 2559 4794 pro,
2598 4726 2663 4777 ὲκ
2688 4723 2786 4777 τοῦ
2816 4722 2972 4777 Θεοῦ.

2193 4796 2304 4863 (90)
2336 4788 2459 4850 Ναί
2475 4788 2633 4850 enim.
2662 4794 2852 4863 Matth.
2887 4809 2964 4855 xi,
2990 4792 3077 4854 27,
3112 4798 3168 4863 et
3188 4788 3319 4843 Luc.
3354 4788 3693 4863 x,_22..Sen-

2121 4858 2239 4921 sum
2278 4858 2430 4931 citat,
2472 4880 2577 4920 non
2598 4867 2782 4919 verba.
2812 4862 2942 4917 Vide
2991 4873 3103 4916 not.
3138 4861 3227 4925 '70,
3266 4875 3386 4930 pag.
3412 4859 3500 4931 72.
3524 4858 3693 4931 Caete-

2122 4952 2241 4991 rum
2295 4935 2353 4990 S.
2399 4928 2565 4991 etiam
2605 4933 3024 4997 Athanasiusﬁin
3066 4928 3318 4985 sermone
3365 4930 3558 4997 majori
3612 4928 3690 4981 De

2118 5007 2244 5075 ﬁde,
2276 5021 2424 5059 num.
2468 5004 2560 5069 28,
2594 5005 2715 5075 legit
2739 5020 2755 5058 :
2778 5003 2887 5075 Καὶ
2929 4994 2974 5070 ᾧ
3009 5001 3104 5055 ἐὰν
3132 5001 3160 5054 6
3187 4994 3691 5075 Yi6;_dmoita.liitlrn.

2193 5068 2308 5146 (91)
2347 5068 2671 5146 Corinthiis;
2684 5075 2780 5143 Ep.
2818 5072 2858 5136 I,
2881 5068 3011 5146 cap.
3039 5087 3099 5136 ιι,
3127 5084 3272 5127 vers.
3307 5068 3398 5125 11.

2193 5093 2275 5146 (vl
2347 5093 2656 5130 Lortntmts.
2684 5093 2780 5143 np.
2818 5093 2858 5136 I,
2885 5093 2930 5127 c:

2216 5146 2283 5199 9:2
2347 5147 2597 5206 Spiritus.
2628 5143 2733 5198 lsa.
2766 5158 2843 5208 xl,
2874 5142 2930 5196 2.

2216 5216 2286 5270 95
2359 5212 2556 5268 Videte.
2587 5213 2776 5267 Matth.
2807 5228 2930 5267 xvm

2216 5286 2307 5356 96)
2345 5283 2573 5356 Capaces
2594 5283 2930 5356 sunt._Didyn

2359 5212 2556 5268 Videte.
2587 5213 2776 5267 Matth.
2807 5228 2959 5277 xvm,
2997 5210 3085 5264 10.

2216 5277 2307 5356 96)
2345 5283 2573 5356 Capaces
2594 5283 3041 5356 sunt._Didymum
3076 5281 3143 5356 de
3165 5277 3394 5356 visione,
3420 5292 3524 5346 qua
3554 5277 3694 5330 Deus

2123 5372 2152 5410 a
2182 5348 2350 5410 beaiis
2376 5348 3205 5426 nientibusji-deturrectissime
3227 5348 3499 5426 sensisse,
3528 5362 3692 5426 appa-

2123 5438 2207 5481 ret
2229 5435 2338 5478 tuui
2364 5437 2431 5476 ex
2461 5425 2581 5488 hoc,
2603 5420 2830 5490 aliisque
2854 5420 3118 5490 similibus
3140 5419 3280 5490 locis
3306 5431 3337 5469 a
3370 5431 3456 5469 me
3484 5417 3536 5470 in
3570 5416 3697 5490 Epi-

2122 5496 2257 5549 stola
2270 5487 2660 5564 ad;Archint;um
2673 5487 2945 5559 praesulem
2972 5487 3381 5564 allatis_(infra),
3410 5495 3520 5564 tum
3534 5488 3694 5564 etiam

2122 5580 2189 5620 ex
2221 5566 2307 5628 iis,
2330 5579 2448 5632 quae
2471 5566 2524 5635 is
2548 5555 3437 5635 dictavitenarrationeinprimam
3475 5555 3697 5635 Joannis

2124 5635 2191 5688 ad
2249 5627 2314 5688 ea
2347 5627 2672 5702 capitis)!"
2721 5631 2918 5695 verba,
2974 5627 3348 5702 «Videbimus
3403 5640 3534 5702 eum
3595 5627 3701 5677 sic-

2123 5707 2199 5759 ιιιί
2238 5713 2341 5766 est,
2389 5720 2409 5753 ι
2435 5693 2508 5757 ἐι
2535 5700 2639 5757 alia
2675 5715 2793 5772 cap.
2834 5693 2929 5755 iv:
2968 5717 2988 5751 ι
3023 5697 3191 5753 Deum
3230 5710 3387 5751 neuio
3432 5693 3562 5748 vidit
3600 5707 3701 5747 un-

2125 5789 2302 5846 quam.
2338 5789 2355 5824 ι
