4082 6414
372 396 481 452 545

1407 396 1497 452 DE
1533 397 1910 453 TRINITATE
1938 396 2142 453 LIBER
2181 400 2561 459 SECUNDUS.

3535 400 3638 461 556

377 512 489 585 ρία,
534 511 629 564 καὶ
664 508 905 582 Μισαὴλ,
947 511 1006 563 ἐν
1043 511 1107 581 τῇ
1144 508 1459 582 Βαϐυλωνίᾳ
1514 510 1732 581 καμίνῳ
1771 512 1955 564 ἀποτε-

2080 512 2398 567 nominatim
2428 514 2543 585 (95)
2564 513 2785 583 jubetnr
2817 515 2935 587 (96)
2971 530 3001 569 a
3039 517 3210 572 tribus
3265 519 3449 588 pueris
3489 520 3639 574 Anna

375 601 599 665 θέντων,
646 600 835 669 ὑμνεῖν
887 600 982 653 καὶ¹
1029 599 1342 671 ὑπερυψοῦν
1392 599 1485 654 τὸν
1536 599 1669 653 Θεὸν
1716 601 1796 662 εἰς
1834 599 1959 661 τοὺς

374 692 580 755 αἰῶνας
602 708 616 722 ·
646 690 726 744 ἔτι
752 691 807 744 δὲ
833 690 927 743 καὶ
950 691 1019 743 τά
1047 690 1328 762 Χερουϐὶμ
1355 691 1450 744 καὶ
1476 690 1504 741 ὁ
1545 689 1723 754 θεῖκὸς
1749 690 1957 761 θρόνος,

371 783 434 847 ὃς
479 782 715 836 ἐνταῦθα
749 784 951 835 νοεῖται
986 780 1055 835 τά
1102 782 1372 852 Σεραφὶμ,
1419 781 1650 847 δοξάζει,
1697 781 1792 835 ἅτε
1830 782 1961 835 ὄντα

372 875 470 928 καὶ
506 873 646 926 αὑτά
686 872 850 944 μέρος
873 872 973 943 τῆς
998 872 1247 935 κτίσεως.
1281 874 1531 941 Ἕφασαν
1550 873 1661 945 γάρ
1693 874 1743 926 οἰ
1766 872 1920 927 αὐτοί
1942 889 1956 904 ο

382 986 400 1018 ι
426 964 802 1035 Εὐλογημένος
827 960 896 1027 εἷ,
923 966 952 1017 ὁ
988 962 1294 1034 καθήμενος
1326 965 1420 1017 ἐπὶ
1453 965 1562 1018 τῶν
1590 963 1901 1037 Χερουϐίμ·
1935 985 1954 1017 ι

379 1057 475 1111 καὶ
497 1055 673 1119 πάλιν,
696 1054 818 1108 ἀντὶ
840 1053 934 1107 τοῦ
961 1053 1332 1125 μνημονεῦσαι
1359 1054 1466 1109 τῶν
1490 1056 1741 1127 Σεραφίμ
1763 1072 1776 1084 ·
1807 1073 1826 1106 ι
1850 1055 1960 1109 Καὶ

382 1147 738 1218 εὐλογημένος
789 1140 840 1198 εἴ
889 1145 982 1198 ἐπὶ
1034 1143 1221 1217 θρόνου
1257 1147 1358 1217 τῆς
1392 1146 1673 1218 βασιλείας
1717 1166 1830 1208 σου,
1865 1148 1960 1202 καὶ

384 1240 777 1312 ύπερύμνητος,
814 1238 909 1292 καὶ
941 1238 1388 1310 ὑπερυψούμενος
1422 1241 1503 1305 εἰς
1531 1241 1658 1304 τοὺς
1689 1240 1909 1305 αἰῶνας.
1933 1261 1952 1294 ι

394 1333 616 1404 Ὁμοίως
650 1332 743 1385 καὶ
775 1330 880 1384 ὑπὸ
929 1329 1023 1384 τοῦ
1056 1328 1241 1395 Δαυῖδ,
1281 1332 1671 1404 ἐνεργουμένου
1725 1334 1830 1387 ὑπὸ
1866 1333 1958 1387 τοῦ

378 1421 531 1488 ἁγίου
564 1418 902 1489 Πνεύματος,
931 1421 989 1472 ὲν
1015 1419 1096 1491 ρβ¹
1134 1420 1227 1473 καὶ
1263 1422 1321 1474 ὲν
1359 1429 1484 1493 ρμη¹
1525 1422 1743 1494 ψαλμῷ,
1783 1442 1961 1496 παρα-

374 1510 650 1565 κελεύεται
705 1510 739 1581 ἡ
786 1510 966 1574 κτίσις
1002 1512 1173 1565 αἰνεῖν
1220 1511 1312 1565 τὸν
1359 1513 1589 1586 Κύριον,
1626 1513 1698 1568 Τὸ
1726 1515 1781 1568 δὲ
1805 1514 1956 1584 ἅγιον

373 1602 615 1673 Πνεῦμα,
647 1603 721 1666 ὡς
746 1603 839 1656 καὶ
873 1604 902 1656 ό
935 1602 1086 1668 Υἰὸς,
1122 1604 1184 1657 οὐ
1228 1605 1707 1676 συνεμνημονεύθη
1729 1623 1742 1636 ·
1773 1607 1957 1678 ἐπειδὴ

374 1696 469 1748 καὶ
511 1694 664 1757 αὐτὸ,
704 1694 765 1748 ού
803 1693 1221 1767 δημιούργημα,
1268 1695 1405 1750 ἀλλὰ
1440 1695 1802 1767 δημιουργός·
1839 1696 1959 1750 οὐδὲ

320 1778 323 1779 ν
370 1787 479 1840 τῶν
537 1785 847 1856 ὑμνούντων
868 1826 882 1850 ,
941 1785 1079 1840 ἀλλά
1136 1786 1246 1840 τῶν
1302 1787 1659 1859 ὑμνουμένων
1719 1788 1813 1842 καὶ⁸
1865 1789 1956 1841 ὑπ’

370 1879 548 1933 αὐτῶν
590 1880 702 1933 τῶν
754 1880 1001 1952 Σεραφίμ
1038 1882 1190 1948 ἐστι,
1251 1881 1359 1935 τῶν
1414 1882 1513 1936 σὺν
1576 1880 1758 1952 πολλῷ
1811 1881 1961 1953 φόϐῳ

372 1966 750 2038 περιεστώτων
812 1967 874 2021 τὸ
931 1967 1112 2023 θεῖκὺν
1164 1969 1314 2041 βῆμα
1339 2010 1354 2033 ,
1407 1971 1503 2024 καὶ
1560 1970 1963 2039 συγκαλυπτόν-

367 2076 476 2113 των
502 2061 622 2122 ταῖς
669 2059 925 2131 πτέρυξιν
955 2061 1145 2123 ἑαυτὰ.
1172 2062 1267 2114 καὶ
1303 2060 1595 2132 ἀμοιϐαδὸν
1638 2063 1961 2131 ἀνταναφω-

368 2150 601 2204 νούντων
631 2152 910 2223 ἀσιγήτοις
940 2152 1194 2222 στόμασι,
1228 2154 1323 2206 καὶ
1348 2154 1757 2225 ἀκαταπαύστῳ
1784 2156 1957 2225 φωνῇ,

367 2242 549 2314 τρίτον
574 2282 589 2307 ,
630 2242 838 2312 Ἀγιος,
893 2244 982 2299 διὰ
1034 2243 1134 2308 τὰς
1184 2247 1334 2315 τρεῖς
1371 2245 1735 2308 ὑποστάσεις·
1787 2244 1956 2312 ἅπαξ,

368 2333 612 2406 Κύριος,
659 2334 747 2388 διά
791 2335 892 2406 τὴν
940 2336 1069 2406 μίαν
1110 2337 1438 2409 κυριότητα’
1525 2336 1636 2409 [77
1691 2335 1761 2409 [ι]
1814 2336 1960 2410 ἆπερ

366 2426 448 2479 ὅτι
490 2424 725 2496 μάλιστα
761 2426 1002 2480 δείκνυσι
1043 2426 1142 2499 τὴν
1187 2427 1421 2500 θεότητα
1456 2428 1552 2482 τοῦ
1599 2430 1955 2501 πανυμνὴτου

368 2516 706 2588 Πνεύματος.
738 2518 1131 2573 Μακεδονίανοὶ
1157 2520 1235 2586 δὲ,
1271 2520 1688 2593 φυλαττόμενοι.
1724 2522 1817 2576 καὶ
1846 2518 1958 2576 οἷον

366 2610 683 2674 δεδοικότες.
740 2610 813 2682 μὴ
870 2612 999 2683 περὶ
1046 2610 1211 2665 αὑτοῦ
1266 2612 1299 2683 ἢ
1333 2613 1680 2685 προσήκοντά
1716 2630 1846 2667 ποτε
1871 2614 1959 2668 λέ-

366 2717 554 2769 γοντες
573 2700 830 2772 ὀφθῶσιν,
858 2701 891 2773 ῆ
921 2702 1214 2774 άπρόσηκα
1239 2703 1530 2776 προέμενοι
1553 2704 1810 2769 λάθωσιν,
1838 2707 1958 2759 ἐπι-

367 2790 662 2858 ϐαίνουσιν,
698 2792 825 2848 ἄνευ
861 2793 1019 2865 δίκης
1055 2795 1272 2857 ἑαυτοῖς
1307 2794 1718 2868 ἐπιτρέποντες,
1752 2798 1846 2851 καὶ
1879 2796 1957 2869 τῷ

368 2882 646 2955 κεφαλαίῳ
680 2883 847 2954 τῷδε,
885 2885 1026 2938 ὅπλα
1090 2885 1408 2940 παντοδαπά
1461 2886 1765 2952 κινοῦντες.
1830 2890 1958 2955 τοὺς

368 2974 702 3039 ἀκολάστους
737 2975 952 3045 λόγους,
1002 2972 1098 3032 καὶ
1137 2978 1436 3046 φάσκοντες
1476 2980 1952 3051 συναρπακτικῶς.

368 3066 700 3138 Γέγραπται,
746 3068 910 3139 φησίν
938 3085 954 3101 ο
1006 3088 1024 3120 ι
1062 3069 1271 3123 Αἰνεῖτε
1309 3069 1400 3125 τὸν
1439 3070 1669 3143 Κύριον,
1708 3073 1792 3126 ὅτι
1824 3074 1955 3141 ἀγα-

369 3158 460 3212 θὸν
496 3159 705 3231 ψαλμός
724 3177 739 3191 ⁶
768 3161 846 3232 τῷ
870 3160 990 3233 Θεῷ
1018 3161 1269 3233 ἡδυνθείη
1305 3162 1511 3229 αίνεσις
1529 3181 1576 3217 ἰ
1608 3165 1723 3232 καὶ,
1751 3185 1770 3217 ι
1794 3166 1955 3234 Ἀγα-

370 3250 461 3305 θὸν
495 3252 554 3305 τὸ
598 3252 1033 3323 ἐξομολογεῖσθαι
1081 3253 1157 3325 τῷ
1209 3254 1418 3327 Κυρίῳ,
1472 3256 1569 3310 καὶ
1613 3256 1836 3327 ψάλλειν
1873 3258 1952 3329 τῷ

367 3340 586 3412 ὀνόματί
619 3359 734 3407 σου,
771 3342 1023 3412 Ι’Υψιει-τε.
1061 3361 1081 3394 ι
1119 3342 1369 3414 Ούδαμοῦ
1410 3344 1467 3397 δὲ
1505 3343 1668 3416 δῆθεν
1695 3346 1951 3419 εὑρίσκο-

369 3450 500 3506 μεψ
537 3436 742 3489 Αἰνεῖτε
779 3434 842 3488 τὺ
897 3435 1052 3504 ἆγιον
1099 3435 1344 3507 Πνεῦμα.
1384 3437 1743 3509 Ἀπαντητέον
1767 3439 1825 3493 δὲ
1858 3440 1953 3494 αὑ·

362 3533 477 3594 τοῖς
506 3530 704 3595 οὕτως’
740 3530 805 3584 Εἰ
838 3530 1086 3602 περὶτοῦ
1114 3531 1326 3603 Πατρὸς
1351 3531 1590 3603 δέχεσθε,
1627 3533 1694 3598 ἃς
1726 3551 1955 3605 προεκο-

352 3616 561 3690 ’μίσατε
602 3620 806 3690 φωνὰς,
840 3620 1135 3675 ἐκϐάλλετε
1173 3620 1265 3674 τὸν
1305 3620 1465 3674 Υἰόν·
1503 3623 1553 3675 εἰ
1590 3622 1648 3675 δὲ
1687 3624 1818 3696 περὶ
1858 3624 1954 3679 τοῦ

365 3712 517 3778 Υίοῦ,
554 3714 617 3767 τὸ
648 3714 916 3768 ὲναντίονν
956 3714 1119 3768 ὁπότε
1149 3715 1244 3768 καὶ
1272 3714 1334 3768 τὸ
1374 3713 1534 3783 ἅγιον
1567 3714 1795 3786 Πνεῦμα
1832 3715 1952 3772 Κύ-

366 3806 482 3879 ριός
510 3807 626 3861 ὲστί
663 3824 723 3860 τε
767 3807 861 3861 καὶ
898 3806 1239 3877 γέγραπται⁸
1282 3807 1379 3860 καὶ
1418 3805 1613 3878 ἄδηλον
1638 3808 1768 3879 περὶ
1797 3808 1956 3874 ποίας

362 3899 712 3963 ὑποστάσεως
727 3884 1035 3971 γέγραπται
1052 3897 1147 3952 νῦν
1162 3902 1222 3952 τὸ
1245 3898 1497 3972 «Κύριος.
1512 3917 1530 3949 ι
1555 3899 1813 3953 Σκοπεῖτε
1837 3895 1952 3966 οῦν,

361 3994 412 4047 εἰ
454 3992 530 4064 μὴ
568 3991 878 4046 τούναντίον
926 3993 1140 4057 ἑαυτοῖς
1185 3989 1513 4063 ἐχρήσασθε.
1560 3990 1636 4044 Τὸ
1677 3990 1737 4045 δὲ
1795 3992 1951 4061 ἅγιον

363 4085 590 4157 Πνεῦμα
625 4085 707 4138 ὅτι
766 4085 864 4156 οὐχ
912 4085 1101 4156 ὑμνεῖ,
1150 4083 1338 4156 ἐπειδὴ
1391 4082 1466 4155 μὴ
1512 4083 1721 4155 κτίσμα
1769 4085 1953 4148 ἐστὶν,

371 4179 720 4248 συνυμνεῖται
743 4175 819 4242 δὲ,
842 4175 921 4248 τῷ
946 4175 1083 4230 Θεοῦ
1111 4175 1340 4247 Πνεῦμα
1364 4175 1651 4247 ὑπάρχειν,
1693 4177 1824 4247 ῥᾷον
1858 4192 1958 4232 κα-

374 4266 659 4338 ταμαθεῖν,
690 4267 797 4321 ἀπό
839 4283 898 4321 τε
928 4266 1022 4320 τοῦ
1061 4264 1453 4321 συντάττεσθαι
1505 4264 1675 4336 αὐτῷ,
1718 4266 1813 4320 καὶ
1848 4264 1957 4320 ἀπὸ

370 4360 464 4413 τοῦ
493 4362 616 4424 τοὺς
644 4363 792 4432 τρεῖς
823 4359 1038 4424 παῖδας,
1085 4359 1184 4414 καὶ
1228 4358 1320 4413 τὸν
1359 4356 1735 4430 Ἱεροψάλτην,
1775 4360 1957 4412 πᾶσαν

365 4450 466 4525 τὴν
490 4451 667 4507 κτίσιν
694 4451 815 4506 κατ’
839 4451 1009 4523 ὄνομα
1029 4451 1218 4524 ὑμνεῖν
1241 4449 1734 4523 παρακελεύεσθαι,
1756 4449 1817 4502 οὐ
1839 4450 1945 4521 μὴν

364 4562 548 4689 πφδ)
588 4562 939 4621 Nominatim.
977 4564 1181 4631 Codex,
1216 4565 1527 4636 ὀνομαστεῖ.
1565 4565 1711 4629 Lego
1737 4565 1941 4636 ὀνομα-
1971 4601 2018 4659 D

436 4702 549 4774 (96)
586 4701 830 4759 labetur.
859 4704 971 4762 Hoc
994 4717 1313 4775 argumento
1335 4705 1423 4760 alii
1451 4704 1614 4761 etiam
1647 4704 1832 4760 Patres
1856 4705 1941 4760 usi

362 4784 511 4846 sum,
551 4785 609 4828 ut
656 4775 1005 4846 Athanasius,
1055 4774 1132 4846 et,
1160 4774 1393 4846 Cyrillus
1448 4776 1846 4832 Alexandrinus
1888 4776 1942 4831 in

365 4844 411 4899 Τ
411 4844 639 4917 hesguro
673 4854 803 4917 tom.
833 4843 897 4912 V,
922 4862 1045 4917 pag.
1075 4845 1196 4903 l69.

436 4914 551 5036 (97)
590 4915 818 4998 Anania.
860 4913 1147 4999 ln'Graaca,
1184 4915 1542 5036 Ἀνανίαψιό
1576 4914 1842 4970 Ἀνανίου.
1866 4913 1947 4969 Si-

436 5001 442 5036 ι
468 5001 482 5036 ι
513 4984 672 5036 modo
698 5001 750 5036 ιιι
780 4996 1181 5036 commentariis
1231 5003 1287 5036 ιη
1332 4985 1440 5036 Psa
1465 5002 1576 5036 mos
1632 4986 1699 5036 ad
1738 5001 1881 5036 vers.
1909 4985 1947 5036 2

365 4984 482 5039 mili
513 4984 672 5039 modo
698 4987 750 5040 in
780 4987 1181 5042 commentariis
1231 4989 1287 5040 in
1332 4984 1576 5040 Psalmos
1632 4986 1699 5039 ad
1738 5001 1881 5039 vers.
1909 4985 1947 5038 2

366 5054 869 5127 psalliii_cx1__dixit
918 5059 1030 5125 ipse
1062 5056 1329 5127 Didymus
1363 5055 1499 5110 ετοῦ
1551 5055 1737 5127 Ἠλία,
1764 5056 1798 5127 ἢ
1847 5053 1945 5127 τοῦ

380 5123 774 5205 Ἰερεμίαηηίο
805 5123 988 5182 tamen
1025 5123 1190 5195 alias,
1215 5140 1406 5197 nempe
1437 5140 1609 5196 segm.
1640 5125 1741 5180 107
1780 5123 1814 5178 ὰ
1862 5126 1948 5179 di-

365 5196 508 5249 xit‘

439 5263 565 5339 (98)
592 5264 923 5339 Damnatus.
958 5265 1093 5321 Dan.
1124 5281 1206 5333 ιιι,
1255 5264 1325 5321 54
1359 5266 1475 5338 (seu
1509 5264 1622 5339 55).
1671 5263 1944 5335 Complut.

364 5334 457 5408 ed.
467 5335 576 5408 Aéjt‘t
603 5335 942 5408 _)_(epoo6eip..

435 5403 550 5477 (99)
590 5403 660 5459 Et
696 5403 1015 5463 benedictus.
1051 5403 1186 5477 Dan.
1229 5420 1311 5469 ιιι,
1346 5405 1575 5477 55A(seu_
1603 5404 1716 5475 54).
1746 5404 1947 5477 [alga-

362 5474 464 5547 tus:
501 5477 773 5545 interpres
806 5477 932 5547 legit
985 5485 1045 5530 ιιι
1080 5475 1377 5547 Ι)ἰιι)ιιῐιιιει.Δ
1402 5474 1508 5547 Sed
1543 5474 1730 5532 Gratia
1773 5475 1946 5530 Biblia

361 5545 568 5601 addunt
592 5544 797 5618 vocem
812 5544 969 5617 δόξης
996 5555 1118 5618 post
1148 5544 1571 5618 vocembpdvoo.
1593 5547 1693 5618 _Ac
1718 5554 1944 5617 praeter-

360 5628 426 5671 ea
443 5614 1061 5689 proﬁrcepud/odpsvog,
1094 5614 1696 5689 habenthbnspévaogoc.

432 5632 1948 5757 (Ῠῖέιὲῗῗὲιΐὲξῖῖηῗῗνῗῖξη¹¹ιῑῗᾶἰῖ¹ἶ¹ιῗεῖῗρῗιῖἔὲζέῗευηιεηιο

365 5753 788 5828 macedopianos
812 5756 987 5828 obiter
1028 5755 1223 5828 refellit
1250 5753 1509 5828 Didymus
1539 5758 1592 5812 in
1618 5753 1947 5828 commenta-

369 5824 467 5880 riis
486 5826 542 5880 in
567 5823 815 5896 Psalmqs
842 5826 909 5880 ad
939 5826 1128 5896 psalmi
1156 5823 1576 5896 cnverSiculum
1609 5826 1699 5892 20,
1738 5827 1829 5896 qui
1866 5826 1949 5880 sic

368 5908 430 5951 se
450 5895 615 5954 habet
646 5913 660 5951 :
706 5911 727 5950 ι
761 5894 1068 5956 Benedicite
1097 5895 1412 5967 Dominum,
1454 5911 1644 5955 omnes
1694 5894 1890 5969 angeli,
1915 5913 1941 5950 ι

556 5195 755 5249 νανίου.

2062 603 2149 656 nia
2187 602 2325 675 (97),
2359 606 2555 658 Azaria
2590 614 2643 659 et
2669 604 2911 671 Misaele,
2951 607 3005 661 in
3041 606 3371 679 Babylonica
3416 610 3641 666 fornace

2060 695 2341 764 depositis.
2374 694 2513 762 Quin
2546 697 2709 750 etiam
2740 697 3077 763 Cherubimi,
3115 708 3169 754 et
3223 701 3436 755 divinus
3485 692 3639 758 thro;
3680 738 3683 741 -

2059 798 2185 850 nus,
2213 784 2304 852 qui
2334 786 2435 840 hoc
2458 786 2511 838 in
2540 785 2660 841 loco
2695 785 3045 855 Seraphimos
3072 789 3361 858 significat,
3412 790 3638 861 gloriam

2061 875 2173 929 Deo
2205 876 2458 942 reddunt,
2490 885 2676 946 utpote
2705 878 2800 947 qui
2830 888 2958 935 sunt
3002 889 3058 935 et
3098 881 3196 951 ipsi
3251 897 3380 952 pars
3411 885 3642 938 creatio-

2060 973 2167 1029 nis.
2201 972 2465 1037 Dixerunt
2489 975 2634 1028 enim
2660 975 2820 1030 iidem
2857 977 3008 1046 pueri
3041 995 3055 1031 :
3098 995 3117 1029 ι
3159 976 3486 1033 Benedictus
3527 976 3640 1048 (98)

2060 1088 2140 1142 es,
2173 1073 2267 1142 qui
2298 1072 2454 1128 sedes
2482 1088 2647 1144 super
2666 1072 2980 1141 Cherubim,
3012 1094 3033 1129 ι
3054 1084 3109 1131 et
3139 1091 3347 1143 rursus,
3386 1076 3645 1147 Seraphi—

2061 1187 2178 1229 mos
2208 1173 2529 1239 indicando,
2555 1175 2711 1229 aiunt
2740 1190 2752 1226 :
2782 1194 2801 1226 ι
2833 1171 2903 1229 Ει
2959 1177 3277 1232 benedictus
3320 1177 3431 1245 ’99)
3481 1194 3542 1233 es
3589 1180 3642 1232 in

2061 1272 2257 1327 throno
2287 1273 2441 1342 regni
2475 1273 2571 1338 tui,
2607 1284 2662 1329 et
2702 1275 3178 1345 superlaudabilis,
3233 1287 3290 1333 et
3329 1280 3647 1349 superexal-

2061 1382 2205 1429 tatus
2237 1373 2291 1428 in
2326 1373 2544 1429 sarcula.
2589 1392 2609 1427 ι
2642 1376 2909 1433 Similiter
2945 1393 2974 1431 a
3012 1376 3216 1432 Davide
3260 1378 3449 1445 etiam,
3490 1378 3579 1447 qui
3615 1391 3644 1431 a

2061 1473 2267 1544 Spiritu
2304 1485 2496 1530 sancto
2524 1476 2812 1546 agebatur,
2870 1476 2922 1531 in
2977 1492 3049 1532 cn
3085 1466 3185 1548 (l),
3237 1487 3293 1533 et
3337 1477 3391 1533 in
3443 1491 3644 1531 omni

2060 1575 2270 1647 psalmo
2317 1574 2578 1645 iubentur
2634 1587 2899 1633 creaturae
2953 1578 3179 1633 laudare
3232 1577 3538 1632 Dominum.
3573 1576 3646 1629 At

2059 1690 2189 1731 vero
2219 1675 2456 1746 Spiritus
2486 1684 2710 1732 sanctus
2739 1677 2901 1733 simul
2937 1693 3058 1733 cum
3092 1677 3201 1732 illis
3247 1693 3353 1732 non
3392 1691 3647 1747 (comme-

2060 1790 2323 1846 moratur,
2345 1780 2573 1836 sicutne
2605 1780 2776 1837 Filius
2822 1781 3085 1852 quidem:
3147 1782 3275 1853 quia
3330 1791 3391 1837 ut
3443 1780 3636 1847 Filius,

2063 1885 2136 1939 ita
2169 1883 2332 1938 etiam
2362 1881 2598 1952 Spiritus
2634 1899 2810 1954 neque
2841 1895 3093 1940 creatura
3129 1894 3232 1952 est,
3276 1888 3371 1941 sed
3407 1899 3641 1952 creator,

2064 1989 2236 2044 neque
2265 1976 2483 2047 hymnis
2516 1976 2824 2044 celebrans,
2885 1978 2979 2033 sed
3035 1977 3341 2034 celebratus
3393 1979 3464 2035 ab
3512 1980 3645 2050 ipsis

2061 2081 2277 2137 quoque
2299 2067 2663 2138 Serapbimis,
2692 2069 2784 2139 qui
2812 2069 2981 2123 multo
3010 2083 3136 2123 cum
3174 2069 3368 2124 timore
3401 2070 3642 2125 divinum

2060 2160 2420 2216 circumstant
2449 2160 2710 2225 tribunal,
2749 2176 2815 2215 ac
2835 2161 2949 2216 suis
2984 2174 3044 2217 se
3076 2161 3178 2216 alis
3201 2161 3404 2229 velant,
3460 2171 3518 2216 et
3571 2162 3646 2217 al-

2063 2253 2233 2308 ternis
2262 2251 2495 2317 vicibus,
2528 2253 2644 2307 suis
2672 2268 2948 2322 nunquam
2981 2253 3286 2308 tacentibus
3328 2254 3536 2318 oribus,
3561 2263 3644 2308 at-

2062 2358 2169 2413 que
2206 2343 2501 2399 incessanti
2538 2358 2672 2400 voce
2706 2344 2865 2414 172
2913 2344 3251 2413 proclamant
3297 2353 3378 2399 ter
3425 2344 3642 2414 quidem

2061 2436 2317 2504 Sanctus,
2340 2443 2561 2505 propter
2595 2446 2710 2491 tres
2749 2437 3089 2507 hypostases,
3149 2436 3319 2493 semel
3354 2451 3487 2493 vero
3539 2437 3645 2491 Do.

2060 2531 2274 2595 minus,
2335 2532 2405 2587 ob
2451 2531 2714 2586 unitatem
2777 2531 3184 2587 dominationis.
3229 2530 3356 2587 Haec
3407 2531 3643 2601 Spiritus

2058 2625 2228 2679 sancti
2263 2624 2481 2696 hymnis
2511 2639 2788 2694 nunquam
2828 2626 2961 2680 satis
3010 2624 3265 2680 celebrati
3305 2623 3643 2679 divinitatem

2059 2716 2293 2771 maxime
2321 2716 2635 2772 ostendunt.
2678 2715 3049 2771 Macedoniani
3084 2724 3288 2780 autem,
3335 2716 3489 2787 quasi
3543 2731 3640 2770 ca-

2056 2814 2221 2862 veant
2252 2822 2315 2863 ac
2361 2816 2626 2873 metuant,
2660 2823 2727 2862 ne
2758 2808 2898 2863 forte
2926 2817 3021 2862 aut
3048 2822 3169 2877 quae
3202 2807 3251 2862 ei
3283 2808 3641 2872 conveniunt,

2059 2900 2242 2955 dicere
2271 2914 2510 2968 unquam
2559 2900 2864 2964 videantur,
2913 2909 3007 2954 aut
3055 2914 3124 2954 ne
3162 2914 3268 2955 non
3318 2900 3645 2970 evulgeulur

2056 3007 2175 3061 quae
2202 2994 2270 3046 de
2303 2993 2416 3056 illo.
2439 2993 2689 3062 Quamvis
2718 2995 2765 3048 ei
2790 3009 2897 3049 non
2925 2994 3327 3059 convenientia,
3349 2991 3597 3048 ell'utiunt
3624 3009 3638 3045 :

2056 3084 2111 3139 in
2136 3084 2302 3139 hocce
2323 3085 2486 3138 etiam
2525 3084 2816 3153 capitulum
2843 3094 3326 3155 argumentumque
3356 3084 3639 3151 invadunt,

2055 3188 2119 3227 ac
2144 3173 2482 3241 semetipsos,
2536 3174 2666 3242 quin
2704 3172 2970 3240 judicium
3006 3173 3156 3235 dent,
3222 3171 3460 3227 arbitros
3510 3187 3642 3228 con;

2054 3264 2310 3329 stituunt,
2353 3264 2611 3334 omnique
2666 3278 2944 3319 armorum
3000 3279 3219 3335 genere,
3257 3263 3642 3334 eﬂrenatisque

2059 3355 2401 3413 sermonibus
2424 3365 2658 3422 utentes,
2687 3356 2803 3411 haec
2857 3358 2909 3411 in
2959 3371 3168 3411 summa
3225 3355 3303 3428 (Ξ)
3351 3355 3638 3427 objiciunt.

2060 3448 2337 3518 Scriptum
2380 3458 2486 3513 est,
2537 3448 2811 3519 inquiunt,
2847 3467 2866 3500 ι
2921 3447 3271 3518 Laudate(5)
3323 3446 3638 3510 Dominum,

2061 3538 2317 3609 quoniam
2348 3539 2489 3596 bona
2518 3554 2605 3596 res
2632 3551 2716 3596 est
2741 3541 3021 3610 psalmus:
3053 3540 3162 3595 Deo
3202 3539 3377 3594 dulcis
3411 3540 3483 3594 sit
3531 3538 3643 3594 lau-

2060 3628 2244 3693 datio;
2291 3646 2310 3682 ι
2345 3638 2436 3683 et:
2468 3647 2488 3681 ι
2525 3627 2732 3684 Bonum
2761 3629 2839 3701 (4)
2870 3638 2956 3685 est
3003 3629 3252 3685 conﬁteri
3291 3627 3544 3694 Domino,
3588 3638 3644 3683 et

2055 3718 2286 3790 psallere
2316 3719 2519 3773 nomini
2545 3728 2658 3783 tuo,
2687 3719 3002 3786 Altissime;
3030 3738 3048 3771 ι
3076 3733 3341 3789 nusquam
3356 3733 3486 3773 vero
3505 3719 3643 3773 scri-

2055 3821 2206 3882 ptum
2246 3810 2596 3867 invenimus:
2632 3809 2876 3866 Laudato
2912 3808 3174 3881 Spiritum
3228 3818 3496 3865 sanctum.
3551 3809 3643 3864 Sic

2056 3912 2236 3958 autem
2260 3902 2389 3972 ipsis
2424 3902 2856 3973 respondendum
2888 3912 2973 3957 est
3006 3918 3023 3956 :
3056 3902 3113 3957 Si
3147 3901 3213 3955 de
3242 3900 3404 3956 Patre
3424 3915 3488 3955 ea
3518 3900 3637 3956 loca

2056 3993 2323 4063 accipitis,
2350 4008 2470 4063 quae
2516 3994 2674 4049 modo
2709 3994 2993 4061 attulistis,
3049 3992 3343 4049 excluditis
3389 3992 3586 4048 Filium
3622 4011 3636 4047 :

2056 4085 2139 4141 sin
2183 4093 2368 4139 autem
2421 4085 2487 4140 de
2539 4083 2711 4151 Filio,
2749 4083 2968 4140 Patrem
3020 4084 3257 4140 vicissim
3310 4084 3636 4140 excluditis:

2056 4170 2492 4242 quandoquidem
2553 4172 2791 4242 Spiritus
2842 4188 3057 4243 quoque
3107 4185 3327 4230 sanctus
3353 4184 3409 4229 et
3454 4182 3536 4229 est
3585 4183 3642 4227 et

2058 4263 2263 4321 dicitur
2290 4265 2344 4320 in
2376 4264 2674 4336 Scripturis
2704 4266 2985 4333 Dominus,
3028 4267 3406 4336 incertumque
3434 4275 3539 4329 est,
3570 4266 3642 4320 de

2057 4371 2291 4425 quanam
2317 4357 2590 4428 hypostast
2615 4356 2873 4427 scriptum
2907 4358 2995 4411 hic
3015 4356 3088 4412 sit
3115 4355 3243 4411 illud
3271 4374 3290 4408 ι
3325 4355 3634 4410 Dominus.»

2058 4446 2253 4504 Videte
2288 4461 2441 4516 ergo,
2473 4461 2600 4500 num
2633 4461 2699 4500 eo
2727 4455 3049 4515 argumento
3088 4446 3168 4501 usi
3196 4445 3340 4510 sitis,
3373 4445 3516 4515 quod
3542 4459 3638 4501 vo-

2044 4572 2153 4619 etc.
2182 4580 2196 4616 :
2223 4560 2297 4633 οὑ
2325 4561 2735 4633 τρνᾉπροφήτην
2758 4560 2976 4633 (inquit)
3008 4561 3296 4633 ᾇνθρωπον
3316 4559 3469 4633 δντα,
3500 4558 3638 4615 ἀλλά

2046 4634 2109 4687 τὸ
2145 4634 2204 4702 ὲν
2236 4630 2385 4702 αύτῷ
2408 4630 2635 4702 Πνεῦμα
2670 4630 2834 4702 ἅγιον
2855 4630 3087 4702 ἡγητέον
3118 4630 3485 4701 ’προστάττειν
3523 4633 3638 4695 τοῖς

2047 4701 2306 4774 ἀγγέλοις
2314 4701 2384 4755 τὰ
2398 4701 2711 4774 ἐγκείμενα.
2731 4701 2995 4774 ιῌάντεςι
3016 4701 3351 4774 γὰρ,ᾼφησὶν,
3372 4719 3390 4752 ι
3410 4702 3639 4774 οἰᾼάγγεο

2045 4769 2338 4836 λοιαὺτοῦ,
2370 4791 2387 4822 ι
2424 4769 2667 4842 δηλονότι
2697 4769 2791 4824 τοῦ
2820 4771 3046 4842 Κυρίου,
3073 4769 3389 4842 (εὐλογεῖτε
3412 4769 3632 4842 αὑτόν.)

2047 4842 2387 4915 Προστάττον
2408 4841 2633 4915 δεπᾶσιᾲ
2652 4844 2767 4915 τοῖς
2794 4841 3048 4915 ἀγγέλοις
3071 4841 3141 4915 τὸ
3172 4841 3419 4915 Πνεῦμα,
3450 4841 3636 4915 ἕτερον

2047 4911 2227 4984 αὑτῶν
2260 4914 2381 4984 κατ’
2407 4912 2593 4965 οὐσίαν
2615 4912 2882 4984 ἐπίῃ-Εἰ
2917 4911 2975 4965 δὲ
3003 4912 3183 4984 (τοῦτο,
3214 4911 3344 4984 ,πῶς
3387 4911 3636 4984 θρασέως

2046 4983 2349 5054 ἐτόλμησάν
2390 4999 2536 5054 τινες
2561 4981 2680 5054 ,τῆς
2714 4982 3062 5054 τάξεωςτῶν
3087 4982 3335 5054 ἀγγέλων
3373 4981 3504 5036 αὑτὸ
3533 4983 3637 5053 φά-

2045 5051 2330 5117 ναι,’κατά
2354 5053 2532 5107 πάντα
2557 5051 2822 5125 ἓτερονᾼδν
2840 5069 2867 5125 ;ν
2894 5053 2943 5106 id
2971 5064 3071 5116 est,
3101 5072 3121 5105 ι
3141 5051 3270 5107 Non
3292 5051 3634 5125 prophetarit,

2046 5139 2170 5178 cum
2209 5125 2369 5177 homo
2399 5132 2564 5184 esset.
2595 5123 2689 5177 sed
2730 5123 2990 5192 Spiritum
3016 5135 3287 5187 sanctum,
3318 5126 3407 5192 qui
3437 5124 3490 5177 in
3520 5124 3637 5191 ipso

2046 5202 2188 5256 erat,
2215 5192 2420 5263 angelis
2452 5194 2746 5262 praecipere
2768 5193 3062 5261 putandum
3087 5202 3173 5248 est
3205 5209 3291 5261 ea,
3326 5209 3445 5263 qua:
3476 5195 3638 5248 habet

2048 5271 2248 5332 textus.
2277 5281 2297 5314 ι
2322 5262 2523 5318 Omnes
2553 5281 2572 5314 ι
2603 5265 2771 5326 enim,
2794 5264 2987 5332 inquit,
3018 5282 3037 5314 ι
3072 5264 3247 5332 angeli
3275 5262 3412 5331 ejus,
3439 5283 3459 5316 ι
3488 5278 3639 5317 nem-

2046 5347 2115 5402 pe
2144 5331 2377 5397 Domini,
2423 5349 2444 5384 ι
2472 5334 2786 5403 benedicite
2819 5331 2964 5403 eum.
3006 5352 3025 5385 ι
3073 5331 3309 5403 Spiritus
3359 5348 3508 5397 vero,
3541 5334 3632 5401 qni

2046 5403 2302 5458 omnibus
2333 5402 2536 5472 angelis
2569 5404 2828 5473 praecipit,
2875 5402 3013 5458 alius
3059 5402 3127 5459 ab
3156 5405 3285 5473 ipsis
3324 5412 3407 5458 est
3448 5417 3637 5473 serun-

2047 5473 2175 5527 dum
2204 5474 2520 5528 essentiam.
2551 5472 2701 5539 Quod
2736 5478 2780 5527 si
2814 5474 2887 5527 ita
2918 5484 3021 5539 est,
3063 5472 3336 5544 quomodo
3362 5472 3634 5544 conliden-

2047 5550 2131 5596 ter
2167 5544 2385 5611 quidam
2410 5544 2590 5598 dicere
2618 5544 2735 5598 ausi
2766 5553 2917 5608 sunt,
2939 5560 3062 5599 eum
3080 5542 3214 5599 esse
3239 5559 3306 5598 ex
3335 5542 3525 5598 ordine
3546 5557 3636 5594 an-

2047 5613 2314 5686 gelorum,
2345 5629 2464 5668 cum
2496 5614 2721 5686 aliusab
2751 5615 2981 5686 ipsissit
3006 5615 3269 5686 omnino]
3299 5631 3320 5666 ι

2119 5682 2197 5826 (2;
2237 5681 2305 5736 In
2329 5698 2556 5739 summa.
2581 5683 2712 5740 Vide
2737 5681 2850 5739 not.
2873 5682 2961 5751 50,
2993 5697 3117 5754 pag.
3153 5683 3276 5739 128.
3448 5749 3476 5764 η
3594 5750 3622 5764 η

2119 5756 2175 5826 (ζ)
2236 5752 2495 5826 Laudat}.
2524 5753 2665 5808 Psal.
2693 5770 2870 5820 exul,
2909 5770 3051 5811 vers.
3092 5755 3146 5808 1.
3169 5752 3339 5809 Biblia
3368 5770 3383 5808 :
3407 5769 3486 5823 τῳ
3510 5750 3622 5823 Geni

2118 5750 2197 5823 (5)
2236 5752 2495 5823 Laudate.
2524 5753 2665 5808 Psal.
2693 5770 2870 5820 exul,
2909 5750 3051 5811 vers.
3069 5750 3146 5808 ’1.
3169 5752 3339 5809 Biblia
3368 5770 3383 5808 :
3407 5750 3486 5823 τῷ
3510 5750 3632 5823 Θεῷ

2335 5825 2370 5893 ἡ
2394 5821 2623 5895 αίνεσις.

2127 5892 2209 5967 (4)
2246 5891 2477 5951 Bonum.
2501 5891 2645 5954 Psal.
2674 5909 2784 5962 xor,
2810 5908 2954 5952 vers.
2978 5893 3005 5949 Ι
3045 5893 3161 5968 (seu
3198 5892 3276 5968 2).
