4082 6430
439 374 548 430 547

1679 363 1915 421 οωῖιιι
1955 363 2428 420 ALEXANDRINI

3594 363 3701 420 548

436 491 767 561 hismetipsis
801 491 1132 544 adversetur.
1182 485 1332 553 Quod
1383 495 1559 541 autem
1607 485 1841 554 Spiritus
1889 500 2018 540 san—

2130 485 2180 538 τὸ
2211 485 2306 538 τοῦ
2342 483 2476 537 Θεοῦ
2511 485 2756 556 Πνεῦμα,
2791 486 2866 549 ὼς
2895 485 3076 556 ἔχουσι
3118 485 3404 555 συνηθείας
3467 486 3520 538 οἱ
3555 485 3702 554 ἆγιοι

440 596 560 642 ctus
593 583 808 653 hymnis
837 580 1002 636 Deum
1035 596 1138 634 non
1163 579 1419 640 celebret,
1460 578 1584 645 quia
1619 591 1722 630 non
1753 587 1837 631 est
1861 591 2016 630 crea-

444 686 584 742 tura,
615 675 707 728 sed
729 683 784 726 et
803 672 916 740 ipse
943 671 1368 730 concelebretur,
1394 668 1516 734 quia
1544 665 1635 720 Dei
1659 664 1892 734 Spiritus
1909 675 2014 731 est,

443 765 599 821 facile
635 763 980 835 cognoscitur
1021 770 1130 815 tum
1164 775 1232 815 ex
1275 773 1339 812 eo
1361 759 1502 827 quod
1533 758 1584 812 in
1622 756 1814 826 aequali
1845 757 2016 827 gradu

444 873 566 912 cum
600 859 708 912 Deo
741 857 1055 920 collocetur,
1095 865 1202 909 tum
1245 869 1311 908 ex
1345 867 1409 908 eo
1439 853 1580 922 quod
1612 861 1724 907 tres
1757 852 1929 920 pueri,
1963 859 2020 905 et

445 964 600 1002 sacer
631 948 836 1002 Psaltes
865 961 1080 1002 onmem
1108 954 1414 1000 creaturam
1447 943 1762 998 nominatim
1790 943 2019 1014 hymnos

446 1039 556 1094 Deo
582 1053 774 1094 canere
793 1039 999 1109 jubent,
1031 1044 1336 1090 nontamen
1362 1033 1620 1104 Spiritum
1648 1032 1764 1097 Dei,
1789 1042 1848 1086 ut
1872 1031 2019 1085 illum

447 1135 617 1188 sancti
654 1133 732 1204 (5)
765 1132 1043 1187 nominare
1083 1137 1499 1186 consueverunt.
1539 1127 1596 1181 Si
1642 1125 1785 1180 enim
1822 1131 1932 1190 est,
1964 1133 2023 1177 ut

2117 574 2464 645 ἐξονομάσαι.
2487 575 2550 627 Εἰ
2579 576 2709 646 γὰρ,
2739 577 2814 639 ώς
2851 577 3015 644 φασιν
3045 577 3334 646 αἱρετικοὶ,
3364 576 3538 646 μέσης
3563 575 3701 629 Θεοῦ

2119 669 2212 721 καὶ
2243 667 2491 736 ἀγγέλων
2529 668 2742 738 φύσεώς
2766 669 2908 732 ἐστι,
2967 669 3062 723 καὶ
3094 666 3417 738 τιμιώτερον
3437 667 3534 721 καὶ
3559 668 3703 722 ἀνω-

2118 759 2264 830 τέρω
2303 759 2520 813 πάντων
2539 776 2554 791 ο
2584 759 2713 823 ἔδει,
2744 761 2932 832 ἐπειδὴ
2971 760 3206 831 μάλιστα
3237 759 3298 812 ἓν
3326 759 3551 830 tot:th
3580 757 3703 812 καθ’

2127 850 2290 904 ἑαυτὸ
2316 849 2830 922 παρακελεύσασθαι
2875 853 3007 904 αὐτὸ
3047 852 3322 920 άνυμνεῖν,
3350 850 3383 920 ἢ
3420 849 3524 904 κᾶν
3558 855 3706 921 πρώ-

2123 960 2217 996 τον
2242 943 2374 996 αύτὸ
2405 943 2691 1014 ὀνομάσαι,
2731 945 2827 997 καὶ
2861 943 3011 1015 αύτῷ
3033 944 3101 996 τὰ
3128 943 3261 998 ἄλλα
3309 943 3539 1011 γενικῶς
3579 960 3706 994 συν-

2127 1031 2418 1087 αναλαϐεῖν
2441 1050 2455 1064 ο
2495 1033 2556 1086 οὐ
2609 1033 2738 1104 μὴν,
2765 1035 2841 1097 ώς
2876 1033 3118 1098 αὐθαδῶς
3154 1034 3450 1099 εἰκάζουσι,
3487 1034 3547 1087 τὸ
3579 1033 3708 1087 ἀνά.

2130 1125 2314 1181 πάλιν.

448 1229 634 1284 dicunt
660 1228 918 1292 lizeretici,
943 1235 1144 1281 naturae
1177 1224 1316 1278 inter
1351 1223 1518 1278 Deum
1567 1229 1622 1275 et
1647 1219 1868 1290 angelos
1891 1220 2101 1283 mediae,
2144 1230 2198 1274 et
2225 1222 2570 1289 praestantior
2605 1223 2854 1277 omnibus
2889 1230 3052 1292 atque
3080 1221 3367 1287 excelsior,
3405 1221 3707 1291 oportebat,

448 1339 569 1380 eum
600 1323 897 1394 praasertim
935 1322 1006 1376 sit
1031 1335 1188 1386 unus,
1224 1327 1316 1372 aut
1352 1317 1424 1371 illi
1460 1315 1673 1384 jubere,
1717 1324 1774 1369 ut
1807 1323 1981 1369 semet
2020 1315 2135 1383 ipse
2173 1330 2269 1384 per
2299 1316 2536 1385 seipsum
2580 1317 2794 1388 hymnis
2818 1317 3138 1382 celebraret,
3185 1325 3276 1370 aut
3307 1317 3496 1372 saltem
3536 1316 3711 1384 primo

451 1415 599 1468 illum
634 1415 931 1479 nominare,
965 1423 1076 1466 tum
1117 1410 1252 1464 alias
1290 1423 1411 1462 cum
1453 1408 1571 1477 ipso
1616 1414 1896 1461 creaturas
1925 1406 2225 1478 generatim
2257 1422 2532 1466 assumere
2568 1423 2584 1462 :
2620 1425 2728 1464 non
2770 1425 2898 1465 vero
2927 1420 3136 1476 contra,
3166 1420 3225 1464 ut
3263 1409 3352 1464 isti
3393 1413 3712 1479 arroganter

452 1510 718 1565 blaterant
742 1519 900 1578 atque
924 1507 1420 1562 comminiscuntur.

537 1604 678 1660 XIX.
710 1604 971 1660 Creatura
999 1617 1102 1657 non
1127 1605 1546 1657 connumeratur
1575 1613 1695 1654 cum
1713 1599 1844 1652 Deo.
1893 1596 2024 1663 Quae

455 1698 598 1752 enim
635 1697 982 1752 decrementa
1013 1693 1248 1750 obnoxia
1272 1701 1374 1756 est,
1416 1691 1545 1761 quid
1592 1705 1880 1745 commune
1929 1691 2024 1744 lna-

2202 1596 2300 1650 IEl’.
2341 1595 2405 1649 'H
2435 1594 2612 1658 κτίσις
2656 1595 2718 1648 ού
2778 1592 3191 1664 συναριθμεῖται
3237 1590 3327 1663 [78
3357 1609 3389 1644 a
3415 1590 3436 1662 ]
3463 1589 3540 1660 τῷ
3566 1589 3708 1661 Θεῷ.

2129 1689 2195 1741 Τί
2232 1687 2340 1758 γὰρ
2377 1687 2471 1739 καὶ
2499 1685 2676 1738 κοινὸν
2697 1687 2762 1756 τῇ
2797 1683 2930 1755 etiam
2963 1686 3018 1736 ὲν
3053 1682 3270 1754 μειώσει
3294 1682 3427 1753 πρὸς
3458 1682 3549 1735 τὸν
3573 1681 3710 1735 πάν-

452 1793 544 1845 bet
570 1804 693 1844 cum
723 1801 808 1853 eo,
831 1787 920 1858 qui
963 1797 1047 1842 est
1106 1785 1264 1856 173
1314 1783 1554 1838 omnium
1595 1780 2021 1844 excelsissimus,

2130 1797 2232 1833 των
2271 1777 2598 1848 ὑπέρτατον,
2630 1778 2724 1830 καὶ
2757 1777 2897 1847 ὑπὲρ
2927 1777 3106 1829 πᾶσαν
3145 1776 3273 1830 ὄντα
3311 1774 3636 1844 ὑπερϐολὴν,
3674 1775 3709 1846 ἢ

453 1890 510 1935 et
538 1896 704 1951 supra
737 1879 1037 1951 quamlibet
1083 1873 1606 1946 exaggerationem?
1641 1883 1734 1927 aut
1769 1889 1852 1936 ea,
1907 1888 2026 1941 qua:

452 1972 668 2029 condita
693 1981 796 2036 est,
833 1985 955 2026 cum
980 1969 1095 2034 illo,
1129 1969 1216 2038 qui
1249 1967 1420 2036 ipsam
1449 1964 1728 2020 condidit?
1784 1965 1856 2018 At
1904 1979 2026 2018 san-

452 2072 574 2118 ctus
601 2075 810 2117 summe
838 2059 1186 2115 honorandus
1225 2056 1480 2127 Spiritus,
1511 2066 1696 2126 utpote
1727 2055 1900 2119 Deus,
1932 2065 2028 2108 aut

454 2148 616 2204 simul
643 2164 764 2204 cum
799 2148 961 2204 Patre
1000 2157 1056 2203 et
1085 2147 1222 2201 Filio
1263 2146 1591 2210 nominatur,
1623 2154 1683 2199 ut
1745 2161 1869 2200 cum
1925 2144 2028 2200 Do—

455 2237 634 2292 minus
664 2237 917 2306 baptismi
947 2235 1235 2290 formulam
1272 2235 1458 2298 tradit,
1525 2244 1580 2290 et
1629 2250 1752 2290 cum
1797 2235 2028 2304 Aposto-

454 2329 616 2385 lusin
647 2329 884 2384 secunda
915 2329 982 2382 ad
1038 2327 1352 2382 Corinthios
1401 2326 1614 2391 scribit,
1654 2343 1674 2376 ι
1733 2324 1919 2381 Gratia
1952 2325 2027 2397 (6)

456 2421 669 2479 Domini
705 2421 872 2476 nostri
897 2419 1024 2476 Jesu
1059 2418 1284 2483 Christi,
1311 2427 1368 2474 et
1400 2418 1639 2472 charitas
1663 2417 1780 2481 Dei,
1808 2425 1864 2472 et
1889 2431 2033 2471 com-

455 2512 754 2567 municatio
785 2511 956 2566 sancti
1005 2509 1238 2580 Spiritus
1267 2522 1391 2562 cum
1440 2507 1694 2562 omnibus
1752 2507 1946 2560 vobis:
2000 2523 2020 2558 ι

458 2614 552 2658 aut
579 2601 737 2657 simul
767 2601 1076 2658 nominatur
1108 2615 1231 2655 eum
1251 2613 1355 2654 una
1379 2597 1602 2652 duarum
1621 2597 2027 2669 hypostasium;

459 2693 734 2750 autetiam
761 2692 930 2756 solus,
973 2691 1116 2744 utin
1165 2689 1338 2760 primo
1380 2687 1520 2742 libro
1564 2685 1641 2758 (7)
1684 2687 1888 2740 dictum
1925 2693 2029 2750 est,

459 2789 936 2841 commemoratur.
994 2777 1363 2836 Macedoniani
1407 2777 1483 2849 (8)
1519 2790 1647 2833 vero
1684 2791 1715 2832 e
1749 2786 1892 2832 secta
1935 2789 2031 2831 ex-

460 2877 843 2934 communicati
875 2876 1036 2940 illius,
1057 2883 1220 2945 atque
1251 2888 1320 2928 ex
1351 2871 1591 2928 Ecclesia
1626 2867 2036 2939 ejectiValenti-

459 2970 535 3034 ni,
571 2970 663 3038 qui
696 2965 1148 3030 manichteizavit,
1180 2979 1245 3019 ac
1277 2964 1456 3018 furore
1480 2962 1556 3035 (9)
1593 2961 1804 3033 plenus,
1837 2968 2033 3030 praeter

2125 1875 2192 1943 τῇ
2224 1871 2492 1942 γενομένῃ
2540 1869 2676 1941 πρὸς
2718 1869 2810 1922 τὸν
2848 1871 3186 1940 ποιήσαντα;
3219 1870 3293 1922 Τὸ
3332 1869 3388 1921 δὲ
3443 1867 3710 1938 πάντιμον

2128 1963 2377 2032 Πνεῦμα,
2401 1962 2478 2025 ώς
2499 1961 2650 2026 Θεὸς,
2677 1962 2709 2032 ἢ
2742 1961 2877 2032 μετὰ
2904 1961 3116 2034 Πατρὸς
3141 1962 3235 2014 καὶ
3262 1960 3391 2014 Υίοῦ
3419 1959 3713 2031 συνονομά-

2129 2053 2316 2119 ζεταιο
2351 2055 2426 2116 ώς
2469 2055 2596 2108 ὃταν
2635 2055 2664 2106 6
2699 2053 2978 2124 Δεσπότης
3024 2053 3115 2106 τὸν
3161 2053 3290 2124 περὶ
3332 2054 3394 2106 τὸ
3427 2053 3711 2124 βάπτισμα

2127 2147 2340 2200 δίδωσιν
2371 2147 2515 2216 ὅρον,
2565 2146 2660 2198 καὶ
2690 2146 2766 2209 ώς
2797 2147 2924 2198 ὅταν
2965 2147 2993 2198 6
3037 2146 3362 2210 Ἀπόστολος
3404 2145 3712 2218 Κορινθίοις

2127 2240 2190 2291 τὸ
2241 2237 2492 2310 δεύτερον
2544 2237 2764 2309 γράφῃ·
2797 2256 2815 2288 t
2862 2239 2926 2290 Ἥ
2980 2240 3141 2310 γάρις
3175 2239 3270 2292 τοῦ
3320 2239 3525 2311 Κυρίου
3553 2240 3712 2311 ἡμῶν

2142 2330 2316 2402 Ἰησοῦ
2354 2329 2615 2401 Χριστοῦ,
2664 2331 2758 2383 καὶ
2787 2331 2820 2401 ή
2847 2331 3033 2401 ἀγάπη
3062 2328 3155 2382 τοῦ
3181 2328 3342 2395 Θεοῦ,
3396 2331 3488 2384 καὶ⁵
3530 2332 3564 2402 ἡ
3599 2348 3714 2384 κοι-

2130 2419 2295 2474 νωνία.
2320 2419 2414 2472 τοῦ
2450 2419 2604 2488 ἁγίου
2649 2418 2965 2490 Πνεῦματος
3018 2420 3157 2490 μετὰ
3199 2421 3416 2474 πάντων
3463 2421 3615 2492 ὑμῶν
3637 2437 3652 2452 ο
3687 2440 3707 2473 ι

2131 2513 2164 2584 ἢ
2203 2511 2340 2583 μετὰ
2369 2514 2496 2584 μιᾶς
2527 2511 2706 2566 αὐτῶν
2733 2513 3082 2576 ὑποστάσεως
3106 2530 3119 2543 ·
3161 2513 3192 2584 ἢ
3225 2513 3317 2566 καὶ
3346 2512 3488 2567 κατὰ
3523 2514 3710 2584 μόνας,

2133 2604 2277 2659 καθὰ
2319 2605 2377 2657 ὲν
2424 2603 2502 2674 τῷ
2551 2603 2752 2674 πρώτῳ
2782 2605 2998 2674 εἴρηται
3044 2603 3254 2675 βιϐλίῳ,
3290 2607 3710 2677 μνημονεύεται.

2146 2696 2279 2750 Ἀπὸ
2315 2696 2372 2750 δὲ
2400 2697 2498 2766 τῆς
2539 2695 2914 2766 προαιρέσεως
2945 2695 3039 2748 τοῦ
3071 2696 3390 2768 ὲξοὸλήτου,-
3417 2700 3514 2752 καὶ
3540 2699 3712 2771 ἀπρ-

2137 2787 2402 2859 ριμμένου
2437 2786 2811 2853 Οὐαλεντίνου,
2846 2785 2940 2838 τοῦ
2981 2789 3421 2858 μανιχαῖσαντος,
3453 2791 3546 2844 καὶ
3575 2791 3714 2863 πρὸς

2133 2876 2246 2936 τοῖς
2265 2873 2443 2936 ἄλλοις
2471 2873 2692 2936 ἀτόποις
2728 2873 3152 2945 μυθοπλάσμασι
3213 2878 3492 2947 μανιωδῶς
3530 2880 3713 2933 εἰπόν-

2134 2982 2226 3028 τος
2258 2964 2551 3035 ἡλικιώτην
2594 2965 2656 3017 τὸ
2698 2964 2877 3018 θεῖκὸν
2911 2965 3137 3036 Πνεῦμα
3177 2971 3289 3030 τοῖς
3327 2969 3596 3037 ἀγγέλοις,
3620 2973 3716 3041 ὁρ-

459 3059 564 3113 alia
602 3059 834 3114 absurda
875 3065 1202 3120 commenta,
1239 3056 1478 3111 divinum
1521 3053 1780 3124 Spiritum
1828 3051 2026 3123 angelis

2141 3055 2380 3126 μώμενοι
2435 3056 2484 3107 οί
2532 3055 2890 3120 Μακεδόνιοι,
2970 3057 3136 3125 φασί·
3200 3057 3410 3122 Παῦλος
3465 3060 3714 3130 Τιμοθέῳ

459 3164 696 3205 coaavum
717 3149 1066 3212 dixit,ortum
1092 3148 1390 3211 trahentes,
1414 3145 1666 3216 inquiunt
1692 3143 1838 3216 (10):
1883 3141 2026 3196 Pau-

2133 3147 2374 3220 ἐγραψεο
2431 3167 2450 3199 t
2495 3149 2947 3221 Διαμαρτύρομαι
2996 3148 3225 3206 ἐνώπιον
3271 3150 3363 3204 τοῦ
3401 3151 3575 3217 Θεοῦ,
3619 3157 3715 3206 καὶ

459 3239 543 3295 lus
563 3239 628 3295 ad
660 3238 997 3295 Timotheum
1027 3237 1247 3308 scripsit
1283 3254 1298 3291 :
1335 3254 1354 3289 ι
1389 3235 1645 3292 Obtestor
1686 3236 1800 3307 (ll)
1847 3250 2030 3290 coram

461 3335 592 3400 Deo,
630 3342 684 3390 et
721 3333 949 3388 Domino
981 3329 1107 3387 .Iesu
1137 3329 1377 3396 Christo,
1414 3339 1468 3384 et
1495 3328 1682 3384 electis
1719 3329 1961 3396 angelis:
2006 3346 2026 3378 ι

460 3433 706 3479 sanctum
740 3436 869 3476 vero
905 3419 1167 3492 Spiritum
1204 3420 1411 3482 tacuit,
1449 3417 1647 3488 quippe
1685 3419 1778 3487 qui
1821 3418 2032 3472 scilicet

459 3529 582 3570 eum
612 3529 734 3570 cum
769 3512 975 3580 angelis
999 3511 1444 3567 connumerabat.
1469 3510 1577 3564 Sed
1611 3523 1679 3563 ex
1702 3509 2029 3564 abundantia

461 3611 642 3666 cordis
693 3610 930 3679 ipsorqu
982 3606 1198 3677 propria
1250 3613 1437 3660 manat
1498 3604 1666 3659 hocce
1715 3603 2027 3672 cogitatum.

463 3701 716 3768 Quamvis
745 3700 887 3754 enim
917 3699 1204 3768 aliquando
1231 3697 1466 3766 Spiritus
1496 3695 1667 3750 sancti
1714 3695 1914 3749 mentio
1937 3709 2030 3764 pe-

461 3791 742 3847 culiariter
772 3805 877 3844 non
905 3789 1021 3856 ﬁat,
1039 3787 1403 3844 coassumitur
1435 3795 1616 3840 tamen
1643 3799 1764 3839 cum
1788 3787 1899 3841 Deo
1924 3785 2030 3840 Pa-

465 3894 568 3947 tre,
600 3889 784 3950 utpote
808 3881 900 3950 qui
927 3879 1162 3950 Spiritus
1189 3878 1358 3948 ipsius
1408 3886 1492 3933 est
1522 3877 1823 3932 secundum
1877 3889 2032 3931 natu-

469 3988 606 4028 ram.
634 3972 758 4028 Haec
781 3987 912 4028 sane
958 3971 1098 4026 ratio
1127 3981 1231 4034 est,
1277 3970 1346 4038 ob
1378 3984 1538 4040 quam
1582 3980 1673 4024 aut
1731 3970 1844 4038 ipse
1887 3969 2031 4025 Deus

464 4063 624 4119 Pater
646 4063 915 4132 expressis
941 4062 1122 4117 verbis
1149 4076 1256 4116 non
1297 4069 1382 4116 est
1427 4071 1902 4128 commemoratus,
1933 4061 2030 4116 sed

466 4155 609 4210 fideli
641 4153 1102 4225 interpretatione,
1135 4152 1304 4208 Filius
1345 4161 1524 4207 autem
1567 4161 1621 4207 et
1649 4152 1884 4221 Spiritus
1907 4170 2031 4208 san-

464 4254 584 4300 ctus
603 4250 1054 4300 commemoratus
1075 4251 1191 4308 est;
1222 4251 1315 4295 aut
1338 4241 1455 4296 vice
1475 4256 1630 4297 versa
1655 4257 1670 4294 :
1691 4243 2025 4312 quandoqui-

461 4339 583 4392 dem
609 4335 695 4394 vel,
716 4334 1108 4392 abominandus
1143 4333 1251 4397 ille,
1282 4347 1349 4389 ac
1391 4347 1461 4388 ne
1491 4334 1853 4388 nominandus
1903 4335 2024 4405 qui-

2131 3241 2336 3312 Κυρίου
2378 3241 2553 3311 Ἰησοῦ
2579 3241 2837 3312 Χριστοῦ,
2859 3241 2956 3295 καὶ
2981 3240 3088 3294 τῶν
3111 3241 3381 3295 ἐκλεκτῶν
3407 3243 3672 3311 ἀγγέλων·
3689 3265 3707 3296 ι

2130 3335 2192 3390 τὸ
2233 3336 2290 3390 δὲ
2341 3333 2494 3404 ἅγιον
2543 3333 2789 3405 Πνεῦμα,
2838 3333 2914 3398 ὡς
2973 3333 3236 3399 συντάξας
3281 3333 3440 3404 δῆθεν
3471 3338 3584 3400 τοῖς
3615 3337 3716 3405 ἁγ-

2131 3425 2330 3494 γέλοις,
2379 3423 2786 3495 ἀπεσιώπησεν.
2845 3425 2978 3478 Ἀπὸ
3029 3426 3087 3478 δὲ
3136 3425 3230 3478 τοῦ
3280 3426 3715 3499 περισσεύματος

2131 3516 2230 3587 τῆς
2261 3515 2488 3588 καρδίας
2521 3515 2699 3568 αὐτῶν
2747 3515 2850 3586 τῆς
2899 3515 3036 3578 ἰδίας
3079 3519 3113 3588 ή
3145 3516 3324 3571 ἔννοιά
3360 3519 3507 3571 ἐστιν
3549 3518 3709 3590 αῦτη.

2131 3607 2252 3660 Κᾶν
2280 3606 2387 3678 γάρ
2417 3623 2547 3659 ποτε
2600 3606 2783 3670 ίδικῶς
2825 3606 2900 3678 μὴ
2937 3607 3162 3679 γένηται
3201 3610 3389 3680 μνήμη
3431 3609 3523 3662 τοῦ
3555 3610 3711 3678 ἁγίου

2130 3697 2468 3770 Πνεύματος,
2519 3699 3055 3772 συναναλαμϐάνεται
3099 3699 3179 3772 τῷ
3214 3701 3332 3772 Θεῷ
3376 3703 3572 3774 Πατρὶ,
3616 3703 3712 3757 ἆτε

2131 3788 2353 3860 Πνεῦμα
2393 3788 2558 3842 αὐτοῦ
2597 3789 2740 3843 κατὰ
2795 3790 2956 3860 φύσιν
2985 3791 3064 3844 6v.
3108 3793 3205 3846 Διά
3237 3810 3316 3845 τοι
3346 3793 3504 3848 τοῦτό
3541 3797 3711 3859 ἐστιν,

2129 3881 2240 3945 ὅτε,
2270 3883 2304 3953 ἢ
2329 3882 2491 3946 αὐτὸς
2521 3883 2549 3935 6
2577 3881 2711 3946 Θεὸς
2741 3883 2930 3954 Πατὴρ
2977 3884 3053 3955 τῷ
3100 3886 3304 3956 ῥήματι
3333 3887 3434 3940 οὐκ
3465 3889 3710 3959 ἐμνημο-

2130 3973 2316 4044 νεύθη,
2340 3972 2474 4026 ἀλλὰ
2499 3975 2570 4046 τῇ
2593 3977 2758 4045 πιστῇ
2783 3974 3009 4047 διανοίᾳ,
3038 3977 3066 4028 6
3093 3975 3151 4028 δὲ
3179 3976 3323 4041 Υἱὸς,
3354 3979 3447 4031 καὶ
3470 3978 3530 4030 τὸ
3558 3978 3712 4048 ἅγιον

2131 4064 2356 4136 Πνεῦμα
2385 4065 2764 4137 ἐμνημονεύθη
2785 4082 2798 4095 ·
2829 4068 2862 4136 ἢ
2905 4067 2964 4120 τὸ
2994 4066 3253 4138 ἔμπαλιν.
3277 4070 3450 4124 Ὅπου
3481 4089 3542 4140 γε
3575 4074 3603 4124 6
3636 4073 3711 4143 μὴ

2129 4156 2358 4226 ὀφείλων
2415 4158 2849 4228 μνημονεύεσθαι
2901 4159 3270 4226 Ούαλεντῑνος,
3320 4162 3382 4216 τὸ
3431 4163 3530 4233 μὲν
3561 4165 3714 4232 ἁγια-

2131 4247 2312 4300 στικὸν
2373 4247 2620 4319 Πνεῦμα,
2672 4250 3030 4321 Παράκλητον
3079 4251 3380 4323 ὠνόμασεν,
3427 4254 3503 4317 ὼς
3554 4256 3649 4308 καί⁵
3684 4257 3713 4312 ὀ

2129 4343 2403 4415 Δεσπότης
2422 4346 2674 4416 Χριστὸς,
2696 4347 3049 4419 Παράκλητος
3077 4351 3141 4404 ἐκ
3161 4349 3254 4402 τοῦ
3281 4348 3711 4421 παρακαλεῖσθαι

461 4429 580 4484 dem
635 4426 952 4482 Valentinus
1007 4425 1436 4480 sanctificantem
1485 4423 1705 4494 quidem
1766 4423 2026 4494 Spiritum

2137 4433 2370 4506 ἐκλήθηο
2420 4438 2545 4501 τοὺς
2589 4438 2646 4490 δὲ
2691 4439 3079 4510 ἁγιαζομένους
3125 4441 3506 4514 λειτουργοὺς,
3545 4460 3712 4514 προσ-

529 4541 608 4614 (5)
644 4540 849 4614 Sancti.
881 4541 940 4596 Id
967 4548 1066 4607 est,
1108 4541 1246 4597 sacri
1275 4541 1588 4608 scriptores.
1620 4538 1731 4614 Hos
1753 4541 1902 4614 enim
1939 4557 2034 4611 per

461 4610 891 4681 antonomasiam
927 4629 946 4663 ι
981 4620 1196 4681 sanctos
1231 4629 1249 4662 ι
1299 4620 1452 4664 vocat
1490 4613 1720 4681 passim
1748 4610 2028 4681 Didymus.

460 4679 596 4734 Vide
632 4690 742 4734 not.
770 4681 826 4747 2,
879 4695 999 4748 pag.
1031 4680 1118 4745 64,
1149 4691 1203 4735 et
1237 4695 1406 4749 segm.
1446 4679 1514 4734 98
1542 4682 1593 4744 b,
1629 4680 1728 4733 l06
1758 4697 1811 4742 a,
1843 4679 1944 4734 108
1976 4685 2028 4747 ί),

460 4751 565 4805 115
593 4767 646 4813 a,
697 4761 801 4803 etc.
843 4750 948 4804 Sed
998 4752 1117 4805 vide
1145 4752 1306 4805 etiam
1326 4817 1335 4820 Α
1356 4760 1509 4804 notas
1547 4751 1614 4804 ad
1646 4765 1817 4820 segm.
1845 4749 1951 4805 9.02
1975 4769 2028 4818 α,

460 4821 548 4874 ubi
574 4820 678 4873 alio
710 4833 869 4874 sensu
903 4821 1014 4872 lucc
1041 4835 1143 4872 vox
1169 4817 1450 4887 accipitur.

534 4887 608 4958 (6)
649 4887 853 4941 Gratia.
879 4888 934 4958 ll
971 4889 1037 4942 ad
1057 4888 1182 4944 Cor.
1213 4885 1448 4958 xui,_l3.
1477 4885 1662 4941 Grzeca
1692 4888 1856 4942 editio
1882 4900 2030 4944 caret

459 4954 611 5019 voce,
659 4975 678 5007 ι
722 4957 911 5010 ηοειτί.
955 4975 974 5008 ι
1009 4959 1112 5011 Sed
1143 4975 1263 5014 cum
1313 4954 1540 5024 Vulgato
1579 4959 1872 5026 interprete
1909 4975 2028 5013 eam

459 5026 587 5096 legit
617 5027 873 5096 Didymus
904 5035 1014 5096 tum
1046 5027 1152 5091 hic,
1186 5028 1366 5080 tumin
1392 5027 1528 5081 libro
1561 5027 1636 5080 De
1667 5027 1810 5092 Spir.
1846 5041 2027 5083 sancto

460 5095 610 5148 num.
645 5095 732 5148 l6.
757 5095 1072 5168 Nonnullam
1091 5097 1566 5168 verovarietatem
1595 5098 1646 5149 in
1677 5099 1779 5160 his,
1805 5114 1923 5168 qua:
1945 5115 2030 5154 se-

459 5173 716 5237 quuntur,
750 5181 869 5219 esse
891 5165 1130 5219 censebit
1166 5167 1256 5236 qui
1289 5167 1447 5220 editis
1475 5165 1589 5232 ejus
1611 5168 1733 5220 libri
1760 5165 2030 5237 exeaupla~

459 5235 610 5288 ribus
636 5244 944 5308 contentus,
979 5235 1516 5308 niembranas__ruanu
1561 5248 1811 5308 exaratos
1857 5235 2026 5308 negli-

457 5312 547 5370 gat
579 5304 698 5356 :sic
732 5306 872 5356 enim
931 5307 1090 5358 habet
1129 5303 1293 5359 editio
1328 5303 1684 5360 Veronensis:
1723 5324 1742 5356 ι
1773 5308 1839 5359 Ει
1879 5303 2029 5361 com-

457 5372 756 5426 municatio
794 5374 966 5433 sancti
1006 5375 1239 5442 Spiritus
1277 5375 1348 5428 sit
1389 5389 1601 5442 semper
1633 5391 1752 5428 cum
1779 5378 2028 5432 omnibus

456 5443 632 5516 vobis.
667 5461 685 5516 ξ
721 5444 790 5496 Αι
837 5445 903 5516 iu_
928 5445 1109 5516 codice
1154 5455 1350 5516 nostra:
1398 5443 1734 5516 bibliOtheca:
1774 5445 2030 5516 Didymus

454 5512 780 5565 versiculum
806 5513 994 5566 eodem
1026 5513 1182 5580 plane
1209 5515 1364 5566 modo
1393 5513 1567 5576 affert,
1591 5528 1697 5581 quo
1723 5515 1825 5569 hoc
1861 5512 1912 5568 in
1947 5515 2027 5570 lo-

457 5595 524 5635 co
552 5597 566 5635 :
598 5581 670 5634 ita
706 5583 850 5636 enim
884 5581 1042 5650 habet
1085 5601 1101 5636 ι
1148 5599 1168 5633 ι
1205 5582 1261 5634 lu
1318 5583 1422 5635 fine
1473 5581 1726 5650 Epistulae
1757 5585 2027 5648 secundae,

457 5664 622 5717 quam
657 5653 723 5704 ad
765 5645 1073 5705 Corinthios
1111 5651 1330 5717 scripsit
1361 5645 1578 5717 Paulus,
1617 5653 1694 5704 ait
1731 5669 1746 5706 :
1783 5671 1801 5704 ι
1838 5645 2028 5708 Gratia

463 5718 671 5772 Domini
702 5721 868 5773 nostri
895 5719 1024 5775 Jesu
1059 5719 1282 5782 Christi,
1310 5730 1363 5775 et
1393 5722 1628 5775 cbaritas
1645 5722 1760 5787 Dei,
1786 5733 1840 5777 et
1875 5738 2026 5777 com-

461 5801 608 5842 mun.
649 5791 823 5845 sancti
853 5790 1084 5862 Spiritus
1114 5805 1238 5845 cum
1271 5791 1518 5849 omnibus
1553 5791 1721 5850 vobis.
1744 5811 1764 5846 ι
1785 5793 2018 5850 Numero

2142 4548 2326 4604 itidem
2365 4551 2430 4605 l7
2457 4553 2622 4608 editio
2647 4554 2972 4610 Veronensis
2998 4556 3154 4611 habet
3179 4576 3192 4611 :
3216 4555 3372 4612 Juxta
3408 4557 3534 4612 illud
3563 4572 3580 4611 :
3609 4578 3628 4609 ε
3659 4571 3714 4613 et

2137 4632 2332 4705 comm.
2353 4622 2410 4705 S.
2427 4623 2518 4690 Sp.
2537 4624 2610 4705 sit
2635 4640 2846 4704 semper
2869 4641 2988 4679 cum
3023 4627 3272 4705 nnniibus
3301 4628 3470 4683 vobis.
3493 4647 3512 4682 ι
3529 4627 3711 4685 Codex

2138 4697 2702 4766 veronosterornittit
2731 4709 2908 4766 voces,
2944 4714 2963 4747 ι
2999 4697 3069 4766 sit
3099 4711 3328 4766 semper.
3371 4716 3390 4749 ι

2327 4759 2395 4832 l_t_t
2422 4764 2586 4828 primo
2619 4764 2771 4816 libro.
2817 4757 2997 4832 Segm.
3033 4765 3104 4819 25
3137 4783 3189 4818 a.

2209 4829 2286 4898 (8)
2330 4829 2718 4886 Macedoniani.
2749 4829 2929 4888 Codex
2968 4853 2981 4889 :
3015 4836 3065 4889 οί
3103 4835 3448 4892 Μακεδόνιοι.
3492 4835 3712 4894 Videtur

2133 4896 2414 4965 legendum
2446 4918 2460 4953 :
2490 4903 2538 4953 οἱ
2562 4902 2970 4957 Μακεδονιανοί.

2203 4968 2280 5037 (9)
2317 4967 2544 5053 iurare.
2614 4971 2774 5027 Ludit
2825 4975 2877 5028 iu
2940 4976 3162 5030 vocibus
3203 4977 3616 5047 μανιχαῖσαντος
3658 4989 3712 5034 et

2133 5051 2436 5106 μανιωοως.

2204 5109 2314 5190 (ίρ)
2345 5108 2626 5190 inquiunt.
2649 5113 2700 5165 In
2719 5111 2857 5169 libro
2878 5113 3143 5190 etiam__De
3175 5114 3319 5190 Spir.
3347 5129 3526 5170 sancto
3556 5133 3707 5190 nutu.

2132 5176 2238 5258 16,_
2257 5176 2443 5258 iisdem
2464 5181 2768 5258 Scriptura:
2790 5185 3020 5238 oraculis
3046 5176 3459 5258 Macedoniauos
3489 5188 3705 5250 refellit,

2129 5247 2325 5316 quibus
2360 5248 2423 5322 in
2463 5250 2666 5322 hocg78
2703 5263 3003 5322 segmento.
3039 5257 3290 5309 Attamen
3335 5257 3475 5312 hanc
3519 5247 3705 5311 eorum

2131 5319 2531 5396 responsionem
2578 5320 2647 5373 ibi
2691 5319 2796 5376 non
2831 5336 3244 5396 commemorat,
3277 5327 3416 5380 sicut
3455 5339 3524 5378 ne
3569 5325 3708 5379 alias

2130 5389 2350 5462 quidem
2371 5389 2572 5457 plures,
2595 5405 2730 5462 quas
2761 5395 3005 5458 superius
3020 5395 3132 5461 jam
3157 5395 3337 5458 solvit,
3367 5410 3431 5450 ac
3453 5397 3504 5448 in
3525 5406 3707 5462 poste-

2131 5470 2250 5509 rum
2274 5457 2547 5534 soluturus
2571 5469 2672 5514 est.
2699 5457 2840 5534 Qua:
2861 5477 2927 5534 ex
2967 5457 3042 5534 re
3075 5457 3538 5534 Macedonianum'
3576 5464 3702 5518 illud

2131 5539 2284 5604 opus,
2317 5528 2458 5604 quod
2482 5543 2590 5595 pra:
2623 5530 2792 5582 oculis
2821 5531 3007 5604 habuit
3033 5533 3136 5588 hoc
3157 5528 3222 5588 in
3261 5534 3378 5604 loco
3421 5535 3700 5604 Didymus,

2130 5595 2335 5676 editum
2357 5597 2568 5676 videtur
2600 5609 2884 5668 postquam
2929 5602 3164 5662 dictatus
3209 5619 3242 5659 a
3275 5595 3710 5676 Didymo'l‘uerat

2130 5663 2268 5718 liber
2293 5665 2367 5718 De
2395 5663 2820 5733 Spiritu'sanc'to.

2201 5734 2312 5805 (ll)
2353 5733 2629 5821 Obtestora
2654 5736 2675 5790 ι
2703 5740 2770 5794 ad
2795 5737 2936 5794 Tim.
2967 5754 3021 5810 v,
3043 5739 3137 5798 21.
