4082 6418
440 354 544 408 519

1472 353 1558 408 DE
1601 353 1984 410 TRINITATE
2017 353 2222 411 LIBER
2255 350 2643 408 SECUNDUS.

3603 353 3711 408 550

437 479 735 548 ηγόρευσεν
765 474 1048 544 ἀγγέλους.
1080 476 1235 547 ’Πρὸς
1286 476 1496 540 τούτοις
1555 476 1648 548 [78
1693 472 1746 548 b]
1785 477 2012 548 οὐδαμοῖ

2133 477 2345 530 vocavit
2379 474 2740 537 Paracletum,
2778 473 2918 528 sicut
2953 475 3117 528 etiam
3169 474 3424 528 Dominus
3461 473 3711 528 Christus

428 569 662 641 νΓραφῆς
683 569 764 632 είς
788 568 850 638 δη
861 567 1212 639 μιουργίαν,ἦ
1235 569 1694 640 μυσταγωγίαν,ἢ
1716 569 2023 638 δοξο).ογίαν

437 663 706 731 ἀγγέλους
747 662 1374 732 συμμνημονευομένους
1417 663 1746 735 εὑρίσκομεν
1774 664 1852 734 τῷ
1879 664 2017 736 Θεῷ.

437 753 544 807 Τοῦ
575 754 632 807 δὲ
665 754 818 822 ἁγίου
841 753 980 827 Πνεύ
989 771 1156 824 ματος
1181 755 1466 808 κοινωνίαν
1485 756 1622 826 πρὸς
1650 756 1748 827 τὴν
1791 755 2022 828 θεότητα

436 845 466 898 ὁ
501 844 710 908 Παῦλος
739 844 1048 916 Κορινθίοις
1089 848 1147 898 ὲν
1189 850 1255 918 τῇ
1290 847 1517 918 δευτέρᾳ.
1561 849 1836 920 γέγραφεν
1872 849 2026 902 Ἐπιοο

439 936 636 1008 στολῇ·
673 953 692 986 ι
732 935 794 987 Ἦ
821 935 982 1006 χάρις
1007 936 1099 988 τοῦ
1135 937 1340 1005 Κυρίου
1375 938 1530 1007 ἡμῶν
1559 938 1733 1008 Ἰησοῦ
1759 940 2017 1010 Χριστοῦ,

442 1028 592 1097 καὶὴ
626 1025 815 1095 ἀγάπη
847 1025 941 1078 τοῦ
984 1025 1119 1079 Θεοῦ
1163 1028 1257 1080 καὶ
1289 1029 1521 1099 Πατρὸς,
1566 1031 1663 1082 καὶ
1700 1031 1732 1100 ἡ
1767 1031 2020 1085 κοινωνία

443 1116 537 1168 τοῦ
569 1116 718 1184 ἁγίου
752 1116 1067 1187 Πνεύματος
1090 1132 1103 1145 ·
1138 1137 1157 1170 ι
1192 1119 1288 1172 καὶ
1313 1121 1370 1171 ἐν
1399 1119 1577 1184 ἄλλοις
1597 1137 1609 1150 ο
1648 1138 1667 1172 ι
1700 1121 1769 1174 Εἴ
1793 1139 1878 1185 τις
1907 1139 2020 1175 κοι-

448 1210 605 1265 νωνία
620 1208 986 1280 Πνεύματος.»
1019 1211 1076 1264 Ὀ
1102 1209 1233 1279 γοῦν
1273 1211 1636 1283 Ἱεροψάλτης,
1663 1211 1760 1284 τὴν
1788 1213 1923 1284 πρὸς
1951 1213 2018 1266 τὰ

446 1300 783 1373 λειτουργικὰ
819 1301 1105 1372 πνεύματα
1137 1301 1438 1374 ἐξαλλαγὴν
1473 1303 1568 1356 τοῦ
1608 1305 1873 1375 ἀγενήτου
1916 1305 2019 1357 Λό-

443 1410 537 1463 γου
568 1394 658 1447 καὶ
689 1391 782 1446 τοῦ
821 1393 1002 1446 θεϊκοῦ
1042 1394 1379 1464 Πνεύματος,
1413 1395 1508 1448 xui.
1540 1395 1601 1448 τὸ
1639 1395 1713 1466 μὴ
1747 1391 1887 1450 εἶναι
1919 1397 2018 1467 τῆς

441 1487 660 1539 ἐκείνων
715 1486 1048 1557 συστοιχίας,
1101 1487 1216 1540 ἀλλ’
1254 1487 1358 1540 ὑπὸ
1394 1486 1503 1540 τῶν
1551 1487 1853 1541 αὐτοτελῶν
1885 1489 2018 1541 ὑπο-

442 1577 682 1631 στάσεων
729 1578 957 1643 τούτων,
1003 1580 1098 1632 καὶ
1144 1580 1210 1633 δι’
1241 1579 1440 1645 αὐτῶν,
1487 1581 1582 1635 καὶ
1627 1581 1694 1635 δι’
1725 1582 1892 1644 αὐτὰς
1926 1583 2017 1636 τὸν

437 1669 568 1723 Θεὸν
598 1672 834 1742 Πατέρα,
858 1672 952 1724 καὶ
976 1674 1033 1724 έν
1069 1673 1261 1737 αὐταῖς
1290 1673 1539 1726 ἐκτίσθαι
1567 1676 1692 1738 τοὺς
1725 1673 2014 1742 ἀγγέλους,

438 1761 532 1812 καὶ
571 1760 640 1813 τά
686 1762 862 1815 πάντα
900 1761 1236 1816 τελειοῦσθαι
1296 1763 1390 1816 καὶ
1440 1763 1875 1837 διακρατεῖσθαι,

2131 578 2358 622 vocatus
2383 576 2462 621 est
2491 564 2806 620 Paracletus
2837 563 2947 634 (12)
2977 580 3043 618 ex
3075 581 3140 618 eo
3173 565 3312 634 quod
3363 565 3708 628 consoletur;

2130 659 2500 713 sanctiﬁcatos
2547 666 2727 710 autem
2763 657 3040 710 ministros
3069 657 3438 711 denominavit
3467 655 3706 726 angelos.

2128 751 2210 804 Ad
2240 750 2374 813 haec,
2409 751 2461 803 in
2489 747 2636 802 nullo
2667 747 2965 816 Scriptura:
3005 747 3123 801 loco
3168 747 3387 815 angelos
3435 762 3539 800 una
3587 761 3708 800 cum

2130 839 2240 894 Deo
2271 838 2432 911 174
2459 852 2916 895 commemoratos
2952 849 3047 892 aut
3077 840 3128 892 in
3171 839 3474 903 creatione,
3512 847 3604 892 aut
3653 838 3708 892 in

2130 934 2449 996 initiatione,
2483 949 2577 987 seu
2603 933 2855 1002 baptismi
2885 932 3197 1001 disciplina,
3229 940 3321 985 aut
3350 931 3403 985 in
3437 929 3707 1002 glorifica-

2131 1026 2276 1080 tioae
2312 1027 2638 1081 invenimus.
2679 1026 2860 1080 Sancti
2879 1042 3008 1082 vero
3063 1027 3300 1095 Spiritus
3338 1027 3709 1081 communica-

2130 1118 2352 1180 tionem,
2381 1131 2474 1170 seu
2501 1117 2956 1177 cmumunionem,
2998 1133 3103 1186 qua
3155 1131 3500 1172 communem
3547 1116 3711 1170 habet

2127 1223 2247 1263 cum
2277 1207 2436 1262 Patre
2460 1208 2741 1275 deitatem,
2788 1207 2987 1263 Paulus
3027 1209 3327 1264 Corinthiis
3366 1209 3417 1263 in
3468 1209 3707 1263 secunda

2128 1303 2453 1356 memoravit
2489 1301 2722 1370 Epistola
2755 1320 2768 1356 :
2801 1322 2818 1354 ι
2881 1302 3066 1356 Gratia
3108 1301 3317 1355 Domini
3369 1301 3542 1355 nostri
3579 1297 3707 1353 Jesu

2124 1393 2350 1460 Christi,
2387 1406 2440 1448 et
2463 1395 2704 1450 charitas
2738 1395 2831 1450 Dei
2861 1412 2924 1450 ac
2950 1395 3146 1459 Patris,
3178 1405 3231 1448 et
3285 1395 3708 1448 communicatio

2125 1488 2297 1540 sancti
2332 1485 2586 1555 Spiritus.
2623 1506 2640 1539 ι
2686 1487 2753 1540 Ει
2779 1487 2905 1542 alibi
2932 1487 3074 1557 (13):
3118 1507 3135 1538 σ
3177 1486 3233 1540 Si
3265 1502 3368 1557 qua
3399 1486 3512 1556 (14)
3548 1501 3704 1540 com-

2133 1579 2430 1632 municatio
2462 1577 2719 1646 Spiritus.
2755 1599 2775 1632 ι
2818 1579 2988 1634 Porro
3018 1579 3344 1634 famulantes
3381 1580 3605 1648 spiritus
3634 1579 3706 1634 ab

2125 1669 2368 1725 iucreato
2396 1669 2595 1734 Verbo,
2633 1686 2698 1726 ac
2729 1672 2913 1727 divino
2941 1673 3145 1741 Spiritu
3172 1671 3411 1736 diﬂ'erre,
3439 1673 3582 1726 hunc
3613 1685 3708 1724 ve-

2124 1775 2188 1814 ro
2222 1761 2288 1815 ad
2319 1761 2530 1817 illorum
2560 1764 2805 1822 ordinem
2837 1779 2942 1818 non
2987 1765 3280 1833 pertinere,
3331 1767 3424 1818 sed
3447 1762 3514 1816 ab
3552 1763 3704 1817 hisce

439 1853 646 1922 ῥήμασι
677 1852 900 1906 τοιοῖσδε
921 1868 934 1882 ⁸
965 1872 982 1903 ε
1021 1852 1112 1924 Τῷ
1140 1855 1299 1926 Λόγῳ
1329 1856 1538 1927 Κυρίου
1558 1857 1608 1909 οί
1629 1857 1847 1926 οὐρανοὶ
1875 1859 2012 1910 ἑστε-

2123 1866 2221 1922 per
2245 1866 2306 1908 se
2336 1850 2593 1922 perfectis
2625 1853 3030 1924 hypostasibns,
3063 1862 3116 1907 et
3148 1869 3244 1923 per
3267 1868 3381 1920 eas,
3404 1863 3458 1907 ct
3479 1861 3701 1922 propter

439 1943 614 2015 ρεώθη
623 1961 738 2010 σαν,
761 1946 855 1999 καὶ
873 1944 952 2016 τῷ
972 1946 1247 2018 Πνεύματι
1268 1947 1360 2001 τοῦ
1384 1949 1648 2020 πόματος
1666 1950 1830 2003 αὐτοῦ
1848 1952 2019 2004 πᾶσαι

440 2036 496 2087 αἱ
521 2033 778 2105 δυνάμεις
807 2035 1008 2089 αὐτῶν.
1053 2055 1071 2088 ι
1115 2035 1356 2108 Νοητέον
1389 2036 1496 2110 γὰρ
1525 2036 1719 2105 Λόγον,
1747 2037 1838 2090 τὸν
1867 2037 1933 2091 δι’
1957 2030 2018 2090 οὗ

436 2126 503 2180 τὰ
558 2126 734 2180 πάντα
761 2143 775 2156 ·
843 2125 1070 2198 Πνεῦμα
1131 2129 1399 2200 στόματος
1456 2128 1691 2200 Κυρίου,
1755 2129 1816 2182 τὸ
1866 2128 2019 2198 ἅγιον

438 2217 660 2289 Πνεῦμα
683 2234 696 2247 ·
725 2218 982 2289 δυνάμεις
1007 2219 1274 2289 οὐρανῶν,
1300 2219 1472 2283 αὑτάς
1502 2237 1562 2273 τε
1591 2218 1688 2284 τὰς
1733 2220 2018 2282 συστάσεις

435 2311 634 2378 αὐτῶν,
660 2311 754 2364 xu‘t
786 2311 968 2382 μέντοι
1018 2312 1306 2381 ἀγγέλους,
1352 2312 1448 2366 καὶ
1495 2313 1690 2385 ἀρχὰς,
1733 2315 1827 2367 xui.
1869 2315 2018 2379 ἐξου-

438 2405 578 2470 σίας,
613 2403 706 2457 καὶ
765 2403 1042 2476 δυνάμεις.
1100 2406 1212 2458 Καὶ
1263 2405 1459 2460 πάλινο
1521 2425 1539 2458 ι
1585 2408 1642 2460 '0
1687 2407 1858 2460 ποιῶν
1890 2409 2016 2471 τοὺς

435 2496 698 2566 ἀγγέλους
748 2497 914 2551 αὑτοῦ
967 2497 1274 2568 πνεύματα,
1333 2485 1452 2552 και
1483 2500 1610 2563 τοὺς
1667 2499 2016 2572 λειτουργοὺς

435 2590 599 2644 αὐτοῦ
634 2589 744 2662 πῦρ
774 2589 988 2658 φλέγον.
1023 2609 1042 2644 ι
1076 2590 1530 2663 Διαπληκτίζεται
1563 2591 1618 2644 δὲ
1655 2592 1791 2662 πρὸς
1818 2594 2016 2656 αὐτοὺς

435 2684 530 2738 καὶ
559 2686 587 2738 ὁ
625 2683 960 2750 Ἀπόστολος,
1000 2684 1250 2756 κράζων·
1287 2701 1309 2735 ι
1342 2685 1438 2738 Ἒν
1472 2683 1697 2756 Πνεῦμα
1729 2684 2018 2756 ἐποτίσθη-

438 2794 556 2847 μεν.
600 2797 618 2829 ι
664 2777 749 2840 Ὠς
781 2777 888 2850 γὰρ
911 2777 970 2830 τὸ
992 2776 1332 2848 ἀπαύγασμα
1369 2778 1702 2850 χωρισθῆναι
1732 2780 2014 2849 ἀμήχανον

433 2867 529 2921 τοῦ
560 2869 754 2936 φωτὸς,
791 2870 884 2922 κα)⁸
932 2871 1031 2939 τὴν
1074 2869 1266 2938 σοφίαν
1298 2869 1392 2923 τοῦ
1442 2871 1608 2939 σοφοῦ
1639 2911 1656 2936 ,
1705 2871 1849 2924 τοῦτ’
1896 2871 2014 2924 ἔστι

434 2959 526 3013 τὸν
554 2961 678 3012 Υίὸν
712 2961 820 3014 ἀπὸ
849 2959 943 3014 τοῦ
977 2963 1189 3032 Πατρός
1207 2979 1222 2993 ·
1255 2961 1431 3026 οὕτως
1457 2963 1552 3017 καὶ
1585 2964 1646 3017 τὸ
1668 2963 1822 3032 ἅγιον
1844 2963 2015 3018 Πνεῦ-

439 3069 514 3122 μα
553 3051 646 3104 ἀπ’
692 3051 920 3119 ἐκείνου,
964 3043 1025 3103 οὗ
1082 3052 1197 3105 ἐστι
1241 3051 1486 3124 Πνεῦμα,
1525 3053 1600 3116 ὡς
1637 3055 1769 3126 ἡμῖν
1796 3054 1824 3107 ὃ
1885 3055 2014 3107 ἀνα-

439 3145 689 3216 πνέομεν.
723 3144 951 3198 Ἔλαθον
979 3144 1157 3198 τοίνυν
1188 3147 1435 3210 ἑαυτοὺς,
1469 3147 1545 3210 ὼς
1573 3147 1639 3200 δι’
1673 3139 1746 3198 ὧν
1770 3146 2013 3218 ἀκαίρως

2121 1957 2248 2011 eas,
2283 1955 2340 1997 ut
2383 1953 2437 1998 et
2491 1955 2712 2015 propter
2743 1944 2911 1999 Deum
2965 1945 3182 2000 Patrem
3233 1943 3366 2016 (l5),
3413 1957 3467 1999 ct
3519 1945 3572 1998 in
3620 1944 3701 1998 eis

2121 2048 2335 2092 creatos
2360 2051 2480 2092 esse
2515 2037 2755 2107 angelos,
2796 2052 2997 2107 easque
3041 2038 3222 2094 omnia
3271 2038 3597 2108 perfecisse,
3645 2047 3703 2092 et

2118 2142 2481 2194 conservare,
2548 2127 2748 2184 clamat
2801 2145 2957 2185 sacer
3029 2129 3239 2187 Psaltes
3303 2131 3388 2186 his
3455 2131 3696 2187 verbis:

2124 2238 2143 2272 ι
2164 2218 2342 2274 Verbo
2365 2219 2478 2290 (16)
2512 2218 2722 2274 Domini
2748 2221 2872 2276 ωιΙί
2896 2223 3094 2278 firmati
3126 2233 3272 2292 sunt,
3293 2233 3346 2279 et
3369 2223 3572 2293 Spiritu
3588 2223 3701 2277 oris

2117 2310 2233 2380 ejus
2258 2326 2448 2367 omnes
2479 2313 2704 2367 virtutes
2731 2327 2940 2370 eorum.
2982 2333 3002 2367 ›
3037 2313 3128 2371 Sic
3161 2317 3304 2370 enim
3349 2315 3699 2386 intelligenda

2117 2417 2245 2460 sunt
2276 2423 2288 2457 :
2333 2403 2566 2459 Verbum
2604 2417 2686 2461 est
2715 2408 2862 2474 illud,
2887 2424 2982 2477 per
3003 2411 3145 2478 quod
3177 2420 3303 2465 sunt
3338 2411 3554 2475 omnia;
3581 2407 3703 2477 Spi-

2119 2498 2256 2552 ritus
2280 2498 2390 2553 oris
2414 2498 2622 2552 Domini
2658 2511 2744 2554 est
2770 2499 3006 2571 Spiritus
3038 2516 3276 2558 sanctus.
3317 2503 3552 2558 Virtutes
3584 2518 3700 2558 coe-

2117 2589 2290 2643 lorum
2319 2600 2445 2644 sunt
2475 2606 2595 2645 cum
2633 2591 2762 2661 ipsa:
2789 2607 2976 2646 eorum
3008 2595 3279 2656 essentia},
3322 2602 3371 2648 et
3428 2594 3697 2650 constitu-

2117 2681 2312 2746 tiones,
2363 2693 2472 2735 tmn
2513 2683 2676 2736 etiam
2731 2684 2929 2752 angeli,
2963 2695 3017 2738 ct
3050 2686 3407 2755 principatus,
3447 2696 3501 2740 et
3548 2699 3700 2755 pote-

2115 2785 2304 2839 states,
2333 2783 2386 2829 et
2415 2775 2662 2830 virtutes.
2695 2775 2764 2829 Et
2789 2792 3009 2833 rursus:
3046 2795 3066 2829 ι
3109 2777 3208 2844 Qui
3237 2778 3364 2832 facit
3396 2777 3510 2849 (l7)
3533 2793 3699 2847 ange-

2116 2866 2196 2922 los
2243 2883 2371 2922 suos
2421 2869 2664 2938 spiritus,
2715 2877 2768 2924 et
2823 2871 3098 2926 ministros
3139 2887 3266 2927 suos
3306 2873 3479 2942 ignem
3530 2887 3699 2926 uren-

2118 2969 2246 3014 tem.
2284 2979 2302 3011 ι
2339 2960 2475 3027 Quin
2510 2961 2800 3030 Apostolus
2841 2963 3004 3017 etiam
3054 2965 3197 3033 ipsos
3237 2964 3538 3034 impugnat,
3585 2965 3697 3019 cla-

2115 3068 2301 3107 mans:
2335 3071 2353 3104 ι
2393 3051 2511 3107 Uno
2552 3053 2665 3125 (18)
2702 3053 2904 3123 Spiritu
2933 3058 3100 3125 potati
3129 3070 3335 3110 sumus.
3377 3075 3396 3107 ι
3430 3056 3566 3109 Nam
3591 3057 3699 3110 sic-

2115 3155 2176 3200 ut
2218 3145 2471 3213 splendor
2508 3161 2536 3199 a
2571 3145 2688 3200 luce
2708 3148 2950 3214 separari
2996 3163 3101 3203 non
3127 3155 3326 3215 potest,
3356 3162 3453 3203 nec
3477 3147 3697 3218 sapien-

437 3243 567 3311 ἡμῖν
590 3240 650 3294 οὐ
686 3238 1041 3302 συντίθενται,
1076 3240 1169 3293 κα).
1198 3240 1278 3302 εἰς
1319 3239 1409 3293 τὸν
1445 3239 1838 3294 ἀκατάσειστον
1867 3235 2012 3294 οἷκον

2121 3237 2191 3290 tia
2225 3252 2253 3288 a
2278 3236 2538 3304 sapiente,
2562 3237 2613 3290 id
2652 3247 2756 3302 est,
2779 3236 2949 3292 Filius
2981 3253 3010 3291 a
3040 3237 3201 3293 Patre
3227 3257 3238 3290 :
3267 3238 3343 3291 sic
3369 3252 3436 3291 ne
3461 3235 3697 3304 Spiritus

437 3334 712 3387 ἐπάνεισιν
759 3333 849 3384 τὸν
895 3333 952 3384 ὲν
1000 3332 1216 3404 ἀρχαῖς,
1262 3331 1385 3384 ὃθεν
1437 3331 1794 3403 ἀπεπήδησαν
1820 3348 1832 3362 °
1866 3331 2010 3403 πρά-

435 3443 618 3497 γματα
645 3424 903 3478 πλέκουσι
930 3423 1008 3494 τῷ
1048 3423 1377 3494 Ἀποστόλῳ,
1413 3423 1592 3477 αὐτῶν
1632 3424 1796 3477 ἓνεκα
1815 3422 1906 3495 [79
1933 3442 1964 3477 a
1991 3423 2010 3496 ]

432 3516 927 3589 διαμαρτυραμένῳ
950 3517 1006 3568 έν
1033 3518 1144 3579 τοίς
1177 3516 1516 3587 ὲγκειμένοις
1545 3514 1710 3568 αὑτοῦ
1747 3516 2008 3586 ῥήμασιν,

433 3611 661 3666 ἐνώπιον
688 3611 787 3681 τῆς
814 3610 1067 3664 ἀκτίστου
1107 3609 1322 3680 φύσεως
1355 3610 1449 3662 καὶ
1491 3610 1589 3680 τῆς
1623 3609 1867 3677 κτιστῆς,
1904 3625 2006 3660 πα-

507 3767 624 3840 (ιε),
657 3764 1345 3822 Paracletus.Videlibrum
1373 3763 1446 3818 De
1467 3761 1612 3832 Spir.
1647 3771 1827 3816 sancto
1855 3777 2004 3816 num.

433 3838 696 3894 279128.

507 3909 616 3982 (to)
650 3909 810 3982 yibi.
836 3906 1116 3982 Videpag.
1144 3906 1211 3961 18
1239 3913 1360 3982 _no_t.
1784 3971 1814 3982 λ
1867 3971 1900 3982 η
1943 3973 1954 3982 _

507 3910 594 3980 (15
650 3909 810 3964 Alibi.
836 3909 969 3963 Vide
995 3924 1116 3978 pag.
1144 3909 1211 3961 18
1247 3913 1360 3959 not.
1405 3909 1494 3960 18.
1943 3973 1954 3982 _

504 3909 616 4051 (141
657 3979 715 4034 Si
739 3996 862 4050 qua.
885 3977 1114 4051 Philipp.
1140 3993 1204 4051 _n,
1233 3977 1284 4029 1.
1309 3975 1366 4028 1η
1389 3971 2005 4051 libroquoqueDeszr.

429 4045 611 4106 sancto
634 4045 784 4107 num.
817 4051 903 4113 17,
935 4045 1110 4104 locum
1139 4049 1285 4102 hunc
1304 4045 1491 4101 eodem
1515 4047 1672 4098 modo
1695 4054 2005 4113 acceperat,

432 4135 692 4188 suamque
709 4119 1233 4189 interpretationem,
1257 4123 1350 4170 aut
1369 4124 1744 4186 argumentum
1767 4114 1888 4168 inde
1914 4115 2011 4168 du-

433 4200 575 4245 ctqu
601 4191 821 4258 uberius
851 4190 1230 4258 explicaverat.

504 4261 613 4332 (15)
659 4257 885 4314 Patrem.
908 4252 1108 4326 Codex,
1128 4260 1224 4332 τὸν
1246 4256 1377 4312 Θεὸν
1410 4255 1651 4326 Πατέρα.
1677 4252 1781 4332 Sed
1805 4255 2002 4332 aliquid

436 4323 782 4399 supplendum
811 4346 930 4386 esse
961 4323 1300 4402 perspicuum
1337 4335 1459 4383 est:
1489 4323 1634 4396 puta,
1671 4323 1747 4390 ὡς
1779 4325 1872 4380 καὶ
1897 4323 2004 4380 ea:

436 4399 522 4450 τὸν
549 4401 680 4450 Θεὸν
713 4401 951 4450 Πατέοα-
994 4401 1077 4450 vel
1106 4402 1247 4450 aliud
1272 4399 1420 4450 auiti.

432 4399 522 4455 τὸν
549 4401 680 4455 Θεὸν
713 4399 974 4474 Πατέραί
994 4401 1078 4457 vel
1093 4399 1247 4454 aliud
1272 4399 1420 4468 quid.

503 4472 612 4542 (16)
665 4469 850 4542 Ycrbo.
881 4472 1008 4542 Vide
1047 4481 1158 4525 not.
1189 4471 1278 4534 53,
1310 4467 1507 4542 pag._7.

2119 3326 2336 3397 quidem
2367 3336 2587 3380 sanctus
2612 3328 2679 3380 ab
2701 3342 2786 3392 eo,
2814 3328 2968 3396 cujus
3003 3340 3083 3384 est
3120 3329 3378 3398 Spiritus,
3425 3327 3568 3382 sicut
3609 3342 3698 3381 no-

2119 3420 2202 3473 bis
2233 3429 2316 3473 est
2337 3419 2562 3488 spiritus
2597 3419 2707 3482 ille,
2736 3434 2897 3489 quem
2932 3422 3224 3491 spiramus.
3260 3420 3444 3489 Itaque
3483 3433 3580 3489 per
3608 3432 3694 3481 ea,

2119 3518 2173 3572 in
2199 3517 2393 3587 quibus
2421 3517 2801 3586 intempestive
2819 3534 2848 3571 a
2886 3518 3041 3573 nobis
3065 3518 3415 3583 dissentiunt,
3446 3527 3610 3586 atque
3637 3515 3692 3568 in

2117 3608 2492 3664 inconcussam
2521 3608 2738 3662 domum
2762 3607 2898 3679 (19),
2935 3608 3024 3664 ubi
3049 3609 3203 3663 initio
3237 3607 3394 3679 175
3437 3615 3612 3672 erant,
3642 3621 3696 3662 et

2108 3760 2362 3834 Ecclesiae
2391 3761 2669 3818 catholicae
2697 3762 2875 3818 sinum
2904 3764 3082 3820 redire
3108 3763 3242 3830 vult,
3273 3779 3434 3834 quam
3473 3765 3693 3819 domum

2110 3833 2489 3887 inconcussam
2521 3843 2699 3896 vocat,
2726 3835 2867 3902 quod
2900 3853 2919 3885 ι
2955 3835 3190 3897 concuti,
3224 3855 3242 3886 ι
3278 3833 3430 3888 idest
3461 3835 3568 3888 falli
3601 3851 3698 3890 ne-

2107 3914 2291 3970 queat,
2322 3913 2510 3972 utpote
2543 3922 2561 3955 ι
2589 3905 2836 3959 columna
2866 3914 2919 3959 et
2941 3905 3339 3960 firmamentth
3372 3906 3638 3973 veritatis,
3670 3933 3692 3959 δ

2108 3975 2178 4026 de
2216 3989 2319 4042 qua
2361 3974 2587 4042 proinde
2621 3975 2784 4028 etiam
2819 3975 2872 4028 in
2903 3985 3196 4030 comment.
3242 3977 3296 4028 in
3333 3975 3578 4029 Pis-almo:
3628 3978 3695 4029 ad

2108 4058 2251 4118 vers.
2273 4044 2356 4118 Δ10
2381 4044 2516 4118 psal.
2548 4060 2649 4118 xcv
2684 4044 2761 4118 sic
2789 4044 3030 4115 loquitur
3058 4046 3226 4118 [Τὴν
3245 4046 3572 4118 Ἐκκλησίαν
3597 4047 3697 4101 αὑ-

2105 4111 2224 4188 τοῦ,
2267 4115 2390 4188 ἥτις
2426 4116 2486 4166 οὐ
2522 4111 2925 4188 Ῠσαλευθήσεται
2953 4132 2966 4146 ⁸
3017 4111 3406 4186 τεθεμελίωται
3434 4111 3561 4188 ’γὰρ
3601 4119 3696 4170 ἐπὶ

2110 4183 2208 4254 τὴν
2243 4183 2466 4254 πέτραν,
2519 4187 2570 4240 id
2610 4195 2692 4240 est
2726 4183 3076 4241 (Ecclesiam
3125 4183 3242 4253 ejus
3287 4188 3404 4258 (Dei
3443 4183 3694 4257 scilicet),

2111 4268 2233 4322 qua;
2283 4272 2400 4326 non
2427 4259 2802 4321 concutietur;
2838 4258 3055 4311 fundata
3100 4259 3242 4312 enim
3282 4269 3366 4312 est
3411 4273 3572 4324 supra
3603 4273 3697 4326 pe-

2114 4335 2272 4379 tram.
2313 4344 2331 4376 ι
2372 4323 2560 4380 Plures
2592 4342 2755 4395 porro
2789 4328 2966 4381 adhuc
2991 4338 3167 4393 erant,
3211 4343 3335 4382 cum
3368 4323 3490 4382 hzec’
3524 4323 3695 4381 dicta-

2111 4396 2307 4466 bantur
2338 4413 2366 4448 a
2411 4397 2656 4466 Didymo,
2688 4412 2790 4450 non
2822 4399 2991 4451 solum
3027 4397 3142 4450 laici
3183 4409 3236 4451 et
3263 4397 3465 4460 clerici,
3503 4398 3608 4466 sed
3641 4407 3692 4450 et

2110 4465 2367 4534 episcopi,
2413 4465 2523 4534 qui
2554 4467 2953 4536 Scripturarum
3001 4483 3063 4520 ac
3117 4468 3331 4520 Patrum
3383 4469 3449 4521 de
3490 4465 3693 4536 Spiritu

506 4534 618 4613 (17)
660 4541 763 4608 Qui
783 4542 932 4610 facit.
957 4540 1098 4598 Psal.
1117 4557 1235 4605 cm,
1258 4534 1404 4613 vers:
1427 4537 1554 4613 4._ln
1582 4535 1725 4613 libro
1754 4534 1829 4592 De
1851 4537 2001 4613 _S_pir.
2036 4543 2082 4597 D
2111 4547 2300 4613 Sancto
2328 4538 2640 4613 locutiones
2659 4534 2730 4590 ita
2767 4538 3107 4613 accipiendas
3132 4534 3694 4613 esse_s_entiebaitt,_t_it

433 4606 613 4668 sancto
648 4606 799 4668 num.
831 4613 901 4667 56
941 4613 1210 4682 videbitur
1247 4609 1405 4682 paulo
1430 4609 1588 4662 aliter
1625 4606 1818 4682 legisse
1849 4609 2007 4682 Didy-

433 4699 576 4756 mus,
603 4683 650 4738 si
686 4683 978 4756 editionem
1001 4679 1369 4737 Veronensem
1393 4693 1684 4749 sequamur
1713 4692 1732 4756 :-
1758 4679 2003 4756 sic_ei_iim

435 4754 635 4808 habet:
670 4769 689 4804 ι
720 4754 1066 4823 Appellantur
1099 4765 1312 4822 quoque
1349 4748 1596 4820 superna:
1629 4748 2008 4823 rationabiles-

433 4816 820 4897 quevirtutes,
837 4839 969 4894 quas
1004 4816 1138 4880 solet
1161 4816 1448 4897 Scriptura
1487 4816 1814 4897 a~ngelos_,_et
1855 4819 2007 4897 forti:

435 4887 646 4947 t'udines
692 4887 989 4960 nominare,
1023 4887 1555 4960 vocabulo'spiritus,
1590 4895 1647 4941 ut
1681 4887 1752 4941 ibi
1789 4905 1804 4940 :
1841 4908 1860 4940 ι
1903 4888 2006 4956 Qui

433 4962 567 5038 facis
605 4966 822 5038 angelos
863 4974 982 5020 tuos
1027 4965 1271 5038 spiritus.
1311 4980 1329 5013 ι
1359 4961 1637 5038 _At_c.odex
1688 4969 1872 5038 noster
1900 4975 2004 5014 ms.

432 5033 631 5101 aliique
669 5029 866 5090 habent
894 5051 907 5088 :
937 5045 994 5089 ut
1032 5029 1106 5089 ibi
1140 5035 1217 5088 ait
1249 5050 1264 5088 :
1300 5050 1318 5083 ι
1351 5031 1448 5098 Qui
1486 5029 1613 5084 facit
1641 5029 1860 5101 angelos
1882 5045 2008 5085 suos

431 5099 668 5171 spiritus.
709 5123 750 5178 ιΔ
771 5106 1139 5178 Tertullianus
1163 5103 1382 5178 pariter
1412 5102 1505 5178 lib.
1537 5100 1747 5178 "fulti.-
1769 5099 2006 5178 Marcio-

431 5189 550 5225 ncm
578 5188 695 5242 cap.
725 5175 758 5229 8
784 5176 862 5230 sic
886 5178 1014 5231 citat
1051 5193 1064 5229 :
1105 5193 1124 5226 ι
1154 5171 1254 5240 Qui
1281 5172 1430 5235 facit,
1457 5171 1650 5240 inquit,
1669 5171 1891 5238 spiritus
1909 5185 2006 5225 an-

432 5242 602 5311 gelos,
621 5241 673 5314 et
688 5246 1024 5314 apparitores
1051 5241 1506 5314 ﬂammamignis.
1545 5260 1564 5293 ι

504 5314 616 5384 (18)
656 5309 792 5370 Urio.
829 5317 845 5368 Ι
887 5318 951 5370 ad
986 5318 1114 5372 Cor.
1147 5331 1244 5378 xu,
1289 5313 1376 5367 15.
1419 5312 1604 5384 Graeca
1651 5309 1817 5384 editio
1861 5326 1876 5364 ε
1926 5311 2008 5374 εἰς

429 5381 521 5446 ἐν,
545 5381 646 5439 hec
680 5395 762 5440 est
795 5407 813 5438 ι
844 5387 898 5440 in
931 5403 1058 5447 uno.
1097 5406 1117 5439 ι
1158 5396 1216 5440 ιιι
1247 5385 1412 5439 habet
1435 5381 1692 5452 Vulgatus
1717 5382 2002 5450 interpres.

429 5453 661 5526 Rufinus
688 5472 903 5526 quoque
937 5456 1253 5512 Palaastinus
1279 5454 1422 5526 legit
1462 5463 1520 5506 ut
1544 5453 1800 5526 Didymus
1826 5467 1850 5526 _:
1876 5468 2005 5526 nam

424 5526 484 5579 iu
520 5525 660 5578 libro
692 5521 769 5579 De
793 5521 898 5595 ﬁde
921 5543 1048 5580 num
1081 5527 1148 5581 14
1176 5526 1255 5581 sic
1278 5521 1442 5589 legit:
1483 5541 1503 5574 ι
1543 5521 1719 5578 Unum
1748 5521 2008 5592 Spiritum

423 5597 600 5666 putati,
629 5612 839 5666 sumus.
878 5615 896 5648 ι
926 5595 1062 5652 Vide
1091 5612 1260 5666 segm.
1294 5595 1392 5650 120
1413 5612 1472 5666 9.

497 5665 612 5735 (19)
653 5665 723 5718 In
759 5669 1120 5720 inconcussam
1144 5661 1378 5720 domum.
1413 5663 1652 5733 Respicit
1688 5663 1815 5718 illuo
1857 5661 2008 5735 P_auli

427 5731 481 5788 in
504 5731 604 5804 Ep.
639 5735 660 5788 1
696 5737 763 5790 ad
794 5736 933 5792 Tim.
959 5752 1080 5805 cap.
1115 5753 1199 5801 ιιι,
1228 5750 1371 5791 vers.
1403 5736 1470 5789 15
1507 5731 1534 5788 ε’
1559 5754 1577 5786 ι
1613 5735 1670 5789 1η
1701 5735 1860 5790 domo
1889 5732 2006 5799 Dei,

425 5815 547 5872 qua
575 5817 658 5862 est
687 5806 928 5865 Ecclesia
966 5806 1063 5863 Dei
1101 5808 1227 5864 vivi.
1274 5825 1293 5858 ι
1341 5805 1753 5863 Macedonianos
1785 5819 1915 5876 ergo
1954 5805 2009 5860 in

2109 4619 2202 4659 eas
2224 4606 2592 4661 Macedoniani
2629 4608 3145 4674 interpretabantur.
3189 4608 3552 4662 Nihilmninus
3601 4608 3695 4660 Di-

2108 4675 2441 4747 dymusduo
2493 4678 2579 4730 hic
2611 4685 2866 4744 tanquam
2909 4689 3058 4731 certa
3111 4678 3273 4733 habet
3309 4695 3322 4732 :
3355 4680 3540 4747 primo
3578 4691 3692 4740 eos,

2107 4747 2197 4812 qui
2235 4746 2540 4814 huiusmodi
2579 4748 2876 4801 locutiones
2914 4750 2994 4802 sic
3027 4746 3390 4816 cxplicabant,
3419 4759 3476 4802 ut
3525 4746 3698 4817 Spiri-

2110 4825 2222 4869 tum
2255 4829 2499 4871 sancmm
2528 4817 2674 4871 Patri
2709 4817 2957 4886 Filioque
2981 4817 3502 4873 consubstantialem
3535 4821 3698 4871 deno-

2111 4893 2304 4958 tarent,
2361 4901 2480 4942 esse
2528 4888 2931 4958 illaerhristi
2980 4888 3300 4954 Ecclesiam,
3343 4904 3508 4958 quam
3560 4888 3695 4943 fides

2109 4957 2267 5010 docet
2310 4972 2432 5012 esse
2479 4957 2818 5011 infallibilem
2876 4976 2891 5013 :
2944 4959 3140 5014 deinde
3190 4957 3607 5015 Macedonianos
3641 4960 3696 5012 in

2108 5026 2350 5081 Ecclesia
2391 5027 2620 5097 amplius
2650 5045 2752 5082 non
2781 5033 3063 5086 exsistere.
3105 5029 3302 5084 Verum
3341 5030 3386 5084 si
3416 5030 3470 5085 in
3495 5029 3697 5085 Febro-

2110 5098 2272 5168 niaua
2307 5099 2504 5167 potius,
2539 5114 2699 5167 quam
2745 5100 2796 5151 in
2833 5100 3134 5168 theologica
3184 5100 3372 5155 schola
3416 5101 3697 5154 institutus

2109 5166 2320 5232 fuisset,
2345 5169 2487 5221 haud
2516 5166 2628 5223 seio
2667 5185 2734 5221 an
2763 5172 2876 5224 haec
2907 5166 3273 5225 duo‘lidenter
3306 5180 3690 5225 asseverasset.

2109 5235 2305 5312 Quaero
2351 5239 2497 5292 enim
2548 5254 2614 5292 ex
2666 5251 2957 5308 personato
2999 5241 3090 5294 illo
3123 5239 3510 5312 iurisconsulto
3542 5238 3692 5312 [nam

2107 5323 2174 5381 eo
2195 5310 2308 5377 jam
2337 5319 2554 5381 ventum
2587 5319 2691 5372 est,
2732 5320 2790 5362 ut
2819 5313 2886 5365 de
2915 5311 3228 5381 theologicis
3277 5313 3436 5366 rebus
3469 5310 3696 5379 iurispe-

2109 5379 2245 5452 r_i_tos
2275 5379 2580 5452 consulere,
2610 5391 2663 5434 et
2690 5395 2810 5449 qua:
2844 5398 2907 5435 ex
2947 5379 3212 5452 theologis
3239 5382 3567 5450 accepimus,
3599 5386 3693 5452 de-

2111 5449 2322 5504 discere
2341 5465 2435 5522 nos
2456 5450 2651 5504 debere
2673 5454 3005 5506 contendant
3030 5449 3154 5507 novi
3177 5453 3265 5506 isti
3288 5449 3690 5522 jurisconsulti,

2111 5529 2171 5592 ut
2209 5534 2274 5574 ea
2331 5521 2624 5592 discamus,
2674 5537 2793 5591 qua:
2837 5522 2940 5592 ipsi
2989 5538 3089 5578 nos
3127 5520 3429 5592 dedecent]
3477 5535 3686 5589 quaero,

2111 5589 2356 5662 inquam,
2385 5606 2450 5645 ex
2483 5602 2555 5656 te,
2588 5589 2803 5646 Justine
2829 5591 3090 5658 Febroni,
3119 5607 3365 5662 quonam
3391 5589 3548 5662 modo
3574 5592 3693 5644 haec

2111 5660 2218 5714 duo
2254 5675 2378 5732 vera
2429 5667 2716 5717 ostendere
2763 5664 3020 5732 Didymus
3071 5660 3371 5732 potuisset?
3410 5661 3692 5732 Aniex_eo

2111 5732 2254 5799 quod
2280 5731 2556 5787 Romanus
2584 5729 2887 5803 episcOptis.
2915 5741 3009 5788 aut
3034 5729 3273 5803 Romana
3305 5729 3693 5803 EcclesiaﬂEc-

2113 5803 2398 5860 etesiarum
2449 5800 2691 5860 omnium
2753 5800 3010 5876 magistra
3058 5802 3500 5860 Macedonianam
3545 5800 3688 5856 illam
