4082 6424
440 331 546 389 533

1429 333 1516 388 DE
1553 331 1930 390 TRINITATE
1966 332 2172 389 LIBER
2213 330 2603 391 SECUNDUS.

3597 340 3706 398 556

437 447 572 502 αὐτὸ
597 445 758 517 φύσει
782 429 962 517 ἅγιον,
985 447 1079 502 καὶ
1094 446 1170 511 ὡς
1191 447 1288 519 τὴν
1310 450 1486 505 κτίσιν
1514 452 1737 521 ἁγιάζον
1762 467 1775 480 ·
1805 451 2015 522 ἄφθαρ·

2120 465 2344 519 regnum
2399 465 2524 506 cum
2557 449 2718 506 Patre
2764 460 2820 506 et
2867 450 3039 517 Filio;
3092 463 3360 520 sanctum,
3420 456 3545 527 quia
3585 456 3708 528 ipse

436 554 549 599 τον.
586 537 810 605 ἀγαθὸν,
850 536 1092 608 ἀγάπην,
1127 538 1351 608 σοφίαν,
1380 538 1616 604 σύνεσιν,
1668 541 1745 604 ὼς
1788 540 1884 593 καὶ
1925 539 2018 591 τὸν

434 628 570 682 θεὸν
619 629 1061 701 προσηγόρευσεν
1084 647 1098 662 ·
1142 631 1388 702 δύναμιν,
1437 632 1533 702 ἀφ’
1583 626 1658 686 ὧν
1700 631 2015 702 ὲνδυναμοῖ·

435 720 666 783 δίκαιον,
701 721 795 790 ἀφ’
827 715 902 774 ὧν
924 721 1142 786 δικαιοῖ,
1175 723 1691 795 αὐτοαναμάρτητον
1726 724 1971 796 ὑπάρχον
1999 741 2016 755 ·

437 812 814 884 Παράκλητον,
864 814 941 879 ὡς
974 816 1069 870 καὶ
1111 816 1204 870 τὸν
1248 816 1407 870 Υίόν’
1453 816 1586 888 πῦρ,
1633 818 1727 888 ἀφ’
1758 814 1833 872 ὧν
1861 816 2015 889 ὤφθη

436 909 548 969 τοῖς
574 905 894 971 ἀποστόλοις
933 909 1188 980 πυρίναις
1227 908 1521 978 γλώσσαις,
1571 910 1715 965 καθὰ
1758 911 1888 984 περὶ
1919 911 2016 982 μὲν

437 998 532 1051 τοῦ
582 998 795 1071 Πατρὸς
843 998 990 1068 λέγει
1050 1001 1290 1071 Μωῦσῆς
1315 1016 1328 1031 ·
1369 1019 1388 1052 ι
1440 1001 1497 1054 '0
1533 1000 1666 1065 Θεὸς
1713 1001 1872 1071 ήμῶν
1905 1001 2015 1074 πῦρ

441 1088 861 1143 καταναλίσκον·
901 1109 919 1143 ι
961 1090 1089 1161 περὶ
1132 1090 1189 1144 δὲ
1226 1088 1319 1143 τοῦ
1358 1089 1488 1144 Υίοῦ
1532 1090 1784 1162 Ἰωάννης
1806 1108 1820 1123 ο
1855 1110 1876 1144 ‹
1908 1092 2018 1145 Αὑ-

443 1183 534 1247 τδς
559 1183 697 1254 ὑμᾶς
728 1182 980 1253 βαπτίσει
1008 1185 1065 1238 ὲν
1094 1183 1374 1256 Πνεύματι
1402 1185 1541 1255 ἁγίῳ
1567 1184 1662 1238 καὶ
1686 1183 1845 1255 πυρί·
1874 1203 1894 1238 ι
1922 1185 2016 1239 καὶ

446 1272 543 1326 ὅσα
561 1273 801 1328 τοιαῦτα.

508 1536 640 1590 KA'.
686 1534 750 1590 Ἠ
775 1535 950 1598 κτίσις
978 1535 1128 1590 οὐδὲν
1158 1535 1271 1607 ἔχει
1317 1536 1377 1591 ὲν
1421 1538 1520 1608 μιᾷ
1552 1536 1866 1602 ὑποστάσει,
1894 1535 2012 1607 ἦτοι

439 1627 497 1680 ὲν
534 1627 618 1681 ἐνὶ
665 1626 961 1697 προσώπῳ.
1012 1627 1279 1698 ὑπάρχον.
1331 1628 1442 1682 Καὶ⁵
1487 1627 1595 1699 γὰρ
1648 1627 1871 1697 ἄγγελοι
1916 1627 2012 1681 καὶ

439 1717 765 1788 ἀρχάγγελοι
800 1716 981 1771 πολλοί
1008 1735 1023 1749 ·
1059 1717 1127 1772 τὰ
1161 1719 1404 1791 σεραφὶμ
1438 1719 1673 1790 ὁμοίως·
1707 1719 1774 1773 τὰ
1818 1735 2010 1792 χερου-

440 1809 559 1878 σιμ,
589 1811 688 1880 οὐχ
724 1808 782 1863 ἓν
818 1810 871 1862 τί
908 1810 1076 1876 ἐστιν,
1115 1811 1284 1882 ἀρχαὶ
1315 1811 1409 1866 καὶ
1454 1811 1696 1878 ἐξουσίαι
1746 1811 2012 1883 εἴρηνται,
2047 1806 2090 1861 Β

437 1901 715 1973 δυνάμεις.
748 1902 842 1956 καὶ
873 1903 1215 1975 κυριότητες,
1256 1904 1350 1957 κα)¹
1375 1902 1573 1975 θρόνοι,
1604 1903 2009 1973 πληθυντικῶς’

438 1996 676 2066 οὐρανοὶ,
705 1995 1004 2066 ἄνθρωποι,
1028 1995 1123 2048 καὶ
1152 1995 1221 2049 τά
1244 1994 1405 2049 λοιπὰ
1431 1996 1728 2068 ποιήματα.
1753 1997 2015 2050 Κοινωνεῖ

437 2095 546 2165 γὰρ
581 2094 673 2147 καὶ
709 2093 880 2164 ἥλιος,
916 2093 1011 2147 καὶ
1044 2092 1241 2164 σελήνη
1270 2091 1349 2162 τῷ
1393 2091 1587 2163 πλήθει
1625 2091 1735 2146 τῶν
1772 2094 2012 2164 ἄστρων,

437 2187 505 2257 τῇ
538 2201 598 2236 τε
636 2183 795 2252 φύσει
853 2182 946 2236 καὶ
987 2180 1065 2253 τῷ
1106 2181 1397 2253 πυροειδεῖ,
1431 2179 1507 2243 ὡς
1550 2179 2011 2251 ὲξεργαστικὼτε-

440 2294 533 2348 ρον
568 2276 657 2349 [79
697 2275 756 2349 b]
790 2278 819 2330 6
852 2274 1067 2347 πρῶτος
1109 2273 1265 2328 τοῦτο
1296 2273 1581 2345 περιέσχεν
1624 2272 1801 2341 λόγος.
1844 2272 1917 2325 Τὸ
1955 2273 2013 2326 δὲ

437 2369 591 2437 ἅγιον
617 2368 860 2437 Πνεῦμα,
889 2368 966 2431 ὼς
999 2367 1075 2438 μὴ
1101 2366 1415 2437 ἐναρίθμιον
1437 2368 1506 2436 τῇ
1534 2365 1731 2431 κτίσει,
1754 2366 1812 2419 ἓν
1838 2366 1929 2420 καὶ
1954 2366 2015 2420 τὸ

438 2463 571 2517 αὐτὸ
593 2459 734 2516 εἶναι
757 2462 826 2515 τὰ
853 2460 1009 2531 λόγια
1041 2462 1172 2533 ἡμῖν
1195 2459 1702 2531 προσανεφιῖηησεν.

507 2643 634 2697 ΚΒ’.
676 2642 741 2695 ’Π
774 2640 951 2705 κτίσις
972 2642 1034 2695 οὑ
1059 2640 1367 2711 γέγραπται
1404 2636 1541 2693 εἶναι
1564 2637 1709 2711 ῦδωρ
1742 2637 1888 2711 ζωῆς
1910 2656 1924 2671 ·
1951 2639 2013 2692 οὐ

438 2731 547 2805 γὰρ
577 2732 669 2801 ἀφ’
702 2733 900 2802 ἑαυτῆς
924 2731 1081 2803 ἔσχεν
1115 2728 1397 2796 άειζωῒαν,
1433 2729 1509 2794 ὡς
1554 2732 1583 2783 6
1614 2729 1867 2803 άνάρχως
1907 2729 2015 2795 ζῶν

439 2823 593 2887 θεός.
633 2824 706 2876 Τὸ
737 2823 793 2877 δὲ
820 2823 973 2891 ἆγιον
1005 2821 1233 2893 Πνεῦμα
1260 2821 1416 2876 τοῦτο
1439 2817 1578 2876 εἷναι
1607 2822 1945 2894 εὐφημοῦσιν
1965 2823 2017 2878 οἱ

438 2917 495 2970 ὲν
514 2918 628 2980 τοῖς
652 2913 1162 2987 ὑπογεγραμμένοις
1195 2915 1762 2987 μνημονευθησόμενα
1796 2916 2015 2988 ἱεροκήο

438 3024 604 3081 ρυκες
629 3048 646 3075 ,
680 3008 755 3072 ὼς
790 3010 855 3061 ἐκ
873 3007 975 3077 τῆς
1003 3007 1272 3061 ἀθανάτου
1306 3006 1402 3062 καὶ
1440 3006 1713 3077 φυσιζώου
1745 3008 2018 3080 πατρικῆς

439 3101 620 3171 πηγῆς
648 3100 908 3171 ωμφυῶς
934 3100 1383 3172 ἐκπορευόμενον,
1405 3100 1526 3170 οὐχ).
1543 3100 1881 3171 κτιζόμενον.
1904 3101 2018 3153 Κα-

440 3196 612 3268 θάπερ
633 3195 741 3267 γάρ
766 3197 824 3248 ἐν
846 3194 925 3267 τῷ
951 3194 1152 3268 πρώτῳ
1181 3194 1407 3265 είπομεν
1434 3192 1598 3263 λόγῳ.
1628 3193 1710 3245 ὅτι
1733 3191 1795 3244 τὸ
1817 3190 1933 3261 φῶς
1952 3190 2012 3244 οὐ

440 3289 809 3359 γενεσιουργεῖ
831 3288 930 3359 τὴν
946 3287 1140 3341 ἑαυτοῦ
1162 3285 1354 3356 αὐγὴν.
1368 3284 1505 3338 ἀλλὰ
1523 3285 1687 3355 γεννᾷ
1703 3300 1718 3315 ·
1740 3282 1914 3346 οὕτως
1938 3285 2017 3337 sv-

438 3377 631 3443 ταῦθα,
676 3379 758 3431 ὅτι
803 3379 836 3450 η
888 3377 1040 3448 πηγὴ
1100 3377 1161 3429 οὐ
1211 3376 1585 3446 γενεσιουργεῖ
1630 3372 1692 3427 τὸ
1739 3374 1798 3440 ἐξ
1845 3374 2016 3445 αὐτῆς

439 3468 608 3541 ῦδωρ,
650 3469 766 3523 ἀλλ’
799 3469 1234 3542 ἐκπορευόμενον
1278 3466 1394 3538 ἔχει
1440 3467 1536 3521 καὶ
1567 3464 1874 3538 ὁμοούσιον.
1907 3467 2015 3519 Οὑ-

436 3561 549 3625 δεὶς
587 3561 696 3633 γὰρ
733 3563 828 3615 τοῦ
873 3561 1091 3625 ἑαυτοῦ,
1138 3561 1173 3632 ἢ
1220 3558 1338 3613 υἱοῦ
1360 3600 1377 3625 ,
1411 3558 1445 3629 ἢ
1483 3557 1822 3629 πνεύματος,
1863 3573 2017 3625 γενε-

440 3653 691 3725 σιουργός
724 3655 903 3706 ἐστιν·
953 3652 1076 3706 ἐπεὶ
1127 3653 1229 3706 οὐκ
1265 3651 1345 3705 ἔτι
1392 3650 1596 3722 πατὴρ,
1627 3648 1753 3703 οὔτε
1799 3647 2019 3719 πνεῦμα

439 3745 599 3816 ἔχων.
653 3745 925 3816 Ἱερεμίας
969 3746 1035 3798 ἐκ
1082 3743 1377 3816 προσώπου
1442 3742 1537 3797 τοῦ
1593 3740 1763 3795 Θεοῦο
1831 3759 1849 3793 ι
1903 3740 2021 3807 Ἑξ-

445 3836 579 3907 ἐστη
623 3836 653 3889 6
692 3835 921 3906 οὐρανὸς
965 3835 1063 3889 ἐπὶ
1104 3830 1301 3907 τούτῳ,
1336 3835 1432 3890 καὶ
1463 3832 1682 3905 ἔφριξεν
1712 3832 1804 3886 ἐπὶ
1842 3832 2018 3902 τούτῳ

436 3927 473 3999 ἡ
518 3925 624 3997 γῆ·
667 3925 749 3979 ὅτι
794 3924 889 3978 δύο
928 3925 1023 3979 καὶ
1071 3925 1286 3996 πονηρὰ
1338 3925 1594 3996 ἐποίησεν
1638 3926 1668 3978 6
1710 3923 1839 3987 λαός
1891 3940 2014 3994 μου.

448 4019 582 4091 Ἐμὲ
611 4017 970 4088 ἐγκατέλιπον
992 4019 1177 4090 πηγὴν
1206 4017 1399 4081 ὓδατος
1428 4016 1651 4082 ζῶντος,
1683 4017 1778 4071 καὶ
1803 4015 2018 4087 ὤρυξαν

438 4110 655 4173 ἑαυτοῖς
684 4109 922 4173 λάκκους
960 4108 1477 4180 συντετριμμένους,
1506 4108 1557 4162 οἳ
1597 4108 1657 4162 οὐ
1697 4106 2018 4178 δυνήσονται

440 4197 587 4268 ὕδωρ
628 4197 893 4267 συνέχειν.
927 4215 946 4249 ι
982 4195 1056 4249 T6
1090 4197 1390 4268 μυστήριον
1432 4197 1461 4248 6
1506 4196 1794 4267 προφήτης
1825 4211 2018 4265 μυστι-

443 4289 555 4356 κῶς
593 4289 888 4345 ἐκτίθεται.
934 4287 1101 4343 Εἶπεν
1134 4289 1245 4361 γὰρ
1289 4288 1474 4358 πηγὴν
1525 4288 1618 4341 τὸν
1660 4287 1830 4340 Θεόν·
1874 4285 2017 4357 ὓδωρ

442 4375 499 4429 δὲ
548 4376 657 4440 ζῶν
710 4376 771 4431 τὸ
828 4376 983 4446 ἆγιον
1033 4377 1280 4450 Πνεῦμα,
1326 4378 1388 4431 τὸ
1434 4377 1492 4431 ὲν
1538 4379 1605 4448 τῇ
1661 4375 2019 4448 κολυμϐήθρᾳ

448 4468 624 4532 πάσας
660 4468 815 4539 ἡμῶν
852 4470 1180 4543 ὲκκαθαίρον
1220 4470 1323 4533 τάς
1372 4470 1669 4541 ἁμαρτίας,
1703 4468 1767 4522 τὸ
1796 4468 2021 4523 διασπα-

444 4559 637 4631 σθῆναι
667 4564 735 4633 τῇ
773 4561 930 4633 φύσει
963 4562 1062 4633 τῆς
1105 4563 1304 4633 νοητῆς
1344 4561 1529 4634 πηγῆς
1584 4562 1659 4633 μὴ
1701 4562 2019 4632 δυνάμενον,

442 4652 518 4716 ὡς
567 4653 663 4706 καὶ
712 4653 773 4707 τὸ
822 4656 888 4709 ὲκ
942 4654 1135 4727 πηγῶν
1188 4653 1428 4727 ῥεῖθρον.
1491 4653 1722 4717 Ἡσαΐας
1780 4653 2014 4725 ὁμοίως·

449 4759 470 4794 ι
532 4742 676 4812 Ἐγὼ
713 4742 871 4799 δώσω
910 4743 1055 4815 ὕδωρ
1103 4746 1162 4799 ἐν
1197 4744 1330 4818 δίψῃ
1371 4745 1486 4809 τοῖς
1532 4744 1920 4816 πορευομένοις
1961 4746 2019 4798 ὲν

518 4946 630 5018 (24)
672 4946 831 5018 Deus.
860 4948 1018 5004 Deut.
1069 4963 1142 5011 tv,
1179 4947 1272 5005 24.
1317 4946 1485 5002 Biblia
1516 4965 1532 5003 :
1562 4963 1679 5010 σου,
1714 4962 1811 5018 pro
1835 4945 2010 5017 ὑμῶν.

518 5017 636 5142 (25)
670 5016 810 5084 Ipse.
840 5018 1029 5075 Matth.
1057 5033 1139 5085 III,
1170 5019 1256 5084 il,
1306 5020 1422 5074 haec
1456 5029 1691 5082 exstant,
1719 5016 1843 5072 ‘non
1877 5016 2014 5072 vero

518 5090 585 5140 nd
642 5103 889 5142 oanuem.

448 5090 889 5159 aptltiAJOQtlllem.

522 5156 635 5228 (26)
675 5155 867 5213 Unum.
900 5160 1074 5215 Simili
1106 5160 1316 5215 ratione
1362 5156 1678 5213 Ambrosius
1723 5155 1820 5210 lib.
1864 5172 1896 5211 v
1936 5155 2015 5210 De

447 5227 575 5298 fide,
600 5243 714 5295 cap.
736 5228 804 5284 2:
831 5248 850 5280 ι
876 5230 949 5284 De
977 5233 1145 5294 nullo,
1177 5229 1371 5298 inquit,
1397 5229 1487 5296 qui
1511 5238 1727 5298 creatus
1757 5236 1860 5292 est,
1887 5241 2014 5295 pro-

450 5297 687 5366 prie-dici
720 5311 915 5368 potest,
954 5303 1077 5369 quia
1102 5296 1370 5356 solus'est.
1411 5298 1547 5353 Nam
1579 5296 1663 5351 cui
1695 5296 1836 5369 inest
1859 5312 2012 5351 com-

451 5369 684 5441 munitas
705 5367 989 5436 creaturae,
1014 5371 1466 5441 quemadmodum
1492 5370 1644 5438 quasi
1672 5367 1820 5425 solus
1841 5376 2018 5437 potest

447 5450 481 5490 ι
507 5439 717 5507 (τοκῆε
741 5439 1057 5506 separari?)
1102 5441 1167 5496 Et
1190 5439 1415 5507 reliqua.

518 5506 633 5578 (27)
680 5504 979 5578 Obstupuit.
1024 5511 1225 5567 Jerem.
1279 5504 1349 5569 ti.
1394 5508 1461 5561 I2
1504 5517 1560 5562 et
1615 5507 1701 5562 I5.
1753 5504 2014 5578 complu-

447 5575 618 5652 ξοπιεἱρ
664 5578 830 5652 editio
848 5575 896 5652 ξ,
920 5578 1140 5652 Ἐξέστη
1191 5579 1221 5632 6
1249 5578 1494 5652 3690M;
1522 5578 1665 5652 yth
1688 5575 1869 5652 τοῦτο,
1922 5575 2016 5652 καὶ

446 5645 666 5768 εῗριξῧν
695 5648 793 5701 ἐπὶ
842 5648 1042 5716 πλεῖον,
1069 5645 1217 5718 λέγει
1248 5645 1482 5718 Κύριος’
1517 5649 1598 5702 ὅτι
1642 5646 1735 5701 δύο
1780 5647 2014 5716 πονηρά,

446 5731 482 5768 e
536 5731 595 5768 re
619 5731 765 5768 :uua.

446 5726 507 5771 et
536 5718 765 5771 reliuua.

520 5732 965 5859 (gignamun
991 5790 1158 5844 vivam
1208 5789 1466 5859 Spiritum
1509 5798 1768 5844 sanctum.
1811 5786 2012 5843 Eodem

765 5885 1042 5950 Ριτιιοι.
1084 5887 1201 5953 Gtt.
1249 5885 1554 5950 XXXIX.

2120 557 2216 612 per
2244 557 2304 597 se
2329 553 2518 597 natura
2557 553 2780 599 sanctus
2806 553 2912 611 est,
2946 554 3002 600 et
3034 555 3337 601 creaturam
3366 547 3702 617 sanctiﬁcat;

2121 634 2608 704 incorruptibilem,
2668 635 2895 700 bonum,
2959 637 3302 701 cltaritatcm,
3356 639 3699 708 sapientiam,

2119 726 2552 797 intelligentiam,
2589 729 2729 784 sicut
2759 739 2815 783 et
2854 727 3020 783 Deum
3057 729 3383 799 appellavit;
3422 731 3699 799 virtutem,

2118 834 2185 874 ex
2219 833 2284 874 eo
2312 819 2456 889 quod
2478 819 2717 881 roboret,
2747 834 2813 874 ac
2849 819 2992 874 vires
3029 818 3318 888 largiatur;
3364 818 3591 888 justum,
3632 837 3700 877 ex

2099 925 2182 965 .eo
2211 910 2670 980 quodjustilioet;
2703 909 3107 981 impeccabilent
3144 924 3239 980 per
3286 925 3347 965 se
3399 910 3600 980 ipsum,
3645 922 3704 969 et

2119 1001 2488 1069 Paracletum,
2522 1003 2668 1059 sicut
2691 1003 2855 1058 etiam
2897 1002 3097 1058 dicitur
3142 1002 3345 1069 Filius;
3386 1004 3584 1074 ignem,
3634 1019 3703 1060 ex

2116 1110 2182 1151 eo
2219 1095 2364 1165 quod
2417 1093 2679 1164 apostolis
2711 1095 2957 1163 apparuit
2987 1094 3039 1148 in
3079 1093 3275 1163 linguis
3332 1094 3504 1164 igneis
3542 1112 3557 1150 :
3593 1109 3703 1166 qua

2115 1188 2327 1243 ratione
2365 1187 2431 1244 de
2478 1186 2643 1242 Patre
2696 1187 2912 1256 quidem
2959 1187 3033 1241 ait
3072 1189 3288 1242 Moses:
3325 1204 3344 1238 ι
3402 1188 3542 1243 Deus
3585 1185 3702 1257 (24)

2116 1285 2302 1331 noster
2331 1277 2472 1348 ignis
2499 1291 2823 1332 consumens
2847 1294 2863 1344 ;
2905 1292 2928 1329 ι
2957 1277 3023 1331 de
3050 1275 3188 1332 Filio
3214 1288 3395 1333 autem
3417 1276 3652 1333 Joannes
3678 1297 3694 1332 :

2119 1384 2139 1418 ι
2173 1365 2290 1436 Ipse
2341 1366 2454 1438 (25)
2512 1382 2610 1421 vos
2694 1366 2992 1436 baptizabit
3049 1367 3102 1421 in
3157 1366 3360 1438 Spiritu
3411 1376 3602 1425 sancto
3646 1377 3705 1423 et

2114 1458 2256 1529 igne.
2293 1476 2312 1511 ι
2346 1459 2414 1513 Ει
2441 1457 2545 1512 alia
2576 1458 2628 1513 id
2666 1473 2855 1529 genus.

2186 1546 2334 1606 XXI.
2369 1548 2632 1604 Creatura
2667 1548 2801 1604 nihil
2836 1548 3001 1605 habet
3035 1549 3087 1604 in
3123 1566 3226 1605 una
3261 1550 3565 1623 hypostasi,
3606 1561 3704 1606 aut

2117 1641 2178 1695 in
2200 1655 2305 1695 una
2336 1655 2562 1711 persona
2594 1641 2883 1701 exsistens.
2914 1641 3045 1696 Nam
3074 1642 3274 1711 angeli,
3313 1651 3369 1698 et
3391 1624 3702 1713 archangeli

2119 1731 2275 1786 multi
2338 1743 2500 1798 sunt;
2555 1734 2828 1803 serapltim
2872 1735 3096 1803 pariter,
3157 1743 3215 1788 et
3268 1734 3547 1790 cherubim
3589 1749 3698 1788 non

2117 1833 2244 1880 sunt
2268 1838 2433 1878 unum
2466 1824 2669 1893 aliquid
2696 1841 2711 1890 ;
2744 1824 3123 1894 acplurariter
3160 1825 3291 1881 dicti
3316 1835 3442 1881 sunt
3494 1826 3700 1896 princi-

2118 1924 2299 1986 patus,
2328 1924 2384 1970 et
2409 1922 2727 1984 potestates,
2783 1915 3035 1981 virtutes,
3076 1924 3132 1973 et
3188 1916 3605 1986 dominationes,
3643 1925 3701 1971 et

2118 2008 2328 2074 throni,
2356 2007 2506 2075 caeli,
2535 2007 2802 2072 homines,
2829 2020 2885 2064 et
2922 2009 3042 2063 alite
3093 2017 3377 2065 creaturae.
3429 2008 3559 2063 Nam
3617 2010 3701 2063 sol

2119 2113 2334 2170 quoque
2369 2108 2424 2153 et
2457 2097 2583 2153 luna
2629 2113 2972 2155 communem
3007 2099 3208 2155 habent
3251 2116 3373 2155 cum
3424 2109 3698 2156 astrorum

2120 2188 2467 2245 tnultitudine
2491 2198 2603 2243 tum
2637 2199 2911 2256 naturam,
2942 2198 3055 2244 tum
3099 2190 3239 2260 ignis
3263 2189 3698 2258 similitudinem,

2119 2280 2260 2335 sicut
2289 2280 2569 2348 operosius
2599 2281 2650 2335 in
2679 2282 2854 2348 primo
2878 2280 3043 2353 λόγῳ,
3082 2295 3178 2337 seu
3222 2295 3475 2337 sermone
3519 2282 3701 2338 disce-

2120 2378 2325 2440 ptatum
2359 2380 2462 2425 est.
2494 2369 2564 2426 At
2591 2369 2849 2441 Spiritum
2876 2381 3144 2434 sanctum.
3173 2387 3292 2427 cum
3318 2373 3460 2428 inter
3486 2383 3701 2427 creatu-

2120 2474 2210 2513 ras
2243 2475 2348 2515 non
2382 2470 2823 2527 connumeretur,
2860 2477 3024 2517 unum
3061 2461 3173 2534 (26)
3204 2471 3260 2519 et
3299 2464 3547 2520 eumdem
3574 2478 3700 2520 esse

2120 2551 2299 2606 divina
2333 2552 2490 2607 nobis
2506 2550 2728 2607 oracula
2766 2553 3204 2610 manifestarnnt.

2190 2641 2351 2696 XXII.
2413 2642 2671 2698 Creatura
2726 2643 2781 2698 in
2830 2644 3125 2715 Scripturis
3181 2661 3286 2702 non
3340 2647 3539 2703 dicitur
3579 2662 3702 2704 esse

2120 2750 2258 2803 aqua
2283 2717 2460 2802 'vitae;
2494 2750 2597 2791 nec
2626 2735 2770 2791 enim
2812 2751 2841 2789 a
2871 2739 3161 2809 semetipsa
3194 2738 3381 2793 habuit
3412 2740 3699 2807 sempiter-

2124 2843 2246 2881 nam
2272 2829 2461 2893 vitam,
2493 2828 2636 2883 sicut
2675 2827 2862 2883 vivens
2879 2829 2947 2884 ab
2972 2837 3176 2885 aeterno
3209 2829 3373 2887 Deus.
3426 2833 3497 2887 At
3525 2831 3701 2903 Spiri-

2123 2928 2236 2973 tutn
2300 2925 2549 2973 sanctum
2584 2917 2744 2972 talem
2780 2933 2901 2974 esse
2932 2918 3209 2975 afﬁrmant
3232 2920 3372 2975 sacri
3422 2935 3699 2991 praecones

2122 3008 2262 3064 inira
2293 3009 2773 3074 commemorandi,
2804 3023 2870 3064 eo
2899 3010 3041 3080 quod
3080 3024 3146 3065 ex
3179 3011 3493 3077 immortali,
3529 3022 3585 3068 et
3615 3013 3699 3068 vi-

2121 3098 2281 3154 viﬁco
2310 3106 2537 3168 paterno
2570 3098 2721 3154 fonte
2772 3098 3199 3155 connaturalitet'
3257 3101 3533 3167 procedat,
3565 3102 3698 3171 quin

2117 3199 2350 3247 creetur.
2379 3189 2842 3257 Quemadmodum
2870 3192 3017 3245 enim
3040 3189 3152 3256 lux,
3174 3200 3235 3245 ut
3254 3191 3308 3245 in
3337 3190 3510 3260 primo
3529 3190 3696 3263 λόγῳ,

2116 3297 2211 3338 seu
2241 3294 2493 3337 sermone
2513 3280 2770 3346 diximus,
2800 3296 2907 3336 non
2923 3289 3002 3336 est
3021 3295 3185 3335 causa
3218 3282 3588 3352 productionis
3609 3284 3696 3337 sui

2120 3374 2279 3444 177
2311 3372 2635 3443 splendoris,
2664 3373 2759 3429 sed
2784 3387 2906 3428 eum
2938 3380 3191 3444 generat;
3225 3373 3297 3426 ita
3328 3371 3450 3427 fons
3479 3388 3585 3427 non
3614 3383 3701 3429 est

2116 3479 2279 3519 causa
2318 3464 2626 3534 producens
2649 3478 2867 3533 aquam,
2901 3478 3021 3534 quae
3067 3478 3135 3519 ex
3186 3464 3304 3534 ipso
3360 3473 3566 3529 manat,
3594 3467 3691 3520 sed

2118 3558 2263 3613 illam
2327 3556 2495 3614 habet
2553 3571 2622 3612 ex
2676 3572 2737 3613 se
2790 3558 3172 3627 procedentem
3230 3568 3287 3613 et
3331 3560 3695 3615 consubstan-

2119 3649 2327 3705 tialem.
2361 3647 2530 3705 Nemo
2552 3649 2697 3704 enim
2734 3659 2819 3705 est
2857 3664 3019 3704 causa
3051 3649 3420 3719 productionis
3445 3651 3529 3706 sui
3559 3650 3650 3705 lilii
3672 3689 3691 3716 ,

2118 3749 2212 3797 aut
2245 3741 2327 3797 sui
2356 3741 2604 3811 spiritus:
2626 3741 2860 3809 alioquin
2894 3741 3071 3797 nullus
3102 3744 3333 3814 amplius
3353 3750 3496 3799 esset
3518 3752 3694 3811 pater,

2118 3849 2276 3891 nemo
2304 3835 2528 3889 haberet
2560 3834 2832 3904 spiritum.
2871 3832 3137 3889 Jeremias
3176 3850 3242 3891 ex
3284 3849 3511 3905 persona
3548 3833 3644 3889 Dei
3675 3852 3692 3890 :

2123 3944 2144 3978 ι
2176 3924 2470 3998 Obstupuit
2498 3924 2612 3998 (27)
2651 3927 2848 3983 ccelum
2904 3926 2958 3980 in
3008 3926 3130 3990 hoc,
3169 3934 3226 3981 et
3252 3926 3462 3982 horruit
3501 3925 3554 3980 in
3595 3926 3699 3981 hoc

2122 3996 2267 4073 terra
2310 4036 2323 4072 :
2361 3996 2616 4088 quoniam
2659 4017 2787 4085 duo,
2815 4027 2870 4073 et
2896 4016 3033 4071 mala
3063 4016 3193 4072 fecit
3217 4016 3447 4087 populus
3487 4031 3640 4072 meus
3672 4036 3690 4072 :

2122 4124 2209 4164 me
2275 4110 2687 4180 dereliquerunt
2724 4109 2928 4164 fontem
2959 4123 3114 4178 aqua:
3146 4110 3313 4173 vim,
3355 4117 3411 4165 et
3446 4108 3696 4163 foderunt

2119 4203 2224 4258 sibi
2262 4203 2533 4259 cisternas
2560 4204 2850 4267 contritas.
2890 4219 3012 4273 quae
3056 4218 3160 4258 non
3196 4212 3451 4273 poterunt
3497 4216 3695 4272 aquam

2119 4293 2419 4349 continere.
2456 4312 2476 4346 ι
2510 4292 2830 4363 Mysterium
2868 4291 3129 4363 propheta
3159 4292 3389 4363 mystice
3437 4291 3692 4359 exponit;

2121 4383 2269 4439 Dixit
2319 4386 2464 4439 enim
2509 4384 2753 4447 fontem,
2799 4383 2962 4439 Dequ
3002 4402 3017 4438 :
3056 4398 3250 4452 aquam
3296 4396 3427 4437 vero
3478 4381 3694 4443 vivam.

2052 4504 2097 4560 υ
2123 4474 2385 4545 Spiritum
2442 4484 2691 4529 sanctum
2737 4473 2873 4545 (28),
2906 4474 3000 4542 qui
3048 4472 3231 4529 omnia
3258 4479 3477 4542 peccata
3511 4482 3695 4526 nostra

2125 4568 2380 4623 cmundat
2410 4569 2463 4622 in
2510 4566 2752 4636 piscina,
2806 4567 3012 4636 quique
3057 4574 3250 4619 natura
3307 4561 3535 4617 distrahi
3587 4577 3696 4617 non

2126 4670 2307 4729 potest
2360 4660 2428 4714 ab
2485 4658 2805 4729 intelligibili
2845 4658 2994 4713 fonte
3055 4656 3198 4712 sicut
3254 4669 3322 4710 ne
3369 4654 3520 4710 rivus
3569 4654 3697 4725 qui-

2126 4750 2247 4805 dem
2294 4762 2325 4802 a
2361 4747 2618 4803 fontibus.
2648 4746 2817 4803 Isaias
2867 4746 3118 4802 similiter
3154 4763 3167 4800 :
3203 4763 3223 4796 ι
3250 4745 3361 4816 Ego
3393 4743 3532 4800 dabo
3574 4741 3693 4815 (29)

2126 4949 2284 5003 modo
2328 4946 2577 5003 Jeremize
2619 4948 2799 5003 locum
2843 4947 3080 5016 explicat
3129 4945 3385 5016 Didymus
3432 4943 3487 4999 in
3539 4958 3693 4999 com-

2126 5029 2292 5072 ment.
2332 5021 2388 5073 in
2436 5017 2679 5072 Psalmos
2724 5022 2790 5072 ad
2829 5033 2969 5072 vers.
2997 5017 3033 5070 2
3074 5016 3265 5085 psalmi
3317 5029 3523 5085 XXXIX,
3565 5028 3692 5085 pag.

2125 5087 2230 5173 T65
2261 5097 2484 5173 fatente.
2515 5089 2602 5141 ubi
2633 5089 2760 5173 ‘aiut:
2793 5082 3290 5173 Τῆςιζωῇςνοητὸν

2120 5158 2202 5211 ότι
2233 5158 2295 5211 τὸ
2332 5158 2554 5227 Πνεῦμα
2595 5160 2658 5210 τὸ
2690 5154 2875 5226 ἂγιονζ
2899 5154 3041 5226 (his!
3067 5154 3289 5227 γὰρκαὶ
3315 5154 3404 5207 διὰ
3429 5154 3695 5227 Ἰερεμίου
3770 5212 3775 5217 ,

2121 5228 2435 5300 προφήτου·
2461 5223 2490 5279 ι’
2504 5227 2632 5300 Ἐμὲ
2649 5223 3002 5300 ἐγκατέλιπον
3018 5223 3199 5297 πήγῆν
3222 5224 3411 5300 ῦδατος
3432 5223 3652 5300 ζῶντος,
3665 5240 3690 5276 ι

2122 5293 2177 5352 iti
2209 5293 2311 5363 est,
2349 5315 2368 5349 ι
2396 5293 2732 5365 Aqua'vitaé,
2764 5296 2993 5367 spiritali
3034 5293 3194 5351 sensu
3223 5295 3491 5367 |accep_ta;
3539 5293 3692 5367 vide-

2121 5367 2252 5422 licet
2296 5363 2534 5436 Spiritus
2583 5363 2824 5424 sancttts.
2854 5367 2945 5420 Ait
2977 5369 3120 5420 cnim
3169 5363 3688 5436 σι’ρεισ’.1οι·εηιὶιιιιι

2122 5439 2499 5505 prophetam:
2573 5454 2593 5488 ι
2631 5436 2716 5493 Me
2790 5437 3196 5507 dereliquerunt
3256 5436 3456 5491 fontem
3537 5446 3693 5500 aquae

2125 5526 2145 5558 ί
2188 5523 2339 5562 νινίθ.
2363 5526 2384 5560 ἱ

2212 5578 2304 5648 29)
2333 5576 2460 5648 Ego
2492 5578 2649 5648 dabo.
2682 5578 2785 5633 lsa.
2807 5593 2952 5645 ηπ,
2974 5577 3010 5632 3
3028 5586 3083 5648 et
3104 5576 3159 5631 4.
3182 5573 3368 5630 Graeca
3392 5565 3693 5648 ediﬁce-tit:

2117 5638 2222 5721 ᾲνά
2277 5638 2678 5721 μέσόνᾲῦδατος
2749 5638 2961 5721 χόρτος.
3008 5647 3145 5702 Tum
3199 5658 3299 5714 pro
3351 5638 3688 5711 παραρρέον,

2116 5717 2287 5776 habet
2302 5719 2410 5773 πᾶν
2442 5717 2585 5789 ῥέον.
2752 5717 2783 5720 ’ἡ
2817 5717 2828 5721 ’
3110 5728 3119 5734 “

3302 5874 3373 5935 18
