4054 6404
403 343 509 397 557

1422 349 1510 402 DE
1548 348 1920 404 TRINITATE
1959 348 2161 404 LIBER
2198 351 2580 411 SECUNDUS.

3528 365 3633 424 558

400 453 582 506 ἔλαιον
626 453 995 522 ἀγαλλιάσεως
1031 457 1180 526 παρὰ
1209 457 1336 521 τοὺς
1369 460 1629 530 μετόχους
1661 478 1773 514 σου.
1813 481 1832 513 3
1867 461 1956 514 Διᾶ

2069 479 2166 534 per
2194 480 2312 531 me;
2339 477 2623 537 propterea
2654 471 2808 525 unxit
2843 485 2946 528 me.
2992 492 3011 524 3
3052 473 3218 548 David
3253 490 3416 532 vero:
3449 498 3468 532 ι
3502 481 3632 536 Pro-

399 543 580 608 τοῦτο,
615 547 800 610 ποῖον;
847 546 1061 618 Ἐπειδὴ
1090 547 1224 609 Θεὸς
1268 552 1681 621 ἁχειροποίητος
1723 552 1819 617 ὢν,
1866 553 1970 606 ὑπὸ

400 635 535 689 Θεοῦ
580 636 854 700 ἀκτίστου,
900 639 1135 710 ἀνάρχου
1179 641 1425 712 ἐχρίσθη.
1469 638 1636 697 Εἶπεν
1661 644 1818 708 δὲτὸ,
1852 663 1869 695 (
1913 645 1969 696 Ὀ

398 726 533 790 Θεὸς
574 744 688 790 σου,
727 748 744 779 3
786 728 876 781 διὰ
921 729 1021 800 τὴν
1050 733 1113 782 ὲκ
1166 732 1441 802 Παρθένου
1486 734 1738 804 γέννησιν
1779 735 1965 788 αὐτοῦ.

399 819 603 888 Πέτρος
651 821 707 872 ἐν
746 823 865 882 ταῖς
909 821 1211 892 Πράξεσιν·
1260 842 1277 873 ι
1338 825 1526 894 Ὑμεῖς
1574 825 1865 880 ἐπίστασθε
1908 826 1968 878 τὸ

398 911 688 980 γενόμενον
737 912 888 982 ῥῆμα
927 913 1050 966 καθ’
1092 915 1220 984 ὅλης
1249 917 1348 986 τῆς
1407 917 1663 980 Ἰουδαίας
1717 919 1808 972 καὶ
1866 920 1969 970 Σα-

405 999 670 1069 μαρείας,
726 999 1030 1070 ἀρξάμενον
1075 1002 1183 1054 ἀπὸ
1242 1004 1347 1072 τῆς
1398 1004 1681 1068 Γαλιλαίας
1731 1005 1867 1075 μετὰ
1907 1005 1966 1058 τὸ

409 1091 710 1162 βάπτισμα,
763 1092 792 1145 ὃ
847 1093 1113 1165 ἐκήρυξεν
1156 1096 1434 1166 Ἰωάννης·
1491 1097 1694 1166 Ἰησοῦν
1738 1098 1827 1151 τὸν
1860 1098 1966 1151 ἀπὸ

401 1183 670 1255 Ναζαρὲθ,
703 1185 780 1248 ὡς
824 1185 1039 1256 ἔχρισεν
1076 1188 1238 1239 αὐτὸν
1277 1189 1306 1239 ὁ
1340 1188 1472 1251 Θεὸς
1512 1189 1788 1259 Πνεῦματι
1828 1189 1964 1259 ἁγίῳ

405 1275 495 1328 καὶ
551 1276 794 1343 δυνάμει·
865 1297 884 1328 3
937 1279 992 1330 αἱ
1058 1278 1326 1349 Πράξεις·
1387 1299 1404 1330 ι
1465 1282 1814 1351 Συνήχοησαν
1876 1283 1965 1333 ἐπ’

402 1366 653 1437 ἀληθείας
696 1368 756 1419 ὲν
799 1370 863 1438 τῇ
911 1368 1064 1421 πόλει
1107 1369 1300 1440 ταύτῃ,
1334 1352 1426 1421 Et).
1465 1371 1556 1423 τὸν
1604 1373 1758 1440 ἆγιον
1799 1372 1965 1426 παῖδά

401 1476 494 1512 σου
548 1460 770 1529 Ἰησοῦν,
800 1460 858 1513 ὃν
885 1460 1126 1532 ἔχρισας.
1158 1480 1177 1514 3
1204 1463 1314 1514 Καὶ
1347 1462 1414 1515 τὰ
1462 1463 1719 1533 ’ᾼσματα
1753 1464 1808 1516 δὲ
1839 1465 1964 1534 περὶ

398 1549 584 1603 τούτου
619 1550 910 1620 ὑφηγεῖται
938 1551 1142 1603 οὑτωσί
1162 1567 1176 1579 ’
1211 1570 1228 1602 ι
1257 1552 1444 1623 Μύρον
1469 1555 1766 1607 ὲκκενωθὲν
1795 1556 1964 1626 ὄνομά

401 1655 520 1690 σοι·
581 1638 667 1691 διὰ
724 1638 880 1691 τοῦτο
938 1639 1176 1702 νεάνιδες
1228 1642 1521 1712 ἡγάπησάν
1572 1659 1650 1694 σε.
1702 1663 1720 1694 3
1775 1643 1960 1714 Μύρου

399 1729 568 1797 ὄνομα
611 1725 750 1783 εἶναι
799 1730 876 1800 τῷ
912 1729 1133 1802 Χριστῷ
1177 1731 1323 1800 λέγει
1367 1734 1426 1785 τὸ
1453 1733 1546 1787 τοῦ
1575 1735 1958 1806 Παρακλήτου·

398 1796 581 1891 ἐπειδὴ
613 1820 776 1890 ἄμφω
828 1796 884 1873 αἱ
933 1796 1261 1884 ὑποστάσεις
1303 1822 1396 1874 τοῦ
1448 1841 1507 1875 τε
1552 1796 1956 1895 ὀνόματοςυκοι-
1996 1796 2038 1851 Β

395 1911 671 1977 νωνοῦσιν,
712 1913 806 1966 καὶ
836 1914 893 1965 ὲν
927 1914 1150 1978 ἑαυταῖς
1185 1914 1284 1984 τὴν
1319 1915 1412 1968 τοῦ
1444 1915 1579 1970 Θεοῦ
1625 1919 1717 1971 καὶ
1746 1920 1958 1992 Πατρὸς

395 2006 796 2072 εὗωδιὰζουσιψ
827 2007 1006 2076 φύσιν.
1070 2008 1335 2074 Νεάνιδας
1384 2011 1441 2064 δὲ
1486 2012 1585 2074 τὰς
1637 2013 1958 2083 Ἐκκλησίας

393 2099 561 2168 λέγειν
593 2101 651 2153 ὲν
695 2097 783 2165 αἶς
819 2100 1122 2170 δοξάζεται,
1169 2103 1298 2172 περὶ
1326 2097 1400 2156 ὧν
1443 2105 1536 2156 καὶ
1574 2104 1735 2157 Δαυῒδ
1783 2107 1840 2159 ὲν
1883 2104 1955 2171 Et?

394 2189 548 2245 εἶπεν
608 2192 841 2264 ψαλμὶρο
890 2213 908 2247 σ
957 2194 1311 2266 Προέφθασαν
1376 2195 1654 2264 ἄρχοντες,
1727 2195 1957 2265 ἐχόμενα

392 2282 731 2353 ψαλλόντων,
787 2285 846 2336 ὲν
882 2283 1031 2354 μέσῳ
1086 2285 1340 2338 νεανίδων
1400 2287 1877 2358 τυμπανιστριῶν·
1932 2306 1952 2338 3

393 2374 537 2428 οὕτω
582 2375 823 2446 φράσας,
871 2375 960 2429 διὰ
1003 2377 1064 2428 τὸ
1109 2376 1368 2445 ἐκϐὀητον
1412 2377 1508 2445 τῆς
1554 2377 1816 2440 πίστεως,
1867 2380 1960 2431 καὶ

393 2466 482 2520 διὰ
517 2467 577 2519 τὸ
601 2465 622 2538 [
647 2466 707 2520 81
739 2485 770 2519 a
796 2466 814 2538 ]
846 2468 1001 2536 ἠχεῖν
1037 2467 1206 2530 αὐτὰς
1250 2467 1332 2529 εἰς
1379 2470 1566 2520 πᾶσαν
1599 2469 1698 2539 τὴν
1720 2469 1822 2538 γῆν
1846 2473 1958 2532 τοῖς

393 2557 817 2627 ἀναγνώσμασιν
859 2559 952 2611 καὶ
991 2563 1112 2620 ταῖς
1142 2557 1504 2628 ψαλμῳδίαις.
1541 2560 1684 2630 Πρὸς
1724 2558 1959 2628 ἑκάστην

392 2648 448 2701 δὲ
477 2648 654 2701 αὐτῶν
701 2650 756 2702 ἐν
802 2651 918 2711 τοῖς
974 2648 1217 2719 ’ᾼσμασι
1265 2650 1360 2700 καὶ
1398 2649 1558 2711 αὐτὸς
1595 2650 1623 2700 ὁ
1646 2649 1844 2720 ὡραῖος
1881 2648 1957 2718 τῷ

391 2739 580 2793 κάλλει
623 2739 854 2810 νυμφίος
912 2741 1205 2811 σωφρόνως
1267 2739 1596 2810 προσλαλεῖ·
1649 2758 1668 2790 ι
1730 2739 1860 2792 Ἰδοὺ
1909 2737 1960 2791 εἴ

393 2834 554 2905 καλὴ,
607 2837 640 2905 η
688 2835 914 2905 πλησίον
953 2851 1085 2905 μου’
1133 2835 1239 2886 ἰδοὺ
1280 2829 1331 2885 εῐ
1369 2833 1525 2904 καλή.
1575 2852 1592 2884 3
1639 2834 1748 2887 Καὶ
1799 2833 1958 2886 πάλιν

392 2924 747 2995 ἐπιθαλάμιον
805 2924 992 2995 ὥσπερ
1040 2924 1193 2995 ᾅδει·
1249 2943 1266 2975 t
1321 2924 1490 2995 Δεῦρο
1543 2925 1649 2978 ἀπὸ
1700 2925 1954 2988 Λιϐάνου,

391 3016 612 3088 νύμφη·
661 3016 819 3086 δεῦρο
855 3016 963 3070 ἀπὸ
1002 3015 1271 3069 Λιϐάνου·
1322 3015 1516 3089 ὲλεύσῃ
1571 3016 1664 3068 καὶ
1709 3016 1957 3088 διελεύσῃ

393 3108 500 3164 ἀπὸ
527 3107 696 3178 ἀρχῆς
725 3107 980 3170 πίστεως.
1021 3126 1040 3160 ›
1080 3107 1203 3159 Ὅτι
1234 3107 1289 3160 δὲ
1319 3108 1414 3159 καὶ
1442 3109 1600 3177 ἡμεῖς
1628 3108 1835 3178 χρίσμα
1867 3108 1946 3161 δε·
1982 3133 2024 3190 C

393 3193 596 3267 χόμεθα
625 3197 681 3247 ἐν
717 3195 794 3265 τῷ
826 3195 1228 3266 ἀνακαινισμῷ,
1271 3196 1524 3267 Ἰωάννης
1565 3198 1766 3269 γράφει
1796 3201 1853 3251 ἐν
1885 3203 1948 3270 τῇ

396 3285 582 3358 πρώτῃ
660 3287 964 3358 Επιστολῇ·
1008 3306 1027 3338 ι
1063 3288 1174 3341 Καὶ
1218 3288 1374 3358 ὑμεῖς
1406 3290 1612 3359 χρίσμα
1657 3290 1807 3360 ἔχετε
1845 3291 1954 3344 ἀπὸ

391 3377 485 3430 τοῦ
518 3377 673 3446 ἁγίου
695 3417 709 3441 ,
741 3379 836 3430 καὶ
874 3378 1054 3431 οἴδατε
1089 3378 1284 3432 πάντα.
1337 3399 1355 3430 3
1395 3381 1633 3450 Ὥσπερ,
1669 3382 1860 3450 φησὶν,
1894 3383 1952 3434 ἐν

390 3471 454 3539 τῇ
488 3469 814 3540 οἰκονομίαὸ
857 3467 1064 3540 Σωτὴρ,
1097 3469 1190 3522 καὶ
1218 3471 1376 3540 ὑμεῖς
1415 3469 1622 3541 χρίσμα
1663 3471 1812 3541 ἔχετε
1844 3473 1952 3524 ἀπὸ

387 3558 482 3611 τοῦ
533 3559 686 3626 ἁγίου
742 3557 1075 3628 Πνεύματος.
1117 3559 1226 3612 Καὶ
1275 3560 1432 3613 τοῦτο
1470 3561 1526 3612 δὲ
1575 3560 1636 3614 τὸ
1689 3563 1951 3632 σωτήριον

387 3650 558 3722 δῶρον
589 3654 742 3721 κοινῇ
780 3651 884 3702 ὑπὸ
916 3651 1019 3720 τῆς
1064 3652 1341 3723 μακαρίας
1374 3653 1602 3723 Τριάδος
1643 3655 1773 3722 ἡμῖν
1807 3670 1950 3724 παρ-

387 3742 670 3811 εσχῆσθαι,
709 3741 1048 3794 διδάσκουσιν
1077 3741 1268 3805 οὕτως·
1310 3742 1554 3805 Ἡσαΐας
1593 3761 1612 3793 ‹
1649 3744 1759 3796 Καὶ
1797 3745 1952 3814 ποιή-

388 3852 470 3890 σει
501 3834 705 3906 Κύριος
727 3833 952 3888 Σαϐαὼθ
984 3836 1146 3887 πᾶσιν
1176 3837 1288 3897 τοῖς
1322 3834 1529 3888 ἔθνεσιν
1573 3835 1666 3888 ἐπὶ
1716 3835 1776 3888 τὺ
1826 3836 1950 3906 ὅρος

383 3926 562 3990 τοῦτο,
620 3925 834 3980 πίον-,ται
867 3919 1028 3990 οἶνον,
1071 3925 1348 3996 χρίσονται
1396 3924 1566 3996 μύρον
1607 3928 1664 3978 ἐν
1708 3924 1786 3996 τῷ
1836 3926 1950 3996 ὄρει

383 4017 575 4089 τούτῳ.
607 4017 854 4088 Παράδος
884 4016 1056 4070 ταῦτα
1099 4018 1276 4070 πάντα
1308 4019 1419 4079 τοῖς
1457 4016 1685 4071 ἔθνεσιν.
1726 4036 1744 4068 3
1788 4020 1950 4089 Ὄρος

384 4111 492 4181 γὰρ
531 4110 630 4181 τὴν
690 4109 1016 4178 Ἐκκλησίαν
1062 4108 1156 4160 τοῦ
1190 4108 1356 4172 Θεοῦ,
1405 4108 1492 4160 διὰ
1521 4108 1582 4161 τὸ
1618 4108 1818 4179 ὑψηλὸν
1851 4110 1951 4179 τῆς

388 4201 650 4264 πίστεως·
684 4196 846 4264 οἶνον,
892 4199 952 4253 τὸ
989 4199 1305 4252 δεσποτικὸν
1341 4199 1602 4269 σωτήριον
1637 4195 1777 4270 αἷμα
1800 4216 1812 4229 ·
1846 4201 1949 4269 μύ-

392 4309 508 4362 ρον,
559 4292 587 4344 ὃ
639 4290 992 4360 ἀγιασθέντες
1041 4288 1379 4359 ἁλειφόμεθα
1429 4289 1534 4340 ὑπὸ
1585 4288 1681 4342 τοῦ
1739 4288 1946 4360 ἱερέως,

389 4381 859 4450 προανεφώνησεν.
911 4379 1162 4449 Ἰωάννης
1195 4381 1252 4431 ὲν
1282 4379 1347 4448 τῇ
1379 4379 1516 4449 αὐτῇ
1565 4377 1756 4452 πρώτῃ
1801 4378 1949 4431 Ἐπι-

2069 563 2252 622 pterea
2307 557 2466 611 unxit
2507 567 2560 614 te
2608 560 2749 615 Deus
2789 562 2930 617 Deus
2962 571 3085 618 tuus
3131 565 3252 621 oleo
3293 567 3491 624 laetitiae
3520 587 3633 640 prze

2073 647 2419 702 consortibus
2478 652 2601 710 tuis.
2667 670 2685 702 3
2745 651 2882 719 Quid
2933 655 3037 709 sibi
3083 657 3196 711 vult
3228 658 3395 724 illud,
3453 661 3632 716 «Pro-

2071 745 2252 803 pterea
2281 738 2391 807 (41)
2417 739 2476 791 ?3
2511 738 2715 810 Nempe
2750 742 2918 810 illum,
2953 747 3092 813 quod
3127 747 3267 802 Deus
3299 752 3368 805 sit
3385 767 3488 805 non
3517 769 3632 807 ma-

2069 826 2337 893 nufactus,
2409 845 2438 882 a
2476 829 2587 885 Deo
2637 833 2878 889 increato
2910 846 2964 890 et
2996 848 3198 894 aeterno
3228 851 3447 896 unctum
3487 860 3630 901 esse.

2069 915 2214 970 Dixit
2238 930 2418 973 autem
2459 939 2478 972 ι
2518 921 2660 977 Deus
2692 935 2812 978 tuus
2854 946 2873 977 3
2903 939 3119 998 propter
3144 931 3259 998 ejus
3295 936 3631 991 nativitatem

2068 1021 2134 1059 ex
2174 1007 2410 1079 Virgine.
2446 1011 2638 1069 Petrus
2666 1015 2716 1068 in
2743 1018 2892 1073 Actis
2921 1036 2935 1073 :
2969 1039 2988 1070 ι
3016 1020 3124 1077 Vos
3163 1025 3313 1079 scitis
3354 1026 3466 1098 (49.)
3492 1028 3630 1083 'ver-

2066 1097 2192 1152 bttm
2221 1099 2419 1155 factum
2457 1117 2552 1170 per
2581 1105 2887 1160 universam
2920 1107 3181 1176 Judmam,
3227 1124 3277 1168 et
3305 1114 3628 1183 Samariam,

2065 1191 2206 1258 quod
2258 1191 2458 1260 incepit
2483 1209 2511 1246 a
2542 1193 2757 1262 Galjltea
2783 1208 2901 1267 post
2929 1201 3278 1272 baptismum,
3302 1221 3459 1275 quem
3489 1222 3631 1277 pra-—

2066 1281 2266 1334 dicavit
2297 1280 2567 1348 Joannes,
2605 1286 2786 1341 Jesum
2819 1304 2848 1342 a
2885 1289 3148 1347 Nazareth
3172 1334 3187 1358 ,
3221 1297 3493 1364 quomodo
3527 1315 3632 1352 un-

2064 1369 2142 1423 xit
2161 1384 2280 1424 eum
2302 1371 2441 1426 Deus
2461 1372 2658 1442 Spiritu
2684 1388 2870 1434 sancto
2885 1390 2939 1434 et
2967 1383 3217 1439 virtute.3
3242 1386 3376 1441 Acta
3405 1405 3417 1441 :
3447 1391 3628 1447 «Con-

2065 1472 2326 1514 venerunt
2370 1461 2482 1530 (45)
2526 1481 2652 1521 vere
2695 1468 2855 1538 179
2887 1470 2938 1524 in
2965 1471 3182 1528 civitate
3228 1475 3332 1530 ista
3370 1479 3632 1540 adversus

2063 1559 2314 1604 sanctum
2375 1569 2598 1621 puerum
2683 1567 2828 1611 tuum
2863 1559 3077 1627 Iesum,
3126 1582 3285 1634 quem
3335 1574 3556 1628 unxisti.
3603 1597 3623 1629 3

2063 1639 2280 1696 Cantica
2331 1657 2460 1697 vero
2501 1647 2664 1700 etiam
2703 1649 2775 1702 ita
2815 1651 2883 1706 de
2943 1654 3045 1711 hoc
3099 1671 3396 1716 enarrant:
3436 1685 3455 1717 σ
3513 1667 3628 1722 Un-

2062 1739 2315 1827 guentum
2361 1734 2475 1805 (44)
2516 1748 2827 1795 evacuatum
2871 1742 2996 1812 (hoc
3025 1758 3127 1814 est,
3153 1751 3403 1827 eﬂ‘usunt)
3431 1773 3625 1814 nomen

2070 1823 2198 1878 tibi:
2225 1835 2510 1896 propterea
2534 1829 2950 1891 adolescentulae
2977 1838 3281 1898 dilexerunt
3304 1823 3391 1900 te.
3409 1866 3428 1900 3
3456 1847 3627 1905 Porro

2067 1917 2323 1984 unguenti
2381 1931 2576 1974 nomen
2623 1935 2742 1979 esse
2791 1925 3008 1984 Christo
3048 1931 3136 1986 hic
3167 1933 3386 2003 dicitur,
3436 1939 3489 1994 id
3520 1951 3624 2006 est,

2059 2020 2253 2060 nomen
2282 2007 2570 2078 Paracleti,
2619 2028 2714 2069 seu
2745 2019 3102 2078 consolatoris
3147 2040 3164 2078 :
3217 2030 3469 2097 quoniam
3500 2047 3624 2087 am-

2059 2099 2140 2154 ba:
2168 2100 2489 2170 hypostases
2540 2114 2597 2162 et
2623 2123 2816 2164 nomen
2846 2112 3010 2168 hocce
3064 2131 3346 2174 commune
3387 2123 3620 2191 habent,

2057 2200 2112 2244 et
2155 2191 2208 2246 in
2248 2206 2308 2247 se
2363 2193 2496 2264 ipsis
2544 2198 2707 2254 veluti
2739 2215 2957 2258 suavem
2993 2207 3210 2263 odorem
3270 2221 3478 2269 natura;
3525 2215 3626 2272 Dei

2059 2291 2112 2336 et
2155 2283 2330 2339 Patris
2373 2287 2647 2343 emittunt.
2699 2291 3143 2354 Adolescentulas
3190 2313 3391 2370 autem,
3439 2306 3624 2362 Eccle-

2058 2373 2169 2429 sias
2217 2376 2370 2442 dicit,
2407 2378 2459 2432 in
2495 2381 2693 2449 quibus
2747 2384 3098 2450 gloriﬁcatur.
3131 2390 3204 2446 De
3231 2394 3424 2462 quibus
3454 2397 3621 2455 David

2059 2479 2272 2535 quoque
2299 2467 2350 2522 in
2381 2485 2525 2524 vau
2552 2473 2756 2541 psalmo
2783 2476 2958 2545 inquit
3007 2497 3020 2532 :
3052 2498 3071 2530 ‹
3099 2480 3477 2542 Ρτωνεηοῑυηι
3507 2490 3623 2562 (45)

2058 2556 2351 2629 principes,
2401 2560 2551 2628 juxta
2609 2566 2940 2632 psallentes,
2999 2571 3049 2623 in
3096 2575 3272 2631 medio
3307 2556 3624 2637 adolescen;

2060 2649 2293 2706 tularum
2343 2656 2836 2725 tympanistriarum
2874 2683 2886 2715 :
2921 2682 2939 2715 3
2981 2666 3059 2720 sic
3105 2667 3315 2725 locutus
3347 2688 3467 2728 cum
3501 2692 3625 2746 pro-

2058 2750 2181 2811 pter
2229 2743 2649 2816 divulgationem
2709 2751 2852 2820 ﬁdei,
2913 2765 3026 2811 tum
3074 2761 3197 2828 quia
3252 2764 3380 2833 ipsa:
3437 2743 3624 2826 Eccle-

2058 2833 2153 2886 sia:
2199 2848 2457 2892 resonant
2495 2839 2548 2892 in
2598 2843 2746 2897 omni
2790 2855 2931 2901 terra
2980 2848 3334 2922 lectionibus,
3385 2867 3439 2912 et
3478 2862 3624 2930 psal-

2059 2924 2272 2980 modiis.
2320 2925 2767 3002 Unamquamque
2811 2951 2938 2993 vero
2990 2942 3227 3010 ipsarum
3263 2946 3315 3000 in
3367 2924 3621 3007 Cantico-

2059 3030 2175 3069 rum
2199 3017 2336 3072 libro
2368 3020 2483 3089 ipse
2522 3024 2684 3078 etiam
2717 3029 2993 3097 speciosus
3024 3031 3197 3089 forma
3233 3052 3462 3105 sponsus
3505 3059 3612 3102 mo-

2058 3104 2209 3201 deste
2236 3108 2528 3181 alloquitur
2560 3114 2642 3168 sic
2677 3133 2689 3169 :
2735 3135 2754 3167 ι
2803 3118 2942 3174 Ecce
2988 3121 3100 3194 (46)
3132 3104 3352 3194 pulchra
3383 3148 3461 3198 es,
3495 3149 3621 3201 pro-

2055 3196 2255 3292 pinqua
2287 3215 2443 3257 mea:
2475 3219 2602 3259 ecce
2623 3206 2846 3274 pulchra
2886 3225 2968 3265 es.
3012 3232 3030 3265 3
3071 3212 3138 3268 Et
3172 3231 3360 3275 rursus
3412 3196 3622 3292 epitha-

2053 3284 2274 3383 lamium
2301 3288 2466 3383 veluti
2494 3293 2638 3346 canit
2676 3310 2690 3346 ε
2720 3296 2890 3364 «ινοηὶ
2919 3299 3029 3372 (47)
3053 3305 3116 3357 de
3140 3303 3366 3374 Libano,
3397 3284 3616 3383 sponsa,

2051 3375 2172 3428 veni
2201 3375 2269 3431 de
2297 3376 2753 3451 Libano:venies,
2787 3396 2840 3440 et
2873 3392 3125 3448 transibis
3142 3395 3209 3450 ab
3239 3395 3396 3454 initio
3423 3375 3612 3460 ildei.3

2053 3465 2206 3531 Quod
2252 3478 2427 3523 autem
2462 3482 2516 3526 et
2553 3481 2652 3528 nos
2676 3478 2986 3533 unctionem
3009 3483 3338 3550 accipiamus
3372 3489 3426 3543 in
3461 3505 3621 3547 reno-

2049 3558 2287 3623 vatione,
2340 3561 2392 3615 id
2418 3571 2500 3618 est
2531 3562 2584 3617 in
2616 3565 2910 3635 baptismo,
2946 3572 3180 3632 Joannes
3214 3580 3402 3634 scribit
3429 3583 3480 3636 in
3512 3585 3623 3654 pri-

2053 3663 2140 3702 ma
2182 3649 2422 3721 Epistola
2460 3671 2474 3706 :
2525 3673 2544 3705 ‹
2576 3656 2644 3710 Ει
2680 3673 2776 3714 vos
2807 3660 2920 3733 (48)
2967 3667 3274 3723 unctionem
3320 3649 3532 3730 habetis
3586 3692 3619 3731 a

2051 3748 2260 3804 sancto,
2298 3752 2352 3796 et
2382 3746 2550 3800 nostis
2575 3748 2776 3802 omnia.
2810 3768 2828 3800 3
2872 3751 3042 3820 Sicut,
3099 3757 3292 3826 inquit,
3326 3760 3384 3814 in
3427 3762 3616 3817 Incar-

2051 3831 2273 3886 natione
2303 3833 2575 3901 Salvator,
2633 3839 2714 3894 sic
2749 3849 2803 3895 et
2844 3857 2939 3897 vos
2978 3845 3283 3902 unctionem
3318 3850 3531 3906 habetis
3584 3870 3617 3908 a

2051 3937 2238 3980 sancto
2277 3927 2480 3998 Spiritu
2527 3931 2661 4004 (49).
2717 3932 2831 3990 Hoc
2885 3947 3064 3994 autem
3121 3941 3358 4000 salutare
3420 3945 3616 4002 donum

2052 4021 2412 4075 communiter
2449 4038 2474 4075 a
2516 4023 2686 4079 beatae
2719 4025 3000 4084 Trinitatis
3059 4033 3304 4098 personis
3365 4035 3616 4090 collatum

2051 4113 2208 4168 nobis
2241 4129 2360 4168 esse
2410 4116 2608 4173 docent
2647 4119 2965 4185 Scriptura.
2998 4124 3164 4180 Isaias
3192 4127 3404 4196 quidem
3439 4150 3450 4183 τ
3486 4148 3505 4179 ι
3553 4130 3620 4183 Ει

2050 4199 2211 4256 faciet
2273 4203 2385 4274 (59)
2445 4205 2704 4263 Dominus
2759 4210 2997 4266 Sabaoth
3051 4215 3302 4270 omnibus
3363 4218 3616 4285 gentibus

2051 4307 2212 4363 super
2242 4310 2478 4350 montem
2507 4300 2648 4354 hunc
2677 4318 2691 4354 :
2744 4300 2928 4356 bibent
2974 4305 3179 4369 vinum,
3211 4315 3479 4376 ungentur
3513 4324 3614 4361 un-

2049 4391 2247 4450 guento
2271 4383 2322 4437 in
2354 4396 2535 4442 monte
2574 4389 2675 4444 hoc
2704 4405 2719 4441 :
2749 4391 2899 4446 trade
2927 4393 3040 4446 haec
3066 4395 3242 4448 omnia
3267 4398 3533 4466 gentibus.
3587 4417 3607 4450 3

388 4470 543 4540 στολῇ
582 4468 710 4542 περὶ
742 4470 836 4524 τοῦ
865 4467 1130 4540 Χριστοῦ·
1167 4487 1186 4520 ‹
1218 4469 1328 4521 Καὶ
1371 4469 1528 4539 ὑμεῖς
1568 4469 1630 4520 τὸ
1655 4468 1883 4540 χρίσμα,
1913 4468 1942 4520 ὃ

2056 4471 2179 4527 Nam
2199 4475 2395 4531 montis
2425 4479 2641 4534 nomine
2676 4479 2969 4536 Ecclesiam
3023 4482 3116 4538 Dei
3150 4465 3613 4557 praesignificatob

453 4645 565 4716 (4|)
609 4644 912 4716 Propterea.
943 4643 1086 4716 Psal.
1117 4659 1260 4716 XLtv,
1287 4658 1435 4716 vers.
1482 4644 1514 4697 9
1544 4643 1658 4697 sive
1694 4643 1748 4696 8.
1774 4644 1938 4716 iVﬂide,

381 4714 425 4768 si
461 4713 654 4772 placet.
687 4714 943 4767 Hilarium
977 4715 1067 4769 lib.
1095 4730 1146 4767 tv
1178 4714 1251 4765 De
1285 4713 1559 4772 Trinitate.
1589 4730 1737 4766 num.
1771 4714 1866 4767 55.

477 4784 566 4851 42)
619 4782 714 4836 Vos
759 4786 918 4837 scitis.
952 4785 1070 4839 Act.
1118 4800 1183 4845 x,
1217 4783 1282 4836 37
1313 4793 1366 4836 et
1399 4783 1485 4835 58.
1532 4782 1718 4837 Graeca
1774 4782 1940 4836 editio

378 4852 540 4910 habet
567 4853 742 4906 οἴδατε
791 4870 884 4922 pro
929 4853 1240 4905 ἐπίστασθε.
1274 4852 1338 4905 Ει
1384 4854 1579 4922 omittit
1633 4867 1794 4906 voces
1845 4853 1940 4905 καὶ

376 4924 708 4994 Σαμαρείας.
743 4921 822 4977 An
857 4922 961 4976 huc
991 4925 1320 4990 irrepserunt
1349 4936 1413 4974 ex
1442 4921 1564 4976 Act.
1593 4936 1634 4984 ι,
1664 4923 1732 4975 8‘!

451 5012 562 5093 (45)
601 5011 979 5093 Convenerunt:
1011 5013 1134 5092 Act.
1160 5026 1233 5092 tv,
1258 5012 1348 5093 27.
1389 5013 1556 5093 voces
1589 5013 1646 5093 εν
1669 5013 1940 5093 ’τῇήπὸλει

381 5080 574 5150 ταύτῃ,
609 5083 659 5134 id
683 5095 786 5163 hest
819 5082 1058 5163 (indute
1090 5082 1326 5143 civitate,
1356 5100 1374 5132 3
1427 5083 1622 5163 desunt
1668 5083 1717 5134 in
1741 5080 1939 5163 graeca

376 5149 629 5204 editione.
683 5149 790 5206 Sed
845 5149 1000 5220 Vulg.
1047 5152 1310 5220 interpres
1359 5167 1453 5205 eas
1499 5152 1626 5220 legit
1669 5163 1725 5205 ut
1771 5153 1939 5222 Didy-

379 5236 521 5274 tuus.

447 5310 557 5382 (44)
599 5309 946 5381 Unguentum.
992 5312 1148 5369 Cant.
1194 5311 1335 5378 1,·2.
1384 5311 1440 5365 In
1485 5312 1622 5364 libro
1662 5314 1825 5382 etiam
1863 5313 1940 5368 De

373 5379 576 5504 διήιζίιιι
620 5379 825 5446 sancto,
877 5399 1023 5436 num.
1057 5383 1147 5447 11,
1181 5385 1248 5437 ad
1281 5383 1555 5436 Christum
1614 5381 1779 5437 refert
1824 5385 1940 5439 haec

368 5464 462 5504 ver
502 5467 551 5504 a.

433 5544 548 5615 (45)
591 5543 1154 5615 Prceveizerunt.Psal.
1181 5559 1346 5615 vatt.
1379 5556 1521 5597 vers.
1539 5543 1628 5615 7277
1656 5543 1772 5615 (seu
1810 5542 1930 5615 26).

362 5613 643 5670 Nonnullae
686 5615 948 5666 editiones
990 5614 1186 5667 habent
1228 5614 1494 5683 ἐχόμενοι.
1531 5614 1634 5665 Sed
1678 5613 1902 5681 Cetnplu

360 5686 526 5755 tensis
557 5683 824 5755 ἐχόμενα,
868 5693 926 5735 ut
957 5683 1316 5755 Ditlytnus,_i_d
1345 5692 1427 5755 est
1471 5701 1488 5733 ι
1515 5683 1702 5755 juxta:
1733 5702 1750 5733 3
1787 5693 1844 5755 ut
1875 5685 1930 5755 in

360 5754 464 5810 iﬂis
493 5751 674 5811 verbis
703 5751 878 5810 Judic.
906 5767 1016 5821 tux,
1051 5751 1118 5809 t4
1145 5771 1158 5808 :
1197 5752 1326 5806 Ἕδυ
1356 5751 1538 5816 αὐτοῖς
1569 5753 1598 5805 ὁ
1628 5752 1778 5822 ἥλιος
1809 5752 1928 5822 ἐχό-

2041 4653 2311 4775 ἕῖἶαὲτῆς
2342 4655 2550 4722 Γαϐαά,
2586 4658 2687 4712 hoc
2712 4665 2795 4710 est
2829 4675 2847 4708 ι
2871 4657 3133 4714 Occubuit
3164 4661 3292 4729 ipsis
3336 4664 3416 4718 sol
3455 4666 3613 4736 juxta

2157 4738 2186 4775 a
2228 4763 2241 4775 .
2270 4744 2289 4775 3

2091 4736 2241 4776 abaa.
2270 4744 2289 4775 3

2111 4793 2223 4859 (46)
2269 4796 2420 4852 Ecce.
2453 4796 2662 4850 Cantic.
2692 4812 2729 4859 ι,
2761 4795 2848 4850 14.

2113 4862 2225 4932 (47)
2281 4865 2426 4918 Veni.
2456 4866 2666 4919 Cantic.
2695 4881 2766 4930 Iv,
2797 4867 2852 4920 8.

2114 4933 2226 5002 (48)
2269 4936 2337 4989 Et
2375 4953 2477 4989 vos.
2508 4934 2564 4987 In
2597 4937 2769 5002 prima
2800 4935 2957 4990 Joan.
2985 4951 3043 5002 tt,
3067 4937 3156 4992 20.

2116 5004 2312 5079 (49)A
2358 5016 2535 5079 sancto
2599 5004 2820 5079 Spiritu.
2871 5005 3248 5079 Enarratiune
3283 5009 3338 5062 in
3390 5014 3615 5079 primum

2046 5073 2271 5128 Joannis
2317 5077 2383 5127 ad
2426 5075 2566 5128 hunc
2607 5075 2822 5128 locum:
2867 5093 2886 5125 ε
2914 5073 3092 5131 Palam
3129 5078 3252 5132 facti
3298 5073 3424 5133 sunt
3468 5085 3612 5138 enim

2049 5143 2269 5214 (inquit)
2301 5147 2621 5214 recedentes
2680 5145 2747 5198 ab
2789 5143 3062 5209 unctione,
3091 5163 3250 5214 quam
3285 5148 3551 5205 habebant
3582 5172 3613 5207 a

2049 5212 2526 5287 saneto'Spirilu,
2567 5229 2631 5287 eo
2658 5214 2923 5287 Avidelicet
2951 5212 3305 5280 ostentantes,
3336 5224 3476 5287 quod
3507 5224 3616 5274 sint

2043 5284 2361 5359 Antichristi
2412 5301 2430 5359 :_
2467 5283 2868 5359 _Christianismi
2912 5283 3389 5359 quicunquesunt
3440 5292 3612 5359 parti-

2045 5353 2209 5421 cipes,
2233 5352 2431 5406 Christi
2467 5353 2516 5405 in
2542 5353 2621 5404 cis
2653 5363 2928 5419 permanet
2969 5352 3168 5420 unctio,
3194 5357 3243 5409 id
3275 5368 3360 5412 est
3379 5352 3613 5413 chrisma

2046 5437 2076 5476 a
2106 5435 2293 5476 sancto
2323 5423 2706 5490 percipientes.
2734 5441 2753 5473 3

2115 5491 2226 5564 (5'0)
2271 5490 2342 5564 Et
2387 5491 2557 5564 faciet.
2621 5491 2724 5564 lsa.
2765 5507 2904 5556 xxv,
2946 5491 2978 5546 6
3019 5501 3073 5564 et
3119 5493 3166 5545 7.
3206 5495 3613 5564 Complulensis

2042 5560 2203 5615 edi-tio
2235 5581 2248 5616 :
2283 5561 2496 5633 πίονται
2530 5562 2586 5613 ὲν
2636 5561 2972 5633 εὐφροσύνῃ·
3005 5563 3213 5633 πίονται
3249 5560 3406 5616 οἶνον.
3444 5565 3612 5623 Verba

2039 5643 2222 5685 autem
2261 5630 2387 5694 illa,
2437 5631 2651 5684 πίονται
2699 5630 2756 5684 ἐν
2790 5630 3095 5702 εὐφροσύνῃ
3120 5671 3133 5692 ,
3175 5633 3402 5687 fortasse
3439 5649 3466 5684 a
3510 5635 3606 5689 Di-

2031 5702 2191 5775 dymo
2243 5702 2443 5756 dictata
2501 5713 2658 5768 sunt,
2709 5701 2804 5757 sed
2858 5705 2914 5759 in
2975 5702 3362 5760 Passioneiano
3416 5703 3624 5775 codice

2028 5785 2249 5828 omissa.
