4054 6420
373 329 478 387 559

371 448 756 506 sublimitatem
810 449 930 505 lidei
983 469 997 504 :

373 542 668 596 salutarem
713 542 1033 609 sanguinem
1057 541 1190 613 [(5l)
1238 558 1252 595 :
1282 551 1620 611 unguentum
1655 553 1785 592 vero
1821 539 1950 593 illud

373 635 526 698 dicit,
561 651 668 705 quo
702 635 1022 691 sauctilicati
1065 634 1319 702 ungimur
1371 649 1400 686 a
1437 632 1741 687 sacerdote.
1788 630 1954 685 Joan-

371 741 468 780 nes
497 737 679 782 autem
705 728 758 780 in
793 727 981 781 eadem
1017 728 1188 794 prima
1226 724 1388 794 130
1423 723 1658 792 Epistula
1690 723 1757 776 de
1790 722 1950 776 Chri-

372 822 458 868 sto
481 816 555 867 ait
580 833 594 868 :
623 832 644 866 t
669 814 734 868 Et
755 830 851 869 vos
885 815 1000 888 (52)
1030 814 1214 868 unctio
1247 829 1408 884 quam
1438 811 1724 882 accepistis
1750 812 1818 865 ab
1844 826 1909 866 eo
1935 849 1952 876 ,

372 918 556 962 manet
583 908 635 962 in
669 908 820 962 vobis
855 927 869 961 :
901 918 956 962 et
989 923 1094 962 non
1131 921 1354 962 necesse
1407 907 1622 960 habetis
1654 915 1712 959 ut
1755 905 1954 974 aliquis

371 1001 564 1053 doceat
598 1013 730 1065 vos;
759 999 853 1053 sed
884 1000 1024 1053 sicut
1046 1000 1228 1053 unctio
1261 998 1382 1068 ejus
1425 999 1582 1052 docet
1611 1011 1706 1051 vos
1732 997 1798 1051 de
1832 1013 1952 1050 om—

1617 328 1855 385 DlDYMl
1893 327 2365 385 ALEXANDRINI

1057 449 1237 504 vinum
1308 451 1555 519 designat
1611 448 1948 502 Dominirntn

2069 448 2295 502 ἐλάϐετε
2337 449 2433 500 ἀπ’
2479 445 2669 507 αὐτοῦ,
2713 446 2864 518 μένει
2911 446 2970 499 ἐν
3008 447 3168 517 ὑμῖν⁸
3216 448 3310 500 καὶ
3352 449 3414 501 οῦ
3447 449 3638 519 χρείαν

3534 333 3640 388 560

2056 541 2209 611 ἔχετε
2261 541 2349 594 ἵνα
2390 557 2476 603 τις
2512 539 2738 610 διδάσκῃ
2771 539 2935 610 ὑμᾶς,
2969 539 3083 593 ἀλλ’
3115 539 3192 603 ὡς
3221 539 3284 592 τὺ
3316 540 3478 594 αὐτοῦ
3520 541 3639 612 χρί-

2059 652 2172 703 σμα
2197 634 2436 687 διδάσκει
2467 633 2611 702 ὑμᾶς
2643 633 2770 703 περὶ
2813 633 3032 686 πάντων
3053 650 3066 664 ο
3113 654 3130 684 ι
3166 632 3374 696 Παῦλος
3400 634 3456 686 δὲ
3488 635 3545 686 ἐν
3569 635 3635 706 τῇ

2057 727 2284 798 δευτέρᾳ
2328 726 2464 797 πρὸς
2507 726 2831 797 Κορινθίους
2857 745 2870 758 ο
2932 745 2950 777 ι
2999 727 3060 778 '0
3104 726 3160 779 δὲ
3208 725 3440 796 βεϐαιῶν
3484 728 3634 795 ἡμᾶς

2061 817 2156 869 σὺν
2203 818 2332 885 ὑμῖν
2365 819 2443 878 είς
2487 816 2744 886 Χριστὸν,
2783 816 2879 869 καὶ
2927 816 3122 885 χρίσας
3169 817 3312 886 ἡμᾶς
3345 815 3496 879 Θεὸς,
3543 817 3638 868 καὶ

2061 907 2501 978 σφραγισάμενος
2553 909 2719 977 ἡμᾶς,
2757 909 2852 960 καὶ
2897 908 3021 970 δοὺς
3069 908 3160 959 τὸν
3202 907 3497 978 ἀρραϐῶνα
3541 907 3636 960 τοῦ

2059 999 2375 1069 Πνεῦματος
2407 1001 2464 1052 ἐν
2491 1001 2611 1061 ταῖς
2647 999 2892 1069 καρδίαις
2923 999 3134 1069 ἡμῶν.»

371 1093 550 1146 uibus.
608 1109 630 1145 ι
678 1090 880 1146 Paulus
933 1105 1060 1145 vero
1115 1091 1168 1144 in
1217 1094 1452 1144 secunda
1491 1088 1558 1143 ad
1593 1087 1941 1143 Corinthios:
1989 1089 2118 1156 tQui
2154 1102 2335 1146 autem
2356 1091 2772 1158 (55)contirmat
2840 1105 2940 1144 nos
2996 1091 3274 1143 vobiscum
3307 1089 3360 1142 in
3391 1089 3630 1156 Christo,

371 1191 426 1236 et
464 1179 555 1250 qui
585 1181 740 1235 unxit
765 1196 866 1235 nos
900 1179 1061 1243 Deus,
1093 1179 1187 1247 qui
1224 1189 1282 1234 et
1317 1180 1552 1250 signavit
1594 1193 1696 1235 nos
1717 1219 1730 1244 ,
1760 1189 1817 1234 et
1855 1180 2000 1236 dedit
2028 1182 2224 1252 pignus
2257 1183 2496 1252 Spiritus
2528 1183 2583 1236 in
2615 1181 2868 1236 cordibus
2893 1183 3114 1236 nostris.
3151 1199 3172 1234 ι

1014 1273 1167 1330 CAP.
1199 1272 1303 1330 \‘ll.

369 1367 449 1422 De
489 1367 681 1422 diuinis
728 1365 1140 1436 operationibus,
1199 1375 1246 1487 ft
1301 1364 1668 1434 largitionibus
1710 1363 1947 1432 Spiritus

1071 1453 1198 1487 sum:
1226 1452 1263 1487 ι.

1071 1452 1263 1489 sanctt.

439 1529 560 1586 Jam
591 1545 723 1585 vero
767 1528 1176 1598 Scripturarum
1241 1527 1462 1583 oracula
1501 1543 1626 1583 cum
1657 1526 1810 1582 valde
1859 1541 1951 1582 ac-

2705 1273 2863 1326 ΚΕΦ.
2904 1271 2984 1326 Z'.

2056 1367 2194 1435 Περὶ
2229 1364 2350 1420 τῶν
2403 1364 2615 1418 θεῖκῶν
2654 1362 2998 1432 ἐνεργειῶν,
3047 1363 3146 1418 καὶ
3194 1362 3306 1434 [81
3359 1363 3443 1435 b]
3489 1380 3640 1432 παρ.

2374 1436 2536 1504 οχῶν
2572 1435 2678 1488 τοῦ
2709 1435 2882 1500 ἁγίου
2917 1436 3283 1502 Πνεύματος.

2137 1531 2313 1598 Ἀγαν
2346 1529 2522 1581 τοίνυν
2563 1526 2862 1597 φιλοτίμως
2893 1525 2990 1596 τὴν
3021 1526 3172 1579 Θείαν
3198 1527 3294 1610 καὶ
3331 1526 3637 1598 ἀκροτάτην

376 1633 567 1678 curate
590 1621 763 1676 sancti
799 1619 1034 1688 Spiritus
1066 1631 1335 1682 naturam,
1363 1634 1486 1688 quae
1532 1633 1697 1688 supra
1729 1633 1944 1674 omnem

2051 1621 2146 1676 τοῦ
2176 1621 2333 1690 ἁγίου
2375 1619 2695 1690 Πνεῦματος
2740 1618 2923 1686 φύσιν,
2955 1618 3055 1688 τὴν
3095 1614 3260 1671 οὖσαν
3308 1620 3448 1690 ὑπὲρ
3489 1620 3637 1690 ζωὴν

365 1717 559 1779 vitam,
609 1723 956 1784 mentemque
1000 1713 1258 1778 exsistit,
1296 1713 1534 1766 divinam
1591 1727 1714 1766 esse
1739 1726 1806 1767 ac
1853 1727 1948 1765 su-

2055 1715 2151 1768 καὶ
2180 1687 2319 1785 ὐιτὲρ
2351 1713 2496 1773 νοῦν,
2528 1687 2600 1765 τά
2624 1711 2782 1780 λόγια
2809 1687 3170 1775 ἐπιδείξαντα,
3197 1687 3492 1781 ἐφάμιλλον
3535 1687 3635 1766 αῦ-

372 1823 619 1881 premam
655 1808 813 1864 nobis
841 1807 1206 1872 ostenderint,
1237 1804 1470 1860 similem
1503 1820 1742 1874 quoque,
1776 1815 1830 1860 et
1856 1806 1947 1860 tali

371 1913 585 1958 naturae
642 1901 1066 1956 convenientem
1103 1898 1388 1954 declarant
1419 1899 1952 1968 providentissimum

366 1993 511 2048 illius
535 2002 697 2062 atque
725 1993 984 2048 entheam
1020 1991 1414 2060 operationem,
1443 1989 1494 2042 in
1521 1989 1666 2044 hunc
1694 1990 1909 2042 modum
1937 2006 1952 2043 :

446 2082 488 2141 l.
520 2084 654 2151 Quia
690 2083 951 2149 viviﬁcat,
986 2091 1170 2154 utpote
1200 2083 1292 2153 qui
1323 2091 1406 2138 est
1437 2081 1676 2150 Spiritus
1705 2079 1802 2137 Dei
1831 2096 1955 2136 om-

371 2176 462 2231 nia
492 2173 841 2240 vivilica‘ntis,
888 2174 1045 2245 juxta
1081 2175 1203 2230 ﬁdei
1235 2173 1416 2228 tubam
1451 2171 1682 2227 Paulum
1716 2175 1956 2227 scriben-

368 2277 478 2323 tem
505 2268 574 2322 ad
604 2267 879 2321 liomauos
901 2267 1120 2337 quidem
1161 2283 1174 2319 :
1215 2284 1234 2316 t
1268 2264 1377 2319 Lex
1402 2264 1515 2336 (54)
1546 2265 1689 2318 enim
1721 2264 1956 2333 Spiritus

367 2359 496 2412 vita:
557 2357 610 2412 in
652 2356 877 2411 Christo
907 2354 1036 2410 Jesu
1075 2355 1331 2409 liberavit
1363 2369 1448 2408 nte
1488 2370 1517 2408 a
1573 2354 1690 2425 lege
1719 2354 1951 2420 peccati,

364 2461 422 2505 et
453 2449 676 2511 mortis;
715 2470 738 2503 υ
787 2459 844 2503 et
888 2463 1074 2502 rursm
1106 2465 1120 2501 :
1155 2447 1286 2515 «Qui
1316 2447 1598 2502 suscitavit
1625 2447 1738 2518 (55)
1767 2445 1952 2501 Jcsum

367 2540 650 2596 Christum
675 2554 741 2595 ex
769 2540 1000 2594 mortuis
1024 2579 1040 2604 ,
1063 2538 1358 2594 viviﬁt-abit
1407 2549 1460 2594 et
1500 2540 1744 2594 mortalia
1771 2549 1952 2594 vestra

367 2649 597 2704 corpora
616 2648 712 2704 per
749 2632 1145 2687 inhabitantem
1163 2631 1280 2704 (56)
1303 2631 1474 2700 ipsius
1497 2630 1757 2701 Spiritum
1793 2631 1844 2684 in
1870 2645 1954 2684 vo-

365 2725 478 2793 bis;
506 2745 525 2779 ›
555 2727 618 2780 ad
642 2724 954 2780 Corinthios
971 2739 1133 2780 vero:
1153 2723 1304 2778 «Non
1326 2724 1469 2793 quod
1497 2722 1610 2795 (57)
1625 2723 1953 2778 sutlicientes

363 2817 540 2873 simus
574 2817 817 2887 cogitare
846 2815 1050 2885 aliquid
1082 2830 1112 2870 a
1147 2814 1303 2869 nobis
1338 2815 1487 2883 quasi
1523 2829 1590 2868 ex
1621 2813 1776 2869 nobis
1805 2830 1820 2868 :
1858 2813 1951 2868 sed

372 2909 696 2962 sufﬁcientia
739 2916 929 2961 nostra
965 2920 1030 2961 ex
1061 2905 1173 2961 Deo
1205 2917 1286 2961 est
1321 2924 1336 2961 :
1377 2903 1468 2974 qui
1509 2915 1562 2959 et
1602 2905 1826 2960 idoneos
1855 2920 1952 2960 nos

367 3001 500 3056 fecit
539 3001 816 3054 ministros
855 2997 990 3053 Novi
1045 2997 1376 3052 Testamenti
1406 3039 1422 3062 ,
1464 3013 1568 3050 non
1608 2997 1822 3064 litterae,
1855 2999 1946 3053 sed
1977 3035 2019 3090 C

369 3098 526 3169 181
568 3097 825 3167 spiritus;
860 3095 1036 3150 littera
1060 3093 1202 3149 enim
1231 3094 1464 3158 occidit,
1511 3092 1734 3160 spiritus
1767 3099 1946 3142 autem

363 3193 623 3249 viviﬁcat.
657 3212 676 3245 ι
722 3190 925 3246 Littera
978 3205 1106 3244 vero
1155 3190 1244 3244 hic
1276 3187 1562 3244 Mosaicam
1611 3186 1783 3257 legem
1834 3183 1947 3256 (58)

364 3285 436 3342 de
458 3293 608 3347 notat,
631 3297 751 3353 qua:
773 3283 851 3337 sic
880 3280 1063 3346 edicit,
1094 3301 1112 3332 ι
1148 3279 1371 3336 Oculum
1399 3277 1512 3351 (59)
1541 3293 1636 3347 pro
1668 3277 1824 3332 oculo
1848 3315 1864 3338 ,
1895 3285 1948 3330 et

363 3377 582 3432 dentem
618 3389 716 3445 pro
738 3373 922 3437 dente,
961 3389 980 3422 ι
1004 3385 1233 3440 qumque
1267 3369 1508 3423 defendit
1533 3383 1680 3430 eum,
1724 3367 1818 3437 qui
1855 3367 1942 3421 in-

364 3467 623 3537 sipientcr
683 3463 822 3517 vivit
883 3460 1018 3534 (60).
1057 3460 1433 3515 Viviﬁcaotem
1477 3473 1606 3514 vero
1637 3458 1774 3512 dicit
1818 3471 1951 3510 san-

366 3565 511 3612 ctum
545 3555 636 3610 Dei
672 3551 938 3622 Spiritum
961 3593 977 3616 ,
1007 3553 1098 3622 qui
1143 3549 1274 3606 facit
1312 3559 1370 3604 ut
1401 3565 1507 3604 non
1555 3547 1787 3619 amplius
1839 3548 1940 3603 sub

365 3648 484 3720 lege
513 3646 705 3712 simus,
728 3645 823 3699 sed
860 3643 966 3700 sub
989 3642 1164 3714 gratia
1188 3681 1204 3706 ,
1243 3642 1506 3710 nobisque
1555 3639 1827 3710 praecipit,
1889 3647 1948 3694 ut

440 3824 556 3907 t5')
587 3824 945 3907 ,δαησαξηεηιε
977 3820 1093 3907 Nisi
1115 3819 1190 3907 in.
1211 3818 1560 3907 ῐξιιςιιιΰεξξῆ
1578 3817 1787 3907 Qui“?
1823 3831 1943 3907 €31“

366 3896 488 3965 guis
522 3890 972 3964 reipsa'adesset,
1012 3894 1199 3946 vinum
1236 3890 1324 3944 hic
1354 3890 1690 3958 signiﬁcaret
1729 3890 1933 3951 vinum,

370 3980 475 4019 non
511 3980 642 4018 vero
672 3963 963 4019 salutarem
999 3961 1337 4031 sanguinem,
1363 3973 1522 4029 quem
1557 3973 1656 4029 pro
1699 3959 1940 4013 humano

367 4049 567 4106 genere
593 4035 869 4106 Christum
895 4031 1108 4106 eﬂudit.

463 4104 553 4173 5?)
595 4103 663 4158 Et
695 4121 804 4159 vos.
838 4103 893 4158 in
928 4103 1099 4173 prima
1129 4099 1353 4173 Joannis
1378 4099 1557 4173 "£27.

463 4106 531 4160 5?
595 4106 663 4158 Et
695 4121 804 4159 vos.
838 4106 893 4158 In
928 4106 1099 4173 prima
1129 4106 1353 4156 Joannis
1378 4114 1436 4157 ιι.
1465 4106 1557 4153 27.

441 4106 554 4247 (55;
597 4175 701 4240 Qui
731 4183 929 4247 autem.
965 4173 1020 4226 In
1052 4170 1095 4226 ll
1125 4176 1191 4225 ad
1221 4169 1345 4224 Cor.
1369 4184 1408 4237 l,
1433 4170 1499 4225 21
1528 4178 1582 4224 et
1611 4167 1704 4224 22.
1729 4166 1901 4223 Biblia
1931 4186 1944 4224 :

365 4247 396 4299 ὀ
419 4243 514 4299 κάὶ
537 4243 1010 4315 σφραγισάμενος.

440 4315 556 4384 (54)
597 4314 726 4369 Lex.
769 4315 926 4368 liom.
953 4314 1162 4384 νιιιμι.

439 4379 556 4456 (55)
597 4386 702 4456 Qui
735 4383 1222 4456 suscitat-it._[iotn.
1274 4397 1400 4456 ξἰιιζ
1407 4381 1508 4456 11.
1547 4381 1736 4456 (ξι-πρε
1775 4379 1949 4456 _et_l_iti_o

369 4449 468 4524 pro
506 4449 713 4530 Ἰησοῦν
749 4455 1005 4530 Χριστόν,
1041 4453 1214 4530 habet.
1241 4451 1333 4530 τὸν
1378 4452 1634 4530 Χριστόν.
1681 4451 1786 4530 Sed
1821 4449 1947 4530 Vu_|-

409 4537 529 4580 atus
565 4519 834 4596 interpres
885 4525 1027 4596 legit,
1047 4534 1106 4578 ut
1155 4519 1562 4596 Didymus'hoc
1601 4524 1652 4576 in
1690 4522 1832 4596 loco.
1886 4519 1943 4573 In

371 4543 529 4649 fatus
565 4543 834 4596 interpres
885 4543 1013 4594 tegit
1047 4543 1106 4578 ut
1155 4543 1416 4592 muymus
1459 4543 1562 4577 nnc
1601 4543 1652 4576 ιιι
1693 4543 1832 4574 ioco.
1886 4543 1943 4573 Ill

393 4596 511 4650 ibro
549 4607 733 4650 autem
771 4594 849 4649 De
885 4593 1092 4661 Spiritu
1121 4603 1301 4645 sancto
1342 4594 1425 4646 bis
1469 4592 1627 4646 al'l‘ert
1668 4592 1945 4660 theologus

371 4677 564 4721 noster
600 4665 958 4734 hunciipsum
987 4662 1338 4734 versiculum,
1369 4678 1433 4716 ac
1464 4677 1690 4717 numero
1721 4661 1937 4734 quidem

371 4735 442 4791 59
477 4735 655 4799 habet,
696 4753 715 4786 ι
744 4730 927 4789 Iesum
977 4733 1287 4798 Christum;
1315 4750 1332 4783 ι
1381 4747 1607 4786 numero
1654 4742 1832 4785 autem
1877 4730 1941 4784 41

372 4805 540 4860 habet
578 4805 862 4869 duntaxat,
897 4822 916 4855 t
945 4803 1243 4866 Christum,
1272 4821 1290 4854 ι
1328 4811 1441 4856 tum
1472 4804 1525 4856 in
1559 4802 1719 4857 editis
1762 4814 1947 4856 exem-

371 4875 638 4946 plaribus,
663 4884 772 4946 tum
801 4875 853 4946 in
871 4885 1075 4946 (nostro
1105 4872 1310 4946 codice.

445 4943 558 5014 (56)
601 4943 707 5014 Rer
733 4944 1132 5014 inhabitanlem.
1159 4943 1313 5014 Apud
1341 4941 1701 5014 Athanasium
1718 4940 1784 5014 in
1831 4940 1946 4994 dia-

373 5011 499 5085 logo
531 5011 590 5085 ut
621 5013 986 5085 DefTrinitate
1017 5016 1182 5085 (tom.
1205 5011 1268 5074 ll,
1308 5027 1428 5082 pag.
1451 5013 1559 5085 228
1591 5011 1820 5085 et_234_
1835 5020 1943 5085 vet.

373 5081 486 5155 cd'.)
535 5083 886 5138 Macedonius
920 5081 1321 5155 redarguitur,’
1349 5084 1492 5155 quod
1545 5083 1596 5135 in
1652 5082 1755 5155 hoc
1790 5081 1941 5155 P_aul_i

377 5150 526 5208 textu
584 5168 866 5221 perperam
919 5150 1178 5223 legeret:
1224 5151 1314 5206 διὰ
1364 5151 1427 5205 τὸ
1479 5151 1723 5206 ἐνοικοῦν
1779 5150 1944 5206 αὐτοῦ

375 5224 625 5295 Πνεῦμα,
657 5225 710 5280 id
740 5233 834 5295 est
867 5241 886 5273 ι
915 5222 1137 5292 propter
1170 5223 1564 5295 inhabitantetn
1599 5223 1775 5295 ipsius
1819 5222 1946 5290 Spi-

375 5292 540 5349 rituui
565 5312 579 5358 ;
607 5312 627 5346 )
649 5308 712 5346 ac
740 5292 1020 5360 legendum
1047 5309 1168 5348 esse
1190 5295 1464 5347 contendit
1495 5293 1696 5361 Dialogi
1729 5303 1940 5355 auctor,

373 5364 465 5419 διὰ
503 5364 596 5417 τοῦ
638 5361 994 5428 ἐνοικοῦντος,
1039 5373 1093 5418 et
1125 5363 1364 5432 reliqua,
1415 5371 1473 5416 ut
1507 5364 1707 5415 habent
1754 5362 1944 5416 Graeca

376 5433 572 5489 Biblia.
601 5434 800 5489 Eadem
839 5435 1030 5499 sensit,
1077 5448 1142 5487 ac
1192 5433 1415 5488 dictavit
1467 5432 1722 5503 Didymus
1769 5449 1941 5500 segni.

362 5504 480 5558 'lM
505 5522 556 5557 a.
586 5504 703 5558 lam
735 5519 862 5559 vero
882 5503 1004 5572 quis
1033 5504 1237 5566 credat,
1270 5501 1755 5562 lectionem'illam,
1781 5517 1944 5572 quam

375 5584 438 5627 ut
472 5573 910 5629 Macedonianam
943 5573 1239 5641 exagitavit
1271 5587 1444 5641 segni.
1479 5572 1566 5624 illo
1598 5573 1702 5625 114
1726 5589 1779 5633 a,
1819 5586 1944 5639 pro~

378 5644 613 5710 positam
649 5645 719 5699 ab
755 5645 870 5712 ipso
903 5642 1071 5712 luisse
1100 5643 1154 5696 in
1192 5643 1332 5712 libro
1361 5641 1434 5694 De
1472 5642 1681 5708 Spiritu
1706 5643 1944 5712 sancto?

375 5714 630 5767 Attamen
669 5717 723 5768 in
750 5710 818 5767 eo
862 5711 1000 5766 libro
1039 5727 1186 5765 num.
1213 5711 1306 5775 59,
1333 5713 1475 5766 edita
1507 5711 1833 5775 exemplaria
1865 5710 1946 5763 sic

381 5779 584 5838 habent
621 5800 639 5839 :
677 5800 697 5836 ι
728 5781 1100 5852 Proponamus
1144 5789 1200 5839 et
1240 5781 1485 5854 Apostoli
1541 5783 1612 5839 ad
1667 5779 1942 5839 Romanos

2056 1806 2154 1876 τῆς
2197 1805 2290 1858 καὶ
2329 1803 2427 1874 τὴν
2466 1801 2976 1876 κηδεμονικωτάτην
3009 1801 3189 1856 ἔνθεον
3225 1803 3506 1874 ἐνέργειαν
3540 1804 3634 1856 ἐκ·

2057 1897 2236 1967 φαίνει
2268 1895 2467 1950 οὑτωσί

2127 2075 2204 2128 A'.
2243 2074 2366 2126 Ὅτι
2397 2071 2672 2136 ζωοποιεῖ,
2701 2073 2777 2136 ὠς
2806 2071 3030 2142 Πνεῦμα
3043 2071 3286 2142 ὑπάρχον
3314 2071 3406 2124 τοῦ
3437 2068 3637 2136 ζωογο-

2054 2165 2270 2229 νοῦντος
2299 2165 2368 2218 τά
2397 2165 2575 2218 πάντα
2608 2163 2743 2216 θεοῦ
2767 2203 2780 2227 ,
2817 2163 2959 2217 κατὰ
2989 2162 3198 2216 Παῦλον
3229 2163 3327 2232 τὴν
3359 2162 3637 2229 σάλπιγγα

2051 2257 2154 2328 τῆς
2193 2257 2459 2322 πίστεως,
2504 2257 2816 2327 γράφοντα,
2863 2255 3156 2326 Ῥωμαίοις
3190 2254 3319 2325 μέν·
3362 2273 3380 2305 ι
3428 2255 3486 2306 '0
3525 2254 3635 2323 γὰρ

2052 2349 2216 2420 νόμος
2243 2347 2340 2400 τοῦ
2374 2346 2694 2418 Πνεύματος
2739 2347 2838 2416 τῆς
2873 2345 3040 2415 ζωῆς,
3086 2348 3142 2398 ἐν
3179 2345 3400 2416 Χριστῷ
3459 2345 3634 2417 Ἰησοῦ

2054 2441 2428 2513 ἠλευθέρωσέν
2474 2457 2542 2511 με
2577 2439 2685 2493 ἀπὸ
2719 2437 2816 2492 τοῦ
2864 2438 3030 2509 νόμου
3068 2439 3167 2509 τῆς
3217 2437 3488 2508 ἁμαρτίας
3539 2439 3637 2490 καὶ

2052 2535 2146 2588 τοῦ
2203 2534 2470 2588 θανάτου·
2510 2552 2529 2584 ι
2580 2534 2676 2586 καὶ
2723 2533 2912 2586 πάλιν·
2965 2550 2984 2583 ι
3043 2531 3102 2584 '0
3149 2531 3369 2602 ἐγείρας
3429 2529 3634 2600 Ἰησοῦν

2053 2625 2289 2697 Χριστὸν
2321 2627 2386 2678 ἐκ
2415 2623 2627 2694 νεκρῶν
2647 2663 2663 2688 ,
2699 2623 3024 2694 ζωοποιήσει
3053 2625 3147 2676 καὶ
3184 2624 3251 2677 τὰ
3280 2624 3450 2694 θνητὰ
3477 2623 3635 2694 ὑμῶν

2054 2717 2321 2787 σώματα,
2358 2716 2446 2769 διά
2495 2714 2587 2769 τοῦ
2631 2715 2968 2780 ἐνοικοῦντος
3003 2715 3166 2768 αὑτοῦ
3205 2715 3521 2786 Πνεύματος
3573 2717 3634 2768 ἐν

2053 2809 2216 2878 ὑμῖν·
2261 2825 2279 2858 ι
2313 2805 2621 2877 Κορινθίοις
2653 2805 2712 2860 δέ
2741 2822 2753 2836 ·
2796 2824 2814 2857 ι
2853 2806 2964 2875 Οὐχ
3008 2805 3090 2858 ὃτι
3127 2807 3300 2859 ἱκανοί
3328 2807 3492 2876 ἐσμεν
3537 2805 3633 2874 ἀφ’

2053 2898 2262 2952 ἑαυτῶν
2289 2896 2612 2966 λογίσασθαί
2635 2915 2707 2957 τι.
2737 2896 2811 2959 ὡς
2838 2895 2898 2960 ἐξ
2923 2895 3130 2949 ἐαυτῶν
3147 2913 3160 2926 ·
3186 2896 3299 2949 ἀλλ’
3321 2897 3354 2967 ἡ
3380 2896 3632 2966 ἱκανότης

2055 2991 2212 3065 ἡμῶν
2237 2993 2302 3045 ἐκ
2329 2990 2495 3044 Θεοῦ·
2523 2990 2582 3054 ὃς
2612 2991 2708 3043 καὶ
2731 2990 2994 3044 ἱκάνωσεν
3019 2991 3166 3059 ἡμᾶς
3192 2989 3472 3052 διακόνους
3494 2991 3633 3042 Και-

2054 3084 2153 3154 νῆς
2193 3082 2490 3153 Διαθήκης,
2526 3081 2586 3133 οὐ
2623 3081 2982 3151 γράμματος,
3018 3079 3153 3133 ἀλλὰ
3203 3080 3527 3151 πνεύματος.
3559 3079 3635 3134 Ἰδ

2055 3174 2162 3246 γὰρ
2194 3174 2429 3245 γράμμα
2463 3173 2796 3237 ἀποκτείνει,
2829 3172 2891 3225 τὸ
2928 3171 2984 3224 δὲ
3035 3172 3252 3243 πνεῦμα
3279 3172 3549 3237 ζωοποιεῖ.
3605 3191 3627 3224 ι

2054 3267 2293 3338 Γράμμα
2343 3264 2400 3317 δὲ
2447 3261 2600 3317 εἶπεν
2646 3262 2737 3317 τὸν
2770 3263 3057 3318 Μωσαῖκδν
3101 3265 3283 3335 νόμον,
3324 3265 3414 3318 τὸν
3451 3266 3632 3334 διαγο-

2057 3357 2284 3430 ρεύοντα
2326 3355 2604 3427 ὀφθαλμὸν
2639 3357 2759 3409 ἀντὶ
2803 3356 3107 3427 ὀφθαλμοῦ,
3157 3359 3250 3410 καὶ
3284 3359 3469 3412 ὀδόντα
3511 3359 3636 3412 ἀντὶ

2055 3451 2286 3514 ὀδόντος,
2328 3450 2424 3502 καὶ
2458 3448 2799 3519 ἀμυνόμενον
2843 3449 2935 3502 τὸν
2978 3450 3252 3513 ἀσυνέτως
3288 3449 3629 3521 βιοτεύοντα·

2056 3541 2317 3606 ζωοποιὸν
2346 3539 2426 3600 δὲ,
2469 3540 2528 3593 τὸ
2555 3539 2710 3608 ᾰγιον
2741 3539 2966 3611 Πνεῦμα
3011 3541 3106 3594 τοῦ
3149 3541 3307 3607 Θεοῦ,
3343 3542 3403 3594 τὸ
3435 3541 3632 3613 μηκέτι

2056 3634 2161 3689 ὑπὸ
2190 3633 2373 3705 νόμον,
2401 3632 2516 3686 ἀλλ’
2543 3633 2646 3686 ὑπὸ
2666 3634 2827 3705 χάριν
2856 3634 3002 3705 ἡμᾶς
3031 3634 3284 3704 ποιῆσαν,
3310 3636 3403 3689 καὶ
3432 3651 3633 3708 παρεγ-

2051 3817 2301 3886 Epistolas
2347 3817 2710 3872 testimonium
2733 3860 2747 3872 .
2770 3859 2784 3872 .
2806 3859 2820 3872 .
2861 3838 2880 3871 ι
2921 3820 2976 3875 Si
3013 3829 3192 3875 autem
3226 3819 3458 3887 Spiritus
3491 3818 3628 3884 ejus,

2056 3907 2075 3940 ι
2109 3889 2198 3956 qui
2250 3887 2527 3941 suscitavit
2565 3887 2746 3943 .lesum
2771 3904 2800 3943 a
2829 3892 3084 3956 mortuis,
3119 3893 3322 3945 habitat
3351 3892 3402 3943 in
3435 3892 3583 3942 vobis
3610 3907 3626 3942 :

2053 3978 2072 4011 ι
2111 3959 2201 4028 qui
2242 3958 2526 4013 suscitavit
2577 3958 2757 4014 Jesutn
2788 3960 3061 4016 Christum
3097 3977 3125 4014 a
3175 3962 3423 4022 mortuis,
3455 3958 3630 4014 viviti-

2054 4048 2073 4081 t
2101 4027 2248 4083 cabit
2295 4036 2350 4081 et
2375 4028 2626 4100 mortalia
2677 4045 2904 4098 corpora
2955 4042 3132 4085 vestra
3169 4040 3386 4100 propter
3413 4031 3629 4084 inhabi-

2057 4118 2077 4151 ι
2117 4108 2317 4170 tantem
2369 4097 2626 4170 Spiritum
2693 4097 2812 4169 ejus
2876 4100 2929 4154 in
2993 4097 3240 4156 vobis...
3271 4097 3290 4152 ὀ
3324 4103 3413 4155 Ait
3434 4102 3630 4170 quippe

2049 4169 2372 4234 Apostolus,
2416 4169 2855 4238 justiticationem
2913 4172 3171 4236 divinam,
3215 4181 3272 4225 et
3323 4169 3625 4238 spiritualis

2050 4238 2193 4308 legis
2222 4239 2431 4310 expleri
2473 4239 2674 4310 lllAlllS,
2719 4255 2822 4294 non
2865 4240 3138 4310 qui'juxta
3176 4256 3393 4295 carnem
3435 4241 3626 4293 auibu-

2050 4311 2180 4374 lant,
2213 4309 2488 4373 sed’juxta
2527 4308 2810 4378 Spiritum.
2835 4331 2853 4363 ι
2882 4308 3086 4364 Verum
3125 4311 3413 4379 scrupulus
3442 4312 3624 4363 omnis

2051 4379 2274 4445 tollitur,
2305 4380 2348 4432 si
2391 4396 2491 4434 ms.
2521 4382 2759 4434 codicem
2799 4390 2996 4436 nostra-
3033 4380 3380 4434 Bibliotheca:
3417 4383 3472 4435 S.
3507 4379 3626 4433 Sal-

2050 4450 2540 4520 vatorisiliouonitc
2570 4451 2942 4508 consulamus.
2977 4449 3069 4506 Sic
3117 4452 3263 4504 enim
3304 4452 3354 4503 in
3390 4467 3455 4505 eo
3489 4452 3623 4520 legi-

1978 4504 2022 4558 ι)
2055 4529 2179 4590 tur:
2219 4538 2238 4570 t
2267 4504 2849 4590 Proponamusiautent
2877 4504 3218 4590 e‘t'Aipostoli,
3244 4541 3263 4574 ι
3298 4530 3352 4574 et
3392 4504 3622 4590 reliqii.t.

2053 4589 2187 4644 Tum
2217 4589 2384 4661 ςγδι
2427 4598 2605 4644 autem
2642 4589 2878 4660 Spiritus
2908 4589 3042 4661 ejus.
3073 4591 3165 4661 qui
3211 4592 3496 4644 suscitavit
3537 4589 3628 4661 .lce

2051 4673 2168 4714 sum
2222 4660 2496 4715 Christum
2549 4674 2613 4713 ex
2681 4660 3167 4727 ntortuis,habit:tt
3213 4662 3263 4714 in
3302 4663 3485 4726 vobis;
3536 4660 3624 4725 qui

2056 4731 2337 4783 suscitavit
2385 4731 2568 4784 Jesum
2607 4731 2878 4785 Christum
2923 4749 2986 4785 ex
3042 4732 3291 4794 tnortuis,
3335 4733 3628 4786 vivilicavit

2051 4799 2348 4871 [legendum
2389 4800 2717 4874 vivilicabit,
2765 4812 2821 4854 ut
2881 4801 3033 4874 puto]
3091 4811 3165 4874 et
3203 4801 3452 4874 mortalia
3509 4818 3628 4854 cor-

2051 4885 2179 4937 pora
2204 4883 2382 4924 vestra
2421 4886 2516 4938 per
2543 4871 2989 4925 inhabitationem
3015 4871 3260 4939 Spiritus
3289 4872 3406 4940 ejus
3439 4871 3492 4924 in
3535 4886 3626 4922 vo-

2047 4941 2198 4995 bis...
2232 4942 2322 4996 Ait
2359 4943 2557 5009 quippe
2581 4940 2896 5008 Apostolus,
2925 4941 3366 5012 justiﬁcationem
3403 4941 3624 5012 divinae,

2049 5021 2101 5064 et
2139 5012 2436 5078 spiritualis
2470 5013 2621 5080 legis,
2647 5029 2666 5062 ι
2697 5023 2801 5066 etc.
2833 5012 2912 5065 Ac
2930 5011 3067 5068 sane
3101 5026 3250 5065 num.
3279 5011 3342 5065 41
3379 5011 3620 5080 ejusdem

2049 5080 2169 5134 libri
2218 5096 2342 5135 cum
2392 5081 2579 5146 editio,
2626 5091 2735 5135 tum
2783 5091 2966 5137 noster
3006 5085 3175 5137 codex
3225 5081 3424 5142 habet,
3478 5100 3494 5131 t
3530 5095 3628 5150 per

2049 5151 2459 5222 inhabitantem,
2484 5171 2503 5204 ι
2537 5167 2641 5205 non
2675 5167 2821 5212 vero.
2864 5171 2882 5203 t
2913 5164 3129 5222 propter
3167 5151 3620 5222 inhabitantem.)

2047 5220 2172 5274 Haec
2215 5231 2392 5276 tamen
2444 5237 2550 5275 non
2602 5237 2668 5275 eo
2715 5223 2862 5287 dixi,
2913 5220 3056 5291 quod
3113 5223 3395 5276 lectionem
3437 5221 3620 5281 illam,

2053 5310 2071 5344 ι
2104 5301 2321 5360 prepter
2364 5294 2776 5354 inhabitantem,
2806 5313 2823 5343 )
2863 5296 3086 5347 omnino
3136 5293 3481 5360 rejiciendam
3531 5307 3623 5343 ve-

2045 5361 2170 5432 lim.
2193 5362 2596 5432 cumVulgatus
2634 5363 2900 5430 interpres
2937 5364 3082 5416 illam
3119 5363 3336 5416 habeat.

2117 5430 2231 5500 (57)
2274 5431 2396 5484 Non
2447 5430 2606 5501 quod.
2639 5433 2680 5484 ll
2734 5433 2860 5487 (lor.
2913 5450 2994 5500 ιιι,
3025 5435 3059 5488 5
3114 5441 3170 5487 et
3198 5432 3250 5486 6.
3287 5433 3473 5487 Graeca
3507 5431 3626 5488 edi-

2046 5500 2122 5554 tio
2149 5522 2161 5556 :
2191 5503 2256 5554 ὲκ
2287 5503 2379 5554 τοῦ
2415 5500 2571 5556 Θεοῦ.

2043 5573 2228 5695 35(53)
2270 5571 2477 5642 Legem.
2523 5573 2650 5629 Vide
2680 5573 2774 5629 lib.
2810 5573 2887 5628 De
2927 5572 3022 5643 Sp.
3064 5584 3247 5628 sancto
3282 5587 3438 5630 num.
3463 5571 3534 5627 57
3568 5581 3626 5626 et

2080 5658 2132 5696 ὓ.

2115 5712 2228 5780 (59)
2270 5710 2511 5766 Oculum.
2541 5711 2715 5768 Levit.
2746 5729 2894 5778 μιν,
2927 5712 3019 5771 20.

2115 5781 2230 5855 (60)
2279 5781 2433 5838 Vivit.
2461 5784 2600 5855 Lege
2631 5783 2803 5842 Exod.
2827 5801 2942 5856 xxI,
2974 5785 3062 5858 15,
3089 5782 3178 5855 18,
3211 5781 3304 5854 21,
3340 5792 3447 5842 etc.
