4054 6386
435 389 541 442 565

1679 388 1916 443 DlDYMl
1955 387 2415 444 ALEXANDRINI

3580 389 3686 443 564

433 505 626 574 quiunt
656 502 812 556 modo
837 514 868 554 a
889 498 1068 563 Patre,
1098 500 1258 557 modo
1285 500 1460 570 ipsum
1488 515 1518 554 a
1558 514 1616 554 se
1645 501 1758 571 ipso
1783 541 1798 566 ,
1848 505 1991 556 modi

2109 507 2138 557 6
2168 505 2376 574 Πατὴρ,
2405 495 2536 555 ποτε
2563 493 2729 564 utrm;
2755 501 2968 564 ἑαυτὸν,
3017 502 3149 554 ποτὲ
3177 501 3238 554 τὸ
3270 503 3421 570 ἅγιον
3452 503 3684 573 Πνεῦμα

425 610 457 647 a
493 593 700 664 Spiritu
731 601 955 656 sancto,
995 593 1050 646 in
1092 592 1234 648 hunc
1286 593 1525 648 modum.
1558 595 1689 648 Acta
1737 612 1751 648 :
1789 611 1808 645 ‹
1851 591 1991 649 Hum

2114 596 2338 650 οὑτωσί.
2394 597 2460 648 Δί
2508 593 2774 666 Πράξεις·
2815 611 2834 644 ι
2888 592 3087 648 Τοῦτον
3135 595 3164 647 6
3211 593 3341 657 Θεὸς
3382 595 3568 665 ἤγειρε
3612 597 3683 665 τῇ

424 685 568 742 Deus
595 684 708 755 (71)
736 683 1019 738 suscitavit
1043 684 1201 737 tertia
1243 685 1387 738 die.»
1419 685 1656 740 Joannes
1679 700 1744 739 ex
1772 701 1998 754 persona

426 775 726 831 Salvatoris
771 791 785 824 :
814 789 838 826 ι
861 771 1062 828 Solvite
1094 772 1206 842 (72)
1239 773 1492 842 templum
1520 774 1623 827 hoc
1653 784 1709 828 et
1742 773 1796 826 in
1825 773 1998 828 tribus

425 868 616 922 diebus
649 864 923 920 suscitabo
955 864 1104 918 illud.
1141 862 1260 932 Ipse
1299 872 1478 917 autem
1511 864 1726 918 dicebat
1753 864 1819 917 de
1859 873 1996 918 tem-

424 958 514 1028 plo
533 958 775 1027 corporis
817 957 938 1020 sui;
971 975 991 1007 ›
1025 964 1081 1010 et
1109 970 1296 1010 rursus
1329 972 1344 1008 :
1382 973 1402 1007 ι
1438 954 1550 1024 Ego
1580 969 1720 1024 pono
1747 955 1857 1024 (75)
1878 955 1997 1008 ani-

424 1064 571 1103 mam
597 1062 770 1102 meam
803 1087 818 1113 ,
872 1057 934 1102 ut
961 1048 1156 1101 iterum
1208 1062 1418 1101 sumam
1449 1062 1594 1101 eam.
1647 1045 1820 1102 Nemo
1863 1047 1999 1102 tollit

423 1154 544 1194 eam
573 1154 603 1193 a
634 1154 722 1193 me
761 1160 772 1192 :
807 1139 900 1194 sed
929 1154 1030 1208 ego
1061 1152 1202 1208 pono
1231 1153 1352 1192 eam
1379 1137 1516 1209 (74).
1541 1138 1871 1194 Potestatem
1909 1140 1998 1193 ha-

422 1231 525 1286 beo
559 1231 788 1300 ponendi
815 1245 933 1284 eam
962 1270 978 1294 ,
1027 1238 1081 1283 et
1111 1239 1432 1300 potestatem
1472 1230 1645 1284 habeo
1675 1231 1870 1285 iterum
1905 1245 1998 1285 su-

423 1321 605 1376 mendi
633 1336 774 1375 eam.
831 1341 848 1372 ι
901 1319 1092 1375 Petrus
1127 1322 1180 1374 in
1210 1321 1386 1390 prima
1420 1320 1657 1389 Epistola
1715 1340 1730 1375 :
1773 1341 1792 1373 ι
1836 1320 1998 1376 Chri-

421 1421 541 1465 stus
565 1411 681 1481 (75)
708 1411 872 1466 semel
912 1427 1010 1480 pro
1045 1412 1286 1481 peccatis
1315 1425 1414 1479 pro
1439 1412 1592 1466 nobis
1616 1421 1864 1467 mortuus
1889 1422 1995 1477 est,

415 1500 600 1570 justus
639 1517 736 1571 pro
771 1502 1004 1571 injustis,
1067 1511 1126 1555 ut
1158 1517 1259 1558 nos
1278 1500 1501 1558 offerret
1527 1501 1660 1568 Deo,
1694 1503 1990 1558 mortiﬁca-

423 1605 508 1647 tus
527 1595 743 1663 quidem
774 1610 936 1650 carne
955 1634 971 1660 ,
1005 1595 1300 1650 viviﬁcatus
1326 1606 1506 1650 autem
1541 1596 1766 1665 Spiritu.
1795 1614 1814 1647 ι

499 1685 584 1738 ΙΙΙ.
628 1686 766 1752 Quia
797 1696 947 1740 creat
979 1687 1214 1758 Spiritus
1244 1698 1462 1741 sanctus
1490 1703 1738 1756 magnam
1777 1696 1995 1741 creatu-

420 1790 534 1829 ram
564 1776 860 1843 hominem,
893 1786 1057 1846 atque
1101 1792 1168 1833 ex
1213 1777 1439 1834 mortuis
1482 1793 1606 1832 eum
1646 1779 1894 1842 suscitat,
1940 1789 1996 1833 et

2113 688 2273 760 τρίτῃ
2310 687 2510 757 ἡμέρᾳ·
2547 705 2566 737 ι
2617 685 2868 754 Ἰωάννης
2904 684 3011 737 ἀπὸ
3048 684 3141 737 τοῦ
3184 686 3466 755 Σωτῆρος·
3520 704 3538 737 ι
3571 685 3683 739 Λύ-

2114 796 2244 831 σατε
2288 777 2380 830 τὸν
2417 777 2543 830 ναὸν
2578 775 2790 840 τοῦτον,
2819 776 2913 829 καὶ
2942 777 2999 828 ἐν
3041 775 3215 847 τρισὶν
3241 776 3473 846 ἡμέραις
3506 775 3681 846 ὲγερῶ

2112 868 2295 921 αὐτόν.
2327 867 2498 930 Αὐτὸς
2532 866 2590 918 δὲ
2619 866 2802 935 ἔλεγεν
2833 866 2960 938 περὶ
2998 866 3092 919 τοῦ
3133 866 3261 919 ναοῦ
3296 865 3390 919 τοῦ
3429 866 3680 937 σώματος

2111 957 2277 1012 αὑτοῦ
2301 975 2312 986 ·
2357 977 2375 1009 ι
2405 960 2498 1010 καὶ
2536 957 2728 1011 πάλιν·
2765 977 2784 1009 ι
2828 956 2968 1025 Ἐγὼ
2992 958 3181 1028 τίθημι
3208 958 3305 1027 τὴν
3345 957 3520 1030 ψυχήν
3552 976 3676 1028 μου,

2110 1049 2197 1100 ἵνα
2223 1048 2384 1101 πάλιν
2410 1048 2559 1102 λάϐω
2589 1048 2779 1118 αὐτήν.
2814 1048 3002 1110 Οὐδεὶς
3030 1049 3173 1119 αἴρει
3200 1048 3368 1119 αὐτὴν
3397 1049 3489 1100 ἀπ’
3516 1047 3674 1118 ἐμοῦ,

2105 1139 2219 1192 ἀλλ’
2265 1138 2377 1207 ἐγὼ
2414 1139 2604 1209 τίθημι
2644 1139 2832 1209 αὐτήν.
2895 1138 3169 1204 Ἐξουσίαν
3214 1139 3321 1208 ἔχω
3362 1138 3532 1192 θεῖναι
3573 1139 3678 1191 αῦ-

2104 1230 2224 1300 τὴν,
2273 1230 2368 1282 καὶ
2412 1229 2659 1292 ἐξουσίαν
2705 1229 2812 1299 ἔχω
2857 1229 3015 1281 πάλιν
3062 1228 3244 1281 λαϐεῖν
3283 1229 3472 1300 αὐτὴν.
3511 1248 3530 1280 ι
3563 1229 3674 1283 Πέ-

2103 1336 2230 1390 τρος
2276 1321 2332 1372 ὲν
2369 1321 2434 1389 τῇ
2480 1318 2671 1390 πρώτῃ
2733 1317 2844 1390 [8‘2
2872 1317 2947 1390 ὁ]
3003 1318 3323 1390 Ἐπιστολῇ·
3375 1337 3394 1370 ι
3438 1320 3673 1390 Χριστὸς

2103 1410 2248 1476 ἅπαξ
2277 1412 2407 1482 περὶ
2435 1411 2719 1482 ἁμαρτιῶν
2758 1410 2897 1482 ὑπὲρ
2938 1410 3096 1481 ἡμῶν
3137 1410 3424 1474 ἀπέθανεν,
3465 1411 3673 1474 δίκαιος

2102 1503 2244 1573 ὑπὲρ
2285 1503 2508 1567 ἀδίκων,
2556 1504 2644 1556 ἴνα
2688 1504 2836 1574 ἡμᾶς
2866 1504 3188 1575 προσαγάγῃ
3213 1502 3290 1572 τῷ
3313 1502 3463 1574 Θεῷ·
3510 1503 3671 1558 θανα-

2097 1592 2294 1657 τωθεὶς
2341 1594 2439 1663 μὲν
2486 1595 2668 1665 σαρκὶ,
2719 1593 3076 1665 ζωοποιηθεὶς
3109 1593 3165 1646 δὲ
3202 1593 3498 1663 Πνεῦματι.
3535 1611 3556 1644 ι

2169 1683 2245 1735 I".
2300 1685 2419 1736 Ὅτι
2460 1684 2783 1754 δημιουργεῖ
2813 1684 2873 1738 τὸ
2917 1685 3058 1755 μέγα
3084 1683 3288 1752 κτίσμα
3320 1685 3411 1737 τὸν
3456 1683 3670 1757 ἄνθρω-

2099 1791 2220 1836 πον,
2260 1775 2354 1827 καὶ
2399 1776 2465 1827 ἐκ
2497 1775 2707 1845 νεκρῶν
2746 1776 2970 1846 ἐγείρει,
3014 1775 3109 1828 καὶ
3154 1775 3424 1839 ζωοποιεῖ,
3469 1777 3562 1835 καὶ
3589 1778 3671 1840 είς

416 1866 674 1931 viviﬁcat,
706 1877 762 1921 et
789 1869 857 1921 ad
890 1869 1086 1922 coelum
1135 1869 1318 1932 vertit,
1356 1884 1419 1923 ac
1448 1876 1650 1922 terram
1694 1868 1749 1922 in
1789 1869 1990 1923 diluvio

2095 1864 2324 1937 οὐρανὸν
2358 1866 2709 1936 ἐπιστρέφει·
2743 1867 2838 1920 καὶ
2881 1869 3388 1940 συγκαταρῤυῖσαν
3426 1870 3544 1931 ταῖς
3569 1868 3668 1921 ἀν-

417 1959 578 2014 simul
610 1974 729 2013 cum
755 1961 1004 2015 humanis
1041 1958 1419 2031 iniquitatibus
1464 1959 1805 2025 defluentem,
1833 1961 1990 2032 183

416 2063 605 2105 rursus
683 2052 985 2115 renovavit,
1052 2065 1281 2120 eamque
1322 2052 1517 2106 iterum
1577 2051 1746 2106 indito
1801 2053 1986 2107 calore

417 2137 554 2193 fovit
580 2139 702 2194 sine
734 2141 938 2203 studio,
967 2155 1033 2194 ac
1073 2151 1394 2208 spontanea,
1429 2142 1601 2194 instar
1632 2141 1798 2194 veluti
1839 2151 1994 2196 auto-

415 2241 644 2296 matum,
672 2231 1014 2300 operatione,
1048 2241 1234 2300 utpote
1262 2233 1352 2302 qui
1383 2246 1537 2300 aeque
1562 2241 1780 2287 creator
1805 2243 1906 2298 est,
1937 2243 1994 2287 ut

415 2338 700 2393 supremus
759 2325 848 2379 ille
907 2325 1237 2379 architectus
1269 2324 1377 2394 (76)
1419 2323 1580 2387 Deus,
1621 2324 1712 2393 qui
1751 2325 1990 2378 tellurem

416 2416 588 2485 ipsam
615 2417 771 2471 initio
794 2416 1179 2472 subsistentem
1222 2417 1367 2482 fecit,
1405 2426 1460 2471 et
1497 2431 1616 2470 cum
1656 2431 1764 2486 quo
1808 2431 1990 2485 aequa-

415 2506 520 2560 lem
549 2507 713 2563 habet
729 2509 1130 2577 operationem;
1162 2517 1563 2578 utcOgnoscere
1591 2509 1745 2562 nobis
1780 2507 1906 2563 licet
1925 2524 1992 2564 ex

415 2599 504 2658 iis,
534 2615 654 2668 quae
689 2601 830 2655 sacri
879 2603 1175 2671 scriptores
1223 2599 1594 2662 declararunt,
1637 2614 1772 2668 quos
1822 2599 1991 2669 subji-

415 2694 518 2747 cio.
555 2692 655 2747 Job
706 2711 776 2748 ιι
823 2693 1056 2762 Spiritus
1087 2693 1234 2764 (77)
1283 2693 1520 2755 divinus,
1572 2692 1664 2762 qui
1717 2690 1844 2745 fecit
1882 2704 1992 2756 me,

413 2784 572 2840 ﬂatus
628 2796 806 2840 autem
860 2785 1276 2854 Omnipotentis,
1329 2785 1421 2854 qui
1476 2785 1635 2839 docet
1681 2798 1784 2837 me.
1823 2801 1843 2836 ι
1893 2782 1996 2838 Da-

413 2878 500 2929 vid
556 2876 608 2930 in
661 2876 870 2945 psalmo
920 2876 1136 2944 quidem
1189 2889 1282 2931 cm
1324 2887 1340 2927 :
1393 2871 1669 2926 «Emittes
1703 2869 1816 2942 (78)
1868 2870 1994 2939 Spi-

411 2970 575 3021 ritum
633 2977 802 3030 tuum,
851 2976 907 3022 et
950 2966 1299 3032 ereabuutur,
1362 2974 1418 3020 et
1469 2963 1751 3018 renovabis
1801 2963 1993 3015 faciem

414 3067 597 3112 terra).
624 3075 642 3109 ι
684 3057 738 3112 Id
785 3057 1076 3111 conﬁrmat
1101 3055 1390 3126 Apostolus
1418 3054 1471 3108 in
1521 3052 1754 3108 secunda
1789 3051 1856 3106 ad
1885 3051 1992 3106 Co-

410 3149 644 3204 rinthios
678 3147 910 3218 Epistola
946 3166 960 3202 :
997 3164 1016 3200 ι
1059 3147 1240 3216 Itaque
1264 3146 1376 3218 (79)
1406 3145 1449 3200 si
1494 3145 1617 3215 quis
1655 3145 1706 3198 in
1752 3143 1992 3206 Christo,

411 3253 550 3296 nova
574 3249 828 3296 creatura
859 3257 874 3292 :
913 3249 1096 3294 vetera
1127 3239 1458 3295 transierunt
1482 3256 1495 3291 :
1519 3251 1649 3292 ecce
1679 3250 1816 3292 nova
1847 3235 1991 3290 facta

410 3340 538 3386 sunt
568 3333 771 3386 omnia.
806 3351 825 3384 ι
862 3331 919 3386 In
943 3331 1155 3402 psalmo
1186 3341 1366 3386 autem
1393 3345 1585 3385 xxxii:
1621 3347 1642 3382 ‹
1679 3327 1856 3384 Verbo
1877 3326 1990 3399 (80)

409 3421 626 3478 Domini
663 3424 786 3478 cmli
813 3423 1010 3478 ﬁrmati
1045 3431 1264 3488 sunt,et
1292 3421 1498 3492 Spiritu
1527 3421 1640 3476 oris
1664 3420 1783 3491 ejus
1799 3435 1989 3475 omnes

410 3514 640 3568 virtutes
666 3529 878 3569 eorum.
913 3532 934 3566 ι
963 3513 1092 3580 Quae
1133 3529 1293 3582 porro
1321 3529 1386 3569 ex
1429 3511 1588 3581 hujus
1619 3511 1840 3581 capituli
1868 3525 1991 3564 sen-

410 3606 580 3664 tentia
608 3605 784 3676 colligi
818 3617 1060 3676 possunt,
1092 3605 1429 3660 inobservata
1466 3619 1532 3660 ne
1557 3613 1865 3674 praetereas.
1892 3601 1990 3656 Ni-

409 3697 612 3752 mirum
650 3699 786 3767 ipse,
818 3707 1002 3768 utpote
1043 3707 1259 3754 creator
1290 3706 1345 3750 et
1376 3698 1547 3752 bonus
1577 3697 1738 3759 Deus,
1765 3708 1990 3749 manens

411 3803 631 3858 semper
679 3789 915 3860 Spiritus
967 3792 1085 3855 Dei,
1153 3790 1398 3846 stabilem
1457 3797 1724 3844 creaturae
1764 3785 1990 3854 largitur

412 3878 734 3946 amicitiam,
789 3889 845 3936 et
899 3881 1356 3937 indissolubilibus
1403 3894 1524 3934 eam
1569 3877 1826 3936 astrinxit
1875 3876 1989 3929 viu-

411 3969 572 4035 culis,
615 3969 934 4038 ﬁrmamque
1000 3982 1056 4028 et
1103 3973 1482 4028 inconcussam
1529 3968 1734 4042 posuit,
1786 3981 1992 4037 suaque

456 4082 596 4150 ,(71)
642 4083 798 4137 Hunc
833 4083 995 4141 Deus.
1025 4087 1144 4140 Act.
1180 4100 1234 4148 χ,
1259 4084 1352 4139 40.

510 4153 598 4224 72)
613 4152 826 4224 Solvite.
845 4154 1000 4210 Joan.
1020 4171 1081 4219 ιι,
1097 4155 1162 4210 19
1176 4155 1303 4209 et‘ll
1316 4197 1330 4213 .
1348 4154 1466 4209 Bih.
1485 4158 1690 4217 ἐκεῖνος
1702 4167 1798 4224 pro
1810 4153 1992 4216 αὐτὸς.

506 4218 596 4288 75)
636 4222 750 4291 Ego
771 4241 926 4292 pono.
961 4218 1117 4280 Joan.
1150 4241 1208 4290 ιι,
1246 4227 1311 4278 17
1335 4237 1390 4282 et
1423 4225 1510 4281 18.

509 4295 597 4365 74)
640 4293 789 4348 Ροηο
819 4311 955 4350 eam.
991 4295 1177 4350 Graeca
1206 4297 1370 4352 editio
1399 4297 1490 4352 hic
1511 4295 1680 4363 addit,
1706 4296 1800 4350 ἀπ’
1824 4295 1994 4365 ἐμαυ-

405 4363 524 4435 τοῦ,
563 4363 614 4435 id
648 4375 729 4435 est
766 4383 785 4415 ι
816 4381 844 4417 a
874 4380 959 4419 me
992 4367 1127 4435 ipso.
1161 4385 1180 4418 ι

481 4424 595 4506 (:75)
636 4433 896 4506 Christus.
930 4435 986 4490 In
1006 4424 1173 4505 prima
1211 4424 1354 4506 Pietri
1383 4452 1468 4499 ιιι,
1501 4437 1590 4493 18.
1623 4437 1817 4499 Voces,
1852 4434 1992 4506 ὑπὲρ

407 4499 588 4575 ἡμῶν,
607 4507 803 4575 omittit
827 4499 1018 4575 Graeca
1041 4507 1220 4562 editio.
1238 4505 1344 4560 Pro
1371 4506 1644 4564 ἀπέθανεν
1663 4499 1989 4575 eademcdil

2094 1957 2390 2027 θρωπίναις
2435 1959 2689 2029 ἀνομίαις
2718 1959 2816 2030 τὴν
2857 1961 2961 2030 γῆν
3008 1961 3318 2014 ἀνεκαίνισε
3360 1960 3539 2022 πάλιν,
3572 1963 3670 2014 καὶ¹

2092 2048 2354 2118 ἀνέθαλψε
2387 2049 2448 2102 τὸ
2474 2048 2697 2120 Πνεῦμα
2720 2051 2782 2102 τὸ
2807 2051 2958 2120 ἆγιον
2986 2051 3110 2105 ἄνευ
3146 2053 3545 2123 πραγματείας,
3574 2053 3672 2107 καὶ

2091 2135 2201 2193 οἷον
2231 2141 2572 2210 αὐτομάτως,
2595 2143 2690 2194 ἆτε
2724 2142 3150 2214 συνδημιουργὸς
3186 2145 3280 2197 κα)⁹
3304 2144 3552 2216 ίσουργὸς
3572 2144 3670 2198 τοῦ

2094 2234 2497 2303 ὑποπήσαντος
2527 2234 2694 2304 αὐτὴν
2721 2237 2841 2288 κατ’
2871 2235 3046 2306 ἀρχὰς
3074 2237 3370 2307 άρχιτέχνα
3401 2236 3556 2302 Θεοῦ,
3592 2236 3674 2301 ὡς

2092 2327 2294 2394 γνῶναι
2349 2327 2479 2397 ἡμῖν
2519 2326 2750 2395 ἐφίεται,
2799 2327 2859 2392 ἐξ
2891 2322 2965 2381 ὦν
2997 2328 3259 2400 ἐξέφηναν
3296 2323 3470 2383 οὗτοι·
3515 2328 3670 2383 Ἰὼϐ·

2099 2436 2118 2468 ι
2152 2417 2374 2488 Πνεῦμα
2408 2417 2569 2484 θεῖον,
2601 2418 2662 2471 τὸ
2687 2419 2920 2490 ποιῆσάν
2953 2435 3050 2490 με·
3085 2420 3220 2491 πνοὴ
3256 2421 3312 2474 δὲ
3361 2421 3673 2492 παντοκρά-

2094 2527 2270 2582 τορος,
2305 2512 2338 2580 ἡ
2360 2511 2683 2565 διδάσκουσά
2715 2529 2806 2582 με.
2849 2531 2867 2564 ι
2921 2513 3082 2567 Δαυῖδ
3119 2516 3177 2567 ἐν
3213 2513 3311 2584 μὲν
3339 2521 3421 2586 ργ¹
3446 2513 3672 2584 ψαλμῷ,

2103 2621 2122 2654 ι
2161 2603 2568 2667 Ἐξαποστελεῖς
2601 2602 2662 2656 τὸ
2701 2605 2924 2674 Πνεῦμά
2970 2622 3082 2670 σου,
3122 2604 3216 2659 καὶ
3269 2605 3672 2677 κτισθήσ-ονται,

2097 2697 2192 2749 καὶ
2221 2697 2555 2758 ἀνακαινιεῖς
2593 2696 2653 2748 τὸ
2685 2696 2974 2767 πρόσωπον
3025 2697 3125 2765 τῆς
3161 2697 3283 2768 γῆς.
3328 2716 3348 2749 ι
3379 2695 3548 2750 Τοῦτο
3583 2695 3676 2765 βε-

2095 2787 2242 2842 ϐαιοῖ
2271 2791 2300 2841 6
2341 2787 2678 2853 Ἀπόστολος,
2711 2788 2937 2860 γράφων
2966 2788 3274 2860 Κορινθίοις
3305 2788 3364 2842 τὸ
3389 2787 3636 2859 δεύτερον
3655 2805 3671 2818 ·

2101 2900 2119 2933 ι
2159 2883 2320 2935 Ὥστε
2365 2883 2417 2934 εῐ
2448 2899 2533 2946 τις
2572 2883 2628 2934 ὲν
2663 2880 2904 2953 Χριστῷ,
2942 2881 3102 2951 καινὴ
3130 2880 3336 2943 κτίσις·
3371 2880 3439 2933 τὰ
3471 2881 3675 2950 ἀρχαῖα

2096 2973 2397 3046 παρῆλθεν,
2428 2973 2536 3026 ἰδοὺ
2567 2973 2757 3042 γέγονε
2783 2971 2948 3025 καινὰ
2972 2971 3041 3025 τὰ
3069 2971 3265 3025 πάντα.
3299 2991 3315 3022 ι
3362 2973 3450 3024 Ἐν
3496 2972 3552 3023 δὲ
3594 2968 3674 3040 λβ⁹

2094 3074 2330 3146 ψαλμῷ·
2375 3093 2396 3125 ι
2432 3073 2524 3145 Τῷ
2564 3073 2720 3145 Λόγῳ
2754 3073 2957 3144 Κυρίου
2991 3075 3040 3126 οἱ
3077 3073 3294 3144 οὐρανοὶ
3336 3071 3674 3143 ἐστερεώθη-

2020 3209 2062 3268 C
2099 3196 2219 3242 σαν,
2254 3179 2348 3231 καὶ
2385 3176 2464 3247 τῷ
2499 3177 2776 3247 Πνεύματι
2802 3175 2896 3228 τοῦ
2926 3175 3190 3246 στόματος
3222 3174 3386 3228 αὑτοῦ
3415 3177 3584 3229 πᾶσαι
3616 3176 3674 3230 αἱ

2095 3282 2354 3352 δυνάμεις
2414 3280 2611 3334 αὐτῶν.
2669 3299 2687 3332 ι
2746 3279 2831 3350 Μὴ
2901 3279 3264 3350 παραδράμῃς
3322 3279 3390 3332 τὰ
3422 3280 3674 3346 ,αὐτόθεν

2098 3372 2390 3428 ἀκούεσθαι
2421 3371 2693 3441 δυνάμενα
2714 3388 2727 3400 ·
2765 3371 2878 3424 ἀλλ’
2913 3370 3011 3434 ἴδε,
3047 3371 3240 3441 ὅτιπερ
3288 3370 3364 3434 ὡς
3405 3370 3672 3442 δημιουρ-

2096 3475 2192 3545 γὸς
2219 3474 2313 3528 καὶ
2341 3472 2544 3542 ἀγαθὸς
2573 3471 2708 3536 Θεὸς
2733 3472 2908 3544 μένων
2951 3473 3032 3536 εἰς
3070 3472 3158 3526 ἀεὶ⁸
3198 3472 3259 3526 τὸ
3305 3472 3530 3544 Πνεῦμα
3573 3471 3672 3525 τοῦ

2095 3579 2253 3644 Θεοῦ,
2281 3578 2462 3649 φιλίαν
2487 3579 2712 3649 μόνιμον
2740 3582 2808 3651 τῇ
2842 3578 3016 3633 κτίσει
3060 3583 3304 3652 χορηγεῖ,
3333 3581 3428 3636 καὶ
3458 3581 3674 3645 ἀλύτοις

2095 3684 2262 3757 αὐτὴν
2298 3683 2518 3754 ἔσφιγξε
2563 3683 2802 3754 δεσμοῖς,
2850 3685 2944 3738 καὶ
2970 3686 3204 3758 ἧδρασεν
3257 3686 3669 3751 ἀκατάσειστον,

2095 3778 2190 3832 καὶ
2222 3775 2402 3831 πάντα
2433 3778 2499 3847 τῇ
2533 3774 2726 3828 ἑαυτοῦ
2749 3777 2973 3848 δυνάμει
3001 3778 3244 3850 στηρίξει
3263 3796 3278 3809 ·
3315 3780 3408 3834 καὶ
3439 3780 3522 3833 ὃτι
3543 3779 3671 3832 ἀθέ-

2099 3869 2250 3942 μιτόν
2280 3870 2394 3922 ἐστι
2424 3867 2628 3938 κτίσμα
2659 3868 2846 3923 καλεῖν
2885 3871 2946 3922 τὸ
2982 3871 3165 3936 κτίζον
3207 3872 3303 3926 καὶ
3341 3872 3672 3942 ὲνδυναμοῦν

2097 3957 2190 4012 τοῦ
2233 3954 2365 4009 Θεοῦ
2398 3953 2470 4007 τὰ
2509 3957 2800 4026 κτίσματα.
2833 3958 3098 4031 Συνεργὸν
3129 3962 3236 4034 γὰρ
3266 3964 3358 4016 καὶ
3389 3963 3672 4034 ὁμοούσιον

2167 4068 2280 4142 (Ἱξ)
2322 4067 2560 4120 Emittes.
2587 4067 2729 4121 Psal.
2756 4084 2870 4142 cui,
2895 4085 3039 4142 vers.
3064 4073 3124 4126 5|
3160 4073 3273 4141 (seu
3308 4073 3417 4142 50).
3457 4074 3510 4128 1η
3530 4075 3670 4131 libro

2097 4140 2174 4195 De
2227 4138 2319 4205 Sp.
2362 4148 2540 4190 sancto
2593 4154 2740 4190 num.
2783 4141 2874 4203 52,
2926 4141 3014 4194 ubi
3078 4138 3176 4196 hic.
3210 4138 3478 4199 locus-bis
3515 4146 3674 4199 aﬂ'er-

2096 4221 2206 4275 tur,
2256 4207 2412 4279 paulo
2451 4206 2608 4259 aliter
2642 4208 2855 4279 legisse
2896 4212 3165 4265 videbitur
3203 4213 3475 4279 Didymus,
3507 4217 3566 4269 Isi
3611 4218 3665 4269 in

2093 4277 2513 4349 exemplarium_
2545 4278 2685 4346 typis
2725 4277 3132 4349 'impressorum
3186 4277 3504 4337 auctoritate
3565 4286 3670 4340 sis-

2095 4360 2290 4422 tamus.
2330 4347 2404 4400 Ea
2431 4347 2572 4422 enim
2607 4363 2724 4422 pro,
2773 4369 2792 4400 ι
2824 4347 3060 4414 emittes,
3091 4371 3109 4402 ι
3137 4352 3333 4407 habent
3363 4355 3665 4422 utrobique,

2098 4419 2352 4490 temitte.
2385 4435 2404 4469 ι
2457 4418 2528 4468 At
2567 4419 2735 4472 codex
2787 4429 2969 4474 noster
3033 4437 3134 4476 ms.
3199 4424 3444 4490 quamvis
3491 4418 3670 4490 priore

2093 4489 2210 4542 loco
2252 4488 2443 4541 habeat
2483 4490 2759 4552 mendose,
2818 4500 2874 4542 ut
2940 4505 3082 4556 reor,
3124 4509 3143 4542 ι
3183 4488 3387 4556 emitte,
3421 4511 3438 4543 ι
3479 4488 3529 4546 in
3585 4510 3668 4547 se-

409 4556 487 4646 tib
518 4556 678 4646 habet
718 4556 1010 4639 ἐάτάὁέξῖἆ
1043 4556 1632 4646 ἑέἰ”ἱί3εἱε“ειὶἔ“ἑέἱῖἶ
1669 4556 1982 4646 seaan

2095 4560 2265 4646 eunLdo
2302 4568 2478 4646 tarmen
2517 4557 2698 4646 .hahet
2747 4576 2766 4609 ι
2801 4559 3038 4646 emittes.
3068 4560 3251 4646 ἔξω
3291 4563 3403 4646 ipsa
3455 4563 3667 4646 Didv‘nti

410 4643 508 4717 i_nt.
537 4645 690 4717 _Iegit
745 4656 802 4698 ut
839 4646 1109 4717 Didymus.
1153 4643 1374 4701 Deinuut
1403 4663 1463 4702 ea
1493 4647 1658 4702 editio
1701 4645 1867 4717 habet
1908 4644 1985 4714 τῷ

409 4712 708 4783 Πνεῦματι.
737 4718 829 4768 sed
854 4712 1138 4770 articulum
1169 4717 1428 4771 omissum
1459 4718 1548 4772 hic
1585 4730 1713 4783 puto
1757 4731 1786 4769 a
1817 4712 1985 4768 libra-

409 4784 608 4856 rio._eit
631 4786 742 4856 his,
777 4800 896 4850 quae
922 4787 1028 4840 dixi
1061 4787 1112 4839 in
1139 4794 1250 4841 not.
1287 4787 1356 4856 ad
1387 4802 1507 4856 pag.
1541 4784 1630 4842 12.

482 4851 905 4931 (76)8ιιρι·εηιᾳδ
957 4857 1306 4931 ίιζείιξειξιςιιιδζ
1341 4851 1399 4931 Ιιῇ
1442 4855 1652 4931 Graeco,
1694 4855 1988 4931 dipxtréxvoi.

407 4920 589 4995 Θεοῦέ
638 4921 790 4988 cujus
852 4923 1160 4989 locutionis,
1214 4924 1629 4995 inﬁexionisque
1691 4920 1798 4980 vix"
1840 4920 1987 4978 aliud

408 4991 836 5064 mihi‘hacteuus
860 4995 1098 5047 occurrit
1135 4995 1458 5064 exetnplum.
1515 4991 1594 5052 Eo
1651 5005 1829 5050 autem
1873 5011 1988 5048 mo-

408 5059 480 5116 do
515 5060 714 5135 _Deuut
765 5072 922 5116 vocnt
971 5059 1330 5135 dpxtréxvav,
1390 5076 1501 5130 aut,
1561 5068 1605 5121 si
1654 5065 1830 5128 malis,
1889 5065 1987 5135 ἀρ-

408 5130 700 5200 χιτέχνην,
744 5147 865 5205 _q‘uo
935 5130 1088 5187 viles"
1123 5130 1358 5205 artiﬁces
1420 5137 1672 5190 dicuntur
1733 5130 1988 5205 μικροτέ-

408 5199 574 5270 ﬁve!!!"
610 5214 716 5269 quo
744 5199 1010 5272 Pindarus
1043 5207 1182 5272 apud
1215 5203 1560 5260 Plutarchum
1590 5207 1681 5260 lib.
1727 5199 1763 5259 it
1797 5199 1874 5258 De
1899 5222 1981 5257 na-

409 5281 562 5345 tura,
588 5279 638 5323 et
693 5271 830 5345 a_p_ud
870 5271 1217 5345 Clementem
1247 5274 1667 5345 Alexandrinum
1710 5277 1808 5334 ait.
1863 5276 1986 5345 ἀρι-

409 5339 668 5417 στοτέχνα
697 5340 880 5417 Πάτερ
900 5357 913 5370 ’
942 5356 1051 5417 quo
1095 5343 1219 5396 alibi
1265 5343 1496 5417 legitur,
1544 5347 1573 5398 6
1602 5339 1988 5417 ἀριστοτέχνας

406 5407 622 5480 Πατήρ.
683 5409 809 5462 alibi
849 5407 1443 5484 'veredptc'rOtéxvv-qcf
1484 5407 1592 5483 quo
1641 5407 1780 5484 apud
1841 5407 1988 5467 Kna-

407 5491 684 5556 creontem
721 5480 961 5556 nonnulli
995 5480 1178 5552 legunt
1215 5480 1536 5556 καήλλιτέχνα
1579 5480 1869 5556 τορευσον,
1894 5499 1988 5556 pro

408 5549 548 5621 καλὴ
580 5549 745 5618 τέχνα
781 5548 1072 5621 τόρευσονῖ
1109 5567 1214 5620 quo
1257 5548 1469 5607 demurii
1509 5556 1578 5608 ab
1611 5548 1909 5621 Epiphanio
1936 5554 1989 5604 in

408 5619 710 5694 Anc/torulo
740 5619 970 5687 capIQS,
998 5619 1166 5677 Filius
1214 5631 1434 5694 vocatur
1470 5626 1499 5678 6
1528 5619 1854 5694 ἀρχιτέχνης
1884 5623 1988 5674 Λό-

408 5689 613 5759 γοςὶμίά
643 5697 734 5759 est
766 5708 784 5739 ι
819 5705 1102 5759 supremus
1123 5691 1316 5745 artifex
1349 5689 1667 5748 Verbunif'i

478 5755 590 5826 (77)
629 5755 1014 5833 ξρὲήιαείέοὺ
1057 5777 1253 5828 xxxm,
1290 5762 1343 5816 4.
1379 5763 1641 5822 Videnot.
1671 5763 1760 5830 53,
1783 5777 1903 5833 pag.
1936 5761 1987 5828 7:

407 5832 462 5884 et
491 5836 599 5881 not.
626 5826 716 5894 25,
746 5831 971 5899 pag.57.
1239 5826 1246 5828 ﬁ
1283 5833 1285 5836 ’

2090 4628 2254 4700 verba
2290 4624 2483 4700 afferre
2517 4625 2705 4680 inutile
2726 4644 2828 4700 non
2857 4631 2983 4683 erit.
3018 4649 3037 4680 ι
3067 4630 3132 4684 Ει
3157 4632 3207 4684 in
3239 4624 3443 4700 psalmo
3472 4635 3537 4686 ad
3565 4624 3671 4687 Do-

2090 4699 2299 4769 minum
2327 4697 2530 4769 dicitur
2557 4711 2573 4749 :
2611 4716 2630 4747 ι
2667 4698 2892 4754 Auferes
2920 4703 2988 4753 ab
3017 4702 3096 4756 eis
3121 4697 3376 4769 Spiritum
3409 4712 3582 4767 tuum,
3611 4713 3672 4760 et

2093 4787 2113 4819 ι
2151 4767 2421 4830 deﬁcient,
2444 4767 2569 4820 etin
2606 4777 2804 4821 terram
2840 4784 2989 4822 suam
3035 4767 3372 4827 revertentur
3418 4791 3430 4826 :
3477 4775 3668 4829 emitte

2091 4856 2111 4888 ι
2156 4837 2412 4905 Spiritum
2447 4846 2614 4905 tuum,
2645 4846 2700 4891 et
2732 4840 3079 4904 creabuntttr,
3108 4851 3161 4895 et
3178 4840 3459 4895 reuovabis
3473 4841 3665 4898 faciem

2093 4927 2112 4960 ι
2153 4904 2328 4962 teme.
2364 4924 2384 4957 ι
2415 4904 2526 4960 Nec
2557 4908 2756 4979 mirum
2797 4907 2842 4961 si
2876 4908 3136 4965 Dominici
3175 4920 3380 4963 tantum
3423 4916 3668 4979 corporis

2093 4979 2324 5046 Spiritus
2351 4987 2572 5049 sanctus
2604 4978 2852 5031 comlitor
2875 4979 2966 5041 sit,
2999 4995 3120 5034 cum
3145 4979 3289 5034 Patri
3315 4978 3557 5049 Filioque
3578 4999 3667 5036 se—

2088 5050 2285 5120 ciatus,
2321 5047 2512 5120 eatlgu
2524 5057 2807 5120 potestate
2837 5050 3104 5120 creaverit
3123 5051 3326 5120 omnia,
3354 5047 3480 5120 qua!
3503 5051 3668 5106 Pater

2089 5117 2315 5178 creavit,
2341 5124 2395 5168 et
2433 5114 2601 5188 Filius
2634 5135 2646 5169 :
2687 5135 2705 5168 ι
2738 5117 2934 5188 Emitte
2968 5137 2988 5170 ›
3023 5122 3188 5183 enim,
3214 5119 3310 5182 ait,
3349 5114 3384 5170 ι’
3404 5121 3664 5188 Spiritum

2095 5206 2115 5237 ο
2159 5197 2328 5250 tuum,
2382 5195 2436 5239 et
2463 5187 2810 5240 creabuntur.
2853 5206 2871 5238 ι
2897 5186 2972 5242 lla
3027 5189 3080 5242 in
3135 5190 3292 5242 editis
3331 5186 3526 5244 libris:
3568 5195 3662 5245 sed

2089 5267 2361 5326 postrema
2395 5256 2736 5326 lueet-eclius
2788 5270 2852 5309 ex
2899 5269 3052 5326 parte
3089 5259 3302 5324 saltem,
3340 5268 3397 5312 ut
3428 5261 3660 5326 videtur,

2091 5325 2142 5379 in
2189 5339 2255 5378 eo
2295 5340 2451 5392 quem
2483 5325 2591 5378 dixi
2623 5327 2850 5380 codice:
2890 5345 2908 5377 ι
2947 5325 3058 5382 Nec
3081 5330 3270 5381 mirum
3301 5329 3344 5383 si
3395 5325 3660 5384 Dominici

2093 5405 2299 5448 tantum
2335 5399 2586 5463 (corporis
2617 5395 2849 5463 Spiritus
2883 5407 3103 5453 sanctus
3129 5400 3394 5462 conditor,
3431 5400 3502 5452 sit
3535 5415 3659 5452 cum

2090 5464 2250 5518 Patre
2301 5462 2548 5530 Filioque
2600 5462 2834 5517 sociatus
2872 5481 2885 5516 :
2923 5481 3043 5520 eum
3072 5469 3258 5521 eadem
3297 5479 3441 5521 creet
3477 5470 3660 5522 omnia

2091 5533 2402 5606 qumPatcr
2429 5535 2652 5598 creavit,
2682 5543 2736 5586 et
2780 5533 2963 5606 Filius.
3007 5554 3025 5586 ι
3052 5537 3279 5592 Etnittes
3310 5555 3330 5590 ι
3362 5538 3531 5606 enirn,
3559 5539 3658 5604 ait,

2096 5622 2115 5653 ι
2145 5604 2597 5668 Spiritumtuum.
2642 5604 3060 5660 etcreabuntur.
3106 5625 3124 5657 ι

2164 5673 2275 5741 (79)
2317 5671 2520 5741 (taque.
2542 5670 2595 5741 _ll
2627 5674 2692 5724 ad
2725 5672 2851 5725 Cor.
2886 5688 2937 5739 ν,
2970 5673 3056 5727 17.

2164 5737 2279 5812 (80)
2331 5737 2510 5794 Verbo.
2537 5739 2676 5797 l’sal.
2711 5757 2884 5810 xuii,
2921 5737 3060 5799 vers.
3087 5744 3139 5799 6.
