4054 6398
392 394 500 452 58⁸3

1422 393 1510 447 DE
1550 394 1927 451 TRlNlTATE
1965 396 2171 452 LIBER
2209 396 2595 454 SECUNDUS.
2625 398 2636 408 ⁸

3546 407 3651 462 566

396 509 529 563 αὐτὸ
551 508 627 580 τῷ
660 509 800 580 Θεῷ,
822 510 915 564 ἅτε
942 508 1164 581 Πνεῦμα
1186 509 1349 564 αὐτοῦ
1374 511 1485 563 «καὶ
1511 509 1788 571 δάκτυλον,
1816 510 1890 574 ὼς
1916 511 1973 561 ὲν

2082 511 2248 580 ipsius
2284 512 2523 579 potentia
2567 512 2724 566 rebus
2759 512 3011 567 omnibus
3043 516 3231 571 tribuit
3255 518 3648 578 stahiiitatenr;

394 600 473 670 τῷ
499 600 700 671 πρώτῳ
730 600 941 672 ἐδείχθη
972 600 1179 672 βιϐλίῳ,
1200 600 1292 673 [85
1318 599 1372 672 α]
1398 601 1673 671 μυστικῶς
1696 601 1975 673 παριστῶν

395 693 453 745 ἐν
483 698 531 762 η’
556 690 753 762 ψαλμῷ
785 693 1146 762 προφητεύειο
1184 710 1203 743 ‹
1239 692 1360 745 Ὅτι
1405 690 1607 762 ὄψομαι
1655 694 1782 754 τοὺς
1813 693 1974 763 οὐρα-

394 785 542 847 νοὺς,
573 782 711 854 ἔργα
741 782 849 836 τῶν
877 782 1155 837 δακτύλων
1185 801 1299 838 σου.
1339 803 1357 834 ι
1394 771 1504 836 Καὶ
1550 783 1790 853 Μωῦσῆς
1822 783 1879 836 δὲ
1919 785 1975 835 ἐν

393 876 466 944 τῇ
493 874 729 937 Γενέσει,
754 872 863 927 ἀπὸ
888 872 981 926 τοῦ
1021 873 1156 927 Θεοῦ
1185 874 1278 927 καὶ
1306 873 1538 945 Πατρὸς,
1570 871 1706 944 πρὸς
1729 872 1820 925 τὸν
1852 872 1977 926 Υἱὸν

396 965 573 1018 καὶτὸ
604 964 759 1034 ἆγιον
783 966 947 1021 αὐτοῦ
982 964 1208 1037 Πνεῦμά
1236 982 1399 1034 φησιν
1425 981 1438 993 ·
1479 983 1497 1015 ι
1535 964 1854 1035 Ποιήσωμεν
1886 966 1977 1019 ἄν-

400 1055 612 1127 θρωπον
649 1057 768 1108 κατ’
798 1056 982 1110 εἰκόνα
1011 1056 1106 1109 καὶ
1134 1056 1395 1127 ὁμοίωσιν
1422 1054 1715 1125 ἡμετέραν,
1747 1054 1840 1106 καὶ
1874 1055 1976 1125 ἀρ-

404 1147 643 1216 χέτωσαν
669 1147 780 1201 τῶν
814 1148 906 1201 ἐπὶ
929 1149 1029 1220 τῆς
1054 1149 1177 1220 γῆς.
1219 1166 1238 1199 ι
1280 1148 1354 1201 Οὐ
1383 1145 1491 1217 γὰρ
1517 1145 1803 1215 ἀγγέλους,
1826 1146 1860 1216 ἥ
1887 1144 1979 1200 ἄλ-

404 1239 471 1293 λα
496 1241 780 1311 πνεύματα
821 1240 981 1294 ἔλαϐε
1028 1238 1502 1310 συγχειρουργοὺς,
1525 1237 1559 1308 ἢ
1588 1235 1928 1306 γνωμοδότας
1949 1239 1979 1289 6

403 1332 531 1395 Θεός
549 1350 562 1363 ·
590 1333 778 1405 ἐπειδὴ
807 1335 835 1387 ό
863 1332 1048 1395 δοῦλος
1080 1332 1182 1385 οὐκ
1206 1325 1364 1395 οἶδεν,
1397 1328 1451 1380 τί
1480 1330 1626 1381 ποιεί
1653 1325 1818 1381 αὐτοῦ
1845 1329 1874 1381 6
1900 1327 1981 1380 δε-

403 1423 623 1494 σπότης.
685 1425 819 1477 Οὐδὲ
861 1422 1173 1496 εὑρίσκεται
1236 1419 1453 1473 πώποτε
1500 1420 1579 1481 εἰς
1622 1415 1978 1489 δημιουργίαν

404 1515 844 1588 συμπαραλαϐὼν
903 1515 1108 1585 κτίσμα
1158 1511 1323 1585 (καθὰ
1374 1509 1538 1564 Δαυῒδ
1587 1508 1778 1579 ψάλλει
1812 1509 1871 1561 ὲν
1898 1506 1977 1579 λβ¹

398 1608 626 1680 ψαλμῷ·
666 1625 686 1659 ι
735 1609 793 1662 Ὀ
830 1607 1042 1671 πλάσας
1085 1604 1228 1661 κατὰ
1276 1604 1444 1676 μόνας
1483 1602 1583 1665 τὰς
1621 1601 1848 1672 καρδίας
1879 1599 1978 1654 αὐ-

397 1699 540 1753 τῶν·
573 1719 593 1753 ι
629 1700 722 1753 καὶ
741 1700 799 1753 ὲν
830 1699 975 1772 ρλη¹ο
1014 1717 1034 1750 ι
1067 1698 1182 1753 Οὐκ
1206 1695 1412 1769 ἐκρύϐη
1442 1694 1503 1749 τὸ
1528 1692 1718 1748 ὀστοῦν
1750 1709 1851 1764 μου
1873 1691 1981 1745 ἀπὸ

401 1790 520 1863 σοῦ,
567 1791 597 1844 ὃ
636 1791 896 1863 ἐποίησας
927 1792 985 1845 ὲν
1015 1791 1219 1862 κρυφῇ.
1271 1806 1290 1839 ι
1330 1788 1443 1842 Καὶ
1488 1788 1563 1849 ὡς
1594 1784 1806 1848 Παῦλος
1848 1785 1981 1837 Ῥω-

402 1860 581 1953 μαίοις
612 1855 812 1954 γράφει
831 1899 847 1915 ⁸
878 1902 897 1935 ί
932 1883 1030 1946 Τίς
1223 1880 1364 1951 ἔγνω
1399 1878 1524 1932 νοῦν
1556 1876 1793 1950 Κυρίου;
1834 1876 1868 1947 ἢ
1895 1875 1977 1939 τίς
2010 1855 2052 1911 Β

399 1973 702 2045 σύμϐουλος
734 1973 897 2029 αὐτοῦ
929 1973 1176 2042 ὲγὲνετο;
1210 1992 1228 2025 ι
1260 1971 1406 2025 τοῦτ’
1428 1970 1594 2035 ἔστιν,
1620 1969 1723 2039 τῆς
1748 1967 1978 2029 κτίσεως

398 2067 591 2130 οὐδείς.
624 2066 831 2130 Πλάτος
860 2064 970 2138 γὰρ
993 2064 1115 2136 ἕχον
1140 2065 1202 2119 τὸ
1237 2083 1256 2116 ι
1286 2063 1372 2128 τίς
1413 2081 1432 2114 ι
1460 2061 1618 2115 τοῦτο
1641 2058 1975 2133 προφαίνει).

402 2157 611 2223 Ἐδειξε
662 2159 719 2212 δὲ
774 2157 853 2229 τῷ
908 2157 1007 2229 μὲν
1070 2158 1145 2228 μὴ
1199 2158 1393 2222 εἰπεῖν,
1457 2156 1749 2224 Ποιήσατε,
1817 2151 1976 2215 ἀλλὰ,

405 2268 425 2301 ι
462 2250 805 2321 Ποιήσωμεν,
854 2269 873 2301 ι
916 2249 992 2312 ὡς
1033 2249 1134 2302 οὐκ
1165 2247 1312 2301 ἐστιν
1347 2245 1616 2317 ὑπουργὸς
1652 2247 1681 2298 6
1706 2244 1855 2308 Υίὸς,
1884 2242 1980 2297 καὶ

398 2340 459 2393 τὸ
516 2340 671 2410 ἅγιον
729 2340 974 2411 Πνεῦμα,
1028 2338 1163 2393 ἀλλὰ
1210 2339 1492 2409 δυνάμεως
1551 2336 1646 2390 καὶ
1707 2335 1980 2406 θελήσεως

403 2434 568 2502 μιᾶς⁶
604 2432 681 2503 τῷ
716 2432 773 2486 δὲ
810 2434 1130 2501 ἐπαγαγεῖν,
1180 2451 1199 2483 ι
1234 2432 1354 2485 κατ’
1379 2431 1564 2486 εἰκόνα
1594 2432 1688 2484 καὶ
1718 2428 1978 2500 ὁμοίωσιν

400 2523 694 2594 ἡμετέραν,
735 2543 752 2574 ι
785 2523 859 2587 ὡς
895 2523 990 2594 μία
1031 2524 1179 2576 ἐστὶν
1210 2523 1368 2576 οὐσία
1401 2525 1467 2593 τῇ
1503 2522 1694 2594 Τριάδι
1717 2537 1730 2551 ’
1779 2521 1873 2575 καὶ
1904 2519 1980 2582 ὡς

400 2614 462 2665 οὐ
497 2613 631 2684 πρὸς
660 2614 924 2681 ἀγγέλους
967 2614 1181 2685 εἴρηται
1226 2614 1403 2678 τοῦτο,
1449 2616 1563 2676 τοῖς
1602 2612 1845 2684 ἀπείρως
1887 2612 1982 2665 καὶ

400 2705 802 2768 ὰσυνεικάστως
831 2707 887 2769 ὲν
917 2706 1054 2776 μείω
1078 2704 1178 2776 τὴν
1211 2705 1393 2758 εἰκόνα
1423 2705 1516 2758 καὶ
1537 2704 1792 2775 ὁμοίωσιν
1824 2702 1981 2774 ἔχου-

403 2814 488 2850 σιν
513 2797 583 2866 (εἰ
616 2796 895 2851 ἀκίνδυνον
933 2798 1112 2861 τοῦτο,
1169 2797 1245 2861 ὡς
1290 2797 1598 2869 ἄνθρωπον,
1645 2796 1839 2867 εἰπεῖν)
1883 2796 1983 2867 τῆς

402 2889 665 2954 ἁνειδέου,
713 2890 808 2943 καὶ
852 2889 1283 2961 ἀσχηματίστου,
1331 2891 1425 2943 καὶ
1459 2891 1699 2962 ἀρρήτου
1733 2889 1981 2961 Τριάδος.

403 2982 493 3034 Διὸ
532 2984 807 3053 ἐπήγαγεν
844 2986 872 3036 ὁ
909 2984 1068 3047 αὐτὸς
1105 2984 1528 3055 κοσμογράφοςο
1569 3003 1589 3035 ¢
1634 2984 1744 3037 Καὶ
1794 2983 1982 3055 ὲποίη-

406 3087 496 3124 σεν
524 3074 552 3124 6
578 3071 710 3135 Θεὸς
734 3072 824 3125 τὸν
852 3071 1137 3143 ἄνθρωπον
1157 3088 1170 3101 ⁸
1194 3074 1316 3125 κατ’
1342 3071 1526 3124 εἰκόνα
1554 3069 1689 3123 Θεοῦ
1727 3069 1982 3139 ἐποίησεν

405 3161 566 3216 αὐτόν
584 3180 597 3193 ·
623 3162 787 3232 ἄρσεν
809 3163 900 3216 καὶ
931 3163 1064 3234 θῆλυ
1091 3163 1345 3232 ἐποίησεν
1377 3161 1573 3224 αὐτούς
1593 3179 1606 3192 ·
1636 3161 1729 3214 καὶ
1754 3160 1980 3231 εὐλόγη-

408 3269 497 3305 σεν
548 3253 781 3317 αὐτούς’
829 3274 848 3306 ι
889 3256 982 3308 καὶ
1014 3254 1208 3308 πάλινο
1255 3272 1274 3305 t
1318 3254 1458 3307 Ἰδεν
1511 3256 1539 3306 ὁ
1572 3253 1724 3317 Θεὸς,
1761 3254 1843 3306 ὅτι
1879 3271 1981 3315 κατ

404 3343 514 3396 λόν·
554 3363 572 3395 ι
614 3347 674 3398 ἐν
711 3339 792 3407 οἷς
824 3349 1005 3417 ῥητοῖς
1044 3342 1198 3410 αὖθις
1226 3347 1325 3417 τῆς
1353 3345 1669 3410 αὐτοτελοῦς
1716 3345 1809 3399 καὶ
1833 3362 1982 3414 γενε-

405 3439 657 3510 σιουργοῦ
700 3438 926 3510 Τριάδος
952 3439 1013 3492 τὸ
1039 3439 1264 3513 τέλειον,
1292 3442 1386 3492 καὶ
1420 3439 1711 3510 σύμφωνον
1732 3480 1745 3504 ,
1772 3440 1866 3492 καὶ
1893 3456 1982 3493 κο-

405 3530 689 3601 σμητικὸν,
722 3530 817 3584 καὶ
839 3530 1042 3584 ἐπίπαν
1069 3531 1298 3602 ἄφθονον
1328 3531 1653 3602 σημαίνεται
1684 3531 1978 3602 μυστικῶς.

414 3621 632 3693 Ἐπειδὴ
664 3621 836 3675 ταῦτα
859 3621 1029 3695 [83’b]
1066 3622 1309 3693 θεάτρων
1333 3623 1431 3693 μὲν
1464 3623 1558 3675 καὶ
1589 3620 1827 3693 πλήθους
1859 3622 1983 3688 ἄξια

401 3714 500 3784 οὐχ
525 3716 771 3785 ἡγήσατο
809 3710 947 3768 εἶναι
978 3715 1008 3767 6
1035 3714 1298 3784 Μωῦσῆς,
1329 3715 1492 3785 ήτουν
1529 3716 1559 3766 6
1587 3715 1858 3785 ὲνηχήσας
1887 3715 1983 3768 αὐ-

402 3808 480 3880 τῷ
511 3808 674 3872 Θεός·
697 3809 963 3864 τοσούτων
992 3810 1068 3873 δὲ,
1094 3787 1219 3864 ὃςῖον
1250 3809 1324 3881 μὴ
1359 3811 1692 3879 παρανομεῖν
1731 3810 1788 3873 ἐς
1812 3808 1985 3863 ταῦτα

401 3900 646 3972 ἔμελλον.
695 3919 715 3953 t
737 3902 987 3973 Ἐποίησε
1018 3921 1037 3953 ›
1079 3901 1187 3973 γὰρ
1215 3922 1233 3954 ε
1257 3905 1287 3954 6
1334 3900 1490 3965 Θεὸς,
1538 3920 1558 3953 ι
1594 3899 1737 3954 τοῦτ’
1780 3900 1925 3955 ἔστιν
1957 3903 1985 3954 6

402 3994 551 4057 Υἱὸς,
580 3993 706 4046 (τὸν
727 3994 1010 4066 ἄνθρωπον
1040 3994 1159 4048 κατ’
1182 3994 1366 4046 εἰκόνα
1403 3993 1561 4056 Θεοῦ,
1608 4012 1626 4044 ι
1663 3992 1807 4046 τοῦτ’
1839 3993 1983 4045 ἔστιν

400 4086 495 4139 τοῦ
522 4086 756 4157 Πατρὸς,
784 4106 802 4138 ι
834 4086 1090 4158 ἐποίησεν
1112 4087 1296 4151 αὐτὸν,
1327 4086 1421 4141 καὶ
1444 4083 1552 4138 ἴδεν
1572 4088 1600 4138 6
1627 4084 1779 4150 Θεὸς,
1805 4103 1823 4136 ι
1857 4083 1983 4138 τοῦτ

406 4177 553 4231 ἔστιν
592 4178 656 4231 τὸ
697 4178 953 4250 Πνεῦμα,
993 4199 1012 4231 ί
1052 4180 1134 4233 ὅτι
1166 4178 1362 4242 καλὸν,
1396 4177 1491 4231 καὶ
1542 4176 1835 4247 εὐλόγησεν
1884 4176 1985 4231 αὐ-

2079 604 2229 658 nefas
2283 618 2411 657 vero
2466 614 2550 658 est
2607 613 2910 657 creaturam
2959 605 3104 659 illum
3154 622 3368 672 vocare,
3398 611 3506 678 .qni
3557 611 3648 665 Dei

2077 706 2360 749 creaturas
2393 704 2564 758 creat,
2604 705 2661 749 et
2715 696 2820 748 vim
2867 694 3249 763 ipsis-omnem
3292 700 3597 768 impertitur
3632 719 3646 755 :

2077 786 2253 855 ipsum
2315 788 2462 840 enim
2509 786 2672 841 simul
2719 801 2842 842 cum
2877 787 2986 842 Deo
3023 792 3262 858 operari,
3297 801 3352 845 et
3390 791 3501 847 Deo
3548 792 3649 861 ipsi

2078 876 2593 932 consubstantialem
2639 892 2779 943 esse,
2824 886 3009 948 utpote
3044 879 3136 949 qui
3185 880 3420 950 Spiritus
3458 883 3651 953 ipsius,

2077 980 2142 1020 ac
2176 965 2387 1037 Digitus
2442 976 2545 1031 est,
2606 976 2666 1021 ut
2717 968 2788 1035 in)
2814 966 3188 1037 primo-libro
3229 971 3344 1041 (8i)
3373 983 3649 1027 ostensum

2081 1056 2203 1122 fuit,
2235 1058 2461 1129 mystice
2500 1059 2770 1122 indicans,
2799 1060 3263 1131 comprobansqne
3295 1063 3348 1116 in
3383 1078 3479 1118 vm
3509 1064 3654 1132 psal-

2079 1161 2168 1202 mo
2193 1147 2275 1203 sic
2299 1148 2587 1216 prophetat
2619 1145 2824 1205 David-z
2849 1168 2869 1201 ‹
2894 1148 3158 1216 Quoniam
3173 1150 3284 1221 (εἰ)
3318 1152 3511 1208 videbo
3538 1167 3653 1208 cm-

2079 1239 2181 1305 los,
2214 1252 2380 1310 opera
2410 1240 2699 1310 digitorum
2748 1250 2984 1296 tuorum.
3019 1261 3040 1295 ›
3076 1241 3250 1298 Moses
3291 1259 3424 1298 vero
3450 1244 3503 1298 in
3542 1243 3652 1300 Ge-

2081 1332 2196 1386 nesi
2220 1346 2287 1386 ex
2318 1343 2546 1400 persona
2575 1329 2671 1385 Dei
2705 1340 2761 1386 et
2787 1330 2964 1386 Patris
2996 1332 3216 1398 Filium,
3248 1333 3411 1406 185
3432 1344 3487 1389 et
3529 1350 3656 1389 san-

2080 1433 2226 1478 ctum
2262 1422 2383 1489 ejus
2410 1422 2668 1492 Spiritum
2694 1423 2773 1479 sic
2804 1423 3096 1494 alloquitur
3122 1442 3138 1479 :
3172 1443 3193 1476 ι
3224 1425 3512 1482 Faciamus
3542 1426 3651 1498 (85)

2083 1513 2359 1567 hominem
2377 1511 2531 1580 juxta
2557 1513 2841 1582 imaginem
2869 1523 2924 1568 et
2947 1514 3354 1583 similitudinem
3386 1526 3652 1580 nostram,

2079 1614 2135 1659 et
2162 1603 2578 1658 duminenturin
2609 1602 2721 1670 illa,
2746 1619 2866 1673 quae
2887 1616 3017 1661 sunt
3051 1607 3103 1661 in
3136 1614 3297 1661 terra.
3326 1626 3345 1659 ι
3381 1606 3490 1663 Νεε
3504 1608 3652 1663 enim

2082 1708 2479 1764 cooperatores,
2514 1704 2607 1749 aut
2656 1697 2997 1753 consiliarios
3042 1699 3275 1769 sumpsit
3318 1699 3459 1755 Deus
3490 1714 3656 1770 ange-

2083 1786 2184 1853 los,
2228 1786 2312 1841 vel
2352 1786 2489 1842 alios
2515 1787 2740 1855 spiritus
2785 1809 2800 1845 :
2833 1792 3089 1859 quoniam
3130 1805 3322 1846 servus
3345 1805 3450 1846 non
3484 1792 3654 1858 novit,

2080 1878 2208 1946 quid
2242 1877 2405 1933 faciat
2457 1879 2707 1935 dominus
2741 1882 2905 1951 ejus;
2938 1897 3118 1951 neque
3168 1882 3502 1938 inveniemus
3530 1898 3653 1937 eum

2080 1984 2313 2039 unquam
2367 1972 2432 2026 ad
2480 1972 2810 2028 creationem
2870 1972 3074 2028 sociam
3128 1973 3229 2029 sibi
3292 1975 3655 2044 assumpsisse

2080 2073 2384 2117 creaturam
2432 2062 2608 2133 (sicut
2670 2062 2832 2117 David
2875 2064 3056 2133 psallit
3101 2064 3153 2118 in
3211 2080 3359 2118 χχχιι
3402 2066 3651 2132 psalmo:

2085 2171 2105 2205 ι
2157 2153 2257 2221 Qui
2301 2152 2582 2225 [luxit(8‘)
2624 2154 2935 2225 singillatim
2994 2155 3155 2210 corda
3202 2169 3410 2210 eorum.
3446 2174 3464 2207 ι
3503 2155 3569 2210 Et
3601 2156 3653 2209 in

2080 2264 2319 2304 cxxxvut
2351 2269 2366 2303 :
2401 2268 2420 2301 σ
2452 2249 2567 2306 Non
2596 2259 2678 2304 est
2695 2249 2809 2320 (85)
2847 2249 3169 2305 occultatum
3210 2264 3272 2305 os
3310 2265 3484 2305 meum
3515 2264 3546 2302 a
3579 2258 3653 2308 te.

2082 2342 2223 2409 quod
2261 2339 2435 2394 fecisti
2464 2342 2521 2394 in
2554 2341 2767 2396 occulto
2792 2357 2807 2407 ;
2843 2359 2861 2393 ι
2892 2349 2945 2394 ει
2972 2341 3112 2395 sicut
3141 2338 3337 2394 Paulus
3363 2343 3429 2393 ad
3458 2339 3657 2393 Roma-

2082 2449 2181 2488 nos
2208 2433 2441 2488 scribit:
2477 2451 2496 2483 ι
2527 2432 2657 2500 Quis
2703 2434 2844 2487 enim
2892 2430 3003 2503 (86)
3062 2432 3209 2486 novit
3262 2440 3492 2485 mentem
3548 2431 3655 2484 Do-

2084 2526 2238 2589 mini,
2277 2533 2370 2580 aut
2403 2527 2523 2596 quis
2549 2527 2887 2583 consiliarius
2920 2529 3036 2598 ejus
3070 2527 3198 2580 fuit?
3227 2545 3245 2576 ι
3289 2526 3346 2580 Id
3374 2534 3476 2587 est,
3514 2524 3654 2578 nulla

2083 2632 2148 2672 ex
2192 2619 2479 2673 creaturis.
2518 2617 2646 2671 Illud
2689 2619 2856 2684 enim,
2899 2637 2918 2671 ‹
2958 2620 3088 2686 Quis
3105 2618 3240 2691 (87).
3271 2637 3290 2672 ι
3336 2618 3445 2674 late
3485 2629 3653 2688 patet,

2083 2718 2245 2778 atque
2278 2711 2379 2764 hoc
2422 2709 2733 2779 significat).
2779 2710 3016 2765 Dicenda
3075 2723 3253 2765 autem
3302 2725 3406 2763 non
3442 2710 3654 2771 Facite,

2084 2802 2177 2855 sed
2211 2817 2229 2850 ι
2266 2799 2571 2865 Faciamus,
2599 2819 2617 2851 ι
2652 2802 2890 2855 ostendit
2915 2801 3217 2854 ministrum
3258 2816 3363 2856 non
3408 2817 3532 2856 esse
3575 2799 3659 2855 Fi-

2086 2890 2240 2955 lium,
2281 2904 2381 2945 nec
2410 2888 2673 2959 Spiritum
2724 2902 2995 2956 sanctum,
3041 2892 3136 2946 sed
3182 2891 3340 2947 unius
3377 2906 3501 2946 cum
3539 2891 3655 2960 ipse

2084 2982 2195 3037 Deo
2240 2984 2495 3052 potentiae
2537 2991 2595 3036 et
2628 2980 2922 3036 voluntatis
2958 2999 2973 3035 :
3018 2981 3389 3049 subiungendo
3435 2990 3655 3047 autem,

2090 3092 2109 3126 ι
2141 3075 2437 3129 secundum
2465 3071 2781 3143 imaginem,
2816 3081 2871 3125 et
2916 3071 3322 3126 similitudinem
3346 3076 3609 3134 nostram,
3630 3086 3652 3121 ι

2087 3182 2248 3221 unam
2296 3180 2416 3221 esse
2455 3164 2745 3220 essentiam
2791 3163 3076 3229 Triuitati;
3109 3174 3166 3217 et
3205 3161 3322 3216 haec
3346 3161 3412 3215 ad
3440 3159 3659 3229 angelos

2087 3261 2229 3314 dicta
2267 3274 2373 3314 non
2422 3272 2544 3313 esse
2588 3256 2837 3331 ostendit
2858 3256 2946 3320 iis,
2993 3254 3085 3324 qui
3117 3254 3383 3323 imperite,
3412 3260 3469 3309 et
3493 3252 3660 3308 stulte

2082 3350 2235 3420 parvi
2282 3348 2512 3413 faciunt,
2562 3357 2621 3403 et
2663 3343 3116 3415 imminuuut(88)
3146 3344 3212 3415 (si
3243 3341 3345 3396 hoc
3369 3343 3487 3397 sine
3517 3341 3661 3409 peri-

2082 3441 2205 3496 culo
2234 3439 2438 3495 homini
2466 3439 2645 3494 dicere
2672 3437 2817 3505 licet)
2842 3436 3126 3506 imaginem
3152 3449 3216 3488 ac
3246 3431 3657 3489 similitudinem

2083 3530 2256 3587 forma
2298 3530 2566 3597 carentis,
2613 3543 2667 3583 et
2724 3528 2909 3600 ligone
2968 3529 3234 3597 expertis,
3269 3534 3325 3581 et
3376 3523 3659 3579 inell‘abilis

2083 3620 2386 3677 Trinitatis.
2435 3621 2638 3675 Idcirco
2682 3619 2961 3690 subiunxit
3007 3619 3149 3673 idem
3190 3616 3654 3685 cusmographus:

2089 3731 2108 3766 ι
2141 3713 2208 3768 Et
2251 3712 2382 3768 fecit
2413 3712 2524 3783 (89)
2562 3711 2703 3766 Deus
2737 3710 3009 3765 hominem
3045 3729 3058 3764 :
3110 3710 3176 3763 ad
3225 3710 3511 3779 imaginem
3562 3706 3658 3762 Dei

2086 3803 2215 3858 fecit
2250 3802 2398 3858 illum
2431 3820 2446 3857 :
2487 3801 2783 3858 masculum
2820 3811 2872 3855 et
2902 3799 3154 3856 feminam
3185 3800 3307 3854 fecit
3338 3813 3453 3863 eos,
3482 3806 3536 3853 et
3561 3797 3658 3852 be-

2086 3897 2291 3951 nedixit
2328 3910 2454 3962 eos;
2511 3913 2532 3949 ι
2581 3903 2638 3950 ει
2678 3909 2864 3950 rursus
2909 3912 2923 3949 :
2960 3913 2979 3946 ι
3014 3892 3284 3964 Vidit(90)
3338 3890 3480 3945 Deus
3517 3891 3658 3960 quod

2084 3997 2229 4044 esset
2268 3990 2489 4043 bonum.
2532 4006 2551 4040 ι
2597 3987 2804 4054 Quibus
2856 3988 2911 4040 in
2970 3986 3150 4040 verbis
3202 3985 3429 4055 mystice
3473 3996 3661 4037 rursus

2085 4080 2365 4150 perfectio,
2403 4088 2459 4136 et
2507 4079 2818 4144 concordia,
2871 4088 2925 4134 et
2977 4078 3273 4132 exornandi
3318 4074 3565 4138 scientia,
3606 4081 3664 4127 et

2084 4174 2393 4230 omnimoda
2420 4172 2717 4229 liberalitas
2745 4170 3080 4242 significatur
3119 4169 3282 4234 illius,
3311 4182 3429 4237 quae
3474 4180 3571 4235 per
3601 4183 3663 4220 se

402 4272 551 4335 τοὺς,
590 4291 608 4323 ι
641 4271 784 4324 τοῦτ’
813 4271 959 4325 ἐστιν
994 4272 1247 4343 ἡγίασεν.
1287 4270 1361 4323 Τὸ
1394 4270 1475 4334 δὲ,
1513 4288 1531 4320 ι
1567 4271 1687 4323 κατ’
1714 4269 1918 4334 εἰκόνα,
1961 4289 1979 4319 ι

2087 4268 2200 4337 ipsa
2257 4265 2496 4335 perfecta
2540 4273 2643 4326 est,
2703 4272 2759 4317 et
2815 4260 3149 4331 productrix,
3196 4257 3498 4313 Trinitatis.
3552 4254 3664 4310 Nec

405 4366 481 4431 ὡς
510 4367 633 4436 ἐμοὶ
670 4365 835 4428 δοκεῖ,
871 4364 1112 4433 νοητέον,
1139 4364 1222 4417 ὅτι
1265 4363 1330 4416 ὲκ
1367 4362 1463 4415 τοῦ
1503 4360 1688 4415 θεῖκοῦ
1735 4362 1981 4433 φυσήμα-

2085 4362 2229 4417 enim
2258 4360 2450 4424 Moses,
2475 4370 2567 4413 aut
2605 4359 2769 4422 Deus,
2792 4371 2899 4425 quo
2925 4356 2971 4410 is
2998 4354 3216 4409 afllante
3240 4353 3481 4421 scripsit,
3508 4350 3663 4403 thea-

399 4473 496 4521 τος
525 4454 586 4509 τὸ
630 4453 853 4524 Πνεῦμα
906 4452 968 4506 τὸ
1014 4452 1281 4506 ἀθάνατον
1313 4450 1532 4521 ἔχομεν,
1584 4450 1680 4505 καὶ
1739 4449 1863 4503 νοῦν
1900 4450 1981 4502 ἀεὶ

2091 4454 2189 4508 tris
2228 4452 2415 4517 veluti,
2444 4466 2510 4506 ac
2539 4449 2874 4505 multitudini
2923 4449 3040 4502 haec
3077 4445 3389 4513 exponenda
3426 4440 3659 4507 censuit,

410 4548 603 4601 θέοντα
629 4586 645 4610 ,
690 4546 786 4599 καὶ
836 4544 1215 4618 κυϐερνῶντα,
1287 4542 1373 4612 ἐφ’
1425 4543 1454 4595 ὃ
1486 4542 1624 4614 χρὴ,
1674 4543 1768 4596 καὶ
1829 4540 1981 4610 λόγον

2091 4545 2184 4599 sed
2224 4544 2330 4599 illis
2354 4542 2603 4597 omnibus
2636 4552 2869 4603 tantum,
2915 4539 3005 4608 qui
3030 4537 3141 4608 (9i)
3176 4551 3237 4590 ea
3275 4534 3523 4589 violaturi
3552 4548 3661 4590 non

406 4645 571 4706 σοφὸν
595 4636 898 4709 ἀρέσκοντα
942 4635 1022 4706 τῷ
1051 4633 1329 4699 δεδωκότι,
1383 4635 1477 4687 καὶ
1526 4633 1825 4703 δυνάμενον
1886 4633 1981 4685 σὺν

2089 4646 2291 4692 essent.
2316 4656 2335 4690 t
2362 4636 2513 4692 Fecit
2547 4655 2566 4688 ι
2591 4635 2734 4690 enim
2757 4653 2776 4686 ι
2814 4631 2978 4701 Deus,
3000 4650 3018 4684 ›
3050 4632 3101 4686 id
3117 4640 3199 4685 est
3223 4628 3413 4693 Filius,
3443 4646 3461 4679 ι
3486 4627 3658 4681 bomi-

403 4729 605 4803 πίστει.
637 4726 980 4795 τεκνογονίας
1018 4726 1193 4781 αἴτιον
1233 4725 1499 4795 γίνεσθαι,
1536 4724 1632 4777 καὶ
1674 4723 1839 4804 ζωῆς,
1888 4723 1981 4776 καὶ

2090 4743 2211 4783 nem
2259 4742 2275 4782 :
2317 4729 2383 4783 ad
2436 4727 2723 4798 imaginem
2792 4727 2905 4790 Dei,
2946 4744 2963 4777 ι
3013 4724 3064 4779 id
3093 4734 3196 4788 est,
3240 4720 3440 4788 Patris,
3482 4739 3501 4772 ι
3535 4720 3664 4775 fecit

405 4819 616 4891 νεκρῶν
640 4819 928 4889 ὲγέρσεως,
958 4820 1051 4872 καὶ
1083 4819 1253 4891 ὀρέων
1285 4818 1627 4890 μεταθέσεως
1652 4834 1666 4849 ·
1695 4817 1830 4888 πρὸς
1862 4816 1981 4870 τού-

2089 4819 2258 4873 illum.
2290 4837 2310 4871 ι
2345 4817 2413 4873 Et
2446 4818 2582 4872 vidit
2635 4818 2798 4882 Deus,
2847 4836 2868 4869 ι
2922 4815 2977 4871 id
3012 4826 3097 4870 est
3136 4816 3371 4885 Spiritus
3416 4822 3659 4878 sanctus,

404 4929 540 4977 τοις,
573 4913 657 4965 ὅτι
691 4911 1095 4984 μετειλήφαμεν
1135 4913 1228 4965 καὶ
1278 4910 1380 4981 τῆς
1421 4910 1586 4964 αὑτοῦ
1625 4909 1977 4979 ἀγαθότητος.

2096 4930 2115 4962 ‹
2151 4912 2291 4981 quod
2321 4918 2465 4964 esset
2488 4910 2711 4974 bonum,
2741 4919 2795 4965 et
2828 4910 3105 4964 benedixit
3141 4923 3255 4977 eos,
3299 4929 3317 4962 ι
3352 4908 3407 4963 id
3428 4916 3511 4962 est
3543 4923 3662 4962 sau-

480 5088 591 5163 (81)
629 5088 693 5141 1η
718 5089 884 5163 primo
916 5090 1068 5143 libro.
1106 5089 1161 5163 In
1194 5089 1259 5163 iis
1294 5105 1486 5158 nempe
1519 5089 1805 5163 capitibus,
1859 5103 1978 5155 qua:
2157 5090 2270 5163 (87)
2312 5090 2463 5155 Quis.
2496 5088 2813 5163 Huiusmodi
2877 5088 3276 5163 adnotationem
3328 5100 3433 5139 non
3457 5086 3662 5163 _setnel

408 5156 746 5232 interierunt.
789 5159 1067 5232 Caeterum
1097 5161 1162 5232 in
1196 5156 1527 5232 libruetimn
1562 5161 1636 5232 De
1676 5159 1769 5221 Sp.
1798 5169 1979 5232 sancto
2084 5176 2137 5232 tn
2166 5156 2418 5232 illi'dyum
2463 5161 2805 5232 olfcntlimus,
2872 5169 2931 5212 ut
2958 5158 3239 5232 superius
3284 5171 3415 5232 pag.
3444 5156 3580 5232 26,__
3604 5168 3661 5209 et

410 5244 562 5301 nunt.
596 5226 664 5281 20
701 5229 871 5282 fusius
898 5230 1153 5294 ostendit,
1192 5247 1210 5281 ι
1243 5230 1466 5301 digitum
1517 5231 1608 5285 Dei
1657 5248 1677 5282 ι
1713 5229 1979 5284 nominari
2084 5231 2138 5284 in
2188 5226 2308 5285 lib.'
2338 5231 2410 5284 De
2451 5229 2545 5299 Sp.
2569 5240 2745 5301 sancto
2767 5245 2919 5284 num.
2950 5228 3035 5292 15,
3076 5228 3163 5281 ubi
3198 5226 3422 5293 legimus
3458 5244 3477 5301 :_
3508 5226 3655 5279 «line

410 5297 667 5370 Spiritum
695 5311 965 5370 sanctum.
1052 5369 1060 5370 ί
1303 5296 1325 5301 ’
1442 5369 1448 5370 ί
2083 5301 2225 5354 enim
2254 5303 2395 5369 quod
2426 5296 2574 5370 ait._¢
2619 5300 2716 5353 Cui
2748 5301 3082 5370 angelorum,
3113 5315 3133 5348 ι
3178 5311 3332 5366 mque
3366 5296 3659 5364 acciperet,

504 5367 594 5436 82)
633 5368 910 5436 Quoniam.
944 5369 1085 5422 Psal.
1116 5384 1232 5429 vm,
1266 5385 1403 5425 vers.
1426 5369 1480 5423 4.
2087 5384 2151 5424 ac
2183 5374 2225 5424 si
2248 5367 2471 5435 diceret,
2498 5368 2659 5423 Nulli.
2699 5389 2718 5422 ι
2754 5367 2967 5424 15ιήιίὺί
2995 5369 3178 5423 etiam.

627 5435 931 5510 Faciamus.
954 5439 1088 5510 Gen:
1116 5454 1153 5501 ι,
1186 5439 1276 5495 9.6.
1300 5440 1634 5494 Postremam
1665 5450 1843 5495 tamen
1866 5456 1981 5496 ver-

2156 5441 2268 5510 (88)
2306 5442 2651 5495 Ιηιηιίηιιιιηι.
2708 5440 2954 5510 Notanda
3006 5438 3203 5492 locutio
3235 5436 3357 5500 ista,
3407 5435 3465 5486 ὲν
3520 5450 3660 5504 μείω

400 5508 561 5581 siculi
593 5519 798 5577 partem
831 5509 1037 5581 breviat
1067 5509 1341 5579 Dnlymus.
1380 5510 1520 5580 Lege
1554 5510 1881 5581 Tertulliani
1913 5512 1980 5566 li-

2086 5508 2291 5580 ἐχουσι,
2323 5513 2374 5581 id
2410 5521 2492 5564 est
2529 5509 2917 5581 μειονεκτοῦσι.

401 5578 559 5633 brum
586 5576 837 5652 adversus
868 5576 1290 5652 Praxeqml'cap.
1327 5581 1431 5652 12,
1458 5576 1547 5652 ubi
1592 5581 1796 5638 similes
1827 5580 1982 5638 aﬂ'ert
2116 5576 2268 5652 "(89)
2309 5580 2375 5652 Et
2408 5576 2551 5652 fecit}
2582 5580 2718 5636 Gen.
2747 5597 2784 5640 ι,
2811 5580 2959 5652 ἳΤ-ει
2983 5577 3075 5633 28.

403 5648 902 5717 argumentationes
922 5663 985 5702 es
1021 5649 1101 5702 his
1127 5640 1574 5704 Gen'eseos'locis.
2161 5640 2269 5717 (90)
2321 5640 2480 5704 Vidit.
2508 5651 2645 5706 Gen.
2684 5667 2721 5713 ι,
2759 5651 2845 5703 18.
2870 5648 3055 5703 Grmra
3086 5647 3197 5711 ed.,
3220 5640 3397 5717 εἶδεν.

476 5713 591 5792 (ἓὲ)
631 5715 736 5792 Qui
759 5716 931 5792 mi:-
967 5717 1109 5792 P.s=*'-
1536 5722 1642 5792 ‘5'-
1820 5790 1857 5792 ~

2160 5713 2269 5792 (91)
2312 5724 2433 5787 Qui.
2465 5719 2520 5774 ln
2562 5722 2769 5792 codice,
2799 5720 2956 5792 ἧσεν.
2999 5718 3175 5773 Malim
3214 5716 3348 5770 ὅσοι.
3388 5713 3500 5771 Nisi
3535 5715 3660 5787 quis

501 5787 592 5863 ἓξ)
618 5785 743 5863 [Yon
776 5796 872 5863 est.
899 5786 1034 5863 Psal.
1071 5802 1331 5863 cxxxvut,
1362 5804 1501 5846 vers.
1535 5792 1601 5846 H
1625 5790 1745 5860 (seu
1780 5790 1890 5863 l5).

2088 5785 2235 5847 malit
2254 5785 2438 5862 legere
2464 5807 2477 5844 :
2510 5790 2760 5846 τοσοῦτον
2792 5790 2847 5844 δὲ
2875 5790 3014 5845 ὅσον.

501 5792 592 5843 85)
618 5792 743 5839 Νοη
776 5796 872 5841 est.
899 5792 1034 5840 Psal.
1071 5802 1331 5851 cxxxvm,

476 5792 590 5929 i86)
633 5855 761 5923 Quis
789 5858 944 5913 enim.
968 5856 1124 5912 Rom.
1153 5873 1226 5925 XI,
1262 5856 1350 5913 51.
