4054 6408
457 439 564 496 567

1691 438 1924 493 Dantt
1965 439 2435 497 ALEXANDRINI

3597 445 3698 501 568

452 550 730 605 ctil‘tcavit.
759 549 980 607 Locutio
1018 561 1196 606 autem
1237 551 1348 615 illa,
1386 569 1403 602 ι
1444 550 1594 619 juxta
1645 552 1952 621 imaginem.
1998 573 2016 604 ι

2147 549 2263 610 εἶτα
2291 558 2384 610 καὶ
2415 557 2646 621 Παῦλος,
2675 556 2750 622 ὡς
2790 556 2971 629 μικρῷ
3004 556 3235 628 πρόσθεν
3273 556 3492 629 ἐλέχθη·
3527 575 3547 610 t
3577 561 3694 614 Ζωυ

452 642 526 696 ita
565 657 684 696 meo
725 642 938 710 quidem
991 641 1150 713 185
1181 642 1386 711 judicio
1432 643 1770 712 intelligenda
1830 653 1932 707 est,
1975 657 2034 698 ut

452 734 742 804 signiﬁcet,
773 749 840 789 ex
887 735 1065 790 divina
1109 751 1205 789 nos
1258 734 1617 789 insulilatione
1671 733 2030 788 immortalem

452 824 700 892 spiritum
727 825 950 890 habere,
970 836 1024 879 et
1051 834 1286 880 mentem
1310 840 1522 893 semper
1545 826 1872 894 cogitantem
1895 825 2030 895 (92),

454 926 536 976 et.
579 925 736 984 prout
780 928 1012 986 Oportet,
1054 917 1443 986 gubernantem
1481 917 1615 987 (95),
1663 917 2033 985 rationemque

454 1007 776 1074 sapientem,
815 1025 932 1070 qua:
957 1017 1012 1061 et
1049 1009 1122 1072 ei,
1152 1008 1240 1076 qui
1293 1007 1436 1060 illam
1488 1007 1654 1072 dedit,
1704 1007 1937 1076 placeat,
1979 1015 2034 1060 et

458 1115 556 1169 per
588 1099 745 1154 fidem
779 1099 916 1154 filios
952 1101 1172 1171 gignere
1202 1109 1398 1169 potest,
1428 1108 1483 1152 et
1504 1101 1666 1153 vitam
1698 1099 2034 1159 trihuere.et

457 1207 488 1246 ε
529 1195 752 1247 mortuis
778 1194 1038 1258 excitare,
1068 1204 1122 1247 et
1147 1201 1354 1246 montes
1384 1191 1697 1247 transferre.
1731 1191 1871 1258 Quin
1903 1190 2031 1246 illud

459 1295 722 1354 praeterea
753 1285 997 1348 denotat,
1045 1285 1217 1353 ipsmn
1249 1298 1346 1338 nos
1383 1298 1492 1337 sua:
1522 1296 1735 1352 quoque
1779 1281 2034 1338 bonitatis

458 1376 751 1446 participes
797 1376 1008 1432 fecisse.
1043 1375 1117 1430 lta
1151 1375 1308 1443 juxta
1349 1374 1570 1428 Paulum
1613 1374 1802 1438 etiam,
1835 1383 1890 1427 ut
1927 1388 2034 1427 non

460 1469 630 1523 multo
660 1478 786 1524 ante
813 1469 1014 1524 dictum
1045 1478 1126 1523 est
1143 1467 1278 1537 (94),
1315 1485 1334 1519 ι
1365 1465 1671 1520 Vivillcabit
1693 1473 1748 1520 et
1784 1462 2030 1519 mortalia

461 1570 647 1614 nostra
701 1575 927 1628 corpora
973 1575 1066 1629 per
1098 1561 1489 1614 inhabitantem
1521 1557 1782 1626 Spiritum
1820 1554 1937 1625 ejus
1973 1556 2026 1609 in

458 1649 635 1704 nobis.
675 1668 695 1702 ι
725 1649 792 1704 Ει
843 1650 894 1703 in
937 1649 1172 1719 Epistola
1219 1649 1285 1703 ad
1336 1647 1608 1712 Hebraeos,
1649 1645 1842 1700 saecula
1893 1647 2032 1700 facta

455 1758 598 1808 esse,
636 1755 689 1798 ει
712 1755 1018 1799 creaturam
1052 1743 1323 1798 firmatam
1354 1741 1520 1798 luisse
1547 1757 1574 1794 a
1606 1739 1810 1809 Spiritu
1846 1749 2034 1793 sancto

457 1837 803 1902 denuntians,
832 1837 1093 1905 Spiritum
1139 1851 1268 1891 vero
1301 1849 1520 1899 vocans,
1553 1843 1612 1887 ut
1633 1835 1744 1903 jam
1785 1847 2026 1888 comme-

458 1926 664 1980 moravi
686 1926 818 1998 (95),
853 1946 871 1977 ι
897 1925 1156 1988 Verbum,
1178 1945 1197 1975 ι
1238 1940 1332 1979 seu
1373 1943 1390 1976 ι
1413 1923 1711 1979 Dictionem
1737 1920 1884 1984 Dei,»
1919 1921 2034 1975 ha‘c

457 2013 650 2069 Scribit
677 2033 691 2070 :
734 2033 754 2067 ι
807 2015 937 2070 Fide
967 2015 1081 2086 (96)
1117 2016 1463 2084 intelligimus
1486 2020 1667 2084 aptata
1694 2027 1813 2069 esse
1834 2014 2030 2068 saecula

462 2106 639 2161 Verbo
667 2107 783 2173 Dei,
817 2115 876 2162 ut
911 2107 961 2162 id
998 2111 1139 2178 quod
1180 2109 1416 2171 videtur,
1463 2105 1662 2160 factum
1717 2121 1824 2160 non
1856 2105 1927 2160 sit
1966 2121 2029 2160 ex

459 2198 877 2268 apparentibus;
901 2218 920 2252 ι
941 2208 994 2254 ει
1021 2214 1241 2254 rursus:
1263 2219 1282 2251 ι
1303 2199 1531 2253 Portaus
1549 2197 1663 2268 (97)
1688 2198 1832 2251 enim
1856 2195 2034 2250 omnia

460 2287 640 2346 Verbo
675 2292 892 2347 virtutis
919 2307 1056 2356 sum;
1090 2311 1110 2345 ι
1155 2302 1210 2347 et
1261 2292 1503 2346 Psaltes:
1538 2308 1557 2342 ι
1596 2289 1788 2346 Omnia
1832 2288 1942 2360 (98)
1981 2290 2034 2342 in

462 2383 727 2450 sapientia
759 2383 932 2438 fecisti
965 2403 978 2438 :
1017 2403 1038 2435 ι
1072 2383 1122 2438 id
1153 2394 1257 2450 est,
1288 2384 1338 2438 in
1371 2385 1575 2453 Spiritu
1618 2392 1730 2449 luo,
1769 2383 1902 2438 etin
1953 2381 2039 2436 Fi-

461 2471 535 2528 lio
578 2482 687 2529 tuo.
747 2475 1026 2541 Quomodo
1081 2490 1211 2546 ergo
1260 2476 1476 2530 divinus
1519 2474 1753 2545 Spiritus
1795 2485 2032 2530 aeternus

463 2563 722 2618 dicendus
762 2580 870 2619 non
910 2566 1036 2631 erit,
1090 2577 1144 2621 et
1197 2576 1437 2630 creator,
1476 2575 1529 2620 et
1589 2567 1805 2638 proprie
1850 2567 2035 2621 Deus?

463 2668 588 2709 cum
627 2656 696 2710 sit
727 2657 1102 2725 inseparabilis
1141 2662 1208 2714 ab
1241 2675 1327 2724 eo,
1354 2659 1443 2728 qui
1476 2675 1598 2713 eum
1644 2660 1890 2729 Spiravit,
1929 2668 1982 2715 et
2005 2676 2036 2714 a

465 2757 712 2800 creatore
746 2748 916 2813 Filio;
947 2767 1067 2805 cum
1094 2751 1294 2806 saecula
1323 2752 1686 2816 constituerit,
1718 2753 2038 2822 quibuscum

462 2847 522 2892 et
565 2839 786 2904 caelum,
829 2851 883 2894 et
915 2844 1119 2908 omnia,
1159 2859 1280 2912 quae
1331 2844 1382 2898 in
1421 2860 1487 2900 eo
1516 2852 1665 2909 sunt,
1697 2853 1752 2898 et
1782 2843 2040 2912 quidquid

459 2917 607 2981 aliud
653 2940 896 2985 creatum
951 2933 1167 2987 exsistit
1225 2935 1545 3002 productum
1595 2934 1757 3006 186
1806 2933 1940 2998 fuit;
1987 2943 2042 2989 et

465 3022 649 3076 omnia
699 3039 793 3076 sua
838 3024 1039 3079 virtute
1083 3033 1283 3094 portet,
1345 3027 2040 3096 atqueadministret;cum

465 3113 681 3167 demum
716 3113 804 3169 ille
837 3115 951 3185 ipse
977 3115 1070 3178 sit,
1103 3117 1191 3182 qui
1217 3115 1401 3171 statim
1431 3131 1496 3170 ac
1519 3114 1738 3178 ctelnm,
1775 3126 1940 3179 terra,
1989 3123 2044 3168 et

468 3220 618 3260 mare
651 3207 924 3261 conditum
952 3207 1074 3272 fuit,
1105 3227 1124 3260 ι
1163 3209 1438 3263 ferebatur
1471 3208 1583 3278 (99)-
1616 3221 1780 3276 super
1814 3221 1970 3276 aqua,
2017 3225 2036 3258 ι

2134 651 2350 718 ποιήσει
2385 652 2478 701 καὶ
2515 648 2583 701 τὰ
2627 648 2795 716 θνητὰ
2848 651 2880 718 ἡ
2892 647 3008 717 μῶν
3055 647 3301 717 σώματα,
3335 646 3420 699 διὰ
3455 645 3546 698 τοῦ
3579 649 3710 699 ενοι·-

2135 737 2356 802 κοῦντος
2394 738 2558 792 αὑτοῦ
2606 739 2919 810 Πνεύματος
2961 739 3019 791 ὲν
3065 739 3212 809 ἡμῖν.
3253 757 3271 788 ι
3299 736 3407 790 Καὶ
3443 737 3706 808 Ἑϐραίοις

2134 831 2259 893 τοὺς
2297 830 2500 894 αἰῶνας
2543 830 2886 900 γεγενῆσθαι,
2920 830 3013 882 καὶ
3044 829 3142 898 τὴν
3181 827 3356 881 κτίσιν
3398 827 3705 897 ὲστηρξχθαι

2137 923 2241 975 ὑπὸ
2279 921 2372 974 τοῦ
2402 922 2557 990 ἁγίου
2597 921 2913 991 Πνεύματος
2965 919 3367 988 καταγγέλλων,
3401 918 3495 971 καὶ
3537 918 3707 988 Ῥἦμα

2135 1013 2269 1066 Θεοῦ
2301 1013 2362 1066 τὸ
2401 1012 2644 1083 Πνεῦμα,
2691 1012 2830 1066 καθὰ
2865 1012 2963 1083 ἤδη
3008 1009 3404 1082 ἐμνημονεύθη,
3441 1026 3706 1080 προσαγο-

2141 1104 2334 1176 ρεύων,
2363 1104 2597 1175 γράφειο
2637 1123 2655 1153 ι
2690 1104 2877 1156 Πίστει
2925 1102 3152 1173 νοοῦμεν
3198 1101 3548 1172 κατηρτίσθαι
3587 1101 3706 1163 τοὺς

2136 1196 2338 1260 αἰῶνας
2377 1197 2606 1267 Ῥήματι
2653 1194 2811 1257 Θεοῦ,
2851 1197 2930 1257 εἰς
2977 1195 3038 1246 τὸ
3079 1193 3154 1264 μὴ
3192 1194 3258 1246 ἐκ
3292 1192 3626 1263 φαινομένων
3652 1191 3710 1243 τὸ

2137 1286 2464 1358 βλεπόμενον
2491 1287 2767 1356 γεγονέναι
2789 1303 2802 1316 ο
2842 1306 2859 1337 ι
2893 1287 2989 1340 καὶ
3012 1285 3172 1340 πάλιν
3191 1303 3205 1315 ’
3239 1303 3258 1335 ι
3295 1283 3478 1354 Φέρων
3509 1281 3616 1357 γὰρ
3645 1283 3708 1336 τὰ

2139 1379 2316 1432 πάντα
2359 1377 2439 1448 τῷ
2494 1379 2725 1451 Ῥήματι
2779 1380 2877 1449 τῆς
2935 1379 3214 1449 δυνάμεως
3259 1375 3461 1430 αὐτοῦ·
3505 1394 3523 1426 ι
3568 1373 3709 1427 καὶὸ

2139 1468 2478 1539 Ψαλμῳδὸς·
2538 1488 2557 1520 t
2594 1469 2778 1522 Πάντα
2823 1472 2878 1523 ὲν
2939 1470 3098 1541 σοφίᾳ
3149 1468 3431 1537 ἐποίησας,
3488 1485 3507 1517 ι
3573 1463 3710 1518 τοῦτ’

2137 1557 2283 1610 ἐστιν
2317 1561 2374 1610 ὲν
2401 1558 2477 1629 τῷ
2512 1559 2788 1628 Πνεύματί
2817 1576 2912 1612 σου
2951 1559 3046 1612 καὶ
3079 1557 3158 1630 τῷ
3185 1555 3299 1629 Υἱῷ
3330 1573 3442 1609 σου.
3473 1555 3596 1619 Πῶς
3621 1548 3710 1608 οῦν

2135 1651 2236 1704 οὐκ
2278 1649 2532 1721 ἄναρχον,
2582 1651 2678 1704 καὶ
2733 1651 3083 1722 δημιουργὸν,
3133 1649 3227 1704 καὶ
3266 1648 3470 1719 κυρίως
3499 1646 3629 1709 Θεὸς
3653 1645 3710 1698 τὺ

2137 1741 2318 1795 θεῖκδν
2344 1742 2598 1812 Πνεῦμα;
2651 1741 2709 1794 τὸ
2732 1741 3034 1813 ἀχώριστον
3071 1740 3166 1794 τοῦ
3207 1740 3538 1802 πνεύσαντος
3566 1737 3708 1800 αὐτὸ,

2137 1832 2232 1886 καὶ
2287 1832 2381 1886 τοῦ
2435 1831 2767 1903 δημιουργοῦ
2807 1831 2972 1884 Υἱοῦο
3031 1830 3094 1884 τὸ
3142 1833 3270 1896 τοὺς
3305 1830 3508 1894 αἰῶνας
3555 1845 3714 1882 κατα-

2069 1950 2109 2005 "
2140 1925 2412 1978 σκευάσαν
2435 1941 2449 1955 ο
2488 1922 2607 1994 μεθ’
2647 1917 2722 1976 ὧν
2776 1923 3004 1994 οὐρανός
3039 1941 3099 1976 τε
3131 1923 3224 1976 καὶ
3249 1923 3317 1976 τὰ
3347 1923 3404 1974 ὲν
3428 1920 3596 1990 αὐτῷ,
3627 1919 3715 1972 καὶ

2137 2019 2244 2070 πᾶν
2272 2018 2325 2070 εί
2352 2017 2405 2070 τί
2436 2019 2582 2070 ἐστιν
2608 2018 2824 2071 κτιστὸν
2853 2017 3105 2088 παρήχθη
3127 2031 3141 2044 '
3176 2015 3269 2068 καὶ
3290 2015 3469 2068 πάντα
3503 2017 3567 2085 τῇ
3597 2014 3715 2065 ἐαυ-

2131 2107 2226 2160 τοῦ
2258 2108 2487 2179 δυνάμει
2519 2109 2682 2180 φέρον
2715 2126 2775 2162 τε
2801 2110 2894 2162 καὶ
2913 2107 3143 2162 διοικοῦν
3167 2125 3183 2140 ο
3208 2108 3269 2160 τὸ
3298 2107 3609 2178 παραυτίκα
3626 2102 3715 2158 τοῦ

2133 2201 2386 2268 γενέσθαι
2425 2201 2670 2272 οὐρανὸν,
2696 2201 2785 2273 [ει
2817 2200 2870 2272 a]
2906 2202 3029 2271 γῆν,
3069 2199 3358 2264 θάλατταν,
3391 2199 3718 2267 ἐπιφερόμε-

2134 2306 2223 2343 νον
2243 2291 2336 2342 ὲπι
2361 2289 2453 2343 τοῦ
2493 2288 2704 2353 ὕδατος,
2729 2291 2820 2343 καὶ
2849 2290 3116 2358 ζωογόνον
3138 2289 3233 2343 καὶ
3267 2287 3572 2359 ζωοτρόφον
3593 2284 3717 2338 αὐτὸ

2136 2382 2601 2454 ἀπεργάζομενον.
2627 2383 2837 2454 Ὠσπερ
2865 2383 2973 2454 γὰρ
2997 2381 3086 2435 διὰ
3115 2382 3176 2435 τὸ
3201 2382 3378 2450 λέγειν
3405 2383 3464 2472 ἓν
3495 2379 3572 2450 τῷ
3605 2376 3718 2431 Ἰὼϐ

2137 2475 2266 2546 περὶ
2291 2474 2383 2528 τοῦ
2413 2474 2560 2538 Υίοῦ,
2593 2492 2612 2526 ι
2657 2474 2713 2528 Ὁ
2741 2475 2975 2538 τανύσας
2997 2475 3088 2528 τὸν
3111 2475 3334 2546 οὐρανὸν
3359 2471 3540 2544 μόνος,
3580 2491 3598 2524 δ
3623 2471 3718 2524 ούκ

2137 2567 2340 2636 ἀφιστᾷ
2374 2567 2471 2636 μὲν
2499 2565 2598 2636 τῆς
2628 2566 2988 2638 δημιουργίας
3013 2566 3103 2620 τὸν
3133 2565 3192 2630 ἐξ
3219 2558 3280 2618 οῦ
3304 2565 3372 2618 τὰ
3401 2566 3602 2627 πάντα,
3631 2563 3719 2616 καὶ

2138 2657 2196 2709 ὲν
2223 2649 2267 2723 ᾧ
2295 2656 2470 2709 πάντα
2496 2655 2818 2727 συνέστηκεν
2846 2655 3088 2726 Πατέρα·
3123 2653 3263 2725 (πῶς
3286 2653 3394 2724 γὰρ
3415 2653 3482 2707 ἂν
3505 2652 3589 2722 εἴη
3613 2652 3717 2704 λοι-

2139 2749 2240 2804 πὸν
2268 2748 2438 2802 ταῦτα
2461 2748 2632 2819 ἀληθῆ
2658 2749 2712 2819 ς)
2767 2746 2942 2811 οὕτως
2984 2747 3104 2801 οὐδὲ
3147 2747 3210 2800 τὸ
3241 2746 3340 2815 τῆς
3373 2745 3585 2814 σοφίας,
3629 2742 3719 2795 καὶ

2138 2841 2440 2911 δυνάμεως,
2467 2841 2559 2893 καὶ
2588 2839 2893 2911 ἁγιωσύνης
2922 2838 3148 2908 Πνεῦμα
3193 2836 3286 2891 τοῦ
3331 2836 3465 2889 Θεοῦ
3508 2833 3720 2899 ἐξωθεῖν

2139 2933 2233 2987 τοῦ
2276 2929 2416 2985 εἶναι
2456 2931 2881 3003 συνδημιουργὺν
2911 2930 3004 2983 τοῦ
3038 2929 3195 2993 Θεοῦ,
3230 2930 3393 2982 ὅσιον.
3443 2927 3556 2980 Καὶ
3597 2924 3719 2977 ποία

2139 3025 2195 3078 δὲ
2245 3025 2325 3088 εἰς
2359 3021 2515 3076 τοῦτο
2555 3021 2754 3092 μείζων
2793 3020 3066 3085 ἀπόδειξις
3104 3018 3170 3073 ἂν
3201 3017 3471 3090 εὑρεθείη,
3515 3014 3608 3069 τοῦ
3640 3015 3718 3082 ἐφ’

2142 3117 2378 3186 ἑκάστης
2408 3115 2464 3166 ὲν
2491 3112 2569 3184 τῷ
2597 3113 2931 3184 βαπτίσματι
2963 3110 3328 3174 ἀνακαινίζειν
3356 3109 3449 3162 καὶ
3479 3107 3720 3178 ἁγιάξειν

2140 3208 2200 3262 τὸ
2227 3207 2450 3276 Πνεῦμα
2477 3207 2571 3260 τοῦ
2604 3204 2760 3269 Θεοῦ,
2797 3207 2889 3260 καὶ
2920 3206 3012 3258 ἐπὶ
3040 3205 3102 3258 τὸ
3125 3207 3368 3276 κρεῖττον
3394 3203 3489 3255 καὶ
3514 3199 3719 3272 πρῶτον

465 3307 522 3353 ει
553 3299 908 3355 animantium
939 3301 1279 3370 genitricem,
1309 3309 1472 3372 atque
1511 3299 1776 3355 nutricem
1804 3313 1922 3353 eam
1959 3297 2038 3352 fa-

2147 3298 2527 3353 ἀνακαλεῖσθαι
2550 3298 2734 3369 σχῆμα
2755 3297 2849 3352 τοῦ
2879 3297 3026 3368 βίου;
3056 3296 3214 3350 τοῦτο
3236 3296 3343 3368 γὰρ
3369 3295 3522 3366 δηλοῖ
3549 3294 3639 3348 καὶ
3663 3291 3722 3347 τὺ

539 3427 651 3498 (92)
691 3426 1038 3499 Cogitamem.
1083 3429 1140 3484 In
1176 3429 1384 3495 Graeco,
1436 3431 1524 3485 del.
1587 3431 1800 3496 θέοντος
1833 3430 1946 3494 νοῦ,
1992 3432 2045 3486 id

469 3512 553 3553 est
582 3501 646 3570 ad
680 3502 926 3557 verbum.
957 3519 975 3551 ι
1019 3515 1232 3566 semper
1278 3503 1546 3570 currentis
1599 3505 1812 3558 mentis.
1861 3523 1878 3554 ι
1918 3502 2048 3567 Quae

472 3569 770 3638 locutioex
813 3572 1177 3624 vetustissimo
1203 3569 1521 3638 philositplw
1545 3570 1729 3626 Ocello
1775 3575 1933 3626 tltlt'lu
1965 3573 2046 3624 vi-

474 3637 724 3710 deturals
747 3640 896 3710 enini
923 3641 975 3692 in
1001 3641 1143 3710 libro
1163 3639 1238 3694 De
1269 3637 1528 3710 universo,
1553 3657 1667 3710 cap.
1700 3641 1884 3700 2.htec
1913 3642 2049 3694 seri-

474 3711 580 3774 psit
611 3722 624 3758 :
656 3708 728 3760 Τὸ
753 3707 808 3760 δὲ
839 3707 900 3772 ἐξ
939 3709 1261 3780 ἀμφοτέρων
1290 3709 1489 3774 αὐτῶν,
1526 3707 1753 3782 τοῦμὲν
1781 3713 1867 3765 ἀεὶ
1902 3710 2049 3766 θέον-

471 3794 564 3852 τος
587 3776 751 3852 θείου,
773 3777 867 3852 τοῦ
894 3779 949 3832 δὲ
975 3782 1061 3833 ἀεὶ
1089 3778 1511 3852 μεταϐάλλοντος
1536 3781 1818 3852 γεννητοῦ,
1851 3782 2049 3852 κόσμος

546 3798 564 3841 ς
587 3798 751 3837 υειου,
773 3798 867 3830 του
894 3798 949 3832 οε
975 3798 1061 3833 αει
1089 3798 1511 3846 μεταοαλλοντος
1536 3799 1818 3846 γεννητου,
1851 3798 2052 3846 κοσμος

473 3832 583 3919 ἄρα
609 3821 778 3920 ἐστίν,
824 3850 874 3902 id
913 3862 1016 3912 εει,
1047 3821 1302 3903 ιιῖνετιιι
1339 3821 1624 3917 Νοεηῖυδιιι,
1660 3821 2049 3920 «ΑᾸΙιάῦοιΓεῖ

477 3918 738 3970 ambabus
761 3929 971 3972 constat
1007 3919 1273 3988 partibus,
1313 3935 1380 3974 ex
1419 3936 1523 3974 una
1559 3922 1765 3976 scilicet
1789 3918 1967 3976 divina
1997 3931 2054 3976 et

476 4002 691 4060 semper
725 3999 996 4052 currente,
1028 4005 1095 4043 ex
1131 3988 1298 4060 altera
1315 4006 1456 4060 Avero
1479 3993 1680 4060 genita,
1713 4001 1767 4046 et
1794 3995 2048 4046 mutatio.

477 4058 637 4128 tribus
693 4073 904 4128 semper
965 4059 1221 4120 obnoxia,
1279 4058 1331 4113 id
1384 4058 1531 4114 certe
1597 4061 1830 4116 mundus
1889 4073 1991 4117 est.
2029 4081 2048 4112 ι

478 4125 614 4209 Vide
652 4143 769 4195 qua:
808 4125 872 4182 ad
901 4144 1072 4198 segni.
1109 4129 1174 4183 97
1205 4128 1234 4181 b
1268 4131 1336 4184 de
1366 4145 1494 4184 voce
1522 4131 1848 4204 ἀεικίνητος,
1884 4135 2054 4187 adno-

481 4207 610 4252 tavi.
1657 4218 1662 4223 '

704 4265 1114 4342 gubernantem.
1139 4268 1317 4323 Codex
1347 4271 1776 4342 ςῄκυὸερνοῦντα.

547 4339 660 4413 (ῼξ)
704 4337 908 4413 Dictum
924 4351 1016 4392 est.
1047 4339 1320 4413 Vi_de_not.
1344 4339 1473 4413 ὕδει
1505 4337 1596 4408 56,
1624 4360 1744 4413 pag.
1770 4343 1888 4398 180.

548 4408 664 4479 (95)
703 4408 1136 4479 Coiitmemornvi.
1173 4409 1355 4478 Su-gm.
1379 4411 1446 4464 65
1471 4430 1524 4465 a.

551 4476 857 4560 (96)_l"ide.
891 4477 1054 4560 llelrr.
1089 4496 1162 4545 si,
1199 4476 1260 4534 δέ
1283 4479 1467 4560 Graeca
1497 4483 1673 4560 editio
1708 4483 1871 4560 habet
1899 4483 2052 4560 Δ(ιίνί-

475 4547 620 4620 sim,
647 4547 651 4548 “
680 4550 744 4602 ἐκ
775 4549 1113 4620 φαινομένων
1134 4569 1147 4580 ·
1214 4553 1380 4605 codex
1460 4567 1587 4606 vero
1639 4553 2053 4608 Passioueianns
2086 4547 2129 4600 υ

477 4618 805 4693 coniunctim
867 4618 1029 4693 unum
1085 4623 1331 4684 verbum,
1365 4623 1791 4693 ἐκφαινομένων.
1851 4624 2052 4678 l’assitn

477 4697 660 4741 tamen
715 4689 968 4742 librarius
1009 4693 1170 4744 verba
1219 4693 1426 4745 diversa
1445 4689 1614 4746 simul
1656 4695 1798 4746 inter
1829 4709 2057 4747 exaran-

481 4762 606 4810 dum
636 4759 931 4819 connectit,
962 4771 1020 4812 ut
1045 4763 1230 4814 videre
1257 4762 1375 4816 licet
1414 4763 1464 4815 in
1499 4765 1621 4817 aliis
1641 4765 1801 4817 etiam
1833 4767 2057 4817 vetustis

479 4827 830 4903 membranis.
863 4828 1122 4884 Praeterea
1152 4833 1339 4886 eadem
1365 4833 1529 4888 editio
1558 4835 1720 4888 habet
1757 4833 1826 4886 τὰ
1865 4833 2058 4903 βλεπό-

483 4897 941 4967 pevatpluraliter.

552 4965 664 5037 (97)
706 4965 954 5021 Portans.
990 4967 1152 5022 Hebr.
1187 4986 1230 5050 t,
1277 4971 1332 5025 5.
1384 4969 1553 5026 Biblia
1613 4973 1815 5027 habent
1871 4974 2054 5046 φέρων

478 5052 560 5091 τε.

462 5109 494 5184 '_
554 5103 690 5184 (98)“
713 5106 1096 5184 ania._l_’sal.
1135 5125 1251 5184 cui,
1284 5126 1432 5184 vers.
1461 5112 1532 5184 25
1559 5112 1673 5180 (εειι
1703 5113 1816 5184 24).
1852 5114 2053 5167 Locum

480 5175 626 5256 hunc
653 5175 910 5256 Origenes
937 5181 1112 5235 libror
1162 5183 1238 5256 De
1267 5175 1574 5256 principiis,"
1598 5199 1716 5256 cap.
1749 5175 1788 5237 2’
1813 5197 1866 5239 ει
1905 5185 2049 5256 alibi,

482 5249 612 5324 item
654 5259 707 5300 ιιι
736 5247 986 5318 Didymus
1013 5255 1260 5319 superius
1307 5253 1397 5306 lib.
1423 5247 1613 5324 mp.
1637 5247 1690 5319 9⁷,
1723 5269 1842 5324 pag.
1871 5255 1956 5317 ll,
1987 5255 2055 5308 de

482 5317 620 5393 [filio
655 5317 972 5393 acceperat:
1000 5317 1140 5374 nunc
1179 5337 1306 5375 vero
1340 5317 1618 5393 theologus
1663 5317 1844 5379 nostEr
1875 5329 1939 5379 de
1965 5324 2055 5378 Fi-

483 5390 557 5442 lio
593 5397 647 5440 et
670 5389 734 5441 de
765 5385 966 5456 Spirittt
998 5405 1119 5443 eum
1151 5385 1558 5464 interpretatur".
1585 5393 1848 5448 Nimirum
1881 5397 2054 5464 Spiri-

485 5472 596 5513 tum
645 5469 890 5513 sanctum
941 5475 1154 5530 quoque
1190 5480 1208 5511 ι
1247 5462 1576 5530 Sapientiam
1612 5483 1630 5514 ι
1680 5464 1880 5518 dictum
1926 5462 2054 5518 esse

482 5536 698 5601 docent.
727 5540 783 5580 ut
811 5530 944 5584 alios
981 5541 1205 5596 taceam,
1236 5531 1468 5584 lrenaeus
1501 5547 1621 5601 pag.
1650 5533 1775 5591 255.
1807 5543 1860 5588 ει
1906 5534 2053 5588 [ιιιιί-

481 5615 584 5652 nus
606 5597 920 5673 Palaestinas
950 5601 1000 5673 in
1036 5601 1170 5654 libro
1192 5601 1268 5654 De
1288 5601 1393 5668 ﬁde
1431 5597 1550 5670 pag.
1577 5603 1870 5673 585.,Quin
1901 5603 2055 5673 Didy-

481 5685 603 5722 mus
627 5671 740 5738 ipse
774 5674 941 5724 fusius
970 5671 1084 5724 lnec
1109 5674 1451 5740 persequitur
1480 5674 1530 5723 in
1568 5673 1661 5724 lib.
1698 5672 1772 5726 De
1812 5673 1904 5736 Sp.
1932 5671 2053 5726 san-

481 5749 740 5814 ctognum.
764 5740 828 5793 21
872 5751 926 5795 ει
968 5741 1187 5814 22,_ubi_
1215 5742 1355 5795 inter
1383 5751 1572 5814 caetera
1607 5741 1721 5795 hmc
1766 5743 2048 5814 leguntur:

489 5825 509 5874 ε
547 5809 682 5864 Deus
713 5825 839 5882 uero
881 5826 983 5867 non
1034 5811 1258 5866 alterius
1307 5811 1584 5882 sapientia:
1620 5809 2050 5882 participatione,

464 5892 660 5968 ._ueqye
699 5879 916 5936 aliunde
957 5883 1174 5953 sapiens
1227 5882 1468 5946 effectus,
1523 5879 1700 5936 dictus
1739 5879 1827 5939 est
1856 5901 1874 5934 ι
1910 5883 2052 5938 solus

2149 3433 2388 3502 Sapiens,
2426 3451 2444 3483 ι
2475 3441 2528 3486 ει
2553 3447 2820 3505 generatis
2851 3429 3035 3505 {colle}:
3072 3443 3246 3505 noster
3274 3447 3368 3485 ms.
3408 3433 3720 3505 reet_ius,_ut

2149 3500 2294 3582 pato,
2331 3506 2503 3583 habet,
2533 3500 2624 3556 sed
2659 3500 2948 3583 generalis]
2982 3502 3333 3583 Sapientiam,
3367 3511 3419 3555 et
3472 3503 3607 3583 alios
3642 3501 3719 3583 fa-

2151 3574 2301 3628 ciens
2331 3575 2620 3641 sapientes.
2657 3572 2790 3637 Quar
2825 3571 3082 3641 sapientia
3127 3571 3380 3626 Dominus
3409 3581 3492 3624 est
3543 3581 3724 3624 noster

2149 3641 2306 3696 Jesus
2331 3640 2604 3708 Christus,
2636 3643 2725 3709 qui
2756 3642 2971 3702 dicitur,
3007 3660 3026 3692 ι
3056 3640 3145 3694 Dei
3189 3641 3377 3702 virtus,
3411 3653 3463 3694 et
3514 3641 3601 3693 Dei
3641 3656 3723 3693 sa-

2196 3712 2380 3766 ientia.
2423 3732 2441 3763 ι
2476 3713 2715 3780 Spiritus
2735 3727 2950 3781 quoque
2981 3722 3198 3766 sanctus
3225 3711 3424 3781 dicitur
3453 3711 3722 3781 Sapientia

2197 3726 2380 3766 tentia.
2423 3732 2441 3763 ι
2477 3726 2715 3780 Spiritus
2735 3727 2950 3781 quoque
2981 3726 3198 3766 sanetus
3225 3726 3424 3764 dicitur
3453 3726 3722 3778 Sapientia

2157 3726 2342 3854 Fcodex
2366 3783 2908 3854 tamen_nosterjmbet
2940 3797 2960 3835 .°
2996 3782 3126 3854 Quae
3159 3780 3435 3854 Sapientia
3467 3778 3722 3835 Dominus

2158 3850 2343 3906 noster
2373 3859 2458 3906 est
2489 3870 2501 3905 :
2532 3851 2687 3906 Jesus
2717 3851 2963 3905 Christus
2990 3852 3135 3906 enim
3178 3870 3196 3901 ι
3238 3851 3328 3904 Dei
3359 3850 3530 3904 virtus
3567 3870 3585 3901 ι
3620 3861 3721 3912 εει,

2162 3941 2181 3973 ι
2215 3923 2309 3977 Del
2347 3921 2643 3988 Sapientia.
2684 3942 2703 3974 ›
2738 3922 2968 3990 Spiritus
2990 3935 3204 3990 quoque
3230 3930 3452 3974 sanctus
3497 3939 3514 3970 ι
3559 3920 3726 3990 Spiris

2160 4002 2244 4063 tus
2280 4010 2298 4043 ι
2328 3992 2581 4063 dicitur}
2614 3989 2900 4063 Sapientiae
2927 4010 2945 4042 ι
2973 3990 3015 4063 ].
3050 3991 3326 4063 Siquidem
3361 3991 3503 4063 e_t_in
3533 3989 3724 4063 veteri-

2160 4061 2260 4116 bus
2287 4061 2439 4114 libris
2469 4059 2721 4127 refertur,
2750 4059 3010 4130 repletum
3033 4077 3155 4116 esse
3182 4059 3364 4115 Jesum
3390 4059 3540 4130 Nave
3569 4075 3597 4112 a
3617 4060 3725 4130 Do-

2159 4133 2305 4184 mino
2339 4131 2539 4198 Spiritu
2576 4129 2888 4200 Sapientiaa.
2939 4131 3088 4185 Sicut
3147 4145 3275 4200 ergo
3323 4129 3470 4183 solus
3516 4129 3726 4198 sapiens

2159 4202 2317 4264 Deus,
2355 4217 2458 4254 non
2483 4199 2751 4271 accipiens
2779 4203 2992 4256 aliunde
3029 4199 3368 4271 sapientiam,
3394 4202 3487 4271 sed
3516 4199 3726 4266 sapien-

2159 4281 2238 4326 tes
2280 4271 2502 4331 laciens.
2556 4269 2612 4326 et
2655 4287 2919 4342 generans
2956 4269 3318 4342 sapientiam;
3349 4270 3495 4324 solus
3519 4280 3601 4342 est
3637 4283 3726 4322 sa-

2159 4342 2332 4408 piens,
2361 4349 2511 4394 extra
2549 4339 2756 4408 onnies,
2779 4345 2866 4412 qui
2892 4357 2984 4412 per
3018 4339 3466 4408 nuiicupationem
3501 4339 3617 4406 ejus
3649 4353 3727 4412 sa-

2161 4407 2370 4479 pientes
2403 4413 2720 4466 dicuntur...
2743 4407 2830 4468 sic
2867 4407 2915 4466 et
2944 4407 3180 4479 Spiritus
3202 4407 3425 4464 sanctus
3461 4426 3563 4462 nun
3589 4408 3729 4462 acci-

2161 4481 2314 4548 piens
2340 4481 2554 4551 aliunde
2598 4483 2939 4551 sapientiam,
2974 4482 3150 4534 dictus
3187 4489 3290 4542 εει,
3328 4499 3346 4531 ι
3371 4479 3617 4551 Spiritus
3639 4492 3726 4551 sa-

2159 4552 2372 4622 pientiae
2420 4550 2604 4622 [codex
2655 4548 2831 4606 noster
2850 4552 3043 4622 omisso
3067 4551 3161 4603 illa
3189 4566 3310 4604 voce
3339 4550 3500 4613 sicut,
3525 4551 3599 4602 sic
3628 4548 3725 4622 Ito-

2161 4624 2239 4673 bet
2275 4637 2294 4674 :
2318 4619 2459 4689 Ergo
2495 4641 2512 4672 ι
2545 4624 2691 4677 solus
2718 4623 2931 4690 sapiens
2965 4641 2986 4674 ›
3019 4621 3155 4675 Deus
3199 4631 3302 4686 est,
3345 4630 3400 4674 et
3437 4635 3539 4672 non
3579 4619 3724 4672 acci-

2159 4692 2309 4760 piens
2341 4693 2554 4745 aliunde
2583 4694 2923 4762 sapientiam.
2951 4691 3054 4746 Sed
3095 4691 3368 4762 sapientes
3409 4692 3633 4752 faciens,
3673 4699 3726 4742 et

2157 4777 2423 4828 generatis
2453 4761 2766 4830 sapientiam
2801 4781 2818 4813 ι
2861 4762 3005 4816 solus
3038 4781 3057 4813 ›
3085 4771 3169 4815 est
3204 4778 3225 4830 σν
3257 4761 3473 4828 sapiens
3513 4778 3532 4812 ι
3572 4769 3721 4830 extra

2157 4846 2370 4894 euntes,
2400 4833 2486 4901 qui
2519 4829 2634 4900 per
2692 4833 3141 4901 mineupationem
3183 4829 3300 4898 ejus
3347 4833 3618 4901 Sapientes
3646 4829 3724 4882 di-

2158 4911 2419 4972 cuntur...
2453 4900 2605 4956 Sicut
2655 4914 2709 4957 et
2766 4904 2998 4972 Spiritus
3053 4911 3272 4972 sanctus
3301 4916 3414 4972 Anon
3455 4900 3723 4972 accipiens

2159 4970 2373 5026 aliunde
2417 4975 2756 5038 sapientiam,
2789 4969 2967 5026 dictus
3021 4981 3102 5025 est
3155 4988 3172 5020 t
3217 4970 3458 5038 Spiritus
3499 4969 3726 5038 Sapieno

2158 5042 2245 5094 tite
2271 5059 2288 5090 ι
2439 5037 2701 5096 Similiter
2744 5037 2801 5098 et
2854 5041 3088 5113 Spiritus
3139 5037 3360 5113 sanctus
3391 5057 3522 5113 cum_
3543 5040 3616 5113 sit
3652 5037 3726 5090 si-

2157 5109 2441 5183 gnaculum
2478 5113 2592 5178 Dei,
2626 5115 2678 5168 hi
2714 5114 2803 5183 qui
2844 5109 3155 5183 formamet
3180 5110 3465 5183 imaginem
3500 5109 3588 5183 Dei
3629 5123 3718 5160 ca-

2159 5182 2330 5246 piunt,
2357 5183 2549 5250 signati
2577 5199 2672 5252 per
2698 5181 2842 5250 eum,
2882 5185 2933 5236 in
2970 5197 3034 5235 eo
3068 5181 3337 5252 ducuntur
3380 5182 3444 5234 ad
3469 5181 3724 5252 signacuf

2157 5253 2265 5322 lum
2302 5246 2500 5306 Christi
2525 5246 2900 5322 sapientiaxet
2921 5251 3182 5312 scientiae,
3213 5251 3430 5319 insuper
3453 5246 3553 5303 lidé
3580 5246 3720 5322 pleni

2161 5319 2371 5391 [rectius
2397 5328 2558 5376 codex
2590 5317 2770 5377 'uosler
2799 5339 2818 5377 :
2845 5322 3041 5392 signati
3071 5335 3163 5389 per
3187 5317 3409 5392 conn—et
3438 5322 3596 5392 ineo,
3625 5317 3722 5392 du-

2156 5388 2351 5445 cuntur
2398 5395 2462 5445 atl
2491 5394 2822 5463 signaculum
2847 5388 3372 5458 Christi,sapientia,
3395 5400 3450 5445 et
3477 5388 3720 5450 scientia,

2154 5471 2209 5514 et
2236 5463 2450 5535 insuper
2475 5465 2576 5535 lide
2603 5465 2746 5535 pleni
2773 5463 2814 5535 ].
2851 5486 2870 5517 ι

2227 5532 2337 5608 (99)
2358 5528 2686 5608 Ferebatur.
2715 5528 2851 5608 9.1...
2883 5551 2920 5600 l,
2950 5535 2999 5588 l.
3026 5535 3519 5608 Qrigencsquoque
3545 5528 3720 5608 libro}

2159 5596 2546 5676 Deprincipiis,
2570 5620 2687 5676 cap.
2713 5606 2767 5676 ξ),
2798 5596 2918 5674 pag.
2939 5607 2995 5658 6|
3013 5646 3026 5668 ,
3054 5596 3554 5676 Pa‘scliasitisllmn.
3577 5596 3716 5676 Eccl.

2155 5676 2414 5745 diaconus
2439 5674 2530 5726 lib.
2562 5691 2576 5727 I
2606 5674 2678 5727 De
2708 5673 2808 5742 Sp.
2832 5673 3034 5738 sancto,
3056 5691 3173 5745 Cap.
3193 5675 3279 5738 l2,
3306 5673 3502 5745 aliique
3525 5673 3718 5744 passini

2157 5739 2522 5816 l‘atreslrunc
2566 5734 2766 5816 locumi
2797 5747 2862 5816 de
2909 5734 3347 5816 Spiritu'sancto
3387 5734 3717 5808 interpretati

2155 5821 2298 5866 sunt.
2326 5811 2453 5868 Vide
2478 5828 2645 5882 segni.
2676 5813 2771 5868 121
2810 5815 2860 5869 b.
