4054 6412
388 442 494 501 569

1424 449 1511 504 DE
1548 451 1928 507 TRINITATE
1965 451 2172 507 LIBER
2212 441 2595 514 SECUNDUS.

3553 454 3617 510 57
3623 446 3661 508 θ’

395 559 948 631 σδμμνημονεῦεσθαι
999 562 1150 625 αὐτὸ,
1205 562 1280 627 ὡς
1332 564 1424 616 τὸν
1473 566 1795 619 Ἀπόστολον
1850 568 1980 637 περὶ

2103 573 2299 626 ‘icltat?
2322 571 2783 639 Quemadmodum
2812 568 2955 624 enim
2991 583 3055 622 ex
3084 582 3149 621 eo
3195 567 3334 638 quod
3373 565 3659 637 Scriptura

392 652 504 704 τῶν
528 652 593 703 ἐκ
615 651 1037 720 παλιγγενεσίας
1057 655 1260 725 ἀρτίων
1282 654 1553 722 γενέσθαι,
1583 657 1678 709 καὶ
1704 656 1798 711 τοῦ
1829 656 1982 727 παρὰ

398 742 580 797 πάντα
615 742 875 813 μεγίστου
901 743 1320 817 κατορθώματος
1344 745 1646 800 ἀπολαῦσαι
1675 747 1985 819 προσδοκω-

405 833 601 905 μένων,
632 834 936 902 ἀναφωνεῖν
954 850 968 864 ⁸
1006 854 1025 886 ι
1060 835 1248 900 Ὅπως
1273 835 1500 906 γένησθε
1525 838 1645 889 κατ’
1674 837 1857 890 είκόνα
1887 836 1982 891 τοῦ

406 925 691 988 κτίσαντος
717 926 859 997 ὑμᾶς
883 945 896 956 ·
931 946 949 977 ι
997 927 1358 999 προφητεύειν
1389 927 1447 980 δέ
1486 928 1579 980 καὶ
1613 928 1705 979 τὸν
1734 926 1896 979 Δαυῒδ
1929 926 1986 980 ἐν

411 1024 494 1088 pol
529 1015 755 1086 ψαλμῷ·
798 1036 816 1067 ι
858 1017 1001 1079 Λαὸς
1052 1020 1080 1071 6
1128 1016 1444 1088 κτιζόμενος
1498 1018 1700 1071 αἰνέσει
1744 1017 1835 1070 τὸν
1876 1016 1988 1071 Κύ-

416 1126 554 1180 ριον.
586 1127 604 1159 ι
637 1110 698 1161 El
744 1108 878 1180 μηδὲ
927 1109 1208 1164 κοινωνίαν
1257 1109 1466 1172 οὐσίας,
1512 1111 1607 1163 καὶ
1650 1109 1986 1181 κυριότητος,

418 1202 514 1253 καὶ
547 1201 816 1271 ἐνεργείας
844 1196 988 1271 εἶχεν
1029 1201 1165 1272 πρὸς
1200 1201 1291 1254 τὸν
1323 1201 1538 1272 Πατέρα
1582 1202 1677 1255 καὶ
1707 1201 1843 1273 πρὸς
1875 1201 1988 1264 τὸν,

427 1310 447 1341 ι
486 1294 561 1344 Δι’
590 1287 650 1346 οὗ
669 1291 736 1345 τά
771 1292 946 1346 πάντα
976 1292 1213 1360 ἐγένετο,
1253 1311 1271 1345 ι
1306 1292 1456 1353 Υίὺν,
1489 1292 1589 1345 οὐκ
1619 1291 1686 1346 ἂν
1717 1291 1989 1345 ἀνεκαίνι-

420 1380 481 1445 ζε
540 1383 631 1435 καὶ
698 1383 913 1452 ἠγίαζε.
956 1384 1047 1436 Διὸ
1092 1383 1190 1435 σὺν
1241 1381 1320 1454 τῷ
1357 1383 1609 1453 παναγίῳ
1651 1382 1928 1453 Πνεῦματι
1964 1384 1993 1436 6

417 1474 669 1546 Χριστὸς,
707 1474 844 1546 μετά
866 1475 964 1547 τὴν
1002 1475 1314 1539 ἀνάστασιν,
1346 1476 1436 1529 τὸν
1465 1475 1738 1548 φθαρέντα
1763 1479 1831 1547 τῇ
1852 1493 1993 1547 παρ-

414 1569 551 1637 ακοῇ
583 1565 865 1637 ἄνθρωπον
893 1566 1195 1631 ἀνακτίζων
1232 1567 1328 1621 καὶ
1362 1566 1623 1635 ἁγιάζων,
1648 1567 1883 1636 ἐνεφύσα
1915 1569 1995 1631 είς

414 1655 489 1708 τὰ
534 1656 800 1726 πρόσωπα
848 1657 955 1711 τῶν
1011 1654 1285 1727 μαθητῶν,
1327 1657 1421 1711 καὶ
1457 1657 1678 1726 ἔλεγεν
1715 1678 1734 1710 ι
1782 1657 1994 1711 Λάϐετε

417 1746 643 1817 Πνεῦμα
662 1746 817 1817 ἁγιον
839 1766 853 1780 ·
892 1768 911 1801 ι
939 1748 1161 1819 πληρῶν
1178 1750 1272 1802 τοῦ
1301 1750 1497 1820 Ναοὺμ
1518 1748 1875 1820 προφητείαν,
1896 1750 1994 1819 τὴν

418 1839 525 1892 ὑπὸ
560 1840 925 1911 ἀκατασχέτου
964 1840 1152 1904 πόθου,
1187 1841 1280 1895 τοῦ
1309 1843 1443 1914 πρὸς
1477 1842 1539 1895 τὸ
1563 1842 1798 1912 ἄμετρον
1832 1839 1994 1894 καλὸν

416 1929 513 1983 τοῦ
536 1930 878 2000 πράγματος,
910 1931 972 1985 τὸ
994 1932 1354 2003 γενησόμενον
1383 1933 1458 1995 ὡς
1484 1933 1584 2003 ἤδη
1625 1931 1994 2003 πραττόμενον
2028 1921 2067 1976 Β

417 2019 778 2092 διηγουμένην
802 2037 815 2049 ⁸
854 2039 874 2073 ι
920 2022 1109 2092 Ἀνέϐη
1141 2023 1207 2075 ἐκ
1232 2022 1333 2092 τῆς
1360 2022 1465 2093 γῆς
1493 2025 1522 2076 6
1547 2021 1806 2093 ἐμφυσῶν
1834 2024 1915 2085 είς
1937 2021 1996 2074 τὸ

420 2112 712 2182 πρόσωπόν
757 2129 871 2179 σου⁹
923 2114 1018 2168 καὶ
1054 2114 1441 2185 ἐξαιρούμενός
1481 2131 1539 2167 σε
1582 2117 1647 2168 ἐκ
1681 2113 1931 2185 θλίψεως.
1973 2133 1991 2165 ι

422 2204 546 2256 Ὀτι
596 2203 653 2256 δὲ
705 2203 885 2258 κτίσαι
938 2205 1085 2258 ἐστὶν
1130 2206 1225 2259 καὶ
1278 2204 1370 2277 [34
1400 2204 1451 2277 b]
1489 2205 1551 2258 τὸ
1585 2206 1829 2274 ἁγιάσαι,
1860 2206 1998 2277 ὅπερ

421 2295 597 2346 ποιεῖν
653 2295 860 2362 πέφυκε
918 2293 979 2347 τὸ
1008 2294 1185 2348 θεῖκὺν
1225 2293 1470 2365 Πνεῦμα,
1512 2294 1677 2349 Δαυῖδ
1709 2297 1995 2367 μαρτυρεῖ,

419 2380 664 2453 ψάλλων·
714 2403 732 2435 ι
768 2384 1010 2455 Καρδίαν
1074 2384 1322 2457 καθαράν
1389 2385 1571 2439 κτίσον
1635 2387 1694 2438 ἐν
1751 2387 1911 2457 ἐμοὶ,
1972 2388 2003 2440 6

420 2472 587 2535 ϐιός
629 2492 649 2525 ι
684 2474 824 2526 τοῦτ’
854 2474 1021 2540 ἔστιν,
1054 2475 1302 2543 Ἀγίασόν
1334 2492 1423 2547 με,
1449 2476 1515 2529 ἵν’
1537 2476 1999 2548 ἀνακαινισθείην,

422 2563 792 2637 καταφθαρεὶς
828 2569 894 2638 τῇ
941 2569 1185 2640 ἁμαρτίᾳ
1205 2584 1217 2596 ·
1258 2569 1381 2621 ἐπεὶ
1414 2569 1531 2632 πῶς
1558 2567 1625 2622 ἂν
1655 2567 1805 2641 αὐτῷ
1841 2570 2003 2641 ἐτέρα

424 2654 647 2725 ἐκτίσθη
677 2657 904 2727 καρδία;
934 2659 1247 2731 Συμφράζει
1273 2677 1334 2714 τε
1360 2662 1534 2734 τούτῳ
1557 2678 1571 2692 ·
1603 2683 1622 2714 ι
1650 2664 1759 2716 Καὶ
1780 2663 2004 2733 Πνεῦμα

425 2746 582 2810 εὺθὲς
611 2749 916 2816 ἐγκαίνισον
959 2753 1017 2805 ἐν
1065 2755 1176 2816 τοῖς
1227 2753 1480 2821 ὲγκάτοις
1513 2771 1645 2825 μου·
1682 2774 1702 2805 ι
1732 2755 1854 2808 ἀντὶ
1884 2754 2001 2821 τοῦ,

426 2836 502 2889 Τὸ
548 2839 722 2893 πάντα
772 2841 1081 2914 ὑπερφέρον
1129 2843 1424 2916 σεόἀσμιόν
1482 2862 1576 2899 σου
1632 2845 1860 2917 Πνεῦμα
1902 2864 2006 2899 πα-

429 2929 635 2999 ράσχου
672 2948 780 3001 μοι.
816 2933 950 2998 Ἵνα,
983 2934 1166 3005 φησὶν,
1193 2934 1270 3006 τῷ
1298 2935 1554 3006 ἁγιασμῷ
1581 2935 1743 2989 αὑτοῦ
1768 2935 2008 3007 καθαρὸς

429 3021 746 3090 ἀναφανεὶς,
779 3023 1026 3094 γένωμαι
1067 3027 1193 3090 ναὸς
1247 3027 1412 3081 αὐτοῦ
1451 3027 1620 3094 ἄξιος.
1671 3030 1762 3081 Ἐκ
1804 3028 1913 3098 γὰρ
1944 3029 2007 3100 δὴ

437 3111 603 3182 μόνης
627 3114 723 3183 τῆς
743 3113 905 3167 αὑτοῦ
932 3116 1026 3169 καὶ
1049 3117 1140 3170 τοῦ
1164 3117 1291 3171 Υἱοῦ
1319 3135 1411 3171 σου
1436 3120 1778 3182 ἐπιστασίας,
1799 3120 1892 3171 καὶ
1914 3119 2010 3171 αὺ-

434 3204 544 3267 τὺς,
574 3204 838 3269 Δέσποτα,
875 3210 1256 3282 κατασημαίνῃ
1287 3212 1441 3281 ἡμῖν,
1487 3212 1583 3264 καὶ
1626 3212 1840 3265 πάντων
1874 3210 2008 3274 ἄκος

436 3294 696 3366 δεχόμεθα
718 3299 923 3363 κακῶν,
959 3301 1053 3354 καὶ
1074 3303 1130 3353 ἐν
1154 3301 1363 3355 ἐλπίσιν
1394 3301 1638 3372 βεϐαίαις
1659 3300 1859 3365 παντὸς
1880 3302 2011 3354 αίω-

439 3384 551 3437 νίου
581 3387 837 3458 γινόμεθα
864 3389 1090 3457 ἀγαθοῦ.
1128 3391 1401 3461 Ἐμφανὲς
1423 3392 1532 3461 γάρ
1561 3392 1711 3462 ἡμῖν,
1733 3391 1816 3444 ὅτι
1849 3390 2010 3444 Δαυῒδ

437 3478 569 3531 αὗτὸ
599 3478 798 3544 ἐξαιτεῖ
835 3482 1244 3553 ἐγκαινισθῆναι
1297 3484 1445 3556 αὐτῷ
1468 3500 1481 3513 ο
1514 3484 1634 3537 ἐπεὶ
1685 3484 1805 3548 πῶς
1838 3484 1904 3538 ἂν
1950 3485 2012 3538 τὸ

438 3565 538 3637 ἤδη
576 3566 634 3620 ὃν
667 3567 816 3639 αὐτῷ
855 3570 1097 3642 Πνεῦμα,
1129 3572 1205 3637 ὡς
1247 3572 1371 3646 ἀρτι
1405 3575 1492 3627 ἐπ’
1522 3574 1681 3629 αὐτὸν
1719 3576 2013 3646 ἐρχόμενον

2086 667 2151 719 de
2174 665 2307 720 Filio
2328 667 2468 719 dicat
2498 665 2550 717 in
2577 661 2695 716 Jobi
2725 662 2880 724 libro,
2915 679 2933 711 ι
2966 659 3065 727 Qui
3101 660 3341 713 extendit
3367 658 3442 730 (l)
3464 662 3658 712 uelum

2087 755 2257 818 solus,
2298 774 2317 807 ι
2364 771 2393 806 a
2439 754 2717 808 creatione
2761 767 2866 804 non
2904 750 3145 803 excludit
3181 748 3354 810 illum,
3395 766 3413 798 ι
3448 763 3515 802 ex
3552 764 3659 817 quo

2086 826 2289 911 Omnia,
2321 855 2376 899 et
2409 844 2464 897 in
2517 857 2621 910 quo
2665 842 2845 894 omnia
2876 859 2895 891 ι
2931 839 3228 893 constituta
3275 847 3422 901 sunt,
3471 851 3663 906 nempe

2087 939 2302 993 Patrem
2330 936 2589 1005 (alioquin
2621 932 2891 1003 quomodo
2924 933 3038 985 haec
3076 931 3184 998 jatu
3222 945 3347 983 vera
3387 944 3506 983 esse
3537 945 3662 998 pus-

2089 1030 2322 1098 sent?);
2356 1031 2426 1081 ita
2476 1041 2648 1095 neque
2706 1024 2786 1078 fas
2837 1032 2922 1078 est
2959 1023 3218 1091 Spiritum
3271 1021 3572 1089 sapientiae,
3610 1029 3666 1074 et

2090 1122 2327 1183 virtutis,
2352 1115 2407 1173 et
2433 1117 2759 1179 sanctitatis,
2800 1115 3060 1183 Spiritum
3091 1113 3300 1168 scilicet
3336 1111 3449 1177 Dei,
3478 1110 3666 1166 exclu-

2092 1217 2219 1268 dere
2256 1214 2324 1266 ab
2359 1225 2423 1265 eo
2451 1220 2509 1263 ut
2532 1207 2691 1263 simul
2717 1223 2837 1262 cum
2874 1208 2981 1262 Deo
3012 1217 3229 1261 creator
3269 1205 3361 1260 sit.
3406 1206 3665 1272 Quantam

2091 1320 2220 1360 vero
2243 1306 2308 1374 ad
2344 1305 2444 1357 hoc
2476 1301 2806 1372 probaudmn
2842 1300 3049 1354 firmior
3077 1299 3468 1353 demonstratio
3505 1312 3668 1353 exco-

2092 1397 2249 1468 gitari
2283 1404 2482 1465 potest,
2512 1409 2670 1461 quant
2709 1392 2853 1462 quod
2895 1391 3138 1460 quotidie
3160 1390 3236 1462 (2)
3262 1401 3518 1459 operatur
3539 1388 3668 1460 Spi-

2095 1492 2229 1546 ritus
2264 1488 2379 1553 Dei,
2410 1489 2536 1541 dum
2560 1486 2613 1539 in
2641 1485 2910 1554 baptismo
2943 1494 3186 1548 renovat,
3227 1494 3282 1536 et
3340 1480 3665 1546 sanctificat,

2093 1594 2148 1638 et
2173 1582 2235 1636 ad
2263 1580 2717 1647 prata-lautiorem.
2748 1591 2811 1631 ac
2843 1576 3072 1645 primani
3109 1575 3231 1628 vita:
3257 1573 3483 1628 formam
3511 1586 3668 1627 revo-

2095 1684 2184 1729 cat
2211 1670 2328 1745 (3)?
2363 1670 2417 1725 Id
2450 1671 2595 1723 enim
2645 1666 2734 1721 illa
2773 1667 2935 1720 etiam
2979 1664 3206 1721 formula
3236 1664 3525 1734 significat,
3561 1676 3670 1731 qua

2097 1762 2211 1831 ipse
2240 1776 2346 1816 una
2378 1776 2499 1814 cum
2538 1759 2698 1813 Patre
2727 1770 2779 1812 et
2800 1758 2938 1811 Filio
2964 1757 3016 1811 in
3045 1756 3314 1825 baptiSmo
3343 1768 3671 1820 commemo-

2097 1864 2289 1912 ratur:
2322 1852 2457 1907 adeo
2507 1861 2563 1904 ut
2607 1849 2897 1920 Apostolus
2926 1848 2993 1902 de
3040 1847 3127 1911 iis,
3158 1845 3249 1915 qui
3275 1860 3338 1899 ex
3367 1858 3671 1913 regenera-

2100 1948 2242 2002 tione
2287 1943 2501 2014 integri,
2536 1959 2597 1996 ac
2624 1941 2843 2011 perfecti
2871 1939 3007 2003 fieri,
3038 1948 3113 2001 et,
3138 1937 3402 1992 donorum
3426 1937 3669 1991 omnium

2099 2039 2359 2103 maximo,
2404 2036 2863 2105 redintegratione
2912 2034 3015 2089 frui
3059 2041 3302 2103 sperant,
3352 2031 3618 2085 exclamet
3654 2049 3669 2083 :

2102 2151 2121 2185 ι
2152 2132 2224 2188 Ut
2249 2132 2367 2186 sitis
2390 2130 2464 2200 (4)
2497 2129 2787 2184 secundum
2827 2127 3113 2197 imaginem
3159 2126 3295 2192 ejus,
3333 2127 3422 2195 qui
3466 2125 3676 2180 creavit

2099 2238 2226 2288 vos;
2263 2243 2281 2276 ι
2321 2220 2491 2276 David
2517 2229 2692 2275 autem
2730 2234 2945 2289 quoque
2984 2220 3037 2273 in
3081 2233 3130 2273 Cl
3174 2217 3379 2288 psalmo
3425 2217 3504 2272 sic
3547 2231 3676 2285 pro-

2101 2317 2290 2383 phetet
2326 2327 2342 2367 :
2382 2333 2399 2364 ι
2426 2312 2659 2380 Populus
2695 2311 2771 2383 (5)
2799 2311 2890 2380 qui
2936 2323 3172 2375 creatur,
3204 2308 3445 2362 laudabit
3494 2305 3679 2361 Domi-

2101 2425 2254 2463 num.
2298 2426 2318 2460 ι
2363 2406 2473 2461 Nisi
2514 2419 2852 2460 communem
2881 2402 3108 2457 haberet
3148 2401 3462 2463 essentiam,
3486 2409 3542 2453 et
3576 2398 3678 2451 do-

2104 2500 2476 2565 minationem,
2512 2507 2566 2553 et
2589 2497 2957 2567 operationem
2986 2510 3107 2550 cum
3141 2492 3322 2558 Patre,
3352 2503 3404 2547 et
3433 2507 3554 2545 cum
3587 2504 3676 2554 eo,

2104 2609 2199 2663 per
2228 2607 2386 2663 quem
2418 2589 2597 2642 omnia
2640 2589 2776 2641 facta
2825 2595 2973 2650 sunt,
3012 2600 3202 2654 nempe
3237 2582 3409 2648 Filio;
3446 2598 3551 2635 non
3595 2596 3681 2635 re-

2107 2695 2349 2750 novaret,
2382 2698 2479 2738 nec
2509 2682 2893 2738 sanetit’icaret.
2936 2679 3140 2734 Idcirco
3177 2687 3295 2748 post
3322 2673 3683 2730 resurrectio-

2107 2810 2229 2849 nem
2247 2790 2493 2847 Christus
2519 2797 2829 2855 corruptum
2850 2799 2945 2855 per
2962 2782 3376 2839 inobedieutiam
3409 2779 3680 2834 hominem

2109 2915 2215 2955 una
2243 2914 2364 2953 cum
2399 2893 2741 2951 sanctissimo
2775 2891 2976 2959 Spiritu
3011 2886 3201 2943 rursus‘
3226 2898 3438 2951 creans,
3470 2893 3525 2939 et
3554 2898 3684 2937 san-

2108 2992 2374 3053 ctificans,
2413 2985 2703 3042 insuﬂlavit
2735 2985 2786 3038 itt
2825 2981 2993 3037 facies
3037 2978 3451 3048 discipulorum,
3502 2986 3558 3030 et
3587 2975 3684 3041 ait,

2117 3104 2137 3138 ι
2171 3083 2412 3153 Accipite
2436 3080 2511 3153 (6)
2545 3078 2809 3149 Spiritum
2842 3085 3115 3137 sanctum,
3153 3091 3171 3124 ι
3212 3070 3439 3140 impletis
3470 3068 3571 3122 hac
3596 3084 3686 3121 ra-

2113 3179 2259 3231 tione
2300 3172 2529 3227 Nahumi
2570 3166 2931 3237 prophetiam,
2981 3177 3103 3233 quae
3161 3163 3230 3216 ob
3286 3159 3575 3213 Vehemens
3622 3171 3688 3210 ac

2036 3291 2079 3346 ο
2114 3268 2315 3326 elfrene
2343 3264 2691 3322 desiderium,
2715 3274 2823 3329 quo
2846 3260 2897 3311 in
2932 3257 3250 3310 immensam
3284 3252 3359 3305 rei
3391 3248 3687 3320 pulchritu-

2112 3363 2291 3417 dinem
2332 3356 2603 3412 ferebatur
2644 3352 2927 3421 propheta,
2971 3358 3027 3401 ttt
3075 3347 3186 3416 jam
3233 3344 3432 3397 factum
3468 3347 3688 3395 enarrat

2112 3453 2254 3525 quod
2295 3448 2599 3504 faciendum
2644 3454 2760 3501 erat
2795 3459 2810 3498 :
2848 3461 2865 3493 ι
2908 3439 3166 3496 Ascendit
3191 3437 3267 3508 (7)
3298 3451 3361 3489 ex
3393 3444 3561 3496 terra,
3595 3430 3687 3501 qui

2115 3546 2350 3604 insufﬂat
2374 3545 2428 3598 in
2458 3541 2649 3596 faciem
2677 3549 2843 3603 tuam,
2872 3545 2928 3590 et
2949 3534 3091 3589 eruit
3111 3542 3163 3587 te
3190 3546 3253 3585 ex
3291 3527 3685 3583 tribulatione.»

440 3629 827 3725 ἐνεκαινίζετο;
869 3629 1027 3732 Ἀλλά
1075 3629 1395 3735 καὶτμεέζον
1451 3666 1545 3721 καὶ
1590 3629 2003 3739 ἀναγκαιότεραι

2116 3652 2268 3720 Quod
2303 3658 2481 3703 autem
2528 3642 2885 3701 sanctiﬁcatio
2931 3638 3113 3708 (quam
3152 3642 3410 3705 prmstare
3455 3629 3692 3699 Spiritus

439 3749 499 3802 τὸ
530 3720 871 3820 ἁγιάσαι-τοῦ
908 3720 1513 3827 έημιουργῆισαιψείδυία
1558 3760 1590 3830 ἡ
1639 3720 1851 3831 Γραφὴ,
1889 3720 2003 3831 τέερἺ

2117 3744 2291 3800 sancti
2332 3739 2436 3807 est)
2487 3740 2558 3793 sit
2591 3736 2814 3801 creatio,
2860 3739 3093 3785 testatur
3141 3726 3300 3798 187
3339 3723 3506 3779 David
3548 3720 3696 3788 psal-

440 3842 533 3896 τοῦ
563 3844 921 3911 ἀπολέσαντος
950 3815 1039 3900 τὸν
1072 3815 1342 3919 ἁγιασμὸν
1371 3815 1602 3905 ἐλεεινοῦ
1645 3815 2015 3905 ’Ῑούέαθεῖπενο
2121 3830 2236 3891 Ιυιίε
2262 3853 2277 3890 ε
2312 3853 2331 3886 ί
2354 3830 2547 3903 007(3)
2576 3829 2830 3883 ηηηιάυηι
2866 3839 2989 3879 (“1'83
3016 3823 3067 3876 ίιὶ
3095 3835 3198 3885 ηιθν
3232 3819 3404 3882 θεσυεῖ
3429 3833 3448 3866 ³
3468 3815 3572 3869 ιιοο
3589 3823 3694 3876 θεῖν

447 3953 466 3985 ι
506 3935 683 3989 Καλὸν
715 3933 781 4009 ἧν
803 3938 973 4009 αὐτῷ,
1001 3939 1049 3991 εί
1086 3911 1185 3992 οῦκ
1210 3911 1472 4011 ἐγεννήθη
1503 3942 1530 3994 6
1556 3939 1839 4012 ἅνθρωπος
1871 3942 2003 3993 ἐκεῖ·

2121 3924 2400 3981 sanctiﬁca
2439 3936 2545 3987 me,
2582 3931 2641 3973 ut
2675 3931 2922 3978 renover,
2965 3929 3088 3969 cmn
3138 3918 3361 3980 peccato
3411 3911 3698 3974 corruptus

441 4046 563 4092 νος.
606 4048 626 4080 ι
682 4029 931 4100 Ἐπειδὴ,
992 4029 1183 4099 φησὶν.
1244 4030 1497 4084 ἁπάντων
1559 4030 2003 4102 ἀσυμφορώτατω

2122 4018 2265 4073 sim:
2294 4013 2531 4084 alioquin
2574 4009 2846 4081 quomodo
2880 4006 3024 4059 aliud
3068 4018 3162 4058 cor
3195 4001 3295 4071 ipsi
3327 4008 3573 4055 creatum
3613 3995 3697 4051 fo-

445 4121 675 4193 επραξε,
704 4124 798 4177 καὶ
828 4098 916 4176 τὸν
951 4125 1227 4196 Δεσπότην
1259 4125 1374 4178 ἀντ’
1401 4125 1613 4190 οὐδενὸς
1841 4124 2003 4178 ἀπέδο

2126 4117 2243 4171 ret?
2277 4114 2651 4171 Cousentanea
2689 4125 2817 4164 vero
2864 4117 2990 4162 sunt
3033 4121 3153 4174 qua:
3187 4102 3366 4173 jungit
3399 4098 3696 4167 superiori.

446 4188 531 4278 το,
584 4214 677 4267 καὶ
716 4214 814 4285 τὴν
842 4214 986 4286 ζωὴν
1023 4188 1300 4288 ἀργυρίων
1340 4188 1629 4285 quaem.
1669 4218 1781 4270 Καὶ¹
1828 4216 1892 4288 δὴ
1929 4218 2003 4270 κα’

2127 4211 2263 4262 bus:
2297 4224 2316 4257 t
2349 4205 2413 4258 Et
2443 4203 2702 4271 Spiritum
2732 4210 2961 4259 rectum,
2985 4194 3180 4264 ittquit,
3212 4194 3407 4247 inttova
3442 4192 3497 4243 itt
3529 4188 3703 4241 visce~

450 4308 581 4377 περὶ
613 4307 709 4379 τῆς
747 4279 805 4359 ἐν
838 4310 901 4379 τῇ
934 4279 1467 4380 ἀρρητωρίκονομίᾳ
1493 4279 1749 4380 όουλικῆς
1788 4279 2001 4380 μομφῆς

2128 4300 2278 4355 ribus
2317 4297 2490 4352 meis:
2526 4313 2547 4345 ι
2595 4294 2645 4346 id
2685 4300 2770 4346 est
2817 4288 3180 4354 venerandum
3229 4295 3379 4337 tuum
3412 4279 3698 4349 Spiritum,

452 4399 581 4467 περὶ
618 4393 685 4470 ἧς
733 4378 897 4468 λέγειν
939 4378 1192 4472 Ἰωάννης
1223 4400 1323 4471 μέν
1345 4378 1408 4451 ’γι
1439 4378 1547 4454 Καὶ
1588 4402 1616 4454 6
1650 4378 1822 4469 Λόγος
1862 4378 2003 4470 Ῠσάρέ

2128 4400 2306 4454 omnia
2358 4395 2834 4451 tranet-cudentem
2877 4405 2939 4444 ac
2978 4384 3511 4458 przetergredientem
3567 4378 3702 4434 mihi

451 4492 665 4558 ἐγένετο
688 4506 702 4519 ο
734 4511 753 4542 ι
792 4490 1000 4555 Παῦλος
1035 4491 1119 4545 δέ·
1148 4470 1181 4544 Ῠι
1223 4470 1446 4546 Ἑαυτὸν
1493 4493 1777 4556 ἐκένωσεν,
1811 4493 2003 4563 μορφὴε

2130 4492 2344 4563 largire,
2373 4500 2429 4543 ut
2459 4488 2577 4557 ejus
2604 4486 2810 4540 scilicet
2851 4478 3276 4535 sanctilicatioue
3304 4473 3594 4529 mundatus
3619 4470 3706 4525 di-

450 4581 637 4635 δούλου
682 4581 889 4636 λαϐὼν
930 4602 949 4635 ι
988 4584 1017 4636 6
1054 4583 1152 4654 μὲν
1196 4582 1447 4654 Σολομὼν
1486 4579 1674 4636 εἶπεν·
1706 4603 1725 4635 ι
1767 4584 1831 4636 ἸΙ
1867 4584 2003 4652 σοφίε

2103 4600 2294 4655 ·ίςιιιιιιι
2330 4583 2472 4636 illius
2508 4578 2762 4648 templum
2799 4573 3034 4636 elliciar;
3086 4585 3208 4624 nam
3256 4583 3337 4643 ex.
3356 4566 3468 4620 sola
3510 4564 3700 4634 ipsius,

450 4673 796 4745 ᾠκοδόμησεν
844 4675 1010 4747 ἑαυτῇ
1042 4671 1219 4729 οἶκονο
1267 4693 1287 4726 ι
1330 4676 1358 4728 ὁ
1406 4674 1463 4727 δὲ
1505 4674 1803 4739 Ματθαῖος,
1847 4674 1932 4727 διὰ
1969 4676 2003 4727 τέ

2136 4688 2188 4731 et
2222 4674 2341 4730 Filii
2377 4673 2449 4726 lui
2485 4667 2882 4741 gubernatione
2923 4679 2988 4718 ac
3021 4659 3365 4732 prmsidentia
3403 4668 3456 4711 tu
3488 4670 3704 4725 quoque

451 4766 646 4821 ταυτὸν
696 4766 795 4849 τῆς
836 4765 1022 4838 θεῖκῆς
1074 4767 1288 4837 φύσεως
1334 4767 1430 4820 καὶ
1477 4765 1758 4837 ἐνεργείας
1820 4766 2002 4832 ἐξέθετ

2136 4766 2313 4828 nobis,
2354 4762 2603 4824 Domine,
2635 4756 2887 4828 signaris,
2930 4764 2985 4809 et
3028 4752 3292 4806 malorum
3332 4747 3571 4804 omnium
3624 4760 3709 4798 rc-

452 4856 549 4909 ῶδὶ
569 4872 585 4885 ο
617 4876 635 4907 ι
670 4842 774 4909 Τοῦ
804 4856 859 4909 δὲ
898 4856 1071 4927 Ἰησοῦ
1102 4855 1340 4928 Χριστοῦ
1379 4858 1412 4928 ή
1445 4856 1700 4927 γέννησις
1731 4854 1902 4919 οὕτως
1930 4851 1998 4927 ἦν

2138 4857 2369 4910 medium
2418 4852 2734 4921 accipimus,
2766 4857 2823 4902 et
2879 4845 3091 4899 firmam
3137 4856 3287 4912 spem
3320 4840 3579 4894 habemus
3612 4852 3712 4891 cu.

452 4946 897 5018 Μνηστευθείσης
920 4926 1017 5019 τῆς
1049 4926 1255 5019 μητρὸς
1291 4926 1461 5020 [85
1504 4926 1669 5001 αὐτοῦ
1700 4946 1919 5015 Μαρίας
1957 4926 2003 4999 τι

2130 4946 2357 5018 juslibet
2406 4942 2593 4998 aeterni
2643 4939 2791 4995 boni.
2823 4938 2974 5003 Quod
3016 4935 3160 4990 enim
3214 4930 3378 4987 David
3428 4929 3571 4984 hunc
3608 4926 3710 4982 sibi

470 5040 688 5109 Ἰωσὴφ,
725 5040 888 5112 πρινὴ
923 5018 1197 5093 συνελθεῖν
1231 5018 1457 5104 αὐτοὺς
1478 5040 1676 5111 εὑρέθη
1726 5041 1785 5092 ἐν
1832 5055 2003 5110 γαστρ

2140 5035 2393 5090 renovari
2442 5034 2697 5103 postulet,
2740 5029 3082 5083 manifestum
3120 5035 3236 5087 est;
3283 5038 3407 5076 nam
3442 5018 3714 5089 quomodo

457 5131 654 5200 ἔχουσα
690 5132 753 5186 ἐκ
787 5132 1098 5204 [Ινεύματος
1137 5132 1314 5200 ἁγίου.
1355 5151 1373 5183 ι
1415 5130 1526 5184 Καὶ
1557 5133 1585 5183 6
1611 5129 1946 5201 ἀρχάγγελος
1974 5129 2032 5183 δὲ

458 5221 567 5293 ἔφη
585 5237 599 5251 ·
631 5242 647 5273 ι
684 5222 755 5277 Τδ
774 5225 881 5296 γὰρ
903 5225 961 5277 ἐν
985 5225 1122 5295 αὐτῇ
1145 5222 1425 5294 γεννηθὲν,
1450 5224 1515 5276 ἐκ
1544 5222 1858 5294 Πνεύματός
1887 5223 2033 5275 ἐστιν

563 5402 610 5460 ll
649 5404 750 5470 Qui
770 5404 1019 5460 extendit.
1050 5402 1150 5458 Job
1185 5418 1262 5466 tx,
1284 5401 1331 5456 8.

555 5476 610 5543 2)
650 5475 916 5538 Quotidie.
953 5474 1086 5528 Vide
1117 5487 1287 5541 segm.
1322 5471 1422 5527 l25
1450 5472 1500 5526 b.

525 5539 605 5616 (3)
647 5545 891 5616 (lavacra.
929 5544 1061 5616 Vide
1081 5539 1237 5616 notas
1261 5543 1327 5595 ad
1348 5558 1515 5612 segni.
1544 5540 1648 5594 iu

527 5608 605 5685 (ὁ)
647 5615 720 5670 Ut
751 5615 887 5668 sitis.
936 5615 991 5668 lu
1041 5612 1228 5669 Bibliis
1269 5628 1371 5665 non
1411 5608 1787 5685 'exstanthaac
1820 5608 2035 5685 adrer-

456 5677 612 5750 buin',
643 5696 701 5739 ιιι
721 5696 870 5754 puto.
897 5685 1039 5739 Citat
1085 5698 1214 5752 ergo
1244 5696 1461 5754 sensum
1512 5696 1578 5754 ex
1620 5680 1792 5754 Epist1
1829 5681 1895 5754 ad
1929 5677 2035 5754 (ξος

458 5749 603 5809 logs.
625 5749 836 5817 Infit).
873 5754 1005 5809 Vide
1036 5749 1206 5823 segni.
1239 5752 1341 5805 1ου
1368 5767 1422 5815 a,
1452 5751 1542 5805 ubi
1564 5765 1659 5822 pro
1681 5749 1847 5820 ὑμᾶς,
1875 5750 2038 5805 habet

459 5823 631 5896 ἡμᾶς.
659 5837 714 5896 et
740 5839 909 5896 segm.
944 5822 1125 5896 118a.

536 5886 627 5967 (5)
652 5886 914 5965 Populus.
942 5892 1082 5948 Psal.
1110 5904 1183 5958 ct,
1215 5903 1354 5946 vers.
1392 5886 1474 5941 l9.

2138 5129 2207 5192 is,
2252 5142 2409 5199 quem
2460 5126 2571 5193 jam
2614 5124 2864 5187 habebat,
2902 5120 3127 5189 spiritus
3172 5118 3224 5169 in
3265 5130 3388 5168 eum
3429 5111 3591 5167 veluti
3627 5122 3715 5162 req

2140 5237 2270 5276 cens
2298 5219 2500 5283 venire,
2538 5232 2602 5271 ac
2633 5213 2881 5271 renovari
2917 5208 3165 5282 poterat?
3193 5208 3333 5274 Quin
3365 5205 3528 5261 etiam
3567 5199 3718 5258 Scri~

2136 5414 2143 5427 ‘
2211 5398 2287 5468 (6)
2331 5396 2586 5468 Accipite.
2618 5393 2900 5468 loa_n._xx,
2931 5389 3024 5468 22.

2330 5446 2597 5540 Ziééad'ii.
2623 5446 2681 5540 ip
2708 5446 2930 5540 Vulganta
2968 5457 3215 5540 editione.
3237 5455 3433 5540 frustra
3458 5451 3610 5540 hunc
3633 5446 3720 5540 los

2139 5516 2522 5608 culti'qu—aaras.
2540 5516 2839 5608 inﬁrma"
2852 5526 3219 5608 (Iomplutensi
3243 5532 3429 5608 exstat
3458 5534 3597 5573 vers.
3632 5516 3706 5608 ul;

2292 5586 2517 5675 12.?)qu
2538 5586 2825 5666 (Ninum,
2857 5602 2910 5675 in
2958 5586 3083 5675 aliis
3127 5594 3453 5675 ettitimtilitts
3486 5603 3627 5668 vers.
3672 5586 3712 5675 ,ι

2292 5656 2670 5751 "ilbi-autem
2684 5656 2771 5727 sic
2888 5671 3045 5751 habet
3074 5684 3089 5720 :
3119 5664 3329 5751 ξᾼχέϐη
3353 5656 3614 5731 ἐμφυσῶν
3639 5656 3717 5727 είς

2141 5734 2431 5824 πρόσωπόν
2463 5762 2578 5824 σου,
2609 5741 2993 5824 ἐξαιρούμενρς
3021 5734 3368 5824 ἐκλθλξιὲεως.

2214 5822 2292 5892 (8)
2332 5819 2456 5872 Cor.
2497 5805 2899 5880 l‘s'al.'t.,'vers.
2930 5812 2989 5865 lt
3027 5815 3144 5881 (seu
3175 5805 3286 5860 12).
