4054 6462
440 445 536 500 571

1670 442 1915 500 DIDYMI
1953 439 2420 499 ALEXANDRINI

3589 442 3700 498 ατε

436 571 597 631 plura
640 564 777 616 cum
807 559 1280 631 {praestantiorem
1331 563 1611 634 magisque
1660 566 2019 621 necessariam

2135 561 2279 630 ὶγίου
2303 576 2317 592 ·
2348 579 2367 613 ι
2405 560 2499 614 καὶ
2524 559 2717 614 πάλιν⁴
2756 578 2776 610 ι
2808 558 3033 629 Πνεῦμα
3073 558 3226 628 ἅγιον
3281 558 3556 614 ἐλεύσεται
3611 557 3709 615 ἐπὶ

439 651 929 707 Sanctiﬁcationem
970 667 1091 709 esse
1121 662 1328 720 nosset,
1363 669 1523 723 quam
1550 658 1900 723 creationem,
1950 656 2019 711 de

440 744 738 800 miserabili
764 743 924 809 Juda,
965 747 1055 814 qui
1087 746 1565 801 sanctiticationem
1594 748 1876 811 amiserat,
1906 748 2015 801 ait:

444 852 467 888 ι
497 835 700 889 Bonum
728 834 804 907 (9)
859 844 978 889 erat
1015 836 1087 903 ei,
1143 836 1187 889 si
1245 847 1409 892 natus
1449 852 1552 892 non
1606 839 1800 896 fuisset
1852 840 2020 895 homo

440 926 573 992 ille;
608 945 627 978 ο
671 927 793 996 quia
830 926 1040 982 scilicet
1080 943 1193 983 rem
1225 931 1465 984 omnium
1502 932 2018 999 perniciosissimam

440 1019 698 1088 patravit,
732 1030 785 1073 et
821 1019 1124 1083 Dominum,
1156 1034 1184 1074 a
1224 1036 1331 1090 quo
1371 1023 1503 1078 nihil
1550 1025 1674 1078 mali
1717 1034 2018 1093 acceperat,

444 1111 688 1173 tradidit,
728 1121 784 1165 et
838 1127 982 1177 eum,
1023 1113 1112 1181 qui
1164 1113 1272 1166 vita
1323 1126 1426 1181 est,
1479 1126 1713 1186 argento
1758 1115 2018 1171 vendidit.

442 1203 605 1272 Atqui
646 1203 810 1257 etiam
846 1204 911 1257 de
955 1214 1231 1274 assumpta
1262 1206 1315 1259 in
1356 1205 1613 1261 inelfabili
1643 1207 2023 1262 Incarnatione

445 1295 628 1349 servili
669 1295 841 1349 forma
883 1293 970 1366 (de
1014 1311 1117 1364 qua
1161 1296 1397 1353 Joannes
1445 1299 1663 1367 quidem
1721 1299 1796 1353 ait
1845 1317 1859 1353 :
1899 1317 1918 1350 ι
1959 1298 2025 1352 Et

448 1384 683 1440 Verbum
716 1385 830 1455 (10)
885 1401 1012 1440 caro
1076 1386 1275 1443 factum
1334 1398 1500 1457 estp
1543 1388 1742 1443 Paulus
1800 1398 2019 1443 autem:

450 1494 473 1528 ι
509 1476 869 1546 Semetipsum
913 1476 1023 1547 (11)
1058 1478 1374 1543 exinanivit,
1419 1477 1648 1533 turmam
1691 1479 1833 1533 servi
1882 1479 2026 1534 acci—

447 1564 676 1635 piens»)
709 1565 963 1622 Salomon
1010 1568 1144 1622 dixit
1181 1586 1195 1622 :
1234 1586 1254 1620 ι
1282 1566 1554 1637 Sapientia
1593 1567 1705 1637 (12)
1741 1567 2027 1621 aediﬁcavit

446 1656 552 1710 sibi
596 1658 857 1711 domum:
892 1676 911 1709 ι
956 1657 1244 1714 Mattheus
1287 1668 1417 1713 vero
1454 1659 1526 1712 ob
1566 1658 1901 1712 identitatem
1944 1660 2024 1713 di-

446 1746 587 1800 vina:
618 1755 849 1809 natum,
876 1753 932 1800 et
959 1747 1293 1817 operationis
1324 1747 1404 1800 sic
1426 1744 1539 1815 (15)
1570 1758 1690 1799 eam
1736 1747 2022 1815 exposuit:

2121 651 2202 715 σὲ,
2232 652 2327 706 καὶ
2357 651 2585 722 δύναμις
2618 649 2877 721 Ὑψίστου
2902 650 3212 704 ἐπισκιάσει
3240 667 3321 704 σοι
3343 666 3358 682 ·
3386 650 3468 704 διὸ
3516 652 3611 705 καὶ
3642 651 3707 704 τὸ

2119 741 2455 813 γεννώμενον
2477 742 2654 810 ἅγιον,
2676 741 2805 805 Tib;
2839 740 3094 809 Ὑψίστου
3118 739 3471 812 κληθήσεται.
3501 761 3520 794 ι
3558 743 3707 812 Μνη-

2123 831 2408 902 μονευτέον
2438 827 2553 893 οὖν,
2590 831 2670 884 ὅτι
2689 828 2778 884 διὰ
2808 829 2909 893 τὰς
2931 828 3217 900 αίρετικάς
3243 829 3555 900 ἀδολεσχίας
3604 831 3705 898 γέ-

2121 940 2268 977 νεσιν
2296 922 2661 995 προανέταξεν
2709 922 2811 992 τῆς
2840 921 3305 995 ὲνανθρωπήσεως
3343 922 3373 974 ὁ
3418 921 3705 991 εὐαγγελι-

2124 1014 2275 1085 στὴς,
2306 1012 2424 1068 εἶτα
2442 1014 2718 1084 γέννησιν.
2750 1012 3108 1085 Διασύροντες
3134 1012 3244 1085 γὰρ
3269 1012 3423 1084 ἡμῶν
3451 1013 3549 1075 τὰς
3573 1030 3707 1083 γρα-

2124 1108 2291 1178 φικὰς
2335 1107 2654 1171 ἀποδείξεις,
2694 1105 2942 1175 λέγουσιν
2988 1104 3296 1167 πευστικῶς
3320 1104 3447 1159 καθ’
3477 1106 3707 1177 ὑπόκρι-

2124 1213 2243 1249 σιν·
2277 1198 2402 1260 Tib;
2440 1193 2533 1250 οὖν
2560 1195 2654 1249 τοῦ
2694 1194 3011 1266 Πνεῦματός
3044 1198 3191 1249 ἐστιν
3229 1197 3258 1249 ὁ
3289 1196 3561 1266 Χριστόςς
3610 1213 3707 1248 πι-

2126 1289 2266 1351 στῶς
2294 1288 2415 1341 οὐδὲ
2442 1287 2618 1341 ταῦτα
2643 1285 2950 1353 ἀκούοντες,
2989 1286 3109 1340 οὐδὲ
3138 1282 3201 1340 τὸ
3240 1287 3372 1357 παρ’
3400 1287 3565 1341 αὐτοῦ
3589 1291 3707 1351 toi;

2123 1378 2444 1442 ἀποστόλοις
2477 1378 2764 1448 εἰρημένον
2788 1392 2802 1405 ·
2844 1395 2865 1429 ι
2907 1379 3023 1431 Οὐκ
3053 1377 3251 1442 οἴδατε,
3291 1377 3401 1430 οἵου
3449 1377 3707 1448 Πνεῦμα·
3742 1416 3747 1419 λ

2124 1471 2215 1533 τός
2245 1472 2393 1523 ἐστιν
2423 1472 2452 1523 ὁ
2484 1469 2611 1532 Υἱὸς
2653 1467 2748 1521 τοῦ
2788 1466 3099 1540 ἀνθρώπου.
3133 1487 3153 1520 ι
3190 1468 3254 1522 Ei
3295 1464 3408 1530 οὖν,
3455 1470 3642 1542 ἐπειδὴ
3676 1471 3709 1523 ὁ

2125 1560 2315 1632 Πατὴρ
2354 1560 2491 1624 Θεὸς
2518 1559 2788 1631 ἀληθινὸς,
2818 1559 2908 1613 διὰ
2930 1559 3088 1612 τοῦτο
3136 1559 3229 1613 καὶ
3264 1562 3298 1631 ή
3330 1560 3575 1631 ἐνέργεια
3602 1562 3711 1615 αὑ-

2123 1653 2217 1707 τοῦ
2263 1653 2381 1707 θεία
2428 1654 2573 1706 ἐστὶν
2616 1652 2791 1725 πάντη
2823 1668 2882 1706 τε
2912 1652 3005 1706 καὶ
3038 1652 3287 1716 πάντως,
3317 1652 3504 1725 ἐπειδὴ
3531 1653 3711 1726 ταύτῃ

2128 1744 2217 1816 ῐση
2251 1744 2346 1797 καὶ
2372 1744 2537 1815 ὁμοία
2564 1744 2598 1813 ἠ
2628 1744 2880 1814 ἐνέργεια
2906 1740 3000 1795 τοῦ
3035 1743 3193 1812 ἁγίου
3237 1743 3552 1815 Πνεύματος
3580 1745 3716 1813 φαί-

450 1852 473 1889 ι
507 1835 633 1891 Jesu
665 1836 776 1907 (14)
816 1830 1031 1893 Christi
1056 1847 1237 1893 autem
1275 1835 1552 1906 generatio
1591 1836 1669 1890 sic
1713 1844 1852 1890 erat.
1890 1835 2024 1889 Cum

2135 1853 2303 1890 νεται·
2334 1835 2424 1889 διὰ
2463 1835 2621 1889 τοῦτο
2671 1836 2767 1890 καὶ
2811 1836 2945 1890 αὐτὸ
2972 1836 3106 1900 Θεὸς
3137 1836 3389 1907 ἀληθινὸς
3427 1837 3711 1907 τυγχάνει.

446 1939 595 1983 esset
645 1929 967 1997 desponsata
1018 1938 1194 1989 mater
1230 1929 1348 2000 ejus
1391 1926 1560 1982 Maria
1599 1926 1821 1997 .loseph,
1867 1937 2024 1982 ante-

2135 1929 2333 2001 Πρέποι
2383 1927 2441 1981 δὲ
2483 1926 2551 1980 ἂν
2589 1929 2683 1981 καὶ
2722 1929 2852 1999 περὶ
2900 1926 2997 1981 τοῦ
3036 1926 3165 1980 Υίοῦ
3207 1926 3470 1991 ὡσαύτως
3512 1928 3711 1980 εἰπεῖν.

447 2034 610 2087 quam
637 2020 1007 2085 convenirent,
1060 2019 1278 2074 inventa
1310 2029 1393 2073 est
1437 2017 1492 2072 in
1525 2027 1681 2073 utero
1712 2019 1917 2074 habens
1958 2019 2025 2074 de

450 2109 656 2179 Spiritu
697 2109 1333 2179 sanct0.iArt-hangelus
1366 2122 1495 2162 vero
1536 2107 1708 2177 inquit
1745 2124 1759 2160 :
1804 2124 1824 2159 ι
1873 2107 2026 2175 Quod

446 2205 593 2258 enim
627 2202 739 2274 (15)
773 2206 824 2257 in
867 2216 930 2257 ea
968 2211 1153 2257 natum
1171 2212 1318 2265 est,e
1338 2200 1542 2271 Spiritu
1571 2211 1760 2255 sancto
1791 2209 1902 2266 est;
1931 2218 1951 2253 ι
1973 2209 2027 2254 et

448 2308 678 2349 rursus:
713 2312 732 2343 ι
763 2293 996 2361 Spiritus
1035 2281 1144 2362 (16)
1178 2303 1395 2347 sanctus
1419 2291 1598 2347 veniet
1630 2307 1794 2361 super
1853 2304 1923 2358 te,
1973 2302 2028 2347 et

448 2384 626 2438 virtus
651 2383 917 2438 Altissimi
943 2385 1294 2438 obumbrabit
1337 2382 1430 2436 tibi
1469 2398 1482 2435 :
1516 2382 1636 2437 ideo
1669 2392 1725 2437 et
1748 2383 1890 2452 quod
1930 2398 2028 2436 na-

451 2488 638 2531 scetur
671 2474 957 2544 Sanctum,
987 2475 1158 2530 Filius
1194 2474 1456 2530 Altissimi
1496 2475 1797 2530 vocabitur.
1836 2493 1856 2526 ι
1891 2475 2027 2528 Illud

449 2584 582 2637 ergo
610 2570 866 2622 memoria
902 2570 1187 2622 tenendum
1222 2567 1385 2637 188
1420 2576 1540 2630 est,-
1556 2567 1939 2635 evangelistam
1961 2567 2029 2620 ob

451 2659 829 2714 li;creticnriitn
868 2675 1061 2729 nugas,
1105 2674 1238 2726 quas
1273 2659 1567 2725 loquaciter
1592 2656 2030 2721 eﬂ'utiinit,.ante

452 2750 886 2804 lnearnationem
920 2750 1167 2819 posuisse
1192 2746 1479 2816 originem,
1509 2747 1704 2802 deinde
1731 2747 2033 2817 generatio-

452 2857 599 2895 nem.
638 2841 714 2894 llli
748 2841 889 2894 enim
919 2840 1322 2908 Scripturarum
1357 2840 1667 2896 testimonia
1706 2855 1735 2894 a
1776 2841 1933 2894 nobis
1960 2840 2035 2893 al-

454 2933 563 2987 lata
599 2943 906 3000 carpentes,
940 2932 1193 2987 simulate
1238 2934 1317 2987 sic
1367 2947 1465 2987 nos
1506 2931 1977 3005 interrogant(17)
2015 2945 2031 2986 :

455 3025 667 3092 Ergone
709 3025 956 3078 Christus
1007 3034 1090 3079 est
1129 3024 1300 3078 Filius
1329 3024 1564 3093 Spiritus
1598 3024 1818 3078 sancti?
1853 3024 1932 3079 Ac
1968 3039 2034 3078 eo

455 3119 636 3181 modo,
665 3133 773 3186 quo
816 3116 1022 3168 ﬁdelem
1046 3117 1220 3179 decet,
1256 3130 1427 3184 neque
1467 3118 1582 3170 haec
1605 3114 1901 3184 accipiunt,
1938 3130 2036 3168 ne-

2138 2019 2290 2073 ’E1:ei
2319 2020 2392 2090 μή
2425 2035 2489 2088 γε
2525 2020 2629 2090 είή
2658 2018 2752 2073 τοῦ
2784 2020 2996 2091 Πατρὺς
3020 2018 3273 2089 ἐνέργεια
3296 2019 3395 2090 τῆς
3424 2018 3517 2071 τοῦ
3551 2016 3712 2080 Υίοῦ,

2124 2108 2157 2180 ἢ
2188 2109 2282 2162 τοῦ
2311 2110 2630 2181 Πνεύματος
2662 2108 2931 2180 ἀμείνων,
2955 2109 3008 2163 τί
3047 2109 3156 2181 γὰρ
3183 2110 3278 2162 κα)⁸
3321 2110 3457 2172 ὅλως
3488 2109 3718 2178 ἐνήργει

2123 2198 2187 2253 τὸ
2213 2199 2456 2271 Πνεῦμα,
2485 2201 2518 2272 ἢ
2546 2198 2575 2251 ὁ
2607 2200 2737 2263 Υἱὸς
2772 2202 2852 2265 είς
2888 2202 3067 2272 ἡμᾶς
3102 2202 3276 2255 καίτοι
3303 2200 3401 2272 τὴν
3428 2200 3593 2271 χείρω
3616 2202 3721 2252 ἔπιέ

2129 2291 2358 2360 ἁγοντες
2388 2293 2643 2364 δύναμιν,
2673 2295 2834 2364 εἴπερ
2861 2293 3134 2364 ἀνομοίως
3168 2293 3399 2365 ἔχουσιν,
3434 2293 3509 2356 ὡς
3541 2294 3588 2345 οἱ
3628 2294 3719 2346 αἱ-

2132 2384 2336 2454 ρετικοί
2370 2401 2554 2453 φασιν.
2587 2385 2651 2437 Ei
2686 2384 2743 2437 δὲ
2774 2383 2838 2455 δὴ
2864 2387 3132 2456 χρήσιμος
3171 2384 3264 2438 καὶ
3300 2383 3648 2454 σωτηριώδης
3679 2386 3717 2452 ἡ

2127 2476 2221 2531 τοῦ
2272 2476 2402 2530 Υἱοῦ
2455 2477 2549 2530 καὶ
2580 2476 2676 2530 τοῦ
2714 2477 3030 2547 Πνεύματος
3083 2477 3383 2548 πλήρωσις,
3424 2478 3542 2528 κατ’
3561 2477 3723 2530 οὐδὲν

2130 2570 2282 2624 ἔσται
2313 2569 2563 2640 ἀνόμοιος
2601 2571 2630 2621 ὁ
2658 2568 2807 2631 Υἱὸς,
2835 2567 2868 2639 ἢ
2907 2567 2969 2621 τὸ
3006 2568 3252 2637 Πνεῦμα.
3292 2567 3430 2621 Οὔτε
3460 2566 3569 2638 γὰρ
3592 2566 3663 2621 ἂν
3687 2569 3721 2620 ὁ

2130 2658 2433 2730 ὑπέρτατος
2483 2657 2577 2710 καὶ
2616 2656 2872 2721 πλούσιος
2909 2659 2968 2712 έν
3000 2657 3140 2710 ἐλέει
3172 2658 3322 2728 παρὰ
3348 2658 3442 2710 τοῦ
3477 2658 3721 2728 χείρονος

2130 2750 2226 2803 καὶ
2268 2748 2591 2819 πενεστέρου
2639 2746 3134 2811 ὲδανείσατο,,οῦτε
3189 2748 3350 2818 ἡμεῖς
3389 2747 3578 2810 διττῶς
3621 2747 3721 2798 καὶ

2130 2840 2396 2912 ἀνομοίως
2425 2840 2797 2911 ὲνηργήμεθα.
2830 2841 2940 2893 Καὶ
2981 2840 3162 2911 μέντοι
3198 2843 3348 2893 ποῖον
3382 2840 3495 2910 ἔχει
3532 2840 3718 2908 λόγον,

2132 2934 2417 3005 ἄνθρωπον
2464 2933 2564 3004 μὲν
2591 2933 2791 2998 καλῶν,
2839 2934 2970 3005 φέρε
3024 2935 3219 2999 εἰπεῖν,
3275 2933 3307 3004 ἢ
3350 2933 3535 2986 κακῶν
3576 2931 3721 2987 εἶναι

2133 3030 2364 3101 ποιητὴν
2386 3030 2479 3082 καὶ
2505 3028 2856 3099 δημιουργὸν,
2891 3027 2951 3081 τὸ
2974 3027 3032 3080 δὲ
3063 3028 3287 3098 Πνεῦμα
3307 3026 3381 3098 μὴ
3423 3023 3559 3080 εἶναι
3600 3043 3724 3081 του-

2132 3141 2226 3190 το;
2270 3124 2406 3176 Ἀλλ’
2434 3124 2464 3176 ὁ
2492 3123 2796 3194 ἄνθρωπος,
2828 3121 2921 3194 [85
2943 3122 2995 3193 ὁ]
3032 3121 3172 3175 κατὰ
3217 3120 3561 3192 συγχώρησιν
3612 3121 3721 3191 μὲν

452 3225 559 3281 que
592 3211 643 3263 id
674 3210 816 3279 quod
854 3208 1110 3277 apostolis
1134 3209 1200 3262 ab
1233 3208 1349 3275 ipso
1378 3207 1580 3261 dictum
1623 3206 1761 3260 fuit:
1796 3224 1814 3257 ι
1845 3205 2033 3261 Nesci-

2137 3215 2231 3269 τοῦ
2262 3214 2398 3267 Θεοῦ
2424 3215 2655 3285 πράττει
2681 3214 2860 3277 τοῦτο,
2886 3214 2918 3285 ἢ
2948 3216 3123 3267 ἐκεῖνο
3142 3230 3154 3243 °
3187 3213 3297 3266 ἀπὸ
3322 3214 3510 3275 οὐσίας
3542 3213 3596 3265 δὲ
3619 3213 3724 3281 τῆς

455 3305 526 3355 tis
545 3300 677 3373 (18),
715 3300 869 3370 cujus
900 3300 1133 3369 Spiritus
1173 3308 1254 3353 est
1288 3297 1459 3353 Filius
1490 3296 1777 3352 hominis.»
1820 3296 1876 3352 Si
1905 3311 2036 3367 ergo

455 3410 525 3448 ex
555 3408 620 3449 eo
657 3396 798 3464 quod
839 3390 997 3446 Pater
1025 3391 1095 3445 sit
1142 3391 1285 3445 Deus
1310 3403 1493 3455 verus,
1534 3389 1780 3459 sequitur
1822 3398 1879 3442 ut
1920 3388 2037 3459 ejus

455 3485 702 3554 operatio
745 3485 818 3538 sit
859 3483 1081 3538 omnino
1119 3493 1281 3551 atque
1327 3482 1571 3536 absolute
1599 3482 1818 3546 divina;
1863 3495 1929 3535 ex
1972 3496 2038 3535 eo

457 3576 622 3629 etiam
665 3574 808 3644 quod
855 3572 1159 3642 operationi
1206 3572 1383 3626 Patris
1411 3571 1674 3642 aequalem
1705 3581 1760 3625 et
1806 3572 2036 3627 similem

458 3683 582 3724 esse
610 3676 862 3738 appareat
897 3667 1261 3735 Operationein
1292 3663 1527 3734 Spiritus
1566 3667 1764 3729 sancti,
1796 3665 2040 3733 sequitur

462 3770 524 3814 ut
551 3771 607 3814 et
651 3760 766 3825 ipse
795 3758 867 3811 sit
900 3757 1042 3813 Deus
1078 3772 1256 3812 verus.
1290 3756 1415 3812 Pari
1444 3765 1622 3810 autem
1674 3757 1832 3810 modo
1872 3758 2036 3811 etiam

461 3851 532 3905 de
559 3851 694 3906 Filio
726 3851 869 3921 loqui
895 3849 1180 3915 convenit;
1220 3863 1347 3903 nam
1379 3848 1422 3903 si
1450 3848 1627 3903 Patris
1660 3850 1898 3918 operatio
1919 3863 2042 3919 ope-

467 3940 675 3995 ratione
698 3940 840 4004 Filii,
877 3950 966 3994 aut
997 3938 1235 4010 Spiritus
1261 3938 1563 4008 potior(19)
1584 3948 1748 4004 esset,
1782 3940 2039 4009 quidnam

465 4036 689 4087 omnino
725 4041 1085 4100 operarentur
1120 4031 1173 4084 in
1210 4029 1367 4086 nobis
1397 4030 1656 4100 Spiritus,
1690 4039 1785 4085 aut
1834 4030 2042 4090 Filius?

465 4125 557 4194 qui
585 4138 736 4188 sane,
765 4123 810 4178 si
844 4123 987 4178 Patri
1027 4121 1321 4177 dissimiles
1342 4119 1541 4187 forent,
1575 4130 1634 4177 ut
1656 4121 1843 4177 volunt
1871 4123 2045 4179 hatre-

475 4215 595 4279 tici,
623 4216 910 4283 minorem,
956 4230 1118 4282 quam
1167 4213 1349 4279 Pater,
1404 4212 1558 4268 nobis
1608 4215 2044 4270 inderentvirtu-

470 4317 602 4360 tem.
643 4306 798 4372 Quod
845 4307 959 4383 sile
1003 4306 1279 4361 contrario
1318 4305 1450 4360 utile
1486 4305 1663 4369 nobis,
1710 4322 1776 4360 ac
1807 4306 2044 4361 salutare

465 4409 549 4453 est
580 4397 737 4462 Filio,
762 4407 815 4453 et
849 4398 1053 4468 Spiritu
1081 4407 1271 4453 sancto
1303 4396 1517 4467 repleri,
1549 4398 1695 4453 nulla
1726 4398 1777 4453 in
1808 4413 1865 4452 re
1895 4399 2041 4455 Patri

467 4491 749 4547 dissimilis
781 4493 884 4547 erit
909 4491 1100 4549 Filius.
1138 4500 1233 4546 aut
1267 4490 1504 4562 Spiritus
1537 4509 1550 4544 :
1591 4507 1715 4546 nam
1754 4507 1927 4562 neque
1970 4491 2040 4558 is,

483 4644 485 4647 '
539 4624 617 4694 (9)
656 4624 880 4680 Bonum.
915 4625 1103 4681 Matth.
1125 4639 1274 4690 xxvt,
1300 4622 1410 4677 ΞΗ

551 4697 662 4765 (10)
704 4694 769 4750 Ει
815 4694 1057 4751 Verbum.
1087 4694 1242 4750 Joan.
1268 4710 1306 4759 t,
1336 4694 1424 4748 14.

544 4764 656 4833 (’11)
694 4765 1057 4832 Semetipsum.
1097 4765 1326 4834 Philipp.
1357 4781 1419 4831 tt,
1454 4764 1508 4818 7.

545 4837 658 4907 (1'2)
695 4835 986 4907 Sapientia.
1014 4837 1263 4907 Prov.tx,
1296 4836 1347 4888 1.

543 4904 655 4975 (15)
698 4906 806 4960 Sic.
844 4904 1018 4960 Codex
1046 4924 1059 4959 :
1089 4905 1204 4957 (irai.

546 4973 844 5047 (Hilam.
879 4977 1064 5047 Matth.
1091 4992 1130 5047 ι,
1159 4973 1467 5047 [δροππεδ
1500 4977 1661 5030 editio
1702 4976 1863 5047 habet
1913 4993 2045 5047 μνη·

477 5045 792 5167 ἱτῆυθείσης
840 5045 970 5115 γάρ.
1016 5044 1122 5100 Sed
1176 5043 1438 5115 Vulgatus
1488 5048 1757 5117 interpres
1809 5043 1940 5116 legit
1988 5043 2048 5101 ut

529 5136 559 5167 Ι(
581 5130 755 5167 νιιὶιιε.

478 5119 755 5184 Didymus.

550 5182 659 5255 (15)
702 5184 854 5255 Quod
885 5187 1045 5241 enim.
1081 5185 1271 5239 Matth.
1299 5200 1343 5247 I,
1375 5182 1467 5236 ‘20.

552 5254 664 5321 (16)
703 5254 947 5321 Spiritus.
1003 5255 1135 5310 Luc.
1167 5273 1217 5318 ι,
1262 5256 1349 5309 55.
1402 5255 1587 5310 Grteca
1646 5254 2048 5324 Complutensis

480 5325 682 5396 editio;
716 5323 790 5396 T_b
839 5325 1172 5394 γεννώμενον
1218 5326 1283 5377 ἐκ
1333 5323 1427 5378 σοῦ
1480 5325 1664 5393 ἆγιον,
1718 5323 2047 5396 κληθήσεται

481 5395 612 5458 Υἱὸς
645 5392 804 5447 Θεοῦ.
840 5392 969 5449 Alia:
1006 5392 1182 5448 tamen
1225 5397 1487 5450 editiones
1518 5392 1772 5449 emittunt
1805 5392 2044 5458 voculas,

483 5468 551 5521 ὲκ
597 5464 718 5534 σοῦ,
769 5474 829 5517 ut
881 5466 1154 5534 Didymus.
1206 5465 1262 5518 lit
1312 5465 1447 5534 libro
1480 5464 1554 5518 De
1606 5463 1809 5534 Spiritu
1845 5475 2048 5528 sancto,

483 5551 633 5592 num.
663 5533 754 5600 31,
808 5532 1104 5589 versiculus
1158 5535 1257 5588 iste
1299 5532 1522 5587 all'ertnr
1566 5533 1843 5595 dimidius,
1883 5550 1947 5588 ac
1985 5549 2049 5588 eo

492 5608 670 5668 modo,
708 5618 816 5670 quo
863 5605 917 5658 in
965 5604 1071 5658 hoc
1104 5604 1242 5656 loco.
1285 5603 1411 5657 111cc
1447 5605 1589 5656 enim
1645 5602 1713 5656 ibi
1753 5604 2048 5672 leguntur:

491 5694 513 5727 ι
540 5676 826 5745 ΛΕιιυαιθιη
877 5672 1278 5745 vero_Splriti_ii
1316 5673 1569 5745 virtutem
1620 5688 1720 5725 non
1761 5688 2045 5745 possumus

487 5740 646 5798 aliani
688 5751 882 5808 pneter
910 5742 1184 5798 Christum
1220 5741 1505 5797 Dominum
1538 5742 1898 5810 interpretari.
1930 5740 2048 5811 Ipse

486 5818 627 5866 enim
680 5813 979 5883 discipulis,
1021 5812 1151 5883 ait_;
1193 5828 1210 5860 ι
1243 5811 1532 5880 Accipietis
1584 5813 1728 5867 enim
1758 5812 2046 5883 Hvirtutem

492 5899 511 5933 ι
548 5881 783 5953 Spiritus
811 5880 983 5939 Sancti
1016 5880 1305 5936 venientem
1355 5894 1518 5951 super
1568 5896 1713 5938 vos.»
1752 5882 1811 5937 Et
1843 5883 1908 5937 ad
1944 5882 2051 5936 Ma-

2112 3352 2115 3355 .
2139 3307 2245 3362 ὑπὸ
2264 3308 2355 3360 τοῦ
2382 3306 2517 3360 Θεοῦ
2549 3305 2949 3377 προοισθείσης,
2972 3304 3176 3375 ἄψυχον
3201 3304 3522 3374 δημιουργεῖ
3544 3304 3571 3356 ὂ
3591 3305 3635 3356 δ’
3653 3303 3723 3356 ἂν

2139 3397 2302 3463 θέλοι,
2335 3398 2396 3450 οὺ
2429 3397 2537 3468 μὴν
2578 3397 2674 3450 καὶ
2698 3396 2888 3450 οὐσίαν
2915 3396 3108 3467 αὐτὴν,
3140 3396 3217 3459 ὡς
3250 3394 3459 3465 ἔφαμεν
3486 3395 3607 3465 ἤδη.
3645 3395 3690 3446 Τ
3692 3394 3726 3447 b

2137 3488 2195 3542 δέ
2221 3504 2285 3557 γε
2312 3486 2538 3557 Πνεῦμα
2588 3486 2682 3539 καὶ
2713 3485 3046 3548 αὑθεντικῶς
3096 3486 3259 3547 ποιεῖ,
3307 3485 3401 3537 καὶ
3432 3485 3617 3537 οὐσίαν
3656 3486 3725 3537 ἐκ

2142 3580 2216 3652 μὴ
2270 3580 2438 3634 ὅντων
2499 3578 2812 3648 ὑφίστησιν,
2860 3577 2956 3631 ἆτε
3004 3577 3264 3648 συνεργὸν
3316 3576 3412 3630 καὶ
3451 3575 3585 3646 πνοὴ
3624 3576 3723 3628 τοῦ

2140 3672 2607 3743 Παντοκράτορος.
2664 3670 2865 3740 Διόπερ
2926 3668 2956 3719 ὁ
3011 3667 3141 3731 Θεὸς
3195 3669 3253 3720 ὲν
3296 3666 3375 3736 τῷ
3441 3666 3722 3737 Ἰεζεκιὴλ,

2139 3766 2201 3818 τὸ
2270 3764 2368 3835 μὲν
2423 3762 2690 3833 ἡμέτερον
2745 3760 2968 3831 πνεῦμα
3034 3758 3498 3825 ἁνακαινίζεσθαι,
3554 3758 3614 3812 τὸ
3665 3758 3727 3811 δὲ

2142 3858 2293 3926 ἆγιον
2326 3854 2554 3925 Πνεῦμα
2593 3851 2982 3916 ἀνακαινίζειν,
3037 3853 3129 3905 καὶ
3176 3852 3273 3921 οὐχ
3324 3851 3510 3914 ἁπλῶς
3555 3849 3730 3904 Πνεῦ-

2145 3964 2222 4018 μα
2270 3942 2429 4011 εἶναι,
2476 3945 2587 3999 ἀλλ’
2638 3943 2831 3998 ἑαυτοῦ
2880 3944 3085 4015 κυρίως
3142 3944 3484 4010 ὑποδεικνὺς,
3543 3942 3725 3995 τοιάδε

2143 4037 2420 4102 θεσπίζειο
2472 4056 2492 4089 ι
2535 4037 2646 4091 Καὶ⁷
2687 4035 2845 4091 δώσω
2894 4037 3025 4106 ὑμῖν
3074 4035 3302 4107 καρδίαν
3354 4034 3575 4106 καινὴν,
3628 4034 3731 4088 καὶ

2141 4128 2367 4201 Πνεῦμα
2413 4128 2634 4182 καινόν’
2694 4127 2789 4180 καὶ
2818 4125 3026 4196 ,ἀφελῶ
3068 4125 3168 4196 τὴν
3228 4124 3455 4195 καρδίαν
3500 4124 3597 4195 τὴν
3645 4124 3733 4177 λι-

2144 4223 2297 4291 Θίνην
2347 4223 2411 4276 ὲκ
2455 4220 2556 4291 τῆς
2590 4219 2791 4290 σαρκὸς
2815 4218 2989 4289 ὑμῶν,
3019 4219 3116 4272 καὶ
3141 4217 3297 4273 δώσω
3330 4219 3459 4290 ὑμῖν
3498 4217 3729 4289 καρδίαν

2146 4314 2428 4385 σαρκίνην,
2460 4313 2639 4367 καὶτὸ
2667 4310 2893 4382 Πνεῦμά
2928 4328 3031 4382 μου
3064 4311 3220 4366 δώσω
3259 4312 3317 4364 ὲν
3344 4312 3493 4383 ὑμῖν.
3526 4330 3544 4364 ι
3574 4312 3636 4364 Oi
3670 4310 3730 4363 δὲ

2145 4404 2239 4458 καὶ
2277 4402 2384 4456 τῶν
2435 4400 2593 4455 θείων
2629 4399 2821 4467 φωνῶν
2851 4398 3057 4452 τούτων
3087 4397 3494 4469 ὀλιγωροῦντες,
3547 4398 3643 4451 acati
3669 4400 3728 4450 ὲν

2146 4495 2352 4567 ἀπορίᾳ
2381 4492 2530 4565 πάσῃ
2581 4492 2690 4545 τῶν
2725 4490 2949 4544 δικαίων
2981 4488 3344 4559 καθεστῶτες,
3373 4489 3558 4543 λοιπὸν
3602 4492 3729 4553 ταῖς

2015 4620 2027 4632 ’
2076 4632 2121 4687 D
2155 4629 2287 4681 riam
2325 4625 2566 4696 angelus,
2607 4641 2626 4675 ι
2658 4622 2964 4696 Spiritus,i_
2993 4623 3187 4696 inquit,
3225 4642 3252 4696 Δι
3278 4633 3502 4696 sanctus
3530 4640 3727 4696 super-

2155 4716 2173 4747 ι
2216 4683 2480 4751 νειιὶειυὶιι
2512 4683 2581 4757 te,
2612 4704 2666 4749 et
2696 4683 2866 4748 virtus
2901 4683 3533 4748 Ἀἰιίεεῖιιιίὀὶ)ιῖιιιι)ι-ει)ἰι
3558 4683 3674 4749 tibi.
3702 4715 3721 4747 ι

2150 4768 2360 4839 [Codex
2408 4782 2524 4839 vero
2555 4773 2759 4839 _n_aster
2815 4774 2931 4839 post
2971 4780 3144 4839 uocem
3233 4764 3572 4839 interpretari
3650 4770 3731 4839 sic

2146 4833 2295 4890 liabet
2325 4852 2345 4889 :
2387 4854 2406 4887 ι
2440 4834 2732 4902 Accipietis
2754 4836 2899 4887 enim
2959 4835 3211 4887 virtutem
3258 4833 3495 4901 Spiritus
3547 4836 3725 4889 sancti

2150 4926 2168 4958 ι
2207 4907 2507 4960 venientem
2551 4919 2713 4971 super
2759 4918 2869 4963 vos.
2901 4921 2921 4954 ›
2952 4902 3019 4955 ad
3083 4902 3354 4971 apostolos
3415 4904 3630 4958 dicitur.
3667 4906 3735 4958 Et

2150 4978 2215 5029 ad
2253 4976 2471 5030 Mariam
2507 4973 2883 5043 archangelus,
2920 4990 2938 5023 ι
2970 4971 3227 5042 Spiritus,
3253 4990 3272 5026 ι
3314 4973 3508 5042 inquit,
3551 4993 3568 5024 ι
3597 4990 3732 5027 διιπε-

2152 5066 2169 5097 ι
2208 5058 2328 5100 ctus
2374 5045 2554 5099 veniet
2582 5059 2747 5113 super
2781 5051 2850 5109 te,
2904 5051 2960 5096 et
3008 5044 3177 5097 virtus
3220 5043 3483 5098 Altissimi
3533 5044 3732 5098 obum-

2151 5137 2170 5168 ι
2201 5117 2376 5170 brabit
2416 5124 2486 5169 te.
2512 5134 2529 5165 ι

2221 5113 2734 5255 (ῗῗῖιὶηιιξῗξυῖἐοραηι.
2770 5181 2830 5237 In
2884 5182 3096 5245 Graeco,
3145 5181 3488 5246 πευστικῶς,
3542 5182 3593 5255 id
3642 5192 3730 5237 est

2158 5277 2175 5307 ι
2206 5254 2612 5323 interrogative,
2635 5273 2653 5307 ι
2688 5254 2825 5320 sive,
2861 5262 2919 5307 ut
2956 5254 3008 5306 in
3036 5261 3330 5323 comment.
3363 5256 3430 5323 ad
3462 5254 3727 5319 psalmum

2151 5344 2221 5381 LII
2260 5321 2497 5392 loquitur
2531 5324 2810 5392 theologus
2858 5332 3067 5389 noster,
3110 5322 3255 5377 κατὰ
3290 5321 3505 5387 πεῦσιν,
3544 5324 3597 5375 id
3647 5335 3735 5377 est

2156 5417 2173 5449 ι
2204 5412 2298 5465 per
2318 5396 2833 5465 interrogationem.
2860 5412 2878 5445 ι

2224 5464 2335 5539 (18)
2378 5460 2627 5539 Nescitis.
2658 5463 2791 5517 Luc.
2818 5479 2907 5539 ix,
2928 5463 3019 5539 55.
3059 5462 3165 5539 Sed
3199 5461 3388 5539 Graeca
3421 5460 3608 5539 editio,
3636 5462 3728 5539 cui

2155 5532 2426 5590 consentit
2467 5532 2692 5601 Vulgata
2744 5536 3058 5596 translatio,
3099 5535 3178 5586 sic
3229 5533 3390 5586 habet
3426 5549 3441 5585 :
3474 5532 3591 5585 Οὐκ
3644 5532 3733 5584 οἴ-

2153 5607 2301 5669 δατε,
2331 5605 2444 5657 οἴου
2480 5602 2797 5673 Πνεύματός
2829 5604 2952 5657 ὲστε
2994 5604 3191 5673 ὑμεῖς,,
3222 5604 3323 5656 hoc
3353 5612 3455 5667 est,
3491 5619 3510 5652 ι
3542 5601 3737 5656 Nesci—

2159 5679 2248 5742 tis,
2295 5676 2450 5742 cujus
2483 5674 2716 5741 Spiritus
2753 5687 2852 5742 vos
2896 5674 3058 5739 estis,
3089 5692 3108 5725 ›
3165 5686 3378 5741 nempe,
3427 5688 3447 5723 ι
3481 5673 3727 5739 nescitis,

2158 5741 2330 5816 qualis
2363 5741 2434 5816 sit
2467 5742 2700 5816 Spiritus
2721 5741 2837 5816 ille,
2864 5741 3018 5816 cujus
3049 5758 3144 5816 vos
3170 5743 3319 5816 estis.
3350 5760 3369 5792 ι

2229 5814 2339 5886 (19)
2381 5810 2586 5869 Potior.
2623 5812 2823 5879 Codex,
2852 5812 3081 5884 ἀμείνω.
3116 5811 3262 5882 Lego
3287 5810 3548 5884 ἀμείνων.
