4054 6406
376 417 484 471 573

1394 414 1485 469 DE
1520 420 1555 469 ἰ
1570 413 1896 471 ιίίΜΤΑἸἘ
1929 417 2136 474 LIBER
2173 417 2564 476 SECUNDUS.

3521 426 3628 482 57-!»

372 528 570 596 ἔξωθεν
600 529 815 599 τέχναις
848 530 1270 601 ἀποκέχρηνται,
1298 530 1392 584 καὶ
1419 529 1504 581 ἐπ’
1537 529 1673 583 ἄλλα
1700 532 1794 584 καὶ
1815 532 1948 586 ἄλλα

2063 535 2142 603 pii
2182 549 2464 602 supremus
2504 542 2609 596 est,
2653 547 2717 586 ac
2746 531 2895 585 dives
2924 531 2976 584 in
3016 531 3407 599 misericordia,
3442 532 3510 588 ab
3547 536 3632 589 in-

375 617 704 691 μεταφέρειν
743 619 1081 690 ἐπιχειροῦσι
1115 618 1184 672 τὰ
1219 617 1393 682 οὕτως
1443 618 1631 688 σαφῶς
1668 620 1951 691 εἰρημένα.

367 711 640 766 Φάσκουσι
668 710 777 782 γὰρ
808 710 1014 775 λέξεσιν
1045 711 1234 776 αὐταῖς
1252 726 1268 741 ·
1296 709 1541 783 Νεκροὺς
1563 714 1591 764 ὁ
1617 711 1954 784 δημιουργή-

370 818 490 867 σας,
523 804 650 866 τοὺς
680 802 1075 872 νεκρουμένους
1102 801 1305 874 ἐγείρει
1327 802 1505 873 μόνος.
1551 803 1955 872 Ἀρχιτέκτονος

370 912 483 967 γαρ
513 898 678 968 ἐργον
717 895 1072 966 φθειρόμενον
1100 893 1390 964 ζωγράφος
1422 894 1520 946 ούκ
1548 892 1612 945 ἂν
1637 893 1955 964 διορθῶσαι-

371 1005 453 1050 το,
486 986 597 1039 ἀλλ’
617 985 739 1038 οὐδὲ
769 984 1051 1053 ναυπηγοῦ
1091 983 1378 1054 θηρευτὴς,
1413 983 1529 1037 ἀλλ’
1555 983 1674 1036 ούδέ
1705 1001 1768 1051 γε
1808 987 1954 1037 οἰκο-

373 1076 537 1147 δόμου
562 1074 822 1146 δρομεύς·
849 1073 987 1126 ἀλλὰ
1018 1073 1125 1144 γὰρ
1163 1072 1542 1143 ἀρχιτέκτονος
1596 1072 1952 1142 ἀρχιτέκτων,

384 1168 481 1221 καὶ
506 1164 778 1236 ναυπηγοῦ
801 1164 1097 1233 ναυπηγός.
1126 1163 1199 1215 Τὸ
1224 1163 1279 1215 δὲ
1314 1162 1467 1231 ἅγιον
1497 1162 1739 1233 Πνεῦμα,
1769 1165 1952 1232 φησιν,

382 1258 505 1313 οὔτε
543 1259 765 1331 νεκροὺς
817 1258 1038 1328 ήγειρεν
1064 1296 1079 1320 ,
1142 1254 1266 1307 οὒτε
1315 1253 1763 1325 ἐδημιούργησενο
1813 1255 1958 1321 ἅπαξ

381 1349 506 1420 γὰρ,
531 1349 712 1418 φησιν,
738 1348 830 1399 ἐπὶ
852 1346 944 1400 τοῦ
977 1346 1148 1416 Ἀδὰμ
1180 1344 1634 1416 δεδημιούργηται
1676 1346 1710 1416 ή
1742 1344 1954 1418 ἀνθρώ.

384 1458 498 1493 πων
521 1439 676 1509 φύσις
700 1456 713 1469 ·
743 1438 838 1493 καὶ
881 1436 1004 1491 οὔτε
1043 1436 1205 1508 ἐτέρα
1233 1436 1362 1507 παρ’
1392 1435 1626 1505 ἐκείνην,
1657 1434 1781 1490 οὔτε
1824 1437 1956 1491 πολ-

377 1534 551 1595 λάκις.
593 1531 754 1585 Ἀλλὰ
796 1531 892 1584 καὶ
934 1531 968 1602 ή
1011 1527 1124 1583 Εὕα
1159 1528 1480 1600 πνεκτίσθη
1546 1528 1644 1600 μὲν
1671 1527 1751 1598 τῷ
1787 1528 1958 1599 Ἀδὰμ

376 1622 456 1693 τῷ
482 1619 643 1690 κοινῷ
674 1620 773 1692 τῆς
804 1618 1019 1688 φύσεως
1054 1618 1221 1688 λόγῳ,
1264 1616 1403 1689 μετὰ
1447 1616 1620 1671 ταῦτα
1652 1617 1710 1670 δὲ
1739 1617 1957 1688 διεμορ-

378 1712 552 1785 φώθη.
591 1712 781 1783 Ἡμεῖς
811 1711 868 1764 δέ
891 1711 940 1763 οἱ
965 1707 1256 1781 ὀρθόδοξοι,
1287 1709 1473 1781 ἐπειδὴ
1500 1709 1734 1779 μάλιστα
1771 1709 1958 1779 θεῖκῆς

375 1805 654 1873 δυνάμεως
696 1800 982 1873 γνώρισμα
1039 1800 1102 1853 τὸ
1146 1800 1548 1871 δημιουργῆσαι
1590 1800 1686 1852 καὶ
1732 1799 1960 1870 νεκροὺς

2058 625 2267 689 feriori,
2311 633 2367 678 et
2416 622 2737 693 pauperiore
2786 622 3076 690 quidquam
3136 631 3409 679 mutuatus
3463 634 3629 690 esset,

2059 727 2235 782 neque
2267 727 2366 767 nos
2394 712 2591 781 duplici
2624 712 2802 777 modo,
2831 727 2895 766 ac
2921 711 3170 766 dissimili
3190 715 3297 767 acti
3321 728 3526 769 sumus.
3553 717 3631 770 Ac

2060 819 2192 858 sane
2222 804 2492 873 quomodo
2533 803 2734 859 rationi
2781 812 3204 857 consentaneum
3234 812 3335 868 est,
3370 812 3429 859 ut
3470 805 3632 861 homo

2060 895 2275 964 quidem
2329 896 2626 957 bonorum,
2687 893 2915 962 exempli
2967 895 3159 962 gratia,
3226 904 3319 948 aut
3365 894 3629 950 malorum

2061 984 2282 1039 ell‘ector
2308 986 2398 1048 sit,
2437 994 2599 1053 atque
2628 984 2896 1047 conditor,
2932 980 3166 1051 Spiritus
3211 994 3389 1038 autem
3418 1000 3521 1038 non
3562 986 3634 1039 sit

2063 1075 2418 1144 hujusmodi?
2448 1074 2646 1128 Verum
2702 1075 2862 1129 homo
2909 1089 2978 1128 ex
3020 1076 3374 1131 concessione
3412 1075 3632 1145 quidem

2064 1166 2159 1221 Dei
2184 1167 2309 1229 hoc,
2354 1177 2446 1219 aut
2478 1165 2608 1219 illud
2640 1177 2914 1234 operatur,
2962 1174 3126 1234 atque
3167 1182 3232 1220 ex
3272 1167 3569 1221 substantia
3601 1180 3634 1219 a

2067 1259 2174 1312 Deo
2208 1267 2388 1312 creata
2439 1256 2796 1310 inanimatam
2849 1256 3076 1326 aliquid,
3108 1259 3492 1326 .quodcunque
3536 1272 3634 1312 vo-

2062 1347 2248 1411 luerit,
2275 1347 2470 1414 etlicit;
2500 1362 2604 1400 non
2633 1356 2810 1401 tamen
2839 1346 3003 1401 etiam
3030 1346 3386 1401 substantiam
3433 1347 3631 1415 ipsam,

2062 1446 2122 1493 ut
2158 1439 2272 1509 jam
2313 1438 2545 1494 diximus
2574 1437 2715 1510 (20),
2751 1438 2955 1493 condit.
3007 1437 3075 1492 At
3112 1454 3244 1495 vero
3292 1438 3525 1508 Spiritus
3578 1449 3636 1495 et

2061 1545 2159 1585 sua
2198 1528 2525 1585 auctoritate
2580 1536 2858 1599 operatur,
2887 1538 2942 1584 et
2974 1528 3332 1584 substantiam
3363 1544 3430 1582 ex
3466 1530 3635 1584 nihilo

2062 1621 2261 1687 educit,
2294 1635 2358 1675 ac
2391 1621 2771 1674 subsistentem
2813 1619 2959 1688 facit,
2994 1631 3178 1691 utpote
3206 1633 3545 1691 c00perator,
3581 1632 3637 1676 ct

2062 1711 2221 1767 ﬂatus
2279 1711 2694 1780 Omnipotentis.
2778 1711 3114 1782 Quapropter
3186 1711 3329 1767 Deus
3403 1711 3455 1767 in
3510 1713 3641 1767 Eze-

2063 1802 2237 1858 chiele
2269 1811 2511 1858 nostrum
2547 1804 2761 1872 quidem
2802 1804 3050 1873 spiritum
3092 1804 3337 1859 renovari
3367 1804 3634 1873 inquiens,

377 1893 605 1960 ἐγεῖραι,
627 1888 991 1961 ὁμολογοῦμεν
1015 1889 1076 1942 τὸ
1102 1888 1256 1957 ἆγιον
1286 1888 1512 1960 Πνεῦμα
1540 1888 1712 1941 ταῦτα
1734 1906 1958 1961 πεποιη-

2064 1892 2321 1962 Spiritum
2351 1902 2527 1947 autem
2546 1904 2792 1948 sanctum
2814 1909 3095 1959 renovare,
3115 1894 3334 1949 ethunc
3376 1910 3484 1951 non
3506 1898 3640 1950 sim-

378 1983 474 2045 κὸς
494 1980 632 2036 εἶναι
662 1982 795 2036 Θεόν
819 1998 834 2012 ο
861 1999 881 2033 ‹
921 1980 1011 2053 Τῷ
1031 1980 1189 2051 Λόγῳ
1221 2000 1241 2033 ι
1270 1981 1379 2052 γὰρ
1412 2000 1432 2032 t
1467 1981 1674 2051 Κυρίου
1706 1982 1755 2033 οί
1789 1981 1955 2051 οὐρα-

376 2075 458 2127 νοὶ
492 2073 922 2145 ἐστερεώθησαν,
954 2073 1046 2146 [86
1072 2072 1131 2146 a]
1162 2074 1254 2127 καὶ
1281 2073 1361 2145 τῷ
1395 2073 1675 2144 Πνεύματι
1706 2072 1800 2126 τοῦ
1839 2073 1959 2126 στό-

380 2182 551 2237 ματος
580 2167 741 2219 αὐτοῦ
770 2168 939 2219 πᾶσαι
966 2165 1024 2218 αἰ
1055 2165 1314 2236 δυνάμεις
1337 2164 1516 2219 αὐτῶν
1542 2182 1555 2194 ·
1590 2182 1610 2216 ι
1648 2164 1743 2218 καὶ
1772 2162 1958 2235 ἐπειδὴ

374 2257 636 2329 ἀρχῆθεν,
685 2256 1197 2329 δημιουργουμένων
1240 2255 1480 2320 πάντων,
1529 2256 1819 2326 συμπαρῆν
1866 2254 1961 2307 καὶ⁴

377 2349 697 2420 ἀχωρίστως
728 2345 840 2419 εἶχε
873 2351 937 2420 τῇ
970 2348 1183 2418 θεότητι
1220 2349 1315 2401 καὶ
1341 2349 1408 2419 τῇ
1439 2347 1706 2418 ἐνεργείᾳ,
1730 2347 1818 2400 διὰ
1837 2345 1962 2399 τοῦ-

377 2457 441 2494 το
502 2441 596 2494 καὶ
647 2439 1142 2511 ἀνακαινιζομένων
1198 2438 1376 2493 αὐτῶν
1439 2438 1815 2510 συμπάρεστιν
1865 2438 1961 2492 καὶ

384 2530 914 2602 συμμνημονεύεται.
952 2531 1130 2603 Ὅπερ
1168 2530 1274 2603 γὰρ
1306 2532 1592 2602 εἰρήκασιν
1612 2531 1765 2584 αὐτοὶ
1792 2525 1957 2597 οῦτοι,

378 2623 483 2675 οὐκ
512 2618 579 2693 ἦν
620 2623 811 2695 ἐτέρας
841 2623 1046 2688 οὐσίας,
1075 2624 1104 2676 ὃ
1132 2626 1279 2677 ἐστιν
1309 2622 1543 2692 φύσεως,
1574 2624 1635 2676 τὸ
1679 2625 1961 2678 ἀνακαινί-

385 2730 498 2777 σαι,
541 2715 590 2767 ei
628 2714 702 2786 μὴ
736 2715 834 2786 τῆς
875 2715 968 2768 τοῦ
1000 2716 1303 2779 κτίσαντος.
1340 2716 1476 2786 Περὶ
1519 2711 1612 2769 οὖν
1656 2716 1764 2769 τῶν
1792 2717 1961 2771 ὄντων

383 2805 479 2858 καὶ
512 2803 956 2876 πολιτευομένων,
983 2796 1058 2869 ὡς
1099 2807 1174 2878 μὴ
1203 2807 1391 2872 ὄντων,
1422 2806 1558 2861 ἀλλὰ
1586 2806 1681 2861 νῦν
1712 2825 1959 2878 πνευμα-

384 2894 553 2957 τικῶς
580 2894 672 2948 καὶ
695 2894 981 2966 θειοτέρως
1006 2894 1360 2965 κτιζομένων,
1390 2897 1418 2947 ὁ
1436 2896 1600 2950 Δαυῒδ
1644 2897 1735 2949 καὶ
1768 2898 1796 2950 ὁ
1817 2897 1963 2950 Παῦ-

385 2984 477 3049 λος
509 2985 789 3057 κηρύσσει,
822 2987 897 3050 ὡς
922 2986 1242 3059 πρπλέχθη,
1274 2988 1368 3041 καὶ
1400 2988 1475 3052 ὡς
1508 2988 1774 3059 πολλαχοῦ
1806 2990 1963 3060 εὑρή-

390 3092 574 3147 σομεν.
610 3078 903 3148 Ἐπιλείψει
932 3096 999 3149 με
1021 3079 1128 3150 γὰρ
1157 3078 1221 3132 ἂν
1245 3081 1273 3132 ὁ
1296 3080 1404 3143 πᾶς
1428 3080 1636 3151 χρόνος,
1668 3082 1716 3133 εί
1745 3080 1962 3134 πάντων

2067 1983 2279 2051 pliciter
2361 1983 2641 2053 Spiritum,
2702 1987 2796 2041 sed
2861 1987 3029 2055 ipsius
3100 1985 3358 2054 Spiritum
3423 1988 3640 2057 preprie

2057 2088 2176 2129 esse
2204 2074 2573 2137 subindicans,
2607 2076 2718 2130 bare
2749 2076 2926 2129 divine
2951 2075 3215 2145 loquitur:
3244 2096 3262 2127 ι
3289 2077 3509 2131 Etdabo
3525 2077 3638 2149 (21)

2057 2165 2210 2219 vobis
2252 2180 2346 2219 cor
2396 2181 2614 2230 novmn,
2644 2174 2698 2221 et
2730 2168 2976 2236 spiritum
3025 2184 3218 2222 novum
3250 2185 3264 2222 :
3297 2178 3351 2223 et
3397 2167 3637 2223 auferam

2062 2254 2224 2325 189
2254 2270 2346 2309 cor
2375 2254 2640 2325 lapideum
2676 2271 2740 2310 ex
2776 2273 2944 2312 carne
2982 2267 3184 2322 vestra,
3216 2268 3272 2313 et
3300 2259 3440 2314 dabo
3484 2261 3641 2315 vobis

2058 2362 2153 2401 cor
2190 2361 2468 2410 carueum,
2501 2356 2554 2399 ct
2596 2346 2855 2416 Spiritum
2894 2365 3069 2404 meum
3104 2350 3242 2405 dabo
3290 2350 3343 2404 in
3401 2350 3575 2406 vobis.
3612 2369 3638 2405 ι

2063 2436 2314 2490 Ηιετειίεἰ
2342 2452 2471 2491 vero
2499 2438 2675 2490 divina
2704 2440 2870 2493 etiam
2904 2439 3016 2494 haec
3059 2440 3221 2493 verba
3250 2440 3643 2509 parvipenden-

2060 2537 2163 2593 tes,
2186 2543 2306 2582 cum
2339 2529 2512 2582 lirmis
2541 2531 2842 2585 rationibus
2872 2532 3093 2587 omnino
3138 2542 3384 2595 careant.
3433 2535 3643 2589 extrin-

2060 2620 2201 2674 secis
2245 2621 2357 2689 jam
2408 2621 2616 2676 artibus
2667 2622 3001 2688 abutuntur,
3060 2632 3115 2678 et
3160 2624 3268 2677 alio
3321 2634 3487 2694 atque
3537 2626 3644 2683 alio

2062 2708 2356 2765 transferre
2391 2719 2656 2765 conantur
2682 2723 2929 2781 quantum
2969 2713 3257 2769 manifesto
3285 2729 3448 2770 sensu
3496 2715 3639 2772 dicta

2059 2810 2208 2855 sunt.
2242 2800 2495 2869 Inquiunt
2531 2803 2675 2855 enim
2717 2803 2869 2858 hisce
2919 2804 3046 2872 ipsis
3093 2805 3309 2860 Verbis:
3362 2806 3461 2872 Qui
3493 2823 3644 2862 mor-

2020 2906 2025 2913 ·
2063 2896 2184 2942 tuos
2215 2889 2476 2952 condidit,
2519 2890 2873 2945 mortificatos
2893 2893 3042 2947 solus
3070 2896 3333 2961 suscitat;
3389 2897 3646 2965 deprava-

2062 2983 2173 3030 tum
2206 2977 2376 3041 enim,
2410 2986 2465 3032 et
2489 2989 2806 3045 corruptum
2838 2983 3120 3037 architecti
3169 2998 3304 3060 Opus
3343 2986 3519 3054 pictor
3556 3001 3644 3041 re-

2060 3077 2312 3123 staurare
2341 3084 2444 3122 non
2478 3080 2654 3138 potest
2684 3111 2700 3136 ,
2737 3088 2910 3139 neque
2950 3075 3179 3144 naupegi
3212 3091 3346 3145 opus
3400 3087 3643 3145 venator,

388 3168 659 3240 πανταχοῦ
695 3172 1046 3243 μνημονεύειν
1100 3171 1361 3243 ἐθελήσω.
1398 3171 1463 3225 Εἰ
1505 3171 1581 3243 μὴ
1630 3168 1733 3240 οῦνι
1760 3172 1961 3242 ἑτέρως

2063 3176 2237 3232 neque
2253 3162 2595 3217 fabricatoris
2615 3178 2751 3232 opus
2768 3180 2994 3231 cursor;
3027 3168 3119 3220 sed
3147 3168 3432 3223 architecti
3460 3170 3647 3223 archi-

392 3256 493 3327 μὲν
515 3221 648 3323 έοῖὶξ
670 3221 1472 3333 suggressus;1a.};
1505 3221 1737 3324 iam;
1764 3221 1957 3323 ita;

2063 3261 2259 3315 tectus,
2296 3261 2351 3306 et
2400 3254 2629 3322 naupegi
2671 3269 2974 3325 uaupegus.
3013 3256 3248 3327 Spiritus
3296 3268 3477 3320 autem
3517 3273 3646 3314 san-

389 3348 600 3419 πρῶτον
652 3351 753 3421 μὲν
790 3348 884 3407 οὖν
947 3353 1059 3407 κᾶν.
1111 3369 1243 3406 ποτε
1315 3352 1840 3425 παρενεθυμήθησαν
1892 3353 1964 3406 τὰ

385 3439 511 3493 θεῖα
535 3440 761 3512 γραφία,
786 3440 855 3495 τὰ
882 3443 940 3496 ἐν
957 3441 1035 3514 τῷ
1068 3441 1258 3514 βιϐλίῳ
1276 3442 1413 3513 τῷδε
1446 3442 1640 3513 καὶτῷ
1662 3441 1769 3513 πρὸ
1797 3441 1961 3495 αὑτοῦ

388 3530 852 3601 μνημονευθὼταυ
875 3532 930 3585 τί
956 3531 1066 3605 γὰρ
1087 3531 1173 3601 ἂν,
1197 3532 1486 3597 ἀκούοντες
1514 3534 1705 3597 ταῦτα,
1732 3534 1964 3605 φήσαιεν

384 3621 481 3675 τὸν
503 3623 780 3695 χρήσαντα
801 3623 939 3677 αὐτὰ
962 3623 1265 3689 διδάσκεινς
1292 3622 1556 3696 Δεύτερον
1596 3624 1653 3678 δὲ
1689 3623 1966 3692 ἐλογίσαν-

383 3727 449 3764 το
476 3712 563 3775 ἂν,
597 3713 806 3784 ὅτιπερ,
839 3713 897 3767 ὃν
926 3713 1128 3785 τρόπον
1174 3713 1271 3767 τοῦ
1322 3714 1455 3768 Υίοῦ
1498 3713 1784 3779 κτίσαντος
1828 3732 1966 3785 συμ-

387 3803 616 3875 ποιητὴς
665 3805 693 3856 ὁ
722 3806 912 3877 Πατήρ
950 3807 1095 3859 ἐστιν
1132 3808 1201 3877 τῇ
1241 3806 1523 3879 εὐδοκήσει
1546 3845 1562 3871 ,
1605 3805 1749 3859 οὕτω
1780 3806 1872 3859 καὶ
1905 3806 1965 3859 τὸ

385 3894 615 3965 Πνεῦμα
639 3895 801 3950 αὐτοῦ
821 3913 835 3927 ο
871 3898 965 3953 καὶ
1000 3897 1100 3951 οὐκ
1135 3898 1216 3961 είς
1243 3896 1342 3969 τὴν
1367 3896 1476 3951 τῶν
1513 3898 1614 3968 οὐχ
1654 3896 1854 3969 ὁμοίων
1882 3896 1966 3961 ἐξ·

381 3986 596 4051 ἑτασιν,
620 3986 728 4041 τῶν
755 3988 1064 4061 συνάρσεως
1088 3990 1187 4061 τῆς
1210 3988 1457 4062 ἀλλήλων
1492 3990 1586 4043 καὶ
1617 3990 1716 4060 τῆς
1743 3988 1849 4043 ἀπὸ
1868 3988 1963 4042 τοῦ

383 4077 577 4148 χρόνου
602 4077 890 4148 δεομένων,
921 4081 1017 4136 καὶ
1060 4082 1195 4153 μηδὲ
1222 4080 1575 4151 πληρούντων
1608 4081 1839 4153 ἐτοίμως
1869 4082 1965 4137 καὶ

386 4167 724 4238 πανταχόθεν
773 4170 1078 4241 ἀμέμπτως
1128 4170 1228 4243 τὴν
1267 4169 1582 4240 ἐνθύμησιν,
1620 4170 1689 4225 τὰ
1717 4172 1816 4242 τῆς
1838 4171 1966 4242 ἀμίσ-

389 4273 522 4310 κτου
546 4257 747 4313 ἅπασιν
781 4260 1055 4332 μακαρίας
1075 4261 1324 4331 Τριάδος,
1352 4260 1449 4331 τῆς
1478 4261 1573 4313 καὶ
1597 4263 1747 4332 ἡμᾶς
1766 4263 1964 4316 ἀπολεμ-

393 4346 565 4416 σάσης
592 4348 955 4421 δημιουργοὺς
1003 4351 1176 4419 λόγων
1220 4368 1281 4404 τε
1327 4352 1422 4405 καὶ
1464 4350 1606 4406 ὑλῶν
1647 4354 1962 4425 ἐπισκευῆς,

390 4438 620 4508 ήγαγον,
657 4439 923 4509 λέγοντες,
971 4441 1114 4514 ἀπερ
1171 4443 1366 4514 μήποτ’
1404 4442 1628 4512 ἔφασαν.
1670 4444 1735 4496 Τί
1761 4444 1890 4516 γὰρ,
1929 4446 1963 4517 ἢ

2062 3351 2204 3411 ctus,
2223 3343 2491 3413 inquiunt,
2525 3359 2625 3399 nec
2651 3355 2896 3400 mortuos
2929 3348 3234 3414 suscitavit,
3281 3363 3457 3418 neque
3490 3364 3646 3404 crea-

2060 3436 2160 3488 vit.
2202 3433 2382 3490 Semel
2433 3436 2602 3501 enim,
2652 3436 2921 3507 inquiunt,
2966 3438 3019 3493 in
3057 3439 3266 3495 Adamo
3300 3441 3514 3496 condita
3559 3449 3645 3496 est

2062 3527 2341 3583 hominum
2387 3538 2577 3583 natura
2604 3568 2620 3593 ,
2657 3544 2834 3598 neque
2878 3544 3011 3585 vero
3040 3530 3212 3585 altera
3255 3541 3451 3602 praeter
3498 3531 3644 3588 illam

2062 3619 2283 3676 codita
2317 3618 2442 3687 fuit,
2470 3635 2571 3676 nec
2600 3620 2792 3677 eadem
2823 3622 3059 3691 saepius:
3091 3624 3222 3693 quin
3270 3623 3381 3677 Eva
3426 3638 3645 3693 quoque

2064 3711 2226 3767 simul
2254 3712 2474 3780 quidem
2516 3727 2641 3767 cum
2671 3711 2879 3768 Adamo
2913 3723 3094 3770 creata
3120 3723 3224 3783 est,
3249 3715 3518 3771 communi
3550 3732 3648 3771 na-

2066 3812 2201 3858 tura:
2233 3806 2468 3870 ratione;
2502 3815 2686 3873 postea
2720 3819 2847 3859 vero
2876 3804 3111 3861 formata
3154 3805 3279 3861 fuit.
3320 3805 3430 3862 Nos
3463 3817 3644 3864 autem

2065 3893 2386 3958 orthodoxi,
2442 3895 2699 3964 quoniam
2754 3894 2951 3950 divinae
2996 3897 3340 3965 pctissimum
3381 3899 3646 3967 potentiae

2065 3985 2350 4041 character
2371 3996 2455 4040 est
2493 3988 2745 4050 condere,
2786 3996 2843 4042 et
2887 3997 3131 4042 mortuos
3166 3990 3448 4055 suscitare,
3479 3990 3648 4045 couﬁ-

2068 4084 2245 4129 temur
2262 4085 2510 4130 sanctum
2540 4076 2827 4145 Spiritum,
2883 4077 2977 4145 qui
3020 4079 3127 4133 duo
3163 4080 3278 4133 haec
3322 4077 3472 4147 fecit,
3523 4095 3647 4136 esse

2067 4164 2255 4218 Deum.
2293 4164 2428 4219 Nam
2465 4184 2485 4217 ι
2522 4166 2696 4222 Verbo
2726 4166 2839 4236 (Ἡ)
2874 4164 3085 4221 Domini
3112 4167 3237 4222 coeli
3272 4166 3467 4223 ﬁrmati
3496 4179 3643 4235 sunt,

2066 4265 2121 4311 et
2151 4254 2358 4325 Spiritu
2385 4257 2496 4310 oris
2514 4257 2628 4327 ejus
2650 4272 2842 4313 omnes
2874 4260 3096 4314 virtutes
3114 4275 3324 4315 eorum.
3360 4279 3379 4311 ι
3414 4258 3482 4314 Ει
3512 4276 3648 4330 quo-

2066 4347 2209 4401 niam
2258 4347 2429 4411 initio,
2484 4362 2607 4402 cum
2651 4347 2832 4403 omnia
2885 4349 3101 4403 condita
3167 4358 3327 4413 sunt,
3407 4364 3646 4418 praesens

2067 4438 2227 4494 simul
2255 4454 2374 4493 cum
2404 4438 2526 4493 aliis
2570 4440 2819 4509 personis
2858 4442 3083 4504 aderat,
3120 4448 3176 4495 et
3207 4441 3431 4507 deitate,
3479 4451 3647 4511 atque

388 4528 467 4592 ὡς
506 4531 722 4603 πηλίκοι
756 4532 1003 4604 εἴποιμεν
1035 4532 1114 4604 τῷ
1140 4531 1286 4599 ἅπαξ
1322 4534 1602 4607 θελήσαντι
1634 4534 1752 4606 Θεῷ
1787 4537 1962 4609 Πατρὶ

2069 4531 2385 4601 operatione
2415 4533 2483 4585 ab
2519 4530 2584 4585 iis
2618 4531 2994 4601 inseparabilis
3048 4540 3190 4597 erat,
3238 4533 3462 4600 proinde
3504 4548 3647 4588 nunc

389 4620 483 4675 διὰ
511 4622 605 4675 τοῦ
648 4622 778 4677 Υίοῦ
815 4625 989 4694 Λόγου
1023 4625 1200 4679 πάντα
1248 4625 1583 4696 ὑποστῆναι;
1629 4626 1845 4697 Ἀμέλει
1886 4643 1971 4681 τοι

392 4710 642 4781 περὶτοῦ
678 4714 743 4765 ἐκ
776 4715 1089 4786 σπέρματος
1125 4714 1309 4781 Δαυῒδ,
1338 4716 1433 4770 καὶ
1466 4716 1738 4789 Ἀϐραὰμ,
1769 4717 1864 4773 καὶ
1906 4721 1972 4775 ἐκ

393 4800 549 4874 ῥίζης
590 4805 784 4858 Ἰεσσαὶ¹
815 4806 953 4861 κατὰ
980 4807 1177 4880 σάρκα,
1205 4809 1542 4881 κεκήρυκται
1571 4809 1663 4882 [86
1685 4810 1758 4883 b],
1783 4811 1859 4876 ὡς
1877 4815 1974 4885 ἀρ-

393 4896 528 4961 τίως
555 4897 767 4969 εἴρηται
795 4913 808 4926 ·
850 4916 871 4950 t
906 4900 979 4953 Τὸ
1007 4900 1118 4973 γὰρ
1153 4901 1212 4955 ἐν
1238 4901 1374 4973 αὐτῇ
1404 4901 1665 4973 γεννηθὲν
1700 4904 1766 4957 ἐκ
1800 4905 1973 4959 Πνεύ-

398 4987 569 5059 ματός
606 4990 750 5044 ἐστιν
774 4991 928 5059 ἁγίου
949 5009 963 5023 ·
1002 5009 1022 5044 ι
1058 4990 1145 5044 ἵνα
1178 4991 1473 5048 κάντεῦθεν
1499 4992 1759 5064 ὁμόλογον
1790 4990 1860 5069 ᾖ,
1895 4996 1972 5062 ὡς

397 5078 658 5150 συνεργὸν
681 5076 749 5153 ἦν
777 5081 856 5153 τῷ
883 5082 1209 5154 ἀγαθουργῷ
1244 5083 1573 5156 Δημιουργῷ
1618 5083 1679 5137 τὸ
1719 5085 1971 5154 ἁγιαστι-

395 5169 495 5222 κὺν
530 5168 768 5243 Πνεῦμα.
803 5174 896 5228 Διὸ
936 5175 1031 5229 καὶ
1069 5172 1226 5238 αὖθις
1257 5177 1565 5248 γέγραπται
1587 5191 1603 5206 ⁸
1636 5193 1658 5228 t
1694 5178 1896 5246 Ἥγετο
1940 5181 1971 5233 ό

411 5258 617 5333 Ἰησοῦς
639 5264 698 5318 ἐν
725 5264 1001 5335 Πνεύματι
1030 5267 1126 5319 ἐπὶ
1155 5265 1254 5337 τὴν
1274 5266 1478 5338 ἔρημον
1497 5283 1513 5297 ο
1547 5284 1567 5319 ι
1615 5266 1802 5339 ἐπειδὴ
1851 5284 1977 5322 συνα

394 5351 465 5420 ῆν
498 5352 647 5425 αὐτῷ
669 5354 730 5408 τὸ
758 5358 1082 5428 ἡγεμονικὸν
1104 5356 1348 5428 Πνεῦμα,
1365 5358 1456 5422 ’ὡς
1482 5357 1616 5423 Θεὸς
1642 5359 1761 5430 Θεῷ
1785 5359 1878 5413 καὶ
1899 5360 1976 5424 ὡς

394 5442 572 5496 πάντα
599 5444 837 5515 συνέχων
860 5446 953 5499 καὶ
979 5447 1254 5518 πανταχοῦ
1287 5445 1500 5518 παρὼν,
1535 5446 1614 5518 τῷ
1642 5447 1727 5518 ἐφ’
1755 5447 1816 5501 ὃν
1840 5448 1975 5502 πάν-

389 5548 462 5588 τα
492 5535 835 5606 ἐστήρικται,
870 5536 965 5589 καὶ
992 5539 1050 5591 ἐν
1080 5539 1246 5592 πᾶσιν
1282 5537 1416 5604 ὄντι,
1456 5539 1550 5593 καὶ
1578 5538 1875 5609 πληροῦντι
1904 5539 1973 5592 τὰ

627 5756 890 5833 Diximus.
921 5760 1053 5817 Vide
1089 5777 1256 5833 segm.
1288 5764 1320 5817 7
1345 5782 1399 5819 α.
1639 5819 1641 5821 ,

464 5823 584 5897 (21)
616 5824 691 5880 Et
725 5829 883 5888 dabo.
913 5833 1108 5888 Ezvcb.
1129 5823 1311 5903 x'xxu,
1333 5835 1403 5888 26
1427 5849 1478 5890 ει
1503 5834 1594 5890 27.
1620 5833 1789 5891 Biblia
1817 5850 1830 5888 :
1856 5834 1965 5889 Καὶ

2068 4637 2302 4692 quoque.
2339 4637 2459 4675 cum
2489 4636 2552 4675 ea
2586 4630 2944 4687 renovantur,
2985 4637 3090 4675 una
3147 4637 3269 4677 cum
3314 4622 3435 4676 aliis
3480 4624 3649 4694 hypo-

2069 4714 2307 4769 stasibus
2338 4727 2578 4781 praesens
2606 4718 2780 4776 est,et
2806 4710 2965 4765 simul
2988 4727 3108 4765 cum
3159 4712 3227 4767 iis
3255 4727 3646 4768 commemora-

2072 4816 2190 4872 tur;
2231 4822 2378 4872 nam,
2411 4805 2587 4874 utipsi
2615 4804 2915 4859 adversarii
2945 4803 3220 4869 dixerunt,
3278 4819 3543 4859 renovare
3576 4806 3646 4860 ad

2070 4896 2230 4951 aliam
2279 4895 2599 4960 essentiam,
2641 4894 2693 4949 id
2752 4903 2856 4961 est,
2897 4902 3147 4947 naturam
3187 4910 3292 4948 non
3344 4895 3643 4963 spectabat,

2078 5002 2239 5058 quam
2272 4988 2338 5041 ad
2395 4994 2641 5041 naturam
2703 4984 2866 5051 illius,
2918 4986 3009 5054 qui
3067 4984 3401 5040 condiderat.
3458 4987 3533 5039 De
3579 4985 3648 5041 iis

2073 5094 2258 5151 porro,
2295 5079 2409 5148 qui,
2437 5093 2562 5132 cum
2608 5086 2813 5144 essent,
2853 5077 2924 5131 ita
2967 5091 3027 5133 se
3056 5079 3315 5148 gerebant
3340 5079 3493 5147 quasi
3543 5093 3647 5131 non

2072 5180 2279 5234 essent,
2332 5184 2476 5223 nunc
2517 5182 2648 5222 vero
2694 5168 3042 5237 spiritaliter,
3086 5175 3143 5221 et
3184 5167 3432 5221 diviniori
3490 5168 3652 5220 modo

2071 5260 2272 5317 conditi
2292 5267 2435 5325 sunt,
2463 5258 2658 5326 David,
2691 5268 2747 5314 et
2770 5258 2968 5313 Paulus
3002 5261 3082 5314 sic
3114 5260 3427 5328 praedicant,
3467 5267 3527 5312 ut
3553 5274 3651 5310 an-

2073 5360 2163 5406 tea
2189 5351 2391 5405 dictum
2427 5359 2534 5415 est,
2571 5360 2627 5406 et
2650 5351 2794 5405 sicut
2816 5350 2999 5406 multis
3045 5349 3169 5404 aliis
3208 5349 3262 5405 in
3321 5348 3455 5403 locis
3491 5348 3646 5402 iuve-

2073 5445 2313 5499 niemus:
2348 5442 2562 5498 deﬁciat
2591 5443 2735 5498 enim
2776 5457 2863 5497 me
2896 5458 3057 5497 omne
3103 5450 3338 5511 tempus,
3378 5440 3423 5492 si
3463 5437 3649 5492 omnia

2076 5536 2273 5603 ubique
2302 5547 2731 5589 commemorare
2764 5534 2950 5589 velim.
3008 5530 3123 5588 Nisi
3167 5546 3297 5602 ergo
3345 5528 3450 5583 alia
3498 5526 3651 5582 Scri-

2070 5761 2288 5835 πνεῦμα
2317 5765 2509 5835 καινὸν
2538 5764 2692 5818 δώσω
2718 5766 2776 5817 ἐν
2805 5763 2954 5834 ὑμῖν.

2149 5830 2263 5905 (2i)
2316 5832 2502 5889 Verbo.
2533 5835 2675 5890 Psal.
2704 5830 2879 5900 xxxii,
2912 5846 3051 5888 vers.
3078 5830 3132 5885 6'.
