4054 6460
356 418 364 425 ’
442 454 551 511 575

1712 451 1951 508 DIDYMI
1986 451 2456 507 ALEXANDRINI

3637 456 3752 512 570

441 577 923 637 pturarumcsset,
952 567 1058 622 alia
1101 581 1231 623 vero
1271 568 1485 622 illorum
1532 567 1772 636 ipsorum
1818 578 2034 621 senten-

2142 566 2343 621 πάντα.
2384 568 2537 622 Ἐπεὶ
2563 570 2637 641 μή
2666 586 2750 637 γε,
2771 571 2849 641 τῷ
2875 570 3098 624 ἐκείνων
3124 570 3269 643 λόγῳ
3300 573 3395 627 καὶ
3423 571 3507 645 τῷ
3527 573 3748 645 τρόπῳ,

444 660 540 723 tia,
569 658 810 728 prituttm
851 658 1071 729 quidem
1099 658 1399 728 aliquando
1429 659 1619 713 saltem
1662 660 1843 712 divina
1887 659 2037 713 Scri-

440 762 618 818 ptura:
650 751 871 805 oracula
894 750 1025 822 (25),
1055 766 1174 818 quae
1203 751 1308 805 ltoc
1336 751 1386 803 itt
1422 750 1583 813 libro,
1614 759 1776 817 alque
1798 748 1852 802 in
1881 763 2038 816 supe-

443 843 591 898 riore
604 852 1029 899 commemorata
1051 854 1200 905 sunt,
1217 844 1521 913 ingmentcm
1534 851 1883 897 revocassent
1897 840 2031 911 (ειυς

439 948 507 989 ea
572 936 722 991 enim
778 938 1058 991 audientes
1125 937 1384 1006 quidnam
1442 937 1623 990 doceri
1691 937 1760 990 ab
1818 950 1885 990 eo
1949 935 2033 989 di-

443 1035 656 1091 cerettt,
694 1042 803 1096 quo
837 1025 1048 1081 alnante
1076 1028 1284 1095 scripta
1315 1027 1480 1081 sunt?
1509 1028 1708 1081 Deinde
1732 1040 1862 1080 vero
1905 1025 2034 1081 illud

443 1121 909 1185 tonsiderassent,
944 1120 1086 1175 sicut
1123 1137 1226 1174 una
1261 1136 1383 1175 cum
1436 1119 1572 1173 Filio
1629 1119 1790 1190 190
1812 1128 2036 1173 creante

442 1210 649 1263 creavit
671 1221 726 1263 et
753 1210 914 1263 Pater
943 1209 1361 1278 coutplacetttia,
1389 1210 1470 1263 sic
1500 1210 1665 1263 etiam
1702 1210 1865 1263 simul
1909 1223 2032 1263 cum

444 1310 810 1357 eocreantem
844 1303 946 1357 dici
975 1304 1174 1357 debere
1217 1303 1482 1372 Spiritum
1529 1301 1683 1372 ejus:
1739 1316 1917 1369 neque
1965 1316 2032 1355 ea

442 1410 565 1463 qua:
593 1394 661 1448 ad
695 1395 930 1460 beatam,
963 1395 1207 1464 nullique
1237 1395 1312 1448 rei
1342 1395 1655 1462 pertuistam
1685 1393 2031 1460 Trinitatem,

442 1502 474 1539 ιι
505 1500 609 1554 qua
639 1502 737 1541 nos
763 1503 976 1556 quoque
1000 1498 1054 1542 et
1087 1488 1592 1549 ratiocinatiottum,
1617 1496 1675 1540 et
1707 1501 1891 1541 rerum
1921 1502 2034 1540 ma-

446 1579 713 1632 tt-tialium
751 1590 1039 1635 structurae
1063 1579 1177 1651 (25)
1210 1580 1374 1635 veluti
1404 1579 1714 1634 conditores
1742 1576 1917 1634 elfecti
1943 1595 2033 1633 su-

442 1683 582 1732 mus,
616 1681 1044 1739 comparassent,
1078 1672 1351 1741 simulque
1387 1670 1773 1725 discussissent
1799 1685 1922 1724 cum
1945 1670 2029 1737 iis,

440 1779 562 1829 qua:
592 1763 899 1831 dissimilia,
935 1766 1232 1829 exsistunt,
1262 1781 1493 1835 quaeque
1523 1776 1707 1819 tnutua
1733 1766 2033 1819 connexio-

442 1874 525 1918 ne,
559 1873 735 1926 eaque
768 1862 1117 1929 temporaria,
1143 1861 1406 1930 indigent,
1438 1876 1502 1915 ac
1533 1875 1601 1914 ne
1648 1860 2028 1927 cogitationem

2136 657 2264 711 οὔτε
2293 660 2323 711 ὁ
2356 660 2547 730 Πατὴρ
2568 660 2921 733 δημιουργὸς,
2949 662 3231 734 ῆνεκροὺς
3265 663 3523 733 ἐγείρων.
3553 664 3749 720 Πάντα

2136 751 2245 823 γὰρ
2278 751 2368 806 διὰ
2401 752 2496 805 τοῦ
2527 753 2660 806 Υἱοῦ
2700 754 2917 822 ἐγένετο
2948 755 3183 819 ἀπόνως.
3220 755 3393 819 Πόνος
3424 754 3541 828 γὰρ
3569 757 3750 822 πάθος

2135 844 2285 896 ἐστί’
2319 844 2490 908 πάθος
2525 844 2581 898 δὲ
2623 845 2742 908 ὁδὸς
2773 846 2866 899 ἐπὶ
2898 846 3123 917 φθοράν.
3152 847 3269 900 Οὐκ
3316 847 3651 918 ἀρνούμενοι
3687 849 3749 902 δὲ

2134 933 2229 986 τὸν
2258 934 2536 1002 Δεσπότην
2577 934 2956 1005 σεσαρκῶσθαι
2977 936 3099 1006 δίχα
3123 937 3402 1007 ἁμαρτίας
3424 938 3491 990 ὲκ
3516 938 3620 1009 τῆς
3645 937 3750 1007 φύ-

2137 1040 2281 1087 σεως
2333 1024 2428 1077 τοῦ
2477 1025 2668 1095 Ἀδὰμ,
2720 1026 2749 1079 ὃ
2792 1030 2940 1080 ἐστιν
2977 1029 3043 1081 ἐκ
3076 1028 3175 1098 τῆς
3215 1028 3524 1099 Παρθένου,
3562 1028 3597 1099 ἢ
3640 1029 3747 1099 τῆς

2137 1115 2446 1186 ἡμετέρας
2477 1115 2653 1169 ταῦτά
2694 1133 2896 1187 φαμεν,
2941 1117 3139 1187 μᾶλλον
3183 1116 3240 1170 δὲ
3270 1117 3368 1171 καὶ
3408 1117 3745 1189 βεϐαιοῦμεν

2134 1205 2299 1260 τοῦτο
2338 1205 2427 1259 διὰ
2470 1205 2564 1259 τοῦ
2605 1207 2784 1275 λέγειν
2827 1209 2893 1259 ὲκ
2923 1208 3237 1279 Πνεῦματος
3275 1208 3437 1276 ἁγίου
3476 1209 3749 1279 γεγεννῆο

2138 1299 2283 1350 σθαι.
2339 1298 2577 1368 Ἐπειδὴ,
2605 1297 2681 1362 ὡς
2705 1297 2940 1370 εἴρηται,
2973 1300 3068 1355 καὶ
3101 1299 3199 1371 τὴν
3233 1300 3412 1371 ἀρχὴν
3439 1300 3747 1372 συμπαρῆν

2135 1389 2199 1441 τὸ
2224 1389 2552 1459 προαιώνιον
2589 1390 2684 1443 καὶ
2717 1390 3052 1462 προκόσμιον
3093 1392 3318 1460 Πνεῦμα
3344 1390 3443 1444 τοῦ
3470 1391 3611 1444 Θεοῦ
3659 1391 3745 1461 τῷ

2136 1483 2342 1551 ποιητῇ
2382 1480 2482 1549 τῆς
2506 1480 2786 1552 ἡμετέρας
2812 1481 3047 1550 φύσεως,
3073 1482 3170 1553 οὐχ
3204 1482 3281 1546 ὡς
3314 1481 3578 1554 χρῄζοντι
3609 1483 3744 1554 βοη-

2136 1573 2315 1635 θείας,
2349 1573 2485 1626 ἀλλά
2526 1574 2624 1626 σὺν
2652 1574 2942 1639 ταυτότητι
2975 1575 3068 1628 καὶ
3103 1575 3309 1646 ἰσότητι
3350 1575 3611 1647 θεότητος
3643 1578 3744 1630 καὶ

2135 1663 2432 1735 θελήσεως,
2467 1665 2562 1718 καὶ
2587 1659 2698 1717 οἷον
2738 1664 2813 1736 μὴ
2848 1666 3295 1737 ἀποτετμημένον
3324 1665 3422 1719 τοῦ
3454 1667 3636 1737 φωτὸς
3676 1668 3744 1721 τὸ

2135 1753 2275 1822 φῶς.
2308 1753 2376 1806 Ἣ
2412 1753 2639 1825 σύστηθι
2670 1751 2784 1818 οῦν,
2809 1756 3125 1817 Μακεδόνιε,
3155 1760 3268 1820 τοῖς
3299 1758 3499 1828 ἁγίοις,
3529 1759 3743 1829 κτίσμα

2132 1845 2195 1899 τὸ
2245 1844 2389 1898 θεῖον
2430 1845 2657 1916 Πνεῦμα
2701 1846 2774 1918 μὴ
2810 1846 3185 1918 ὀνομάζουσιν,
3230 1850 3344 1904 ἀλλ’
3388 1851 3742 1923 ὲκπεπορεῦ-

440 1953 656 2018 quidem
686 1961 956 2021 prompte,
974 1952 1240 2020 modoque
1266 1953 1557 2022 cujuslibet
1597 1949 2030 2020 reprehensionis

2140 1936 2261 1989 σθαι
2295 1937 2360 1988 ὲκ
2391 1936 2486 1989 τοῦ
2519 1936 2678 2000 Θεοῦ,
2717 1938 2793 2002 ὡς
2821 1939 3044 2009 Πνεῦμα
3079 1938 3252 1993 αὐτοῦ
3269 1939 3413 1994 κατά
3448 1939 3643 2010 φύσιν·
3679 1939 3746 2009 ἢ,

438 2054 683 2113 experte,
716 2044 978 2112 implent;
1008 2060 1180 2114 neque
1210 2045 1307 2098 ista
1329 2060 1564 2113 unquam
1596 2043 1863 2098 dixissent
1889 2042 2028 2113 (‘26),

438 2151 559 2205 quae
585 2136 925 2206 obiecerunt.
963 2138 1139 2203 Quare
1172 2138 1340 2199 enim,
1388 2145 1483 2189 aut
1528 2151 1632 2204 qua
1676 2136 2021 2200 auctoritate,

440 2230 521 2283 vel
561 2237 832 2299 potestate
892 2231 1155 2293 dicemus,
1211 2230 1319 2283 Deo
1363 2230 1522 2283 Patre
1572 2228 1738 2282 semel
1795 2226 2025 2293 volente,

440 2324 625 2376 omnia
658 2322 802 2376 sicut
836 2337 932 2390 per
963 2322 1159 2376 Filiuttt
1197 2320 1455 2386 Verbum,
1506 2320 1580 2373 ita
1616 2331 1672 2374 et
1710 2336 1805 2389 per
1859 2317 2031 2386 Spiri-

444 2422 555 2465 tum
584 2413 967 2484 sanctuttt(27)
1003 2413 1297 2466 constituta
1325 2426 1429 2463 non
1470 2410 1636 2465 esse?
1676 2412 1748 2464 De
1772 2425 1837 2464 eo
1874 2425 2027 2473 sane,

443 2505 533 2572 qtti
562 2512 646 2558 est
669 2520 739 2559 ex
769 2504 979 2557 semine
1012 2503 1200 2565 David,
1240 2513 1296 2556 et
1332 2502 1649 2565 Abraltami,
1683 2510 1738 2555 et
1757 2515 1821 2555 ex
1850 2501 2031 2555 radice

441 2595 598 2651 Jesse
623 2596 922 2650 secundum
958 2610 1200 2661 carnem,
1234 2596 1577 2663 praedicatum
1605 2594 1726 2658 fuit,
1766 2602 1826 2648 ut
1852 2609 2025 2664 nuper

444 2686 719 2739 diximus:
761 2703 781 2737 t
821 2687 974 2751 Quod
1011 2683 1121 2756 (28)
1176 2687 1322 2740 enim
1371 2685 1423 2738 in
1461 2699 1524 2738 ea
1568 2696 1754 2738 natum
1810 2693 1914 2747 est,
1962 2698 2029 2739 ex

445 2778 656 2846 Spiritu
707 2792 896 2831 sancto
943 2789 1058 2831 est:
1098 2797 1117 2830 ι
1169 2788 1228 2832 ιιι
1263 2778 1348 2832 vel
1404 2793 1470 2832 ex
1520 2777 1603 2830 bis
1651 2776 1833 2830 verbis
1880 2786 2030 2829 certo

446 2876 684 2931 constet,
726 2866 971 2921 benefica
1009 2867 1258 2921 (lreatori
1309 2867 1517 2921 socium
1549 2867 1600 2920 in
1637 2866 1934 2929 creatione,
1977 2877 2036 2921 et.

445 2969 859 3027 cooperatoretn
911 2960 1074 3015 luisse
1108 2959 1539 3014 sattctiﬁcantetn
1588 2960 1872 3028 Spiritum.
1910 2960 2031 3013 Ideo

443 3043 572 3099 alibi
602 3060 819 3114 quoque
867 3049 1126 3118 scriptum
1185 3059 1303 3104 est:
1342 3067 1360 3100 t
1398 3050 1701 3103 Ducebatur
1728 3050 1839 3119 (29)
1873 3047 2030 3104 Iesus

446 3135 499 3188 itt
531 3138 740 3205 Spiritu
775 3140 826 3193 itt
854 3156 1130 3195 eretnum:
1157 3162 1176 3195 ι
1217 3144 1344 3212 quia
1392 3142 1554 3196 simul
1607 3158 1731 3196 cunt
1763 3143 1880 3212 ipso
1909 3151 2031 3196 erat

446 3227 555 3291 ivile,
588 3228 678 3296 qtti
716 3230 919 3284 dicitur
951 3232 1190 3301 Spiritus
1213 3234 1552 3305 principalis,
1581 3249 1677 3288 seu
1708 3233 1926 3297 ductor,
1967 3243 2028 3287 ut

2134 2021 2214 2084 ὡς
2248 2020 2370 2084 ἔθος
2405 2039 2485 2074 σοι
2524 2023 2778 2090 φάσκειν,
2806 2026 2887 2078 ὄτι
2932 2025 3066 2079 Θεοῦ
3099 2028 3196 2097 μὲν
3233 2028 3415 2097 ἥττων
3445 2030 3514 2099 τῇ
3549 2027 3742 2098 φύσει,

2134 2110 2392 2179 ἀγγέλων
2433 2111 2489 2164 δὲ
2538 2115 2804 2186 κρείττων
2848 2117 3015 2180 ἐστὶν,
3069 2117 3239 2189 μέσην
3270 2119 3393 2172 τινὰ
3436 2118 3603 2188 φύσιν
3643 2119 3744 2172 καὶ

2135 2201 2297 2266 τάξιν
2332 2200 2545 2273 εἰληχὸς
2576 2206 3110 2277 κεχρησμῳδηκότας
3144 2209 3232 2279 (τά
3260 2208 3371 2283 γὰρ
3404 2211 3633 2263 ἐκείνων
3659 2210 3744 2264 δι-

2136 2293 2317 2354 καίως
2350 2295 2739 2366 προτετίμηται
2770 2297 2923 2368 παρά
2960 2298 3037 2369 τῷ
3064 2299 3182 2370 Θεῷ
3211 2301 3327 2354 τῶν
3347 2300 3455 2355 σῶν
3485 2302 3586 2355 καὶ
3626 2301 3744 2357 τῶν

2148 2384 2423 2457 Ἀρείου)·
2459 2386 2556 2440 καὶ
2585 2388 2681 2458 οὐχ
2724 2389 2800 2452 ὡς
2837 2389 3051 2445 δίδωσιν
3091 2392 3120 2444 6
3158 2393 3257 2462 τῆς
3283 2392 3477 2465 τέχνης
3509 2395 3607 2448 καὶ
3635 2395 3740 2465 τῆς
3796 2423 3800 2427 ς

2138 2476 2456 2545 σοφιστείας
2487 2476 2671 2547 νόμος,
2706 2478 2825 2545 ὲξόν
2860 2496 2963 2541 σοι,
2997 2478 3354 2551 θαρρήσαντι,
3381 2481 3604 2549 ἀφεῖναι
3634 2499 3743 2534 κα-

2135 2572 2208 2625 τὰ
2250 2568 2347 2622 τοῦ
2384 2570 2527 2624 θείου
2558 2570 2876 2642 Πνεύματος
2907 2572 3070 2635 ἰδίους
3107 2572 3329 2640 λόγους
3352 2564 3414 2625 οὗ
3448 2571 3549 2644 τὴν
3582 2573 3742 2626 θείαν

2136 2662 2305 2733 φύσιν
2342 2663 2449 2716 οὐδ’
2482 2662 2549 2716 ἂν
2581 2665 2631 2717 εί
2660 2665 2784 2727 τοὺς
2811 2664 2907 2735 τῆς
2951 2664 3184 2728 διανοίας
3216 2663 3306 2736 I137
3333 2662 3388 2737 ο]
3418 2664 3744 2735 ὀφθαλμοὺς

2135 2753 2426 2817 τοσούτους
2478 2753 2575 2807 καὶ
2620 2755 2894 2820 τοιούτους
2921 2753 3085 2826 εἶχες,
3123 2757 3282 2822 ὅσους
3319 2758 3413 2811 καὶ
3438 2757 3586 2820 οἴους
3612 2757 3756 2811 ἔδω»

2136 2864 2237 2901 κεν
2290 2848 2323 2916 ἠ
2379 2846 2568 2918 Γραφὴ
2626 2850 2741 2910 τοῖς
2792 2848 3060 2921 χερουὸίμ
3086 2867 3099 2880 ·
3164 2849 3438 2920 ἡδυνήθης
3493 2847 3562 2903 ἂν
3631 2849 3741 2903 κᾶν

2137 2937 2323 3000 ποσῶς
2374 2937 2504 3006 γοῦν
2561 2938 2855 3008 θεωρῆσαι.
2893 2939 3013 3009 (τίς
3056 2941 3166 3012 γὰρ
3209 2940 3593 3013 ἐπιδράττεται
3636 2941 3751 3011 τῆς

2136 3028 2380 3098 ἀφανοῦς
2431 3029 2525 3082 κα)⁸
2562 3030 2847 3102 ἀχωρήτου
2887 3031 3194 3101 θεότητος;)
3230 3032 3264 3102 ἢ
3300 3032 3608 3101 καταγνοὺς
3637 3031 3745 3102 τῆς

2137 3118 2336 3174 ἑαυτοῦ
2386 3118 2663 3185 ἀσεϐείας,
2715 3121 2750 3192 ἢ
2814 3121 2959 3175 ἑκὼν
3000 3124 3132 3194 ἡμῖν
3165 3122 3273 3176 τῶν
3305 3122 3591 3193 πρωτείων
3626 3123 3751 3193 se-

2141 3212 2352 3265 ίστασο.

448 3320 590 3374 Deus
651 3337 775 3376 cum
819 3323 948 3390 Deo,
1001 3336 1053 3379 et
1105 3336 1165 3380 ιιι
1232 3326 1412 3381 omnia
1461 3327 1767 3393 continens,
1813 3334 1867 3381 et
1903 3327 2105 3395 ubique
2144 3340 2383 3395 praesens
2422 3338 2526 3377 una
2569 3338 2692 3377 cum
2726 3338 2813 3389 eo,
2849 3324 2900 3378 in
2952 3341 3063 3393 quo
3097 3329 3277 3381 omnia
3322 3327 3535 3384 ﬁrmata
3573 3338 3740 3394 sunt,

441 3414 647 3482 quique
680 3417 731 3469 in
761 3419 1014 3474 omnibus
1037 3428 1141 3482 est,
1174 3430 1230 3473 et
1260 3418 1441 3472 omnia
1490 3417 1700 3485 implet.
1741 3418 2019 3486 Alioquin,
2060 3418 2105 3472 si
2136 3430 2324 3471 eorum
2359 3415 2620 3468 rationem
2676 3425 2729 3470 et
2753 3418 3014 3485 arguendi
3070 3420 3287 3473 moduni
3351 3423 3728 3485 attendamus,

446 3527 515 3567 tte
549 3511 707 3565 Pater
737 3514 953 3580 quidem
978 3513 1084 3567 erit
1114 3512 1387 3577 conditor,
1429 3521 1523 3567 aut
1553 3521 1892 3566 mortuorum
1914 3512 2209 3566 suscitator
2236 3526 2251 3562 :
2280 3508 2464 3562 omnia
2508 3510 2652 3561 enim
2724 3522 2819 3579 per
2881 3507 3078 3564 ﬁlium
3139 3510 3282 3566 facta
3327 3522 3457 3568 sunt
3503 3512 3623 3568 sine
3647 3512 3739 3567 la-

447 3604 612 3669 bore;
648 3606 803 3658 labor
831 3604 978 3658 enim
1011 3615 1095 3659 est
1127 3605 1340 3673 passio;
1367 3605 1546 3672 passio
1574 3619 1701 3658 vero
1728 3612 1812 3658 est
1854 3605 1935 3658 via
1962 3605 2029 3657 ad
2068 3602 2498 3669 corruptionem.
2558 3598 2683 3654 llaec
2751 3610 2931 3654 autem
2960 3601 3086 3656 dum
3118 3601 3375 3669 dicimus,
3443 3603 3739 3659 Dominum

450 3697 792 3750 incarnatum
843 3710 965 3749 esse
1008 3696 1125 3751 siue
1178 3703 1398 3766 peccato
1434 3711 1501 3750 ex
1541 3705 1734 3748 natura
1779 3695 1995 3760 Adatni,
2035 3695 2087 3749 id
2118 3704 2205 3749 est
2234 3708 2297 3747 ex
2334 3689 2569 3760 Virginis
2592 3703 2807 3754 natura,
2841 3702 2933 3745 aut
2988 3707 3057 3747 ex
3117 3705 3326 3759 nostra,
3364 3710 3471 3750 non
3518 3696 3741 3752 inliciat-

452 3803 605 3841 n.ur:
644 3787 740 3841 sed
788 3788 970 3851 potius
1018 3789 1119 3844 ltoc
1149 3789 1555 3854 conﬁrmamus,
1596 3805 1719 3843 cunt
1786 3790 2015 3845 dicimus
2074 3806 2142 3845 ex
2183 3787 2389 3856 Spiritu
2429 3796 2618 3840 sancto
2660 3799 2975 3857 generatum
3013 3804 3171 3844 esse:
3215 3791 3497 3859 quoniam,
3544 3800 3606 3846 ut
3650 3793 3743 3846 di-

453 3889 597 3932 ctum
622 3890 728 3944 est,
768 3879 922 3933 initio
949 3896 1163 3950 quoque
1190 3881 1261 3945 is,
1292 3883 1382 3951 qui
1423 3892 1549 3936 ante
1595 3883 1812 3944 saecula,
1876 3891 1930 3936 et
1966 3893 2095 3937 ante
2136 3881 2394 3935 mundum
2435 3877 2756 3942 exsistebat,
2790 3878 3026 3948 Spiritus
3056 3880 3169 3946 Dei,
3200 3883 3361 3936 simul
3385 3884 3578 3939 aderat
3604 3900 3735 3940 cum

454 3973 735 4025 conditore
796 3980 995 4025 nostrae
1044 3982 1289 4036 naturae;
1343 3989 1519 4041 neque
1562 3986 1693 4025 vero
1732 3988 1853 4025 cum
1916 3973 2033 4042 ipso
2074 3974 2540 4036 aderattanquaut
2572 3984 2693 4022 cum
2721 3984 2807 4034 eo,
2844 3972 2937 4040 qui
3005 3975 3210 4030 auxilio
3255 3975 3546 4045 indigeret,
3641 3982 3749 4033 sed

451 4077 577 4117 cum
608 4066 912 4130 identitate,
950 4077 1003 4118 et
1036 4066 1346 4134 :L-qualitate
1387 4064 1542 4135 191
1576 4064 1816 4128 deitatis,
1852 4077 1901 4119 et
1945 4064 2219 4120 volitionis
2280 4061 2513 4126 aderat,
2575 4076 2641 4115 ac
2705 4064 2872 4118 veluti
2920 4065 3010 4118 lux
3049 4083 3078 4119 ιι
3131 4067 3250 4123 luce
3285 4084 3394 4124 non
3465 4070 3745 4139 sejuncta.

453 4155 564 4210 Aut
588 4172 720 4229 ergo
759 4158 966 4213 sanctis
1005 4159 1381 4228 adjungere,o
1422 4156 1725 4217 Macedoni,
1783 4158 1874 4225 qui
1901 4159 2144 4212 divinum
2181 4155 2444 4225 Spiritum
2473 4166 2777 4211 creaturam
2839 4173 2944 4212 non
3007 4170 3225 4225 vocant,
3271 4164 3366 4218 sed
3410 4179 3534 4218 eum
3618 4176 3751 4234 pro-

450 4252 687 4308 cessisse
712 4253 868 4307 aiuttt
893 4268 961 4307 cx
1002 4253 1131 4319 Deo,
1166 4261 1225 4309 ut
1254 4254 1516 4325 Spiritttm
1576 4251 1693 4320 ejus
1738 4255 2037 4308 secundum
2091 4264 2376 4307 naturam:
2412 4261 2526 4312 aut,
2553 4253 2807 4319 quoniam
2844 4253 2937 4306 tibi
3004 4255 3259 4310 dictitare
3294 4272 3413 4311 mos
3482 4266 3588 4320 est,
3639 4270 3739 4312 eos

454 4339 509 4393 in
540 4344 739 4398 divinis
771 4342 1010 4397 oraculis
1042 4343 1313 4409 docuisse,
1348 4343 1614 4412 Spiritum
1640 4351 1893 4396 sanctum
1927 4341 2038 4397 Deo
2078 4342 2296 4411 quidem
2332 4349 2522 4392 natura
2555 4340 2816 4396 minorem
2845 4358 2986 4409 esse,
3054 4345 3261 4413 angelis
3316 4355 3499 4401 autem
3556 4345 3731 4412 majo-

454 4446 591 4496 rem,
626 4435 1177 4504 prwstantiorenupne
1199 4436 1483 4499 exsistere,
1508 4449 1573 4488 ac
1600 4434 1833 4487 mediam
1868 4434 2157 4503 quamdam
2194 4443 2467 4496 naturam,
2533 4441 2588 4485 et
2649 4433 2825 4488 locum
2889 4434 3140 4489 sortitum
3190 4451 3344 4503 esse;
3387 4449 3444 4491 tu
3496 4439 3611 4507 ipse
3649 4438 3741 4493 vel

454 4530 600 4578 tuam
620 4525 735 4596 (50)
772 4526 944 4594 ipsius
966 4526 1296 4596 impietatem
1321 4525 1755 4592 condetnnando,
1776 4525 1858 4580 vel
1881 4538 2092 4594 Sponte,
2124 4526 2333 4594 primas
2369 4523 2521 4577 nobis
2546 4524 2713 4578 cede:
2741 4540 2861 4594 qua:
2888 4525 3031 4579 enim
3094 4529 3272 4584 sancti
3346 4529 3424 4584 illi
3489 4530 3731 4597 scripse-

455 4625 601 4679 runt,
636 4618 761 4686 jure
800 4634 864 4672 ac
892 4619 1090 4674 merito
1119 4620 1258 4686 apud
1294 4618 1462 4675 Deum
1494 4619 1622 4683 tuis,
1647 4628 1703 4674 et
1735 4619 1851 4673 Arii
1879 4618 2041 4674 dictis
2078 4617 2471 4688 praeferuntur,
2503 4632 2603 4670 nec
2635 4617 2759 4671 licet
2786 4619 2903 4682 tibi,
2939 4627 2997 4671 ut
3054 4621 3387 4686 artilicinste,
3454 4632 3512 4677 et
3542 4624 3740 4693 sophi-

454 4707 602 4762 SIicte
630 4709 935 4777 disciplinae
1000 4709 1083 4763 lex
1114 4711 1241 4775 fert,
1288 4713 1551 4765 audacter
1600 4719 1792 4765 contra
1836 4711 2076 4765 divinum
2120 4710 2385 4780 Spiritum
2442 4709 2675 4778 propriis
2721 4710 3060 4767 sermonibus
3125 4713 3360 4779 eﬂ'utire,
3404 4715 3559 4785 cujus
3594 4714 3740 4767 divi-

458 4813 583 4857 ttatn
656 4814 909 4857 naturam
983 4820 1049 4858 ne
1092 4806 1375 4860 minimum
1414 4807 1636 4875 quidem
1680 4806 1950 4875 inspicere
1999 4822 2207 4876 posses,
2259 4805 2362 4862 etsi
2442 4805 2636 4860 mentis
2679 4806 2867 4860 oculos
2923 4815 3103 4859 tantos
3154 4821 3220 4860 ac
3292 4807 3430 4862 tales
3466 4807 3745 4870 haberes,

459 4908 686 4970 quantos
720 4906 775 4950 et
794 4895 985 4971 quales
1033 4899 1221 4951 tribuit
1251 4899 1534 4969 Scriptura
1556 4900 1873 4955 clterubinis
1913 4917 1929 4954 :
1970 4902 2093 4970 quis
2135 4901 2283 4956 enim
2356 4897 2701 4962 iuvisibilem,
2742 4908 2797 4953 et
2840 4898 3441 4967 iucotttpreltcttsibilem
3483 4899 3743 4954 deitatem

2076 5087 2117 5144 C

2157 5119 2277 5192 φαι.
2304 5114 2400 5173 Vel
2424 5114 2599 5183 potius
2620 5115 2761 5192 (cum
2786 5118 2924 5192 apud
2949 5117 3241 5192 scriptores
3263 5119 3475 5192 Didymi
3499 5121 3743 5192 mqlmlPS

2203 5194 2375 5259 ήποτε
2416 5198 2571 5259 saepe
2603 5186 2773 5238 valeat
2819 5205 2837 5236 t
2870 5187 3097 5259 fortasse
3118 5190 3165 5256 ι)
3213 5186 3379 5259 ἅπερ
3409 5190 3609 5259 μήποτ’
3640 5192 3747 5244 οὐκ

2158 5255 2235 5316 ἂν
2263 5259 2491 5323 ἔφασαν.
2525 5255 2575 5307 id
2606 5267 2689 5308 est
2723 5274 2741 5306 t
2769 5272 2886 5319 qna-
2916 5255 3153 5310 fortasse,
3176 5276 3281 5310 ttott
3318 5255 3602 5311 dixisse-ut.
3633 5280 3653 5311 ι

2232 5324 2478 5402 (Ἥλίιιι
2522 5337 2572 5402 ει
2626 5340 2716 5388 per
2769 5326 3025 5392 Spiritum
3056 5339 3355 5402 _sanrtunt.
3411 5329 3547 5382 Cum
3602 5330 3747 5384 desit

2160 5393 2363 5465 aliquid
2402 5395 2453 5465 in
2516 5393 2727 5465 (ξι-ωσι),
2774 5411 2876 5448 ιιοιι
2923 5396 3069 5462 potui
3104 5397 3249 5465 quin
3293 5396 3408 5451 haec
3471 5410 3745 5453 verterem

2159 5485 2228 5522 ex
2256 5461 2505 5530 ingenio.
2535 5461 2670 5515 l‘ttto
2704 5474 2881 5518 tamen
2919 5461 3004 5518 me
3038 5482 3068 5517 a
3096 5464 3305 5535 Didymi
3335 5469 3608 5521 sententia
3637 5486 3747 5522 non

2162 5548 2477 5593 l'et'CSSlSSe.

2236 5605 2353 5677 (ἐξ)
2392 5600 2565 5677 Quod:
2595 5599 2783 5677 Mattlt.
2814 5618 2850 5664 ι,
2877 5601 2966 5656 20.

2236 5668 2715 5744 (τζῼ)βυιιιτείηιιιιι·ἶ
2746 5671 2873 5744 Ltus.
2905 5687 2979 5744 I_V,
3013 5673 3066 5727 1.
3096 5674 3281 5727 Gra'ca
3311 5675 3510 5729 editio:
3538 5677 3749 5744 Ἥγετο

2164 5751 2224 5800 ἐν
2248 5743 2330 5820 ες)
2363 5738 2875 5820 ῐξνεύματι-είςπὴν
2902 5742 3123 5820 ξρημον.

2239 5808 2354 5934 (52)
2389 5808 2587 5891 'Tttam.
2620 5808 2722 5863 l’tu
2750 5808 2945 5867 ἑαυτοῦ
2973 5808 3152 5869 utalitn
3180 5812 3406 5868 σεαυτοῦ
3425 5831 3440 5844 '
3485 5825 3543 5872 et
3577 5815 3752 5874 εἴκω-ι

2239 5901 2265 5934 υ
2335 5895 2464 5933 κων.

2166 5901 2265 5957 pro
2305 5895 2464 5934 εκων.

537 5115 649 5187 (25)
692 5116 948 5171 Orarula.
983 5118 1168 5191 codex
1210 5129 1641 5191 proparoxytone
1674 5120 1884 5191 γράφια
1935 5130 2044 5176 ιιιιιι

467 5189 588 5253 llic,
644 5199 785 5262 ιιιιιιλ
807 5189 1129 5262 semianimi
1168 5209 1219 5242 (ι.
1272 5190 1379 5262 Sed
1432 5189 1645 5261 γραφία
1689 5189 2044 5262 ραι-υκγιοιιθ

467 5272 695 5325 Bt’gtttttt.
725 5256 829 5307 104
855 5260 903 5318 b,
940 5258 1040 5312 108
1064 5261 1116 5322 Ι),
1139 5269 1193 5312 et
1226 5259 1375 5312 alibi.

545 5328 659 5400 (ει)
703 5325 767 5378 In
800 5336 1019 5379 mentem
1054 5337 1410 5400 revocassent.
1440 5328 1615 5382 Verbo
1664 5329 2047 5400 παρενθυμοῦ-

473 5396 574 5475 μαι
610 5396 937 5475 aliter-usus
968 5405 1056 5449 est
1083 5396 1332 5475 Clemens
1360 5396 1700 5475 librqprimo
1732 5396 2047 5470 Pwdagugt’,

472 5464 591 5538 ξιιμ.
618 5464 855 5538 l2,__ubi,
884 5471 942 5515 ttt
975 5481 1118 5538 reor,
1148 5467 1291 5538 valet
1327 5482 1348 5538 ι
1376 5464 1588 5538 negligo
1611 5486 1658 5538 _.

545 5534 658 5605 (ετ)
700 5534 1017 5590 Structurw.
1071 5535 1253 5588 Codex
1285 5552 1300 5587 :
1333 5534 1426 5585 ἐπὶ
1474 5535 1696 5605 σκευῆς.
1735 5534 1878 5606 Lego
1929 5538 2052 5593 ἐπι-

474 5625 990 5748 ῗκῗέἓῗῦἱτὶςδειιι.
1020 5672 1199 5748 Codex
1232 5691 1245 5726 :
1270 5670 1417 5748 ᾇπερ
1452 5672 1648 5741 μήποτ’
1673 5672 1903 5748 ἔφασαν,
1925 5677 2054 5743 Qum

480 5743 652 5801 let-im
691 5744 819 5800 ferri
876 5750 1071 5808 pult‘st.
1122 5743 1402 5809 SuSpicari
1461 5752 1636 5793 tamen
1687 5743 1812 5796 licet
1865 5747 2056 5802 deesse

486 5815 816 5886 aliquidaut
851 5812 1133 5886 legendum
1170 5815 1270 5886 sit,
1319 5810 1467 5886 verbi
1520 5812 1713 5886 gratia,
1756 5810 2056 5886 ἆπερμή-

489 5833 714 5877 3116111111,
758 5833 816 5865 Ιιι
851 5833 1133 5878 ιιλκυιιιιιιηι
1170 5833 1270 5875 ειι,
1319 5833 1467 5863 νει-υι
1520 5833 1713 5873 κτειιιςι,
1756 5833 1902 5883 απερ
1991 5833 2056 5886 η·-

489 5884 607 5945 ποτ*
639 5884 703 5938 ἂν
731 5883 964 5951 ἔφασαν.
1001 5882 1093 5938 νει
1122 5902 1133 5937 ;
1168 5882 1314 5953 ἅπερ
1353 5880 1551 5954 μήποτ’
1575 5878 1781 5951 ἔφασαν
1818 5884 1876 5939 αἱ
1918 5833 2060 5958 Γερα-
