4054 6418
365 327 469 382 577

1390 327 1478 382 DE
1515 326 1891 382 TRINITATE
1929 328 2131 383 LIBER
2166 328 2556 387 SECUNDUS.

3516 336 3621 392 578

362 439 528 494 veluti
558 437 969 509 apprehendere
995 449 1190 511 potest,
1219 439 1551 512 et'capere?
1594 444 1701 499 Sed
1742 445 2026 500 redeamus
2073 462 2267 503 rursus
2311 449 2380 504 ad
2449 457 2852 518 argumentum,
2928 451 3071 520 quod
3148 452 3303 507 initio
3378 456 3631 524 suscepi-

433 627 508 678 Δο,
563 622 705 675 Ἀλλ’
754 623 1066 693 ὲπανίωμεν
1117 624 1282 678 πάλιν
1339 625 1431 679 ἐπὶ
1480 624 1579 695 τὴν
1641 625 1703 691 ὲξ
1768 627 1930 698 ἀρχῆς

2118 624 2209 679 lV.
2262 626 2401 695 Quia
2453 626 2784 693 sanctiﬁcat,
2831 637 2885 682 et
2931 626 3218 698 justiﬁeat,
3277 632 3423 687 sicut
3470 644 3634 692 antea

360 713 641 779 ὑπόθεσιν,
697 714 782 767 ὅτι
839 713 1055 783 ἁγιάζει
1112 716 1206 770 καὶ
1244 715 1460 783 δικαιοῖ,
1497 717 1641 772 καθὰ
1687 718 1944 791 προείπο-

408 822 486 857 εν.

408 822 486 857 εν.

365 821 407 874 μ
436 896 513 951 E’.
549 896 672 949 Ὀτι
698 895 970 967 σωτηρίαν
1010 897 1103 950 καὶ
1131 900 1243 961 τοῖς
1265 898 1653 968 ἀποσφαλεῖσιν
1685 903 1938 971 χορηγεῖ·

364 987 397 1041 ὃ
424 987 588 1059 μόνης
620 987 768 1039 ἐστὶν
792 987 891 1058 τῆς
918 992 1364 1061 παγκρατορικῆς
1396 992 1603 1056 οὐσίας.
1631 994 1794 1046 Ἄνευ
1834 994 1942 1065 γὰρ

368 1078 505 1132 Θεοῦ
539 1078 741 1147 πρᾶξαί
768 1096 822 1133 τι
850 1080 1086 1146 κτιστὺν,
1113 1081 1415 1152 ἀμήχανον,

376 1255 514 1311 Οὐδ’
537 1255 681 1311 ὅσον
728 1257 1066 1328 ἀμπετάσαι
1117 1259 1445 1329 βλεφάρων
1499 1264 1805 1405 περιφιῑέαΙ
1839 1265 1941 1319 κὺ-

1730 1352 1763 1387 κ
1808 1352 1870 1389 α.

1730 1352 1870 1389 κλα.

374 1417 594 1486 Ἔλεγεν
644 1419 753 1491 γὰρ
813 1420 843 1473 6
892 1419 1214 1486 Ἀπόστολος
1273 1422 1656 1496 Φιλιππησίοις
1719 1426 1896 1480 τοιάδε
1922 1445 1937 1458 ·

371 1528 391 1559 ι
425 1505 553 1563 Οἶδα
578 1509 707 1581 γὰρ,
745 1513 827 1565 ὅτι
858 1512 1015 1567 τοῦτό
1049 1530 1138 1584 μοι
1167 1514 1501 1587 ἀποϐήσεται
1536 1518 1615 1581 εἰς
1644 1517 1937 1590 σωτηρίαν,

359 1600 449 1654 διὰ
489 1601 590 1671 τῆς
626 1603 779 1673 ὑμῶν
819 1603 1076 1675 δεήσεως,
1116 1606 1209 1659 καὶ
1245 1608 1606 1679 ἐπιχορηγίας
1642 1610 1736 1663 τοῦ
1777 1611 1941 1665 Πνεύ-

362 1708 532 1761 ματος
588 1693 760 1762 Ἰησοῦ
809 1693 1070 1765 Χριστοῦ.
1108 1714 1126 1748 ι
1179 1695 1337 1751 mea
1383 1697 1621 1769 ὕμνηται
1672 1701 1800 1772 περὶ
1839 1702 1938 1773 μὲν

356 1783 453 1837 τοῦ
493 1785 705 1857 Πατρὸς
747 1787 804 1839 ὲν
839 1787 1026 1857 Ὠσηὲο
1070 1806 1088 1839 ι
1121 1788 1267 1860 Πλὴν
1308 1790 1442 1861 ἐμοῦ
1486 1791 1546 1844 ού
1583 1790 1795 1866 γνώσῃ’
1844 1794 1938 1848 καὶ

362 1872 550 1939 σώζων
589 1876 689 1929 οὐκ
723 1875 867 1929 ἔστιν
920 1877 1095 1948 πάρεξ
1141 1878 1309 1949 ἐμοῦ·
1357 1899 1378 1934 ι
1422 1882 1550 1954 περὶ
1583 1882 1639 1935 δὲ
1678 1883 1773 1936 τοῦ
1802 1883 1934 1938 Υίοῦ

2046 718 2304 776 diximus.

2117 893 2178 947 ν.
2216 892 2353 960 Quia
2377 894 2603 950 salutem
2634 899 2794 952 etiam
2824 898 2912 963 iis,
2936 898 3027 968 qui
3047 907 3322 964 errarunt,
3360 900 3625 973 largitur:

2043 984 2186 1049 quod
2213 985 2382 1039 solius
2413 994 2498 1041 est
2532 987 2922 1057 omnipotentis
2979 991 3264 1055 essentia;
3302 991 3417 1046 ﬁeri
3472 996 3619 1049 enim

2043 1089 2149 1128 non
2181 1086 2379 1142 potest,
2419 1086 2477 1130 ut
2507 1078 2626 1133 sine
2658 1079 2750 1134 Dei
2783 1094 2886 1149 ope
2910 1092 3161 1137 creatura
3191 1084 3468 1153 quidpiam
3486 1100 3616 1156 ope-

2044 1174 2212 1230 retur,

2115 1255 2197 1312 Ne
2225 1266 2428 1313 tantum
2454 1260 2682 1329 quidem,
2711 1271 2965 1334 quantum
2989 1275 3065 1318 est
3101 1266 3360 1334 palpebris
3408 1268 3623 1324 clausos

2754 1329 3047 1404 [oculorum
3080 1329 3223 1390 orbes
3254 1338 3367 1409 (Si)
3397 1339 3624 1409 aperire.

2040 1417 2173 1473 Nam
2223 1420 2339 1475 hzec
2410 1419 2848 1491 Philippensihus
2912 1424 3025 1496 (5‘2)
3088 1428 3224 1482 dixit
3286 1431 3615 1497 Apostolus:

2046 1526 2066 1559 ι
2114 1508 2238 1563 Scio
2261 1509 2373 1581 (55)
2399 1512 2565 1577 enim,
2605 1514 2749 1582 quod
2792 1514 2891 1568 hoc
2915 1517 3043 1570 mihi
3070 1520 3349 1587 proveniet
3378 1521 3445 1577 ad
3480 1526 3623 1579 salu-

2041 1609 2145 1655 tem
2174 1616 2269 1671 per
2298 1596 2530 1656 v'estram
2556 1604 2887 1669 orationem.
2948 1618 3001 1662 et
3053 1611 3615 1673 subministrationem

2040 1692 2273 1760 Spiritus
2303 1692 2428 1748 Jesu
2474 1694 2699 1750 Christi.
2741 1716 2760 1749 ι
2792 1697 2943 1752 Sicut
2980 1700 3045 1754 de
3076 1701 3234 1757 Patre
3283 1705 3497 1773 quidem
3551 1712 3622 1763 ah

2040 1783 2177 1839 Osee
2202 1786 2416 1855 hymnis
2437 1801 2559 1840 eum
2593 1788 2901 1844 celebrante
2949 1791 3148 1846 dictum
3183 1804 3299 1850 est:
3336 1813 3354 1846 ι
3403 1796 3609 1853 Pneter

2040 1889 2125 1929 me
2153 1874 2265 1945 (54)
2293 1890 2397 1928 non
2426 1890 2738 1946 cognosces,
2770 1889 2823 1932 et
2848 1880 2939 1948 qui
2963 1881 3132 1935 salvet
3162 1899 3265 1937 non
3295 1893 3400 1949 est,
3427 1898 3622 1953 praeter

354 1965 419 2019 iv
444 1967 562 2028 ταῖς
589 1965 857 2036 Πράξεσιν
882 1985 896 1999 ·
934 1985 953 2018 ι
991 1967 1096 2022 Kal.
1123 1970 1223 2024 οὐκ
1251 1969 1398 2024 ἔστιν
1427 1972 1484 2025 ὲν
1522 1972 1667 2043 ἄλλῳ
1691 1974 1865 2028 οὐδενὶ
1903 1976 1930 2048 ἡ

2041 1977 2158 2031 me;
2196 1982 2216 2015 ι
2247 1964 2315 2018 de
2344 1964 2482 2019 Filio
2509 1979 2689 2022 autem
2715 1967 2768 2021 in
2796 1968 2977 2023 Actis:
3014 1989 3033 2021 ι
3080 1971 3146 2025 Ει
3173 1988 3279 2027 non
3305 1984 3385 2029 est
3421 1974 3537 2046 (55)
3563 1978 3616 2032 in

359 2056 620 2126 σωτηρία.
657 2057 792 2110 Οὐδὲ
831 2056 940 2130 γὰρ
980 2058 1109 2113 ἄλλο
1140 2059 1313 2130 ὄνομά
1360 2063 1509 2117 ἐστιν
1571 2062 1676 2115 ὑπὸ
1721 2063 1812 2117 τὸν
1843 2066 1937 2118 οὒ·-

358 2146 519 2216 ρανὸν
557 2145 618 2199 τὸ
661 2146 939 2218 δεδομένον
989 2150 1049 2202 ὲν
1093 2149 1420 2223 ἀνθρώποις,
1468 2153 1526 2207 ὲν
1560 2146 1605 2221 ᾧ
1649 2153 1731 2207 δεῖ
1762 2154 1937 2226 σωθῆ-

353 2254 464 2291 ναι.
488 2258 507 2289 ι

429 2329 517 2395 ς’.
553 2326 675 2381 Ὅτι
708 2328 934 2383 Θανάτου
960 2330 1254 2402 ἐλευθεροῖ,
1286 2331 1381 2384 καὶ
1409 2332 1685 2405 ἁμαρτίας
1721 2349 1935 2405 συγχω·

356 2422 459 2489 psi,
493 2418 587 2473 ἅτε
616 2418 681 2491 δὴ
703 2421 768 2474 ὲκ
794 2420 891 2492 τῆς
913 2422 1187 2494 πατρικῆς
1217 2421 1372 2494 ῥίζης
1395 2423 1583 2488 οὐσίας
1603 2425 1815 2499 καρπὸν
1845 2426 1936 2495 φέ-

357 2526 449 2581 ρον
466 2508 527 2562 τδ
552 2509 817 2565 ἀθάνατον
843 2513 936 2566 καὶ
968 2512 1115 2569 ἵλεω.
1144 2514 1416 2585 Κτίσματι
1450 2515 1507 2568 δὲ
1538 2517 1599 2569 οὐ
1623 2516 1867 2579 δυνατὸν,
1897 2518 1930 2589 ἢ

352 2604 733 2674 ἀναμάρτητον
760 2600 916 2669 εἶναι,
943 2604 976 2675 ἢ
1011 2604 1069 2657 ἓν
1097 2605 1299 2659 τούτων
1318 2607 1528 2661 οἴκοθεν
1552 2609 1796 2680 ποιῆσαι.
1825 2610 1932 2663 Οὑ-

349 2692 408 2746 δὲ
465 2694 571 2766 γὰρ
614 2697 765 2750 οὐδὲν
810 2697 917 2750 τῶν
964 2698 1308 2768 πνευμάτων,
1344 2699 1421 2763 ὡς
1454 2701 1795 2774 προεδείχθη,
1835 2703 1931 2756 ἀν-

348 2783 697 2858 αμάρτητονο
727 2787 848 2841 οὐδὲ
876 2788 1037 2859 τάχα,
1072 2787 1193 2841 καθ’
1225 2789 1530 2863 ὑπερὸολὴν
1564 2790 1746 2859 λόγου,
1779 2792 1812 2862 ἡ
1856 2790 1931 2863 μὴ

347 2871 485 2929 οὖσα
508 2876 719 2949 λογική.
760 2879 870 2933 Καὶ
912 2880 1022 2951 γὰρ
1064 2882 1093 2934 6
1124 2880 1350 2950 οὐρανὸς
1387 2881 1548 2946 αὐτὸς
1576 2883 1671 2936 καὶ
1703 2885 1731 2936 6
1776 2883 1929 2953 ἥλιος

345 2968 489 3040 πρὸς
512 2968 607 3041 τὴν
634 2969 726 3022 τοῦ
757 2968 890 3023 Θεοῦ
920 2970 1268 3042 καθαρότητα
1293 2973 1392 3025 οὐκ
1412 2973 1711 3043 ἄμεμπτοι.
1741 2975 1803 3028 El
1823 2978 1931 3047 γάρ

349 3062 447 3116 καὶ
474 3060 749 3129 φαίνονται
777 3062 1064 3116 ἀπόστολοι
1094 3080 1223 3117 ποτε
1250 3064 1490 3118 τοιοῦτόν
1524 3082 1576 3119 τι
1603 3066 1927 3136 πράξαντες,

350 3153 453 3206 οὐκ
482 3152 584 3224 ἰδίᾳ.
609 3153 835 3225 δυνάμει
874 3153 964 3227 [87
992 3154 1046 3228 ὸ]
1093 3156 1489 3227 περιεγένοντο,
1542 3156 1677 3211 ἀλλὰ
1715 3161 1779 3230 τῇ
1836 3160 1928 3214 τοῦ

2038 2053 2145 2108 ιιΙΙο
2168 2054 2275 2109 alio
2300 2055 2481 2110 salus:
2521 2072 2618 2110 nec
2640 2058 2781 2111 enim
2809 2058 2954 2113 aliud
2989 2075 3183 2116 nomen
3216 2075 3298 2117 est
3339 2065 3441 2120 sub
3478 2069 3618 2123 caelo

2037 2147 2220 2201 datum
2256 2146 2308 2200 in
2340 2146 2670 2213 hominibus,
2702 2149 2753 2202 in
2780 2165 2887 2219 quo
2935 2162 3182 2220 oporteat
3214 2155 3433 2211 salvari.
3482 2176 3503 2209 ι

2106 2319 2194 2375 Vl.
2227 2320 2362 2387 Quia
2389 2338 2420 2377 a
2458 2331 2633 2379 morte
2659 2324 2872 2391 liberat,
2912 2337 2967 2382 et
3006 2340 3226 2397 peccata
3261 2331 3505 2401 dimittit,
3530 2345 3617 2389 ut-

2035 2418 2159 2478 pote
2180 2410 2227 2465 is
2251 2426 2443 2481 nempe
2466 2414 2559 2484 qui
2586 2428 2651 2467 ex
2678 2426 2915 2484 paterna:
2946 2420 3199 2475 essentia:
3249 2422 3428 2477 radice
3471 2424 3614 2481 hunc

2035 2500 2201 2556 veluti
2232 2501 2468 2558 fructum
2519 2505 2704 2570 refert,
2766 2506 2925 2577 192
2957 2519 3015 2561 ut
3061 2509 3134 2564 sit
3168 2510 3520 2581 immortalis,
3558 2524 3616 2570 et

2035 2594 2302 2663 propitius
2332 2594 2469 2665 (56).
2497 2594 2757 2650 Creatura
2783 2612 2911 2654 vero
2933 2616 3037 2655 non
3083 2610 3259 2673 potest
3283 2614 3377 2660 aut
3408 2608 3614 2679 impec-

2033 2685 2225 2741 cabilis
2250 2701 2392 2752 esse,
2426 2698 2521 2742 aut
2548 2688 2843 2759 quidquam
2875 2691 3095 2760 horum,
3121 2711 3243 2766 qua:
3273 2699 3485 2764 dixi,de
3512 2717 3615 2757 suo

2035 2776 2382 2832 faceremam
2402 2794 2470 2834 ne
2491 2781 2777 2848 spirituum
2801 2783 3018 2853 quidem
3047 2786 3207 2852 ullus,
3231 2798 3288 2842 ut
3318 2800 3473 2845 antea
3498 2792 3613 2865 (57)

2031 2879 2302 2925 ostensum
2334 2869 2472 2938 fuit,
2523 2882 2607 2929 est
2657 2874 3054 2945 impeccabilis;
3094 2879 3245 2947 imo,
3294 2890 3353 2937 ut
3407 2885 3606 2955 hyper-

2032 2959 2154 3015 bole
2221 2963 2490 3017 sermonis
2568 2972 2724 3029 utar,
2781 2980 2850 3020 ne
2920 2968 3030 3023 ulla
3102 2973 3320 3040 quidem
3380 2973 3614 3031 fortasse

2031 3066 2281 3109 creatura
2313 3053 2427 3126 (58)
2480 3056 2853 3113 irrationalis:
2911 3075 3033 3114 nam
3079 3063 3276 3118 caelum
3316 3065 3512 3135 ipsum,
3555 3077 3614 3124 et

2030 3144 2131 3210 sol,
2171 3146 2215 3201 si
2245 3161 2368 3201 cum
2412 3146 2503 3202 Dei
2538 3148 2773 3216 puritate
2808 3150 3183 3218 conferantur,
3221 3156 3613 3226 irreprehensi-

351 3243 623 3307 εἰπόντος·
674 3264 692 3297 ι
744 3246 832 3299 Ἐν
877 3245 954 3316 τῷ
992 3246 1109 3317 ἐμῷ
1163 3247 1385 3317 ὀνόματι
1449 3247 1671 3318 μείζονα
1724 3248 1928 3303 τούτων

2035 3236 2166 3291 biles
2195 3252 2300 3291 non
2333 3249 2483 3292 sunt.
2515 3238 2625 3293 Etsi
2673 3255 2836 3308 porro
2882 3243 3153 3312 apostolos
3195 3246 3465 3302 interdum
3509 3250 3613 3305 tale

350 3336 599 3406 ποιήσετε
622 3352 638 3369 ⁸
679 3355 699 3389 ι
730 3338 824 3391 καὶ
848 3339 913 3407 τῇ
950 3336 1045 3390 τοῦ
1082 3336 1400 3407 Πνεύματος
1423 3338 1518 3391 τοῦ
1556 3338 1788 3411 Πατρός,
1829 3339 1924 3393 τοῦ

2040 3329 2242 3398 aliquid
2280 3327 2474 3384 fecisse
2500 3339 2731 3393 constet,
2774 3348 2878 3386 non
2910 3335 3125 3403 propria
3165 3345 3342 3391 tamen
3405 3339 3612 3396 virtute

346 3426 676 3497 λαλήσαντος
696 3428 753 3479 ὲν
784 3429 987 3491 αὐτοῖς,
1021 3428 1164 3482 καθὰ
1198 3429 1503 3499 Ῥωμαίους
1532 3429 1743 3494 Παῦλος
1780 3430 1930 3484 διδά-

346 3535 469 3572 σκει
489 3535 503 3549 ο
523 3537 542 3570 ι
564 3519 628 3584 Ὀ,
640 3519 750 3591 γάρ
761 3519 923 3589 νόμος
947 3518 1040 3572 τοῦ
1069 3518 1404 3590 Πνεύματος,
1431 3522 1489 3573 ὲν
1509 3521 1730 3594 Χριστῷ
1755 3523 1930 3593 Ἰησοῦ

342 3610 714 3683 ἠλευθέρωσέν
751 3628 817 3683 με
849 3611 955 3666 ἀπδ
977 3611 1073 3665 τοῦ
1097 3611 1261 3683 νόμου
1286 3613 1387 3684 τῆς
1414 3612 1691 3685 ἁμαρτίας
1716 3613 1811 3667 καὶ
1832 3613 1930 3667 τοῦ

345 3703 597 3758 θανάτου.
618 3723 635 3755 ι
661 3704 770 3758 Καὶ
788 3707 817 3759 6
838 3705 1114 3778 Δεσπότης
1132 3706 1190 3760 δὲ
1219 3708 1347 3779 παρ’
1383 3706 1625 3779 Ἰωάννῃ,
1649 3707 1933 3771 ἀποδιδοὺς

341 3793 476 3864 ἡμῖν
493 3794 554 3847 τὺ
580 3795 735 3863 ἆγιον
759 3794 1002 3868 Πνεῦμα,
1021 3794 1052 3848 ὃ
1074 3797 1438 3861 ἀπολέσαντες
1455 3791 1595 3869 ἦμεν
1606 3798 1693 3851 διὰ
1712 3798 1809 3869 τῆς
1834 3799 1931 3870 ἀρ-

339 3887 501 3957 χαίας
517 3887 1164 3960 παρακοῆς,ὲνεφύσησεν
1175 3890 1255 3954 είς
1270 3889 1337 3943 τὰ
1359 3889 1626 3961 πρόσωπα
1635 3889 1744 3944 τῶν
1758 3891 1932 3963 μαθη-

336 3977 468 4041 τῶν,
486 3978 580 4033 καὶ
591 3973 763 4032 εἶπεν
788 3979 1023 4033 ιΔάϐετε
1046 3979 1269 4051 Πνεῦμα
1285 3979 1460 4048 ἆγιον.
1481 3981 1580 4033 "Av
1603 3997 1766 4034 τινων
1789 3981 1931 4053 ἀφῆ-

338 4086 402 4122 τε
425 4070 525 4134 τὰς
542 4070 838 4142 ἁμαρτίας,
855 4070 1135 4142 αφίενται·
1175 4071 1241 4125 ἄν
1264 4088 1424 4124 τινων
1445 4071 1702 4142 κρατῆτε,
1726 4071 1928 4142 κεκρά-

341 4174 551 4228 τηνται.
563 4179 582 4211 ι
610 4159 872 4214 Ἐνταῦθα
890 4159 1140 4214 τοσοῦτον
1156 4159 1251 4214 τοῦ
1265 4160 1592 4231 ἀειμνήστου
1612 4160 1927 4233 Πνεύματος

344 4249 408 4303 τὸ
431 4250 792 4316 αὐτεξούσιον,
820 4252 901 4305 ὅτι
923 4251 1083 4315 αὐτός
1105 4269 1166 4304 τε
1191 4251 1258 4305 δι’
1287 4250 1477 4304 ἑαυτοῦ
1499 4251 1772 4323 ἁμαρτίας
1790 4268 1926 4319 συγ-

344 4347 531 4417 χωρεῖ,
549 4344 643 4399 καὶ
671 4347 729 4398 ὲν
758 4343 836 4415 τῷ
853 4345 1072 4416 ὀνόματι
1086 4346 1178 4398 καὶ
1197 4347 1263 4416 τῇ
1281 4344 1507 4415 δυνάμει
1524 4342 1711 4407 αὐτοῦ,
1727 4345 1775 4397 οἱ
1791 4343 1925 4397 ἀπό-

347 4434 542 4497 στολοι,
568 4434 664 4487 καὶ
688 4433 887 4498 πάντες
909 4437 957 4488 οἱ
976 4435 1319 4498 πιστεύοντες
1350 4433 1723 4506 αὐτῷ.ἇφεσιν
1743 4435 1925 4506 ἁμαρ-

341 4526 473 4581 τιῶν
506 4527 851 4599 παρέχουσιν.
884 4530 1007 4583 Ὅτι
1049 4528 1108 4583 δὲ
1146 4528 1282 4583 Θεοῦ
1315 4528 1479 4599 μόνου
1516 4528 1579 4582 τὸ
1613 4527 1922 4582 ἱλάσκεσθαι

341 4618 766 4691 ἁμαρτάνουσιν,
822 4618 1020 4685 ἔνδοξοι
1073 4618 1207 4674 Θεοῦ
1278 4620 1465 4689 ῥήσεις
1525 4619 1916 4690 σημαίνουσιν·
1954 4653 1999 4707 D

346 4728 367 4762 ι
404 4707 545 4778 Ἐγὼ
579 4728 600 4763 ι
627 4707 756 4780 γάρ,
792 4714 976 4783 φησιν,
1011 4729 1030 4763 ι
1066 4710 1182 4783 ειμὶ
1213 4711 1242 4763 6
1266 4708 1565 4779 ὲξαλείφων
1608 4708 1707 4775 τὰς
1740 4709 1923 4780 ἁμαρ-

414 4888 529 4971 (51)
570 4888 754 4971 Qrbes.
785 4888 923 4971 ‘Pro
995 4890 1173 4971 κύκλα
1231 4888 1518 4971 legendum
1580 4889 1910 4971 conjiceretn

339 4959 518 5024 κύλα,
546 4961 645 5030 nisi
678 4959 853 5014 κύκλα
899 4976 1003 5018 non
1042 4963 1198 5016 modo
1243 4959 1533 5030 Dionysius
1580 4959 1907 5030 Periegetes,

342 5032 442 5084 sed
478 5039 533 5084 et
582 5029 841 5085 Homerus
889 5032 1113 5087 dixisset
1144 5031 1197 5085 in
1251 5028 1688 5086 duodevicesimo
1714 5028 1911 5085 Iliadis

342 5098 485 5171 libro
510 5113 662 5171 versu
685 5101 810 5162 575.
832 5105 922 5171 qui
949 5111 1035 5157 est
1069 5101 1414 5171 huiusmodi:

338 5169 583 5238 Χρύσεα
635 5169 702 5225 δέ
756 5166 865 5240 σςρἱ
910 5172 1031 5227 ὑπὸ
1092 5166 1290 5225 κύκλα
1356 5168 1591 5236 ἑκάστῳ
1612 5166 1910 5293 Ῐθσξῖιζιῖᾷἐνι

1715 5255 1838 5292 κεν.

340 5308 815 5401 δίῗηξξ¹ίἯ,ρῖῑ¹νθ⁸
840 5309 1505 5401 ¹ῗβ““ι,Ρ¹¹ἶ,Ῠπ⁶Ξ⁰ἕλέ;.
1612 5236 1709 5401 [ign

411 5380 526 5453 (52)
568 5380 1005 5453 Ph’ilippensiius.
1034 5380 1253 5437 Codex:
1285 5381 1677 5445 Φιλιππισίοις.

417 5454 533 5522 (55)
570 5453 718 5523 Scio.
749 5455 979 5523 Philipp.
1011 5469 1050 5517 ι,
1079 5453 1166 5507 l9.

557 5522 763 5579 Prwter
786 5520 1043 5594 min—Osee
1063 5538 1183 5594 χιιι,
1200 5522 1254 5577 5.
1274 5521 1546 5594 Complut.
1557 5520 1910 5594 editiotﬂebv

332 5592 661 5666 πλὴνὲμοῦ
710 5593 1026 5666 οἶδ’-γνώσῃ.
1083 5593 1277 5666 Vocem
1340 5608 1465 5666 vero
1517 5592 1668 5666 Θεόν,
1723 5592 1774 5645 id
1827 5602 1912 5648 est

339 5681 359 5713 ι
392 5662 642 5728 Demn,’
690 5662 902 5719 videtur
949 5662 1039 5718 hic
1095 5663 1348 5717 omisisse
1392 5663 1644 5717 librarius
1695 5670 1904 5717 noster.

333 5731 1019 5806 EilitioFrancol'urtensis
1048 5732 1208 5804 paulo
1237 5733 1435 5801 aliter,
1486 5747 1722 5806 nempe:
1772 5731 1907 5797 Θεὸς

335 5799 477 5872 πλὴν
507 5803 643 5874 ἐμοῦ
671 5803 772 5859 οὐκ
800 5804 939 5859 ἔστι.

2037 3421 2465 3477 fueruntmortis
2486 3422 2737 3487 victores.
2773 3435 2868 3480 aut
2902 3429 3129 3496 peccati,
3184 3431 3278 3485 sed
3315 3431 3515 3488 virtute
3542 3434 3610 3488 il-

2040 3513 2163 3580 lius,
2197 3513 2287 3581 qui
2318 3513 2474 3579 dixit,
2512 3531 2530 3565 ι
2568 3513 2621 3567 In
2656 3516 2874 3571 nomine
2900 3517 3013 3588 (59)
3037 3534 3157 3574 meo
3177 3522 3381 3589 majora
3417 3523 3500 3579 his
3530 3525 3611 3579 la-

2037 3606 2255 3669 cietis,»
2292 3616 2347 3659 et
2372 3607 2569 3661 virtute
2599 3607 2833 3676 Spiritus
2866 3607 3063 3672 Patris,
3093 3612 3185 3682 qui
3218 3613 3270 3667 in
3296 3617 3375 3669 eis
3398 3614 3611 3671 locutus

2036 3707 2139 3762 est,
2171 3698 2314 3752 sicut
2348 3698 2625 3752 Romanos
2658 3699 2812 3754 docet
2830 3699 3065 3756 Paulus:
3101 3721 3120 3755 ι
3159 3702 3269 3759 Lex
3304 3708 3444 3760 enim
3494 3707 3611 3781 (Λευ)

2037 3789 2274 3860 Spiritus
2306 3788 2492 3860 (4|)in
2543 3789 2761 3846 Christo
2804 3789 2931 3846 Jesu
2979 3793 3228 3851 liberavit
3286 3813 3372 3852 me
3416 3813 3447 3853 a
3490 3800 3611 3871 lege

2034 3880 2246 3951 peccati
2296 3892 2352 3936 et
2404 3881 2616 3935 mortis.
2678 3899 2698 3935 ι
2752 3882 2831 3938 Ac
2878 3884 3136 3940 Dominus
3208 3903 3421 3959 quoque
3467 3897 3608 3961 apud

2033 3971 2296 4027 Joannem
2326 3973 2556 4027 reddens
2604 3972 2760 4029 nobis
2814 3973 3072 4044 Spiritum
3125 3990 3395 4047 sanctum,
3444 3999 3606 4054 quem

2033 4065 2389 4118 amiseramus
2406 4076 2503 4132 per
2515 4072 2751 4119 veterem
2773 4064 3213 4133 inohedieutiain,
3237 4070 3517 4130 insntllans
3550 4076 3608 4132 in

2034 4155 2199 4210 facies
2219 4154 2603 4224 discipulorum
2626 4158 2739 4210 ait:
2767 4174 2788 4208 ι
2810 4158 3052 4227 Accipite
3067 4159 3178 4229 (42)
3200 4160 3458 4231 Spiritqu
3474 4182 3610 4220 san-

2032 4257 2207 4303 ctum:
2242 4245 2802 4316 quorumditniseritis
2823 4258 3066 4317 peccata,
3096 4251 3440 4307 dimittuntur
3462 4255 3602 4327 (45);

2032 4354 2258 4410 quorum
2333 4337 2683 4405 retinueritis,
2734 4349 2938 4394 retenta
2982 4349 3166 4397 sunt.»
3206 4340 3338 4397 Tam
3408 4360 3605 4413 magna

2032 4431 2195 4493 illius,
2229 4429 2320 4499 qui
2357 4444 2481 4484 cum
2515 4428 2675 4483 laude
2704 4444 2918 4500 semper
2938 4436 3447 4490 commemoraudus
3485 4447 3596 4500 est,

2031 4523 2266 4593 Spiritus
2290 4522 2503 4591 propria
2531 4531 2769 4591 potestas
2796 4521 2898 4576 hoc
2928 4523 2979 4576 in
3014 4522 3135 4578 loco
3164 4524 3451 4590 indicatur,
3474 4529 3602 4596 quia

2027 4625 2082 4669 et
2107 4616 2221 4684 ipse
2252 4628 2346 4683 per
2374 4626 2433 4667 se
2469 4611 2644 4680 ipsum
2667 4624 2887 4680 peccata
2912 4615 3203 4681 condonat,
3247 4626 3302 4671 et
3349 4617 3401 4671 in
3459 4617 3603 4676 illius

2028 4704 2265 4770 nomine,
2312 4718 2376 4758 ac
2399 4703 2598 4757 virtute
2635 4712 2745 4758 tum
2776 4705 3028 4773 apostoli,
3089 4716 3199 4779 tum
3240 4722 3452 4777 omnes,
3504 4712 3601 4781 qui

2093 4884 2208 4959 (55)
2254 4888 2322 4959 Et
2355 4899 2456 4959 non
2491 4886 2741 4959 estLArct.
2769 4901 2843 4951 tv,
2871 4886 2958 4959 l2.

2114 4954 2204 5020 56)
2246 4954 2539 5029 PrOpilius.
2578 4956 2706 5009 Vide
2734 4967 2843 5029 not.
2878 4958 2970 5021 M,
2998 4972 3118 5029 pag.
3145 4956 3235 5013 8|.

2113 5029 2204 5090 57)
2244 5030 2431 5081 Antea.
2473 5027 2604 5096 Cap.
2633 5027 3110 5096 Superioressegui.
3134 5029 3206 5081 70
3228 5029 3281 5082 b.

2088 5094 2198 5168 ('38)
2237 5096 2516 5153 creatura.
2562 5094 2620 5150 lu
2667 5095 2855 5152 Graeco
2899 5094 3133 5154 fortasse
3177 5098 3421 5155 addenda
3465 5113 3594 5167 vox,

2017 5168 2215 5221 κτίσις.

2242 5234 2310 5292 In
2367 5238 2597 5295 nomine.
2645 5232 2804 5293 Joan.
2845 5252 2961 5305 xw,
3005 5235 3096 5291 ιε.
3142 5234 3372 5293 Sensum
3418 5237 3590 5304 citat,

2016 5323 2121 5362 nnu
2161 5309 2345 5363 verba.

2089 5376 2201 5451 (40)
2242 5377 2351 5451 ζιεέτ
2383 5375 2730 5451 enim._Rom.
2760 5377 2958 5451 vm,2.

2085 5447 2199 5518 (4|)
2239 5447 2493 5517 Spiritus.
2528 5447 2715 5518 Graeca
2768 5450 2972 5512 editio,
3018 5458 3073 5504 et
3107 5447 3266 5515 Vulg.
3302 5447 3593 5503 translatio

2019 5517 2245 5583 addunt,
2282 5519 2385 5589 τῆς
2414 5518 2584 5589 ζωῆς.
2620 5517 2680 5589 id
2698 5528 2789 5589 _est
2825 5536 2844 5569 ι
2879 5520 3018 5574 vitae.
3044 5537 3063 5570 ι
3104 5520 3220 5587 Quo
3263 5522 3420 5574 modo
3456 5518 3589 5588 legit

2018 5589 2133 5659 ipse
2171 5585 2424 5659 Didymus
2452 5585 2620 5659 Segni.
2653 5585 2723 5640 28
2746 5605 2797 5641 rt.

2087 5658 2200 5729 (42)
2241 5656 2489 5728 Accipite.
2519 5656 2685 5729 Joan:
2705 5672 2796 5722 xx,
2824 5656 2975 5729 22st
2999 5657 3091 5729 εστ

2088 5670 2179 5729 (4‘2
2241 5670 2489 5728 Acczptte.
2519 5670 2673 5713 Joan.
2705 5672 2796 5722 xx,
2824 5670 2895 5711 zz
2922 5670 2975 5714 et
2999 5670 3091 5712 25.

2088 5670 2203 5801 (45)
2245 5729 2615 5801 Dimittuntur.
2646 5725 2824 5785 Grato.
2848 5728 2937 5785 ed.
2966 5738 3022 5784 cl
3053 5727 3207 5799 Vulg.
3244 5728 3343 5784 int.
3384 5723 3587 5783 addunt

2014 5798 2220 5869 αὐτοῖς,
2248 5799 2308 5867 id
2336 5811 2423 5857 est
2455 5815 2476 5849 ι
2504 5798 2606 5856 eis.
2627 5815 2649 5850 ι
