4054 6416
292 339 389 395 581

1325 339 1413 394 DE
1448 339 1820 396 TRINITATE
1859 340 2066 394 LIBER
2095 338 2499 398 SECUNDUS.

3465 350 3572 407 582

293 453 425 510 Θεοῦ
454 452 713 525 δύναμις,
754 453 852 507 καὶ
906 453 1041 506 Θεοῦ
1082 453 1261 523 σοφία.
1299 473 1319 506 ι
1354 454 1630 518 Ματθαῖος
1655 454 1762 508 ἀπὸ
1792 453 1867 507 τοξ

1992 455 2194 510 virtute
2224 456 2525 524 signorum,
2550 463 2605 511 et
2634 456 3028 526 prodigiorum,
3071 459 3124 514 in
3165 460 3365 517 virtute
3393 461 3571 533 Spiri'

296 546 544 616 Σωτῆρος
567 562 582 575 ο
625 566 643 596 α
674 546 738 598 Εἰ
761 545 817 598 δὲ
838 547 895 598 ἐν
920 545 1195 615 Πνεὺματι
1226 545 1361 598 Θεοῦ
1398 544 1645 599 ἐκϐάλλω
1671 545 1741 598 τὰ
1771 545 1890 599 δαι-

300 639 476 710 μόνια,
504 636 615 708 ἄρα
638 634 872 704 ἔφθασεν
902 637 987 705 ἐφ’
1022 637 1165 707 ὑμᾶς
1203 638 1236 707 ἡ
1273 637 1519 707 βασιλεία
1548 636 1639 689 τοῦ
1666 636 1823 689 Θεοῦ.
1863 656 1882 690 ι

296 730 407 783 Καὶ
428 729 505 791 ὼς
536 729 595 780 ὲν
633 727 711 798 τῷ
740 727 1051 798 φωτίσματι
1094 729 1458 801 συμπράττει,
1484 729 1746 783 ἀδύνατον
1774 730 1887 782 τοί-

296 838 393 875 νυν
439 823 507 892 τῇ
545 820 832 891 συμφωνίᾳ
876 820 971 873 καὶ
1000 823 1065 891 τῇ
1101 821 1351 893 ἐνεργείᾳ
1386 821 1653 892 ὑπάρχειν
1683 820 1760 884 ἓν,
1807 821 1882 891 μὴ

296 913 464 984 οῦσης
486 912 586 983 τῆς
613 910 803 974 οὐσίας
832 913 960 981 μιᾶς
982 928 996 942 ο
1024 914 1116 965 καὶ
1146 913 1234 966 διὰ
1266 912 1422 965 τοῦτο
1448 913 1595 981 λέγει
1621 915 1648 965 6
1678 914 1884 966 Δεσπό-

298 1019 400 1071 της
452 1002 579 1056 ποτὲ
618 1003 751 1071 μέν·
793 1018 813 1051 ι
854 1001 913 1054 ὐ
936 1000 1125 1072 Πατὴρ
1166 1003 1194 1054 6
1234 1004 1290 1052 ὲν
1332 1003 1454 1071 ἐμοὶ
1488 1001 1682 1070 μένων,
1722 1003 1885 1066 αὐτὸς

302 1096 447 1147 ποιεῖ
472 1096 540 1146 τά
561 1093 697 1164 ἔργα
717 1109 733 1125 ·
770 1111 790 1145 ι
828 1093 958 1145 ποτὲ
982 1092 1058 1156 δὲ,
1083 1092 1159 1155 ὡς
1182 1092 1277 1145 νῦν
1308 1093 1521 1165 εἴρηται
1543 1109 1556 1123 ’
1594 1112 1609 1144 ι
1657 1093 1797 1162 Ἐγὼ
1826 1095 1884 1147 ἐν

306 1185 575 1256 Πνεύματι
618 1183 752 1237 Θεοῦ
802 1182 893 1255 [88
916 1182 969 1255 b]
1018 1183 1266 1237 ἐκϐάλλω
1312 1184 1381 1237 τὰ
1428 1184 1698 1255 δαιμόνια.
1735 1205 1754 1236 ι
1787 1186 1885 1238 Διά

306 1276 463 1330 τοῦτο
486 1277 539 1331 δὲ
564 1277 657 1330 καὶ
688 1276 900 1339 Παῦλος
920 1272 1071 1329 εἶπεν
1088 1293 1101 1307 ·
1134 1295 1153 1327 ‹
1199 1276 1287 1328 Ἑν
1318 1275 1542 1347 δυνάμει
1569 1276 1707 1330 Πνεύ
1717 1294 1886 1347 ματος

306 1368 459 1437 ἁγίου
477 1385 491 1398 ’
518 1388 537 1421 ι
563 1367 862 1439 ὁμολογῶν,
893 1368 1063 1438 ὅτιτῇ
1092 1366 1213 1436 θείᾳ
1229 1369 1329 1438 τῆς
1355 1365 1585 1439 Τριάδος
1632 1368 1882 1440 ἐνεργείᾳ

301 1451 594 1522 τεθνεῶτας
620 1460 867 1531 ἤγειραν,
902 1458 1063 1521 αὑτὸς
1109 1458 1208 1529 μὲν
1246 1458 1338 1512 τὸν
1373 1458 1632 1530 Εὔτυχον,
1676 1458 1882 1530 Πέτρος

297 1549 355 1604 δὲ
376 1550 475 1621 τὴν
504 1549 778 1621 Ταὸήθαν.

1999 555 2085 602 tus
2112 547 2307 602 sancti.
2329 565 2349 598 ι
2385 546 2722 619 Hypostases
2748 557 2942 603 natura
2989 551 3198 607 similes
3230 553 3424 608 similis
3445 556 3565 610 'ho—

1997 632 2147 688 noris
2173 640 2300 687 sunt
2331 635 2508 703 digna:
2540 652 2553 689 :
2592 634 2822 705 ideoque
2867 636 2993 692 huic
3027 639 3193 694 etiam
3240 643 3464 697 oraculo
3493 646 3571 698 si-

1994 723 2124 778 mile
2148 735 2231 778 est
2260 725 2387 779 illud
2425 741 2439 777 :
2482 745 2501 778 ί
2544 725 2795 781 Christus
2826 726 2941 797 (57)
2994 728 3089 784 Dei
3141 730 3333 799 virtus,
3387 742 3441 788 et
3471 734 3569 789 Dei

1992 814 2275 883 Sapientia.
2306 833 2326 867 ι
2384 814 2667 870 Matthacus
2715 831 2781 871 ex
2813 833 3040 885 persona
3070 819 3368 877 Salvatoris
3405 840 3421 876 :
3456 842 3476 875 ι
3510 823 3570 879 Si

1989 916 2165 959 autem
2194 904 2304 976 (58)
2341 903 2500 977 194
2539 907 2591 961 in
2646 906 2852 978 Spiritu
2938 911 3029 965 Dei
3083 912 3244 981 ejicio
3276 913 3567 979 daemonia,

1989 1010 2122 1066 ergo
2152 1001 2399 1065 pervenit
2430 999 2482 1051 in
2510 1013 2606 1054 vos
2627 1015 2852 1068 regnum
2884 1003 2996 1059 Dci.
3023 1021 3043 1055 ι
3076 1003 3142 1057 Et
3181 1004 3325 1058 sicut
3350 1005 3403 1059 in
3445 1005 3569 1059 illu-

1992 1088 2314 1154 minatione,
2340 1089 2390 1142 id
2417 1098 2520 1156 est,
2570 1093 2621 1146 in
2655 1094 2944 1160 baptismo,
2984 1096 3146 1150 simul
3172 1113 3294 1151 eum
3326 1098 3484 1153 Patre
3512 1110 3571 1154 et

1990 1179 2130 1233 Filio
2156 1189 2429 1249 operatur,
2462 1184 2536 1237 ita
2569 1185 2686 1239 ﬁeri
2736 1200 2841 1239 non
2901 1193 3097 1257 potest,
3131 1198 3190 1241 ut
3215 1188 3331 1257 ipse
3364 1207 3566 1247 conso-

1990 1273 2200 1339 nantia,
2258 1285 2313 1328 et
2367 1276 2684 1344 operatione
2740 1279 2810 1332 sit
2862 1293 3026 1332 unum
3085 1295 3210 1335 cum
3243 1281 3395 1350 ipsis,
3434 1283 3565 1350 quin

1993 1371 2173 1418 tamen
2200 1366 2459 1439 unum.sit
2491 1368 2652 1423 etiam
2676 1372 2935 1424 essentia.
2972 1372 3146 1440 Atque
3176 1374 3280 1427 hac
3309 1377 3375 1429 de
3396 1390 3563 1431 causa

1989 1455 2251 1511 Dominus
2285 1457 2574 1528 aliquando
2604 1461 2820 1529 quidem
2850 1463 2927 1517 ait
2955 1483 2970 1519 :
3013 1482 3032 1515 ι
3060 1464 3222 1519 Pater
3262 1464 3376 1537 (59)
3399 1467 3451 1521 in
3479 1482 3567 1522 me

1988 1564 2236 1614 manens,
2266 1553 2382 1619 ipse
2416 1549 2548 1605 facit
2571 1566 2772 1621 opera;
2817 1572 2838 1607 ι
2897 1554 3189 1621 aliquando
3242 1571 3391 1623 vero,
3421 1558 3566 1615 sicut

298 1658 449 1724 nunc
481 1643 679 1696 dictum
713 1649 814 1707 est,
854 1660 874 1693 ι
907 1639 1020 1711 Ego
1056 1641 1107 1695 in
1139 1639 1342 1710 Spiritu
1372 1641 1463 1697 Dei
1493 1643 1651 1711 ejicio
1672 1644 1954 1699 daemonia.
1985 1661 2007 1695 ι
2039 1642 2334 1713 Propterea
2403 1657 2534 1696 vero
2591 1645 2755 1698 etiam
2813 1644 3015 1700 Paulus
3072 1647 3213 1702 dixit
3242 1664 3257 1701 :
3304 1666 3323 1700 ι
3361 1649 3418 1704 ιη
3450 1650 3564 1704 vir-

301 1746 414 1790 tute
447 1733 558 1804 (60)
608 1731 841 1802 Spiritus
886 1732 1084 1787 sancti.
1111 1751 1130 1785 ο
1178 1732 1384 1799 Quibus
1447 1735 1625 1790 verbis
1683 1737 1865 1791 divina
1905 1734 2188 1791 Trinitatis
2223 1734 2561 1804 operatione,
2631 1749 2697 1790 ac
2730 1735 2929 1793 virtute
2961 1750 3206 1795 mortuos
3261 1742 3562 1798 suscitatos

304 1848 430 1909 esse
451 1834 758 1900 confitetur,
791 1838 858 1892 ab
889 1836 1007 1906 ipso
1037 1836 1254 1903 quidem
1282 1835 1607 1908 Eutychum,
1638 1853 1668 1892 a
1708 1838 1873 1893 Petro
1912 1846 2089 1891 autem
2118 1834 2447 1889 Tabetbam.

366 1923 449 1979 H'.
481 1926 602 1979 Ὅτι
632 1926 819 1999 ὥσπερ
871 1929 901 1981 ὁ
951 1928 1084 1992 Θεὸς
1126 1930 1220 1983 καὶ
1247 1929 1461 2001 Πατὴρ,
1497 1929 1640 1983 οὕτω
1685 1930 1777 1983 καὶ
1820 1928 1867 1982 τί

2057 1927 2189 1982 VIII.
2230 1926 2366 1993 Quia
2392 1928 2533 1981 sicut
2564 1925 2706 1981 Deus
2743 1935 2796 1982 et
2844 1926 3026 1990 Pater,
3076 1928 3159 1983 sic
3195 1927 3356 1984 etiam
3391 1930 3562 2001 Spiri-

293 2020 448 2089 ἅγιον
505 2017 727 2090 Πνεῦμα
759 2018 1108 2090 χρηματίζει,
1153 2022 1554 2092 σημαινόμενον
1603 2021 1736 2084 Θεὸς
1781 2022 1874 2073 καὶ

292 2112 586 2182 Δεσπότης,
614 2111 756 2165 καθὰ
789 2110 984 2181 φράζει
1024 2114 1268 2175 Λουκᾶς·
1306 2132 1322 2165 ι
1354 2108 1462 2167 τΗν
1502 2113 1787 2183 ἄνθρωπος
1818 2114 1875 2166 ἐν

304 2203 680 2274 Ἰερουσαλὴμ,
709 2197 754 2271 ᾧ
788 2202 958 2272 ὄνομα
987 2202 1242 2274 Συμεών·
1279 2205 1371 2257 καὶ
1408 2206 1436 2256 ὁ
1466 2203 1749 2274 ἄνθρωπος
1786 2197 1876 2255 οὐ-

290 2309 405 2356 τος,
434 2292 640 2355 δίκαιος
688 2291 784 2343 καὶ
831 2292 1084 2363 εὐλαϐὴς,
1116 2293 1543 2364 προσδεχόμενος
1591 2293 1875 2365 παράκλη-

293 2400 380 2436 σιν
404 2382 483 2454 τῷ
512 2384 729 2455 Ἰσραήλ
751 2400 767 2415 ο
797 2384 890 2438 καὶ
917 2384 1139 2455 Πνεῦμα
1178 2386 1335 2453 ἅγιον
1366 2383 1433 2457 ἦν
1459 2387 1548 2438 ἐπ’
1576 2387 1746 2456 αὐτῷ,
1781 2388 1874 2440 καὶ

289 2472 361 2548 ἦν
396 2474 545 2547 αὑτῷ
585 2479 1093 2548 κεχρηματισμένον
1138 2477 1243 2530 ὑπὸ
1286 2478 1380 2530 τοῦ
1426 2478 1742 2549 Πνεῦματος
1776 2478 1871 2531 τοῦ

290 2567 470 2637 ἁγίου,
497 2569 572 2640 μὴ
609 2569 734 2622 ἰδεῖν
766 2570 1016 2635 θάνατον,
1049 2570 1153 2633 ἕως
1176 2570 1241 2623 ἂν
1268 2569 1353 2643 ἴδῃ
1380 2571 1471 2623 τὸν
1502 2571 1734 2641 Χριστὸν
1763 2573 1873 2624 Κυ-

295 2662 433 2732 ρίου.
500 2663 610 2715 Καὶ
659 2663 822 2733 ἤγετο
882 2663 940 2716 ἐν
979 2660 1059 2733 τῷ
1109 2661 1382 2733 πνεύματι
1444 2664 1522 2726 είς
1577 2664 1639 2715 τὸ
1705 2664 1869 2733 ἱερόν.

291 2753 402 2806 Καὶ
466 2753 698 2823 ἐγένετο,
763 2756 820 2807 ὲν
854 2753 933 2825 τῷ
1003 2756 1316 2822 εἰσαγαγεῖν
1371 2756 1497 2816 τοὺς
1560 2758 1738 2823 γονεῖς
1805 2757 1867 2809 τὸ

289 2843 502 2898 παιδίον
530 2846 761 2917 Ἰησοῦν,
788 2846 881 2898 τοῦ
917 2847 1142 2921 ποιῆσαι
1167 2847 1362 2910 αὐτοὺς
1396 2847 1538 2901 κατὰ
1560 2849 1620 2899 τὸ
1645 2849 1872 2919 ὴθισμέ-

290 2952 382 2990 νον
423 2935 516 2989 τοῦ
561 2938 727 3006 νόμου
760 2938 888 3009 περὶ
925 2936 1090 2990 αὑτοῦ
1114 2955 1129 2969 ο
1166 2937 1259 2990 καὶ
1305 2938 1467 3001 αὐτὸς
1496 2939 1711 3004 ἐδέξατο
1741 2938 1872 2993 αὐτὸ

291 3025 372 3088 εἰς
397 3025 491 3089 τὰς
521 3026 783 3094 ἀγκάλας,
826 3026 917 3081 καὶ
944 3027 1234 3099 εὐλόγησεν
1262 3028 1356 3082 τὸν
1384 3029 1539 3097 Θεὸν,
1566 3032 1659 3085 καὶ
1682 3027 1834 3086 εἶπεν
1852 3048 1867 3062 ⁸

289 3116 406 3169 Νῦν
438 3117 692 3182 ἀπολύεις
722 3118 811 3171 τὸν
838 3118 1022 3173 δοῦλόν
1047 3136 1164 3183 σου,
1199 3119 1470 3187 Δέσποτα,
1504 3123 1644 3177 κατὰ
1675 3122 1736 3176 τὸ
1767 3123 1869 3196 ῥῆ-

296 3205 376 3276 μά
403 3225 517 3289 σου,
536 3210 593 3261 ὲν
626 3210 814 3281 εἰρήνῃ
836 3228 850 3238 -
875 3210 957 3263 ὅτι
982 3210 1089 3263 ἴδον
1114 3212 1162 3263 οἱ
1186 3212 1458 3285 ὀφθαλμοί
1483 3231 1583 3284 μου
1608 3214 1666 3267 τὸ
1686 3214 1868 3283 Σωτή-

1979 2031 2065 2075 tus
2111 2029 2327 2075 sanctus
2374 2019 2577 2072 dicitur
2627 2019 3021 2075 chrematizare
3052 2059 3067 2084 ,
3098 2020 3153 2075 id
3195 2033 3297 2087 est,
3332 2024 3558 2080 oracula

1976 2111 2161 2178 edere,
2194 2125 2290 2165 seu
2321 2111 2498 2165 divina
2528 2126 2787 2179 responsa
2815 2112 2986 2167 dare:
3016 2112 3163 2181 quod
3212 2113 3362 2167 illum
3394 2114 3556 2184 signi-

1975 2205 2236 2259 ﬁcalesse
2250 2202 2417 2258 Deum
2440 2218 2505 2257 ac
2523 2204 2827 2258 Dominum.
2850 2202 2921 2256 Ita
2949 2201 3154 2259 Lucas:
3182 2222 3202 2256 ι
3228 2205 3555 2276 Εηιι(61),›

1976 2296 2174 2367 inquit,
2212 2314 2230 2347 ι
2263 2296 2427 2350 homo
2462 2296 2514 2349 in
2542 2293 2860 2361 Jerusalem,
2891 2296 2976 2350 cui
3005 2310 3199 2351 nomen
3223 2296 3472 2352 Simeon:
3498 2309 3554 2353 et

1975 2388 2139 2443 homo
2166 2388 2265 2442 iste
2289 2387 2492 2458 justus,
2541 2396 2595 2442 et
2646 2387 2954 2455 timoratus,
2986 2399 3310 2459 exspectans
3348 2405 3554 2445 conso-

1974 2477 2226 2533 lationem
2258 2475 2478 2532 lsraeli:
2503 2485 2559 2532 et
2584 2477 2820 2547 Spiritus
2860 2488 3080 2533 sanctus
3114 2487 3232 2534 erat
3274 2480 3327 2535 in
3357 2495 3443 2534 eo.
3482 2482 3551 2536 Et

1973 2570 2076 2640 ipsi
2123 2570 2574 2624 chrematizatum
2625 2570 2754 2639 (hoc
2803 2579 2922 2635 est,
2974 2585 3292 2639 responsum
3341 2572 3553 2639 datum)

1976 2661 2149 2714 fuerat
2181 2676 2208 2714 a
2248 2659 2455 2730 Spiritu
2487 2673 2697 2726 saneto,
2733 2676 2842 2715 non
2872 2663 3114 2716 visurum
3145 2678 3266 2717 eum
3296 2674 3549 2729 mortem,

1973 2754 2145 2809 donec
2174 2753 2388 2808 videret
2437 2753 2712 2808 Christum
2772 2752 3008 2808 Domini.
3063 2754 3130 2808 Et
3163 2756 3356 2811 ductus
3378 2764 3460 2812 est
3492 2758 3549 2813 in

1971 2844 2163 2913 spiritu
2196 2844 2252 2899 in
2278 2843 2561 2915 templum.
2593 2844 2659 2898 Et
2683 2845 2884 2899 factum
2928 2854 3030 2911 est,
3059 2861 3182 2902 cum
3229 2848 3550 2905 inducerent

1974 2943 2230 3006 parentes
2261 2951 2490 3006 puerum
2513 2934 2717 3003 Jesum,
2740 2947 2798 2991 ut
2817 2935 3061 2991 facerent
3093 2945 3390 2994 secundum
3412 2957 3546 2996 con-

1971 3026 2310 3080 suetudinem
2345 3026 2477 3096 legis
2511 3040 2610 3095 pro
2638 3041 2744 3083 eo:
2798 3035 2854 3082 et
2902 3027 3021 3097 ipse
3077 3029 3288 3099 accepit
3344 3046 3467 3085 eum
3492 3033 3546 3087 in

1968 3118 2146 3183 ulnas,
2177 3126 2232 3173 et
2260 3118 2535 3173 benedixit
2562 3117 2753 3186 Deum,
2800 3128 2855 3175 et
2899 3120 3036 3175 dixit
3069 3139 3084 3176 :
3140 3118 3293 3176 Nunc
3317 3122 3548 3180 dimittis

1969 3223 2186 3264 servum
2223 3217 2394 3274 tuum,
2456 3208 2704 3275 Domine,
2770 3212 3069 3267 secundum
3125 3211 3351 3267 verbum
3391 3222 3544 3269 tuum

291 3296 407 3368 ριόν
432 3314 542 3352 σου.
581 3318 598 3350 ι
640 3298 1033 3370 Ἐχρημὰτισεν
1085 3300 1263 3355 τοίνυν
1309 3304 1372 3356 τὸ
1413 3304 1567 3373 ἅγιον
1613 3305 1858 3375 Πνεῦμα’

1970 3301 2026 3355 in
2066 3316 2219 3371 pace,
2250 3303 2376 3371 quia
2415 3302 2667 3358 viderunt
2703 3303 2845 3359 oculi
2890 3306 2996 3359 mei
3037 3303 3294 3371 Salutare
3334 3316 3546 3363 luuma

288 3390 509 3454 ἐδέξατο
541 3387 765 3461 Συμεὼν
799 3391 889 3445 τὸν
919 3376 1152 3463 Χριστὸν
1185 3397 1264 3458 είς
1300 3396 1399 3460 τὰς
1430 3395 1695 3465 ἀγκάλας,
1722 3397 1863 3451 κατά

283 3484 378 3537 τὸν
401 3485 780 3556 χρηματισμόν
794 3503 807 3517 ο
838 3485 1132 3557 εὐλόγησεν
1153 3487 1242 3541 τὸν
1264 3506 1367 3559 χρη
1377 3489 1700 3559 ματίσαντα,
1722 3490 1863 3544 τοῦτ’

285 3576 435 3629 ἐστιν
479 3576 723 3643 ἐδόξασεν
756 3577 817 3630 τὸ
848 3578 1001 3646 ἅγιον
1041 3579 1286 3650 Πνεῦμα,
1318 3580 1577 3653 ἑωρακὼς
1603 3582 1663 3635 τὸ
1691 3585 1866 3654 σωτή-

287 3684 403 3737 ριον
433 3668 525 3720 τοῦ
563 3668 811 3740 χρησμοῦ
842 3668 1131 3741 δεξάμενον
1154 3672 1327 3743 πέρας
1347 3690 1361 3702 ο
1392 3672 1525 3727 Θεόν
1555 3692 1614 3727 τε
1645 3676 1736 3727 καὶ
1765 3680 1862 3729 Δε-

286 3760 490 3831 σπότην
525 3759 686 3814 αὐτὸν
705 3760 794 3813 τὸν
817 3763 1234 3833 χρηματίσαντα
1262 3765 1538 3818 ἐκάλεσεν.
1584 3766 1861 3839 Ἐχρημά-

278 3867 433 3904 τισεν
458 3850 513 3904 δὲ
537 3853 565 3904 6
591 3850 721 3915 Θεὸς
744 3853 956 3924 Πατὴρ,
982 3853 1062 3925 τῷ
1096 3854 1215 3907 ’1ὼὸ
1242 3855 1415 3923 φάνας
1440 3872 1456 3888 ·
1488 3874 1505 3906 ι
1539 3855 1656 3909 Οἴει
1684 3874 1751 3927 με
1776 3857 1863 3913 ἄλ-

279 3942 391 4007 λως
422 3960 505 3996 σοι
539 3946 1024 4016 κεχρηματικέναι,
1054 3947 1086 4018 ἢ
1119 3947 1206 4001 ἵνα
1239 3949 1520 4018 ἀναφανῇς
1556 3949 1796 4015 δίκαιος;
1837 3969 1854 4002 ι

277 4035 346 4089 Ol
390 4032 470 4099 δὲ,
518 4036 595 4107 τῷ
648 4035 883 4107 ἀληθινῷ
943 4036 1221 4109 Πνεύματι
1271 4039 1366 4092 τοῦ
1410 4039 1544 4092 Θεοῦ
1592 4040 1859 4111 μάχεσθαι

276 4125 602 4196 ⁴ιμινκηκότες,
648 4126 921 4198 πανταχοῦ
971 4130 1073 4199 τῆς
1118 4129 1427 4193 ὑποθέσεως
1471 4130 1539 4184 τὰ
1584 4135 1643 4184 ὲν
1680 4131 1859 4196 ἄλλοις

281 4216 618 4287 πράγμασιν,
646 4218 741 4272 καὶ
768 4221 870 4273 οὐκ
909 4222 990 4284 είς
1012 4220 1309 4291 θεολογίαν,
1345 4222 1696 4276 συντελοῦντα
1724 4224 1858 4295 πρὸς

278 4309 344 4362 τὸ
392 4310 681 4364 συσκιάσαι
722 4310 822 4384 τὴν
859 4312 1118 4383 ἀλήθειαν
1165 4313 1533 4381 συλλέγοντες,
1573 4315 1665 4367 καὶ
1706 4316 1765 4367 οὑ
1789 4316 1857 4368 τά

277 4404 559 4474 πρέποντα
599 4405 675 4476 τῷ
708 4405 835 4477 θείῳ
866 4407 1146 4480 μυστηρίῳ
1178 4408 1454 4480 ἀτρεκέως
1491 4407 1581 4479 [89
1606 4407 1662 4480 a]
1706 4409 1857 4462 ἐκδε-

276 4496 518 4567 χόμενοι,
555 4498 647 4551 καὶ
678 4500 743 4570 τῇ
775 4498 1027 4552 ὑποθέσει
1061 4496 1391 4570 ἁρμόζοντες
1411 4539 1426 4562 ,
1474 4501 1565 4554 καὶ
1614 4500 1749 4572 πρὸς
1795 4501 1855 4554 τὸ

276 4587 571 4658 κεφάλαιον
603 4588 761 4644 τοῦτο
784 4590 981 4645 ἄδεκτα
1007 4588 1099 4645 τοῦ
1130 4591 1272 4645 θείου
1309 4593 1643 4664 προφέρουσι
1678 4594 1855 4663 ῥήμα-

1966 3392 2156 3463 ltaque
2185 3392 2620 3459 chrematizavit,
2653 3394 2710 3449 id
2735 3406 2837 3461 est,
2876 3410 3194 3466 responsum
3227 3413 3259 3453 e
3295 3401 3544 3467 supernis

1966 3486 2114 3539 dedit
2175 3484 2414 3555 Spiritus
2463 3495 2729 3554 sanctus;
2792 3487 3012 3544 Simeon
3075 3504 3204 3547 vero
3262 3490 3539 3546 Christum

1963 3577 2352 3631 chrematismo
2387 3577 2478 3632 illo
2509 3578 2615 3634 sibi
2643 3580 2972 3650 promissum
3007 3582 3061 3637 in
3098 3582 3255 3640 ulnas
3284 3586 3545 3654 sumpsit;

1967 3682 2034 3723 ac
2072 3683 2218 3735 eum,
2251 3669 2342 3737 qui
2382 3670 2754 3726 chrematismi
2815 3682 3008 3728 auctor
3055 3684 3198 3741 erat,
3226 3675 3536 3742 benedixit;

1962 3761 2066 3816 hoc
2100 3772 2204 3827 est,
2230 3762 2457 3833 Spiritui
2485 3773 2676 3821 sancto
2703 3765 2932 3837 gloriam
2968 3768 3221 3831 reddidit,
3249 3778 3537 3838 postquam

1963 3850 2213 3907 Salutare
2237 3852 2312 3926 (id
2343 3866 2447 3921 est,
2478 3856 2839 3928 Salvatorem)
2871 3858 3257 3914 chrematismo
3291 3874 3545 3928 praenun-

1965 3945 2155 3998 tiatum
2183 3946 2416 4015 aspexit,
2452 3964 2516 4003 ac
2540 3950 2782 4004 divinum
2808 3951 2859 4004 in
2895 3963 2960 4004 eo
2997 3964 3316 4020 responsum
3345 3950 3540 4020 imple-

1963 4046 2077 4088 tum
2113 4035 2286 4103 vidit;
2333 4037 2612 4109 Deumque
2660 4056 2725 4095 ac
2752 4042 3064 4106 Dominum,
3107 4057 3229 4098 eum
3260 4043 3359 4111 qui
3379 4044 3541 4098 chre-

1960 4135 2333 4201 matizaverat,
2394 4131 2705 4202 appellavit.
2747 4130 3176 4187 Chrematizavit
3208 4147 3335 4188 vero
3365 4134 3537 4188 etiam

1958 4225 2100 4280 Deus
2139 4225 2315 4291 Pater,
2343 4242 2464 4280 cum
2494 4224 2629 4279 Jobo
2651 4225 2851 4279 dixerit
2882 4241 2896 4276 :
2941 4242 2960 4275 σ
2994 4225 3156 4279 Putas
3184 4222 3297 4295 (62)
3327 4240 3412 4280 me
3430 4225 3533 4279 ali-

1958 4325 2040 4370 ter
2102 4316 2195 4371 tibi
2253 4316 2677 4372 chrematizasse
2727 4316 2802 4387 (id
2839 4325 2922 4370 est
2976 4330 3235 4385 responsa
3273 4313 3532 4386 dedisse),

1961 4408 2116 4480 195
2157 4425 2321 4481 quam
2385 4420 2443 4463 ut
2478 4424 2743 4479 appareas
2790 4408 3006 4477 justus?
3033 4426 3053 4460 ι
3088 4408 3160 4462 At
3209 4410 3446 4465 haeretici
3476 4410 3536 4464 in

1954 4510 2096 4566 bello
2121 4520 2306 4566 contra
2334 4525 2522 4565 verum
2587 4510 2681 4564 Dei
2746 4509 3007 4580 Spiritum
3054 4509 3357 4576 exercitati,
3381 4525 3530 4575 cum,

1956 4619 2147 4689 quavis
2173 4627 2387 4688 arrepta
2413 4617 2725 4681 occasione,
2764 4617 2831 4671 ad
2876 4616 3274 4671 obscurandam
3320 4616 3528 4671 verita-

274 4695 369 4741 τα,
397 4678 508 4733 ἄνω
533 4681 628 4733 καὶ
650 4680 820 4744 κάτω,
846 4681 920 4744 ὡς
950 4682 1091 4752 μέγα
1125 4682 1220 4736 καὶ
1262 4683 1489 4755 ἐναργὲς
1535 4683 1848 4752 κεφάλαιον,

1969 4731 2066 4777 tem
2125 4737 2188 4778 ea
2223 4728 2535 4791 congeram,
2582 4736 2705 4791 qua:
2756 4722 2822 4776 de
2854 4719 2976 4774 aliis
3005 4720 3167 4775 rebus
3200 4719 3341 4774 dicta
3376 4729 3525 4785 sunt,

274 4769 339 4822 τὸ
366 4770 570 4841 ψυχρὸν
597 4772 771 4826 έκεῖνο
801 4774 894 4827 καὶ
917 4774 1192 4845 ἀπατηλὸν
1222 4775 1371 4845 ῥῆμα
1394 4774 1672 4843 λέγοντες·
1709 4775 1852 4838 Ὅτι,

276 4861 466 4932 φησὶν,
500 4863 811 4932 κατάγεται
850 4867 915 4917 ἐκ
965 4864 1073 4918 τῶν
1125 4866 1381 4918 τοιούτων
1436 4865 1749 4937 μαρτυριῶν
1791 4865 1855 4919 τὸ

273 4956 433 5024 ἅγιον
459 4954 681 5027 Πνεῦμα
704 4958 784 5021 είς
808 4957 1043 5027 ἀγγέλου
1073 4958 1255 5028 φύσιν,
1346 4959 1440 5011 καὶ
1465 4959 1618 5013 αὐτοὶ
1645 4960 1855 5029 φαίνονς

270 5068 368 5104 ται
396 5052 847 5121 χρηματίσαντες.
870 5054 980 5107 Καὶ
1006 5051 1148 5108 οὕτω
1171 5054 1272 5119 τάς
1293 5054 1458 5125 ὀρθὰς
1486 5055 1595 5110 τῶν
1622 5056 1851 5127 Γραφῶν

270 5138 508 5205 ἐννοίας,
540 5137 601 5205 ἐξ
628 5141 842 5196 ἀτόπων
887 5140 1033 5197 ἰδίων
1064 5141 1239 5213 λόγων
1274 5145 1353 5208 είς
1387 5145 1740 5215 περιπετείας
1763 5146 1853 5215 ἐξ·

499 5336 755 5464 ἓξινὶειυε.
792 5342 816 5396 1
866 5343 990 5398 Cor.
1016 5359 1056 5408 t,
1084 5343 1173 5399 24.

440 5467 450 5473 ,
544 5428 561 5464 ι
597 5421 791 5467 autem.
823 5412 1009 5467 Matth.
1040 5417 1173 5473 XII.‘.

369 5408 461 5478 58)
499 5407 563 5464 Si
597 5421 791 5467 autem.
823 5412 1009 5467 Matth.
1040 5407 1138 5478 XII,
1163 5414 1255 5470 28.

365 5478 455 5545 59)
497 5478 676 5535 Pater.
706 5482 859 5536 Joau.
891 5499 998 5545 XIV,
1030 5486 1116 5538 10.

364 5548 457 5611 60)
494 5548 563 5605 In
600 5552 809 5604 virtute.
844 5551 999 5608 Rulli.
1025 5570 1111 5615 xv,
1144 5554 1228 5609 l9.

338 5618 452 5690 (61)
495 5620 645 5676 Erat.
701 5619 830 5676 Luc.
896 5638 933 5677 ll
987 5624 1179 5679 25-50.
1227 5623 1322 5680 Gr.
1382 5625 1468 5679 ed.
1521 5624 1685 5680 habet
1737 5622 1833 5679 τοῦ

270 5688 534 5774 ςισραηλ-
557 5706 660 5774 pro
708 5690 806 5774 τῷ.
857 5693 1122 5774 ’[σραήλι
1175 5694 1278 5774 Et1
1354 5696 1445 5774 ἐπ’
1505 5694 1668 5774 αὐτόν
1736 5710 1835 5767 pro

261 5758 569 5839 ἐπὀαὖτῷ.
600 5761 687 5829 El,
717 5758 847 5834 πρὶν
878 5758 1054 5839 ﬁ'pro
1098 5764 1203 5839 ἕως
1247 5765 1351 5839 ᾄνη
1376 5766 1479 5839 Et,
1527 5761 1692 5837 ἦλθεν
1735 5758 1835 5839 ᾖ)το

262 5826 455 5900 ἦγες-ο.
487 5826 713 5889 [ἱεωυίη
741 5826 844 5890 v'ox
882 5826 1097 5904 ἐγένετο
1127 5826 1203 5892 ibi
1239 5826 1596 5896 desideratur.

1949 4842 2177 4901 quaeque
2212 4829 2278 4883 ad
2324 4827 2675 4898 theologiam,
2736 4842 2830 4881 seu
2892 4826 3133 4892 modum,
3181 4840 3290 4896 quo
3320 4826 3387 4880 de
3415 4827 3530 4881 Deo

1948 4936 2094 5005 loqui
2128 4936 2408 4998 debemus,
2435 4933 2567 4987 nihil
2605 4932 2870 4998 attinent;
2903 4947 2965 4989 ea
3014 4945 3163 4998 vero,
3198 4946 3319 5001 quae
3343 4931 3527 4987 divino

1949 5039 2208 5113 mysterio
2236 5038 2587 5103 conveniunt,
2620 5037 2849 5107 simplici
2892 5052 2957 5092 ac
2982 5037 3196 5091 sincero
3228 5051 3394 5092 sensu
3413 5050 3524 5091 non

1947 5145 2235 5217 accipiant,
2266 5159 2367 5200 nec
2399 5142 2680 5214 preposito
2703 5150 3022 5213 argumento
3062 5149 3284 5210 aptent;
3322 5150 3519 5197 contra

2023 5344 2135 5414 (62)
2178 5342 2364 5399 Putas.
2400 5343 2477 5400 Ne
2515 5356 2725 5414 quaeras
2757 5341 2872 5414 hagc
2920 5340 2973 5393 in
3006 5340 3245 5414 ﬂulgata
3283 5338 3519 5414 transla-

1948 5408 2127 5478 tione,
2150 5416 2245 5469 sed
2279 5415 2331 5468 in
2369 5408 2554 5469 Grmca
2592 5411 2713 5467 libri
2758 5409 2859 5466 Job
2886 5426 2977 5473 χι..
3006 5411 3061 5466 5.
3099 5408 3376 5465 Nonnulla:
3403 5410 3520 5463 edi-

1948 5487 2119 5558 tiones
2151 5485 2535 5558 l_i_alien_t,_0l'et
2590 5482 2647 5536 δέ
2699 5498 2776 5558 με.
2815 5481 2890 5558 μὴ
2944 5479 3137 5558 ἄλλως.
3183 5488 3237 5532 et
3277 5478 3515 5558 reliqua.

1946 5556 2121 5610 Editio
2163 5554 2283 5609 lilll‘l
2316 5548 2434 5610 Jobi
2478 5571 2542 5610 ex
2579 5548 2950 5607 vetustissimo
2993 5555 3180 5607 codice
3212 5564 3239 5599 a
3277 5548 3516 5601 Patricio

1940 5625 2100 5679 .Iunio
2148 5624 2381 5691 Londini
2436 5640 2581 5680 anno
2621 5623 2755 5678 1657
2800 5625 3163 5677 concinnata:
3199 5617 3356 5691 Μηδὲ
3396 5615 3514 5671 οἵου

1945 5712 2013 5769 με
2069 5686 2244 5769 ἄλλως
2282 5713 2381 5769 -σοι
2436 5692 2936 5769 κεχρηματικέναι,
2986 5692 3103 5769 ἀλλ’
3151 5691 3242 5769 ἵνα
3278 5686 3514 5769 ’δίκαιος

1942 5756 2244 5837 ἆναφανῇςζ
2271 5756 2671 5839 ϐοωριυίἓηὲῑε
2712 5778 2842 5823 vero
2895 5756 3138 5821 Voculam
3177 5756 3251 5831 μή
3310 5758 3511 5815 omittit

1941 5844 2001 5892 ut
2029 5836 2307 5909 Didymus.
3418 5840 3419 5845 ‘
