4054 6438
553 320 658 378 583
1787 315 2021 370 DlDYMl
2058 315 2530 372 ALEXANDRINI
3684 318 3783 374 586

564 436 732 488 hocce
757 431 919 486 etiam
947 428 1264 500 capitulum,
1295 431 1916 496 demonstrationemqne
1940 430 2121 484 insur-
2151 449 2165 488 Α

2183 460 2195 489 ι
2225 430 2493 486 έλκουσιν.
2525 433 2836 504 Γέγραπται
2861 435 2988 504 γὰρ,
3032 433 3217 504 φησὶν,
3267 433 3324 485 ὲν
3353 433 3468 496 ταῖς
3507 431 3784 486 ἀποστολι-

555 531 708 594 gunt,
735 532 790 578 et
819 523 1116 592 Scriptura:
1148 533 1349 582 lt‘xttts,
1380 535 1444 574 ac
1475 521 1636 575 verba
1670 521 1971 589 proferunt,
2006 523 2124 591 qui-

2228 527 2348 588 καῖς
2382 525 2648 595 Πράξεσιν
2669 542 2682 556 ο
2717 544 2734 574 ι
2772 525 3066 596 Κορνήλιος
3093 522 3510 594 ἑκατοντάρχης,
3547 522 3681 594 ἀνὴρ
3711 522 3785 576 δί-

551 611 652 664 bus
679 610 935 664 divinitas
971 609 1197 662 indicari
1232 625 1334 662 non
1359 619 1551 677 potest,
1579 619 1630 662 et
1659 610 1810 678 quasi
1831 612 2121 664 maximum

2226 633 2378 678 καιος
2421 617 2515 669 καὶ
2571 617 2902 687 φοϐούμενος
2939 616 3030 668 τὸν
3063 615 3214 678 Θεὸν,
3263 611 3699 685 μαρτυρούμενός
3727 629 3784 667 τε

552 699 848 768 quoddam,
909 714 974 754 ac
1033 701 1376 768 perspicuum
1430 711 1838 770 argumentum,
1872 701 2120 772 frigidam

2225 706 2329 760 ὑπὸ
2366 708 2564 770 παντὸς
2595 707 2778 771 ἔθνους
2803 707 2912 760 τῶν
2959 707 3244 768 Ἰουδαίων,
3277 703 3650 775 ἐχρηματίσθη
3689 704 3786 756 ὑπὸ

555 793 716 856 hanc,
769 799 824 845 et
854 790 1100 845 fallacem
1154 792 1623 847 ratiocinationem
1675 794 2125 862 iaetitantincul-

2223 798 2456 868 ἀγγέλου
2485 799 2660 867 ἁγίου,
2695 797 3150 868 μεταπέμψασθαί
3191 813 3248 848 σε
3291 797 3369 858 εἰς
3397 795 3487 847 τὸν
3512 789 3658 846 οἶκον
3695 794 3787 845 αύ-

554 895 810 955 cantque.
846 884 1165 954 llujusmodi
1201 885 1546 948 testimoniis,
1593 886 1860 952 inquiunt,
1893 887 2125 955 Spiritus

2222 888 2338 952 τοῦ,
2376 890 2469 942 καὶ
2502 889 2730 942 ἀκοῦσαι
2787 892 3006 960 ῥήματα
3044 890 3194 958 παρὰ
3248 888 3362 940 σοῦ.
3401 906 3420 938 ι
3459 887 3650 956 Ὑμεῖς
3694 885 3785 956 μὲν

553 988 780 1032 sanctus
844 978 910 1031 ad
960 977 1257 1044 angelicam
1319 987 1566 1030 naturam
1614 979 1968 1047 deprimitur;
2001 993 2120 1030 cum

2223 976 2336 1044 οὖν,
2372 983 2418 1033 εί
2454 984 2816 1053 ἐσιωπήσατε,
2850 982 2942 1034 καὶ
2962 981 3314 1053 saepeiam
3344 978 3698 1047 συκοφαντίας
3723 978 3786 1030 τὰ

554 1073 769 1141 angelos
802 1071 915 1144 (65)
942 1085 1154 1141 quoque
1177 1071 1597 1124 chrematizasse
1624 1073 1748 1141 (hoc
1776 1082 1874 1134 est,
1901 1072 2119 1126 oracula

2228 1072 2492 1142 στόματα,
2509 1075 2804 1141 ἐπράττετε
2820 1074 2884 1126 ἂν
2898 1073 3072 1142 πολλῷ
3099 1072 3534 1142 λυσιτελέστερον
3551 1109 3564 1122 .
3605 1070 3786 1138 Ἡμεῖς

554 1163 780 1231 fudisse)
841 1171 1072 1218 constet.
1127 1164 1302 1230 Atque
1361 1163 1433 1216 ita
1498 1173 1674 1218 rectas
1717 1165 2119 1234 Scripturarum

2220 1163 2297 1224 δὲ,
2327 1165 2421 1215 ἐπὶ
2445 1166 2536 1217 τὸν
2567 1166 2895 1236 τελειότερον
2931 1164 3132 1218 σκοπὸν
3170 1163 3583 1232 ἀναπέμποντες
3611 1160 3700 1212 καὶ
3729 1159 3786 1212 τὸ

551 1256 852 1309 sententias
880 1254 1130 1308 absurdis
1157 1253 1267 1307 suis
1314 1255 1639 1308 commentis
1689 1265 1890 1309 temere
1932 1257 2122 1324 depra-

2222 1253 2511 1320 κεφάλαιον
2544 1253 2720 1316 τοῦτο,
2768 1255 2863 1306 καὶ
2911 1253 3175 1322 εὐθυμίαν
3229 1254 3339 1314 τοῖς
3396 1246 3786 1317 ἐντευξομένοις

552 1355 677 1399 vant
701 1345 834 1416 (64).
862 1345 992 1399 Nam
1023 1348 1280 1414 scriptum
1315 1355 1418 1412 est,
1452 1347 1722 1414 inquiunt,
1753 1348 1804 1400 in
1827 1347 1977 1403 Actis
1995 1363 2124 1417 apo-

2221 1346 2574 1415 παρέχοντες.
2603 1347 2695 1398 καὶ
2731 1345 2949 1398 πλείονα
2979 1344 3069 1396 τὸν
3099 1341 3374 1414 όρθόδοξον
3409 1340 3567 1410 ζῆλον
3594 1337 3785 1408 ἐμϐάλ-

551 1437 758 1493 stolicis
790 1454 803 1490 :
843 1458 862 1491 ι
889 1439 1167 1494 Cornelius
1201 1438 1314 1508 (65)
1362 1440 1608 1493 centurio
1634 1479 1650 1503 ,
1705 1440 1788 1493 vir
1828 1441 2029 1509 justus,
2067 1451 2121 1497 et

2219 1434 2419 1501 λοντες,
2451 1437 2648 1506 φαμὲν,
2679 1439 2761 1490 ὅτι
2801 1437 2888 1500 Ὠς
2911 1435 3137 1504 οὐδεμία
3161 1431 3410 1486 κοινωνία
3441 1430 3654 1500 φύσεως
3679 1428 3785 1481 κτί-

554 1529 752 1584 timens
782 1529 970 1595 Deum,
1025 1539 1079 1585 et
1120 1531 1486 1584 testimonium
1530 1530 1736 1586 habens
1765 1532 1832 1585 ab
1868 1533 2118 1588 universa

2222 1545 2384 1598 σματι
2437 1529 2573 1600 πρὸς
2618 1531 2716 1599 τὴν
2770 1531 3023 1584 ᾶκτιστον
3069 1526 3228 1595 φύσιν
3270 1527 3438 1585 ἐστὶν,
3471 1522 3644 1586 οὕτως
3673 1521 3784 1574 οὐδὲ

547 1634 706 1690 gente
729 1621 1058 1689 Judteorum,
1087 1622 1531 1678 chrematismum
1559 1622 1684 1692 (hoc
1709 1632 1811 1688 est,
1842 1623 2116 1680 caelestem

2219 1620 2624 1690 χρηματισμοῦ.
2667 1622 2724 1673 '0
2757 1620 2854 1691 μὲν
2875 1620 2983 1691 γὰρ
3007 1618 3279 1686 ἀγγέλλει,
3307 1616 3336 1669 δ
3361 1615 3402 1668 δ’
3424 1614 3490 1668 ἂν
3514 1615 3612 1667 οὐκ
3639 1612 3783 1675 εἰδὼς

550 1713 1007 1783 admonitionem)
1040 1715 1251 1782 accepit
1275 1715 1342 1768 ab
1374 1713 1564 1785 angelo
1612 1724 1819 1778 sancto,
1851 1716 2117 1770 accersire
2148 1768 2151 1776 ε

2182 1773 2187 1792 ,
2222 1713 2326 1766 ὑπὸ
2349 1713 2442 1766 τοῦ
2479 1716 2634 1783 ἁγίου
2669 1713 2982 1784 Πνεύματος
3009 1713 3182 1764 εἰπεῖν
3209 1707 3529 1780 ὲνεργηθείη
3553 1722 3564 1731 ·
3599 1706 3690 1759 καὶ
3711 1705 3783 1757 ὲν·

2182 1795 2240 1822 t,
2280 1803 2338 1822 -Λ
2480 1806 2492 1822 ο
2549 1805 2572 1817 πο
2615 1806 2634 1822 ιν
2745 1805 2762 1822 ς
2932 1803 2953 1822 ν
3004 1821 3038 1822 ,,
3172 1801 3220 1822 -ι
3273 1801 3322 1822 ex
3367 1800 3518 1822 1----..
3547 1795 3758 1822 l1-.-.'.....

549 1814 600 1858 te
623 1805 674 1858 in
712 1805 928 1858 domum
958 1820 1136 1870 suam,
1175 1814 1231 1859 et
1284 1805 1473 1858 audire
1502 1804 1664 1858 verba
1721 1805 1818 1858 abs
1848 1815 1917 1858 te.
1951 1824 1968 1856 ι
2005 1805 2114 1860 Vos
2147 1813 2150 1820 ‘

2178 1795 2188 1818 ’
2215 1803 2402 1857 τεῦθεν
2435 1805 2584 1875 αύτῴ
2607 1805 2834 1873 ἄγγελος
2868 1803 3105 1873 τοῦνομα
3125 1819 3137 1832 ·
3168 1801 3228 1855 τὸ
3269 1801 3325 1853 δὲ
3364 1800 3518 1867 ἆγιον
3546 1795 3779 1866 Πνεῦμα,

546 1907 709 1960 porro
747 1893 793 1948 si
854 1894 1129 1959 taceretis,
1179 1909 1213 1948 ο
1259 1893 1523 1956 haeretici,
1575 1902 1627 1946 et
1657 1892 1986 1946 caltnnniosa
2019 1908 2114 1947 ora

2217 1892 2310 1946 ἅτε
2335 1895 2513 1948 πάντα
2533 1896 2668 1959 εἰδὸς
2692 1895 2760 1948 τὰ
2785 1895 2878 1948 τοῦ
2900 1894 3055 1957 Θεοῦ,
3085 1894 3158 1956 ὡς
3183 1889 3584 1946 διαϐεϐαιοῦται
3605 1891 3632 1941 ὁ
3654 1886 3784 1940 Παῦ-

547 1985 904 2049 consueretis,
963 2001 1076 2039 rem
1135 1985 1302 2039 multo
1359 1984 1632 2038 utiliorem
1698 1983 1966 2040 faceretis.
2009 1983 2117 2041 Nos

2216 1983 2325 2047 λος,
2363 1987 2685 2056 χρηματίζει
2723 1986 2938 2050 θεῖκῶς,
2982 1985 3057 2048 ὡς
3089 1986 3118 2038 ό
3164 1983 3373 2054 Πατὴρ,
3409 1982 3554 2051 ἅπερ
3583 1979 3646 2033 ἂν
3679 1980 3783 2042 τοῖς

546 2084 725 2129 autem
754 2077 820 2128 ad
842 2075 1220 2144 perfectiorem
1243 2090 1465 2143 scopmn
1497 2075 1596 2129 hoc
1622 2077 1786 2129 etiam
1821 2077 2113 2146 capitulum

2215 2077 2313 2147 τῆς
2359 2077 2612 2149 θεότητος
2659 2079 2976 2149 ἀκοιμήτοις
3021 2077 3261 2146 δμμασιν
3306 2075 3408 2146 ὁρᾷ
3449 2072 3778 2146 βουλόμενον,

545 2166 843 2235 dirigentes
865 2181 928 2220 ac
956 2166 1119 2221 veluti
1153 2176 1299 2221 retro
1325 2166 1623 2228 ﬂectentes,
1648 2172 1701 2219 et.
1734 2166 1896 2218 animi
1924 2166 2116 2220 alacri-

2216 2169 2309 2220 καὶ
2347 2169 2437 2221 τὸν
2477 2170 2717 2240 Πατέρα,
2760 2171 2854 2222 καὶ
2902 2169 2993 2222 τὸν
3026 2168 3176 2232 Υίὸν,
3211 2167 3304 2219 καὶ
3340 2165 3400 2218 οὐ
3449 2161 3778 2224 διακονικῶς,

545 2266 711 2312 tatem
750 2258 832 2324 iis,
865 2259 960 2326 qui
1010 2257 1202 2312 lecturi
1263 2257 1379 2311 huic
1419 2265 1568 2319 sunt,
1620 2268 2021 2325 comparantes,
2052 2273 2116 2312 ac

2215 2259 2465 2332 καθάπερ
2508 2262 2537 2314 6
2592 2261 2886 2333 δορυφόρος
2978 2259 3226 2328 ἄγγελος.
3264 2278 3282 2310 ι
3337 2257 3396 2312 '0
3441 2257 3551 2328 γὰρ
3609 2255 3780 2317 δοῦλος

547 2349 808 2418 majorem
869 2349 1231 2403 ortliodoxum
1291 2347 1466 2402 zelum
1516 2348 1646 2416 ipsis
1675 2348 2003 2416 injicientes,
2037 2350 2115 2406 sic

2214 2350 2314 2402 οὐκ
2340 2347 2497 2416 οἶδεν,
2528 2353 2580 2405 τί
2607 2355 2748 2405 ποιεῖ
2771 2357 2798 2406 6
2825 2354 3024 2423 Κύριος
3048 2349 3234 2412 αὑτοῦ,
3272 2368 3290 2400 ι
3323 2349 3442 2402 οὐδέ
3466 2366 3528 2416 γε
3560 2351 3588 2401 6
3617 2349 3780 2415 έτερο-

548 2443 955 2510 respondemus.
983 2441 1135 2494 Sicut
1163 2439 1305 2492 nulla
1337 2449 1543 2492 natura:
1586 2441 1891 2493 communio
1924 2451 2008 2494 est
2032 2441 2114 2494 in-

2213 2441 2393 2505 ούσιος
2437 2444 2534 2514 τὴν
2582 2444 2748 2515 αὐτὴν
2791 2443 2868 2514 τῷ
2899 2443 3092 2514 ἐτέρας
3126 2443 3238 2495 ὄντι
3269 2443 3458 2504 οὐσίας
3493 2438 3778 2507 κεκτῆσθαι

548 2541 629 2586 ter
657 2542 919 2595 creatam,
976 2537 1032 2585 et
1063 2531 1358 2584 increatam
1401 2540 1670 2596 naturam,
1722 2531 1793 2584 ita
1838 2544 1906 2584 ne
1957 2532 2116 2586 chre-

2216 2531 2308 2603 [89
2330 2533 2381 2604 b]
2405 2533 2626 2588 δύναται
2655 2535 2884 2602 γνῶσιν
2917 2535 3074 2604 φύσει
3105 2533 3212 2605 γάρ
3241 2532 3448 2604 ἑκάστῃ
3488 2533 3521 2602 ἡ
3558 2531 3778 2600 ἀνήκου-

544 2625 782 2678 matismi
810 2624 1024 2691 quidem
1057 2622 1363 2676 connuunio
1388 2622 1694 2676 intercedit.
1723 2621 1858 2675 Nam
1893 2623 2114 2692 angelus

2215 2639 2284 2675 σα
2307 2624 2504 2688 γνῶσις
2544 2625 2638 2676 καὶ
2685 2625 2870 2694 μνήμη
2909 2625 3400 2695 συμπαρομαρτεῖν
3441 2620 3578 2674 ἀλλά
3610 2618 3777 2672 καὶτὸ

547 2713 764 2783 quidem
793 2711 845 2766 id
875 2726 1030 2764 omne
1050 2708 1304 2778 ἀγγέλλει
1326 2707 1402 2780 (id
1429 2716 1536 2771 est,
1579 2708 1880 2774 annuntiat)
1915 2709 2056 2776 quod
2083 2724 2108 2758 ιι

2213 2714 2450 2782 γνωσθὲν
2494 2719 2558 2787 τῇ
2612 2719 2812 2788 γενητῇ
2861 2716 3020 2786 φύσει
3088 2715 3200 2768 ἔσθ’
3232 2717 3319 2768 ὅτε
3364 2713 3440 2784 τῷ
3477 2714 3653 2784 χρόνῳ
3681 2713 3775 2778 ἀφ-

545 2803 750 2874 Spiritu
783 2811 994 2868 sancto,
1023 2817 1052 2856 a
1085 2816 1194 2872 quo
1219 2800 1420 2869 agitur,
1463 2799 1646 2852 dicere
1682 2807 1904 2854 coactus
1933 2798 2110 2862 fuerit,

2216 2807 2457 2862 ίπταται.
2515 2809 2676 2860 Ὅθεν
2725 2808 3001 2861 κάνταῦθα
3060 2807 3158 2878 τὴν
3207 2806 3380 2878 ἀρχὴν
3433 2805 3532 2859 τοῦ
3592 2804 3775 2874 χωρίου

542 2893 642 2948 etsi
673 2892 802 2947 illud
832 2892 1070 2981 ignotum
1101 2891 1196 2961 ipsi
1219 2891 1413 2956 fuerit;
1449 2900 1610 2958 atque
1648 2889 1772 2943 inde
1804 2890 1978 2960 angeli
2009 2905 2110 2943 no-

2174 2969 2178 2972 _
2212 2899 2426 2962 ὲκόντες
2448 2901 2506 2952 ὲν
2529 2901 2596 2969 τῇ
2637 2899 2876 2971 διαμάχῃ
2907 2897 3000 2952 τοῦ
3040 2898 3196 2966 λόγου
3247 2895 3703 2965 παραλελοίπασιν
3731 2889 3774 2942 oi

542 2999 666 3038 men
694 2984 874 3038 habet.
898 2979 910 2981 ⁷
933 2983 1168 3052 Spiritus
1208 2995 1336 3035 vero
1385 2991 1627 3040 sanctus,
1681 2987 1869 3048 utpote
1927 2979 2016 3048 qui
2044 2994 2107 3034 ea

2212 2991 2544 3063 ἀγνώμονες.
2588 2992 2740 3062 Ἔχει
2768 2992 2909 3062 γάρ·
2950 3009 2970 3043 ι
3005 2990 3111 3044 Τοῦ
3149 2990 3205 3042 δὲ
3239 2989 3447 3059 Πέτρου
3479 2986 3776 3054 διενθυμου-

539 3075 720 3130 omnia
747 3075 894 3129 novit
921 3089 1041 3144 qua:
1072 3084 1199 3129 sunt
1230 3071 1345 3140 Del,
1372 3082 1428 3126 ut
1447 3071 1640 3126 Paulus
1669 3070 1780 3142 (66)
1808 3082 2110 3138 asseverat;
2139 3125 2140 3141 η

2176 3105 2182 3158 ι
2219 3084 2380 3155 μένου
2411 3082 2654 3154 περὶτοῦ
2691 3085 2953 3154 ῥήματος,
2991 3081 3141 3136 εἶπεν
3172 3081 3319 3151 αὑτῴ
3345 3081 3407 3133 τὸ
3441 3080 3595 3148 ἅγιον
3622 3075 3777 3132 Πνεῦ-

541 3169 724 3224 divino
754 3169 934 3234 modo,
956 3168 1093 3222 sicut
1121 3165 1302 3230 Pater,
1331 3164 1708 3229 chrematizat,
1750 3162 1802 3216 id
1824 3172 1926 3231 est,
1961 3177 2111 3217 reve-

2215 3194 2320 3247 μα·
2372 3176 2501 3228 Ἰδοὺ
2530 3175 2722 3246 ἄνδρες
2753 3178 2900 3245 τρεῖς
2936 3172 3189 3244 ζητοῦσίν
3240 3190 3318 3226 σε.
3357 3174 3521 3226 Ἀ).λά
3553 3172 3773 3233 ἀναστὰς

538 3257 637 3323 lat,
689 3274 1023 3329 qumcunque
1080 3257 1240 3328 196
1285 3257 1623 3311 insomnihus
1686 3255 1903 3310 deitatis
1941 3254 2112 3308 oculis

2213 3267 2504 3339 πορεύθητι
2555 3267 2651 3320 σὺν
2705 3267 2910 3330 αὐτοῖς,
2961 3265 3123 3336 μηδὲν
3169 3265 3615 3334 διακρινόμενος·
3653 3263 3772 3316 διότι

543 3352 685 3405 videt
721 3351 855 3406 velle
884 3366 1005 3405 cum
1031 3349 1268 3414 Patrem,
1301 3358 1408 3402 tum
1441 3346 1634 3400 Filium
1663 3362 1678 3410 ;
1732 3361 1835 3399 non
1870 3360 1997 3400 vero
2028 3346 2112 3398 in-

2211 3358 2322 3427 ὲγὼ
2380 3357 2694 3412 ἀπέσταλκα
2746 3357 2960 3421 αὐτούς.
3017 3356 3273 3418 Καταϐἀς
3308 3356 3364 3408 δὲ
3407 3357 3614 3426 Πέτρος
3651 3353 3773 3424 πρὸς

544 3449 661 3494 star
701 3438 934 3493 ministri
988 3453 1052 3492 ac
1105 3435 1289 3490 lamnli
1344 3435 1732 3500 ehrematizat,
1767 3435 1912 3490 sicut
1948 3433 2111 3489 satel-

2210 3449 2337 3512 τοὺς
2369 3449 2565 3520 ἄνδρας
2622 3443 2797 3500 εἶπεν·
2847 3447 2974 3500 Ἰδοὺ
3001 3445 3131 3514 ἐγὼ,
3165 3446 3222 3497 δν
3246 3443 3459 3512 ζητεῖτε
3480 3462 3496 3479 ο
3532 3445 3612 3508 τίς
3640 3446 3670 3513 ἡ
3698 3443 3773 3494 αξ-

542 3531 621 3586 les
645 3530 782 3602 (67).
835 3529 925 3584 Dei
949 3528 1185 3596 Angelus
1215 3527 1380 3581 facitc
1425 3545 1439 3580 :
1473 3541 1572 3580 nec
1627 3525 1772 3581 enim
1805 3540 1992 3579 servus
2017 3542 2113 3578 tto-

2211 3540 2321 3602 τία,
2347 3538 2414 3590 δι’
2452 3538 2518 3608 ἢν
2545 3537 2817 3607 πάρεστε;
2848 3536 2909 3588 υἱ
2936 3534 2990 3587 δὲ
3020 3531 3178 3587 εἶπαν
3201 3551 3215 3565 ο
3243 3529 3771 3604 Κορνήλιοςῖἒκατον-

541 3626 619 3678 vit
652 3623 786 3694 (68),
839 3622 968 3692 quid
1017 3622 1181 3676 faciat
1210 3618 1487 3684 ,dominus
1538 3619 1674 3688 ejus,
1711 3638 1730 3669 ι
1787 3634 1961 3688 neque
1998 3619 2108 3680 ille,

2211 3629 2440 3700 τάρχης,
2476 3629 2614 3699 ἀνὴρ
2637 3627 2862 3692 δίκαιος,
2893 3646 2912 3678 ι
2960 3627 3054 3679 καὶ
3089 3625 3155 3678 τά
3189 3624 3334 3696 ἑξῆς,
3369 3626 3446 3689 ὡς
3480 3627 3767 3697 πρόκειται.

539 3717 641 3786 qui
663 3717 736 3770 sit
790 3714 1148 3774 heterousius,
1211 3713 1314 3766 hoc
1363 3721 1463 3775 est,
1505 3711 1728 3765 alterius
1774 3711 2108 3776 substantia-,

2214 3723 2376 3774 Ὥστε
2432 3719 2581 3791 παρά
2641 3722 2852 3788 κριταῖς
2901 3717 3144 3786 ἀγαθοῖς,
3187 3716 3464 3771 κάνταῦθα
3516 3718 3660 3788 παρά
3686 3713 3768 3768 τοῦ

541 3809 785 3863 eamdem
841 3807 1040 3861 habere
1095 3814 1273 3876 potest
1327 3802 1693 3869 cognitionem
1743 3817 1864 3856 cum
1897 3817 1980 3867 eo,
2021 3803 2110 3871 qui

2212 3814 2365 3881 ἁγίου
2391 3811 2704 3880 Πνεύματος
2738 3811 2981 3881 φαίνεται
3009 3811 3099 3864 τὸν
3120 3809 3360 3882 χρησμὸν
3385 3811 3412 3861 ὁ
3445 3810 3666 3878 ἄγγελος
3687 3823 3771 3877 μα-

543 3910 739 3954 natura
769 3899 906 3953 alter
929 3899 998 3953 ab
1025 3899 1143 3966 ipso
1174 3905 1275 3950 est.
1315 3893 1759 3962 Unamquamque
1784 3894 1926 3948 enim
1958 3905 2112 3948 natu-

2213 3901 2338 3955 θὼν.
2374 3901 2635 3971 Θεότητος
2667 3902 2777 3971 γὰρ
2807 3900 3055 3972 ἔκκριτον
3081 3900 3385 3970 γνώρισμα,
3414 3901 3476 3954 τὸ
3506 3899 3769 3971 προλέγειν

545 4007 661 4046 ram
688 3991 1013 4045 conveniens
1039 3990 1087 4043 ei
1119 3988 1358 4058 cognitio
1405 3987 1665 4055 sequitur,
1717 3996 1774 4040 et
1819 3988 2108 4042 memoria:

2212 3993 2498 4062 ἀσφάλτως
2518 4011 2530 4022 ·
2569 3993 2661 4045 καὶ
2691 3991 2846 4046 τοῦτο
2875 3994 2958 4044 ἐπ’
2996 3992 3182 4063 ἀγαθῷ
3214 3992 3323 4045 τῶν
3357 3993 3678 4053 ἀκουόντων,
3711 3987 3767 4040 ἶν’

542 4085 671 4154 quin
704 4083 866 4137 etiam
906 4082 1194 4151 aliquando
1240 4090 1434 4135 creata:
1495 4088 1701 4132 natura
1751 4079 1876 4132 illud
1907 4080 2110 4144 evenit,

2212 4084 2638 4154 ἀσφαλισάμενοι
2687 4083 2951 4137 σωθῶσιν.
2984 4079 3114 4136 Εἶτα
3161 4084 3221 4136 οὐ
3254 4085 3527 4151 νομίζετε,
3563 4081 3767 4135 τοιαῦτα

543 4187 605 4230 ιιι
637 4177 791 4246 longa
823 4175 909 4228 die
939 4175 990 4228 id
1024 4177 1194 4244 ipsum
1221 4175 1267 4229 ei
1296 4173 1532 4238 excidat,
1561 4182 1724 4242 atque
1753 4172 1950 4237 evolet,
1969 4175 2111 4242 quod

2212 4173 2609 4246 εἰσηγούμενοι,
2651 4173 2962 4243 βασκαίνειν
2989 4173 3085 4244 μέν
3115 4189 3231 4236 πως
3253 4176 3318 4242 τῇ
3353 4173 3547 4233 κτίσει,
3578 4173 3768 4242 μέμφε-

546 4267 816 4337 cognitum
843 4266 909 4320 ab
941 4265 1026 4319 illa
1063 4264 1262 4319 fuerat.
1295 4264 1633 4333 Quapropter
1663 4262 1750 4318 hic
1781 4278 1992 4332 quoque
2023 4278 2113 4315 ca-

2213 4267 2336 4320 σθαι
2366 4267 2420 4319 δὲ
2449 4259 2557 4318 οἷον
2583 4265 2659 4332 τῷ
2686 4265 2748 4318 δι’
2773 4265 3033 4332 ἀφθονίαν
3062 4267 3178 4327 ταῖς
3205 4265 3332 4334 περὶ
3364 4263 3526 4316 αὑτοῦ
3560 4259 3767 4334 εἰρημέ-

547 4361 699 4430 pituli
736 4360 945 4414 initium
976 4358 1155 4413 dedita
1215 4372 1379 4428 opera
1415 4358 1552 4412 inter
1573 4356 1957 4410 decertandum
1995 4355 2107 4410 dis-

2214 4376 2331 4421 ναις
2381 4357 2584 4422 λέξεσιν
2625 4359 2960 4428 κοσμήσαντι
3008 4355 3076 4410 τὰ
3117 4355 3310 4408 ἑαυτοῦ
3359 4358 3667 4426 umquam;
3699 4352 3765 4414 ὡς

543 4453 974 4521 ceptandumque
1023 4449 1254 4518 improbi
1311 4448 1611 4503 omiserunt
1657 4447 1792 4517 (69).
1848 4448 1937 4502 Sic
1961 4440 2144 4502 enim:

2163 4441 2185 4492 )
2213 4451 2475 4520 ἑπομένου
2508 4449 2720 4512 πάντως
2754 4449 2829 4519 τῷ
2859 4449 3084 4519 τοιούτῳ
3108 4449 3391 4519 πράγματι
3431 4451 3526 4502 καὶ
3553 4448 3648 4517 τῆς
3675 4446 3764 4498 αὑ·

545 4545 744 4599 hahet:
775 4561 794 4593 ι
836 4541 996 4598 Petro
1024 4542 1137 4614 (70)
1186 4551 1366 4596 autem
1397 4540 1667 4611 cogitante
1699 4542 1764 4595 de
1791 4538 2104 4611 νει-6001),

2211 4540 2304 4594 τοῦ
2334 4541 2572 4611 χάριτος.
2609 4541 2702 4593 Ἐκ
2723 4541 2830 4609 γὰρ
2855 4540 2948 4593 καὶ
2974 4539 3184 4604 τούτου,
3215 4539 3433 4612 ὕϐρισεν
3465 4542 3563 4611 μὲν
3592 4535 3765 4592 ἑαυτὸν

617 4783 729 4852 (6'5)
755 4781 912 4852 Cum
943 4779 1174 4850 angelos.
1214 4780 1393 4835 Codex
1423 4796 1436 4832 :
1497 4781 1533 4849 ἠ
1582 4779 1677 4833 καὶ
1715 4776 1902 4840 αὐτοί,
1937 4786 2000 4852 et
2026 4792 2106 4830 re-
2211 4780 2578 4852 nariqlizeres.
2607 4779 2697 4843 61,
2733 4794 2854 4848 pag.
2891 4777 3024 4852 528,
3055 4779 3251 4852 aliique
3282 4777 3545 4852 nonnulli.

547 4845 723 4920 quua.
749 4845 1138 4920 Equidem'pro
1171 4852 1235 4920 ὴξ,
1279 4853 1420 4919 quod
1455 4845 1768 4902 mendosum
1819 4858 1934 4920 est,
1963 4847 2105 4920 _§lego
2280 4850 2394 4920 (63)
2427 4845 2858 4920 CorneliuafArt.
2888 4850 3053 4920 κάκ-2.
3081 4845 3268 4903 Cra-ca
3291 4849 3458 4903 editio
3483 4866 3496 4901 :
3524 4847 3626 4900 ὑπὸ
3648 4845 3761 4900 ὅλου

546 4917 684 4994 ᾖ,’ἰιΙ
713 4917 823 4981 est,
847 4937 866 4969 ι
899 4935 1025 4994 qua,
1046 4917 1082 4970 ί»
1114 4917 1217 4983 vel,
1253 4939 1272 4970 ι
1298 4917 1592 4994 quatenus.
1630 4938 1648 4970 ι
1670 4921 1755 4994 ﬁt
1787 4918 1830 4971 si
1865 4919 1939 4994 ita
1963 4918 2106 4984 lega-

1670 4921 1755 4994 ﬁt
1787 4918 1830 4971 si
1865 4919 1939 4994 ita
1963 4918 2106 4984 lega-
2209 4917 2302 4971 τοῦ
2315 4919 2528 4994 ,ἔθνους
2556 4935 2673 4994 pro,
2693 4917 2802 4994 ύπὸ
2827 4919 3025 4994 παντὸς
3046 4920 3251 4994 ἔθνους.

551 4981 688 5055 inus,
722 4981 974 5042 mutanda
1005 4981 1231 5043 fortasse
1259 4981 1362 5041 erit
1393 5005 1514 5049 vox,
1545 4987 1801 5056 ἀγγέλου,
1829 5002 1891 5040 ac
1927 4981 2107 5057 legen-
2284 4989 2395 5057 (66)
2441 4981 2657 5042 Paulus.
2692 4989 2860 5056 I;Cor.
2890 5004 2949 5050 ll,
2986 4991 3051 5042 l0
3077 5003 3132 5043 et
3162 4981 3247 5042 ll.

548 5052 696 5122 dum,
729 5058 994 5126 ἀγγέλων,
1031 5059 1131 5111 hoc
1163 5070 1246 5112 est
1293 5076 1310 5108 ι
1352 5052 1661 5125 angelorutit
1685 5097 1698 5120 ,
1734 5078 1752 5110 ι
1786 5067 1843 5108 ιιι
1867 5071 1931 5109 eo
1964 5052 2107 5127 fele-

2214 5061 2249 5098 -"
2288 5052 2401 5127 (67)
2443 5059 2678 5112 Satelles.
2711 5052 2884 5118 ib'ive,
2923 5077 2942 5108 σ
3003 5059 3246 5116 Ιιτιειίΐιδν.
3293 5079 3313 5112 9
3365 5061 3499 5114 Vide
3553 5059 3643 5112 lib.
3698 5052 3759 5108 Π

551 5141 702 5182 ratur
733 5122 1024 5201 promuneu
1067 5128 1242 5183 αὐτοί.
1267 5122 1643 5201 ΩιιυιΓδὶ-ιιιιίε
1678 5134 1792 5201 pro;
1825 5127 1880 5201 ᾗ,
1916 5125 2014 5201 vel
2050 5122 2105 5198 ᾖ,

2217 5122 2348 5201 Reg.
2385 5122 2496 5201 ὀψε,
2529 5131 2619 5192 55,
2649 5141 2703 5183 et
2735 5129 2835 5201 lib.
2865 5129 2910 5184 ll
2972 5130 3102 5201 Reg.
3136 5145 3286 5197 xxw,
3324 5129 3410 5196 17,
3443 5141 3498 5185 et
3526 5128 3680 5183 Josue
3711 5139 3757 5188 νυ

551 5198 937 5268 lcgere‘mallet
967 5199 1022 5268 ἡ,
1053 5214 1115 5251 ac
1149 5209 1359 5268 vertere
1388 5219 1398 5250 :
1441 5215 1459 5247 ι
1499 5196 1688 5264 Papae!
1739 5205 1794 5250 et
1834 5197 1932 5268 ipsi
1962 5196 2113 5265 (lue-
2220 5196 2389 5259 14,’et
2415 5199 2543 5268 Luc.
2586 5214 2693 5261 ινι,
2725 5199 2815 5252 22.

451 5264 459 5297 ⁵
554 5264 707 5321 reiici
741 5264 1001 5337 scilicet)
1030 5268 1245 5322 oracula
1286 5265 1506 5338 fundere
1537 5269 1804 5338 videntur,
1836 5283 1854 5316 ι
1915 5264 2112 5318 ίςιιιειι
2217 5305 2240 5337 κ
2291 5269 2400 5338 (68)
2443 5267 2620 5322 Novit.
2652 5269 2806 5322 Joan.
2843 5284 2931 5330 xv,
2964 5269 3051 5323 15.

548 5340 765 5405 quidem
805 5339 1068 5390 sententia
1113 5337 1322 5406 Didymi
1383 5347 1613 5390 mentem
1663 5337 1829 5405 probe
1878 5353 1981 5389 non
2022 5350 2115 5389 as-
2295 5337 2406 5407 (69)
2448 5338 2765 5409 Omisernnt.
2801 5338 2876 5391 Ex
2911 5341 3012 5394 hoc
3036 5341 3199 5394 etiam
3234 5338 3351 5394 loco
3382 5345 3619 5409 apparet,
3636 5347 3756 5409 cer-

550 5417 883 5480 sequeret_ur.
1037 5476 1046 5480 _
1342 5472 1357 5480 _
1431 5473 1461 5480 _
1688 5475 1701 5480 Α
2032 5473 2043 5480 _
2223 5409 2628 5480 tinnuqnoddam
2654 5407 3094 5462 Macedoniamnn
3126 5407 3512 5480 opuStzulum’a
3554 5407 3760 5474 DidyIIIO

622 5472 733 5548 (64)
778 5475 988 5548 Teme_re
1014 5476 1312 5548 depravant.
1342 5472 1396 5548 lu
1423 5473 1630 5548 Grteco,
1656 5475 1735 5537 είς
1761 5473 2111 5548 περιπετείας
2219 5472 2409 5548 refelli.

551 5539 880 5612 ἐξέλκουσιν.
922 5539 1226 5606 Legendum
1264 5545 1485 5615 forsitan
1531 5545 1653 5611 quis
1700 5539 1983 5610 conjiciat,
2031 5546 2110 5606 είς

2289 5547 2401 5615 (70)
2443 5544 2622 5598 Petro.
2663 5546 2782 5602 Act.
2818 5563 2872 5610 κ,
2904 5547 2990 5609 19.
3022 5549 3113 5605 22.
3156 5549 3419 5606 Nonnulla
3458 5539 3755 5604 intermedia

553 5616 885 5686 περπερείας
929 5615 1256 5680 ἐξέλκουσιν.
1303 5613 1508 5686 γει-ιιιιι
1551 5615 1915 5668 Passioneiani
1984 5631 2112 5681 apo-

1754 5615 1915 5666 ieiani
1984 5631 2112 5681 apo-
2220 5613 2567 5686 omittuntur,
2606 5631 2726 5684 qua:
2757 5619 2917 5686 habet
2947 5618 3132 5674 Grzeca
3172 5623 3355 5678 editio.

554 5684 751 5763 graphi.
802 5685 990 5763 lectio.
1022 5684 1349 5763 immutanda
1408 5699 1512 5763 non
1560 5693 1652 5763 _e_st_
1672 5701 1708 5763 ;_
1729 5687 2109 5763 nain'vocent,
2221 5756 2233 5763 _
2258 5686 2401 5763 _(71)
2443 5685 2516 5763 De
2543 5692 2712 5763 aereo.
2745 5685 2931 5743 Graeca
2959 5690 3162 5746 editio:
3197 5691 3322 5762 περὶ
3349 5690 3442 5745 τοῦ
3470 5687 3754 5763 ὁράματος,

553 5750 911 5825 περιπέτεια,
944 5753 1112 5812 simili
1141 5754 1296 5838 modo
1327 5755 1524 5838 accipit
1558 5753 1890 5825 Epiphanius
1917 5752 1971 5807 in
2000 5750 2104 5808 Pa-

1240 5754 1296 5838 Llo
1327 5755 1524 5838 accipit
1558 5753 1890 5825 Epiphanius
1917 5752 1971 5807 in
2000 5750 2104 5808 Pa-
2220 5756 2275 5813 id
2298 5750 2392 5812 "est"
2421 5775 2441 5810 ι
2470 5756 2536 5810 de
2558 5755 2784 5812 visione.
2808 5774 2841 5838 ι¹
