  <div class='ocr_page' id='page_1' title='image "/cluster/home/n/w/nwhite01/storage/ocr_20150623/39/coo.31924054869361/300.png"; bbox 0 0 4054 6412; ppageno 0'>
   <div class='ocr_carea' id='block_1_1' title="bbox 358 322 462 377">
    <p class='ocr_par' dir='ltr' id='par_1_1' title="bbox 358 322 462 377">
     <span class='ocr_line' id='line_1_1' title="bbox 358 322 462 377; baseline 0.019 -2"><span class='ocrx_word' id='word_1_1' title='bbox 358 322 462 377; x_wconf 75' lang='grc'><strong>585</strong></span> 
     </span>
    </p>
   </div>
   <div class='ocr_carea' id='block_1_2' title="bbox 1377 321 2553 385">
    <p class='ocr_par' dir='ltr' id='par_1_2' title="bbox 1377 321 2553 385">
     <span class='ocr_line' id='line_1_2' title="bbox 1377 321 2553 385; baseline 0.009 -10"><span class='ocrx_word' id='word_1_2' title='bbox 1377 321 1465 376; x_wconf 87' lang='lat' dir='ltr'><strong>DE</strong></span> <span class='ocrx_word' id='word_1_3' title='bbox 1503 321 1878 379; x_wconf 69' lang='lat' dir='ltr'><strong>TRINITATE</strong></span> <span class='ocrx_word' id='word_1_4' title='bbox 1917 324 2121 381; x_wconf 75' lang='lat' dir='ltr'><strong>LIBER</strong></span> <span class='ocrx_word' id='word_1_5' title='bbox 2163 328 2553 385; x_wconf 79' lang='lat' dir='ltr'><strong>SECUNDUS.</strong></span> 
     </span>
    </p>
   </div>
   <div class='ocr_carea' id='block_1_3' title="bbox 3489 339 3591 396">
    <p class='ocr_par' dir='ltr' id='par_1_3' title="bbox 3489 339 3591 396">
     <span class='ocr_line' id='line_1_3' title="bbox 3489 339 3591 396; baseline -0.02 0"><span class='ocrx_word' id='word_1_6' title='bbox 3489 339 3591 396; x_wconf 77' lang='lat'><strong>586</strong></span> 
     </span>
    </p>
   </div>
   <div class='ocr_carea' id='block_1_4' title="bbox 352 435 1927 519">
    <p class='ocr_par' dir='ltr' id='par_1_4' title="bbox 352 435 1924 510">
     <span class='ocr_line' id='line_1_4' title="bbox 352 435 1924 510; baseline -0.001 -19"><span class='ocrx_word' id='word_1_7' title='bbox 352 436 628 508; x_wconf 75' lang='grc' dir='ltr'><strong>οὐδαμῶς,</strong></span> <span class='ocrx_word' id='word_1_8' title='bbox 656 436 853 507; x_wconf 82' lang='grc' dir='ltr'>μᾶλλον</span> <span class='ocrx_word' id='word_1_9' title='bbox 880 436 936 489; x_wconf 80' lang='grc' dir='ltr'><strong>δὲ</strong></span> <span class='ocrx_word' id='word_1_10' title='bbox 971 435 1063 489; x_wconf 55' lang='grc' dir='ltr'><strong>καί⁵</strong></span> <span class='ocrx_word' id='word_1_11' title='bbox 1094 435 1371 489; x_wconf 83' lang='grc' dir='ltr'>ἐπαινετὸν</span> <span class='ocrx_word' id='word_1_12' title='bbox 1406 437 1626 504; x_wconf 76' lang='grc' dir='ltr'>ἔδειξεν,</span> <span class='ocrx_word' id='word_1_13' title='bbox 1657 439 1723 492; x_wconf 74' lang='grc' dir='ltr'>τὰ</span> <span class='ocrx_word' id='word_1_14' title='bbox 1747 439 1799 491; x_wconf 81' lang='grc' dir='ltr'><strong>δὲ</strong></span> <span class='ocrx_word' id='word_1_15' title='bbox 1837 438 1924 510; x_wconf 82' lang='grc' dir='ltr'><strong>ἔρ-</strong></span> 
     </span>
    </p>
   </div>
   <div class='ocr_carea' id='block_1_5' title="bbox 2029 435 3594 519">
    <p class='ocr_par' dir='ltr' id='par_1_5' title="bbox 2041 440 3594 519">
     <span class='ocr_line' id='line_1_5' title="bbox 2041 440 3594 519; baseline 0.01 -28"><span class='ocrx_word' id='word_1_16' title='bbox 2041 440 2175 493; x_wconf 83' lang='lat' dir='ltr'><strong>dixit</strong></span> <span class='ocrx_word' id='word_1_17' title='bbox 2203 442 2249 494; x_wconf 89' lang='lat' dir='ltr'><strong>ci</strong></span> <span class='ocrx_word' id='word_1_18' title='bbox 2281 443 2514 510; x_wconf 81' lang='lat' dir='ltr'><strong>Spiritus</strong></span> <span class='ocrx_word' id='word_1_19' title='bbox 2573 453 2791 497; x_wconf 83' lang='lat' dir='ltr'><strong>sanctus</strong></span> <span class='ocrx_word' id='word_1_20' title='bbox 2835 444 2979 514; x_wconf 71' lang='lat'><strong>(72):</strong></span> <span class='ocrx_word' id='word_1_21' title='bbox 3006 444 3139 500; x_wconf 86' lang='lat' dir='ltr'><strong>Ecce</strong></span> <span class='ocrx_word' id='word_1_22' title='bbox 3173 447 3271 501; x_wconf 79' lang='lat' dir='ltr'><strong>viri</strong></span> <span class='ocrx_word' id='word_1_23' title='bbox 3305 456 3412 503; x_wconf 81' lang='lat' dir='ltr'><strong>tres</strong></span> <span class='ocrx_word' id='word_1_24' title='bbox 3444 465 3594 519; x_wconf 63' lang='grc' dir='ltr'>αυτο-</span> 
     </span>
    </p>
   </div>
   <div class='ocr_carea' id='block_1_6' title="bbox 355 526 1925 598">
    <p class='ocr_par' dir='ltr' id='par_1_6' title="bbox 355 526 1925 598">
     <span class='ocr_line' id='line_1_6' title="bbox 355 526 1925 598; baseline 0.001 -15"><span class='ocrx_word' id='word_1_25' title='bbox 355 547 429 598; x_wconf 90' lang='grc' dir='ltr'><strong>γα</strong></span> <span class='ocrx_word' id='word_1_26' title='bbox 463 526 628 583; x_wconf 86' lang='grc' dir='ltr'>αὑτοῦ</span> <span class='ocrx_word' id='word_1_27' title='bbox 665 528 905 598; x_wconf 73' lang='grc' dir='ltr'>συνήθως</span> <span class='ocrx_word' id='word_1_28' title='bbox 938 528 1273 598; x_wconf 83' lang='grc' dir='ltr'>ἐφαίδρυνεν.</span> <span class='ocrx_word' id='word_1_29' title='bbox 1309 529 1499 596; x_wconf 82' lang='grc' dir='ltr'><strong>Ἡμεῖς</strong></span> <span class='ocrx_word' id='word_1_30' title='bbox 1519 530 1597 592; x_wconf 82' lang='grc' dir='ltr'><strong>δὲ,</strong></span> <span class='ocrx_word' id='word_1_31' title='bbox 1632 533 1679 583; x_wconf 87' lang='grc' dir='ltr'><strong>εί</strong></span> <span class='ocrx_word' id='word_1_32' title='bbox 1713 532 1806 583; x_wconf 73' lang='grc' dir='ltr'><strong>καὶ</strong></span> <span class='ocrx_word' id='word_1_33' title='bbox 1838 549 1925 584; x_wconf 90' lang='grc' dir='ltr'>σε-</span> 
     </span>
    </p>
   </div>
   <div class='ocr_carea' id='block_1_7' title="bbox 359 619 1927 694">
    <p class='ocr_par' dir='ltr' id='par_1_7' title="bbox 359 619 1927 694">
     <span class='ocr_line' id='line_1_7' title="bbox 359 619 1927 694; baseline 0.001 -21"><span class='ocrx_word' id='word_1_34' title='bbox 359 620 600 692; x_wconf 72' lang='grc' dir='ltr'>μνότητά</span> <span class='ocrx_word' id='word_1_35' title='bbox 633 637 752 672; x_wconf 85' lang='grc' dir='ltr'>τινα</span> <span class='ocrx_word' id='word_1_36' title='bbox 775 620 923 672; x_wconf 86' lang='grc' dir='ltr'>θείαν</span> <span class='ocrx_word' id='word_1_37' title='bbox 955 622 1019 689; x_wconf 81' lang='grc' dir='ltr'>τῇ</span> <span class='ocrx_word' id='word_1_38' title='bbox 1061 621 1206 691; x_wconf 80' lang='grc' dir='ltr'>πάσῃ</span> <span class='ocrx_word' id='word_1_39' title='bbox 1240 619 1492 673; x_wconf 77' lang='grc' dir='ltr'><strong>ὑποθέσει</strong></span> <span class='ocrx_word' id='word_1_40' title='bbox 1520 622 1674 692; x_wconf 80' lang='grc' dir='ltr'>φέρει</span> <span class='ocrx_word' id='word_1_41' title='bbox 1700 623 1763 675; x_wconf 87' lang='grc' dir='ltr'><strong>τὸ</strong></span> <span class='ocrx_word' id='word_1_42' title='bbox 1792 640 1927 694; x_wconf 85' lang='grc' dir='ltr'>χρη-</span> 
     </span>
    </p>
   </div>
   <div class='ocr_carea' id='block_1_8' title="bbox 359 706 1985 778">
    <p class='ocr_par' dir='ltr' id='par_1_8' title="bbox 359 706 1985 778">
     <span class='ocr_line' id='line_1_8' title="bbox 359 706 1985 778; baseline 0.004 -18"><span class='ocrx_word' id='word_1_43' title='bbox 359 707 604 776; x_wconf 81' lang='grc' dir='ltr'>ματίζειν</span> <span class='ocrx_word' id='word_1_44' title='bbox 636 707 697 759; x_wconf 83' lang='grc' dir='ltr'><strong>τὸ</strong></span> <span class='ocrx_word' id='word_1_45' title='bbox 723 707 874 774; x_wconf 78' lang='grc' dir='ltr'>ἅγιον</span> <span class='ocrx_word' id='word_1_46' title='bbox 903 706 1144 777; x_wconf 77' lang='grc' dir='ltr'><strong>Πνεῦμα,</strong></span> <span class='ocrx_word' id='word_1_47' title='bbox 1178 708 1271 761; x_wconf 81' lang='grc' dir='ltr'><strong>καὶ</strong></span> <span class='ocrx_word' id='word_1_48' title='bbox 1302 709 1462 778; x_wconf 83' lang='grc' dir='ltr'>ἀρκεῖ</span> <span class='ocrx_word' id='word_1_49' title='bbox 1484 709 1605 763; x_wconf 86' lang='grc' dir='ltr'>καθ’</span> <span class='ocrx_word' id='word_1_50' title='bbox 1642 712 1799 764; x_wconf 79' lang='grc' dir='ltr'>ἐαυτὺ</span> <span class='ocrx_word' id='word_1_51' title='bbox 1827 730 1930 766; x_wconf 81' lang='grc' dir='ltr'>πα·</span> <span class='ocrx_word' id='word_1_52' title='bbox 1976 712 1985 723; x_wconf 84' lang='grc'><em>’</em></span> 
     </span>
    </p>
   </div>
   <div class='ocr_carea' id='block_1_9' title="bbox 357 799 1929 872">
    <p class='ocr_par' dir='ltr' id='par_1_9' title="bbox 357 799 1929 872">
     <span class='ocr_line' id='line_1_9' title="bbox 357 799 1929 872; baseline 0.003 -20"><span class='ocrx_word' id='word_1_53' title='bbox 357 799 835 871; x_wconf 77' lang='grc' dir='ltr'>ραλαμόανόμενον</span> <span class='ocrx_word' id='word_1_54' title='bbox 869 800 949 863; x_wconf 87' lang='grc' dir='ltr'><strong>είς</strong></span> <span class='ocrx_word' id='word_1_55' title='bbox 984 800 1285 869; x_wconf 74' lang='grc' dir='ltr'><strong>μαρτυρίαν</strong></span> <span class='ocrx_word' id='word_1_56' title='bbox 1307 816 1321 830; x_wconf 74' lang='grc' dir='ltr'><strong><em>ο</em></strong></span> <span class='ocrx_word' id='word_1_57' title='bbox 1362 801 1509 870; x_wconf 81' lang='grc' dir='ltr'>ὅμως</span> <span class='ocrx_word' id='word_1_58' title='bbox 1539 802 1599 855; x_wconf 85' lang='grc' dir='ltr'><strong>οὑ</strong></span> <span class='ocrx_word' id='word_1_59' title='bbox 1639 802 1795 872; x_wconf 81' lang='grc' dir='ltr'>μόνον</span> <span class='ocrx_word' id='word_1_60' title='bbox 1833 804 1929 856; x_wconf 82' lang='grc' dir='ltr'>αὐ-</span> 
     </span>
    </p>
   </div>
   <div class='ocr_carea' id='block_1_10' title="bbox 354 891 1920 967">
    <p class='ocr_par' dir='ltr' id='par_1_10' title="bbox 354 891 1920 967">
     <span class='ocr_line' id='line_1_10' title="bbox 354 891 1920 967; baseline 0.003 -22"><span class='ocrx_word' id='word_1_61' title='bbox 354 894 437 952; x_wconf 75' lang='grc' dir='ltr'>τὸ,</span> <span class='ocrx_word' id='word_1_62' title='bbox 474 892 608 946; x_wconf 79' lang='grc' dir='ltr'>ἀλλὰ</span> <span class='ocrx_word' id='word_1_63' title='bbox 639 892 748 963; x_wconf 80' lang='grc' dir='ltr'><strong>γάρ</strong></span> <span class='ocrx_word' id='word_1_64' title='bbox 779 892 871 944; x_wconf 77' lang='grc' dir='ltr'><strong>καὶ</strong></span> <span class='ocrx_word' id='word_1_65' title='bbox 909 891 1109 961; x_wconf 76' lang='grc' dir='ltr'>πλῆθος</span> <span class='ocrx_word' id='word_1_66' title='bbox 1140 893 1267 946; x_wconf 81' lang='grc' dir='ltr'>ἄλλο</span> <span class='ocrx_word' id='word_1_67' title='bbox 1300 893 1517 964; x_wconf 73' lang='grc' dir='ltr'>ὑψηλῶν</span> <span class='ocrx_word' id='word_1_68' title='bbox 1561 896 1654 947; x_wconf 87' lang='grc' dir='ltr'><strong>καί</strong></span> <span class='ocrx_word' id='word_1_69' title='bbox 1688 898 1920 967; x_wconf 81' lang='grc' dir='ltr'>ἀναμφι-</span> 
     </span>
    </p>
   </div>
   <div class='ocr_carea' id='block_1_11' title="bbox 358 968 1926 1057">
    <p class='ocr_par' dir='ltr' id='par_1_11' title="bbox 358 968 1926 1057">
     <span class='ocr_line' id='line_1_11' title="bbox 358 968 1926 1057; baseline 0.006 -26"><span class='ocrx_word' id='word_1_70' title='bbox 358 988 638 1057; x_wconf 71' lang='grc' dir='ltr'>σϐητήτων</span> <span class='ocrx_word' id='word_1_71' title='bbox 665 986 990 1051; x_wconf 79' lang='grc' dir='ltr'>ἀποδείξεων</span> <span class='ocrx_word' id='word_1_72' title='bbox 1020 968 1430 1056; x_wconf 67' lang='grc' dir='ltr'>παρηγάγομενν</span> <span class='ocrx_word' id='word_1_73' title='bbox 1459 979 1538 1048; x_wconf 70' lang='grc' dir='ltr'>οἷς</span> <span class='ocrx_word' id='word_1_74' title='bbox 1561 989 1608 1039; x_wconf 82' lang='grc' dir='ltr'>εἰ</span> <span class='ocrx_word' id='word_1_75' title='bbox 1637 988 1926 1057; x_wconf 80' lang='grc' dir='ltr'>προσέχετε</span> 
     </span>
    </p>
   </div>
   <div class='ocr_carea' id='block_1_12' title="bbox 358 1077 1926 1149">
    <p class='ocr_par' dir='ltr' id='par_1_12' title="bbox 358 1077 1926 1149">
     <span class='ocr_line' id='line_1_12' title="bbox 358 1077 1926 1149; baseline 0 -16"><span class='ocrx_word' id='word_1_76' title='bbox 358 1079 704 1142; x_wconf 70' lang='grc' dir='ltr'><strong>ἀντιπαθείας</strong></span> <span class='ocrx_word' id='word_1_77' title='bbox 736 1078 883 1139; x_wconf 81' lang='grc' dir='ltr'>ἄνευ,</span> <span class='ocrx_word' id='word_1_78' title='bbox 915 1079 1241 1148; x_wconf 71' lang='grc' dir='ltr'><strong>ἀφωνότεροι</strong></span> <span class='ocrx_word' id='word_1_79' title='bbox 1269 1079 1360 1149; x_wconf 70' lang='grc' dir='ltr'><strong>ί90</strong></span> <span class='ocrx_word' id='word_1_80' title='bbox 1396 1077 1451 1147; x_wconf 73' lang='grc' dir='ltr'><strong>η]</strong></span> <span class='ocrx_word' id='word_1_81' title='bbox 1497 1079 1710 1142; x_wconf 86' lang='grc' dir='ltr'>πάντως</span> <span class='ocrx_word' id='word_1_82' title='bbox 1740 1078 1926 1133; x_wconf 83' lang='grc' dir='ltr'>ἔσεσθε</span> 
     </span>
    </p>
   </div>
   <div class='ocr_carea' id='block_1_13' title="bbox 360 1170 1926 1244">
    <p class='ocr_par' dir='ltr' id='par_1_13' title="bbox 360 1170 1926 1244">
     <span class='ocr_line' id='line_1_13' title="bbox 360 1170 1926 1244; baseline 0.002 -21"><span class='ocrx_word' id='word_1_83' title='bbox 360 1172 468 1224; x_wconf 80' lang='grc' dir='ltr'><strong>τῶν</strong></span> <span class='ocrx_word' id='word_1_84' title='bbox 515 1171 726 1241; x_wconf 79' lang='grc' dir='ltr'>ἰχθύων,</span> <span class='ocrx_word' id='word_1_85' title='bbox 787 1170 1059 1239; x_wconf 80' lang='grc' dir='ltr'>Διελέγχει</span> <span class='ocrx_word' id='word_1_86' title='bbox 1109 1175 1285 1222; x_wconf 82' lang='grc' dir='ltr'>τοίνυν</span> <span class='ocrx_word' id='word_1_87' title='bbox 1351 1170 1447 1237; x_wconf 79' lang='grc' dir='ltr'><strong>τὴν</strong></span> <span class='ocrx_word' id='word_1_88' title='bbox 1513 1170 1926 1244; x_wconf 84' lang='grc' dir='ltr'>πειθανουργίαν</span> 
     </span>
    </p>
   </div>
   <div class='ocr_carea' id='block_1_14' title="bbox 365 1258 1922 1333">
    <p class='ocr_par' dir='ltr' id='par_1_14' title="bbox 365 1258 1922 1333">
     <span class='ocr_line' id='line_1_14' title="bbox 365 1258 1922 1333; baseline -0.001 -16"><span class='ocrx_word' id='word_1_89' title='bbox 365 1263 510 1330; x_wconf 77' lang='grc' dir='ltr'>ὑμῶν</span> <span class='ocrx_word' id='word_1_90' title='bbox 541 1261 849 1329; x_wconf 79' lang='grc' dir='ltr'>σαφέστατα</span> <span class='ocrx_word' id='word_1_91' title='bbox 899 1261 991 1313; x_wconf 71' lang='grc' dir='ltr'><strong>καὶ</strong></span> <span class='ocrx_word' id='word_1_92' title='bbox 1045 1262 1073 1312; x_wconf 86' lang='grc' dir='ltr'>ὁ</span> <span class='ocrx_word' id='word_1_93' title='bbox 1112 1258 1341 1321; x_wconf 79' lang='grc' dir='ltr'>Παῦλος,</span> <span class='ocrx_word' id='word_1_94' title='bbox 1379 1261 1641 1328; x_wconf 75' lang='grc' dir='ltr'>Ἐφεσίοις</span> <span class='ocrx_word' id='word_1_95' title='bbox 1673 1261 1922 1333; x_wconf 77' lang='grc' dir='ltr'><strong>γράψας·</strong></span> 
     </span>
    </p>
   </div>
   <div class='ocr_carea' id='block_1_15' title="bbox 367 1350 1927 1424">
    <p class='ocr_par' dir='ltr' id='par_1_15' title="bbox 367 1350 1927 1424">
     <span class='ocr_line' id='line_1_15' title="bbox 367 1350 1927 1424; baseline -0.008 -17"><span class='ocrx_word' id='word_1_96' title='bbox 367 1374 385 1407; x_wconf 82' lang='grc' dir='ltr'><strong>ι</strong></span> <span class='ocrx_word' id='word_1_97' title='bbox 433 1354 579 1424; x_wconf 70' lang='grc' dir='ltr'>Ἐμοὶ</span> <span class='ocrx_word' id='word_1_98' title='bbox 606 1352 682 1422; x_wconf 80' lang='grc' dir='ltr'><strong>τῷ</strong></span> <span class='ocrx_word' id='word_1_99' title='bbox 712 1351 1101 1422; x_wconf 77' lang='grc' dir='ltr'>ἐλαχιστοτέρῳ</span> <span class='ocrx_word' id='word_1_100' title='bbox 1131 1350 1346 1404; x_wconf 79' lang='grc' dir='ltr'>πάντων</span> <span class='ocrx_word' id='word_1_101' title='bbox 1373 1351 1542 1417; x_wconf 82' lang='grc' dir='ltr'>ἁγίων</span> <span class='ocrx_word' id='word_1_102' title='bbox 1577 1352 1729 1423; x_wconf 78' lang='grc' dir='ltr'>ἐδόθη</span> <span class='ocrx_word' id='word_1_103' title='bbox 1760 1356 1792 1423; x_wconf 78' lang='grc' dir='ltr'>ἡ</span> <span class='ocrx_word' id='word_1_104' title='bbox 1832 1354 1927 1423; x_wconf 77' lang='grc' dir='ltr'><strong>χά-</strong></span> 
     </span>
    </p>
   </div>
   <div class='ocr_carea' id='block_1_16' title="bbox 363 1440 1923 1516">
    <p class='ocr_par' dir='ltr' id='par_1_16' title="bbox 363 1440 1923 1516">
     <span class='ocr_line' id='line_1_16' title="bbox 363 1440 1923 1516; baseline 0 -19"><span class='ocrx_word' id='word_1_105' title='bbox 363 1461 444 1516; x_wconf 86' lang='grc' dir='ltr'><strong>ρις</strong></span> <span class='ocrx_word' id='word_1_106' title='bbox 484 1442 640 1512; x_wconf 79' lang='grc' dir='ltr'>αῦτη,</span> <span class='ocrx_word' id='word_1_107' title='bbox 672 1444 731 1495; x_wconf 84' lang='grc' dir='ltr'><strong>ἐν</strong></span> <span class='ocrx_word' id='word_1_108' title='bbox 772 1445 885 1505; x_wconf 88' lang='grc' dir='ltr'>τοῖς</span> <span class='ocrx_word' id='word_1_109' title='bbox 925 1440 1132 1493; x_wconf 76' lang='grc' dir='ltr'>ἔθνεσιν</span> <span class='ocrx_word' id='word_1_110' title='bbox 1160 1442 1611 1509; x_wconf 80' lang='grc' dir='ltr'>εὐαγγελίσασθαι</span> <span class='ocrx_word' id='word_1_111' title='bbox 1647 1445 1736 1495; x_wconf 67' lang='grc' dir='ltr'>τὸν</span> <span class='ocrx_word' id='word_1_112' title='bbox 1769 1445 1923 1510; x_wconf 84' lang='grc' dir='ltr'>ἀνεξ-</span> 
     </span>
    </p>
   </div>
   <div class='ocr_carea' id='block_1_17' title="bbox 359 1532 1923 1607">
    <p class='ocr_par' dir='ltr' id='par_1_17' title="bbox 359 1532 1923 1607">
     <span class='ocr_line' id='line_1_17' title="bbox 359 1532 1923 1607; baseline 0.002 -20"><span class='ocrx_word' id='word_1_113' title='bbox 359 1536 621 1607; x_wconf 85' lang='grc' dir='ltr'>ιχνίαστον</span> <span class='ocrx_word' id='word_1_114' title='bbox 649 1533 876 1587; x_wconf 82' lang='grc' dir='ltr'>πλοῦτον</span> <span class='ocrx_word' id='word_1_115' title='bbox 904 1532 997 1585; x_wconf 79' lang='grc' dir='ltr'><strong>τοῦ</strong></span> <span class='ocrx_word' id='word_1_116' title='bbox 1034 1532 1289 1604; x_wconf 78' lang='grc' dir='ltr'>Χριστοῦ,</span> <span class='ocrx_word' id='word_1_117' title='bbox 1322 1533 1415 1586; x_wconf 78' lang='grc' dir='ltr'><strong>καὶ</strong></span> <span class='ocrx_word' id='word_1_118' title='bbox 1439 1535 1665 1603; x_wconf 82' lang='grc' dir='ltr'>φωτίσαι</span> <span class='ocrx_word' id='word_1_119' title='bbox 1697 1538 1923 1602; x_wconf 84' lang='grc' dir='ltr'>πάντας,</span> 
     </span>
    </p>
   </div>
   <div class='ocr_carea' id='block_1_18' title="bbox 355 1623 1924 1698">
    <p class='ocr_par' dir='ltr' id='par_1_18' title="bbox 355 1623 1924 1698">
     <span class='ocr_line' id='line_1_18' title="bbox 355 1623 1924 1698; baseline 0.001 -19"><span class='ocrx_word' id='word_1_120' title='bbox 355 1627 437 1690; x_wconf 87' lang='grc' dir='ltr'><strong>τίς</strong></span> <span class='ocrx_word' id='word_1_121' title='bbox 464 1628 496 1696; x_wconf 82' lang='grc' dir='ltr'>ἡ</span> <span class='ocrx_word' id='word_1_122' title='bbox 522 1626 795 1691; x_wconf 68' lang='grc' dir='ltr'>οἰκονομία</span> <span class='ocrx_word' id='word_1_123' title='bbox 817 1623 909 1677; x_wconf 84' lang='grc' dir='ltr'><strong>τοῦ</strong></span> <span class='ocrx_word' id='word_1_124' title='bbox 944 1624 1259 1695; x_wconf 79' lang='grc' dir='ltr'>μυστηρίου,</span> <span class='ocrx_word' id='word_1_125' title='bbox 1299 1623 1393 1677; x_wconf 88' lang='grc' dir='ltr'><strong>τοῦ</strong></span> <span class='ocrx_word' id='word_1_126' title='bbox 1436 1627 1924 1698; x_wconf 83' lang='grc' dir='ltr'>ἀποκεκρυμμένου</span> 
     </span>
    </p>
   </div>
   <div class='ocr_carea' id='block_1_19' title="bbox 355 1714 1922 1786">
    <p class='ocr_par' dir='ltr' id='par_1_19' title="bbox 355 1714 1922 1786">
     <span class='ocr_line' id='line_1_19' title="bbox 355 1714 1922 1786; baseline 0.003 -17"><span class='ocrx_word' id='word_1_127' title='bbox 355 1718 465 1770; x_wconf 76' lang='grc' dir='ltr'><strong>ἀπὸ</strong></span> <span class='ocrx_word' id='word_1_128' title='bbox 504 1716 611 1768; x_wconf 82' lang='grc' dir='ltr'><strong>τῶν</strong></span> <span class='ocrx_word' id='word_1_129' title='bbox 640 1718 847 1769; x_wconf 78' lang='grc' dir='ltr'>αἰώνων</span> <span class='ocrx_word' id='word_1_130' title='bbox 873 1717 931 1768; x_wconf 90' lang='grc' dir='ltr'><strong>ἐν</strong></span> <span class='ocrx_word' id='word_1_131' title='bbox 959 1714 1034 1785; x_wconf 83' lang='grc' dir='ltr'>τῷ</span> <span class='ocrx_word' id='word_1_132' title='bbox 1067 1714 1204 1785; x_wconf 84' lang='grc' dir='ltr'>Θεῷ,</span> <span class='ocrx_word' id='word_1_133' title='bbox 1234 1716 1310 1786; x_wconf 82' lang='grc' dir='ltr'>τῷ</span> <span class='ocrx_word' id='word_1_134' title='bbox 1338 1715 1406 1769; x_wconf 86' lang='grc' dir='ltr'>τὰ</span> <span class='ocrx_word' id='word_1_135' title='bbox 1433 1717 1610 1772; x_wconf 81' lang='grc' dir='ltr'>πάντα</span> <span class='ocrx_word' id='word_1_136' title='bbox 1640 1719 1885 1773; x_wconf 82' lang='grc' dir='ltr'>κτίσαντι</span> <span class='ocrx_word' id='word_1_137' title='bbox 1909 1739 1922 1750; x_wconf 89' lang='grc'><strong>·</strong></span> 
     </span>
    </p>
   </div>
   <div class='ocr_carea' id='block_1_20' title="bbox 358 1807 1923 1880">
    <p class='ocr_par' dir='ltr' id='par_1_20' title="bbox 358 1807 1923 1880">
     <span class='ocr_line' id='line_1_20' title="bbox 358 1807 1923 1880; baseline 0.001 -17"><span class='ocrx_word' id='word_1_138' title='bbox 358 1813 447 1863; x_wconf 81' lang='grc' dir='ltr'>ἵνα</span> <span class='ocrx_word' id='word_1_139' title='bbox 499 1807 772 1880; x_wconf 76' lang='grc' dir='ltr'>γνωρισθῇ</span> <span class='ocrx_word' id='word_1_140' title='bbox 827 1808 918 1862; x_wconf 89' lang='grc' dir='ltr'><strong>νῦν</strong></span> <span class='ocrx_word' id='word_1_141' title='bbox 987 1811 1105 1871; x_wconf 84' lang='grc' dir='ltr'>ταῖς</span> <span class='ocrx_word' id='word_1_142' title='bbox 1175 1810 1390 1880; x_wconf 82' lang='grc' dir='ltr'>ἀρχαῖς,</span> <span class='ocrx_word' id='word_1_143' title='bbox 1447 1811 1535 1862; x_wconf 76' lang='grc' dir='ltr'><strong>καὶ</strong></span> <span class='ocrx_word' id='word_1_144' title='bbox 1601 1814 1719 1875; x_wconf 87' lang='grc' dir='ltr'>ταῖς</span> <span class='ocrx_word' id='word_1_145' title='bbox 1769 1811 1923 1877; x_wconf 80' lang='grc' dir='ltr'>ἐξου-</span> 
     </span>
    </p>
   </div>
   <div class='ocr_carea' id='block_1_21' title="bbox 357 1895 1921 1967">
    <p class='ocr_par' dir='ltr' id='par_1_21' title="bbox 357 1895 1921 1967">
     <span class='ocr_line' id='line_1_21' title="bbox 357 1895 1921 1967; baseline -0.001 -15"><span class='ocrx_word' id='word_1_146' title='bbox 357 1900 518 1961; x_wconf 86' lang='grc' dir='ltr'>σίαις,</span> <span class='ocrx_word' id='word_1_147' title='bbox 554 1900 610 1950; x_wconf 83' lang='grc' dir='ltr'><strong>ἐν</strong></span> <span class='ocrx_word' id='word_1_148' title='bbox 638 1899 749 1958; x_wconf 86' lang='grc' dir='ltr'>τοῖς</span> <span class='ocrx_word' id='word_1_149' title='bbox 769 1895 1129 1967; x_wconf 78' lang='grc' dir='ltr'>ἐπουρανίοις,</span> <span class='ocrx_word' id='word_1_150' title='bbox 1161 1895 1248 1948; x_wconf 82' lang='grc' dir='ltr'>διὰ</span> <span class='ocrx_word' id='word_1_151' title='bbox 1267 1897 1367 1966; x_wconf 86' lang='grc' dir='ltr'>τῆς</span> <span class='ocrx_word' id='word_1_152' title='bbox 1391 1896 1733 1965; x_wconf 84' lang='grc' dir='ltr'>Ἐκκλησίας.</span> <span class='ocrx_word' id='word_1_153' title='bbox 1756 1898 1788 1967; x_wconf 80' lang='grc' dir='ltr'><strong>ἡ</strong></span> <span class='ocrx_word' id='word_1_154' title='bbox 1825 1915 1921 1950; x_wconf 91' lang='grc' dir='ltr'>πο-</span> 
     </span>
    </p>
   </div>
   <div class='ocr_carea' id='block_1_22' title="bbox 355 1980 1925 2054">
    <p class='ocr_par' dir='ltr' id='par_1_22' title="bbox 355 1980 1925 2054">
     <span class='ocr_line' id='line_1_22' title="bbox 355 1980 1925 2054; baseline -0.001 -14"><span class='ocrx_word' id='word_1_155' title='bbox 355 1986 664 2049; x_wconf 85' lang='grc' dir='ltr'>λυποίκιλος</span> <span class='ocrx_word' id='word_1_156' title='bbox 690 1985 849 2054; x_wconf 83' lang='grc' dir='ltr'>σοφία</span> <span class='ocrx_word' id='word_1_157' title='bbox 885 1983 977 2037; x_wconf 90' lang='grc' dir='ltr'><strong>τοῦ</strong></span> <span class='ocrx_word' id='word_1_158' title='bbox 1011 1983 1167 2036; x_wconf 87' lang='grc' dir='ltr'>Θεοῦ.</span> <span class='ocrx_word' id='word_1_159' title='bbox 1204 2002 1222 2034; x_wconf 75' lang='grc' dir='ltr'><strong>ι</strong></span> <span class='ocrx_word' id='word_1_160' title='bbox 1265 1985 1587 2037; x_wconf 84' lang='grc' dir='ltr'>Κατανοείτε</span> <span class='ocrx_word' id='word_1_161' title='bbox 1615 1980 1728 2044; x_wconf 78' lang='grc' dir='ltr'>οὖν,</span> <span class='ocrx_word' id='word_1_162' title='bbox 1762 1985 1925 2039; x_wconf 84' lang='grc' dir='ltr'>πόσον</span> 
     </span>
    </p>
   </div>
   <div class='ocr_carea' id='block_1_23' title="bbox 356 2072 1925 2151">
    <p class='ocr_par' dir='ltr' id='par_1_23' title="bbox 356 2072 1925 2151">
     <span class='ocr_line' id='line_1_23' title="bbox 356 2072 1925 2151; baseline -0.003 -20"><span class='ocrx_word' id='word_1_163' title='bbox 356 2078 616 2151; x_wconf 63' lang='grc' dir='ltr'>ἐξῃρηται</span> <span class='ocrx_word' id='word_1_164' title='bbox 645 2079 678 2146; x_wconf 83' lang='grc' dir='ltr'>ἡ</span> <span class='ocrx_word' id='word_1_165' title='bbox 705 2075 948 2144; x_wconf 80' lang='grc' dir='ltr'>ἀγγέλων</span> <span class='ocrx_word' id='word_1_166' title='bbox 985 2074 1145 2142; x_wconf 83' lang='grc' dir='ltr'>φύσις</span> <span class='ocrx_word' id='word_1_167' title='bbox 1170 2072 1263 2126; x_wconf 89' lang='grc' dir='ltr'><strong>τοῦ</strong></span> <span class='ocrx_word' id='word_1_168' title='bbox 1290 2074 1380 2142; x_wconf 82' lang='grc' dir='ltr'><strong>ἀφ’</strong></span> <span class='ocrx_word' id='word_1_169' title='bbox 1406 2075 1602 2142; x_wconf 86' lang='grc' dir='ltr'>ἐαυτῆς</span> <span class='ocrx_word' id='word_1_170' title='bbox 1648 2075 1840 2127; x_wconf 84' lang='grc' dir='ltr'>εἰδέναι</span> <span class='ocrx_word' id='word_1_171' title='bbox 1874 2092 1925 2127; x_wconf 89' lang='grc' dir='ltr'><strong>τι</strong></span> 
     </span>
    </p>
   </div>
   <div class='ocr_carea' id='block_1_24' title="bbox 350 2163 1925 2240">
    <p class='ocr_par' dir='ltr' id='par_1_24' title="bbox 350 2163 1925 2240">
     <span class='ocr_line' id='line_1_24' title="bbox 350 2163 1925 2240; baseline -0.003 -17"><span class='ocrx_word' id='word_1_172' title='bbox 350 2169 464 2223; x_wconf 83' lang='grc' dir='ltr'>τῶν</span> <span class='ocrx_word' id='word_1_173' title='bbox 491 2167 781 2240; x_wconf 81' lang='grc' dir='ltr'>ἐσομένων,</span> <span class='ocrx_word' id='word_1_174' title='bbox 815 2165 1025 2220; x_wconf 79' lang='grc' dir='ltr'>καὶτοῦ</span> <span class='ocrx_word' id='word_1_175' title='bbox 1056 2163 1413 2237; x_wconf 79' lang='grc' dir='ltr'>χρηματίζειν</span> <span class='ocrx_word' id='word_1_176' title='bbox 1433 2183 1445 2195; x_wconf 86' lang='grc'><strong>·</strong></span> <span class='ocrx_word' id='word_1_177' title='bbox 1477 2166 1557 2218; x_wconf 87' lang='grc' dir='ltr'><strong>ὃτι</strong></span> <span class='ocrx_word' id='word_1_178' title='bbox 1588 2167 1680 2219; x_wconf 72' lang='grc' dir='ltr'><strong>καὶ</strong></span> <span class='ocrx_word' id='word_1_179' title='bbox 1707 2165 1795 2218; x_wconf 74' lang='grc' dir='ltr'><strong>διὰ</strong></span> <span class='ocrx_word' id='word_1_180' title='bbox 1826 2166 1925 2234; x_wconf 78' lang='grc' dir='ltr'>τῆς</span> 
     </span>
    </p>
   </div>
   <div class='ocr_carea' id='block_1_25' title="bbox 350 2256 1925 2332">
    <p class='ocr_par' dir='ltr' id='par_1_25' title="bbox 350 2256 1925 2332">
     <span class='ocr_line' id='line_1_25' title="bbox 350 2256 1925 2332; baseline -0.004 -16"><span class='ocrx_word' id='word_1_181' title='bbox 350 2264 417 2316; x_wconf 77' lang='grc' dir='ltr'>ὲν</span> <span class='ocrx_word' id='word_1_182' title='bbox 459 2261 591 2332; x_wconf 79' lang='grc' dir='ltr'>τῷδε</span> <span class='ocrx_word' id='word_1_183' title='bbox 635 2259 712 2329; x_wconf 82' lang='grc' dir='ltr'>τῷ</span> <span class='ocrx_word' id='word_1_184' title='bbox 739 2260 928 2328; x_wconf 72' lang='grc' dir='ltr'>κόσμῳ</span> <span class='ocrx_word' id='word_1_185' title='bbox 964 2257 1287 2328; x_wconf 87' lang='grc' dir='ltr'>Ἐκκλησίας</span> <span class='ocrx_word' id='word_1_186' title='bbox 1304 2257 1397 2309; x_wconf 88' lang='grc' dir='ltr'><strong>τοῦ</strong></span> <span class='ocrx_word' id='word_1_187' title='bbox 1419 2256 1574 2319; x_wconf 85' lang='grc' dir='ltr'>Θεοῦ,</span> <span class='ocrx_word' id='word_1_188' title='bbox 1608 2258 1729 2326; x_wconf 73' lang='grc' dir='ltr'>ἥτις</span> <span class='ocrx_word' id='word_1_189' title='bbox 1762 2258 1925 2327; x_wconf 81' lang='grc' dir='ltr'>ἐσμὲν</span> 
     </span>
    </p>
   </div>
   <div class='ocr_carea' id='block_1_26' title="bbox 350 2347 1925 2426">
    <p class='ocr_par' dir='ltr' id='par_1_26' title="bbox 350 2347 1925 2426">
     <span class='ocr_line' id='line_1_26' title="bbox 350 2347 1925 2426; baseline -0.003 -19"><span class='ocrx_word' id='word_1_190' title='bbox 350 2356 535 2426; x_wconf 65' lang='grc' dir='ltr'><strong>⁴ἡμεῖς,</strong></span> <span class='ocrx_word' id='word_1_191' title='bbox 571 2352 639 2406; x_wconf 69' lang='grc' dir='ltr'>τὰ</span> <span class='ocrx_word' id='word_1_192' title='bbox 664 2351 917 2422; x_wconf 77' lang='grc' dir='ltr'>μεγαλεῖα</span> <span class='ocrx_word' id='word_1_193' title='bbox 943 2348 1223 2421; x_wconf 88' lang='grc' dir='ltr'>μανθάνει,</span> <span class='ocrx_word' id='word_1_194' title='bbox 1258 2348 1399 2420; x_wconf 83' lang='grc' dir='ltr'>Πρὸς</span> <span class='ocrx_word' id='word_1_195' title='bbox 1432 2347 1604 2401; x_wconf 86' lang='grc' dir='ltr'>πειθὼ</span> <span class='ocrx_word' id='word_1_196' title='bbox 1630 2350 1685 2402; x_wconf 82' lang='grc' dir='ltr'><strong>δὲ</strong></span> <span class='ocrx_word' id='word_1_197' title='bbox 1709 2348 1806 2420; x_wconf 81' lang='grc' dir='ltr'><strong>τὴν</strong></span> <span class='ocrx_word' id='word_1_198' title='bbox 1828 2365 1925 2402; x_wconf 87' lang='grc' dir='ltr'>πε-</span> 
     </span>
    </p>
   </div>
   <div class='ocr_carea' id='block_1_27' title="bbox 354 2440 1927 2520">
    <p class='ocr_par' dir='ltr' id='par_1_27' title="bbox 354 2440 1927 2520">
     <span class='ocr_line' id='line_1_27' title="bbox 354 2440 1927 2520; baseline -0.006 -19"><span class='ocrx_word' id='word_1_199' title='bbox 354 2451 413 2520; x_wconf 75' lang='grc' dir='ltr'><strong>ρὶ</strong></span> <span class='ocrx_word' id='word_1_200' title='bbox 431 2443 608 2511; x_wconf 88' lang='grc' dir='ltr'>τοῦτο,</span> <span class='ocrx_word' id='word_1_201' title='bbox 642 2445 863 2499; x_wconf 83' lang='grc' dir='ltr'>δύναταί</span> <span class='ocrx_word' id='word_1_202' title='bbox 913 2461 965 2497; x_wconf 92' lang='grc' dir='ltr'><strong>τι</strong></span> <span class='ocrx_word' id='word_1_203' title='bbox 1011 2441 1402 2513; x_wconf 77' lang='grc' dir='ltr'>συλλαμϐάνειν</span> <span class='ocrx_word' id='word_1_204' title='bbox 1433 2443 1526 2495; x_wconf 75' lang='grc' dir='ltr'><strong>καὶ</strong></span> <span class='ocrx_word' id='word_1_205' title='bbox 1555 2443 1697 2513; x_wconf 79' lang='grc' dir='ltr'>άπερ</span> <span class='ocrx_word' id='word_1_206' title='bbox 1726 2440 1927 2494; x_wconf 85' lang='grc' dir='ltr'>Κολοσ-</span> 
     </span>
    </p>
   </div>
   <div class='ocr_carea' id='block_1_28' title="bbox 355 2533 1928 2608">
    <p class='ocr_par' dir='ltr' id='par_1_28' title="bbox 355 2533 1928 2608">
     <span class='ocr_line' id='line_1_28' title="bbox 355 2533 1928 2608; baseline -0.004 -15"><span class='ocrx_word' id='word_1_207' title='bbox 355 2539 579 2593; x_wconf 77' lang='grc' dir='ltr'>σαεῦσιν</span> <span class='ocrx_word' id='word_1_208' title='bbox 606 2538 842 2608; x_wconf 76' lang='grc' dir='ltr'>ἔγραψεν</span> <span class='ocrx_word' id='word_1_209' title='bbox 868 2535 1087 2589; x_wconf 85' lang='grc' dir='ltr'>τοιῶσδε</span> <span class='ocrx_word' id='word_1_210' title='bbox 1106 2551 1120 2563; x_wconf 87' lang='grc'><strong>·</strong></span> <span class='ocrx_word' id='word_1_211' title='bbox 1184 2554 1201 2585; x_wconf 81' lang='grc' dir='ltr'><strong>ι</strong></span> <span class='ocrx_word' id='word_1_212' title='bbox 1227 2535 1301 2588; x_wconf 83' lang='grc' dir='ltr'>Τὸ</span> <span class='ocrx_word' id='word_1_213' title='bbox 1338 2535 1631 2605; x_wconf 83' lang='grc' dir='ltr'>μυστήριον</span> <span class='ocrx_word' id='word_1_214' title='bbox 1662 2535 1821 2586; x_wconf 83' lang='grc' dir='ltr'>τοῦτο</span> <span class='ocrx_word' id='word_1_215' title='bbox 1866 2533 1928 2586; x_wconf 82' lang='grc' dir='ltr'><strong>τὸ</strong></span> 
     </span>
    </p>
   </div>
   <div class='ocr_carea' id='block_1_29' title="bbox 351 2625 1923 2702">
    <p class='ocr_par' dir='ltr' id='par_1_29' title="bbox 351 2625 1923 2702">
     <span class='ocr_line' id='line_1_29' title="bbox 351 2625 1923 2702; baseline -0.004 -18"><span class='ocrx_word' id='word_1_216' title='bbox 351 2629 843 2702; x_wconf 82' lang='grc' dir='ltr'>ἀποκεκρυμμένον</span> <span class='ocrx_word' id='word_1_217' title='bbox 891 2628 995 2699; x_wconf 76' lang='grc' dir='ltr'><strong>πρὸ</strong></span> <span class='ocrx_word' id='word_1_218' title='bbox 1028 2626 1134 2680; x_wconf 86' lang='grc' dir='ltr'><strong>τῶν</strong></span> <span class='ocrx_word' id='word_1_219' title='bbox 1174 2625 1383 2680; x_wconf 85' lang='grc' dir='ltr'>αίώνων</span> <span class='ocrx_word' id='word_1_220' title='bbox 1419 2626 1512 2680; x_wconf 74' lang='grc' dir='ltr'><strong>καὶ</strong></span> <span class='ocrx_word' id='word_1_221' title='bbox 1550 2625 1657 2678; x_wconf 82' lang='grc' dir='ltr'>ἀπὸ</span> <span class='ocrx_word' id='word_1_222' title='bbox 1694 2625 1801 2678; x_wconf 81' lang='grc' dir='ltr'><strong>τῶν</strong></span> <span class='ocrx_word' id='word_1_223' title='bbox 1831 2641 1923 2693; x_wconf 90' lang='grc' dir='ltr'>γε-</span> 
     </span>
    </p>
   </div>
   <div class='ocr_carea' id='block_1_30' title="bbox 353 2716 1925 2791">
    <p class='ocr_par' dir='ltr' id='par_1_30' title="bbox 353 2716 1925 2791">
     <span class='ocr_line' id='line_1_30' title="bbox 353 2716 1925 2791; baseline -0.003 -17"><span class='ocrx_word' id='word_1_224' title='bbox 353 2722 515 2787; x_wconf 80' lang='grc' dir='ltr'>νεῶν,</span> <span class='ocrx_word' id='word_1_225' title='bbox 544 2721 572 2774; x_wconf 80' lang='grc' dir='ltr'><strong>ὃ</strong></span> <span class='ocrx_word' id='word_1_226' title='bbox 590 2720 683 2774; x_wconf 88' lang='grc' dir='ltr'><strong>νῦν</strong></span> <span class='ocrx_word' id='word_1_227' title='bbox 705 2718 1023 2791; x_wconf 80' lang='grc' dir='ltr'>ἐφανερώθη</span> <span class='ocrx_word' id='word_1_228' title='bbox 1039 2721 1150 2781; x_wconf 93' lang='grc' dir='ltr'>τοῖς</span> <span class='ocrx_word' id='word_1_229' title='bbox 1171 2718 1344 2786; x_wconf 79' lang='grc' dir='ltr'>ἁγίοις</span> <span class='ocrx_word' id='word_1_230' title='bbox 1369 2716 1552 2771; x_wconf 77' lang='grc' dir='ltr'>αὐτοῦ.</span> <span class='ocrx_word' id='word_1_231' title='bbox 1569 2738 1584 2766; x_wconf 81' lang='grc'>›</span> <span class='ocrx_word' id='word_1_232' title='bbox 1608 2717 1722 2787; x_wconf 81' lang='grc' dir='ltr'>Πρὸ</span> <span class='ocrx_word' id='word_1_233' title='bbox 1735 2716 1925 2769; x_wconf 83' lang='grc' dir='ltr'>τούτου</span> 
     </span>
    </p>
   </div>
   <div class='ocr_carea' id='block_1_31' title="bbox 353 2808 1928 2885">
    <p class='ocr_par' dir='ltr' id='par_1_31' title="bbox 353 2808 1928 2885">
     <span class='ocr_line' id='line_1_31' title="bbox 353 2808 1928 2885; baseline -0.004 -18"><span class='ocrx_word' id='word_1_234' title='bbox 353 2815 485 2885; x_wconf 77' lang='grc' dir='ltr'>γὰρ,</span> <span class='ocrx_word' id='word_1_235' title='bbox 517 2814 669 2885; x_wconf 77' lang='grc' dir='ltr'>φησὶ,</span> <span class='ocrx_word' id='word_1_236' title='bbox 696 2812 776 2882; x_wconf 85' lang='grc' dir='ltr'>τῷ</span> <span class='ocrx_word' id='word_1_237' title='bbox 799 2810 917 2881; x_wconf 86' lang='grc' dir='ltr'><strong>Θεῷ</strong></span> <span class='ocrx_word' id='word_1_238' title='bbox 943 2809 1178 2879; x_wconf 72' lang='grc' dir='ltr'>ἔγνωστο</span> <span class='ocrx_word' id='word_1_239' title='bbox 1207 2809 1370 2879; x_wconf 77' lang='grc' dir='ltr'>μόνῳ.</span> <span class='ocrx_word' id='word_1_240' title='bbox 1394 2808 1538 2879; x_wconf 84' lang='grc' dir='ltr'>Πρὸς</span> <span class='ocrx_word' id='word_1_241' title='bbox 1586 2809 1814 2872; x_wconf 83' lang='grc' dir='ltr'>τούτοις,</span> <span class='ocrx_word' id='word_1_242' title='bbox 1833 2808 1928 2863; x_wconf 76' lang='grc' dir='ltr'><strong>καὶ</strong></span> 
     </span>
    </p>
   </div>
   <div class='ocr_carea' id='block_1_32' title="bbox 356 2899 1937 2977">
    <p class='ocr_par' dir='ltr' id='par_1_32' title="bbox 356 2899 1937 2977">
     <span class='ocr_line' id='line_1_32' title="bbox 356 2899 1937 2977; baseline -0.005 -18"><span class='ocrx_word' id='word_1_243' title='bbox 356 2907 502 2977; x_wconf 70' lang='grc' dir='ltr'>ἅπερ</span> <span class='ocrx_word' id='word_1_244' title='bbox 536 2905 662 2975; x_wconf 72' lang='grc' dir='ltr'>περὶ</span> <span class='ocrx_word' id='word_1_245' title='bbox 690 2904 797 2957; x_wconf 79' lang='grc' dir='ltr'><strong>τῶν</strong></span> <span class='ocrx_word' id='word_1_246' title='bbox 834 2902 1162 2970; x_wconf 77' lang='grc' dir='ltr'>ἐνεγκόντων</span> <span class='ocrx_word' id='word_1_247' title='bbox 1202 2903 1363 2953; x_wconf 81' lang='grc' dir='ltr'>πᾶσιν</span> <span class='ocrx_word' id='word_1_248' title='bbox 1392 2899 1698 2972; x_wconf 85' lang='grc' dir='ltr'>ἀνθρώποις</span> <span class='ocrx_word' id='word_1_249' title='bbox 1716 2900 1937 2973; x_wconf 52' lang='grc' dir='ltr'>ὄφελος,</span> 
     </span>
    </p>
   </div>
   <div class='ocr_carea' id='block_1_33' title="bbox 355 2992 1930 3068">
    <p class='ocr_par' dir='ltr' id='par_1_33' title="bbox 355 2992 1930 3068">
     <span class='ocr_line' id='line_1_33' title="bbox 355 2992 1930 3068; baseline -0.004 -18"><span class='ocrx_word' id='word_1_250' title='bbox 355 2998 466 3051; x_wconf 86' lang='grc' dir='ltr'><strong>τῶν</strong></span> <span class='ocrx_word' id='word_1_251' title='bbox 500 2998 624 3068; x_wconf 79' lang='grc' dir='ltr'>περὶ</span> <span class='ocrx_word' id='word_1_252' title='bbox 663 2998 762 3068; x_wconf 77' lang='grc' dir='ltr'>τὴν</span> <span class='ocrx_word' id='word_1_253' title='bbox 793 2996 1015 3048; x_wconf 79' lang='grc' dir='ltr'>ἄλεκτον</span> <span class='ocrx_word' id='word_1_254' title='bbox 1042 2993 1349 3065; x_wconf 81' lang='grc' dir='ltr'>οἰκονομίαν</span> <span class='ocrx_word' id='word_1_255' title='bbox 1378 2994 1541 3063; x_wconf 75' lang='grc' dir='ltr'>φημὶ,</span> <span class='ocrx_word' id='word_1_256' title='bbox 1569 2994 1743 3045; x_wconf 86' lang='grc' dir='ltr'>τοῖσδε</span> <span class='ocrx_word' id='word_1_257' title='bbox 1777 2992 1930 3062; x_wconf 75' lang='grc' dir='ltr'>παρὰ</span> 
     </span>
    </p>
   </div>
   <div class='ocr_carea' id='block_1_34' title="bbox 358 3078 1995 3175">
    <p class='ocr_par' dir='ltr' id='par_1_34' title="bbox 358 3078 1995 3175">
     <span class='ocr_line' id='line_1_34' title="bbox 358 3078 1995 3175; baseline -0.005 -33"><span class='ocrx_word' id='word_1_258' title='bbox 358 3078 565 3159; x_wconf 81' lang='grc' dir='ltr'>Πέτρου</span> <span class='ocrx_word' id='word_1_259' title='bbox 609 3088 888 3159; x_wconf 86' lang='grc' dir='ltr'>ἀνείρηται</span> <span class='ocrx_word' id='word_1_260' title='bbox 932 3088 1041 3147; x_wconf 69' lang='grc' dir='ltr'>τοῖς</span> <span class='ocrx_word' id='word_1_261' title='bbox 1076 3087 1277 3156; x_wconf 81' lang='grc' dir='ltr'>ῥητοῖς,</span> <span class='ocrx_word' id='word_1_262' title='bbox 1314 3084 1389 3148; x_wconf 84' lang='grc' dir='ltr'><strong>ὡς</strong></span> <span class='ocrx_word' id='word_1_263' title='bbox 1417 3083 1716 3155; x_wconf 62' lang='grc' dir='ltr'>πῳελέχθη</span> <span class='ocrx_word' id='word_1_264' title='bbox 1741 3100 1755 3114; x_wconf 74' lang='grc' dir='ltr'><strong><em>ο</em></strong></span> <span class='ocrx_word' id='word_1_265' title='bbox 1784 3103 1802 3134; x_wconf 73' lang='grc' dir='ltr'><strong>ι</strong></span> <span class='ocrx_word' id='word_1_266' title='bbox 1836 3085 1929 3145; x_wconf 82' lang='grc' dir='ltr'>Εἰς</span> <span class='ocrx_word' id='word_1_267' title='bbox 1952 3117 1995 3175; x_wconf 75' lang='lat' dir='ltr'>c</span> 
     </span>
    </p>
   </div>
   <div class='ocr_carea' id='block_1_35' title="bbox 360 3175 1926 3251">
    <p class='ocr_par' dir='ltr' id='par_1_35' title="bbox 360 3175 1926 3251">
     <span class='ocr_line' id='line_1_35' title="bbox 360 3175 1926 3251; baseline -0.004 -16"><span class='ocrx_word' id='word_1_268' title='bbox 360 3180 416 3242; x_wconf 74' lang='grc' dir='ltr'>ἃ,</span> <span class='ocrx_word' id='word_1_269' title='bbox 473 3182 655 3251; x_wconf 77' lang='grc' dir='ltr'>φησὶν.</span> <span class='ocrx_word' id='word_1_270' title='bbox 719 3178 1074 3249; x_wconf 76' lang='grc' dir='ltr'>ἐπιθυμοῦσιν</span> <span class='ocrx_word' id='word_1_271' title='bbox 1139 3176 1357 3246; x_wconf 78' lang='grc' dir='ltr'>ἄγγελοι</span> <span class='ocrx_word' id='word_1_272' title='bbox 1421 3175 1759 3249; x_wconf 74' lang='grc' dir='ltr'>παρακύψαι.</span> <span class='ocrx_word' id='word_1_273' title='bbox 1810 3195 1828 3226; x_wconf 75' lang='grc' dir='ltr'><strong>ι</strong></span> <span class='ocrx_word' id='word_1_274' title='bbox 1864 3176 1926 3228; x_wconf 88' lang='grc' dir='ltr'><strong>Εἰ</strong></span> 
     </span>
    </p>
   </div>
   <div class='ocr_carea' id='block_1_36' title="bbox 358 3265 1923 3343">
    <p class='ocr_par' dir='ltr' id='par_1_36' title="bbox 358 3265 1923 3343">
     <span class='ocr_line' id='line_1_36' title="bbox 358 3265 1923 3343; baseline -0.004 -17"><span class='ocrx_word' id='word_1_275' title='bbox 358 3273 415 3327; x_wconf 84' lang='grc' dir='ltr'>δέ</span> <span class='ocrx_word' id='word_1_276' title='bbox 439 3290 559 3327; x_wconf 90' lang='grc' dir='ltr'>τινα</span> <span class='ocrx_word' id='word_1_277' title='bbox 596 3273 832 3343; x_wconf 76' lang='grc' dir='ltr'>ἔμφυτον</span> <span class='ocrx_word' id='word_1_278' title='bbox 860 3269 1058 3340; x_wconf 83' lang='grc' dir='ltr'>γνῶσιν</span> <span class='ocrx_word' id='word_1_279' title='bbox 1085 3265 1250 3340; x_wconf 72' lang='grc' dir='ltr'>εἶχον,</span> <span class='ocrx_word' id='word_1_280' title='bbox 1289 3270 1389 3321; x_wconf 82' lang='grc' dir='ltr'><strong>οὐκ</strong></span> <span class='ocrx_word' id='word_1_281' title='bbox 1426 3268 1492 3321; x_wconf 85' lang='grc' dir='ltr'><strong>ἂν</strong></span> <span class='ocrx_word' id='word_1_282' title='bbox 1531 3268 1801 3339; x_wconf 79' lang='grc' dir='ltr'>ἱμείροντο</span> <span class='ocrx_word' id='word_1_283' title='bbox 1832 3268 1923 3321; x_wconf 83' lang='grc' dir='ltr'><strong>τοῦ</strong></span> 
     </span>
    </p>
   </div>
   <div class='ocr_carea' id='block_1_37' title="bbox 360 3358 1927 3434">
    <p class='ocr_par' dir='ltr' id='par_1_37' title="bbox 360 3358 1927 3434">
     <span class='ocr_line' id='line_1_37' title="bbox 360 3358 1927 3434; baseline -0.007 -15"><span class='ocrx_word' id='word_1_284' title='bbox 360 3367 465 3419; x_wconf 73' lang='grc' dir='ltr'><strong>κᾶν</strong></span> <span class='ocrx_word' id='word_1_285' title='bbox 490 3363 744 3434; x_wconf 72' lang='grc' dir='ltr'>διακύψαι</span> <span class='ocrx_word' id='word_1_286' title='bbox 787 3365 865 3426; x_wconf 86' lang='grc' dir='ltr'><strong>είς</strong></span> <span class='ocrx_word' id='word_1_287' title='bbox 892 3362 1048 3416; x_wconf 87' lang='grc' dir='ltr'>αὐτά.</span> <span class='ocrx_word' id='word_1_288' title='bbox 1080 3360 1218 3412; x_wconf 83' lang='grc' dir='ltr'>Ἀλλ’</span> <span class='ocrx_word' id='word_1_289' title='bbox 1248 3359 1434 3429; x_wconf 81' lang='grc' dir='ltr'>ἐπειδὴ</span> <span class='ocrx_word' id='word_1_290' title='bbox 1479 3360 1552 3429; x_wconf 85' lang='grc' dir='ltr'><strong>μὴ</strong></span> <span class='ocrx_word' id='word_1_291' title='bbox 1586 3358 1821 3429; x_wconf 67' lang='grc' dir='ltr'>ἔχοι-τιν,</span> <span class='ocrx_word' id='word_1_292' title='bbox 1848 3358 1927 3418; x_wconf 83' lang='grc' dir='ltr'><strong>είς</strong></span> 
     </span>
    </p>
   </div>
   <div class='ocr_carea' id='block_1_38' title="bbox 359 3449 1926 3529">
    <p class='ocr_par' dir='ltr' id='par_1_38' title="bbox 359 3449 1926 3529">
     <span class='ocr_line' id='line_1_38' title="bbox 359 3449 1926 3529; baseline -0.007 -18"><span class='ocrx_word' id='word_1_293' title='bbox 359 3457 783 3529; x_wconf 72' lang='grc' dir='ltr'>ὑπερϐάλλοντα,</span> <span class='ocrx_word' id='word_1_294' title='bbox 833 3454 909 3517; x_wconf 83' lang='grc' dir='ltr'>ὡς</span> <span class='ocrx_word' id='word_1_295' title='bbox 961 3455 1011 3507; x_wconf 78' lang='grc' dir='ltr'><strong>οἱ</strong></span> <span class='ocrx_word' id='word_1_296' title='bbox 1058 3453 1353 3523; x_wconf 83' lang='grc' dir='ltr'>ἄνθρωποι,</span> <span class='ocrx_word' id='word_1_297' title='bbox 1407 3449 1604 3521; x_wconf 87' lang='grc' dir='ltr'>τρόπον</span> <span class='ocrx_word' id='word_1_298' title='bbox 1660 3449 1782 3502; x_wconf 80' lang='grc' dir='ltr'>τινὰ</span> <span class='ocrx_word' id='word_1_299' title='bbox 1836 3451 1926 3501; x_wconf 81' lang='grc' dir='ltr'>ἐκ·</span> 
     </span>
    </p>
   </div>
   <div class='ocr_carea' id='block_1_39' title="bbox 357 3540 1927 3618">
    <p class='ocr_par' dir='ltr' id='par_1_39' title="bbox 357 3540 1927 3618">
     <span class='ocr_line' id='line_1_39' title="bbox 357 3540 1927 3618; baseline -0.007 -14"><span class='ocrx_word' id='word_1_300' title='bbox 357 3552 644 3604; x_wconf 83' lang='grc' dir='ltr'>πίπτουσιν</span> <span class='ocrx_word' id='word_1_301' title='bbox 690 3547 869 3618; x_wconf 71' lang='grc' dir='ltr'>ἔρωτα</span> <span class='ocrx_word' id='word_1_302' title='bbox 924 3546 1165 3608; x_wconf 82' lang='grc' dir='ltr'>ἐκείνων,</span> <span class='ocrx_word' id='word_1_303' title='bbox 1203 3540 1277 3598; x_wconf 74' lang='grc' dir='ltr'>ὧν</span> <span class='ocrx_word' id='word_1_304' title='bbox 1318 3544 1419 3614; x_wconf 79' lang='grc' dir='ltr'><strong>τῆς</strong></span> <span class='ocrx_word' id='word_1_305' title='bbox 1447 3541 1699 3613; x_wconf 83' lang='grc' dir='ltr'>γνώσεως</span> <span class='ocrx_word' id='word_1_306' title='bbox 1747 3544 1927 3611; x_wconf 84' lang='grc' dir='ltr'>τυχεῖν</span> 
     </span>
    </p>
   </div>
   <div class='ocr_carea' id='block_1_40' title="bbox 358 3632 1923 3710">
    <p class='ocr_par' dir='ltr' id='par_1_40' title="bbox 358 3632 1923 3710">
     <span class='ocr_line' id='line_1_40' title="bbox 358 3632 1923 3710; baseline -0.008 -16"><span class='ocrx_word' id='word_1_307' title='bbox 358 3643 540 3703; x_wconf 72' lang='grc' dir='ltr'>αὐτοῖς</span> <span class='ocrx_word' id='word_1_308' title='bbox 602 3639 676 3710; x_wconf 85' lang='grc' dir='ltr'>μὴ</span> <span class='ocrx_word' id='word_1_309' title='bbox 727 3638 968 3691; x_wconf 78' lang='grc' dir='ltr'>ὕπεστιν.</span> <span class='ocrx_word' id='word_1_310' title='bbox 1029 3636 1247 3700; x_wconf 82' lang='grc' dir='ltr'>Πέφυκε</span> <span class='ocrx_word' id='word_1_311' title='bbox 1330 3634 1439 3704; x_wconf 83' lang='grc' dir='ltr'>γὰρ</span> <span class='ocrx_word' id='word_1_312' title='bbox 1486 3633 1578 3687; x_wconf 73' lang='grc' dir='ltr'><strong>καὶ</strong></span> <span class='ocrx_word' id='word_1_313' title='bbox 1630 3632 1923 3703; x_wconf 85' lang='grc' dir='ltr'>τηνάλλως,</span> 
     </span>
    </p>
   </div>
   <div class='ocr_carea' id='block_1_41' title="bbox 358 3723 1927 3805">
    <p class='ocr_par' dir='ltr' id='par_1_41' title="bbox 358 3723 1927 3805">
     <span class='ocr_line' id='line_1_41' title="bbox 358 3723 1927 3805; baseline -0.007 -19"><span class='ocrx_word' id='word_1_314' title='bbox 358 3731 727 3805; x_wconf 67' lang='grc' dir='ltr'>ὑπερορᾶσθαι</span> <span class='ocrx_word' id='word_1_315' title='bbox 751 3729 850 3801; x_wconf 84' lang='grc' dir='ltr'>μὲν</span> <span class='ocrx_word' id='word_1_316' title='bbox 871 3729 937 3781; x_wconf 79' lang='grc' dir='ltr'>τὰ</span> <span class='ocrx_word' id='word_1_317' title='bbox 958 3726 1245 3798; x_wconf 79' lang='grc' dir='ltr'>εὑρεθῆναι</span> <span class='ocrx_word' id='word_1_318' title='bbox 1276 3724 1453 3797; x_wconf 73' lang='grc' dir='ltr'>ῥᾴδια,</span> <span class='ocrx_word' id='word_1_319' title='bbox 1480 3723 1749 3778; x_wconf 82' lang='grc' dir='ltr'>ποιεῖσθαι</span> <span class='ocrx_word' id='word_1_320' title='bbox 1771 3723 1828 3775; x_wconf 84' lang='grc' dir='ltr'><strong>δέ</strong></span> <span class='ocrx_word' id='word_1_321' title='bbox 1860 3723 1927 3776; x_wconf 84' lang='grc' dir='ltr'>τὰ</span> 
     </span>
    </p>
   </div>
   <div class='ocr_carea' id='block_1_42' title="bbox 359 3812 1925 3891">
    <p class='ocr_par' dir='ltr' id='par_1_42' title="bbox 359 3812 1925 3891">
     <span class='ocr_line' id='line_1_42' title="bbox 359 3812 1925 3891; baseline -0.008 -15"><span class='ocrx_word' id='word_1_322' title='bbox 359 3822 704 3891; x_wconf 85' lang='grc' dir='ltr'>σπανιώτερα</span> <span class='ocrx_word' id='word_1_323' title='bbox 764 3820 873 3873; x_wconf 77' lang='grc' dir='ltr'>Καὶ</span> <span class='ocrx_word' id='word_1_324' title='bbox 909 3818 1089 3889; x_wconf 86' lang='grc' dir='ltr'>μέντοι</span> <span class='ocrx_word' id='word_1_325' title='bbox 1118 3817 1211 3870; x_wconf 73' lang='grc' dir='ltr'><strong>καὶ</strong></span> <span class='ocrx_word' id='word_1_326' title='bbox 1239 3815 1396 3868; x_wconf 89' lang='grc' dir='ltr'>τοῦτο</span> <span class='ocrx_word' id='word_1_327' title='bbox 1428 3816 1489 3868; x_wconf 85' lang='grc' dir='ltr'><strong>οὐ</strong></span> <span class='ocrx_word' id='word_1_328' title='bbox 1529 3814 1670 3868; x_wconf 84' lang='grc' dir='ltr'>κατὰ</span> <span class='ocrx_word' id='word_1_329' title='bbox 1702 3812 1925 3885; x_wconf 81' lang='grc' dir='ltr'>γνώμην</span> 
     </span>
    </p>
   </div>
   <div class='ocr_carea' id='block_1_43' title="bbox 350 3905 1928 3982">
    <p class='ocr_par' dir='ltr' id='par_1_43' title="bbox 350 3905 1928 3982">
     <span class='ocr_line' id='line_1_43' title="bbox 350 3905 1928 3982; baseline -0.008 -14"><span class='ocrx_word' id='word_1_330' title='bbox 350 3914 579 3975; x_wconf 76' lang='grc' dir='ltr'>οἰκείαν,</span> <span class='ocrx_word' id='word_1_331' title='bbox 604 3912 682 3982; x_wconf 81' lang='grc' dir='ltr'>τῷ</span> <span class='ocrx_word' id='word_1_332' title='bbox 708 3911 868 3980; x_wconf 82' lang='grc' dir='ltr'>κοινῷ</span> <span class='ocrx_word' id='word_1_333' title='bbox 890 3910 945 3963; x_wconf 82' lang='grc' dir='ltr'><strong>δὲ</strong></span> <span class='ocrx_word' id='word_1_334' title='bbox 965 3910 1062 3979; x_wconf 83' lang='grc' dir='ltr'>τῆς</span> <span class='ocrx_word' id='word_1_335' title='bbox 1085 3907 1295 3977; x_wconf 83' lang='grc' dir='ltr'>φύσεως</span> <span class='ocrx_word' id='word_1_336' title='bbox 1322 3905 1496 3959; x_wconf 77' lang='grc' dir='ltr'>αὐτῶν</span> <span class='ocrx_word' id='word_1_337' title='bbox 1523 3906 1665 3976; x_wconf 85' lang='grc' dir='ltr'>λόγῳ</span> <span class='ocrx_word' id='word_1_338' title='bbox 1687 3906 1769 3974; x_wconf 79' lang='grc' dir='ltr'>(οὑ</span> <span class='ocrx_word' id='word_1_339' title='bbox 1794 3906 1928 3957; x_wconf 80' lang='grc' dir='ltr'>πάν-</span> 
     </span>
    </p>
   </div>
   <div class='ocr_carea' id='block_1_44' title="bbox 355 3995 1923 4074">
    <p class='ocr_par' dir='ltr' id='par_1_44' title="bbox 355 3995 1923 4074">
     <span class='ocr_line' id='line_1_44' title="bbox 355 3995 1923 4074; baseline -0.008 -15"><span class='ocrx_word' id='word_1_340' title='bbox 355 4023 458 4069; x_wconf 86' lang='grc' dir='ltr'><strong>τας</strong></span> <span class='ocrx_word' id='word_1_341' title='bbox 499 4005 660 4074; x_wconf 75' lang='grc' dir='ltr'>φημὶ)</span> <span class='ocrx_word' id='word_1_342' title='bbox 698 4001 953 4072; x_wconf 84' lang='grc' dir='ltr'>ὑπόχρεοι</span> <span class='ocrx_word' id='word_1_343' title='bbox 985 3999 1136 4061; x_wconf 76' lang='grc' dir='ltr'>ὄντες</span> <span class='ocrx_word' id='word_1_344' title='bbox 1199 3998 1362 4060; x_wconf 87' lang='grc' dir='ltr'>τινές.</span> <span class='ocrx_word' id='word_1_345' title='bbox 1406 4015 1424 4047; x_wconf 80' lang='grc' dir='ltr'><strong>ι</strong></span> <span class='ocrx_word' id='word_1_346' title='bbox 1460 3998 1519 4050; x_wconf 80' lang='lat' dir='ltr'><strong>El</strong></span> <span class='ocrx_word' id='word_1_347' title='bbox 1556 3996 1647 4068; x_wconf 84' lang='lat' dir='ltr'><strong>[9O</strong></span> <span class='ocrx_word' id='word_1_348' title='bbox 1687 3995 1738 4067; x_wconf 71' lang='grc' dir='ltr'>ὁ]</span> <span class='ocrx_word' id='word_1_349' title='bbox 1794 3995 1923 4066; x_wconf 82' lang='grc' dir='ltr'>γάρ,</span> 
     </span>
    </p>
   </div>
   <div class='ocr_carea' id='block_1_45' title="bbox 359 4088 1927 4168">
    <p class='ocr_par' dir='ltr' id='par_1_45' title="bbox 359 4088 1927 4168">
     <span class='ocr_line' id='line_1_45' title="bbox 359 4088 1927 4168; baseline -0.008 -18"><span class='ocrx_word' id='word_1_350' title='bbox 359 4098 545 4168; x_wconf 63' lang='grc' dir='ltr'>φησιν,</span> <span class='ocrx_word' id='word_1_351' title='bbox 597 4095 840 4164; x_wconf 81' lang='grc' dir='ltr'>ἀγγέλων</span> <span class='ocrx_word' id='word_1_352' title='bbox 886 4090 1317 4164; x_wconf 82' lang='grc' dir='ltr'>ἁμαρτησάντων</span> <span class='ocrx_word' id='word_1_353' title='bbox 1350 4091 1378 4142; x_wconf 88' lang='grc' dir='ltr'><strong>ὁ</strong></span> <span class='ocrx_word' id='word_1_354' title='bbox 1406 4088 1538 4152; x_wconf 80' lang='grc' dir='ltr'>Θεὸς</span> <span class='ocrx_word' id='word_1_355' title='bbox 1577 4089 1677 4142; x_wconf 85' lang='grc' dir='ltr'><strong>οὐκ</strong></span> <span class='ocrx_word' id='word_1_356' title='bbox 1710 4088 1927 4155; x_wconf 83' lang='grc' dir='ltr'>ἐφείσα-</span> 
     </span>
    </p>
   </div>
   <div class='ocr_carea' id='block_1_46' title="bbox 355 4179 1926 4257">
    <p class='ocr_par' dir='ltr' id='par_1_46' title="bbox 355 4179 1926 4257">
     <span class='ocr_line' id='line_1_46' title="bbox 355 4179 1926 4257; baseline -0.008 -14"><span class='ocrx_word' id='word_1_357' title='bbox 355 4207 440 4251; x_wconf 88' lang='grc' dir='ltr'><strong>το,</strong></span> <span class='ocrx_word' id='word_1_358' title='bbox 480 4208 498 4240; x_wconf 75' lang='grc' dir='ltr'><strong>ι</strong></span> <span class='ocrx_word' id='word_1_359' title='bbox 532 4188 687 4241; x_wconf 86' lang='grc' dir='ltr'>ποίαν</span> <span class='ocrx_word' id='word_1_360' title='bbox 726 4187 962 4257; x_wconf 75' lang='grc' dir='ltr'>ἔμφυτον</span> <span class='ocrx_word' id='word_1_361' title='bbox 1000 4184 1200 4252; x_wconf 78' lang='grc' dir='ltr'>γνῶσιν</span> <span class='ocrx_word' id='word_1_362' title='bbox 1237 4181 1343 4234; x_wconf 79' lang='grc' dir='ltr'><strong>τῶν</strong></span> <span class='ocrx_word' id='word_1_363' title='bbox 1384 4181 1701 4252; x_wconf 84' lang='grc' dir='ltr'>μελλόντων,</span> <span class='ocrx_word' id='word_1_364' title='bbox 1732 4181 1764 4251; x_wconf 78' lang='grc' dir='ltr'>ἢ</span> <span class='ocrx_word' id='word_1_365' title='bbox 1798 4179 1926 4232; x_wconf 63' lang='grc' dir='ltr'>αὖθι</span> 
     </span>
    </p>
   </div>
   <div class='ocr_carea' id='block_1_47' title="bbox 361 4272 1923 4351">
    <p class='ocr_par' dir='ltr' id='par_1_47' title="bbox 361 4272 1923 4351">
     <span class='ocr_line' id='line_1_47' title="bbox 361 4272 1923 4351; baseline -0.008 -16"><span class='ocrx_word' id='word_1_366' title='bbox 361 4284 565 4335; x_wconf 86' lang='grc' dir='ltr'>εντείαν</span> <span class='ocrx_word' id='word_1_367' title='bbox 594 4280 684 4333; x_wconf 91' lang='grc' dir='ltr'><strong>τοῦ</strong></span> <span class='ocrx_word' id='word_1_368' title='bbox 711 4278 1087 4351; x_wconf 79' lang='grc' dir='ltr'>χρηματίζειν,</span> <span class='ocrx_word' id='word_1_369' title='bbox 1127 4275 1202 4337; x_wconf 85' lang='grc' dir='ltr'>ὡς</span> <span class='ocrx_word' id='word_1_370' title='bbox 1233 4277 1262 4327; x_wconf 86' lang='grc' dir='ltr'>ὁ</span> <span class='ocrx_word' id='word_1_371' title='bbox 1286 4274 1437 4339; x_wconf 83' lang='grc' dir='ltr'>Θεὸς,</span> <span class='ocrx_word' id='word_1_372' title='bbox 1475 4273 1616 4344; x_wconf 79' lang='grc' dir='ltr'>ἔχειν</span> <span class='ocrx_word' id='word_1_373' title='bbox 1638 4272 1886 4326; x_wconf 85' lang='grc' dir='ltr'>δύνανται</span> <span class='ocrx_word' id='word_1_374' title='bbox 1910 4288 1923 4335; x_wconf 91' lang='lat'>;</span> 
     </span>
    </p>
   </div>
   <div class='ocr_carea' id='block_1_48' title="bbox 365 4362 1923 4441">
    <p class='ocr_par' dir='ltr' id='par_1_48' title="bbox 365 4362 1923 4441">
     <span class='ocr_line' id='line_1_48' title="bbox 365 4362 1923 4441; baseline -0.008 -14"><span class='ocrx_word' id='word_1_375' title='bbox 365 4375 430 4428; x_wconf 82' lang='grc' dir='ltr'><strong>Εἰ</strong></span> <span class='ocrx_word' id='word_1_376' title='bbox 460 4374 514 4426; x_wconf 80' lang='grc' dir='ltr'><strong>δὲ</strong></span> <span class='ocrx_word' id='word_1_377' title='bbox 545 4374 641 4426; x_wconf 79' lang='grc' dir='ltr'><strong>οὐκ</strong></span> <span class='ocrx_word' id='word_1_378' title='bbox 678 4373 821 4425; x_wconf 82' lang='grc' dir='ltr'>τσασι</span> <span class='ocrx_word' id='word_1_379' title='bbox 851 4370 947 4441; x_wconf 81' lang='grc' dir='ltr'>μὲν</span> <span class='ocrx_word' id='word_1_380' title='bbox 972 4362 1116 4421; x_wconf 74' lang='grc' dir='ltr'>οὗτοι</span> <span class='ocrx_word' id='word_1_381' title='bbox 1139 4368 1230 4434; x_wconf 80' lang='grc' dir='ltr'>ἀφ’</span> <span class='ocrx_word' id='word_1_382' title='bbox 1264 4365 1492 4429; x_wconf 79' lang='grc' dir='ltr'>ἑαυτῶν,</span> <span class='ocrx_word' id='word_1_383' title='bbox 1526 4366 1647 4418; x_wconf 82' lang='grc' dir='ltr'>οὐδὲ</span> <span class='ocrx_word' id='word_1_384' title='bbox 1687 4366 1806 4419; x_wconf 84' lang='grc' dir='ltr'>κατ’</span> <span class='ocrx_word' id='word_1_385' title='bbox 1836 4364 1923 4427; x_wconf 61' lang='grc' dir='ltr'>ἐξ-</span> 
     </span>
    </p>
   </div>
   <div class='ocr_carea' id='block_1_49' title="bbox 2039 533 3595 605">
    <p class='ocr_par' dir='ltr' id='par_1_49' title="bbox 2039 533 3595 605">
     <span class='ocr_line' id='line_1_49' title="bbox 2039 533 3595 605; baseline 0.01 -22"><span class='ocrx_word' id='word_1_386' title='bbox 2039 541 2160 583; x_wconf 86' lang='lat' dir='ltr'><strong>runt</strong></span> <span class='ocrx_word' id='word_1_387' title='bbox 2186 541 2255 586; x_wconf 85' lang='lat' dir='ltr'><strong>le.</strong></span> <span class='ocrx_word' id='word_1_388' title='bbox 2284 533 2387 586; x_wconf 87' lang='lat' dir='ltr'><strong>Sed</strong></span> <span class='ocrx_word' id='word_1_389' title='bbox 2421 550 2601 603; x_wconf 80' lang='lat' dir='ltr'><strong>surge,</strong></span> <span class='ocrx_word' id='word_1_390' title='bbox 2631 546 2683 588; x_wconf 83' lang='lat' dir='ltr'><strong>et</strong></span> <span class='ocrx_word' id='word_1_391' title='bbox 2714 538 2844 588; x_wconf 64' lang='lat' dir='ltr'><strong>vado</strong></span> <span class='ocrx_word' id='word_1_392' title='bbox 2878 552 2999 588; x_wconf 88' lang='lat' dir='ltr'><strong>cum</strong></span> <span class='ocrx_word' id='word_1_393' title='bbox 3025 539 3125 598; x_wconf 87' lang='lat' dir='ltr'><strong>eis.</strong></span> <span class='ocrx_word' id='word_1_394' title='bbox 3155 538 3286 592; x_wconf 83' lang='lat' dir='ltr'><strong>nihil</strong></span> <span class='ocrx_word' id='word_1_395' title='bbox 3323 541 3595 605; x_wconf 80' lang='lat' dir='ltr'><strong>dubitans,</strong></span> 
     </span>
    </p>
   </div>
   <div class='ocr_carea' id='block_1_50' title="bbox 2029 625 3593 693">
    <p class='ocr_par' dir='ltr' id='par_1_50' title="bbox 2029 625 3593 693">
     <span class='ocr_line' id='line_1_50' title="bbox 2029 625 3593 693; baseline 0.008 -20"><span class='ocrx_word' id='word_1_396' title='bbox 2029 625 2153 692; x_wconf 82' lang='lat' dir='ltr'><strong>quia</strong></span> <span class='ocrx_word' id='word_1_397' title='bbox 2188 640 2291 693; x_wconf 66' lang='lat' dir='ltr'><strong>ego</strong></span> <span class='ocrx_word' id='word_1_398' title='bbox 2341 627 2460 679; x_wconf 85' lang='lat' dir='ltr'><strong>misi</strong></span> <span class='ocrx_word' id='word_1_399' title='bbox 2513 626 2653 681; x_wconf 92' lang='lat' dir='ltr'><strong>illos.</strong></span> <span class='ocrx_word' id='word_1_400' title='bbox 2712 626 3077 682; x_wconf 75' lang='lat' dir='ltr'><strong>Dcscendcns’</strong></span> <span class='ocrx_word' id='word_1_401' title='bbox 3102 637 3276 683; x_wconf 86' lang='lat' dir='ltr'><strong>autem</strong></span> <span class='ocrx_word' id='word_1_402' title='bbox 3310 630 3497 687; x_wconf 84' lang='lat' dir='ltr'><strong>Petrus</strong></span> <span class='ocrx_word' id='word_1_403' title='bbox 3526 636 3593 687; x_wconf 88' lang='lat' dir='ltr'><strong>ad</strong></span> 
     </span>
    </p>
   </div>
   <div class='ocr_carea' id='block_1_51' title="bbox 2032 713 3596 791">
    <p class='ocr_par' dir='ltr' id='par_1_51' title="bbox 2032 713 3596 791">
     <span class='ocr_line' id='line_1_51' title="bbox 2032 713 3596 791; baseline 0.008 -28"><span class='ocrx_word' id='word_1_404' title='bbox 2032 713 2177 768; x_wconf 72' lang='lat' dir='ltr'><strong>viros</strong></span> <span class='ocrx_word' id='word_1_405' title='bbox 2203 714 2339 785; x_wconf 80' lang='lat'><strong>(75),</strong></span> <span class='ocrx_word' id='word_1_406' title='bbox 2368 716 2504 769; x_wconf 75' lang='lat' dir='ltr'><strong>dixit</strong></span> <span class='ocrx_word' id='word_1_407' title='bbox 2534 734 2546 768; x_wconf 91' lang='lat'>:</span> <span class='ocrx_word' id='word_1_408' title='bbox 2570 717 2706 770; x_wconf 63' lang='lat' dir='ltr'><strong>Eet&#39;e</strong></span> <span class='ocrx_word' id='word_1_409' title='bbox 2730 732 2830 784; x_wconf 72' lang='lat' dir='ltr'><strong>ego</strong></span> <span class='ocrx_word' id='word_1_410' title='bbox 2860 733 2975 770; x_wconf 89' lang='lat' dir='ltr'><strong>sum</strong></span> <span class='ocrx_word' id='word_1_411' title='bbox 2999 732 3157 785; x_wconf 87' lang='lat' dir='ltr'><strong>quem</strong></span> <span class='ocrx_word' id='word_1_412' title='bbox 3185 722 3596 791; x_wconf 67' lang='lat' dir='ltr'><strong>quarritis:qua:</strong></span> 
     </span>
    </p>
   </div>
   <div class='ocr_carea' id='block_1_52' title="bbox 2032 808 3591 876">
    <p class='ocr_par' dir='ltr' id='par_1_52' title="bbox 2032 808 3591 876">
     <span class='ocr_line' id='line_1_52' title="bbox 2032 808 3591 876; baseline 0.007 -20"><span class='ocrx_word' id='word_1_413' title='bbox 2032 819 2195 858; x_wconf 76' lang='lat' dir='ltr'><strong>causa</strong></span> <span class='ocrx_word' id='word_1_414' title='bbox 2224 816 2308 858; x_wconf 83' lang='lat' dir='ltr'><strong>est</strong></span> <span class='ocrx_word' id='word_1_415' title='bbox 2336 818 2553 874; x_wconf 76' lang='lat' dir='ltr'><strong>propter</strong></span> <span class='ocrx_word' id='word_1_416' title='bbox 2586 823 2747 876; x_wconf 88' lang='lat' dir='ltr'><strong>quam</strong></span> <span class='ocrx_word' id='word_1_417' title='bbox 2811 809 3074 862; x_wconf 74' lang='lat' dir='ltr'><strong>venistis?</strong></span> <span class='ocrx_word' id='word_1_418' title='bbox 3125 808 3198 862; x_wconf 92' lang='lat' dir='ltr'><strong>Illi</strong></span> <span class='ocrx_word' id='word_1_419' title='bbox 3237 819 3415 864; x_wconf 81' lang='lat' dir='ltr'><strong>autem</strong></span> <span class='ocrx_word' id='word_1_420' title='bbox 3437 813 3591 867; x_wconf 79' lang='lat' dir='ltr'><strong>dixe—</strong></span> 
     </span>
    </p>
   </div>
   <div class='ocr_carea' id='block_1_53' title="bbox 2032 894 3588 971">
    <p class='ocr_par' dir='ltr' id='par_1_53' title="bbox 2032 894 3588 971">
     <span class='ocr_line' id='line_1_53' title="bbox 2032 894 3588 971; baseline 0.008 -27"><span class='ocrx_word' id='word_1_421' title='bbox 2032 904 2191 944; x_wconf 85' lang='lat' dir='ltr'><strong>runt:</strong></span> <span class='ocrx_word' id='word_1_422' title='bbox 2244 894 2529 949; x_wconf 80' lang='lat' dir='ltr'><strong>Cornelius</strong></span> <span class='ocrx_word' id='word_1_423' title='bbox 2574 899 2844 962; x_wconf 87' lang='lat' dir='ltr'><strong>centurio,</strong></span> <span class='ocrx_word' id='word_1_424' title='bbox 2895 898 2980 951; x_wconf 80' lang='lat' dir='ltr'><strong>vir</strong></span> <span class='ocrx_word' id='word_1_425' title='bbox 3014 899 3214 963; x_wconf 83' lang='lat' dir='ltr'><strong>justus,</strong></span> <span class='ocrx_word' id='word_1_426' title='bbox 3242 910 3332 953; x_wconf 67' lang='lat' dir='ltr'><strong>net</strong></span> <span class='ocrx_word' id='word_1_427' title='bbox 3365 903 3588 971; x_wconf 88' lang='lat' dir='ltr'><strong>reliqua,</strong></span> 
     </span>
    </p>
   </div>
   <div class='ocr_carea' id='block_1_54' title="bbox 2032 985 3591 1060">
    <p class='ocr_par' dir='ltr' id='par_1_54' title="bbox 2032 985 3591 1060">
     <span class='ocr_line' id='line_1_54' title="bbox 2032 985 3591 1060; baseline 0.008 -27"><span class='ocrx_word' id='word_1_428' title='bbox 2032 993 2268 1035; x_wconf 88' lang='lat' dir='ltr'><strong>utantea</strong></span> <span class='ocrx_word' id='word_1_429' title='bbox 2302 986 2473 1051; x_wconf 86' lang='lat' dir='ltr'><strong>posita</strong></span> <span class='ocrx_word' id='word_1_430' title='bbox 2508 997 2654 1038; x_wconf 90' lang='lat' dir='ltr'><strong>sunt.</strong></span> <span class='ocrx_word' id='word_1_431' title='bbox 2714 985 2899 1056; x_wconf 80' lang='lat' dir='ltr'><strong>Itaque</strong></span> <span class='ocrx_word' id='word_1_432' title='bbox 2942 990 3081 1056; x_wconf 85' lang='lat' dir='ltr'><strong>apud</strong></span> <span class='ocrx_word' id='word_1_433' title='bbox 3130 992 3327 1058; x_wconf 80' lang='lat' dir='ltr'><strong>probos</strong></span> <span class='ocrx_word' id='word_1_434' title='bbox 3377 994 3591 1060; x_wconf 82' lang='lat' dir='ltr'><strong>quidem</strong></span> 
     </span>
    </p>
   </div>
   <div class='ocr_carea' id='block_1_55' title="bbox 2023 1070 3596 1149">
    <p class='ocr_par' dir='ltr' id='par_1_55' title="bbox 2023 1070 3596 1149">
     <span class='ocr_line' id='line_1_55' title="bbox 2023 1070 3596 1149; baseline 0.01 -28"><span class='ocrx_word' id='word_1_435' title='bbox 2023 1070 2234 1137; x_wconf 78' lang='lat' dir='ltr'><strong>jndices</strong></span> <span class='ocrx_word' id='word_1_436' title='bbox 2259 1084 2493 1140; x_wconf 89' lang='lat' dir='ltr'><strong>constat,</strong></span> <span class='ocrx_word' id='word_1_437' title='bbox 2532 1076 2779 1146; x_wconf 83' lang='lat' dir='ltr'><strong>angelum</strong></span> <span class='ocrx_word' id='word_1_438' title='bbox 2818 1078 2904 1130; x_wconf 89' lang='lat' dir='ltr'><strong>hic</strong></span> <span class='ocrx_word' id='word_1_439' title='bbox 2931 1093 3143 1147; x_wconf 88' lang='lat' dir='ltr'><strong>quoque</strong></span> <span class='ocrx_word' id='word_1_440' title='bbox 3186 1094 3214 1132; x_wconf 64' lang='grc' dir='ltr'>ει</span> <span class='ocrx_word' id='word_1_441' title='bbox 3243 1080 3447 1149; x_wconf 88' lang='lat' dir='ltr'><strong>Spiritu</strong></span> <span class='ocrx_word' id='word_1_442' title='bbox 3468 1096 3596 1137; x_wconf 86' lang='lat' dir='ltr'><strong>san-</strong></span> 
     </span>
    </p>
   </div>
   <div class='ocr_carea' id='block_1_56' title="bbox 2030 1164 3595 1235">
    <p class='ocr_par' dir='ltr' id='par_1_56' title="bbox 2030 1164 3595 1235">
     <span class='ocr_line' id='line_1_56' title="bbox 2030 1164 3595 1235; baseline 0.008 -21"><span class='ocrx_word' id='word_1_443' title='bbox 2030 1173 2119 1215; x_wconf 87' lang='lat' dir='ltr'><strong>clo</strong></span> <span class='ocrx_word' id='word_1_444' title='bbox 2141 1178 2201 1216; x_wconf 88' lang='lat' dir='ltr'><strong>ea</strong></span> <span class='ocrx_word' id='word_1_445' title='bbox 2234 1164 2507 1229; x_wconf 84' lang='lat' dir='ltr'><strong>didicisse,</strong></span> <span class='ocrx_word' id='word_1_446' title='bbox 2548 1182 2668 1235; x_wconf 65' lang='lat' dir='ltr'><strong>qua:</strong></span> <span class='ocrx_word' id='word_1_447' title='bbox 2714 1167 3147 1234; x_wconf 85' lang='lat' dir='ltr'><strong>chrematizavit,</strong></span> <span class='ocrx_word' id='word_1_448' title='bbox 3179 1171 3229 1225; x_wconf 88' lang='lat' dir='ltr'><strong>id</strong></span> <span class='ocrx_word' id='word_1_449' title='bbox 3260 1183 3364 1235; x_wconf 89' lang='lat' dir='ltr'><strong>est,</strong></span> <span class='ocrx_word' id='word_1_450' title='bbox 3395 1174 3595 1228; x_wconf 77' lang='lat' dir='ltr'><strong>revela-</strong></span> 
     </span>
    </p>
   </div>
   <div class='ocr_carea' id='block_1_57' title="bbox 2028 1253 3593 1328">
    <p class='ocr_par' dir='ltr' id='par_1_57' title="bbox 2028 1253 3593 1328">
     <span class='ocr_line' id='line_1_57' title="bbox 2028 1253 3593 1328; baseline 0.01 -24"><span class='ocrx_word' id='word_1_451' title='bbox 2028 1254 2119 1307; x_wconf 77' lang='lat' dir='ltr'><strong>vit.</strong></span> <span class='ocrx_word' id='word_1_452' title='bbox 2161 1253 2405 1308; x_wconf 80' lang='lat' dir='ltr'><strong>Eximius</strong></span> <span class='ocrx_word' id='word_1_453' title='bbox 2434 1258 2578 1309; x_wconf 91' lang='lat' dir='ltr'><strong>enim</strong></span> <span class='ocrx_word' id='word_1_454' title='bbox 2612 1257 2909 1312; x_wconf 77' lang='lat' dir='ltr'><strong>divinitatis</strong></span> <span class='ocrx_word' id='word_1_455' title='bbox 2938 1261 3221 1315; x_wconf 83' lang='lat' dir='ltr'><strong>character</strong></span> <span class='ocrx_word' id='word_1_456' title='bbox 3244 1277 3307 1316; x_wconf 88' lang='lat' dir='ltr'><strong>ac</strong></span> <span class='ocrx_word' id='word_1_457' title='bbox 3347 1273 3470 1317; x_wconf 90' lang='lat' dir='ltr'><strong>uota</strong></span> <span class='ocrx_word' id='word_1_458' title='bbox 3488 1276 3593 1328; x_wconf 90' lang='lat' dir='ltr'><strong>est,</strong></span> 
     </span>
    </p>
   </div>
   <div class='ocr_carea' id='block_1_58' title="bbox 2031 1345 3595 1417">
    <p class='ocr_par' dir='ltr' id='par_1_58' title="bbox 2031 1345 3595 1417">
     <span class='ocr_line' id='line_1_58' title="bbox 2031 1345 3595 1417; baseline 0.008 -19"><span class='ocrx_word' id='word_1_459' title='bbox 2031 1345 2324 1413; x_wconf 73' lang='lat' dir='ltr'><strong>prmdicere</strong></span> <span class='ocrx_word' id='word_1_460' title='bbox 2352 1346 2726 1411; x_wconf 85' lang='lat' dir='ltr'><strong>infallihiliter,</strong></span> <span class='ocrx_word' id='word_1_461' title='bbox 2760 1349 2919 1417; x_wconf 90' lang='lat' dir='ltr'><strong>idque</strong></span> <span class='ocrx_word' id='word_1_462' title='bbox 2954 1350 3025 1403; x_wconf 87' lang='lat' dir='ltr'><strong>ita</strong></span> <span class='ocrx_word' id='word_1_463' title='bbox 3083 1350 3280 1413; x_wconf 84' lang='lat' dir='ltr'><strong>facere,</strong></span> <span class='ocrx_word' id='word_1_464' title='bbox 3335 1363 3391 1408; x_wconf 93' lang='lat' dir='ltr'><strong>ut</strong></span> <span class='ocrx_word' id='word_1_465' title='bbox 3430 1356 3595 1412; x_wconf 90' lang='lat' dir='ltr'><strong>ineo-</strong></span> 
     </span>
    </p>
   </div>
   <div class='ocr_carea' id='block_1_59' title="bbox 2029 1438 3597 1513">
    <p class='ocr_par' dir='ltr' id='par_1_59' title="bbox 2029 1438 3597 1513">
     <span class='ocr_line' id='line_1_59' title="bbox 2029 1438 3597 1513; baseline 0.009 -24"><span class='ocrx_word' id='word_1_466' title='bbox 2029 1452 2176 1498; x_wconf 86' lang='lat' dir='ltr'><strong>rum,</strong></span> <span class='ocrx_word' id='word_1_467' title='bbox 2199 1439 2289 1505; x_wconf 91' lang='lat' dir='ltr'><strong>qui</strong></span> <span class='ocrx_word' id='word_1_468' title='bbox 2309 1438 2555 1503; x_wconf 89' lang='lat' dir='ltr'><strong>audiunt,</strong></span> <span class='ocrx_word' id='word_1_469' title='bbox 2586 1442 2927 1494; x_wconf 89' lang='lat' dir='ltr'><strong>commodum</strong></span> <span class='ocrx_word' id='word_1_470' title='bbox 2981 1452 3145 1513; x_wconf 87' lang='lat' dir='ltr'><strong>atque</strong></span> <span class='ocrx_word' id='word_1_471' title='bbox 3194 1445 3483 1501; x_wconf 80' lang='lat' dir='ltr'><strong>utilitatem</strong></span> <span class='ocrx_word' id='word_1_472' title='bbox 3507 1464 3597 1504; x_wconf 84' lang='lat' dir='ltr'><strong>ee-</strong></span> 
     </span>
    </p>
   </div>
   <div class='ocr_carea' id='block_1_60' title="bbox 2029 1528 3598 1596">
    <p class='ocr_par' dir='ltr' id='par_1_60' title="bbox 2029 1528 3598 1596">
     <span class='ocr_line' id='line_1_60' title="bbox 2029 1528 3598 1596; baseline 0.01 -16"><span class='ocrx_word' id='word_1_473' title='bbox 2029 1528 2159 1591; x_wconf 88' lang='lat' dir='ltr'><strong>dat;</strong></span> <span class='ocrx_word' id='word_1_474' title='bbox 2185 1539 2242 1581; x_wconf 88' lang='lat' dir='ltr'><strong>ut</strong></span> <span class='ocrx_word' id='word_1_475' title='bbox 2280 1544 2470 1596; x_wconf 79' lang='lat' dir='ltr'><strong>nempe</strong></span> <span class='ocrx_word' id='word_1_476' title='bbox 2505 1530 2607 1584; x_wconf 85' lang='lat' dir='ltr'><strong>sibi</strong></span> <span class='ocrx_word' id='word_1_477' title='bbox 2647 1542 2894 1595; x_wconf 80' lang='lat' dir='ltr'><strong>caveant,</strong></span> <span class='ocrx_word' id='word_1_478' title='bbox 2925 1544 2979 1587; x_wconf 90' lang='lat' dir='ltr'><strong>et</strong></span> <span class='ocrx_word' id='word_1_479' title='bbox 2996 1536 3129 1589; x_wconf 82' lang='lat' dir='ltr'><strong>salvi</strong></span> <span class='ocrx_word' id='word_1_480' title='bbox 3154 1536 3302 1591; x_wconf 85' lang='lat' dir='ltr'><strong>llant.</strong></span> <span class='ocrx_word' id='word_1_481' title='bbox 3335 1538 3470 1593; x_wconf 90' lang='lat' dir='ltr'><strong>Dum</strong></span> <span class='ocrx_word' id='word_1_482' title='bbox 3494 1541 3598 1595; x_wconf 84' lang='lat' dir='ltr'><strong>lta-</strong></span> 
     </span>
    </p>
   </div>
   <div class='ocr_carea' id='block_1_61' title="bbox 2027 1614 3597 1699">
    <p class='ocr_par' dir='ltr' id='par_1_61' title="bbox 2027 1614 3597 1699">
     <span class='ocr_line' id='line_1_61' title="bbox 2027 1614 3597 1699; baseline 0.011 -32"><span class='ocrx_word' id='word_1_483' title='bbox 2027 1633 2132 1687; x_wconf 87' lang='lat' dir='ltr'><strong>que</strong></span> <span class='ocrx_word' id='word_1_484' title='bbox 2163 1619 2464 1688; x_wconf 75' lang='lat' dir='ltr'><strong>hujuswodi</strong></span> <span class='ocrx_word' id='word_1_485' title='bbox 2501 1614 2997 1689; x_wconf 81' lang='lat' dir='ltr'><strong>interpretationes,</strong></span> <span class='ocrx_word' id='word_1_486' title='bbox 3040 1636 3096 1679; x_wconf 89' lang='lat' dir='ltr'><strong>ct</strong></span> <span class='ocrx_word' id='word_1_487' title='bbox 3135 1641 3437 1682; x_wconf 87' lang='lat' dir='ltr'><strong>connuenta</strong></span> <span class='ocrx_word' id='word_1_488' title='bbox 3471 1646 3597 1699; x_wconf 85' lang='lat' dir='ltr'><strong>pro-</strong></span> 
     </span>
    </p>
   </div>
   <div class='ocr_carea' id='block_1_62' title="bbox 2030 1707 3594 1783">
    <p class='ocr_par' dir='ltr' id='par_1_62' title="bbox 2030 1707 3594 1783">
     <span class='ocr_line' id='line_1_62' title="bbox 2030 1707 3594 1783; baseline 0.011 -23"><span class='ocrx_word' id='word_1_489' title='bbox 2030 1707 2200 1772; x_wconf 82' lang='lat' dir='ltr'><strong>fertis,</strong></span> <span class='ocrx_word' id='word_1_490' title='bbox 2232 1709 2470 1775; x_wconf 85' lang='lat' dir='ltr'><strong>nunquid</strong></span> <span class='ocrx_word' id='word_1_491' title='bbox 2497 1709 2625 1763; x_wconf 89' lang='lat' dir='ltr'><strong>illud</strong></span> <span class='ocrx_word' id='word_1_492' title='bbox 2646 1726 2748 1765; x_wconf 92' lang='lat' dir='ltr'><strong>non</strong></span> <span class='ocrx_word' id='word_1_493' title='bbox 2779 1718 3061 1782; x_wconf 87' lang='lat' dir='ltr'><strong>reputatis,</strong></span> <span class='ocrx_word' id='word_1_494' title='bbox 3088 1720 3228 1783; x_wconf 87' lang='lat' dir='ltr'><strong>quod</strong></span> <span class='ocrx_word' id='word_1_495' title='bbox 3256 1728 3311 1774; x_wconf 90' lang='lat' dir='ltr'><strong>et</strong></span> <span class='ocrx_word' id='word_1_496' title='bbox 3332 1732 3594 1777; x_wconf 72' lang='lat' dir='ltr'><strong>creatura:</strong></span> 
     </span>
    </p>
   </div>
   <div class='ocr_carea' id='block_1_63' title="bbox 2028 1800 3590 1879">
    <p class='ocr_par' dir='ltr' id='par_1_63' title="bbox 2028 1800 3590 1879">
     <span class='ocr_line' id='line_1_63' title="bbox 2028 1800 3590 1879; baseline 0.01 -26"><span class='ocrx_word' id='word_1_497' title='bbox 2028 1800 2125 1866; x_wconf 82' lang='lat' dir='ltr'><strong>ipsi</strong></span> <span class='ocrx_word' id='word_1_498' title='bbox 2155 1801 2552 1871; x_wconf 81' lang='lat' dir='ltr'><strong>quodammodo</strong></span> <span class='ocrx_word' id='word_1_499' title='bbox 2582 1803 2743 1857; x_wconf 84' lang='lat' dir='ltr'><strong>invidi</strong></span> <span class='ocrx_word' id='word_1_500' title='bbox 2770 1806 2921 1870; x_wconf 87' lang='lat' dir='ltr'><strong>estis,</strong></span> <span class='ocrx_word' id='word_1_501' title='bbox 2956 1818 3013 1861; x_wconf 89' lang='lat' dir='ltr'><strong>et</strong></span> <span class='ocrx_word' id='word_1_502' title='bbox 3039 1824 3185 1871; x_wconf 89' lang='lat' dir='ltr'><strong>eum,</strong></span> <span class='ocrx_word' id='word_1_503' title='bbox 3232 1812 3323 1879; x_wconf 88' lang='lat' dir='ltr'><strong>qui</strong></span> <span class='ocrx_word' id='word_1_504' title='bbox 3350 1812 3590 1867; x_wconf 82' lang='lat' dir='ltr'><strong>liberali-</strong></span> 
     </span>
    </p>
   </div>
   <div class='ocr_carea' id='block_1_64' title="bbox 2029 1889 3593 1968">
    <p class='ocr_par' dir='ltr' id='par_1_64' title="bbox 2029 1889 3593 1968">
     <span class='ocr_line' id='line_1_64' title="bbox 2029 1889 3593 1968; baseline 0.01 -26"><span class='ocrx_word' id='word_1_505' title='bbox 2029 1892 2152 1944; x_wconf 89' lang='lat' dir='ltr'><strong>tatis</strong></span> <span class='ocrx_word' id='word_1_506' title='bbox 2177 1906 2238 1945; x_wconf 86' lang='lat' dir='ltr'><strong>ac</strong></span> <span class='ocrx_word' id='word_1_507' title='bbox 2259 1889 2638 1947; x_wconf 69' lang='lat' dir='ltr'><strong>muniﬁcentiae</strong></span> <span class='ocrx_word' id='word_1_508' title='bbox 2670 1909 2830 1949; x_wconf 84' lang='lat' dir='ltr'><strong>causa</strong></span> <span class='ocrx_word' id='word_1_509' title='bbox 2857 1912 2984 1951; x_wconf 90' lang='lat' dir='ltr'><strong>suas</strong></span> <span class='ocrx_word' id='word_1_510' title='bbox 3026 1899 3191 1968; x_wconf 86' lang='lat' dir='ltr'><strong>ipsius</strong></span> <span class='ocrx_word' id='word_1_511' title='bbox 3222 1913 3502 1957; x_wconf 83' lang='lat' dir='ltr'><strong>creaturas</strong></span> <span class='ocrx_word' id='word_1_512' title='bbox 3527 1905 3593 1957; x_wconf 80' lang='lat' dir='ltr'><strong>iis</strong></span> 
     </span>
    </p>
   </div>
   <div class='ocr_carea' id='block_1_65' title="bbox 2027 1978 3595 2057">
    <p class='ocr_par' dir='ltr' id='par_1_65' title="bbox 2027 1978 3595 2057">
     <span class='ocr_line' id='line_1_65' title="bbox 2027 1978 3595 2057; baseline 0.011 -26"><span class='ocrx_word' id='word_1_513' title='bbox 2027 1978 2159 2049; x_wconf 83' lang='lat' dir='ltr'><strong>ipsis</strong></span> <span class='ocrx_word' id='word_1_514' title='bbox 2189 1981 2485 2045; x_wconf 85' lang='lat' dir='ltr'><strong>vocabulis,</strong></span> <span class='ocrx_word' id='word_1_515' title='bbox 2520 1997 2639 2051; x_wconf 67' lang='lat' dir='ltr'><strong>quin</strong></span> <span class='ocrx_word' id='word_1_516' title='bbox 2680 1985 2747 2039; x_wconf 88' lang='lat' dir='ltr'><strong>de</strong></span> <span class='ocrx_word' id='word_1_517' title='bbox 2796 1986 2888 2040; x_wconf 90' lang='lat' dir='ltr'><strong>illo</strong></span> <span class='ocrx_word' id='word_1_518' title='bbox 2926 1988 3066 2042; x_wconf 88' lang='lat' dir='ltr'><strong>dicta</strong></span> <span class='ocrx_word' id='word_1_519' title='bbox 3109 2002 3255 2057; x_wconf 91' lang='lat' dir='ltr'><strong>sunt,</strong></span> <span class='ocrx_word' id='word_1_520' title='bbox 3291 1994 3595 2049; x_wconf 86' lang='lat' dir='ltr'><strong>honestavit</strong></span> 
     </span>
    </p>
   </div>
   <div class='ocr_carea' id='block_1_66' title="bbox 2026 2072 3590 2155">
    <p class='ocr_par' dir='ltr' id='par_1_66' title="bbox 2026 2072 3590 2155">
     <span class='ocr_line' id='line_1_66' title="bbox 2026 2072 3590 2155; baseline 0.011 -31"><span class='ocrx_word' id='word_1_521' title='bbox 2026 2072 2365 2141; x_wconf 88' lang='lat' dir='ltr'><strong>ornavitque,</strong></span> <span class='ocrx_word' id='word_1_522' title='bbox 2402 2074 2563 2129; x_wconf 81' lang='lat' dir='ltr'><strong>veluti</strong></span> <span class='ocrx_word' id='word_1_523' title='bbox 2587 2074 2698 2147; x_wconf 66' lang='lat'><strong>(74)</strong></span> <span class='ocrx_word' id='word_1_524' title='bbox 2725 2077 3121 2133; x_wconf 84' lang='lat' dir='ltr'><strong>criminamini?</strong></span> <span class='ocrx_word' id='word_1_525' title='bbox 3140 2098 3260 2136; x_wconf 92' lang='lat' dir='ltr'><strong>cum</strong></span> <span class='ocrx_word' id='word_1_526' title='bbox 3290 2086 3590 2155; x_wconf 84' lang='lat' dir='ltr'><strong>hujusmodi</strong></span> 
     </span>
    </p>
   </div>
   <div class='ocr_carea' id='block_1_67' title="bbox 2029 2162 3596 2242">
    <p class='ocr_par' dir='ltr' id='par_1_67' title="bbox 2029 2162 3596 2242">
     <span class='ocr_line' id='line_1_67' title="bbox 2029 2162 3596 2242; baseline 0.014 -29"><span class='ocrx_word' id='word_1_527' title='bbox 2029 2176 2164 2226; x_wconf 90' lang='lat' dir='ltr'><strong>rem,</strong></span> <span class='ocrx_word' id='word_1_528' title='bbox 2195 2162 2635 2221; x_wconf 87' lang='lat' dir='ltr'><strong>chremalismum</strong></span> <span class='ocrx_word' id='word_1_529' title='bbox 2666 2169 2874 2223; x_wconf 74' lang='lat' dir='ltr'><strong>scilicet</strong></span> <span class='ocrx_word' id='word_1_530' title='bbox 2918 2169 3152 2239; x_wconf 88' lang='lat' dir='ltr'><strong>Spiritus</strong></span> <span class='ocrx_word' id='word_1_531' title='bbox 3203 2178 3399 2242; x_wconf 89' lang='lat' dir='ltr'><strong>sancti,</strong></span> <span class='ocrx_word' id='word_1_532' title='bbox 3428 2181 3596 2237; x_wconf 73' lang='lat' dir='ltr'><strong>cmle-</strong></span> 
     </span>
    </p>
   </div>
   <div class='ocr_carea' id='block_1_68' title="bbox 2034 2254 3592 2337">
    <p class='ocr_par' dir='ltr' id='par_1_68' title="bbox 2034 2254 3592 2337">
     <span class='ocr_line' id='line_1_68' title="bbox 2034 2254 3592 2337; baseline 0.013 -31"><span class='ocrx_word' id='word_1_533' title='bbox 2034 2263 2241 2308; x_wconf 83' lang='lat' dir='ltr'><strong>stemve</strong></span> <span class='ocrx_word' id='word_1_534' title='bbox 2275 2254 2392 2325; x_wconf 88' lang='lat' dir='ltr'><strong>ejus</strong></span> <span class='ocrx_word' id='word_1_535' title='bbox 2437 2257 2892 2323; x_wconf 85' lang='lat' dir='ltr'><strong>admonitionem,</strong></span> <span class='ocrx_word' id='word_1_536' title='bbox 2938 2262 3109 2331; x_wconf 73' lang='lat' dir='ltr'><strong>gratia</strong></span> <span class='ocrx_word' id='word_1_537' title='bbox 3164 2279 3377 2335; x_wconf 83' lang='lat' dir='ltr'><strong>quoque</strong></span> <span class='ocrx_word' id='word_1_538' title='bbox 3424 2268 3592 2337; x_wconf 86' lang='lat' dir='ltr'><strong>ipsius</strong></span> 
     </span>
    </p>
   </div>
   <div class='ocr_carea' id='block_1_69' title="bbox 2026 2345 3590 2422">
    <p class='ocr_par' dir='ltr' id='par_1_69' title="bbox 2026 2345 3590 2422">
     <span class='ocr_line' id='line_1_69' title="bbox 2026 2345 3590 2422; baseline 0.013 -24"><span class='ocrx_word' id='word_1_539' title='bbox 2026 2345 2317 2400; x_wconf 86' lang='lat' dir='ltr'><strong>comitetur</strong></span> <span class='ocrx_word' id='word_1_540' title='bbox 2344 2347 2477 2417; x_wconf 82' lang='lat'><strong>(75).</strong></span> <span class='ocrx_word' id='word_1_541' title='bbox 2516 2346 2590 2401; x_wconf 76' lang='lat' dir='ltr'><strong>Ex</strong></span> <span class='ocrx_word' id='word_1_542' title='bbox 2618 2350 2717 2404; x_wconf 88' lang='lat' dir='ltr'><strong>hoc</strong></span> <span class='ocrx_word' id='word_1_543' title='bbox 2748 2352 2892 2405; x_wconf 90' lang='lat' dir='ltr'><strong>enim</strong></span> <span class='ocrx_word' id='word_1_544' title='bbox 2923 2354 3037 2422; x_wconf 89' lang='lat' dir='ltr'><strong>ipso</strong></span> <span class='ocrx_word' id='word_1_545' title='bbox 3065 2355 3450 2415; x_wconf 74' lang='lat' dir='ltr'><strong>chrematismo</strong></span> <span class='ocrx_word' id='word_1_546' title='bbox 3482 2377 3590 2418; x_wconf 86' lang='lat' dir='ltr'><strong>non</strong></span> 
     </span>
    </p>
   </div>
   <div class='ocr_carea' id='block_1_70' title="bbox 2027 2437 3594 2522">
    <p class='ocr_par' dir='ltr' id='par_1_70' title="bbox 2027 2437 3594 2522">
     <span class='ocr_line' id='line_1_70' title="bbox 2027 2437 3594 2522; baseline 0.012 -32"><span class='ocrx_word' id='word_1_547' title='bbox 2027 2437 2189 2492; x_wconf 90' lang='lat' dir='ltr'><strong>modo</strong></span> <span class='ocrx_word' id='word_1_548' title='bbox 2225 2437 2271 2491; x_wconf 87' lang='lat' dir='ltr'><strong>is</strong></span> <span class='ocrx_word' id='word_1_549' title='bbox 2301 2439 2504 2494; x_wconf 91' lang='lat' dir='ltr'><strong>nullum</strong></span> <span class='ocrx_word' id='word_1_550' title='bbox 2533 2441 2692 2510; x_wconf 83' lang='lat' dir='ltr'><strong>plane</strong></span> <span class='ocrx_word' id='word_1_551' title='bbox 2725 2444 2941 2499; x_wconf 85' lang='lat' dir='ltr'><strong>sibimet</strong></span> <span class='ocrx_word' id='word_1_552' title='bbox 2970 2446 3068 2514; x_wconf 83' lang='lat' dir='ltr'><strong>ipsi</strong></span> <span class='ocrx_word' id='word_1_553' title='bbox 3112 2447 3344 2504; x_wconf 80' lang='lat' dir='ltr'><strong>dedecus</strong></span> <span class='ocrx_word' id='word_1_554' title='bbox 3375 2467 3594 2522; x_wconf 79' lang='lat' dir='ltr'><strong>compa-</strong></span> 
     </span>
    </p>
   </div>
   <div class='ocr_carea' id='block_1_71' title="bbox 2028 2530 3590 2615">
    <p class='ocr_par' dir='ltr' id='par_1_71' title="bbox 2028 2530 3590 2615">
     <span class='ocr_line' id='line_1_71' title="bbox 2028 2530 3590 2615; baseline 0.013 -34"><span class='ocrx_word' id='word_1_555' title='bbox 2028 2536 2135 2593; x_wconf 86' lang='lat' dir='ltr'><strong>rat,</strong></span> <span class='ocrx_word' id='word_1_556' title='bbox 2169 2530 2260 2583; x_wconf 88' lang='lat' dir='ltr'><strong>sed</strong></span> <span class='ocrx_word' id='word_1_557' title='bbox 2285 2530 2449 2584; x_wconf 89' lang='lat' dir='ltr'><strong>etiam</strong></span> <span class='ocrx_word' id='word_1_558' title='bbox 2481 2531 2635 2585; x_wconf 91' lang='lat' dir='ltr'><strong>laude</strong></span> <span class='ocrx_word' id='word_1_559' title='bbox 2652 2533 2870 2601; x_wconf 73' lang='lat' dir='ltr'><strong>dignum</strong></span> <span class='ocrx_word' id='word_1_560' title='bbox 2894 2551 2950 2590; x_wconf 91' lang='lat' dir='ltr'><strong>se</strong></span> <span class='ocrx_word' id='word_1_561' title='bbox 2972 2538 3224 2605; x_wconf 86' lang='lat' dir='ltr'><strong>ostendit,</strong></span> <span class='ocrx_word' id='word_1_562' title='bbox 3250 2550 3410 2612; x_wconf 89' lang='lat' dir='ltr'><strong>atque</strong></span> <span class='ocrx_word' id='word_1_563' title='bbox 3427 2559 3590 2615; x_wconf 81' lang='lat' dir='ltr'><strong>opera</strong></span> 
     </span>
    </p>
   </div>
   <div class='ocr_carea' id='block_1_72' title="bbox 2025 2621 3589 2697">
    <p class='ocr_par' dir='ltr' id='par_1_72' title="bbox 2025 2621 3589 2697">
     <span class='ocr_line' id='line_1_72' title="bbox 2025 2621 3589 2697; baseline 0.013 -26"><span class='ocrx_word' id='word_1_564' title='bbox 2025 2632 2145 2683; x_wconf 86' lang='lat' dir='ltr'><strong>sua,</strong></span> <span class='ocrx_word' id='word_1_565' title='bbox 2182 2628 2243 2673; x_wconf 92' lang='lat' dir='ltr'><strong>ut</strong></span> <span class='ocrx_word' id='word_1_566' title='bbox 2270 2621 2427 2686; x_wconf 85' lang='lat' dir='ltr'><strong>solet,</strong></span> <span class='ocrx_word' id='word_1_567' title='bbox 2452 2622 2742 2681; x_wconf 70' lang='lat' dir='ltr'><strong>exhilarant.</strong></span> <span class='ocrx_word' id='word_1_568' title='bbox 2774 2626 2933 2697; x_wconf 80' lang='lat'><strong>197</strong></span> <span class='ocrx_word' id='word_1_569' title='bbox 2953 2626 3063 2683; x_wconf 86' lang='lat' dir='ltr'><strong>Nos</strong></span> <span class='ocrx_word' id='word_1_570' title='bbox 3082 2645 3208 2683; x_wconf 84' lang='lat' dir='ltr'><strong>vero</strong></span> <span class='ocrx_word' id='word_1_571' title='bbox 3226 2634 3324 2687; x_wconf 84' lang='lat' dir='ltr'><strong>etsi</strong></span> <span class='ocrx_word' id='word_1_572' title='bbox 3353 2634 3589 2691; x_wconf 86' lang='lat' dir='ltr'><strong>divinam</strong></span> 
     </span>
    </p>
   </div>
   <div class='ocr_carea' id='block_1_73' title="bbox 2029 2711 3590 2795">
    <p class='ocr_par' dir='ltr' id='par_1_73' title="bbox 2029 2711 3590 2795">
     <span class='ocr_line' id='line_1_73' title="bbox 2029 2711 3590 2795; baseline 0.013 -29"><span class='ocrx_word' id='word_1_573' title='bbox 2029 2711 2263 2783; x_wconf 87' lang='lat' dir='ltr'><strong>Spiritus</strong></span> <span class='ocrx_word' id='word_1_574' title='bbox 2297 2719 2469 2772; x_wconf 86' lang='lat' dir='ltr'><strong>sancti</strong></span> <span class='ocrx_word' id='word_1_575' title='bbox 2491 2721 2898 2789; x_wconf 86' lang='lat' dir='ltr'><strong>amplitudinem</strong></span> <span class='ocrx_word' id='word_1_576' title='bbox 2930 2739 2993 2778; x_wconf 87' lang='lat' dir='ltr'><strong>ac</strong></span> <span class='ocrx_word' id='word_1_577' title='bbox 3026 2726 3365 2795; x_wconf 73' lang='lat' dir='ltr'><strong>majestatem</strong></span> <span class='ocrx_word' id='word_1_578' title='bbox 3395 2730 3447 2784; x_wconf 90' lang='lat' dir='ltr'><strong>in</strong></span> <span class='ocrx_word' id='word_1_579' title='bbox 3479 2741 3590 2787; x_wconf 87' lang='lat' dir='ltr'><strong>tota</strong></span> 
     </span>
    </p>
   </div>
   <div class='ocr_carea' id='block_1_74' title="bbox 2028 2805 3587 2889">
    <p class='ocr_par' dir='ltr' id='par_1_74' title="bbox 2028 2805 3587 2889">
     <span class='ocr_line' id='line_1_74' title="bbox 2028 2805 3587 2889; baseline 0.012 -30"><span class='ocrx_word' id='word_1_580' title='bbox 2028 2806 2131 2859; x_wconf 87' lang='lat' dir='ltr'><strong>hac</strong></span> <span class='ocrx_word' id='word_1_581' title='bbox 2158 2805 2520 2876; x_wconf 81' lang='lat' dir='ltr'><strong>disputatione</strong></span> <span class='ocrx_word' id='word_1_582' title='bbox 2549 2826 2613 2865; x_wconf 80' lang='lat' dir='ltr'><strong>ex</strong></span> <span class='ocrx_word' id='word_1_583' title='bbox 2668 2827 2733 2867; x_wconf 89' lang='lat' dir='ltr'><strong>eo</strong></span> <span class='ocrx_word' id='word_1_584' title='bbox 2777 2822 2983 2868; x_wconf 89' lang='lat' dir='ltr'><strong>tantum</strong></span> <span class='ocrx_word' id='word_1_585' title='bbox 3033 2816 3357 2875; x_wconf 82' lang='lat' dir='ltr'><strong>confirmare</strong></span> <span class='ocrx_word' id='word_1_586' title='bbox 3382 2823 3587 2889; x_wconf 87' lang='lat' dir='ltr'><strong>potuis-</strong></span> 
     </span>
    </p>
   </div>
   <div class='ocr_carea' id='block_1_75' title="bbox 2027 2901 3589 2981">
    <p class='ocr_par' dir='ltr' id='par_1_75' title="bbox 2027 2901 3589 2981">
     <span class='ocr_line' id='line_1_75' title="bbox 2027 2901 3589 2981; baseline 0.01 -28"><span class='ocrx_word' id='word_1_587' title='bbox 2027 2910 2233 2963; x_wconf 69' lang='lat' dir='ltr'><strong>semus,</strong></span> <span class='ocrx_word' id='word_1_588' title='bbox 2263 2901 2405 2968; x_wconf 87' lang='lat' dir='ltr'><strong>quod</strong></span> <span class='ocrx_word' id='word_1_589' title='bbox 2426 2901 2541 2970; x_wconf 88' lang='lat' dir='ltr'><strong>ipse</strong></span> <span class='ocrx_word' id='word_1_590' title='bbox 2566 2904 2919 2971; x_wconf 78' lang='lat' dir='ltr'><strong>chrematizel,</strong></span> <span class='ocrx_word' id='word_1_591' title='bbox 2939 2908 2990 2961; x_wconf 91' lang='lat' dir='ltr'><strong>id</strong></span> <span class='ocrx_word' id='word_1_592' title='bbox 3014 2918 3118 2975; x_wconf 88' lang='lat' dir='ltr'><strong>est,</strong></span> <span class='ocrx_word' id='word_1_593' title='bbox 3137 2912 3353 2965; x_wconf 81' lang='lat' dir='ltr'><strong>oracula</strong></span> <span class='ocrx_word' id='word_1_594' title='bbox 3382 2912 3589 2981; x_wconf 76' lang='lat' dir='ltr'><strong>fundat,</strong></span> 
     </span>
    </p>
   </div>
   <div class='ocr_carea' id='block_1_76' title="bbox 2028 2991 3591 3070">
    <p class='ocr_par' dir='ltr' id='par_1_76' title="bbox 2028 2991 3591 3070">
     <span class='ocr_line' id='line_1_76' title="bbox 2028 2991 3591 3070; baseline 0.011 -29"><span class='ocrx_word' id='word_1_595' title='bbox 2028 2998 2121 3041; x_wconf 88' lang='lat' dir='ltr'><strong>aut</strong></span> <span class='ocrx_word' id='word_1_596' title='bbox 2147 3004 2399 3057; x_wconf 90' lang='lat' dir='ltr'><strong>responsa</strong></span> <span class='ocrx_word' id='word_1_597' title='bbox 2434 2991 2547 3057; x_wconf 92' lang='lat' dir='ltr'><strong>det,</strong></span> <span class='ocrx_word' id='word_1_598' title='bbox 2570 3003 2663 3046; x_wconf 88' lang='lat' dir='ltr'><strong>aut</strong></span> <span class='ocrx_word' id='word_1_599' title='bbox 2689 2994 2902 3050; x_wconf 66' lang='lat' dir='ltr'><strong>caelitus</strong></span> <span class='ocrx_word' id='word_1_600' title='bbox 2927 2999 3145 3063; x_wconf 80' lang='lat' dir='ltr'><strong>revelet,</strong></span> <span class='ocrx_word' id='word_1_601' title='bbox 3186 3010 3349 3070; x_wconf 87' lang='lat' dir='ltr'><strong>atque</strong></span> <span class='ocrx_word' id='word_1_602' title='bbox 3382 3002 3482 3058; x_wconf 90' lang='lat' dir='ltr'><strong>hoc</strong></span> <span class='ocrx_word' id='word_1_603' title='bbox 3510 3005 3591 3058; x_wconf 83' lang='lat' dir='ltr'><strong>vel</strong></span> 
     </span>
    </p>
   </div>
   <div class='ocr_carea' id='block_1_77' title="bbox 2028 3077 3593 3154">
    <p class='ocr_par' dir='ltr' id='par_1_77' title="bbox 2028 3077 3593 3154">
     <span class='ocr_line' id='line_1_77' title="bbox 2028 3077 3593 3154; baseline 0.01 -23"><span class='ocrx_word' id='word_1_604' title='bbox 2028 3077 2222 3142; x_wconf 89' lang='lat' dir='ltr'><strong>solum,</strong></span> <span class='ocrx_word' id='word_1_605' title='bbox 2259 3094 2323 3134; x_wconf 90' lang='lat' dir='ltr'><strong>ac</strong></span> <span class='ocrx_word' id='word_1_606' title='bbox 2341 3094 2584 3136; x_wconf 89' lang='lat' dir='ltr'><strong>seorsum</strong></span> <span class='ocrx_word' id='word_1_607' title='bbox 2607 3095 2899 3154; x_wconf 90' lang='lat' dir='ltr'><strong>sumptum,</strong></span> <span class='ocrx_word' id='word_1_608' title='bbox 2934 3100 3052 3142; x_wconf 84' lang='lat' dir='ltr'><strong>eam</strong></span> <span class='ocrx_word' id='word_1_609' title='bbox 3100 3090 3233 3143; x_wconf 88' lang='lat' dir='ltr'><strong>satis</strong></span> <span class='ocrx_word' id='word_1_610' title='bbox 3263 3092 3593 3147; x_wconf 87' lang='lat' dir='ltr'><strong>demonstret</strong></span> 
     </span>
    </p>
   </div>
   <div class='ocr_carea' id='block_1_78' title="bbox 2028 3176 3589 3250">
    <p class='ocr_par' dir='ltr' id='par_1_78' title="bbox 2028 3176 3589 3250">
     <span class='ocr_line' id='line_1_78' title="bbox 2028 3176 3589 3250; baseline 0.008 -27"><span class='ocrx_word' id='word_1_611' title='bbox 2028 3183 2091 3224; x_wconf 90' lang='lat' dir='ltr'><strong>ac</strong></span> <span class='ocrx_word' id='word_1_612' title='bbox 2119 3178 2345 3225; x_wconf 87' lang='lat' dir='ltr'><strong>testetur</strong></span> <span class='ocrx_word' id='word_1_613' title='bbox 2368 3189 2381 3223; x_wconf 92' lang='lat'>:</span> <span class='ocrx_word' id='word_1_614' title='bbox 2406 3180 2583 3228; x_wconf 86' lang='lat' dir='ltr'><strong>tamen</strong></span> <span class='ocrx_word' id='word_1_615' title='bbox 2614 3190 2718 3229; x_wconf 92' lang='lat' dir='ltr'><strong>non</strong></span> <span class='ocrx_word' id='word_1_616' title='bbox 2746 3176 2910 3232; x_wconf 85' lang='lat' dir='ltr'><strong>hocce</strong></span> <span class='ocrx_word' id='word_1_617' title='bbox 2934 3178 3195 3234; x_wconf 73' lang='lat' dir='ltr'><strong>duntaxat</strong></span> <span class='ocrx_word' id='word_1_618' title='bbox 3217 3190 3589 3250; x_wconf 79' lang='lat' dir='ltr'><strong>argumentqu</strong></span> 
     </span>
    </p>
   </div>
   <div class='ocr_carea' id='block_1_79' title="bbox 2029 3260 3592 3349">
    <p class='ocr_par' dir='ltr' id='par_1_79' title="bbox 2029 3260 3592 3349">
     <span class='ocr_line' id='line_1_79' title="bbox 2029 3260 3592 3349; baseline 0.013 -38"><span class='ocrx_word' id='word_1_619' title='bbox 2029 3260 2326 3328; x_wconf 89' lang='lat' dir='ltr'><strong>attulimus,</strong></span> <span class='ocrx_word' id='word_1_620' title='bbox 2359 3262 2453 3317; x_wconf 88' lang='lat' dir='ltr'><strong>sed</strong></span> <span class='ocrx_word' id='word_1_621' title='bbox 2478 3264 2628 3333; x_wconf 88' lang='lat' dir='ltr'><strong>plura</strong></span> <span class='ocrx_word' id='word_1_622' title='bbox 2649 3267 2810 3320; x_wconf 86' lang='lat' dir='ltr'><strong>etiam</strong></span> <span class='ocrx_word' id='word_1_623' title='bbox 2838 3268 2965 3349; x_wconf 75' lang='lat' dir='ltr'><strong>alia,</strong></span> <span class='ocrx_word' id='word_1_624' title='bbox 3002 3284 3172 3339; x_wconf 80' lang='lat' dir='ltr'><strong>eaque</strong></span> <span class='ocrx_word' id='word_1_625' title='bbox 3221 3273 3500 3340; x_wconf 85' lang='lat' dir='ltr'><strong>splendida</strong></span> <span class='ocrx_word' id='word_1_626' title='bbox 3527 3292 3592 3330; x_wconf 80' lang='lat' dir='ltr'><strong>ac</strong></span> 
     </span>
    </p>
   </div>
   <div class='ocr_carea' id='block_1_80' title="bbox 2028 3350 3592 3434">
    <p class='ocr_par' dir='ltr' id='par_1_80' title="bbox 2028 3350 3592 3434">
     <span class='ocr_line' id='line_1_80' title="bbox 2028 3350 3592 3434; baseline 0.011 -31"><span class='ocrx_word' id='word_1_627' title='bbox 2028 3350 2304 3417; x_wconf 74' lang='lat' dir='ltr'><strong>sublimia,</strong></span> <span class='ocrx_word' id='word_1_628' title='bbox 2330 3364 2385 3409; x_wconf 92' lang='lat' dir='ltr'><strong>et</strong></span> <span class='ocrx_word' id='word_1_629' title='bbox 2420 3354 2657 3422; x_wconf 79' lang='lat' dir='ltr'><strong>cujusvis</strong></span> <span class='ocrx_word' id='word_1_630' title='bbox 2680 3356 3029 3415; x_wconf 88' lang='lat' dir='ltr'><strong>dubitationis</strong></span> <span class='ocrx_word' id='word_1_631' title='bbox 3051 3362 3315 3431; x_wconf 79' lang='lat' dir='ltr'><strong>expertia,</strong></span> <span class='ocrx_word' id='word_1_632' title='bbox 3349 3362 3592 3434; x_wconf 82' lang='lat' dir='ltr'><strong>Scriptu-</strong></span> 
     </span>
    </p>
   </div>
   <div class='ocr_carea' id='block_1_81' title="bbox 2028 3443 3593 3521">
    <p class='ocr_par' dir='ltr' id='par_1_81' title="bbox 2028 3443 3593 3521">
     <span class='ocr_line' id='line_1_81' title="bbox 2028 3443 3593 3521; baseline 0.01 -25"><span class='ocrx_word' id='word_1_633' title='bbox 2028 3458 2210 3497; x_wconf 87' lang='lat' dir='ltr'><strong>rarum</strong></span> <span class='ocrx_word' id='word_1_634' title='bbox 2236 3443 2384 3500; x_wconf 90' lang='lat' dir='ltr'><strong>loca:</strong></span> <span class='ocrx_word' id='word_1_635' title='bbox 2428 3448 2494 3502; x_wconf 87' lang='lat' dir='ltr'><strong>ad</strong></span> <span class='ocrx_word' id='word_1_636' title='bbox 2539 3463 2658 3517; x_wconf 67' lang='lat' dir='ltr'><strong>qua:</strong></span> <span class='ocrx_word' id='word_1_637' title='bbox 2698 3449 2741 3504; x_wconf 89' lang='lat' dir='ltr'><strong>si</strong></span> <span class='ocrx_word' id='word_1_638' title='bbox 2787 3451 2991 3521; x_wconf 89' lang='lat' dir='ltr'><strong>absque</strong></span> <span class='ocrx_word' id='word_1_639' title='bbox 3042 3455 3380 3511; x_wconf 67' lang='lat' dir='ltr'><strong>aversatione</strong></span> <span class='ocrx_word' id='word_1_640' title='bbox 3411 3472 3473 3511; x_wconf 88' lang='lat' dir='ltr'><strong>ac</strong></span> <span class='ocrx_word' id='word_1_641' title='bbox 3511 3457 3593 3511; x_wconf 80' lang='lat' dir='ltr'><strong>fa-</strong></span> 
     </span>
    </p>
   </div>
   <div class='ocr_carea' id='block_1_82' title="bbox 2028 3535 3587 3618">
    <p class='ocr_par' dir='ltr' id='par_1_82' title="bbox 2028 3535 3587 3618">
     <span class='ocr_line' id='line_1_82' title="bbox 2028 3535 3587 3618; baseline 0.008 -28"><span class='ocrx_word' id='word_1_642' title='bbox 2028 3535 2189 3590; x_wconf 87' lang='lat' dir='ltr'><strong>stidio</strong></span> <span class='ocrx_word' id='word_1_643' title='bbox 2211 3538 2574 3601; x_wconf 81' lang='lat' dir='ltr'><strong>attenderitis.</strong></span> <span class='ocrx_word' id='word_1_644' title='bbox 2595 3541 2763 3610; x_wconf 86' lang='lat' dir='ltr'><strong>magis</strong></span> <span class='ocrx_word' id='word_1_645' title='bbox 2790 3555 2948 3609; x_wconf 88' lang='lat' dir='ltr'><strong>quam</strong></span> <span class='ocrx_word' id='word_1_646' title='bbox 2977 3544 3152 3611; x_wconf 86' lang='lat' dir='ltr'><strong>pisces</strong></span> <span class='ocrx_word' id='word_1_647' title='bbox 3176 3545 3307 3618; x_wconf 86' lang='lat'><strong>(76),</strong></span> <span class='ocrx_word' id='word_1_648' title='bbox 3335 3556 3393 3601; x_wconf 90' lang='lat' dir='ltr'><strong>ut</strong></span> <span class='ocrx_word' id='word_1_649' title='bbox 3418 3548 3587 3612; x_wconf 85' lang='lat' dir='ltr'><strong>aiunt,</strong></span> 
     </span>
    </p>
   </div>
   <div class='ocr_carea' id='block_1_83' title="bbox 2029 3629 3595 3710">
    <p class='ocr_par' dir='ltr' id='par_1_83' title="bbox 2029 3629 3595 3710">
     <span class='ocr_line' id='line_1_83' title="bbox 2029 3629 3595 3710; baseline 0.006 -28"><span class='ocrx_word' id='word_1_650' title='bbox 2029 3629 2183 3694; x_wconf 82' lang='lat' dir='ltr'><strong>Iuntl,</strong></span> <span class='ocrx_word' id='word_1_651' title='bbox 2218 3631 2442 3684; x_wconf 90' lang='lat' dir='ltr'><strong>omnino</strong></span> <span class='ocrx_word' id='word_1_652' title='bbox 2473 3633 2736 3688; x_wconf 82' lang='lat' dir='ltr'><strong>evadetis.</strong></span> <span class='ocrx_word' id='word_1_653' title='bbox 2792 3633 2909 3688; x_wconf 81' lang='lat' dir='ltr'><strong>Jam</strong></span> <span class='ocrx_word' id='word_1_654' title='bbox 2948 3651 3077 3689; x_wconf 82' lang='lat' dir='ltr'><strong>vero</strong></span> <span class='ocrx_word' id='word_1_655' title='bbox 3107 3638 3399 3705; x_wconf 84' lang='lat' dir='ltr'><strong>captiosam</strong></span> <span class='ocrx_word' id='word_1_656' title='bbox 3434 3654 3595 3710; x_wconf 71' lang='lat' dir='ltr'><strong>argu-</strong></span> 
     </span>
    </p>
   </div>
   <div class='ocr_carea' id='block_1_84' title="bbox 2029 3722 3594 3787">
    <p class='ocr_par' dir='ltr' id='par_1_84' title="bbox 2029 3722 3594 3787">
     <span class='ocr_line' id='line_1_84' title="bbox 2029 3722 3594 3787; baseline 0.009 -16"><span class='ocrx_word' id='word_1_657' title='bbox 2029 3722 2414 3776; x_wconf 79' lang='lat' dir='ltr'><strong>mentationem</strong></span> <span class='ocrx_word' id='word_1_658' title='bbox 2474 3734 2708 3777; x_wconf 67' lang='lat' dir='ltr'><strong>vostram</strong></span> <span class='ocrx_word' id='word_1_659' title='bbox 2753 3727 3194 3782; x_wconf 79' lang='lat' dir='ltr'><strong>manifestissime</strong></span> <span class='ocrx_word' id='word_1_660' title='bbox 3245 3729 3396 3784; x_wconf 87' lang='lat' dir='ltr'><strong>diluit</strong></span> <span class='ocrx_word' id='word_1_661' title='bbox 3421 3745 3486 3787; x_wconf 89' lang='lat' dir='ltr'><strong>ac</strong></span> <span class='ocrx_word' id='word_1_662' title='bbox 3509 3748 3594 3785; x_wconf 84' lang='lat' dir='ltr'><strong>re-</strong></span> 
     </span>
    </p>
   </div>
   <div class='ocr_carea' id='block_1_85' title="bbox 2027 3810 3592 3893">
    <p class='ocr_par' dir='ltr' id='par_1_85' title="bbox 2027 3810 3592 3893">
     <span class='ocr_line' id='line_1_85' title="bbox 2027 3810 3592 3893; baseline 0.009 -31"><span class='ocrx_word' id='word_1_663' title='bbox 2027 3810 2242 3880; x_wconf 81' lang='lat' dir='ltr'><strong>darguit</strong></span> <span class='ocrx_word' id='word_1_664' title='bbox 2275 3814 2435 3867; x_wconf 91' lang='lat' dir='ltr'><strong>etiam</strong></span> <span class='ocrx_word' id='word_1_665' title='bbox 2458 3813 2658 3867; x_wconf 84' lang='lat' dir='ltr'><strong>Paulus</strong></span> <span class='ocrx_word' id='word_1_666' title='bbox 2676 3816 2925 3883; x_wconf 85' lang='lat' dir='ltr'><strong>Ephesiis</strong></span> <span class='ocrx_word' id='word_1_667' title='bbox 2954 3820 3199 3874; x_wconf 85' lang='lat' dir='ltr'><strong>scribens</strong></span> <span class='ocrx_word' id='word_1_668' title='bbox 3229 3840 3241 3874; x_wconf 95' lang='lat'>:</span> <span class='ocrx_word' id='word_1_669' title='bbox 3277 3837 3296 3871; x_wconf 76' lang='grc' dir='ltr'><strong>ι</strong></span> <span class='ocrx_word' id='word_1_670' title='bbox 3329 3822 3455 3877; x_wconf 81' lang='lat' dir='ltr'><strong>Mihi</strong></span> <span class='ocrx_word' id='word_1_671' title='bbox 3476 3821 3592 3893; x_wconf 83' lang='lat'><strong>(77)</strong></span> 
     </span>
    </p>
   </div>
   <div class='ocr_carea' id='block_1_86' title="bbox 2033 3910 3589 3985">
    <p class='ocr_par' dir='ltr' id='par_1_86' title="bbox 2033 3910 3589 3985">
     <span class='ocr_line' id='line_1_86' title="bbox 2033 3910 3589 3985; baseline 0.006 -25"><span class='ocrx_word' id='word_1_672' title='bbox 2033 3910 2280 3962; x_wconf 83' lang='lat' dir='ltr'><strong>omnium</strong></span> <span class='ocrx_word' id='word_1_673' title='bbox 2312 3920 2620 3964; x_wconf 82' lang='lat' dir='ltr'><strong>sanctorum</strong></span> <span class='ocrx_word' id='word_1_674' title='bbox 2669 3912 2891 3967; x_wconf 91' lang='lat' dir='ltr'><strong>minimo</strong></span> <span class='ocrx_word' id='word_1_675' title='bbox 2937 3915 3060 3967; x_wconf 89' lang='lat' dir='ltr'><strong>data</strong></span> <span class='ocrx_word' id='word_1_676' title='bbox 3104 3924 3185 3969; x_wconf 80' lang='lat' dir='ltr'><strong>est</strong></span> <span class='ocrx_word' id='word_1_677' title='bbox 3228 3918 3400 3985; x_wconf 74' lang='lat' dir='ltr'><strong>gratia</strong></span> <span class='ocrx_word' id='word_1_678' title='bbox 3457 3918 3589 3981; x_wconf 65' lang='lat' dir='ltr'><strong>haec,</strong></span> 
     </span>
    </p>
   </div>
   <div class='ocr_carea' id='block_1_87' title="bbox 2035 3999 3593 4073">
    <p class='ocr_par' dir='ltr' id='par_1_87' title="bbox 2035 3999 3593 4073">
     <span class='ocr_line' id='line_1_87' title="bbox 2035 3999 3593 4073; baseline 0.005 -23"><span class='ocrx_word' id='word_1_679' title='bbox 2035 3999 2088 4050; x_wconf 92' lang='lat' dir='ltr'><strong>in</strong></span> <span class='ocrx_word' id='word_1_680' title='bbox 2146 4000 2399 4067; x_wconf 71' lang='lat' dir='ltr'><strong>gentibus</strong></span> <span class='ocrx_word' id='word_1_681' title='bbox 2451 4000 2822 4069; x_wconf 78' lang='lat' dir='ltr'><strong>evangelizare</strong></span> <span class='ocrx_word' id='word_1_682' title='bbox 2871 4002 3326 4073; x_wconf 77' lang='lat' dir='ltr'><strong>ininvestigabiles</strong></span> <span class='ocrx_word' id='word_1_683' title='bbox 3377 4006 3593 4060; x_wconf 71' lang='lat' dir='ltr'><strong>divitias</strong></span> 
     </span>
    </p>
   </div>
   <div class='ocr_carea' id='block_1_88' title="bbox 2029 4089 3595 4166">
    <p class='ocr_par' dir='ltr' id='par_1_88' title="bbox 2029 4089 3595 4166">
     <span class='ocr_line' id='line_1_88' title="bbox 2029 4089 3595 4166; baseline 0.006 -23"><span class='ocrx_word' id='word_1_684' title='bbox 2029 4089 2253 4151; x_wconf 88' lang='lat' dir='ltr'><strong>Christi,</strong></span> <span class='ocrx_word' id='word_1_685' title='bbox 2312 4100 2367 4143; x_wconf 88' lang='lat' dir='ltr'><strong>et</strong></span> <span class='ocrx_word' id='word_1_686' title='bbox 2422 4089 2727 4146; x_wconf 85' lang='lat' dir='ltr'><strong>illuminare</strong></span> <span class='ocrx_word' id='word_1_687' title='bbox 2771 4108 2980 4161; x_wconf 87' lang='lat' dir='ltr'><strong>onmes,</strong></span> <span class='ocrx_word' id='word_1_688' title='bbox 3023 4109 3142 4163; x_wconf 70' lang='lat' dir='ltr'><strong>quae</strong></span> <span class='ocrx_word' id='word_1_689' title='bbox 3189 4097 3260 4150; x_wconf 90' lang='lat' dir='ltr'><strong>sit</strong></span> <span class='ocrx_word' id='word_1_690' title='bbox 3316 4098 3595 4166; x_wconf 82' lang='lat' dir='ltr'><strong>dispensa-</strong></span> 
     </span>
    </p>
   </div>
   <div class='ocr_carea' id='block_1_89' title="bbox 2030 4179 3592 4258">
    <p class='ocr_par' dir='ltr' id='par_1_89' title="bbox 2030 4179 3592 4258">
     <span class='ocr_line' id='line_1_89' title="bbox 2030 4179 3592 4258; baseline 0.008 -28"><span class='ocrx_word' id='word_1_691' title='bbox 2030 4179 2104 4232; x_wconf 90' lang='lat' dir='ltr'><strong>tio</strong></span> <span class='ocrx_word' id='word_1_692' title='bbox 2126 4180 2238 4251; x_wconf 83' lang='lat'><strong>(78)</strong></span> <span class='ocrx_word' id='word_1_693' title='bbox 2279 4183 2518 4251; x_wconf 81' lang='lat' dir='ltr'><strong>mysterii</strong></span> <span class='ocrx_word' id='word_1_694' title='bbox 2571 4181 2869 4238; x_wconf 89' lang='lat' dir='ltr'><strong>absconditi</strong></span> <span class='ocrx_word' id='word_1_695' title='bbox 2904 4200 2934 4238; x_wconf 90' lang='lat' dir='ltr'><strong>a</strong></span> <span class='ocrx_word' id='word_1_696' title='bbox 2979 4187 3190 4241; x_wconf 80' lang='lat' dir='ltr'><strong>sacculis</strong></span> <span class='ocrx_word' id='word_1_697' title='bbox 3236 4189 3288 4241; x_wconf 92' lang='lat' dir='ltr'><strong>in</strong></span> <span class='ocrx_word' id='word_1_698' title='bbox 3324 4189 3456 4251; x_wconf 86' lang='lat' dir='ltr'><strong>Deo,</strong></span> <span class='ocrx_word' id='word_1_699' title='bbox 3502 4190 3592 4258; x_wconf 87' lang='lat' dir='ltr'><strong>qui</strong></span> 
     </span>
    </p>
   </div>
   <div class='ocr_carea' id='block_1_90' title="bbox 2028 4273 3594 4349">
    <p class='ocr_par' dir='ltr' id='par_1_90' title="bbox 2028 4273 3594 4349">
     <span class='ocr_line' id='line_1_90' title="bbox 2028 4273 3594 4349; baseline 0.006 -24"><span class='ocrx_word' id='word_1_700' title='bbox 2028 4275 2207 4327; x_wconf 90' lang='lat' dir='ltr'><strong>omnia</strong></span> <span class='ocrx_word' id='word_1_701' title='bbox 2244 4273 2450 4327; x_wconf 82' lang='lat' dir='ltr'><strong>creavit</strong></span> <span class='ocrx_word' id='word_1_702' title='bbox 2474 4273 2625 4343; x_wconf 90' lang='lat'><strong>(79):</strong></span> <span class='ocrx_word' id='word_1_703' title='bbox 2658 4283 2713 4327; x_wconf 90' lang='lat' dir='ltr'><strong>ut</strong></span> <span class='ocrx_word' id='word_1_704' title='bbox 2750 4275 3056 4330; x_wconf 90' lang='lat' dir='ltr'><strong>innotescat</strong></span> <span class='ocrx_word' id='word_1_705' title='bbox 3091 4294 3235 4333; x_wconf 91' lang='lat' dir='ltr'><strong>nunc</strong></span> <span class='ocrx_word' id='word_1_706' title='bbox 3275 4281 3594 4349; x_wconf 84' lang='lat' dir='ltr'><strong>principati-</strong></span> 
     </span>
    </p>
   </div>
   <div class='ocr_carea' id='block_1_91' title="bbox 2029 4364 3592 4438">
    <p class='ocr_par' dir='ltr' id='par_1_91' title="bbox 2029 4364 3592 4438">
     <span class='ocr_line' id='line_1_91' title="bbox 2029 4364 3592 4438; baseline 0.005 -21"><span class='ocrx_word' id='word_1_707' title='bbox 2029 4364 2129 4418; x_wconf 90' lang='lat' dir='ltr'><strong>bus</strong></span> <span class='ocrx_word' id='word_1_708' title='bbox 2156 4372 2210 4416; x_wconf 88' lang='lat' dir='ltr'><strong>ct</strong></span> <span class='ocrx_word' id='word_1_709' title='bbox 2243 4368 2595 4434; x_wconf 87' lang='lat' dir='ltr'><strong>potestatibus</strong></span> <span class='ocrx_word' id='word_1_710' title='bbox 2656 4367 2707 4419; x_wconf 92' lang='lat' dir='ltr'><strong>in</strong></span> <span class='ocrx_word' id='word_1_711' title='bbox 2756 4367 3086 4433; x_wconf 72' lang='lat' dir='ltr'><strong>crelestibus,</strong></span> <span class='ocrx_word' id='word_1_712' title='bbox 3151 4387 3246 4438; x_wconf 91' lang='lat' dir='ltr'><strong>per</strong></span> <span class='ocrx_word' id='word_1_713' title='bbox 3276 4372 3592 4437; x_wconf 78' lang='lat' dir='ltr'><strong>Ecclesiam,</strong></span> 
     </span>
    </p>
   </div>
   <div class='ocr_carea' id='block_1_92' title="bbox 365 4448 1927 4535">
    <p class='ocr_par' dir='ltr' id='par_1_92' title="bbox 365 4456 1927 4535">
     <span class='ocr_line' id='line_1_92' title="bbox 365 4456 1927 4535; baseline -0.007 -15"><span class='ocrx_word' id='word_1_714' title='bbox 365 4468 547 4521; x_wconf 87' lang='grc' dir='ltr'>ουσίαν</span> <span class='ocrx_word' id='word_1_715' title='bbox 575 4465 706 4518; x_wconf 82' lang='grc' dir='ltr'>ἰδίαν</span> <span class='ocrx_word' id='word_1_716' title='bbox 727 4462 1166 4535; x_wconf 81' lang='grc' dir='ltr'>χρηματίζουσιν,</span> <span class='ocrx_word' id='word_1_717' title='bbox 1206 4461 1281 4522; x_wconf 84' lang='grc' dir='ltr'><strong>ὡς</strong></span> <span class='ocrx_word' id='word_1_718' title='bbox 1315 4458 1427 4511; x_wconf 77' lang='grc' dir='ltr'>ἐστι</span> <span class='ocrx_word' id='word_1_719' title='bbox 1465 4457 1557 4511; x_wconf 76' lang='grc' dir='ltr'><strong>καὶ</strong></span> <span class='ocrx_word' id='word_1_720' title='bbox 1582 4458 1699 4527; x_wconf 80' lang='grc' dir='ltr'>δίχα</span> <span class='ocrx_word' id='word_1_721' title='bbox 1735 4456 1927 4509; x_wconf 86' lang='grc' dir='ltr'>συστά-</span> 
     </span>
    </p>
   </div>
   <div class='ocr_carea' id='block_1_93' title="bbox 2029 4448 3591 4535">
    <p class='ocr_par' dir='ltr' id='par_1_93' title="bbox 2031 4455 3591 4534">
     <span class='ocr_line' id='line_1_93' title="bbox 2031 4455 3591 4534; baseline 0.007 -26"><span class='ocrx_word' id='word_1_722' title='bbox 2031 4455 2377 4511; x_wconf 89' lang='lat' dir='ltr'><strong>nmltiformis</strong></span> <span class='ocrx_word' id='word_1_723' title='bbox 2423 4458 2682 4524; x_wconf 85' lang='lat' dir='ltr'><strong>sapientia</strong></span> <span class='ocrx_word' id='word_1_724' title='bbox 2746 4458 2902 4512; x_wconf 69' lang='lat' dir='ltr'><strong>Dei.»</strong></span> <span class='ocrx_word' id='word_1_725' title='bbox 2966 4463 3391 4518; x_wconf 79' lang='lat' dir='ltr'><strong>Animadvertite</strong></span> <span class='ocrx_word' id='word_1_726' title='bbox 3439 4477 3591 4534; x_wconf 77' lang='lat' dir='ltr'><strong>ergo,</strong></span> 
     </span>
    </p>
   </div>
   <div class='ocr_carea' id='block_1_94' title="bbox 368 4547 1923 4626">
    <p class='ocr_par' dir='ltr' id='par_1_94' title="bbox 368 4547 1923 4626">
     <span class='ocr_line' id='line_1_94' title="bbox 368 4547 1923 4626; baseline -0.006 -17"><span class='ocrx_word' id='word_1_727' title='bbox 368 4555 500 4620; x_wconf 73' lang='grc' dir='ltr'>πώς</span> <span class='ocrx_word' id='word_1_728' title='bbox 531 4570 671 4618; x_wconf 86' lang='grc' dir='ltr'>τινος</span> <span class='ocrx_word' id='word_1_729' title='bbox 717 4555 779 4607; x_wconf 80' lang='grc' dir='ltr'>τὸ</span> <span class='ocrx_word' id='word_1_730' title='bbox 803 4554 1030 4626; x_wconf 81' lang='grc' dir='ltr'>πρᾶγμα</span> <span class='ocrx_word' id='word_1_731' title='bbox 1054 4549 1493 4610; x_wconf 75' lang='grc' dir='ltr'>αὑταπόδεικτον,</span> <span class='ocrx_word' id='word_1_732' title='bbox 1524 4548 1612 4601; x_wconf 84' lang='grc' dir='ltr'><strong>διὰ</strong></span> <span class='ocrx_word' id='word_1_733' title='bbox 1643 4548 1700 4600; x_wconf 83' lang='grc' dir='ltr'><strong>δὲ</strong></span> <span class='ocrx_word' id='word_1_734' title='bbox 1732 4548 1792 4601; x_wconf 73' lang='grc' dir='ltr'>τὸ</span> <span class='ocrx_word' id='word_1_735' title='bbox 1826 4547 1923 4619; x_wconf 80' lang='grc' dir='ltr'>τὴν</span> 
     </span>
    </p>
   </div>
   <div class='ocr_carea' id='block_1_95' title="bbox 364 4639 1927 4717">
    <p class='ocr_par' dir='ltr' id='par_1_95' title="bbox 364 4639 1927 4717">
     <span class='ocr_line' id='line_1_95' title="bbox 364 4639 1927 4717; baseline -0.006 -17"><span class='ocrx_word' id='word_1_736' title='bbox 364 4647 506 4711; x_wconf 82' lang='grc' dir='ltr'>λέξιν</span> <span class='ocrx_word' id='word_1_737' title='bbox 566 4646 733 4717; x_wconf 81' lang='grc' dir='ltr'>μόνην</span> <span class='ocrx_word' id='word_1_738' title='bbox 782 4645 921 4698; x_wconf 85' lang='grc' dir='ltr'>κατὰ</span> <span class='ocrx_word' id='word_1_739' title='bbox 981 4641 1161 4697; x_wconf 85' lang='grc' dir='ltr'>κοινοῦ</span> <span class='ocrx_word' id='word_1_740' title='bbox 1213 4639 1651 4711; x_wconf 85' lang='grc' dir='ltr'>κατηγορεῖσθαι,</span> <span class='ocrx_word' id='word_1_741' title='bbox 1699 4640 1793 4693; x_wconf 82' lang='grc' dir='ltr'><strong>ἐπὶ</strong></span> <span class='ocrx_word' id='word_1_742' title='bbox 1830 4639 1927 4710; x_wconf 80' lang='grc' dir='ltr'><strong>τὴν</strong></span> 
     </span>
    </p>
   </div>
   <div class='ocr_carea' id='block_1_96' title="bbox 370 4728 1933 4808">
    <p class='ocr_par' dir='ltr' id='par_1_96' title="bbox 370 4728 1933 4808">
     <span class='ocr_line' id='line_1_96' title="bbox 370 4728 1933 4808; baseline -0.007 -17"><span class='ocrx_word' id='word_1_743' title='bbox 370 4737 574 4808; x_wconf 74' lang='grc' dir='ltr'>μέμψιν</span> <span class='ocrx_word' id='word_1_744' title='bbox 604 4737 700 4789; x_wconf 72' lang='grc' dir='ltr'><strong>καὶ</strong></span> <span class='ocrx_word' id='word_1_745' title='bbox 738 4736 837 4806; x_wconf 83' lang='grc' dir='ltr'>τὴν</span> <span class='ocrx_word' id='word_1_746' title='bbox 883 4732 1215 4804; x_wconf 87' lang='grc' dir='ltr'>κατηγορίαν</span> <span class='ocrx_word' id='word_1_747' title='bbox 1251 4728 1655 4800; x_wconf 86' lang='grc' dir='ltr'>παρηγγείλατε</span> <span class='ocrx_word' id='word_1_748' title='bbox 1676 4744 1689 4758; x_wconf 78' lang='grc'><strong><em>⁸</em></strong></span> <span class='ocrx_word' id='word_1_749' title='bbox 1727 4745 1933 4801; x_wconf 87' lang='grc' dir='ltr'>προπε-</span> 
     </span>
    </p>
   </div>
   <div class='ocr_carea' id='block_1_97' title="bbox 364 4820 1931 4893">
    <p class='ocr_par' dir='ltr' id='par_1_97' title="bbox 364 4820 1931 4893">
     <span class='ocr_line' id='line_1_97' title="bbox 364 4820 1931 4893; baseline -0.006 -13"><span class='ocrx_word' id='word_1_750' title='bbox 364 4827 471 4891; x_wconf 84' lang='grc' dir='ltr'><strong>τῶς</strong></span> <span class='ocrx_word' id='word_1_751' title='bbox 514 4827 609 4881; x_wconf 71' lang='grc' dir='ltr'>καὶ</span> <span class='ocrx_word' id='word_1_752' title='bbox 650 4826 1020 4888; x_wconf 80' lang='grc' dir='ltr'>ὰδιασκέπτως</span> <span class='ocrx_word' id='word_1_753' title='bbox 1058 4821 1351 4893; x_wconf 83' lang='grc' dir='ltr'>ἐπράξατε,</span> <span class='ocrx_word' id='word_1_754' title='bbox 1386 4820 1482 4873; x_wconf 76' lang='grc' dir='ltr'><strong>καὶ</strong></span> <span class='ocrx_word' id='word_1_755' title='bbox 1507 4820 1657 4873; x_wconf 79' lang='grc' dir='ltr'>οὐδὲν</span> <span class='ocrx_word' id='word_1_756' title='bbox 1704 4820 1839 4891; x_wconf 81' lang='grc' dir='ltr'>πρὸς</span> <span class='ocrx_word' id='word_1_757' title='bbox 1871 4820 1931 4872; x_wconf 79' lang='grc' dir='ltr'><strong>τὸ</strong></span> 
     </span>
    </p>
   </div>
   <div class='ocr_carea' id='block_1_98' title="bbox 437 4998 1883 5085">
    <p class='ocr_par' dir='ltr' id='par_1_98' title="bbox 437 4998 1883 5085">
     <span class='ocr_line' id='line_1_98' title="bbox 437 4998 1883 5085; baseline -0.011 -22"><span class='ocrx_word' id='word_1_758' title='bbox 589 5004 833 5085; x_wconf 66' lang='lat' dir='ltr'><strong>Sanctus.</strong></span> <span class='ocrx_word' id='word_1_759' title='bbox 871 5005 990 5085; x_wconf 42' lang='lat' dir='ltr'><strong>Vm:</strong></span> <span class='ocrx_word' id='word_1_760' title='bbox 1045 5004 1198 5071; x_wconf 79' lang='grc' dir='ltr'>ἅγιον</span> <span class='ocrx_word' id='word_1_761' title='bbox 1229 5001 1480 5085; x_wconf 65' lang='lat' dir='ltr'><strong>deest_in</strong></span> <span class='ocrx_word' id='word_1_762' title='bbox 1870 5068 1883 5085; x_wconf 45' lang='lat'><strong>‘</strong></span> 
     </span>
    </p>
   </div>
   <div class='ocr_carea' id='block_1_99' title="bbox 438 5070 1931 5141">
    <p class='ocr_par' dir='ltr' id='par_1_99' title="bbox 438 5070 1931 5141">
     <span class='ocr_line' id='line_1_99' title="bbox 438 5070 1931 5141; baseline -0.005 -13"><span class='ocrx_word' id='word_1_763' title='bbox 438 5070 549 5141; x_wconf 80' lang='lat'><strong>(73)</strong></span> <span class='ocrx_word' id='word_1_764' title='bbox 612 5077 688 5128; x_wconf 81' lang='lat' dir='ltr'><strong>Ad</strong></span> <span class='ocrx_word' id='word_1_765' title='bbox 741 5078 899 5128; x_wconf 67' lang='lat' dir='ltr'><strong>siros.</strong></span> <span class='ocrx_word' id='word_1_766' title='bbox 952 5070 1138 5128; x_wconf 70' lang='lat' dir='ltr'><strong>Graeca</strong></span> <span class='ocrx_word' id='word_1_767' title='bbox 1193 5072 1355 5141; x_wconf 81' lang='lat' dir='ltr'><strong>editio</strong></span> <span class='ocrx_word' id='word_1_768' title='bbox 1396 5070 1487 5141; x_wconf 83' lang='lat' dir='ltr'><strong>hic</strong></span> <span class='ocrx_word' id='word_1_769' title='bbox 1536 5070 1684 5141; x_wconf 78' lang='lat' dir='ltr'><strong>addit</strong></span> <span class='ocrx_word' id='word_1_770' title='bbox 1729 5070 1931 5141; x_wconf 49' lang='lat' dir='ltr'><strong>acab;</strong></span> 
     </span>
    </p>
   </div>
   <div class='ocr_carea' id='block_1_100' title="bbox 365 5137 1933 5215">
    <p class='ocr_par' dir='ltr' id='par_1_100' title="bbox 365 5137 1933 5215">
     <span class='ocr_line' id='line_1_100' title="bbox 365 5137 1933 5215; baseline -0.004 -17"><span class='ocrx_word' id='word_1_771' title='bbox 365 5137 799 5215; x_wconf 76' lang='grc' dir='ltr'>ἀπεσταλμένους</span> <span class='ocrx_word' id='word_1_772' title='bbox 823 5144 930 5215; x_wconf 73' lang='grc' dir='ltr'><strong>ἀπὸ</strong></span> <span class='ocrx_word' id='word_1_773' title='bbox 951 5142 1046 5196; x_wconf 84' lang='grc' dir='ltr'><strong>τοῦ</strong></span> <span class='ocrx_word' id='word_1_774' title='bbox 1071 5139 1533 5215; x_wconf 33' lang='grc' dir='ltr'>Κορνηλίου-προς</span> <span class='ocrx_word' id='word_1_775' title='bbox 1554 5137 1736 5205; x_wconf 84' lang='grc' dir='ltr'>αὐτόν,</span> <span class='ocrx_word' id='word_1_776' title='bbox 1770 5139 1820 5191; x_wconf 89' lang='lat' dir='ltr'><strong>id</strong></span> <span class='ocrx_word' id='word_1_777' title='bbox 1851 5148 1933 5215; x_wconf 75' lang='lat' dir='ltr'><strong>est</strong></span> 
     </span>
    </p>
   </div>
   <div class='ocr_carea' id='block_1_101' title="bbox 375 5209 1929 5268">
    <p class='ocr_par' dir='ltr' id='par_1_101' title="bbox 375 5209 1929 5268">
     <span class='ocr_line' id='line_1_101' title="bbox 375 5209 1929 5268; baseline -0.003 -2"><span class='ocrx_word' id='word_1_778' title='bbox 375 5238 392 5266; x_wconf 75' lang='grc' dir='ltr'><strong>ι</strong></span> <span class='ocrx_word' id='word_1_779' title='bbox 437 5209 625 5268; x_wconf 65' lang='lat' dir='ltr'><strong>missos</strong></span> <span class='ocrx_word' id='word_1_780' title='bbox 671 5232 699 5267; x_wconf 88' lang='lat' dir='ltr'><strong>a</strong></span> <span class='ocrx_word' id='word_1_781' title='bbox 731 5214 978 5268; x_wconf 74' lang='lat' dir='ltr'><strong>Cornelio</strong></span> <span class='ocrx_word' id='word_1_782' title='bbox 1008 5216 1074 5266; x_wconf 89' lang='lat' dir='ltr'><strong>ad</strong></span> <span class='ocrx_word' id='word_1_783' title='bbox 1108 5209 1254 5266; x_wconf 77' lang='lat' dir='ltr'><strong>eum.</strong></span> <span class='ocrx_word' id='word_1_784' title='bbox 1308 5228 1327 5261; x_wconf 72' lang='grc' dir='ltr'><strong>ι</strong></span> <span class='ocrx_word' id='word_1_785' title='bbox 1365 5209 1586 5263; x_wconf 67' lang='grc' dir='ltr'>Αιὶιωο</span> <span class='ocrx_word' id='word_1_786' title='bbox 1619 5223 1722 5260; x_wconf 86' lang='grc' dir='ltr'>ιιοιι</span> <span class='ocrx_word' id='word_1_787' title='bbox 1771 5209 1929 5261; x_wconf 91' lang='lat' dir='ltr'><strong>modo</strong></span> 
     </span>
    </p>
   </div>
   <div class='ocr_carea' id='block_1_102' title="bbox 366 5278 1846 5357">
    <p class='ocr_par' dir='ltr' id='par_1_102' title="bbox 366 5278 1846 5357">
     <span class='ocr_line' id='line_1_102' title="bbox 366 5278 1846 5357; baseline -0.009 -18"><span class='ocrx_word' id='word_1_788' title='bbox 366 5282 1148 5357; x_wconf 25' lang='lat' dir='ltr'><strong>Didymus,sed‘et_\’ulgatus</strong></span> <span class='ocrx_word' id='word_1_789' title='bbox 1173 5282 1453 5357; x_wconf 58' lang='lat' dir='ltr'><strong>interpres</strong></span> <span class='ocrx_word' id='word_1_790' title='bbox 1488 5278 1714 5357; x_wconf 63' lang='lat' dir='ltr'><strong>omittit.</strong></span> <span class='ocrx_word' id='word_1_791' title='bbox 1820 5343 1846 5357; x_wconf 38' lang='grc' dir='ltr'><strong><em>η</em></strong></span> 
     </span>
    </p>
   </div>
   <div class='ocr_carea' id='block_1_103' title="bbox 434 5301 1920 5425">
    <p class='ocr_par' dir='ltr' id='par_1_103' title="bbox 434 5301 1920 5425">
     <span class='ocr_line' id='line_1_103' title="bbox 436 5301 1714 5350; baseline -0.008 -13"><span class='ocrx_word' id='word_1_792' title='bbox 436 5301 467 5337; x_wconf 71' lang='lat' dir='ltr'><strong>tl</strong></span> <span class='ocrx_word' id='word_1_793' title='bbox 493 5301 644 5342; x_wconf 75' lang='lat' dir='ltr'><strong>&#39;IIIDS.</strong></span> <span class='ocrx_word' id='word_1_794' title='bbox 672 5301 764 5337; x_wconf 87' lang='lat' dir='ltr'><strong>seu</strong></span> <span class='ocrx_word' id='word_1_795' title='bbox 804 5301 857 5337; x_wconf 81' lang='lat' dir='ltr'><strong>et</strong></span> <span class='ocrx_word' id='word_1_796' title='bbox 899 5301 1148 5350; x_wconf 73' lang='lat' dir='ltr'><strong>vulgatus</strong></span> <span class='ocrx_word' id='word_1_797' title='bbox 1188 5301 1453 5345; x_wconf 75' lang='lat' dir='ltr'><strong>mwrprcs</strong></span> <span class='ocrx_word' id='word_1_798' title='bbox 1488 5301 1714 5333; x_wconf 77' lang='lat' dir='ltr'><strong>Dllllllll.</strong></span> 
     </span>
     <span class='ocr_line' id='line_1_104' title="bbox 434 5301 1920 5425; baseline -0.007 -18"><span class='ocrx_word' id='word_1_799' title='bbox 434 5301 546 5425; x_wconf 52' lang='lat' dir='ltr'><strong>(is)</strong></span> <span class='ocrx_word' id='word_1_800' title='bbox 617 5353 807 5407; x_wconf 77' lang='lat' dir='ltr'><strong>Veluti.</strong></span> <span class='ocrx_word' id='word_1_801' title='bbox 862 5352 1086 5407; x_wconf 78' lang='lat' dir='ltr'><strong>Codex:</strong></span> <span class='ocrx_word' id='word_1_802' title='bbox 1145 5344 1255 5403; x_wconf 75' lang='grc' dir='ltr'>οἷον</span> <span class='ocrx_word' id='word_1_803' title='bbox 1291 5348 1372 5403; x_wconf 84' lang='grc' dir='ltr'><strong>τό.</strong></span> <span class='ocrx_word' id='word_1_804' title='bbox 1400 5347 1565 5418; x_wconf 78' lang='lat' dir='ltr'><strong>Lego,</strong></span> <span class='ocrx_word' id='word_1_805' title='bbox 1612 5340 1723 5399; x_wconf 74' lang='grc' dir='ltr'>οἷον</span> <span class='ocrx_word' id='word_1_806' title='bbox 1778 5343 1920 5415; x_wconf 80' lang='grc' dir='ltr'>τῷ...</span> 
     </span>
    </p>
   </div>
   <div class='ocr_carea' id='block_1_104' title="bbox 358 5440 1918 5563">
    <p class='ocr_par' dir='ltr' id='par_1_104' title="bbox 358 5440 1918 5563">
     <span class='ocr_line' id='line_1_105' title="bbox 358 5440 1115 5478; baseline -0.008 0"><span class='ocrx_word' id='word_1_807' title='bbox 358 5442 459 5478; x_wconf 87' lang='grc' dir='ltr'><strong>κοσ</strong></span> <span class='ocrx_word' id='word_1_808' title='bbox 516 5440 713 5478; x_wconf 83' lang='grc' dir='ltr'>’σαντι.</span> <span class='ocrx_word' id='word_1_809' title='bbox 1110 5457 1115 5463; x_wconf 75' lang='grc'><strong>.</strong></span> 
     </span>
     <span class='ocr_line' id='line_1_106' title="bbox 431 5443 1918 5563; baseline -0.006 -15"><span class='ocrx_word' id='word_1_810' title='bbox 603 5494 914 5563; x_wconf 71' lang='lat' dir='ltr'><strong>Comitelur.</strong></span> <span class='ocrx_word' id='word_1_811' title='bbox 975 5490 1131 5563; x_wconf 81' lang='lat' dir='ltr'><strong>Cnd._</strong></span> <span class='ocrx_word' id='word_1_812' title='bbox 1162 5488 1454 5563; x_wconf 58' lang='grc' dir='ltr'><strong>ἑπομένουἶ</strong></span> <span class='ocrx_word' id='word_1_813' title='bbox 1505 5485 1738 5563; x_wconf 69' lang='lat' dir='ltr'><strong>Legend.</strong></span> <span class='ocrx_word' id='word_1_814' title='bbox 1794 5483 1918 5539; x_wconf 88' lang='lat' dir='ltr'><strong>fort.</strong></span> 
     </span>
    </p>
   </div>
   <div class='ocr_carea' id='block_1_105' title="bbox 354 5554 1919 5639">
    <p class='ocr_par' dir='ltr' id='par_1_105' title="bbox 354 5554 1919 5639">
     <span class='ocr_line' id='line_1_107' title="bbox 354 5554 1919 5639; baseline -0.008 -20"><span class='ocrx_word' id='word_1_815' title='bbox 354 5554 650 5639; x_wconf 78' lang='grc' dir='ltr'>ἑπομένης.</span> <span class='ocrx_word' id='word_1_816' title='bbox 700 5562 867 5639; x_wconf 70' lang='lat' dir='ltr'><strong>[Delie</strong></span> <span class='ocrx_word' id='word_1_817' title='bbox 925 5577 986 5639; x_wconf 80' lang='lat' dir='ltr'><strong>se</strong></span> <span class='ocrx_word' id='word_1_818' title='bbox 1045 5554 1624 5639; x_wconf 58' lang='grc' dir='ltr'>Ιιειιιθι,’ὲπομένου;..</span> <span class='ocrx_word' id='word_1_819' title='bbox 1654 5554 1919 5639; x_wconf 75' lang='grc' dir='ltr'>χάριτοςε</span> 
     </span>
    </p>
   </div>
   <div class='ocr_carea' id='block_1_106' title="bbox 354 5625 1917 5701">
    <p class='ocr_par' dir='ltr' id='par_1_106' title="bbox 354 5625 1917 5701">
     <span class='ocr_line' id='line_1_108' title="bbox 354 5625 1917 5701; baseline -0.006 -14"><span class='ocrx_word' id='word_1_820' title='bbox 354 5638 438 5690; x_wconf 81' lang='lat' dir='ltr'><strong>sic</strong></span> <span class='ocrx_word' id='word_1_821' title='bbox 461 5625 632 5688; x_wconf 60' lang='lat' dir='ltr'><strong>&#39;eniin</strong></span> <span class='ocrx_word' id='word_1_822' title='bbox 688 5625 985 5701; x_wconf 67' lang='lat' dir='ltr'><strong>aliquando</strong></span> <span class='ocrx_word' id='word_1_823' title='bbox 1024 5629 1259 5701; x_wconf 81' lang='lat' dir='ltr'><strong>occurrit</strong></span> <span class='ocrx_word' id='word_1_824' title='bbox 1291 5625 1917 5701; x_wconf 61' lang='lat' dir='ltr'><strong>apud_A|exandrinos.</strong></span> 
     </span>
    </p>
   </div>
   <div class='ocr_carea' id='block_1_107' title="bbox 356 5693 1920 5773">
    <p class='ocr_par' dir='ltr' id='par_1_107' title="bbox 356 5693 1920 5773">
     <span class='ocr_line' id='line_1_109' title="bbox 356 5693 1920 5773; baseline -0.008 -14"><span class='ocrx_word' id='word_1_825' title='bbox 356 5705 449 5759; x_wconf 89' lang='lat' dir='ltr'><strong>Sic</strong></span> <span class='ocrx_word' id='word_1_826' title='bbox 480 5704 643 5757; x_wconf 83' lang='lat' dir='ltr'><strong>etiam</strong></span> <span class='ocrx_word' id='word_1_827' title='bbox 693 5693 851 5773; x_wconf 61' lang='lat' dir='ltr'><strong>infra,</strong></span> <span class='ocrx_word' id='word_1_828' title='bbox 898 5699 1221 5773; x_wconf 75' lang='grc' dir='ltr'>ῥᾳθυμίᾳ-τῇ</span> <span class='ocrx_word' id='word_1_829' title='bbox 1251 5697 1350 5749; x_wconf 82' lang='grc' dir='ltr'><strong>οὐκ</strong></span> <span class='ocrx_word' id='word_1_830' title='bbox 1381 5693 1614 5748; x_wconf 82' lang='grc' dir='ltr'>ἐνδέοντι</span> <span class='ocrx_word' id='word_1_831' title='bbox 1638 5736 1653 5761; x_wconf 87' lang='grc'><strong>,</strong></span> <span class='ocrx_word' id='word_1_832' title='bbox 1711 5709 1808 5765; x_wconf 87' lang='lat' dir='ltr'><strong>pro</strong></span> <span class='ocrx_word' id='word_1_833' title='bbox 1835 5697 1920 5748; x_wconf 83' lang='grc' dir='ltr'>ἐν·</span> 
     </span>
    </p>
   </div>
   <div class='ocr_carea' id='block_1_108' title="bbox 356 5770 786 5846">
    <p class='ocr_par' dir='ltr' id='par_1_108' title="bbox 356 5770 786 5846">
     <span class='ocr_line' id='line_1_110' title="bbox 356 5770 786 5846; baseline -0.007 -19"><span class='ocrx_word' id='word_1_834' title='bbox 356 5774 571 5846; x_wconf 77' lang='grc' dir='ltr'>δεούσῃ.</span> <span class='ocrx_word' id='word_1_835' title='bbox 602 5770 786 5841; x_wconf 71' lang='lat' dir='ltr'><strong>Eum]</strong></span> 
     </span>
    </p>
   </div>
   <div class='ocr_carea' id='block_1_109' title="bbox 684 5853 1467 5924">
    <p class='ocr_par' dir='ltr' id='par_1_109' title="bbox 684 5853 1467 5924">
     <span class='ocr_line' id='line_1_111' title="bbox 684 5853 1467 5924; baseline -0.014 1"><span class='ocrx_word' id='word_1_836' title='bbox 684 5864 961 5924; x_wconf 79' lang='grc' dir='ltr'>ΡΑτιιοι..</span> <span class='ocrx_word' id='word_1_837' title='bbox 1006 5859 1124 5918; x_wconf 75' lang='lat' dir='ltr'><strong>Gn.</strong></span> <span class='ocrx_word' id='word_1_838' title='bbox 1170 5853 1467 5922; x_wconf 76' lang='lat' dir='ltr'><strong>XXXIX.</strong></span> 
     </span>
    </p>
   </div>
   <div class='ocr_carea' id='block_1_110' title="bbox 2031 4546 3590 4618">
    <p class='ocr_par' dir='ltr' id='par_1_110' title="bbox 2031 4546 3590 4618">
     <span class='ocr_line' id='line_1_112' title="bbox 2031 4546 3590 4618; baseline 0.003 -18"><span class='ocrx_word' id='word_1_839' title='bbox 2031 4563 2190 4617; x_wconf 90' lang='lat' dir='ltr'><strong>quam</strong></span> <span class='ocrx_word' id='word_1_840' title='bbox 2228 4546 2460 4601; x_wconf 89' lang='lat' dir='ltr'><strong>aliemnn</strong></span> <span class='ocrx_word' id='word_1_841' title='bbox 2492 4548 2561 4601; x_wconf 90' lang='lat' dir='ltr'><strong>ab</strong></span> <span class='ocrx_word' id='word_1_842' title='bbox 2592 4548 2904 4617; x_wconf 80' lang='lat' dir='ltr'><strong>angelorum</strong></span> <span class='ocrx_word' id='word_1_843' title='bbox 2946 4562 3135 4603; x_wconf 88' lang='lat' dir='ltr'><strong>natura</strong></span> <span class='ocrx_word' id='word_1_844' title='bbox 3172 4552 3263 4615; x_wconf 89' lang='lat' dir='ltr'><strong>sit,</strong></span> <span class='ocrx_word' id='word_1_845' title='bbox 3295 4563 3349 4607; x_wconf 90' lang='lat' dir='ltr'><strong>ut</strong></span> <span class='ocrx_word' id='word_1_846' title='bbox 3382 4568 3590 4618; x_wconf 81' lang='lat' dir='ltr'><strong>eorum,</strong></span> 
     </span>
    </p>
   </div>
   <div class='ocr_carea' id='block_1_111' title="bbox 2029 4637 3595 4709">
    <p class='ocr_par' dir='ltr' id='par_1_111' title="bbox 2029 4637 3595 4709">
     <span class='ocr_line' id='line_1_113' title="bbox 2029 4637 3595 4709; baseline 0.004 -17"><span class='ocrx_word' id='word_1_847' title='bbox 2029 4654 2149 4709; x_wconf 80' lang='lat' dir='ltr'><strong>quae</strong></span> <span class='ocrx_word' id='word_1_848' title='bbox 2176 4639 2354 4692; x_wconf 86' lang='lat' dir='ltr'><strong>futura</strong></span> <span class='ocrx_word' id='word_1_849' title='bbox 2389 4648 2534 4700; x_wconf 91' lang='lat' dir='ltr'><strong>sunt,</strong></span> <span class='ocrx_word' id='word_1_850' title='bbox 2568 4637 2771 4707; x_wconf 84' lang='lat' dir='ltr'><strong>aliquid</strong></span> <span class='ocrx_word' id='word_1_851' title='bbox 2806 4654 2901 4707; x_wconf 91' lang='lat' dir='ltr'><strong>per</strong></span> <span class='ocrx_word' id='word_1_852' title='bbox 2932 4640 3139 4708; x_wconf 86' lang='lat' dir='ltr'><strong>seipsos</strong></span> <span class='ocrx_word' id='word_1_853' title='bbox 3154 4642 3347 4706; x_wconf 88' lang='lat' dir='ltr'><strong>sciant,</strong></span> <span class='ocrx_word' id='word_1_854' title='bbox 3371 4653 3425 4697; x_wconf 90' lang='lat' dir='ltr'><strong>et</strong></span> <span class='ocrx_word' id='word_1_855' title='bbox 3446 4646 3595 4700; x_wconf 78' lang='lat' dir='ltr'><strong>chre-</strong></span> 
     </span>
    </p>
   </div>
   <div class='ocr_carea' id='block_1_112' title="bbox 2032 4727 3594 4802">
    <p class='ocr_par' dir='ltr' id='par_1_112' title="bbox 2032 4727 3594 4802">
     <span class='ocr_line' id='line_1_114' title="bbox 2032 4727 3594 4802; baseline 0.006 -21"><span class='ocrx_word' id='word_1_856' title='bbox 2032 4730 2311 4791; x_wconf 86' lang='lat' dir='ltr'><strong>matizent,</strong></span> <span class='ocrx_word' id='word_1_857' title='bbox 2353 4728 2405 4779; x_wconf 93' lang='lat' dir='ltr'><strong>id</strong></span> <span class='ocrx_word' id='word_1_858' title='bbox 2463 4736 2566 4787; x_wconf 91' lang='lat' dir='ltr'><strong>est,</strong></span> <span class='ocrx_word' id='word_1_859' title='bbox 2620 4727 2881 4793; x_wconf 70' lang='lat' dir='ltr'><strong>revelant;</strong></span> <span class='ocrx_word' id='word_1_860' title='bbox 2930 4744 3052 4784; x_wconf 91' lang='lat' dir='ltr'><strong>eum</strong></span> <span class='ocrx_word' id='word_1_861' title='bbox 3088 4733 3250 4785; x_wconf 90' lang='lat' dir='ltr'><strong>etiam</strong></span> <span class='ocrx_word' id='word_1_862' title='bbox 3286 4747 3381 4802; x_wconf 88' lang='lat' dir='ltr'><strong>per</strong></span> <span class='ocrx_word' id='word_1_863' title='bbox 3409 4734 3594 4791; x_wconf 74' lang='lat' dir='ltr'><strong>Eccle-</strong></span> 
     </span>
    </p>
   </div>
   <div class='ocr_carea' id='block_1_113' title="bbox 2035 4818 3591 4894">
    <p class='ocr_par' dir='ltr' id='par_1_113' title="bbox 2035 4818 3591 4894">
     <span class='ocr_line' id='line_1_115' title="bbox 2035 4818 3591 4894; baseline 0.007 -22"><span class='ocrx_word' id='word_1_864' title='bbox 2035 4821 2171 4872; x_wconf 88' lang='lat' dir='ltr'><strong>siam</strong></span> <span class='ocrx_word' id='word_1_865' title='bbox 2208 4819 2323 4881; x_wconf 86' lang='lat' dir='ltr'><strong>Dei,</strong></span> <span class='ocrx_word' id='word_1_866' title='bbox 2354 4834 2473 4886; x_wconf 76' lang='lat' dir='ltr'><strong>qua:</strong></span> <span class='ocrx_word' id='word_1_867' title='bbox 2507 4819 2560 4871; x_wconf 93' lang='lat' dir='ltr'><strong>in</strong></span> <span class='ocrx_word' id='word_1_868' title='bbox 2592 4818 2692 4873; x_wconf 90' lang='lat' dir='ltr'><strong>hoc</strong></span> <span class='ocrx_word' id='word_1_869' title='bbox 2724 4822 2921 4874; x_wconf 87' lang='lat' dir='ltr'><strong>mundo</strong></span> <span class='ocrx_word' id='word_1_870' title='bbox 2965 4835 3048 4877; x_wconf 89' lang='lat' dir='ltr'><strong>est</strong></span> <span class='ocrx_word' id='word_1_871' title='bbox 3080 4825 3216 4894; x_wconf 63' lang='lat' dir='ltr'><strong>(haec</strong></span> <span class='ocrx_word' id='word_1_872' title='bbox 3241 4841 3369 4881; x_wconf 80' lang='lat' dir='ltr'><strong>vero</strong></span> <span class='ocrx_word' id='word_1_873' title='bbox 3401 4826 3591 4883; x_wconf 86' lang='lat' dir='ltr'><strong>Eccle-</strong></span> 
     </span>
    </p>
   </div>
   <div class='ocr_carea' id='block_1_114' title="bbox 2103 5001 3589 5075">
    <p class='ocr_par' dir='ltr' id='par_1_114' title="bbox 2103 5001 3589 5075">
     <span class='ocr_line' id='line_1_116' title="bbox 2103 5001 3589 5075; baseline 0.008 -21"><span class='ocrx_word' id='word_1_874' title='bbox 2103 5001 2251 5075; x_wconf 37' lang='lat'><strong>(76)‘</strong></span> <span class='ocrx_word' id='word_1_875' title='bbox 2278 5002 2450 5075; x_wconf 59' lang='lat' dir='ltr'><strong>Magis</strong></span> <span class='ocrx_word' id='word_1_876' title='bbox 2487 5020 2647 5073; x_wconf 86' lang='lat' dir='ltr'><strong>quam</strong></span> <span class='ocrx_word' id='word_1_877' title='bbox 2689 5005 2899 5075; x_wconf 75' lang='lat' dir='ltr'><strong>pisces._</strong></span> <span class='ocrx_word' id='word_1_878' title='bbox 2931 5003 3296 5061; x_wconf 75' lang='lat' dir='ltr'><strong>Provetliialis</strong></span> <span class='ocrx_word' id='word_1_879' title='bbox 3353 5011 3589 5075; x_wconf 86' lang='lat' dir='ltr'><strong>locutio,</strong></span> 
     </span>
    </p>
   </div>
   <div class='ocr_carea' id='block_1_115' title="bbox 2028 5071 3376 5143">
    <p class='ocr_par' dir='ltr' id='par_1_115' title="bbox 2028 5071 3376 5143">
     <span class='ocr_line' id='line_1_117' title="bbox 2028 5071 3376 5143; baseline 0.004 -19"><span class='ocrx_word' id='word_1_880' title='bbox 2028 5085 2197 5143; x_wconf 4' lang='lat' dir='ltr'><strong>quam,</strong></span> <span class='ocrx_word' id='word_1_881' title='bbox 2224 5071 2407 5143; x_wconf 62' lang='lat' dir='ltr'><strong>Pollux</strong></span> <span class='ocrx_word' id='word_1_882' title='bbox 2436 5071 2652 5141; x_wconf 81' lang='lat' dir='ltr'><strong>quoque</strong></span> <span class='ocrx_word' id='word_1_883' title='bbox 2693 5073 2981 5143; x_wconf 86' lang='lat' dir='ltr'><strong>habetlib.</strong></span> <span class='ocrx_word' id='word_1_884' title='bbox 3024 5092 3097 5137; x_wconf 79' lang='grc' dir='ltr'><strong>νι,</strong></span> <span class='ocrx_word' id='word_1_885' title='bbox 3129 5093 3252 5143; x_wconf 77' lang='lat' dir='ltr'><strong>cap.</strong></span> <span class='ocrx_word' id='word_1_886' title='bbox 3286 5079 3376 5133; x_wconf 72' lang='grc'><strong>54.</strong></span> 
     </span>
    </p>
   </div>
   <div class='ocr_carea' id='block_1_116' title="bbox 2099 5140 3593 5263">
    <p class='ocr_par' dir='ltr' id='par_1_116' title="bbox 2099 5140 3593 5263">
     <span class='ocr_line' id='line_1_118' title="bbox 2099 5140 3593 5263; baseline 0.008 -71"><span class='ocrx_word' id='word_1_887' title='bbox 2099 5140 2615 5263; x_wconf 51' lang='grc' dir='ltr'><strong>(ῚἸέὃλΙὶΙιί.Εριιοε.</strong></span> <span class='ocrx_word' id='word_1_888' title='bbox 2656 5159 2735 5205; x_wconf 90' lang='grc' dir='ltr'>ιιι,</span> <span class='ocrx_word' id='word_1_889' title='bbox 2777 5145 2831 5212; x_wconf 88' lang='grc'>8,</span> <span class='ocrx_word' id='word_1_890' title='bbox 2857 5142 2890 5196; x_wconf 88' lang='lat'><strong>9</strong></span> <span class='ocrx_word' id='word_1_891' title='bbox 2917 5157 2972 5197; x_wconf 81' lang='lat' dir='ltr'><strong>et</strong></span> <span class='ocrx_word' id='word_1_892' title='bbox 3013 5147 3098 5200; x_wconf 80' lang='grc'><strong>10.</strong></span> <span class='ocrx_word' id='word_1_893' title='bbox 3132 5140 3262 5201; x_wconf 82' lang='lat' dir='ltr'><strong>Vide</strong></span> <span class='ocrx_word' id='word_1_894' title='bbox 3286 5160 3395 5203; x_wconf 93' lang='lat' dir='ltr'><strong>not.</strong></span> <span class='ocrx_word' id='word_1_895' title='bbox 3436 5152 3501 5203; x_wconf 87' lang='lat' dir='ltr'><strong>l0</strong></span> <span class='ocrx_word' id='word_1_896' title='bbox 3527 5152 3593 5204; x_wconf 89' lang='lat' dir='ltr'><strong>ad</strong></span> 
     </span>
     <span class='ocr_line' id='line_1_119' title="bbox 2101 5228 2429 5263; baseline -0.012 0"><span class='ocrx_word' id='word_1_897' title='bbox 2101 5228 2147 5263; x_wconf 81' lang='grc' dir='ltr'>ιι.</span> <span class='ocrx_word' id='word_1_898' title='bbox 2255 5253 2265 5263; x_wconf 94' lang='grc'><em>.</em></span> <span class='ocrx_word' id='word_1_899' title='bbox 2428 5256 2429 5259; x_wconf 44' lang='grc' dir='ltr'><strong>η</strong></span> 
     </span>
    </p>
   </div>
   <div class='ocr_carea' id='block_1_117' title="bbox 2064 5225 2429 5265">
    <p class='ocr_par' dir='ltr' id='par_1_117' title="bbox 2064 5225 2429 5265">
     <span class='ocr_line' id='line_1_120' title="bbox 2064 5225 2429 5265; baseline -0.011 -2"><span class='ocrx_word' id='word_1_900' title='bbox 2064 5225 2147 5265; x_wconf 77' lang='lat' dir='ltr'><strong>au.</strong></span> <span class='ocrx_word' id='word_1_901' title='bbox 2178 5225 2265 5265; x_wconf 67' lang='lat'><strong>&#39;25.</strong></span> <span class='ocrx_word' id='word_1_902' title='bbox 2428 5256 2429 5259; x_wconf 47' lang='grc' dir='ltr'><strong>η</strong></span> 
     </span>
    </p>
   </div>
   <div class='ocr_carea' id='block_1_118' title="bbox 2027 5224 3592 5356">
    <p class='ocr_par' dir='ltr' id='par_1_118' title="bbox 2027 5224 3592 5356">
     <span class='ocr_line' id='line_1_121' title="bbox 2027 5224 3592 5356; baseline -0.005 -21"><span class='ocrx_word' id='word_1_903' title='bbox 2027 5224 2909 5356; x_wconf 37' lang='grc' dir='ltr'><strong>1ἶωὲῖὧδὐἰηζιηιαιίο.μὶιξιιιίξειιιιιδ</strong></span> <span class='ocrx_word' id='word_1_904' title='bbox 2942 5283 3213 5356; x_wconf 85' lang='lat' dir='ltr'><strong>interpres</strong></span> <span class='ocrx_word' id='word_1_905' title='bbox 3255 5286 3381 5356; x_wconf 66' lang='lat' dir='ltr'><strong>iu‘gll</strong></span> <span class='ocrx_word' id='word_1_906' title='bbox 3411 5300 3467 5339; x_wconf 83' lang='grc' dir='ltr'><strong>ιιι</strong></span> <span class='ocrx_word' id='word_1_907' title='bbox 3501 5295 3592 5339; x_wconf 82' lang='grc' dir='ltr'><strong>υ.-</strong></span> 
     </span>
    </p>
   </div>
   <div class='ocr_carea' id='block_1_119' title="bbox 2032 5350 3592 5429">
    <p class='ocr_par' dir='ltr' id='par_1_119' title="bbox 2032 5350 3592 5429">
     <span class='ocr_line' id='line_1_122' title="bbox 2032 5350 3592 5429; baseline 0.006 -27"><span class='ocrx_word' id='word_1_908' title='bbox 2032 5350 2240 5419; x_wconf 83' lang='lat' dir='ltr'><strong>dymus.</strong></span> <span class='ocrx_word' id='word_1_909' title='bbox 2273 5351 2547 5429; x_wconf 76' lang='lat' dir='ltr'><strong>At_Gra:ca</strong></span> <span class='ocrx_word' id='word_1_910' title='bbox 2571 5352 2735 5406; x_wconf 82' lang='lat' dir='ltr'><strong>editio</strong></span> <span class='ocrx_word' id='word_1_911' title='bbox 2760 5350 2917 5407; x_wconf 84' lang='lat' dir='ltr'><strong>habet</strong></span> <span class='ocrx_word' id='word_1_912' title='bbox 2961 5371 2975 5405; x_wconf 92' lang='lat'><strong>:</strong></span> <span class='ocrx_word' id='word_1_913' title='bbox 3009 5350 3351 5424; x_wconf 42' lang='lat' dir='ltr'><strong>ﬂictvwvlav,</strong></span> <span class='ocrx_word' id='word_1_914' title='bbox 3381 5358 3431 5410; x_wconf 86' lang='lat' dir='ltr'><strong>id</strong></span> <span class='ocrx_word' id='word_1_915' title='bbox 3471 5366 3554 5410; x_wconf 82' lang='lat' dir='ltr'><strong>est</strong></span> <span class='ocrx_word' id='word_1_916' title='bbox 3575 5398 3592 5422; x_wconf 93' lang='lat'><strong>,</strong></span> 
     </span>
    </p>
   </div>
   <div class='ocr_carea' id='block_1_120' title="bbox 2034 5434 2478 5473">
    <p class='ocr_par' dir='ltr' id='par_1_120' title="bbox 2034 5434 2478 5473">
     <span class='ocr_line' id='line_1_123' title="bbox 2034 5434 2478 5473; baseline 0.005 -4"><span class='ocrx_word' id='word_1_917' title='bbox 2034 5436 2053 5469; x_wconf 75' lang='lat'><strong>¢</strong></span> <span class='ocrx_word' id='word_1_918' title='bbox 2092 5434 2415 5473; x_wconf 77' lang='lat' dir='ltr'><strong>COIIIIIIIIDIO.</strong></span> <span class='ocrx_word' id='word_1_919' title='bbox 2459 5441 2478 5471; x_wconf 72' lang='grc' dir='ltr'><strong>ι</strong></span> 
     </span>
    </p>
   </div>
   <div class='ocr_carea' id='block_1_121' title="bbox 2100 5487 3593 5565">
    <p class='ocr_par' dir='ltr' id='par_1_121' title="bbox 2100 5487 3593 5565">
     <span class='ocr_line' id='line_1_124' title="bbox 2100 5487 3593 5565; baseline 0.005 -24"><span class='ocrx_word' id='word_1_920' title='bbox 2100 5488 2211 5559; x_wconf 87' lang='lat'><strong>(79)</strong></span> <span class='ocrx_word' id='word_1_921' title='bbox 2233 5487 2472 5565; x_wconf 64' lang='lat' dir='ltr'><strong>_Cl:8_flvll.</strong></span> <span class='ocrx_word' id='word_1_922' title='bbox 2511 5489 2696 5565; x_wconf 66' lang='lat' dir='ltr'><strong>Grzega</strong></span> <span class='ocrx_word' id='word_1_923' title='bbox 2726 5491 2890 5565; x_wconf 75' lang='lat' dir='ltr'><strong>editio</strong></span> <span class='ocrx_word' id='word_1_924' title='bbox 2941 5493 3027 5547; x_wconf 90' lang='lat' dir='ltr'><strong>hic</strong></span> <span class='ocrx_word' id='word_1_925' title='bbox 3054 5493 3223 5565; x_wconf 79' lang='lat' dir='ltr'><strong>addit,</strong></span> <span class='ocrx_word' id='word_1_926' title='bbox 3268 5494 3362 5565; x_wconf 5' lang='grc' dir='ltr'>,διὰ</span> <span class='ocrx_word' id='word_1_927' title='bbox 3418 5493 3593 5565; x_wconf 74' lang='grc' dir='ltr'>Ἰησοῦ</span> 
     </span>
    </p>
   </div>
   <div class='ocr_carea' id='block_1_122' title="bbox 2026 5557 3593 5629">
    <p class='ocr_par' dir='ltr' id='par_1_122' title="bbox 2026 5557 3593 5629">
     <span class='ocr_line' id='line_1_125' title="bbox 2026 5557 3593 5629; baseline 0.004 -18"><span class='ocrx_word' id='word_1_928' title='bbox 2026 5557 2286 5629; x_wconf 81' lang='grc' dir='ltr'>Χριστοῦ,</span> <span class='ocrx_word' id='word_1_929' title='bbox 2308 5560 2358 5612; x_wconf 87' lang='lat' dir='ltr'><strong>id</strong></span> <span class='ocrx_word' id='word_1_930' title='bbox 2379 5560 2812 5629; x_wconf 72' lang='lat' dir='ltr'><strong>est,tper.lesum</strong></span> <span class='ocrx_word' id='word_1_931' title='bbox 2834 5562 3126 5616; x_wconf 77' lang='lat' dir='ltr'><strong>Christum.</strong></span> <span class='ocrx_word' id='word_1_932' title='bbox 3142 5562 3277 5619; x_wconf 63' lang='lat' dir='ltr'><strong>pSed</strong></span> <span class='ocrx_word' id='word_1_933' title='bbox 3300 5564 3411 5617; x_wconf 67' lang='lat' dir='ltr'><strong>haec</strong></span> <span class='ocrx_word' id='word_1_934' title='bbox 3428 5557 3593 5618; x_wconf 74' lang='lat' dir='ltr'><strong>verba</strong></span> 
     </span>
    </p>
   </div>
   <div class='ocr_carea' id='block_1_123' title="bbox 2024 5630 3593 5702">
    <p class='ocr_par' dir='ltr' id='par_1_123' title="bbox 2024 5630 3593 5702">
     <span class='ocr_line' id='line_1_126' title="bbox 2024 5630 3593 5702; baseline 0.005 -22"><span class='ocrx_word' id='word_1_935' title='bbox 2024 5630 2246 5702; x_wconf 66' lang='lat' dir='ltr'><strong>omittit,</strong></span> <span class='ocrx_word' id='word_1_936' title='bbox 2298 5639 2492 5702; x_wconf 71' lang='lat' dir='ltr'><strong>praeter</strong></span> <span class='ocrx_word' id='word_1_937' title='bbox 2538 5631 2858 5701; x_wconf 87' lang='lat' dir='ltr'><strong>Didymum,</strong></span> <span class='ocrx_word' id='word_1_938' title='bbox 2910 5632 3064 5701; x_wconf 77' lang='lat' dir='ltr'><strong>Vulg.</strong></span> <span class='ocrx_word' id='word_1_939' title='bbox 3094 5634 3256 5688; x_wconf 89' lang='lat' dir='ltr'><strong>etiam</strong></span> <span class='ocrx_word' id='word_1_940' title='bbox 3308 5633 3593 5702; x_wconf 80' lang='lat' dir='ltr'><strong>interpres.</strong></span> 
     </span>
    </p>
   </div>
   <div class='ocr_carea' id='block_1_124' title="bbox 2028 5697 2556 5771">
    <p class='ocr_par' dir='ltr' id='par_1_124' title="bbox 2028 5697 2556 5771">
     <span class='ocr_line' id='line_1_127' title="bbox 2028 5697 2556 5771; baseline 0 -19"><span class='ocrx_word' id='word_1_941' title='bbox 2028 5697 2163 5754; x_wconf 81' lang='lat' dir='ltr'><strong>Vide</strong></span> <span class='ocrx_word' id='word_1_942' title='bbox 2192 5697 2371 5771; x_wconf 77' lang='lat' dir='ltr'><strong>Segni.</strong></span> <span class='ocrx_word' id='word_1_943' title='bbox 2413 5700 2479 5753; x_wconf 74' lang='lat' dir='ltr'><strong>M</strong></span> <span class='ocrx_word' id='word_1_944' title='bbox 2505 5718 2556 5754; x_wconf 90' lang='lat' dir='ltr'><strong>a.</strong></span> 
     </span>
    </p>
   </div>
   <div class='ocr_carea' id='block_1_125' title="bbox 3206 5854 3282 5915">
    <p class='ocr_par' dir='ltr' id='par_1_125' title="bbox 3206 5854 3282 5915">
     <span class='ocr_line' id='line_1_128' title="bbox 3206 5854 3282 5915; baseline -0.053 0"><span class='ocrx_word' id='word_1_945' title='bbox 3206 5854 3282 5915; x_wconf 83' lang='lat'><strong>19</strong></span> 
     </span>
    </p>
   </div>
  </div>
