4054 6400
549 354 652 410 587

1790 359 2018 414 DlDYMI
2060 362 2531 423 ALEXANDIHNI
3673 376 3762 432 588

539 474 616 528 sia
643 481 855 525 nosmet
909 471 1010 541 ipsi
1056 473 1264 542 sumus)
1313 473 1408 527 Dei
1458 477 1726 544 niugnutia
1777 480 2088 544 perdiscant

2213 483 2461 552 πρᾶγμα.
2497 485 2630 538 Οὐδὲ
2670 487 2778 557 γάρ
2811 489 2856 538 εἰ
2892 488 2980 539 τὸν
3019 488 3153 544 Θεὸν
3185 491 3402 562 Πατέρα
3435 495 3588 560 φαῖεν
3624 499 3765 566 τυχὸν

538 565 711 629 Atque
737 571 795 614 ιιι
841 561 891 616 id
957 562 1131 638 ipsum
1189 564 1518 618 adversariis
1567 569 1991 634 persuadeatur,
2023 568 2109 622 illa

533 652 696 705 etiam
730 649 944 706 efﬁcere
991 663 1240 720 possunt,
1273 654 1698 724 nonnullamque
1735 655 1801 708 ad
1863 657 1967 710 hoc
2001 659 2108 712 vim

534 739 756 802 habere,
808 755 929 810 quae
981 742 1394 798 Colossensibus
1455 746 1674 813 scripsit
1729 747 1779 799 in
1815 747 1960 802 hunc
1990 764 2108 802 mo-

535 829 659 882 dum
690 829 840 900 (80):
874 849 892 882 ι
917 830 1232 901 Mysterium
1280 832 1394 902 (8|)
1445 834 1544 887 hoc
1584 836 1956 890 absconditum
1985 848 2110 893 ante

533 921 750 986 stecula,
781 932 838 976 et
872 937 901 975 a
942 923 1402 992 generationibus,
1431 926 1574 994 quod
1611 942 1754 980 nunc
1787 928 2107 982 manifesta-

535 1018 644 1064 tum
676 1020 760 1066 est
790 1012 995 1067 sanctis
1028 1012 1168 1082 ejus.
1223 1033 1241 1064 ι
1292 1013 1464 1066 Antea
1511 1015 1676 1076 enim,
1714 1015 1907 1084 inquit,
1933 1031 1962 1068 a
1998 1014 2108 1071 Deo

533 1111 742 1156 tantum
799 1105 1252 1174 cognoscebatur.
1303 1105 1566 1160 Praeterea
1624 1106 1727 1160 huc
1777 1107 1943 1162 etiam
1975 1108 2104 1162 illud

532 1191 689 1258 facit,
715 1195 860 1263 quod
897 1196 964 1250 de
993 1194 1082 1259 iis.
1121 1211 1238 1264 qua:
1267 1197 1520 1251 omnibus
1563 1197 1875 1254 hominibus
1905 1200 2106 1253 utilita-

533 1291 637 1336 tem
667 1283 990 1350 attulerunt,
1043 1285 1110 1338 de
1140 1286 1208 1341 iis
1245 1287 1480 1350 scilicet,
1509 1303 1628 1356 qua:
1657 1288 1725 1342 ad
1775 1289 2102 1346 ineﬂ‘abilem

528 1371 962 1429 lncarnationem
998 1387 1268 1446 spectant,
1317 1378 1466 1434 hisce
1495 1379 1607 1448 (82)
1641 1395 1670 1432 a
1709 1379 1871 1435 Petro
1901 1383 2101 1449 verbis,

528 1470 590 1516 ut
620 1474 776 1518 antea
804 1465 1060 1530 diximus,
1093 1467 1442 1535 pra‘dicatum
1492 1468 1591 1522 fuit
1625 1470 1760 1540 (83):
1798 1486 1818 1522 ι
1873 1471 1925 1524 In
1961 1487 2101 1541 (pne,

528 1552 720 1620 inquit,
745 1553 1053 1608 desiderant
1079 1557 1251 1626 angeli
1278 1557 1614 1628 prospicere.
1661 1579 1680 1610 ι
1710 1560 1766 1613 Si
1788 1576 1950 1630 quam
1972 1577 2103 1617 vero

526 1642 768 1697 innatam
796 1645 1158 1714 cognitionem
1188 1649 1453 1703 haberent
1503 1650 1615 1721 (84)
1636 1694 1649 1710 ,
1682 1651 1772 1704 illa
1807 1669 1903 1719 per
1936 1655 2101 1709 rimas

524 1733 714 1788 saltem
771 1740 1079 1807 perspicere
1139 1756 1246 1793 non
1298 1750 1578 1810 Optarent;
1621 1743 1784 1814 193
1814 1748 1909 1799 sed
1973 1748 2098 1814 quia

2214 569 2364 623 ἄλλοι
2390 573 2554 638 τινὲς,
2595 576 2675 628 ὅτι
2723 579 3046 647 χρηματίζει
3083 581 3174 634 καὶ
3207 582 3405 649 ἁγαθός
3436 585 3598 649 ἐστιν,
3639 588 3767 657 ἡμᾶς

2211 661 2274 713 τὺ
2307 664 2544 717 ἐναντίον
2571 666 2752 734 λέγειν
2780 670 3012 739 πρέπον.
3044 673 3196 726 Eiram
3228 690 3280 724 τι
3299 673 3428 743 ὑμῖν
3450 677 3542 728 καὶ
3567 677 3764 748 ἕτερονς

2213 753 2448 807 Βλέπετε
2486 758 2560 827 μὴ
2605 758 2695 812 τὸν
2733 762 3149 830 χρηματίσαντα
3190 764 3270 833 τῷ
3299 765 3662 838 ἑκατοντάρχῃ
3685 770 3766 836 ἄγε

2210 844 2388 912 γελον,
2423 847 2514 899 τὸν
2542 847 2696 917 άγιον
2731 850 2840 904 τῶν
2877 853 3047 921 άγίων
3078 855 3309 926 Σωτῆρα
3341 853 3512 910 εἶπεν.
3559 858 3644 927 Τῷ
3675 859 3766 929 γάρ

2209 936 2434 1007 ὀνόματι
2467 939 2640 1010 τούτῳ
2673 947 3138 1019 προσχρησαμένῃ
3172 947 3657 1018 ἐπικεκρυμμένως
3687 951 3764 1002 σὺν

2209 1030 2448 1099 ἐμφάσει
2503 1033 2672 1104 πολλῇ
2736 1037 2828 1089 καὶ
2877 1036 2998 1110 θείᾳ
3049 1039 3177 1111 περὶ
3234 1041 3396 1094 αὐτοῦ
3459 1043 3695 1110 φαίνεται
3741 1045 3769 1111 ή

2209 1120 2424 1193 Γραφὴ,
2471 1122 2558 1176 διὰ
2607 1124 2671 1176 τὸ
2718 1126 2967 1195 ἀγγεῖλαι
3026 1130 3084 1182 ἐν
3130 1133 3195 1201 τῇ
3233 1133 3513 1203 οἰκονομίᾳ
3553 1132 3624 1194 ὡς
3657 1132 3769 1184 Υίδν

2207 1210 2382 1277 Λόγον
2434 1211 2494 1263 τὸ
2544 1215 2808 1284 πατρικὸν
2860 1215 3125 1287 βούλημα.
3177 1221 3250 1272 Οὐ
3305 1221 3412 1292 γάρ
3468 1217 3618 1275 εἶπεν
3669 1221 3768 1274 ὀνοι

2209 1301 2394 1371 μαστὶ,
2433 1301 2508 1367 ὼς
2537 1303 2694 1356 εῐωθε
2729 1303 2907 1373 λέγειν
2931 1323 2944 1335 ·
2981 1307 3218 1379 Μιχαὴλ,
3254 1309 3511 1380 Γαϐριὴλ,
3538 1311 3593 1380 ἢ,
3623 1312 3650 1363 ὁ
3677 1312 3768 1364 δεῑο

2205 1408 2292 1443 να.
2343 1391 2410 1442 Τί
2459 1391 2638 1445 τοίνυν
2697 1393 2757 1458 ἐξ
2811 1397 3066 1450 ἁπάντων
3123 1400 3230 1452 τῶν
3287 1401 3568 1472 ἡμετέρων
3614 1399 3767 1469 λόγων

2205 1483 2502 1536 αἰτιάσαιτ’
2539 1483 2604 1536 ἄν
2643 1502 2727 1548 τις
2764 1487 3032 1556 εὐλόγωςς
3081 1491 3134 1543 τί
3181 1491 3237 1544 δὲ
3282 1492 3556 1561 μέμψαιτο
3594 1496 3656 1562 τῇ
3685 1491 3766 1543 οῦ-

2203 1572 2442 1642 δαμόθεν
2496 1574 2696 1646 ἐχούσῃ
2740 1576 2802 1628 τὸ
2856 1578 3172 1634 εὐθύνεσθαι
3223 1581 3518 1652 ὁρθοδόξων
3564 1583 3764 1644 πίστεις

2204 1663 2328 1726 πῶς
2362 1663 2418 1715 δὲ
2445 1663 2505 1716 οὐ
2535 1665 2810 1718 πιστεύειν
2835 1667 3004 1735 ἄξιον,
3041 1671 3117 1734 ὡς
3161 1673 3223 1725 τὸ
3252 1673 3405 1741 ἅγιον
3436 1672 3654 1742 Πνεῦμα
3680 1672 3764 1742 βαι

2205 1754 2451 1817 σιλικῶς,
2502 1756 2620 1826 ἦτοι
2671 1757 2886 1823 θεῖκῶς.
2948 1765 3309 1834 χρηματίζει·
3367 1767 3416 1817 οἱ
3477 1764 3521 1817 δ’
3567 1763 3764 1832 ἄγγελοι

523 1836 643 1876 eam
703 1839 807 1879 non
864 1827 1085 1892 habent,
1143 1828 1196 1882 in
1250 1829 1788 1887 vehementissimum
1842 1836 2091 1904 quodam-

2199 1845 2614 1916 λειτουργικῶς,
2661 1849 2823 1918 ητουν
2861 1851 3216 1919 διακονικῶς;
3261 1855 3336 1919 ὡς
3385 1855 3616 1927 χαλεπὸν
3661 1851 3764 1915 οὖν,

523 1916 706 1977 modo,
736 1926 794 1970 ut
829 1917 1097 1984 homines,
1147 1934 1388 1974 amorem
1431 1922 1669 1976 incidunt
1721 1939 1908 1978 eorum
1963 1943 2098 1996 quo-

524 2023 642 2062 rum
661 2011 1020 2079 cognitionem
1041 2013 1258 2081 assequi
1284 2024 1579 2081 nequeunt.
1611 2015 1794 2070 Solent
1817 2020 1960 2071 enim
1980 2037 2098 2088 qua:

525 2100 754 2156 inventu.
781 2102 996 2170 quidem
1057 2103 1234 2158 facilia
1279 2115 1428 2166 sunt.
1481 2107 1655 2160 obiter
1697 2107 1810 2178 (85)
1838 2110 1984 2164 cerni
2044 2123 2098 2166 et

522 2193 761 2263 despici;
789 2208 909 2262 quae
942 2203 1121 2248 autem
1173 2205 1302 2249 sunt
1342 2197 1576 2261 rariora,
1608 2199 1885 2253 mstimari.
1917 2199 2097 2270 Neque

523 2298 652 2338 vero
678 2285 730 2338 id
757 2299 822 2339 ex
876 2285 1095 2355 propria
1129 2289 1486 2356 quorumdam
1538 2291 1813 2345 voluntate
1852 2302 2090 2360 repeten-

523 2377 649 2428 dum
673 2385 781 2438 est,
809 2376 912 2430 sed
966 2391 1032 2430 ex
1085 2379 1358 2432 communi
1392 2378 1504 2450 (86)
1553 2395 1738 2436 eorum
1774 2395 1978 2438 natura:
2010 2401 2096 2438 ra-

526 2465 695 2520 tione.
737 2463 908 2519 Porro
940 2467 1006 2520 de
1059 2468 1312 2521 omnibus
1345 2468 1550 2537 angelis
1583 2471 1633 2524 id
1681 2489 1786 2527 non
1823 2475 1966 2539 dico,
2002 2477 2094 2530 sed

524 2556 590 2610 de
614 2556 935 2626 quibusdam
967 2597 984 2623 ,
1041 2561 1131 2627 qni
1187 2561 1350 2616 veluti
1391 2563 1667 2619 debitores
1697 2575 1841 2629 sunt,
1873 2581 1935 2621 ac
1969 2583 2095 2635 sup-

525 2647 686 2716 plicio
739 2647 959 2703 obnoxii
1012 2649 1146 2719 (87).
1195 2647 1328 2704 Nam
1379 2650 1657 2722 Scriptura
1716 2655 1886 2724 inquit
1931 2673 1944 2686 ·
1991 2658 2090 2710 «δί

523 2740 666 2792 etiim
687 2739 808 2810 (88)
853 2741 1058 2810 angelis
1092 2743 1440 2812 peccantibus
1468 2746 1609 2801 Deus
1658 2763 1760 2802 non
1793 2751 2086 2817 pepercit»

523 2829 803 2897 QuOlliOdO
877 2846 1004 2901 ergo
1067 2833 1308 2888 innatam
1376 2835 1677 2890 futurorum
1731 2841 2091 2908 cognitionem

522 2921 746 2983 habere,
775 2931 867 2974 aut
889 2925 1107 2992 propria
1160 2928 1485 2981 auctoritate
1529 2929 1928 2986 chrematizare
1967 2933 2092 3003 (hoc

520 3022 621 3076 est,
651 3014 852 3067 cautus
885 3015 1190 3085 adntonere)
1241 3026 1467 3086 possunt
1525 3029 1582 3072 ut
1640 3020 1815 3075 Deus?
1863 3023 2014 3088 Quod
2044 3024 2088 3079 si

521 3103 618 3172 ipsi
651 3121 750 3160 nec
771 3107 1050 3160 scientiam
1073 3105 1190 3178 (89)
1247 3122 1313 3161 ex
1369 3111 1568 3179 seipsis
1613 3111 1834 3178 habent,
1891 3131 1990 3170 nec
2021 3111 2094 3169 ex

519 3195 731 3265 propria
782 3206 1048 3265 potestate
1085 3199 1500 3265 chrematizant,
1529 3210 1584 3254 ut
1625 3211 1708 3256 est
1763 3205 1928 3258 etiam
1970 3208 2088 3262 sine

518 3285 619 3337 ulla
652 3287 970 3356 probatione
1000 3303 1096 3354 per
1123 3303 1182 3342 se
1231 3291 1612 3354 manifestum;
1665 3306 1759 3347 vos
1783 3309 1933 3358 vero,
1963 3297 2088 3365 quia

517 3393 678 3431 unum
716 3379 966 3447 idemque
998 3381 1418 3436 cbrematizandi
1473 3384 1701 3437 verbum
1727 3390 2091 3444 communiter

515 3473 582 3523 de
605 3471 808 3538 Spiritu
839 3480 1030 3525 sancto
1072 3483 1126 3525 et
1177 3473 1244 3526 de
1303 3473 1511 3543 angelis
1544 3476 1885 3544 praedicatur,
1913 3481 1980 3532 ad
2007 3497 2091 3537 re-

516 3562 928 3629 ptehensionem
967 3563 1479 3635 accusationemqne
1525 3567 1772 3620 conversi
1795 3569 1928 3623 estis
1951 3571 2084 3642 (90):

517 3658 718 3702 temere
746 3661 800 3703 et
833 3653 1135 3703 inconsulte
1175 3652 1384 3720 egistis,
1431 3669 1496 3708 ac
1528 3653 1661 3706 nihil
1685 3657 1752 3708 ad
1779 3671 1912 3710 rem.
1951 3659 2086 3716 Nam

516 3752 583 3790 ne
605 3738 845 3793 si-Deum
875 3740 1092 3807 quidem
1119 3739 1338 3795 Patrem
1392 3744 1794 3800 chrematizare
1848 3748 1923 3815 (id
1979 3762 2085 3818 est,

514 3833 728 3882 oracula
761 3831 1001 3898 fundere,
1059 3843 1152 3885 aut
1201 3835 1472 3903 revelare),
1531 3844 1585 3888 et
1615 3837 1811 3889 bonum
1833 3853 1954 3895 esse
1990 3843 2089 3896 ali-

513 3919 604 3984 qui
635 3921 724 3972 alii
755 3923 897 3973 lorte
930 3922 1188 3983 dixerint,
1241 3923 1396 3976 decet
1438 3939 1538 3978 nos
1585 3927 1914 3982 contrarium
1947 3931 2089 3986 aﬂir—

515 4023 684 4066 mare.
709 4014 789 4065 An
820 4013 1076 4081 quiddam
1111 4013 1256 4068 aliud
1284 4017 1437 4069 vobis
1466 4016 1682 4070 dicam!
1707 4015 1914 4085 Videte,
1943 4040 2088 4093 qua:-

515 4116 600 4166 so,
629 4119 754 4157 tntm
790 4119 888 4174 per
911 4105 1183 4173 angelum,
1213 4107 1302 4174 qui
1325 4106 1635 4161 centurioni
1654 4109 2081 4182 cltrematizavit,

515 4208 610 4250 seu
634 4197 834 4251 caeleste
862 4213 1164 4264 responsum
1209 4201 1372 4263 dedit,
1398 4198 1634 4255 Sam-tus
1675 4215 2005 4272 sanctorum,
2033 4211 2085 4264 id

513 4299 600 4344 est
654 4290 930 4355 Salvator,
969 4293 1324 4362 signiﬁcetur.
1376 4293 1508 4347 Nam
1542 4295 1649 4348 hoc
1676 4297 1836 4348 etiam
1871 4303 2086 4359 nomine

513 4394 712 4438 arcano
737 4397 901 4440 sensu
951 4385 1117 4438 multa
1155 4401 1276 4440 cum
1309 4388 1553 4455 emphasi
1594 4402 1660 4440 ac
1706 4389 1882 4442 divina
1938 4390 2086 4450 Scri-

2201 1936 2353 1990 καθά
2386 1955 2570 2008 φησιν,
2605 1940 2806 1993 οἰάκων
2839 1941 3079 2011 ἔχεσθαι,
3121 1947 3228 2016 ὅτῳ
3260 1947 3656 2018 κυϐερνητικῆς
3679 1947 3763 2015 οὐχ

2201 2028 2469 2081 ῦπεστιν’
2503 2028 2644 2081 οῦτω
2677 2031 2913 2100 χαλεπὸν
2950 2035 3042 2087 καὶ
3082 2034 3374 2097 διδάσκειν,
3413 2037 3522 2106 ὅτῳ
3552 2037 3584 2106 η
3619 2035 3762 2104 χάρις

2197 2121 2297 2174 τοῦ
2328 2119 2474 2172 θείου
2513 2119 2852 2189 Πνεύματος,
2887 2124 2920 2193 η
2954 2124 3064 2176 τῶν
3093 2125 3395 2196 ἀνθρώπων
3436 2127 3533 2178 σὺν
3557 2125 3632 2194 τῷ
3668 2125 3754 2176 lla-

2196 2211 2290 2283 τρὶ
2328 2211 2422 2262 καὶ
2458 2208 2535 2279 τῷ
2561 2210 2674 2280 Υίῴ
2704 2211 3041 2283 ἐργαζομένη
3076 2213 3172 2283 τὴν
3217 2216 3509 2284 σωτηρίαν,
3543 2215 3603 2266 ού
3634 2212 3763 2281 πάρα

2197 2321 2373 2363 εστιν,
2419 2300 2543 2353 οῦτε
2591 2302 2739 2356 ἐστὶν
2778 2304 2838 2356 τὸ
2878 2305 3074 2358 εἰδέναι
3125 2307 3224 2377 τὴν
3263 2310 3359 2360 καὶ
3405 2309 3462 2360 ἐν
3493 2309 3602 2369 τοῖς
3639 2307 3760 2358 αἰνί-

2197 2411 2407 2466 γμασιν
2441 2393 2549 2447 τῶν
2584 2395 2780 2462 λογίων
2829 2397 3225 2469 εὑρισκομένην
3249 2398 3332 2469 [91
3373 2398 3431 2471 α]
3460 2397 3760 2466 ἀσφάλειαν.

2197 2484 2294 2538 καὶ
2325 2483 2424 2553 τὴν
2455 2483 2561 2536 ἀπὸ
2597 2484 2696 2554 τῆς
2724 2485 3033 2557 ἐπιστήμης
3069 2486 3175 2540 τῶν
3209 2489 3418 2540 πιστῶν
3449 2487 3655 2556 ἀνδρῶν
3685 2484 3759 2536 δι-

2193 2576 2430 2647 δομένην
2463 2576 2756 2646 ἀπόκρισιν
2784 2594 2797 2607 ο
2833 2579 2928 2631 καὶ
2961 2580 3066 2646 ὅτῳ
3097 2580 3400 2650 ἐριστικῆς,
3445 2580 3539 2634 καὶ
3572 2577 3761 2632 ἁντιλο⁴

2195 2668 2386 2738 γικῆς,
2442 2667 2535 2720 καὶ
2584 2667 2834 2738 ποικίλης
2899 2671 3281 2740 προαιρέσεως
3339 2671 3467 2725 ἄνευ
3515 2671 3614 2723 οῦκ
3657 2668 3760 2720 ἐστι

2193 2761 2358 2828 λόγου
2392 2757 2660 2828 προφορά.
2692 2753 2824 2810 Οἶδα
2859 2759 2916 2812 δὲ
2954 2759 3158 2827 σαφῶς,
3192 2753 3238 2812 ὦ
3262 2760 3568 2831 εὐδόκιμοι,
3599 2759 3685 2812 καὶ
3707 2755 3761 2807 τὸ

2192 2849 2448 2921 οὐράνιον
2476 2847 2590 2914 φῶς
2621 2849 2997 2912 κατοικοῦντες
3027 2849 3246 2917 ἄγγελοι
3273 2850 3366 2904 τοῦ
3399 2850 3560 2916 Θεοῦ,
3587 2850 3760 2915 ὅτιπερ

2191 2942 2384 3011 ὑμεῖς,
2411 2938 2486 3002 ὼς
2522 2937 2801 3009 ἄμεμπτοι
2836 2941 2931 2994 καὶ⁹
2969 2940 3192 2998 τέλειοι.
3224 2942 3323 2993 οῦκ
3351 2939 3649 3012 ἠχθέσθητε
3681 2937 3762 2988 ἐπὶ

2191 3034 2306 3095 τοῖς
2338 3028 2577 3099 λεχθεῖσι
2601 3030 2729 3099 παρ’
2752 3029 2907 3100 ἐμοῦ,
2964 3031 3125 3083 ἕνεκα
3150 3031 3258 3084 τῶν
3286 3034 3438 3085 κατὰ
3466 3031 3564 3102 τὴν
3595 3029 3760 3098 φύσιν,

2191 3126 2254 3178 οῦ
2287 3121 2430 3175 κατὰ
2471 3120 2531 3173 τὸ
2559 3123 2843 3174 ἐπαινετὸν
2871 3126 2966 3194 τῆς
2994 3122 3238 3193 γνώμης,
3270 3124 3479 3194 ὁμοίων
3511 3125 3636 3194 ὑμῖν
3676 3121 3763 3185 ἀγ.

2191 3215 2368 3286 γέλων
2394 3230 2407 3244 ⁸
2448 3207 2529 3275 οἷς
2562 3212 2620 3278 ἐξ
2667 3213 2842 3284 ἀρχῆς
2897 3214 3104 3286 μέμψις
3147 3215 3651 3285 παρηκολούθησεν,
3694 3209 3763 3271 ὠς

2192 3309 2289 3362 καὶ
2321 3306 2636 3376 αίρετικοῖς,
2659 3309 2771 3368 τοῖς
2795 3307 2875 3369 είς
2904 3306 3066 3376 μέσον
3091 3307 3335 3374 ἄγουσιν,
3359 3308 3444 3371 ὡς
3465 3307 3563 3359 οὐκ
3590 3302 3760 3373 ἐχρῆν.

2190 3398 2262 3452 τά
2294 3397 2424 3466 ἄρτι
2460 3393 2902 3464 μνημονευθέντα
2922 3412 2934 3424 ·
2960 3395 3152 3457 οἵτινες
3185 3395 3312 3464 ὑμῖν
3338 3396 3583 3466 μάλιστα
3613 3390 3761 3446 ἀπεί·

2193 3487 2348 3543 θανοί
2391 3503 2537 3548 τινες
2566 3486 2700 3556 πρὸς
2727 3486 2818 3538 τὸν
2847 3486 2992 3539 κατὰ
3023 3487 3122 3556 τῆς
3150 3487 3404 3557 ἀληθείας
3439 3486 3624 3556 ἀγῶνα
3651 3479 3762 3550 φαί-

2191 3595 2398 3633 νονται.
2461 3576 2520 3628 Ὀ
2567 3576 2676 3647 γάρ
2725 3577 2880 3645 λόγος
2925 3577 3015 3648 μοί
3047 3579 3198 3630 ἐστιν
3248 3579 3388 3648 ὑπὲρ
3451 3577 3544 3631 τοῦ
3592 3571 3760 3628 θεῖκοῦ

2191 3671 2538 3740 Πνεύματος,
2578 3668 2671 3722 τοῦ
2711 3669 3032 3737 φωτίζοντος
3059 3669 3296 3730 ἅπαντα,
3331 3671 3431 3723 καὶ
3464 3670 3759 3740 φιλοτιμου-

2194 3764 2364 3835 μένου
2399 3759 2469 3813 τά
2503 3759 2658 3812 θεῐκὰ
2703 3762 2815 3823 τοῖς
2850 3761 3107 3830 κτίσμασι
3130 3775 3145 3789 ⁸
3180 3761 3273 3814 τοῦ
3305 3763 3525 3834 [ἰατρὸς
3557 3757 3646 3812 καὶ
3674 3751 3759 3807 τοῦ

2189 3849 2534 3920 Μονογενοῦς
2575 3850 2739 3903 αὐτοῦ
2789 3851 3097 3922 ἐφάμιλλα,
3155 3853 3248 3904 τοῦ
3301 3853 3630 3922 άγιάσαντος
3676 3843 3757 3899 καὶ

2190 3948 2363 4020 ὑμᾶς,
2394 3943 2488 3996 καὶ
2525 3942 2977 4013 συνδοξαζομένου
3013 3945 3142 4016 παρ’
3181 3944 3358 4014 ὑμῶν,
3394 3946 3516 4017 ἅμα
3551 3942 3628 4012 τῷ
3655 3940 3758 3992 Πα-

2187 4040 2281 4112 τρὶ
2303 4078 2321 4104 ,
2347 4035 2442 4089 καὶ
2475 4033 2552 4104 τῷ
2590 4034 2726 4105 Υίῷ,
2774 4035 2862 4089 διὰ
2897 4035 2992 4088 τοῦ
3032 4037 3318 4106 τρισαγίου
3352 4038 3527 4091 αἴνου.
3561 4030 3755 4090 Mallet

2186 4133 2244 4186 δὲ
2284 4128 2379 4184 καὶ
2411 4127 2875 4189 συνεπενεύσατε,
2926 4128 3150 4198 Πνεῦμα
3191 4128 3348 4182 τοῦτο
3396 4131 3496 4201 τῆς
3540 4120 3754 4180 ὑποστάο

2189 4238 2334 4285 σεως
2374 4217 2470 4271 τοῦ
2498 4216 2634 4270 Θεοῦ
2675 4217 2754 4280 ἐν,
2784 4220 2878 4272 καὶ
2910 4220 3088 4288 μόνον.
3142 4221 3238 4272 καὶ
3287 4220 3418 4274 θεὸν
3451 4213 3754 4286 άνευφημή·

2188 4313 2348 4372 σαντί
2391 4327 2513 4380 μοι’
2551 4310 2646 4362 καὶ¹
2682 4310 2971 4363 ἐϐούλεσθε
3008 4311 3072 4362 ἂν
3113 4312 3253 4380 τάχα
3281 4308 3674 4383 (πανηγυρίζει
3707 4301 3755 4354 δέ

2189 4418 2284 4474 μοι
2333 4399 2394 4450 ἐν
2438 4393 2518 4464 τῷ
2561 4393 2715 4464 μέρει
2747 4394 2920 4466 τούτῳ
2961 4394 3021 4446 τὸ
3063 4393 3313 4463 βιϐλίον),
3355 4396 3420 4449 δι’
3468 4385 3755 4462 ὑπερὸολὴν

511 4481 743 4541 pturam,
770 4476 863 4530 ubi
891 4477 959 4530 de
989 4490 1054 4530 eo
1082 4475 1342 4545 loquitur,
1375 4495 1526 4533 usam
1547 4493 1669 4532 esse
1691 4491 1926 4546 constat,
1956 4501 2082 4554 pro-

2196 4491 2404 4551 εὐνοίας
2455 4484 2627 4554 ὑμῶν,
2662 4486 2761 4555 τῆς
2804 4484 3062 4556 περὶ-τὴν
3109 4486 3312 4556 σεπτὴν
3355 4487 3448 4539 καὶ
3488 4478 3754 4554 ὀμοούσιον

511 4575 693 4629 pterca
752 4571 880 4638 quia
933 4569 980 4622 is
1039 4569 1096 4622 in
1145 4569 1542 4634 incarnatione,
1608 4584 1874 4639 quatenus
1914 4573 2082 4633 Filius

511 4652 766 4728 Verbum,
821 4671 1104 4732 paternam
1165 4663 1494 4720 voluntatem
1546 4663 1794 4734 ἧγγειλε,
1837 4668 1936 4722 hoc
1973 4682 2077 4736 est,

511 4755 854 4806 enuntiavit.
895 4751 1006 4807 Nec
1055 4755 1198 4807 enim
1244 4755 1380 4809 dixit
1437 4757 1789 4820 nominatim,
1844 4769 1904 4812 ut
1941 4763 2082 4818 solet

511 4841 724 4906 dicere,
760 4845 1010 4908 Michael,
1047 4848 1286 4908 Gabriel.
1323 4865 1420 4904 nec
1455 4861 1662 4904 certum
1705 4851 1846 4906 aliud
1889 4853 2078 4921 hujus-

513 4934 656 4986 modi
695 4950 888 4990 nomen
950 4937 1213 4992 adhibuit.
1254 4940 1521 5006 Quidnam
1565 4956 1696 5009 ergo
1754 4943 1806 4996 in
1832 4949 2079 5003 onmibus

513 5021 775 5079 doctrinis
861 5027 1063 5079 nostris
1149 5032 1341 5084 merito
1420 5032 1702 5086 criminari
1751 5037 1911 5107 quis
1983 5053 2076 5110 po-

583 5176 694 5248 (80)
734 5176 804 5248 In
833 5180 972 5248 hunc
1015 5180 1251 5234 modum.
1287 5181 1469 5236 Codex
1532 5183 1774 5248 τοιῶσδε,
1811 5204 1913 5243 non
1948 5207 2076 5245 τιτι-ο

514 5245 764 5322 τοιάσσδεᾲ
792 5247 867 5322 Ita
902 5247 1035 5322 alibi
1077 5250 1237 5322 habet.
1261 5252 1459 5320 τοιῇδε,
1489 5253 1699 5322 τοιῷδε,
1745 5245 1850 5311 etc.
1898 5261 2071 5317 Simili

515 5318 674 5369 modo
698 5314 989 5396 Eschylus
1017 5318 1176 5396 initio
1204 5314 1500 5396 Promethei
1528 5314 1683 5396 uincti
1717 5325 1876 5381 habet
1900 5314 2072 5396 τοιᾶς,

511 5392 565 5435 et
594 5399 733 5439 vers.
765 5384 893 5449 257,
923 5385 1168 5443 τοιῶσδε.
1196 5401 1249 5440 et
1282 5389 1478 5441 similia
1506 5391 1655 5443 alibi.

582 5454 693 5536 (81)
735 5453 1067 5536 Mysterium.
1097 5455 1306 5509 Coloss.
1527 5458 1711 5515 Cra-ca
1735 5464 1897 5536 editio
1921 5469 2079 5536 paulo

510 5519 700 5587 aliter,
731 5519 919 5577 eodem
964 5533 1137 5577 tamen
1164 5540 1346 5577 sensu.
1389 5525 1516 5578 Vide
1547 5543 1713 5591 segni.
1754 5531 1854 5586 H50
1882 5519 1936 5589 οἶ

583 5591 695 5660 (δνξ.)
736 5593 911 5645 Hisce.
943 5593 1124 5660 Codex
1156 5597 1266 5655 τοῖς
1292 5593 1381 5651 δέ,
1419 5610 1514 5660 pro
1548 5598 1738 5651 τοῖσδε.

585 5659 800 5742 (85)-Ῐὲ
839 5677 977 5731 qua'.
1024 5659 1080 5714 lu
1106 5664 1289 5742 prima
1326 5659 1467 5742 Pctr.
1497 5680 1544 5742 _t,
1580 5665 1664 5718 l2.
1713 5667 1845 5724 Viue
1872 5683 1981 5729 uel.
2015 5679 2073 5742 5,

513 5740 634 5809 pag,
678 5731 814 5809 ηιςξῖ
849 5742 1058 5809 ecqua}
1105 5731 1361 5809 Didymus
1424 5731 1584 5809 habet
1627 5745 1969 5800 enarratione
2018 5731 2076 5804 iii

519 5806 735 5860 primam
770 5799 916 5858 Petri
945 5802 1011 5856 ad
1045 5801 1186 5856 hunc
1209 5799 1562 5856 versiculum.

2187 4581 2431 4657 Τριάδα,
2472 4576 2713 4646 ὑμέτερά
2761 4596 2820 4630 τε
2882 4573 3019 4629 εἶναι
3068 4579 3289 4647 ῥήματα
3327 4578 3393 4631 τά
3434 4582 3499 4632 ἐκ
3536 4574 3634 4641 τῆς
3658 4565 3753 4664 τιῦν

2187 4677 2228 4729 Γ
2229 4669 2430 4747 ραφῶν
2483 4666 2720 4730 διανοίας
2769 4667 3026 4738 λεχθέντα
3077 4667 3229 4738 παρὰ
3251 4669 3479 4734 πολλῶν,
3534 4663 3624 4719 καὶ
3671 4663 3758 4710 νῦν

2186 4765 2322 4835 παρ’
2350 4756 2508 4828 ἐμοῦ,
2549 4757 2644 4808 καὶ
2692 4759 2961 4828 μηδέποτε
2999 4759 3208 4828 σιωπὴν
3231 4760 3437 4824 τούτοις
3477 4749 3758 4820 ἐπιϐληοῆ-

2185 4875 2311 4920 ναι,
2345 4851 2444 4903 καὶ
2489 4848 2698 4912 πάντας
2741 4849 2797 4902 δὲ
2849 4850 2973 4913 τοὺς
3022 4850 3341 4919 ἀνθρώπους
3369 4855 3466 4923 τὴν
3507 4851 3615 4904 ἀπὸ
3658 4848 3758 4894 των

2186 4943 2540 5021 πραγμάτων
2575 4941 2769 5010 σχολὴν
2817 4942 3056 5012 δαπανᾷν
3083 4943 3162 5004 εἰς
3195 4942 3452 4995 ὑπόθεσιν
3490 4933 3754 4999 τοιαύτην·

2185 5033 2499 5107 Τοιγαροῦν
2531 5030 2620 5084 διὰ
2649 5032 2825 5096 τοῦτο,
2870 5033 3048 5103 κρίσει
3084 5033 3151 5102 τῇ
3193 5034 3508 5106 ὑπερτάτη,
3543 5030 3606 5081 σὺ
3646 5021 3757 5093 μὲν.

2258 5191 2382 5262 (δι)
2430 5184 2718 5262 Haberent.
2757 5185 2965 5262 βοείοις,
2995 5186 3138 5262 ἕχον.
3170 5187 3310 5262 Lego
3348 5185 3515 5260 εἶχον.

2419 5255 2627 5334 ρὺὶιεν.
2658 5257 2860 5334 (Σιιιίυξ,
3246 5249 3439 5329 “Lego”,

2282 5262 2356 5318 85
2425 5261 2627 5308 Obiter.
2658 5261 2860 5318 (iudex,
2899 5261 2998 5326 τὴν
3027 5261 3221 5320 ἄλλως,
3269 5261 3439 5329 Lego,
3471 5261 3753 5326 τηνάλλως.

2282 5261 2381 5399 8(ίέ
2409 5324 2495 5399 Eg
2509 5325 2793 5399 romanum}.
2815 5325 2942 5393 Leg.
2964 5328 3054 5399 lib.
3073 5325 3153 5399 De
3168 5328 3260 5388 Sp.
3278 5345 3325 5381 ε.
3355 5345 3500 5382 num.
3526 5315 3753 5399 ﬁctio:

2285 5391 2382 5468 87)
2400 5393 2680 5468 _0bnoxii.
2738 5391 2912 5468 Totus
2946 5398 3032 5448 hic
3071 5397 3221 5468 locus
3268 5399 3426 5466 paulo
3465 5391 3758 5465 pet-plexiol‘

2183 5461 2601 5532 esi'iii'Gpeco.
2632 5461 2786 5532 Deest
2819 5461 3050 5518 fortasse
3082 5461 3479 5532 aliqua'dictio.

2283 5538 2381 5606 38)
2424 5530 2669 5606 §i_enii_n.
2713 5530 3316 5606 In__secnnoa_l'etr._n,
3343 5536 3399 5588 4.

2283 5600 2380 5675 39)
2423 5600 2729 5676 ﬁdentium.
2759 5600 2937 5676 Codex
2961 5603 3199 5676 ,_si'cra:rt.
3231 5604 3396 5674 Lego.
3423 5607 3604 5676 ἴσασιῇ
3643 5665 3653 5676 σ
3687 5657 3722 5676 7!

2256 5668 2376 5748 ('90)
2415 5669 2666 5748 _Conversi
2693 5677 2836 5722 estis.
2881 5669 3088 5748 Ludere
3121 5668 3336 5748 videtur:
3375 5679 3426 5728 in
3460 5668 3653 5748 duplici
3681 5668 3750 5713 st-

2180 5737 2537 5825 gniticatione
2569 5750 2754 5792 vocum
2786 5741 3205 5810 κατηγορεῖσθαι
3242 5753 3297 5800 et
3337 5737 3659 5814 κατηγορία.
