4054 6394
1314 361 1403 417 DE
1441 359 1816 417 TRINITATE
1855 357 2058 413 LIBER
2101 349 2482 415 SECUNDUS.

3437 378 3544 437 590

293 475 336 537 ὦ
377 481 502 551 ἅγιε
555 479 797 552 Μιχαὴλ,
848 481 1035 552 ἄρχειν
1076 480 1186 534 τῶν
1241 479 1550 550 ἀσωμάτων
1600 478 1870 550 στρατιῶν

1997 488 2077 533 est
2108 479 2133 531 Ἰ
2201 476 2483 552 ιιιιιηιιίιι
2548 493 2650 550 est,
2710 486 2763 540 in
2826 503 2933 557 quo
2993 492 3414 553 orthodoxorum
3481 501 3547 558 ﬁo

298 574 738 647 προεχειρίσθης,
786 574 882 627 καὶ¹
925 573 1068 647 ζώνῃ
1102 567 1214 627 οἷον
1243 572 1529 645 νοερᾷ[91
1583 572 1636 645 b]
1681 573 1873 643 ἐτιμή-

298 668 418 740 θης,
451 666 546 721 καὶ
569 666 766 720 εὐωδία
800 683 884 728 τις
916 667 1016 737 τῆς
1043 665 1261 720 πάντων
1296 665 1667 737 δεσποζούσης
1700 682 1874 718 πανα-

298 758 428 829 γοῦς
479 758 575 813 καὶ
623 758 967 830 οἰκτίρμονος
997 758 1225 830 Τριάδος
1277 758 1565 830 ὑπάρχεις
1602 759 1668 811 σὺ
1700 757 1788 821 δὲ,
1828 750 1873 809 ὦ

300 852 423 921 ἅγιε
478 850 754 923 Γαϐριὴλ,
816 850 1238 920 διακονήσασθαι
1295 849 1374 920 τῷ
1424 849 1709 921 μυστηρίῳ
1775 849 1875 920 τῆς

299 942 576 1015 ἀφράστου
604 941 935 1012 οἰκονομίας,
966 941 1042 1005 ὡς
1068 941 1339 1012 ἐχέμυθος
1378 942 1473 995 καὶ
1517 940 1727 1004 πιστὸς,
1755 939 1873 1007 ἐξε-

298 1034 485 1106 λέγης·
513 1034 670 1098 ἄλλος
698 1033 755 1087 δέ
781 1032 944 1104 ἄλλῳ,
974 1032 1095 1086 οὐδὲ
1134 1033 1389 1103 αίτήσας,
1430 1030 1693 1103 θεοσδὸτῳ
1718 1031 1877 1102 χαρί-

308 1143 472 1197 σματι
488 1126 778 1197 τετίμηται
798 1166 812 1188 ,
840 1126 938 1196 οἴῳ
966 1125 1040 1196 μὴ
1070 1125 1166 1179 καὶ
1191 1125 1392 1198 ἐτεροι,
1417 1126 1512 1179 καὶ
1543 1126 1641 1196 οἵῳ
1674 1124 1749 1195 μὴ
1783 1124 1878 1178 καὶ

309 1219 498 1289 ἡμεῖς·
524 1216 661 1271 ἀλλά
687 1218 782 1271 καὶ
811 1218 1012 1287 ἡμεῖς,
1049 1217 1146 1286 οἴῳ
1188 1216 1262 1288 μὴ
1301 1217 1396 1271 καὶ
1434 1217 1610 1288 ὑμεῖς.
1669 1218 1729 1271 'O
1768 1216 1878 1288 γὰρ

309 1307 439 1370 Θεὸς
474 1306 679 1375 Λόγος,
724 1307 785 1360 οὐ
840 1306 930 1360 διὰ
971 1307 1097 1371 τοὺς
1139 1308 1564 1380 ἁμαρτήσαντας
1612 1306 1879 1377 ἀγγέλους

308 1397 557 1467 ἄγγελος,
597 1396 734 1452 ἀλλά
766 1397 853 1451 διὰ
890 1398 1016 1461 τοὺς
1054 1399 1113 1451 ἐν
1151 1398 1397 1471 ἁμαρτίᾳ
1425 1398 1745 1470 ἀνθρώπους
1785 1398 1880 1453 άν-

308 1487 544 1559 θρωπος,
568 1487 859 1560 ἄτρεπτος,
886 1488 1239 1560 ἀσυγχύτως,
1266 1491 1686 1563 ἀναμαρτήτως,
1702 1493 1882 1564 ἀφρά-

309 1595 470 1641 στως,
491 1577 567 1642 ὡς
599 1574 711 1632 οἶδε
735 1580 831 1632 καὶ¹
857 1578 1160 1653 ⁴ἠϐουλήθη,
1197 1582 1263 1634 ἐκ
1301 1581 1402 1652 τῆς
1432 1582 1709 1654 Παρθένου
1733 1626 1747 1648 ,
1785 1585 1881 1638 καὶ

303 1669 449 1726 κατά
477 1670 572 1742 τὴν
616 1670 794 1742 σάρκα
836 1672 1007 1742 αὐτῆς
1051 1673 1146 1727 καὶ
1185 1672 1404 1728 πάντων
1432 1676 1464 1746 ή
1475 1674 1590 1745 μῶν
1642 1676 1878 1745 ἐγένετο,

301 1762 500 1834 μείνας
556 1760 586 1815 ὃ
628 1756 717 1834 ἦν,
762 1762 857 1817 καὶ
893 1762 1031 1827 ἐστι,
1072 1762 1166 1818 καὶ
1223 1763 1396 1831 ἔσται,
1437 1760 1519 1830 εἷς
1566 1766 1659 1821 κα)⁸
1705 1767 1735 1820 ὁ
1785 1768 1879 1822 αὐ-

305 1853 420 1914 τός.
466 1870 487 1905 ι
514 1847 611 1916 Εἷς
648 1852 776 1925 γὰρ,
842 1853 1028 1925 φησὶν,
1090 1853 1262 1922 ἅγιος,
1308 1852 1389 1920 εἷς
1424 1855 1629 1929 Κύριος
1680 1858 1884 1929 Ἰησοῦς

306 1944 580 2017 Χριστὸς,
630 1945 712 2008 είς
767 1944 927 2012 δόξαν
981 1945 1115 1999 Θεοῦ
1174 1948 1407 2020 Πατρός.
1448 1968 1467 2001 ι
1514 1950 1626 2003 Καὶ
1671 1951 1882 2017 οὕτως,

304 2036 384 2100 ὡς
406 2035 515 2091 ἀπὸ
536 2037 639 2107 γῆς
661 2038 740 2100 είς
761 2037 1023 2108 οὐρανοὺς
1044 2035 1233 2110 ἀνέϐη,
1262 2039 1384 2110 ἥξει
1404 2041 1463 2094 τὸ
1486 2040 1756 2113 δεύτερον,
1780 2042 1888 2097 δια-

303 2129 649 2206 κονουμένων
697 2128 847 2200 αὐτῷ
893 2129 1204 2199 ἀγγελικῶν.
1244 2133 1548 2204 εὐδοκίμων
1593 2134 1887 2205 φαλάγγων

312 2222 524 2295 μυρίων
549 2221 845 2295 μυριάδων,
868 2223 963 2277 καὶ
978 2222 1060 2276 ἔτι
1082 2223 1176 2278 καὶ
1201 2229 1379 2296 κρινεῖ
1400 2227 1494 2280 καὶ
1516 2230 1729 2299 ποιήσει
1747 2228 1888 2283 κατὰ

308 2313 409 2386 τὴν
438 2313 844 2386 φιλανθρωπίαν
876 2314 1064 2370 αὐτοῦ.
1092 2315 1185 2370 Διὸ
1211 2317 1350 2387 μετὰ
1388 2316 1488 2381 τὰς
1540 2319 1884 2391 Ἐκκλησίας,

302 2406 408 2461 καὶ
425 2402 564 2486 οἶκοι
588 2405 864 2478 εὐκτήριοι
886 2405 966 2477 τῷ
1005 2405 1146 2478 Θεῷ,
1189 2407 1291 2478 τῆς
1329 2409 1704 2481 προσηγορίας
1735 2408 1888 2481 ὑμῶν

304 2498 611 2572 ἐπώνυμοι,
639 2492 686 2553 ὦ
712 2498 1004 2570 εὐάρεστος
1030 2498 1263 2571 ξυνωρὶς
1291 2499 1669 2571 ἀρχαγγέλων,
1702 2500 1801 2554 οὐκ
1831 2502 1889 2554 ἐν

303 2592 505 2663 μόναις
545 2593 667 2655 ταῖς
701 2590 941 2657 πόλεσιν,
988 2590 1125 2644 ἀλλά
1163 2590 1260 2644 καὶ
1295 2594 1589 2656 στενωποῖς
1622 2591 1730 2664 ἰδίᾳ.
1751 2634 1766 2656 ,
1797 2593 1891 2646 καὶ

304 2684 531 2748 οἰκίαις.
562 2686 655 2737 καὶ
678 2686 869 2755 ἀγροῖς
903 2682 1254 2754 ἱδρύσθησαν,
1277 2686 1489 2755 χρυσῷ,
1515 2684 1609 2739 καὶ
1635 2685 1887 2757 ἀργύρῳ,

308 2772 347 2843 ἦ
382 2771 477 2826 καὶ
510 2771 762 2840 ἐλέφαντι
807 2771 1175 2842 κοσμηθέντες
1197 2789 1212 2804 ’
1248 2772 1392 2827 ίασίν
1432 2791 1492 2827 τε
1531 2776 1581 2828 οἱ
1614 2774 1891 2847 ἄνθρωποι

308 2866 410 2920 καὶ
449 2866 531 2929 είς
571 2863 642 2918 τὰ
680 2864 951 2936 ἀπωτέρω
990 2864 1091 2936 τῆς
1129 2866 1502 2937 ἐνεγκαμένης
1542 2869 1741 2932 αὐτοὺς
1782 2886 1891 2939 χω-

314 2956 413 3030 ρία
442 2956 512 3011 τά
542 2957 732 3028 ἔχοντα
761 2950 870 3012 οἷον
923 2957 999 3021 ὡς
1043 2959 1312 3029 πρυτάνια
1362 2960 1776 3030 ἐπιτευγμάτων
1825 2960 1893 3014 τὰ

313 3050 578 3121 εὐκτήρια
611 3047 1050 3120 προϐεϐλημένα,
1074 3048 1181 3102 οὐκ
1200 3047 1487 3112 ὀκνοῦντες
1522 3051 1617 3104 καὶ
1657 3050 1892 3120 πέλαγος

1974 568 2139 632 dem,
2192 570 2348 661 nulla
2410 587 2473 625 «ex
2545 584 2700 643 parte
2736 578 3133 636 emendationis
3182 583 3548 661 indigentem,

1974 656 2234 717 accusare
2281 665 2402 733 quis
2439 668 2646 731 possit?
2685 668 2964 736 Quomodo
3000 683 3180 729 autem
3216 656 3545 737 credendum

1976 768 2081 807 non
2118 754 2243 821 erit,
2317 755 2584 826 Spiritum
2649 760 2871 830 quidem
2928 775 3177 821 sanctum
3237 780 3295 822 ut
3343 769 3544 842 Regem

1976 843 2092 900 sive
2114 855 2172 899 ut
2194 845 2386 909 Deum,
2426 848 2647 918 angelos
2678 865 2809 906 vero
2851 865 2910 907 ut
2944 854 3312 923 administros,
3348 861 3463 916 sive
3490 870 3549 917 ut

1975 932 2231 1000 famulos,
2268 937 2710 996 chrematizare?
2741 941 2894 998 Sicut
2928 958 3057 1015 ergo
3089 947 3300 1005 ditlicile
3353 963 3458 1018 est,
3487 966 3551 1011 ut

1981 1026 2143 1099 199
2170 1028 2353 1094 aiunt,
2400 1039 2458 1085 ut
2502 1031 2861 1101 gubernacula
2907 1045 3084 1092 teneat
3130 1041 3176 1095 is
3224 1042 3313 1111 qui
3356 1046 3553 1113 guber-

1978 1120 2140 1174 nandi
2173 1131 2290 1176 arte
2332 1130 2523 1178 caret:
2556 1124 2629 1179 ita
2670 1125 2882 1183 dillicile
2926 1137 3010 1184 est
3053 1139 3110 1186 ut
3157 1133 3204 1188 is
3233 1135 3423 1192 doceat
3463 1141 3549 1195 cui

1978 1211 2144 1265 divini
2193 1211 2427 1283 Spiritus
2460 1217 2652 1284 gratia,
2694 1233 2814 1287 quae
2852 1220 3129 1278 hominum
3172 1226 3402 1284 salutem
3444 1247 3552 1288 una

1980 1315 2098 1354 cum
2131 1299 2297 1357 Patre
2327 1314 2383 1357 et
2412 1301 2548 1360 Filio
2571 1316 2846 1375 Operatur,
2874 1325 2981 1366 non
3012 1314 3199 1382 adest;
3224 1324 3281 1372 et
3308 1320 3391 1374 cui
3418 1336 3556 1392 pm—

1983 1400 2132 1447 terea
2163 1408 2491 1464 cognoscere
2530 1411 2635 1450 non
2665 1397 2824 1453 datur
2853 1400 3021 1467 illam,
3061 1419 3181 1474 quae
3208 1406 3293 1463 vel
3333 1409 3384 1465 in
3425 1410 3555 1482 ipsis

1982 1483 2285 1538 divinorum
2325 1486 2668 1542 oraculorum
2696 1490 3072 1562 amigmatibus
3105 1496 3397 1565 invenitur,
3433 1516 3557 1556 cer-

1982 1583 2091 1628 tam
2116 1577 2440 1631 sententiam
2468 1587 2629 1648 atque
2660 1580 3178 1653 interpretationem,
3200 1600 3256 1645 et
3274 1604 3415 1658 eam,
3436 1606 3557 1661 quae

1982 1684 2047 1724 ex
2092 1669 2323 1724 scientia
2368 1670 2605 1725 ﬁdelium
2644 1674 2881 1730 virorum
2920 1677 3211 1747 profertur,
3245 1685 3554 1753 responsio-

1985 1773 2142 1826 nem;
2190 1761 2280 1830 qui
2343 1760 2557 1815 demum
2612 1762 2731 1818 siue
2774 1767 3132 1824 contendendi
3179 1779 3235 1825 et
3281 1775 3558 1829 contradi-

1985 1849 2137 1905 cendi
2175 1849 2419 1916 libidine,
2456 1864 2522 1906 ac
2561 1851 2680 1907 sine
2716 1855 2952 1911 versutia
2998 1856 3142 1928 loqui
3182 1861 3375 1917 nescit.
3421 1862 3559 1922 Novi

1986 1952 2163 1995 autem
2208 1942 2432 2011 optime,
2461 1957 2496 1997 o
2540 1943 2747 2017 inclyti,
2776 1961 2842 2002 ac
2884 1948 3160 2005 caelestem
3192 1950 3364 2009 lucem
3401 1956 3557 2013 habi-

1990 2040 2167 2086 tantes
2195 2030 2367 2102 angeli
2399 2030 2516 2095 Dei,
2561 2032 2729 2090 iratos
2758 2036 2888 2091 mihi
2916 2052 3013 2094 vos
3048 2054 3155 2096 non
3202 2057 3342 2111 esse,
3375 2053 3561 2116 utpote

1988 2121 2488 2192 irreprehensibiles
2510 2139 2579 2182 ac
2608 2127 2895 2196 perfectos,
2928 2129 2997 2191 ob
3048 2145 3112 2186 ea
3146 2148 3265 2203 quae
3300 2150 3333 2190 a
3361 2151 3448 2193 me
3475 2138 3560 2193 di-

1989 2226 2074 2269 cta
2109 2225 2235 2270 sunt
2259 2215 2470 2272 illorum
2499 2218 2813 2286 angelorum
2841 2236 3034 2290 causa,
3066 2227 3160 2295 qui
3207 2235 3400 2283 natura
3439 2231 3563 2300 qui-

1989 2309 2110 2364 dem
2143 2309 2297 2365 vobis
2341 2309 2546 2366 similes
2576 2321 2722 2378 sunt,
2773 2313 3024 2371 laudabili
3070 2332 3196 2373 vero
3233 2330 3414 2376 mente
3451 2336 3562 2379 non

1990 2400 2151 2468 item;
2194 2402 2394 2471 quique
2427 2402 2495 2457 ab
2527 2402 2683 2460 initio
2711 2405 3186 2474 reprehensionem
3223 2423 3559 2483 meruerunt,

1989 2491 2130 2547 sicut
2153 2492 2390 2548 haeretici
2423 2494 2610 2559 etiam,
2652 2496 2742 2564 qui
2784 2511 2847 2553 ea
2886 2498 2940 2552 in
2987 2501 3223 2556 medium
3259 2503 3565 2565 inconsulte

1989 2582 2245 2653 afferunt,
2286 2600 2405 2654 quze
2448 2602 2623 2657 nuper
2654 2602 3074 2648 commemorata
3131 2604 3279 2662 sunt,
3319 2611 3566 2669 quosque

1991 2678 2225 2732 maxime
2277 2677 2521 2749 ineptos,
2586 2678 2655 2734 ad
2707 2691 2980 2739 certamen
3035 2692 3221 2742 contra
3281 2689 3564 2748 veritatem

1992 2771 2309 2838 ineundum,
2364 2787 2485 2827 esse
2532 2774 2874 2843 cognoscitis.
2912 2774 3042 2832 Mihi
3070 2776 3215 2831 enim
3263 2793 3443 2836 sermo
3479 2791 3568 2839 est

1992 2878 2090 2933 pro
2121 2864 2304 2920 divino
2338 2863 2565 2935 Spiritu,
2596 2865 2686 2934 qui
2731 2866 2911 2920 omnia
2946 2865 3240 2936 illuminat;
3271 2871 3362 2939 qui
3406 2885 3564 2928 crea-

1996 2954 2133 3010 turis
2164 2953 2368 3020 divina,
2397 2970 2502 3010 non
2528 2970 2685 3011 secus
2718 2973 2782 3011 ac
2806 2959 2972 3012 Pater
2996 2968 3050 3013 et
3078 2956 3396 3029 Unigenitus
3424 2963 3565 3033 ejus,

1995 3049 2253 3119 largitur;
2282 3050 2370 3118 qui
2396 3065 2490 3104 vos
2518 3050 2681 3104 etiam
2712 3050 3100 3119 sanctiﬁcaxit;
3128 3054 3325 3124 quique
3355 3069 3384 3109 a
3414 3057 3568 3112 vobis

313 3138 607 3204 διαλαϐεῖν,
638 3139 712 3211 ἢν
735 3138 866 3203 δέοι,
892 3140 1122 3210 μακρὸν,
1157 3138 1251 3193 καὶ
1288 3139 1499 3194 πολλῶν
1525 3140 1722 3211 ἐφεξῆς
1748 3143 1888 3213 ἡμε-

1994 3155 2089 3210 per
2120 3143 2404 3211 trisagium
2436 3143 2691 3213 hymnum
2722 3158 2828 3198 una
2862 3159 2984 3199 cuin
3021 3144 3185 3201 Patre
3214 3157 3270 3202 et
3296 3147 3435 3204 Filio
3458 3149 3565 3220 glo-

318 3230 429 3302 ρῶν
459 3230 574 3285 ὁδὸν
597 3230 714 3284 ἐσθ’
747 3232 837 3285 ὅτε
865 3232 959 3286 καὶ
1002 3231 1277 3304 ἀργαλέαν
1320 3232 1600 3299 ἐξανύσαι,
1648 3233 1725 3297 ὠς
1772 3250 1891 3287 πει-

315 3320 676 3394 ραθησόμενοι
702 3321 946 3386 πλείονος
977 3322 1189 3387 εὐνοίας
1207 3324 1306 3393 μὲν
1328 3325 1429 3395 τῆς
1447 3325 1576 3396 περὶ
1598 3323 1698 3397 τὴν
1722 3342 1892 3396 πρεσ-

312 3413 468 3468 ϐείαν
488 3414 595 3468 ἀπὸ
620 3414 795 3486 ὐμῶν,
834 3415 1126 3485 μετουσίας
1162 3415 1218 3469 δέ
1246 3416 1344 3488 τῆς
1372 3417 1483 3471 τῶν
1512 3417 1895 3489 φιλοτιμουμέ-

310 3524 422 3562 νων
454 3507 593 3580 ὑπὲρ
629 3507 723 3562 τοῦ
777 3504 836 3562 εὖ
868 3506 962 3580 [92
989 3506 1045 3581 α]
1108 3508 1328 3577 ἀγαθῶν
1374 3509 1526 3582 παρὰ
1584 3508 1678 3562 τοῦ
1732 3507 1889 3562 Θεοῦ.

324 3598 417 3652 Ἐν
465 3598 569 3670 γὰρ
620 3601 743 3663 ταῖς
791 3598 977 3667 ἁγίαις
1025 3599 1196 3654 αὐτοῦ
1246 3601 1593 3672 ἐκκλησίαις,
1645 3600 1739 3654 καὶ
1782 3601 1894 3662 τοῖς

313 3691 645 3763 εὐκτηρίοις,
685 3691 779 3745 καὶ
813 3692 1152 3764 μαρτυρίοις,
1185 3693 1262 3756 ὡς
1306 3693 1365 3747 ἐν
1397 3693 1579 3758 ἄλλοις
1622 3692 1892 3764 οὐρανοῖς,

310 3784 386 3838 τά
414 3784 739 3838 ἀνέκλειπτα
786 3782 950 3837 αὐτοῦ
988 3783 1297 3856 προῦθηκεν
1328 3785 1537 3855 ἀγαθάο
1580 3785 1672 3839 καὶ
1697 3786 1788 3855 ἀφ’
1819 3778 1895 3839 ὧν

312 3872 469 3941 οὗτος
502 3876 667 3942 αὐτὸς
707 3878 736 3931 ό
780 3876 1043 3940 Βασιλεὺς
1068 3876 1177 3930 τῶν
1212 3876 1623 3948 βασιλευόντων,
1656 3879 1750 3932 καὶ
1782 3878 1895 3931 Κύ-

315 3985 435 4040 ριος
456 3966 571 4021 τῶν
598 3966 979 4038 κυριευόντων,
1038 3966 1243 4021 δέδωκέ
1279 3985 1340 4021 τε
1381 3969 1473 4022 καὶ
1516 3968 1788 4042 ὁσημέραι
1816 3968 1897 4023 δί-

310 4061 479 4114 δωσιν
525 4060 805 4127 ’ἐκάστοις,
863 4059 972 4114 ἀπὺ
1011 4058 1237 4125 τούτων,
1288 4061 1530 4126 εὐσεϐῶς
1582 4062 1677 4116 καὶ
1732 4063 1895 4126 ὁσίως

314 4151 798 4223 προσφερομένην,
856 4152 1066 4223 δέχεται
1124 4153 1457 4224 ἀναίμακτον
1524 4153 1747 4219 θυσίαν,
1804 4156 1897 4208 καὶ

316 4245 500 4298 πάντα
542 4243 654 4316 εχει
693 4245 763 4299 τὰ
790 4246 944 4317 παρά
964 4245 1268 4319 ἀνθρώπων
1298 4246 1457 4319 γέρα.
1489 4246 1716 4318 Νομίζω
1736 4248 1793 4301 δὲ
1816 4250 1896 4312 είς

316 4336 390 4390 τὰ
424 4335 562 4389 κατὰ
593 4336 900 4408 αἲρετικῶν,
930 4338 1025 4392 καὶ
1055 4341 1134 4402 είς
1169 4337 1238 4391 τά
1285 4339 1413 4411 περὶ
1463 4339 1757 4409 θεολογίας,
1798 4340 1896 4394 καὶ

314 4430 390 4483 τὰ
422 4428 589 4497 ἄλογα
616 4428 751 4494 ζῶα,
783 4429 1041 4500 μενοῦνγε
1063 4431 1188 4494 τοὺς
1218 4430 1399 4493 λίθους
1424 4431 1640 4495 αὐτοὺς,
1664 4434 1729 4503 τῇ
1758 4449 1894 4503 προ-

1995 3233 2257 3290 riilcatur.
2306 3234 2412 3289 Sed
2457 3235 2586 3290 mihi
2628 3237 2810 3304 potius
2843 3234 3104 3305 Spiritum
3138 3239 3280 3296 hunc
3313 3242 3566 3312 hyposta-

1993 3326 2067 3381 sis
2091 3324 2190 3379 Dei
2225 3341 2391 3380 unum
2440 3336 2496 3381 et
2539 3326 2736 3388 solum,
2777 3337 2833 3382 et
2868 3328 3034 3382 Deum
3075 3330 3399 3398 praedicandi
3437 3346 3566 3389 con-

1992 3417 2238 3473 sensistis
2270 3434 2285 3472 :
2314 3433 2378 3472 ac
2405 3418 2638 3472 fortasse
2669 3418 2740 3472 ob
2776 3419 3120 3475 immodicum
3162 3431 3404 3479 vestrum
3438 3440 3564 3497 erga

1994 3514 2279 3573 augustam
2336 3514 2389 3559 et
2430 3505 2941 3561 consubstantialem
2973 3506 3293 3566 Trinitatem
3324 3528 3564 3571 amorem

1990 3592 2150 3667 {mihi
2201 3602 2381 3648 autem
2426 3610 2581 3650 meus
2617 3594 2726 3652 hac
2766 3597 2817 3651 in
2856 3609 3010 3668 parte
3040 3599 3174 3656 liber
3211 3605 3566 3676 panegyricus

1993 3684 2198 3758 evadit]
2229 3695 2404 3740 vestra
2436 3701 2555 3741 esse
2597 3687 2803 3744 veiletis
2845 3691 3031 3753 verba,
3073 3706 3193 3762 qua:
3224 3708 3291 3748 ex
3326 3692 3567 3766 Scriptu-

1998 3782 2177 3833 rarutn
2228 3780 2496 3834 sententia
2537 3797 2565 3834 a
2619 3781 2819 3849 multis,
2867 3791 3029 3851 atque
3063 3784 3114 3839 in
3145 3800 3385 3855 praesens
3415 3803 3448 3844 ιι
3482 3805 3569 3845 me

1995 3868 2137 3924 dicta
2176 3879 2320 3933 sunt,
2364 3877 2426 3923 et
2486 3885 2758 3940 nunquam
2806 3874 2919 3927 haec
2971 3874 3193 3931 silentio
3240 3877 3416 3946 o'brui,
3475 3881 3570 3937 sed

1994 3977 2185 4017 omnes
2223 3961 2490 4029 homines,
2533 3979 2654 4018 cum
2703 3979 2732 4018 a
2773 3966 3002 4035 negotiis
3047 3976 3263 4036 vacant,
3302 3971 3355 4025 in
3402 3971 3570 4028 hocce

1998 4064 2319 4125 argumento
2357 4065 2567 4126 tempus
2597 4057 2911 4127 impendere
2945 4062 3230 4131 exoptatis.
3280 4061 3433 4118 Hanc
3472 4064 3571 4133 igi-

1999 4157 2087 4201 tur
2123 4149 2193 4202 ob
2235 4162 2453 4202 causam
2487 4158 2540 4202 tu
2589 4150 2828 4217 quidem,
2872 4164 2907 4206 o
2946 4164 3133 4208 sancte
3180 4152 3430 4221 Michael,
3477 4171 3571 4211 su-

1995 4254 2184 4309 premo
2203 4239 2413 4311 judicio
2442 4241 2507 4295 ad
2537 4240 2910 4310 imperandum
2950 4243 3285 4314 iucorporeis
3323 4248 3548 4303 exerciti

1996 4331 2097 4387 bus
2150 4332 2374 4396 electus,
2421 4345 2489 4388 ac
2521 4331 2684 4387 veluti
2730 4332 2954 4401 spiritali
2996 4334 3212 4405 cingulo
3254 4336 3570 4394 honestatus

1998 4438 2080 4489 es,
2106 4434 2160 4479 et
2191 4426 2374 4479 suavis
2414 4424 2634 4493 quidam
2677 4425 2813 4478 odor
2841 4424 3057 4479 exsistis
3100 4426 3452 4484 sanctissimae
3486 4444 3570 4484 re-

318 4519 493 4593 θυμίᾳ
524 4520 966 4591 συμφθέγγεσθαι
1008 4523 1159 4593 ἡμῖν.
1198 4522 1262 4575 Τί
1294 4522 1404 4594 γὰρ
1445 4523 1506 4576 οὐ
1548 4525 1736 4576 ποιεῖὸ
1767 4524 1888 4596 περὶ

2001 4532 2117 4571 rum
2160 4517 2401 4571 omnium
2448 4516 2712 4580 dominae,
2763 4525 2818 4570 et
2867 4514 3230 4572 misericordis
3270 4516 3567 4576 Trinitatis.

318 4611 454 4665 Θεὸν
482 4610 649 4685 ἐρωςς
688 4611 722 4683 ἦ
753 4613 859 4666 τίνι
899 4615 1217 4685 παραχωρεῖ
1259 4612 1478 4685 φίλτρον
1531 4613 1729 4686 ἀληθὲς
1760 4632 1894 4687 καρ-

316 4701 466 4767 δίας;
497 4702 642 4754 Ἴστε
671 4700 781 4773 γὰρ
822 4703 941 4768 (σὺν
994 4702 1112 4774 Θεῷ
1145 4702 1201 4756 δέ
1232 4704 1409 4758 πάντα
1442 4704 1723 4776 εἰρήσθω),
1753 4703 1895 4757 οὕτω

322 4793 442 4864 μεθ’
474 4792 632 4863 ὑμῶν
660 4810 722 4846 τε
753 4795 850 4847 καὶ
885 4794 993 4848 τῶν
1028 4796 1093 4847 ἐκ
1124 4797 1222 4865 τῆς
1256 4796 1529 4868 ήμετέρας
1557 4795 1770 4865 φύσεως
1802 4812 1896 4863 γε·

317 4881 557 4950 γονότων
579 4882 748 4950 ἁγίων
778 4883 1188 4954 πρεσϐευόντων
1222 4885 1586 4956 πεπραχέναι,
1619 4886 1695 4949 ὼς
1725 4886 1894 4957 μηδέ-

317 4990 390 5028 να
420 4991 529 5036 ται),
558 4974 720 5046 μέχρι
748 4976 843 5029 καὶ
878 4977 1137 5047 τήμερον,
1163 4972 1274 5030 οἷον
1319 4976 1475 5047 δίκην
1507 4977 1631 5030 τινά
1678 4995 1769 5048 μοι
1798 4977 1892 5030 καὶ

317 5065 659 5136 κακηγορίας
680 5065 898 5121 ἑλέσθαι
925 5067 1111 5139 λαχεῖν
1157 5069 1298 5140 ὑπὲρ
1351 5068 1505 5139 ὑμῶν
1547 5069 1656 5122 τῶν
1692 5070 1895 5139 ἡμετέ-

319 5173 434 5229 ρων
460 5155 760 5226 πρέσϐεων,
794 5157 902 5212 τῶν
937 5161 1101 5230 τιμὰς
1128 5159 1223 5223 τὰς
1266 5160 1402 5231 πρὸς
1424 5160 1484 5214 τὺ
1509 5161 1706 5232 μέτρον
1740 5159 1896 5231 ὑμῶν

317 5248 479 5320 παρὰ
506 5248 670 5303 πᾶσιν
690 5248 977 5321 ’ἐχόντων’
1012 5252 1147 5323 μηδέ
1190 5253 1412 5323 ὀνόματι
1457 5252 1683 5306 καλέσαι
1716 5269 1783 5323 με
1812 5254 1893 5315 είς

314 5340 509 5410 ἀγῶνα
533 5340 626 5396 τὸν
645 5343 774 5414 περὶ
799 5343 1013 5410 τούτου,
1040 5344 1135 5399 καὶ
1154 5345 1354 5416 κρίσιν,
1382 5344 1556 5399 καίτοι
1574 5345 1898 5416 εὑρισκομέ-

311 5452 424 5487 νων
441 5432 555 5486 τῶν
576 5433 647 5487 τά
683 5434 758 5507 μὴ
786 5435 916 5489 ὂντα
936 5436 1385 5509 κατηγορούντων
1404 5453 1418 5468 ·
1448 5437 1586 5491 ἀλλά
1615 5437 1751 5508 μηδέ
1779 5453 1899 5490 τινα

309 5527 646 5598 πειραθῆναι
697 5527 966 5597 διελέγξαι
1002 5545 1095 5600 με,
1120 5528 1199 5592 ὡς
1249 5528 1370 5599 εἴην
1416 5527 1609 5597 λόγους
1659 5526 1900 5590 ἀκούσας

386 5686 501 5757 (91)
548 5684 793 5757 Legatus.
846 5682 1113 5749 Lucianus
1159 5697 1374 5757 quoque
1415 5682 1893 5757 verbo_8ia>iovei-

314 5752 442 5810 σθαι
482 5752 648 5811 simili
695 5756 808 5809 tere
838 5770 996 5809 sensu
1033 5769 1161 5809 usus
1178 5752 1400 5807 videtur
1445 5755 1497 5807 in
1540 5752 1778 5822 Dialogis
1814 5753 1898 5819 [a-

316 5828 515 5883 bulou's
537 5827 770 5891 selectis,
792 5824 1012 5895 Dialogo
1044 5839 1104 5887 ιι,
1133 5840 1252 5895 pag.
1281 5822 1390 5892 66;
1419 5838 1541 5878 nam
1569 5820 1877 5879 Mercurio--

1998 4609 2078 4663 Tu
2121 4624 2267 4672 vero,
2322 4625 2354 4663 ο
2386 4617 2571 4662 sancte
2614 4606 2852 4672 Gabriel,
2887 4616 3069 4677 utpote
3114 4610 3295 4663 arcani
3346 4610 3570 4666 tacitur-

2001 4716 2104 4755 nus
2155 4717 2220 4754 ac
2250 4700 2423 4753 lidelis
2462 4707 2664 4761 custos,
2716 4699 2921 4767 legatus
2954 4696 3069 4770 (91)
3112 4700 3177 4752 ad
3207 4701 3567 4768 praestandum

1999 4793 2289 4849 ineﬂ'abilis
2329 4791 2720 4845 incarnationis
2753 4792 3009 4860 mysterio
3045 4791 3405 4845 ministerium
3447 4793 3570 4848 ele-

1999 4894 2121 4938 ctus
2162 4899 2242 4938 es.
2282 4882 2384 4936 Alii
2439 4892 2617 4935 autem
2645 4879 2808 4950 200
2832 4880 2953 4934 aliis
3000 4879 3177 4946 donis,
3205 4882 3360 4935 vobis
3400 4895 3429 4933 a
3458 4880 3571 4937 Deo

2002 4974 2164 5038 datis,
2190 4989 2257 5028 ne
2279 4983 2525 5042 petentes
2549 4972 2788 5041 quidem,
2815 4971 2988 5026 ornati
3017 4972 3186 5037 estis;
3218 4987 3444 5041 quorum
3475 4974 3572 5030 do-

2003 5082 2192 5120 norum
2235 5063 2506 5118 nonnullis
2556 5064 2771 5131 quidem
2822 5063 2910 5117 alii
2960 5064 3227 5119 honestati
3277 5079 3382 5119 non
3421 5075 3570 5131 sunt,

2002 5156 2275 5213 nonnullis
2298 5168 2477 5210 autem
2506 5155 2772 5211 honestati
2812 5171 2917 5209 non
2946 5154 3145 5211 fuimus
3171 5172 3269 5211 nos
3302 5176 3316 5211 :
3349 5157 3442 5212 sed
3472 5173 3572 5214 nos

2002 5264 2218 5318 quoque
2251 5247 2520 5323 nonnullis
2549 5246 2785 5302 decorati
2820 5261 3028 5314 sumus,
3053 5248 3247 5310 quibus
3282 5263 3377 5304 vos
3403 5249 3573 5303 hone-

1999 5344 2126 5399 stati
2172 5358 2278 5398 non
2311 5340 2511 5396 fuistis.
2559 5340 2690 5394 Nam
2729 5339 2868 5394 Deus
2912 5340 3148 5393 Verbum
3201 5355 3304 5393 non
3353 5349 3574 5410 propter

2000 5444 2289 5505 peccantes
2321 5431 2540 5502 angelos
2584 5431 2828 5501 angelus,
2866 5431 2958 5511 sed
2997 5440 3216 5501 propter
3259 5438 3573 5499 peccatores

2001 5511 2480 5589 liomines'homo,
2527 5523 2662 5576 citra
2710 5523 3081 5588 mutationem,
3118 5522 3254 5575 citra
3296 5519 3569 5575 confusio-

2000 5679 2078 5734 ait
2115 5679 2219 5734 diis
2250 5676 2635 5740 διακονεῖσθαι,
2662 5674 2717 5730 id
2738 5685 2841 5743 est,
2860 5683 2919 5730 ut
2941 5689 3040 5745 ego
3070 5674 3417 5744 interpretor,
3445 5670 3571 5729 deo.

2004 5765 2123 5804 rum
2159 5768 2177 5802 ι
2209 5749 2442 5818 legatum
2473 5763 2613 5803 esse.
2651 5764 2670 5796 ι
