4054 6406
538 405 636 461 591

1776 401 2013 456 ΒΙῡῩΜΙ
2053 399 2516 456 ALEXANDRINI

3688 403 3789 458 592

538 537 660 577 nem
690 521 828 595 (92),
878 522 1013 578 citra
1063 535 1366 594 peccatum.
1424 523 1781 587 inell'abiliter,
1827 526 1967 578 sicut
2005 525 2109 593 ipse

2219 525 2364 578 κατὰ
2400 522 2493 576 τοῦ
2541 523 2673 576 Θεοῦ
2708 523 2878 590 Λόγου
2902 524 2994 575 καὶ
3025 522 3116 575 τοῦ
3147 523 3301 590 ἁγίου
3331 522 3669 585 Πνεύματος.
3699 528 3792 578 καὶ

539 613 706 676 novit,
761 623 817 668 et
864 615 1048 682 voluit,
1101 631 1168 670 ex
1211 617 1452 686 Virgine,
1499 629 1551 670 et
1593 633 1714 670 cum
1763 629 1927 670 carne
1963 615 2112 668 carni

539 705 709 773 ipsius
743 703 1004 776 Virginis,
1041 708 1392 777 omniumque
1429 718 1670 762 nostrum
1709 708 1892 771 simili,
1944 707 2114 761 facitis

539 805 644 859 est,
695 811 922 851 manens
980 799 1120 863 quod
1169 808 1307 862 erat,
1352 809 1406 852 et
1451 809 1552 863 est,
1595 807 1649 851 et
1696 798 1816 853 erit.
1861 813 2018 856 unus,
2061 807 2115 850 et

543 887 745 942 idenm
773 885 923 942 Unus
946 888 1056 959 (95)
1085 889 1231 942 enim
1277 889 1527 951 Sanctus.
1590 889 1778 957 inquit.
1821 904 1958 940 unus
2008 889 2113 941 Do—

545 975 725 1030 minus
751 976 910 1031 Jesns
941 977 1188 1031 Christus
1224 980 1274 1032 in
1304 978 1468 1048 gloria
1516 978 1605 1032 Dei
1650 977 1844 1033 Patris.
1875 999 1894 1031 ι
1941 982 2114 1048 Atque

543 1069 620 1121 uti
654 1083 720 1121 ex
759 1077 897 1120 terra
950 1072 1001 1121 in
1045 1070 1210 1124 cados
1247 1071 1508 1126 aseeudii.
1559 1071 1630 1123 ita
1681 1072 1871 1124 iterum
1912 1073 2110 1133 veniet,

543 1157 882 1227 myriadibus
910 1159 1208 1228 myriadum
1244 1159 1566 1229 phalangum
1597 1161 1857 1214 bonorum
1894 1161 2112 1232 angelo-

545 1263 663 1302 rum
692 1249 790 1317 ipsi
821 1249 1236 1304 iuservieniihns
1265 1267 1280 1303 :
1305 1264 1368 1303 ac
1394 1261 1652 1320 praeterea
1687 1259 1797 1302 tum
1817 1250 2106 1320 iudicabit,

545 1351 654 1394 tum
685 1341 978 1410 agetjuxta
1018 1356 1168 1394 suam
1206 1341 1256 1394 iii
1287 1340 1535 1395 homines
1564 1341 1970 1411 benignitatem.
2005 1341 2093 1395 ld-

542 1431 689 1484 cirro
725 1440 846 1498 post
873 1429 1150 1495 ecclesias,
1187 1431 1328 1484 aedes
1357 1431 1518 1484 etiam
1559 1433 1806 1486 oratoria:
1826 1431 1962 1502 (94),
1994 1449 2114 1500 quae

541 1536 570 1574 a
598 1519 766 1585 vobis,
808 1536 840 1573 υ
878 1521 1170 1591 gratiosum
1218 1521 1660 1590 archangelorum
1701 1537 1798 1592 par
1843 1522 1976 1594 (95),
2017 1541 2112 1578 no-

544 1626 663 1665 men
700 1611 920 1674 habent,
955 1612 1060 1666 Deo
1096 1623 1291 1666 erecta:
1318 1611 1430 1682 (96)
1461 1623 1586 1667 sunt
1611 1629 1715 1668 non
1745 1615 1920 1668 solum
1953 1616 2004 1668 in
2035 1617 2113 1671 ci-

541 1702 820 1764 vitatibus,
850 1702 942 1756 sed
988 1711 1042 1756 et
1083 1703 1133 1756 in
1174 1703 1308 1759 vicis
1341 1705 1612 1774 privatim,
1666 1715 1720 1759 et
1752 1707 2021 1770 domibus,
2060 1718 2114 1761 et

539 1792 703 1861 agris,
734 1807 919 1863 eaeque
950 1807 1105 1856 auro,
1138 1805 1194 1849 et
1219 1806 1462 1865 argento,
1493 1805 1586 1849 aut
1623 1797 1786 1850 etiam
1814 1799 1981 1852 ebore
2020 1815 2111 1852 or-

2214 614 2280 667 δι’
2302 613 2435 667 αἰδῶ
2485 614 2646 682 τυχὸν
2746 614 2909 681 φόϐον
2947 613 3039 665 τοῦ
3069 613 3321 680 λέγοντος
3360 614 3669 677 ἐπινεύσας,
3699 616 3793 667 καὶ

2213 707 2280 759 τὰ
2330 706 2404 775 μὴ
2437 705 2577 758 καλὰ
2623 705 2943 766 ἐπαινέσας·
2987 705 3019 774 ἦ
3069 706 3204 768 ὅλως
3253 705 3593 775 ὀλιγωρήσας
3639 708 3790 769 ποτὲ,

2213 797 2306 848 καὶ
2355 799 2412 847 ἐν
2461 794 2701 864 ῥαθυμίᾳ
2748 797 2812 864 τῇ
2853 794 2952 846 οὐκ
3011 794 3240 847 ἐνδέοντι
3294 794 3520 864 θέμενος
3559 795 3622 847 τὸ
3658 795 3794 865 πρὸς

2212 886 2444 957 δύναμιν
2487 883 2910 951 ἀντιτάξασθαι·
2962 885 3221 954 μενοῦνγε
3274 886 3339 938 ἐκ
3398 885 3492 936 τοῦ
3548 885 3792 937 ἐναντίου

2215 978 2380 1047 φάναι
2411 977 2658 1040 πολλοὺς,
2697 977 2774 1038 ὡς
2803 975 2890 1028 ἀεὶ
2922 975 3198 1046 παρῆλθον
3232 974 3447 1038 εὔτονος
3467 975 3564 1029 καὶ
3586 976 3794 1045 ἧρεμος

2212 1074 2291 1134 εἰς
2321 1072 2389 1124 τὰ
2412 1069 2654 1127 τοιαῦτα.
2681 1068 2714 1138 ἢ
2738 1067 2926 1122 δώσων
2953 1067 3126 1138 δίκην,
3165 1067 3198 1137 ῆ
3232 1068 3555 1138 ληψόμενος.
3585 1068 3795 1138 Κέρδος

2213 1161 2322 1232 γὰρ
2353 1162 2606 1231 μέγιστον
2638 1161 2730 1212 καὶ
2761 1158 2977 1212 αἰώνιον
3001 1157 3260 1226 ἐμαυτοῦ,
3289 1159 3380 1211 καὶ
3402 1157 3512 1211 τῶν
3545 1158 3604 1225 ἐξ
3635 1159 3793 1228 ἐμοῦ,

2213 1253 2308 1306 καὶ
2337 1253 2444 1305 τῶν
2492 1255 2587 1305 σὺν
2629 1253 2720 1320 (1ιὲ
2753 1249 2806 1321 b]
2845 1251 2974 1320 ἡμῖν
3021 1249 3259 1320 ἡγοῦμαι
3297 1250 3498 1313 καλῶς,
3528 1251 3589 1302 τὸ
3620 1251 3796 1303 πάντα

2216 1345 2395 1407 πόνον,
2429 1343 2694 1414 εῑδεήσοι,
2721 1342 2814 1394 καὶ
2846 1340 3088 1393 κίνδυνον
3111 1341 3324 1394 ἑλέσθαι
3354 1343 3496 1413 ὑπὲρ
3512 1342 3607 1395 τοῦ
3635 1345 3794 1414 ποιή-

2215 1449 2408 1496 σαντος
2437 1434 2586 1502 ἡμᾶς
2603 1432 2698 1485 καὶ
2723 1429 3006 1494 σώζοντος,
3026 1431 3120 1483 καὶ
3139 1434 3340 1502 κρῖναι,
3374 1433 3467 1484 καὶ
3499 1433 3798 1503 φιλανθρωο

2214 1525 2513 1578 πεύσασθαι
2534 1523 2696 1576 αὑτοῦ
2713 1524 2875 1575 ἕνεκα
2897 1523 3111 1591 ἔχοντος
3141 1523 3374 1595 Πατρὺς,
3409 1525 3504 1576 καὶ
3523 1523 3677 1579 Υἱοῦ.
3700 1525 3796 1577 καὶ

2213 1616 2371 1685 ἁγίου
2401 1615 2736 1685 Πνεύματος,
2771 1614 2983 1676 Εἱδότες
3009 1609 3126 1676 οὖν,
3170 1614 3244 1677 ώς
3287 1616 3530 1667 ἐκλεκτοὶ
3562 1616 3793 1687 λατρευ-

2212 1710 2301 1760 ταὶ
2333 1708 2429 1777 μὲν
2475 1706 2574 1775 τῆς
2614 1704 2895 1773 παναγοῦς
2935 1705 3184 1775 Τριάδος,
3225 1707 3556 1776 πρεσϐευταὶ
3602 1708 3660 1760 δὲ
3700 1707 3794 1760 τοῦ

2213 1799 2516 1868 ἀνθρώπων
2569 1797 2780 1865 γένους,
2843 1797 3008 1867 μηδὲν
3054 1798 3169 1866 μετ’
3204 1797 3392 1865 αὐτὴν,
3441 1799 3540 1868 τὴν
3574 1801 3794 1852 πάντων

537 1895 676 1939 nata:
703 1904 716 1940 :
747 1896 799 1940 et
827 1896 1056 1955 pergunt
1084 1887 1332 1943 homines
1358 1889 1408 1942 in
1444 1889 1556 1942 loca
1589 1889 1751 1943 etiam
1795 1906 1822 1942 a
1864 1891 2105 1960 regione.

2213 1894 2382 1948 αἴτιον
2409 1895 2502 1946 καὶ
2525 1891 2799 1955 ζωοποιδν.
2828 1893 3009 1956 αἰδοῦς
3033 1895 3108 1956 εἰς
3138 1893 3282 1962 ὑμᾶς
3309 1893 3644 1962 ἐλλελεῖεξθαί
3681 1912 3793 1964 μοι,

539 1977 592 2031 in
648 1993 752 2047 qua
795 1977 899 2032 orti
945 1986 1070 2031 sunt
1095 1977 1230 2047 (97),
1276 1977 1484 2046 longius
1518 1978 1730 2038 dissita.
1766 1978 1923 2048 201
1964 1981 2105 2048 quod

538 2068 772 2123 oratoria
818 2067 874 2123 in
922 2069 989 2122 iis
1023 2070 1268 2137 eaposita
1307 2069 1416 2122 sint
1456 2070 1622 2122 veluti
1669 2071 1884 2124 lolldcttl
1929 2082 2109 2141 pryta-

541 2177 638 2217 nea
669 2161 808 2232 (98).
855 2161 1108 2226 curiave,
1141 2162 1192 2214 in
1241 2161 1436 2230 quibus
1475 2159 1580 2214 voti
1625 2173 1899 2229 compotes
1931 2163 2062 2215 linnt
2093 2180 2106 2215 :

543 2270 642 2310 nec
677 2269 770 2309 eos
801 2255 946 2323 piget
971 2253 1188 2322 longum
1235 2266 1472 2321 quoque.
1517 2251 1562 2305 si
1593 2265 1725 2317 opus
1757 2253 1847 2316 sit,
1894 2255 2111 2321 pelagus

545 2346 818 2416 trajicere,
862 2358 924 2398 ac
959 2343 1246 2396 multorum
1279 2343 1530 2410 deinceps
1555 2342 1761 2394 dierum
1798 2343 1919 2406 iter,
1952 2343 2110 2411 idque

545 2435 810 2490 interdum
867 2434 1032 2488 etiam
1086 2431 1296 2488 difﬁcile
1349 2448 1411 2487 ac
1472 2432 1776 2501 molestum,
1827 2435 2105 2504 perlicere,

543 2539 727 2600 utpote
753 2528 1010 2598 majorem
1045 2538 1364 2597 experturos
1401 2544 1430 2581 a
1461 2528 1612 2582 vobis
1642 2529 1694 2582 in
1730 2528 2108 2584 intercedendo

545 2636 644 2687 pro
689 2621 793 2675 illis
831 2620 1282 2686 benevolentiam,
1318 2628 1374 2673 et
1407 2620 1685 2680 bonorum.
1715 2635 1836 2690 quae
1876 2622 2110 2676 maxime

539 2710 784 2767 beneﬁce
824 2709 934 2782 (99)
985 2708 1126 2764 Deus
1173 2710 1450 2781 elargitur,
1501 2707 1772 2778 copiosius
1825 2711 2112 2780 participes

613 2853 725 2924 (92)
765 2850 913 2906 Citra
942 2855 1301 2924 mutationem.
1342 2851 1552 2918 Codex,
1580 2849 1868 2922 ἄτρεπτος.
1905 2851 2112 2922 Legen-

542 2923 668 2978 diiiii
707 2921 918 2991 videtur
952 2921 1256 2991 ἀτρέπτως.

615 2992 726 3064 (95)
767 2990 935 3046 Unus.
970 2990 1425 3064 Quamnvistextus
1466 2990 1588 3054 iste,
1630 3001 1788 3064 prout
1827 2992 1914 3045 hic
1953 2990 2117 3064 afl'er-

542 3059 650 3128 tur,
689 3059 793 3120 non
827 3074 1000 3116 exstet
1044 3063 1097 3114 in
1127 3059 1333 3118 Bibliis.
1381 3069 1556 3113 tamen
1600 3063 1796 3129 saepius
1834 3077 1954 3114 eum
1981 3063 2114 3114 citat

2211 1987 2310 2056 τῆς
2351 1985 2702 2055 ὀφειλομένης
2730 1986 2809 2047 εἰς
2837 1986 2960 2047 τοὺς
2986 1986 3443 2054 συναγορευοντάς
3481 2003 3547 2054 με
3596 1986 3793 2056 ταύτῃ,

2213 2081 2279 2148 τῇ
2313 2075 2629 2147 χορηγούσῃ
2679 2075 3004 2145 ἐνθυμήσεις
3043 2075 3381 2144 καὶψράσεις
3421 2077 3611 2144 σοφὰς,
3655 2077 3794 2146 αὐτῇ

2215 2187 2273 2221 τε
2314 2167 2654 2237 άρεσκούσας
2688 2167 2781 2219 καὶ
2814 2167 2962 2236 ἡμᾶς
3002 2164 3420 2235 εὖεργετούσας·
3466 2165 3659 2218 ἔπειτα
3705 2167 3796 2218 καὶ

2217 2261 2380 2330 ὑμῖν·
2416 2259 2512 2311 καὶ
2567 2257 2805 2327 τοσούτῳ
2852 2257 3146 2318 ιὲπειτα,ι
3203 2257 3312 2326 ὅσῳ
3373 2256 3600 2327 πρέπει,
3655 2255 3796 2326 μετὰ

2211 2351 2310 2420 τὴν
2340 2350 2590 2403 ἄκτιστον
2622 2347 2851 2416 κτιστῆς
2880 2347 3168 2420 εὐπρεπῶς
3202 2346 3560 2417 μνημονεύειν
3579 2347 3796 2415 φύσεως

2210 2444 2481 2506 τάξαντας
2499 2460 2514 2472 ·
2554 2441 2867 2494 ἱκετεύσατε
2905 2441 3083 2502 ἰδικῶς
3111 2440 3249 2510 ὑπὲρ
3277 2439 3412 2510 ἐμοῦ
3473 2441 3567 2493 καὶ
3595 2441 3709 2496 τῶν
3739 2441 3797 2505 ἐξ

2212 2531 2369 2602 ἐμοῦ,
2408 2532 2502 2585 κει)⁸
2538 2533 2633 2584 σὺν
2665 2531 2810 2600 ἐμοὶ,
2843 2531 2935 2585 καὶ
2977 2532 3192 2584 πάντων
3228 2529 3438 2602 (τούτου
3482 2531 3591 2603 γάρ
3630 2532 3796 2585 πλέον

2213 2622 2476 2693 παρέχειν
2515 2625 2650 2692 ἡμῖν
2693 2624 2792 2676 οὐκ
2835 2623 3224 2692 ἐπετράπητε),
3259 2625 3360 2694 τήν
3391 2641 3450 2676 τε
3498 2625 3591 2677 ἐπὶ
3618 2626 3795 2694 τούτῳ

2213 2717 2441 2784 γνώμην
2486 2715 2877 2786 διατηρηθῆναί
2932 2733 3022 2785 μοι
3065 2715 3339 2786 ἀκίνητον,
3387 2717 3488 2773 τήν
3525 2733 3586 2768 τε
3624 2717 3795 2788 εὐχήν

2219 2854 2376 2925 ωρίδι
2405 2853 2619 2924 πωλικῇ
2647 2870 2660 2883 °
2691 2867 2812 2920 qua:
2841 2854 3104 2925 interpres
3134 2853 3293 2925 vertit
3317 2870 3329 2925 _:
3368 2873 3386 2904 ‹
3417 2855 3654 2922 equestri
3682 2869 3794 2906 cer-

2221 2923 2420 2977 tamine
2459 2923 2617 2976 vii-it.
2648 2942 2665 2974 ι
2711 2925 2816 2976 Sel
2860 2924 3089 2994 συνωρὶς
3123 2923 3334 2992 πωλική
3367 2940 3526 2976 sensti
3567 2927 3791 2991 pioprio

2215 3007 2298 3048 est
2330 3011 2348 3044 ι
2385 2995 2704 3062 equulorum
2738 3010 2854 3060 par,
2893 3013 2910 3043 ι
2947 3009 3031 3046 aui
3073 3011 3090 3042 ι
3131 2995 3267 3060 biga.
3309 3011 3328 3043 ι

2286 3064 2398 3134 (96)
2435 3060 2550 3116 Deo
2582 3073 2787 3116 erectis.
2831 3065 2902 3116 lia
2937 3063 3170 3134 loquitur
3202 3065 3489 3134 Didymus,
3527 3072 3584 3113 ut
3607 3060 3791 3116 Theo-

539 3130 984 3226 Pidyinu‘srquLide
1008 3129 1217 3226 uorti,
1256 3147 1376 3199 pag.
1424 3131 1545 3190 liii.
1586 3141 1638 3185 et
1669 3146 1894 3200 segmin.
1925 3131 2026 3186 175
2055 3150 2110 3195 α,
2140 3169 2182 3226 C
2218 3129 2394 3226 loguni
2437 3136 2628 3197 decet;
2663 3135 2760 3186 Sull
2791 3136 2932 3215 enim
3101 3129 3630 3226 tenipla‘erliguntur,
3682 3151 3786 3214 non

540 3200 725 3266 "Tb,
751 3201 852 3256 197
886 3204 934 3265 b,
971 3211 1027 3254 ct
1048 3200 1149 3254 198
1177 3217 1228 3252 a.

609 3275 722 3342 (94)
756 3271 924 3325 dides
956 3271 1220 3342 oratoriae.
1275 3267 1386 3342 Hac
1444 3269 1554 3338 ipsa
1603 3270 1963 3342 appellatione
1989 3285 2110 3342 Aseu

542 3339 806 3398 locutione
840 3345 1007 3394 utitur
1037 3341 1095 3393 S.
1131 3341 1460 3393 Athanasius
1483 3342 1532 3392 in
1561 3339 1856 3395 comment.
1887 3341 1944 3393 iu
1977 3339 2116 3393 Mai-

541 3413 754 3482 iliwum,
810 3427 932 3482 pag.
979 3409 1066 3482 297
1093 3422 1200 3462 tom
1231 3410 1268 3462 ll
1297 3408 1643 3482 Collectioiiis
1693 3427 1844 3464 nova:
1888 3410 2111 3482 Patrum

535 3478 846 3537 Graecorum
873 3478 902 3540 ,⁷
934 3491 987 3534 et
1037 3481 1288 3532 Socrates
1340 3481 1431 3531 lib.
1463 3495 1489 3532 v
1543 3478 1746 3533 llisior.
1791 3480 2109 3544 ecclesiast.,

541 3567 663 3621 cap.
695 3551 786 3610 20,
837 3550 923 3604 tibi
946 3549 1071 3621 (ἔξω
1112 3547 1219 3600 τῶν
1248 3547 1456 3621 πόλεων
1486 3549 1723 3621 (inquit)
1764 3548 2112 3619 συνεχώρησε

541 3617 863 3693 εὐκτηρίους
899 3620 1080 3681 οἴκους
1113 3617 1562 3693 κατασκευάζειν..
1598 3619 1648 3670 id
1678 3617 1790 3693 est,
1816 3636 1842 3668 4
1874 3617 1932 3671 ιιι
1960 3617 2112 3693 extra

543 3685 1090 3745 nrbes'exstruerent
1132 3687 1348 3756 (Ariani
1401 3695 1454 3740 et
1508 3685 1913 3756 Macedoniam)
1972 3690 2114 3742 aedes

541 3759 828 3822 oratorias,
869 3760 1018 3811 isive
1056 3775 1074 3807 i
1102 3758 1362 3819 oratoria,
1389 3756 1628 3825 permisit
1655 3756 2054 3824 (Theudosius).
2089 3777 2108 3808 ι

542 3831 682 3895 Quin
708 3840 764 3883 et
803 3827 1066 3882 ecclesias
1107 3827 1177 3880 ab
1204 3827 1478 3895 oratoriis,
1513 3827 1887 3895 aetnartyriis
1918 3828 2110 3880 distin-

542 3893 734 3967 guunt.
767 3909 826 3952 ut
851 3897 1130 3966 Didymus,
1154 3909 1277 3967 cum
1317 3894 1542 3967 Ruliiius
1579 3893 1673 3946 lib.
1719 3893 1923 3967 ιι-Ηὶει.
1953 3897 2110 3960 eccl.,

542 3963 665 4038 cap.
692 3968 786 4032 27,
833 3963 1110 4038 tuui'idem
1149 3963 1399 4017 Socrates
1426 3964 1588 4038 lib.__v
1620 3977 1740 4038 cap.
1767 3965 1855 4038 lli,
1891 3981 1952 4038 ac
1989 3979 2110 4033 post

543 4033 828 4106 uti-umque
844 4035 1170 4106 Theophilus
1194 4033 1616 4106 antecessorljb.
1633 4047 1670 4086 it
1695 4035 2110 4106 Instituliouum,

547 4110 631 4162 tit.
677 4124 715 4173 i,
745 4103 866 4178 pag.
891 4105 1004 4178 213i
1039 4104 1293 4158 editionis
1316 4104 1442 4156 anni
1490 4103 1620 4178 liiil
1655 4105 1779 4178 zulii
1808 4120 1959 4157 sacra
1995 4125 2115 4160 esse

542 4179 618 4232 ait
642 4173 761 4248 (ιιιεή
784 4173 932 4248 justo
965 4176 1069 4248 ritu
1089 4183 1187 4248 ,Aet
1218 4187 1312 4248 per
1329 4175 1653 4248 sacerdotes
1690 4173 1797 4225 Deo
1819 4183 1946 4248 sunt
1985 4190 2113 4248 con;

541 4241 982 4310 secrata—omisit
1005 4245 1062 4297 αἱ
1113 4241 1421 4315 ἐκκλησίαι,
1473 4241 1671 4315 καὶτὰ
1697 4242 1991 4315 μαρτύρια,
2019 4245 2113 4298 καὶ

540 4317 609 4371 τὰ
653 4319 953 4389 εὐκτήρια,
991 4317 1044 4370 id
1093 4324 1197 4389 est,
1249 4331 1294 4389 in
1317 4313 1788 4389 cujusmodisunt
1825 4313 2066 4389 ecclesiae
2096 4355 2111 4380 ,

542 4380 883 4460 niartyria'et
905 4385 1164 4460 oratoria.
1205 4383 1387 4460 {Quae
1416 4380 1841 4460 vero_Didyiiiiis
1867 4385 1980 4460 ipse
2010 4386 2111 4439 hoc

542 4456 594 4512 in
648 4452 769 4515 loco
809 4459 879 4511 de
941 4457 1113 4510 sacris
1160 4455 1365 4508 aedibus
1409 4453 1518 4506 Deo
1565 4452 1618 4505 in
1663 4453 2105 4522 archangelornm

543 4528 799 4584 honorem
831 4528 1030 4583 erectis
1066 4527 1304 4588 dictavit,
1336 4523 1784 4592 iisiconsentauea
1840 4533 2106 4592 suntquae

538 4597 876 4653 Sozouienus
921 4596 1145 4651 tradidit
1184 4595 1273 4648 lib.
1316 4609 1353 4646 ii
1400 4590 1538 4646 Hist.
1571 4593 1778 4656 ποίει,
1817 4608 1940 4662 cap.
1969 4590 2016 4662 1’;—
2042 4594 2108 4648 de

542 4670 766 4722 ecclesia
793 4669 844 4720 in
885 4666 1082 4722 l-lestiis
1118 4675 1270 4718 extra
1329 4663 1848 4730 Constantinopolim
1888 4661 1924 4714 7a
1966 4661 2112 4716 Coo-

543 4740 779 4790 stantino
806 4747 1008 4796 erecta,
1033 4750 1152 4802 quae
1176 4736 1242 4787 ab
1267 4731 1589 4801 archangelo
1626 4732 1884 4786 Michaele
1915 4747 2109 4785 nomen

540 4805 799 4927 ﬁabebat,
833 4817 889 4861 et
926 4803 1254 4873 Μιχαήλιον,
1296 4818 1390 4857 seu
1427 4821 1445 4853 ι
1489 4802 1829 4856 Michaelium
1877 4819 1896 4854 i
1950 4815 2109 4856 voca-

581 4887 722 4927 atur.

581 4887 722 4929 atur.

617 4944 746 5014 (95)
769 4941 900 5014 Par.
942 4943 997 4995 ln
1028 4939 1238 5014 Graeco,
1263 4940 1508 5011 ξυνωρίς.
1545 4937 1788 5011 Ξυνωρξς
1819 4955 1981 5014 vero,
1993 4942 2111 5014 sive

546 5010 781 5084 συνωρίς
822 5013 964 5066 inter
995 5011 1230 5084 talorum
1269 5010 1445 5084 iactus
1475 5010 1786 5084 recensetur
1813 5010 2108 5084 _aAPo|luce

548 5081 640 5135 lib.
691 5079 787 5144 in.
829 5097 948 5148 cap.
994 5082 1082 5144 '55,
1125 5082 1224 5134 etsi
1262 5081 1428 5148 aliqui
1482 5081 1697 5134 codices
1754 5079 1826 5133 ibi
1873 5081 2107 5135 habeant

549 5150 862 5220 συνορικῶς.
894 5149 1162 5220 interpres
1204 5159 1404 5220 autem
1425 5150 1608 5212 vertit,
1641 5167 1660 5200 ι
1704 5151 2050 5204 conveniens.
2083 5169 2102 5203 ι

545 5224 615 5272 At
650 5218 879 5290 συνωρίς
919 5218 1297 5290 Hesychioest
1316 5218 1464 5290 δυάς,
1489 5220 1613 5290 sive
1640 5236 1659 5268 ι
1689 5220 1849 5287 dyas,
1875 5236 1893 5268 ι
1923 5221 1973 5290 id
2005 5229 2108 5283 est.

548 5299 606 5340 ut
653 5286 890 5343 nonnulli
931 5304 994 5341 ex
1029 5286 1308 5340 veteribus
1353 5286 1635 5352 Patribus,
1679 5286 1742 5341 ac
1793 5289 2108 5343 nominatim

551 5361 609 5410 ὃ.
644 5357 967 5412 Paschasius
1014 5358 1306 5420 diaconus,
1356 5359 1665 5426 loquuntur,
1716 5369 1811 5411 aut
1855 5369 2104 5425 vertunt,

554 5444 574 5476 ι
604 5431 857 5490 dualitas,
889 5445 907 5477 ι
948 5426 1273 5496 nimirun_i_t
1314 5441 1494 5496 par,»
1544 5437 1637 5479 aut
1679 5445 1698 5478 ι
1732 5427 1875 5496 biga.
1927 5443 1947 5478 ι
1993 5429 2109 5492 Quo

549 5512 710 5551 sensu
766 5497 1137 5550 'l'licodorettis
1168 5492 1327 5564 Hist
1355 5495 1534 5547 eccles.
1579 5496 1668 5548 lib.
1709 5510 1769 5559 ii,
1791 5492 1934 5564 'cap.
1979 5496 2014 5550 8
2045 5500 2112 5553 de

549 5567 756 5621 duobus
797 5568 1018 5634 loquens
1047 5565 1119 5614 ait
1146 5579 1160 5617 :
1190 5563 1296 5616 τῶν
1335 5564 1634 5633 ἀρχιερέων
1665 5567 1698 5635 ἡ
1746 5563 1998 5635 ξυνωρίς,
2043 5568 2104 5635 id

548 5648 652 5706 est,
685 5655 704 5688 ι
741 5653 836 5706 par
858 5637 981 5706 illtitl
1006 5636 1405 5706 episcoporum;
1430 5652 1454 5706 gi
1485 5634 1694 5706 retenti.
1719 5635 1792 5686 24
1815 5649 1830 5686 :
1859 5636 1893 5704 ἡ
1915 5634 1970 5686 δὲ
1995 5634 2112 5706 ἀξια

541 5701 780 5774 ἀγαστὸς
798 5705 1026 5774 ξυνωρὶς
1047 5701 1344 5774 Φλαόιανὸς
1359 5704 1452 5755 καὶ
1468 5702 1746 5774 Διόδωρος,
1765 5706 1816 5755 id
1841 5701 1941 5768 est,
1965 5722 1983 5754 ι
2008 5705 2112 5760 Par

553 5789 728 5828 autem
759 5779 886 5829 illud
911 5773 1226 5826 admirabile
1246 5811 1260 5836 ,
1309 5773 1598 5824 Flavianus
1619 5773 1645 5831 ,⁷
1665 5787 1718 5825 et
1763 5774 2043 5828 Diodorus.
2085 5795 2103 5826 ι

550 5838 662 5897 lniu
687 5843 957 5900 Luciauus
988 5843 1099 5911 ipse
1138 5843 1189 5894 in
1225 5841 1436 5893 Timone
1471 5848 1542 5894 ait
1579 5861 1588 5895 :
1629 5843 1953 5908 νενίκηκε...
1988 5859 2110 5895 συν-

2217 3202 2442 3274 an‘gelis,
2492 3220 2596 3274 non
2633 3203 2857 3274 sanctis,
2888 3206 2986 3256 eisi
3026 3205 3077 3254 iu
3123 3203 3344 3274 i5iorun_i
3381 3202 3637 3274 honorem
3678 3205 3789 3254 cri-

2214 3269 2428 3342 g:iiitur.
2489 3272 2751 3326 Prien-lare
2805 3274 3134 3342 Augustinus
3198 3273 3248 3324 in
3302 3269 3600 3342 Cio/latione
3665 3287 3784 3324 cum

2217 3338 2507 3396 Maximino
2543 3344 2738 3394 Ariano
2775 3338 2927 3412 (toni.
2967 3341 3095 3402 Vlll,
3138 3356 3259 3410 pag.
3293 3341 3456 3408 660):
3498 3358 3516 3391 ι
3559 3338 3780 3412 Nonne,

2214 3413 2258 3466 si
2291 3413 2552 3482 templum
2581 3411 2822 3482 (inquit)
2858 3411 3016 3464 alicui
3064 3424 3253 3464 Sancto
3284 3412 3471 3478 angelo
3502 3411 3783 3463 escelleu-

2215 3483 2424 3536 tissiiuo
2449 3483 2515 3536 de
2546 3481 2702 3548 lignis
2745 3481 3094 3549 et'lapidihns
3120 3487 3438 3541 taceremus,
3469 3482 3785 3533 anathema-

2215 3567 2398 3605 reniur
2424 3566 2452 3604 a
2481 3554 2708 3603 veritate
2737 3551 2958 3614 Christi,
2991 3562 3041 3604 ei
3091 3553 3158 3603 ab
3189 3551 3426 3604 Ecclesia
3461 3551 3548 3602 liei
3579 3567 3593 3602 :
3639 3566 3780 3618 quo-

2216 3622 2363 3674 niam
2394 3629 2660 3673 creaturaa
2692 3622 3073 3674 exhiberemus
3123 3636 3242 3674 eam
3286 3619 3620 3681 servitutem,
3665 3634 3788 3687 qua:

2215 3693 2304 3744 uni
2343 3701 2546 3742 tantum
2577 3690 2802 3742 debetur
2833 3690 2980 3743 Deo?
3011 3693 3064 3743 Si
3092 3705 3222 3759 ergo
3250 3689 3498 3757 sacrilegi
3531 3703 3780 3741 essemus

2216 3760 2460 3812 faciendo
2492 3762 2744 3824 templum
2791 3764 3092 3826 cuicunque
3117 3768 3400 3820 creaturae,
3433 3761 3726 3827 quomodo,
3759 3779 3778 3809 ι

2213 3842 2322 3883 etc.
2365 3828 2936 3882 Pseudn—Athanasius
2981 3844 3107 3882 vero
3135 3829 3260 3882 dial.
3294 3830 3328 3879 5
3360 3827 3431 3880 De
3455 3826 3740 3880 ’Triuilaie
3765 3841 3785 3878 :

2213 3900 2327 3960 Πᾶς
2351 3898 2497 3960 ναὸς,
2521 3897 2656 3950 Θεοῦ
2689 3899 2815 3960 ναός
2853 3901 2990 3961 ἐστι,
3020 3900 3070 3951 i-l
3102 3909 3204 3959 est,
3245 3916 3263 3948 ι
3297 3895 3469 3950 Omne
3505 3899 3781 3964 templum,

2219 3971 2310 4021 Ι)θὶ
2346 3971 2600 4033 templum
2631 3978 2732 4021 est.
2771 3987 2790 4019 ι
2825 3969 3032 4036 Atque.
3067 3979 3124 4021 ut
3160 3968 3296 4022 alios
3322 3980 3639 4035 praeteream
3668 4005 3683 4025 ,
3719 3972 3778 4018 δ.

2216 4037 2532 4091 Pischasius
2552 4037 2646 4091 lib.
2674 4053 2710 4090 ii
2736 4037 2811 4089 De
2841 4039 3042 4100 Spiritu
3061 4049 3266 4101 sancto,
3281 4051 3400 4103 cap.
3430 4036 3534 4088 12:
3565 4053 3583 4085 ι
3611 4036 3784 4100 Quem

2216 4109 2436 4176 templo,
2465 4109 2656 4174 inquit,
2691 4110 2952 4174 perspicis
2975 4108 3219 4172 dignum,
3256 4108 3452 4159 divinis
3483 4107 3782 4176 honoribus

2216 4175 2432 4230 noveris
2457 4177 2785 4230 adorandum
2809 4215 2822 4239 ,
2869 4177 3246 4230 celebrandum
3278 4176 3437 4238 votis,
3497 4175 3784 4227 sacriﬁciis

2213 4247 2591 4300 excolendum.
2632 4264 2650 4296 ι

2285 4315 2397 4386 (97)
2436 4315 2483 4386 ΑΔ
2516 4319 2722 4383 regione
2753 4316 2804 4386 in
2832 4332 2934 4384 qua
2990 4315 3093 4365 orti
3126 4325 3267 4386 sunt.
3316 4313 3372 4386 In
3404 4314 3629 4386 Graeco,
3685 4313 3786 4381 τῆς

2213 4383 2605 4455 ἐνεγκαμένης.
2628 4385 2800 4455 Simili
2827 4383 2983 4440 modo
3011 4402 3029 4433 i
3060 4385 3233 4451 patria
3262 4403 3278 4434 ι
3306 4401 3334 4437 a
3359 4384 3579 4439 Libanio
3601 4398 3781 4436 vocari

2214 4453 2361 4526 solet
2381 4453 2428 4526 ﬂ
2443 4453 2757 4526 ἐνεγκοῦσα.

2283 4521 2412 4594 (98)
2433 4523 2720 4592 Prytaneo.
2748 4524 2891 4578 Satis
2919 4523 3194 4591 eleganter
3224 4522 3461 4594 oratoria
3509 4521 3594 4574 illa
3623 4532 3783 4594 vocat

2213 4591 2472 4665 Didymus
2516 4591 2933 4665 ἐπιτευγμάτων
2978 4594 3294 4665 πρυτανεῖα,
3327 4592 3475 4665 _sive,
3517 4603 3573 4643 ιιι
3621 4591 3786 4665 habet

2211 4661 2404 4734 codex,
2438 4661 3218 4734 πρυτάνιαλίιιιοιιιιιιιιιιυιιιιιιι
3253 4663 3409 4734 enim
3446 4661 3674 4734 athenis
3721 4663 3773 4714 in

2212 4730 2756 4803 Prytaneo'sportula:
2784 4730 2849 4787 ex
2903 4733 3114 4799 publico
3146 4733 3338 4803 aerario
3381 4730 3664 4803 dabantur,
3691 4742 3784 4803 aut

2213 4800 2386 4856 vietus
2411 4805 2755 4870 quotidianus
2799 4803 3160 4872 praebebatur,
3193 4801 3264 4853 ita
3301 4804 3356 4854 in
3391 4800 3644 4872 oratoriis
3681 4802 3785 4853 illis

2209 4872 2420 4928 aedibus
2464 4887 2526 4926 ea
2569 4876 2764 4937 passim
2803 4871 3337 4938 ’icousequebantnr
3361 4889 3379 4921 ι
3431 4871 3632 4932 iideies,
3664 4886 3786 4937 quae

2211 4946 2591 5012 postulassent.
2629 4961 2647 4992 ι
2688 4943 2850 5012 quue
2895 4943 3006 5009 ipse
3047 4956 3275 5012 quoque
3303 4941 3787 5012 (ait_b'o;nmenus

2212 5009 2278 5065 tle
2311 5011 2594 5064 Micliaelio
2625 5009 2786 5080 prope
2817 5011 3337 5078 Constantinopolim
3391 5009 3496 5062 sito
3535 5009 3782 5075 loquens)

2213 5083 2450 5136 maximo
2503 5081 2726 5135 all'ecws
2784 5081 3059 5142 bcnelicio,
3107 5082 3445 5134 verissimum
3513 5093 3632 5130 esse
3706 5090 3784 5130 ie-

2211 5162 2395 5205 stor...
2438 5151 2735 5214 Quidam...
2788 5153 2840 5205 in
2894 5151 3248 5218 gravissimas
3304 5149 3663 5212 calamitates,
3694 5160 3788 5199 aut

2213 5221 2542 5274 inevitabilia
2574 5223 2809 5286 pericula
2855 5219 3110 5287 prolapsi,
3141 5219 3230 5272 alii
3264 5221 3531 5271 morbis...
3572 5232 3789 5286 oppres-

2211 5293 2282 5351 si,
2317 5291 2565 5358 precibus
2612 5291 2717 5342 illie
2749 5291 2814 5342 ad
2843 5292 3006 5342 Deum
3038 5290 3192 5352 l'usis,
3229 5291 3412 5342 statim
3446 5287 3602 5340 malis
3655 5289 3784 5341 libe-

2214 5363 2317 5412 rati
2351 5369 2498 5418 sunt,
2521 5377 2539 5408 ι
2568 5368 2623 5411 et
2649 5371 2867 5412 caetera.

2287 5427 2399 5497 (99)
2439 5425 2695 5494 Bene/ica.
2732 5427 2786 5480 lu
2823 5429 3033 5498 Graeco,
3067 5427 3209 5498 ὑπὲρ
3239 5425 3332 5479 τοῦ
3364 5443 3447 5487 ευ,
3473 5428 3615 5494 quod
3651 5425 3788 5492 posi-

2215 5507 2327 5551 tum
2359 5499 2569 5548 videtur
2599 5513 2695 5563 pro
2737 5498 2963 5567 ὑπέρευ.
3002 5497 3367 5567 Sim_itimotin
3390 5498 3786 5567 Aristophanes

2213 5571 2265 5621 iii
2293 5567 2549 5627 Acharn.,
2587 5576 2692 5617 act.
2725 5581 2788 5629 ii,
2829 5563 3034 5621 vocqu
3073 5563 3134 5619 εὖ
3177 5567 3459 5620 articulum
3494 5566 3698 5617 addidit
3733 5565 3784 5614 in

2213 5635 2503 5706 anapaestis
2559 5636 2682 5698 iliis,
2724 5653 2859 5698 quos
2889 5639 2983 5689 lib.
3020 5652 3112 5690 vui
3139 5641 3206 5689 ad
3253 5636 3438 5696 Atiic.,
3481 5640 3638 5703 epist.
3667 5647 3784 5692 Vill.

2213 5706 2366 5758 all'ert
2395 5704 2584 5754 Cicero
2609 5721 2622 5753 :

2362 5772 2434 5823 Τὸ
2475 5773 2581 5838 γὰρ
2603 5772 2670 5824 εὖ
2691 5774 2816 5840 μετ’
2850 5774 3016 5841 ἐμοῦ,
3055 5776 3151 5828 καὶ
3184 5776 3248 5828 τὸ
3272 5773 3508 5826 δίκαιον

2357 5843 2677 5910 Σύμμαχον
2709 5844 2898 5897 ἔσται.
