  <div class='ocr_page' id='page_1' title='image "/cluster/home/n/w/nwhite01/storage/ocr_20150623/39/coo.31924054869361/305.png"; bbox 0 0 4054 6402; ppageno 0'>
   <div class='ocr_carea' id='block_1_1' title="bbox 515 395 3749 458">
    <p class='ocr_par' dir='ltr' id='par_1_1' title="bbox 515 395 3749 458">
     <span class='ocr_line' id='line_1_1' title="bbox 515 395 3749 458; baseline -0.001 -4"><span class='ocrx_word' id='word_1_1' title='bbox 515 397 620 454; x_wconf 75' lang='lat'><strong>595</strong></span> <span class='ocrx_word' id='word_1_2' title='bbox 1753 401 1986 455; x_wconf 76' lang='lat' dir='ltr'><strong>DIDYMI</strong></span> <span class='ocrx_word' id='word_1_3' title='bbox 2029 401 2498 458; x_wconf 64' lang='lat' dir='ltr'><strong>ALEXANDRINI</strong></span> <span class='ocrx_word' id='word_1_4' title='bbox 3655 395 3749 452; x_wconf 73' lang='grc'><strong>596</strong></span> 
     </span>
    </p>
   </div>
   <div class='ocr_carea' id='block_1_2' title="bbox 517 517 3752 594">
    <p class='ocr_par' dir='ltr' id='par_1_2' title="bbox 517 517 3752 594">
     <span class='ocr_line' id='line_1_2' title="bbox 517 517 3752 594; baseline 0 -21"><span class='ocrx_word' id='word_1_5' title='bbox 517 517 643 574; x_wconf 91' lang='lat' dir='ltr'><strong>nino</strong></span> <span class='ocrx_word' id='word_1_6' title='bbox 673 532 910 590; x_wconf 84' lang='lat' dir='ltr'><strong>unquam</strong></span> <span class='ocrx_word' id='word_1_7' title='bbox 956 517 1282 589; x_wconf 80' lang='lat' dir='ltr'><strong>neglexerint</strong></span> <span class='ocrx_word' id='word_1_8' title='bbox 1348 520 1427 574; x_wconf 85' lang='lat' dir='ltr'><strong>eis</strong></span> <span class='ocrx_word' id='word_1_9' title='bbox 1500 536 1596 590; x_wconf 86' lang='lat' dir='ltr'><strong>pro</strong></span> <span class='ocrx_word' id='word_1_10' title='bbox 1659 523 1798 576; x_wconf 81' lang='lat' dir='ltr'><strong>virili</strong></span> <span class='ocrx_word' id='word_1_11' title='bbox 1845 534 1997 592; x_wconf 67' lang='lat' dir='ltr'><strong>parte</strong></span> <span class='ocrx_word' id='word_1_12' title='bbox 2071 525 2361 590; x_wconf 89' lang='lat' dir='ltr'><strong>obsistere,</strong></span> <span class='ocrx_word' id='word_1_13' title='bbox 2399 537 2472 589; x_wconf 89' lang='lat' dir='ltr'><strong>et,</strong></span> <span class='ocrx_word' id='word_1_14' title='bbox 2519 533 2708 579; x_wconf 86' lang='lat' dir='ltr'><strong>contra</strong></span> <span class='ocrx_word' id='word_1_15' title='bbox 2758 538 2919 594; x_wconf 88' lang='lat' dir='ltr'><strong>quam</strong></span> <span class='ocrx_word' id='word_1_16' title='bbox 2973 521 3280 591; x_wconf 81' lang='lat' dir='ltr'><strong>deceat(5),</strong></span> <span class='ocrx_word' id='word_1_17' title='bbox 3323 535 3510 576; x_wconf 87' lang='lat' dir='ltr'><strong>socors</strong></span> <span class='ocrx_word' id='word_1_18' title='bbox 3551 519 3752 574; x_wconf 80' lang='lat' dir='ltr'><strong>fuerim.</strong></span> 
     </span>
    </p>
   </div>
   <div class='ocr_carea' id='block_1_3' title="bbox 516 613 3756 686">
    <p class='ocr_par' dir='ltr' id='par_1_3' title="bbox 516 613 3756 686">
     <span class='ocr_line' id='line_1_3' title="bbox 516 613 3756 686; baseline 0.001 -22"><span class='ocrx_word' id='word_1_19' title='bbox 516 614 768 681; x_wconf 87' lang='lat' dir='ltr'><strong>Quinimo</strong></span> <span class='ocrx_word' id='word_1_20' title='bbox 827 628 858 669; x_wconf 92' lang='lat' dir='ltr'><strong>e</strong></span> <span class='ocrx_word' id='word_1_21' title='bbox 898 614 1174 668; x_wconf 87' lang='lat' dir='ltr'><strong>contrario</strong></span> <span class='ocrx_word' id='word_1_22' title='bbox 1202 613 1442 684; x_wconf 82' lang='lat' dir='ltr'><strong>plerique</strong></span> <span class='ocrx_word' id='word_1_23' title='bbox 1471 619 1623 670; x_wconf 89' lang='lat' dir='ltr'><strong>aiunt</strong></span> <span class='ocrx_word' id='word_1_24' title='bbox 1671 633 1755 671; x_wconf 89' lang='lat' dir='ltr'><strong>me</strong></span> <span class='ocrx_word' id='word_1_25' title='bbox 1792 633 1888 686; x_wconf 92' lang='lat' dir='ltr'><strong>pro</strong></span> <span class='ocrx_word' id='word_1_26' title='bbox 1949 617 2253 686; x_wconf 75' lang='lat' dir='ltr'><strong>huiusmodi</strong></span> <span class='ocrx_word' id='word_1_27' title='bbox 2325 621 2485 674; x_wconf 89' lang='lat' dir='ltr'><strong>rebus</strong></span> <span class='ocrx_word' id='word_1_28' title='bbox 2523 619 2577 673; x_wconf 93' lang='lat' dir='ltr'><strong>in</strong></span> <span class='ocrx_word' id='word_1_29' title='bbox 2627 617 2860 673; x_wconf 88' lang='lat' dir='ltr'><strong>medium</strong></span> <span class='ocrx_word' id='word_1_30' title='bbox 2928 632 3140 686; x_wconf 84' lang='lat' dir='ltr'><strong>semper</strong></span> <span class='ocrx_word' id='word_1_31' title='bbox 3179 615 3440 686; x_wconf 90' lang='lat' dir='ltr'><strong>prodiisse</strong></span> <span class='ocrx_word' id='word_1_32' title='bbox 3493 629 3682 684; x_wconf 78' lang='lat' dir='ltr'><strong>magna</strong></span> <span class='ocrx_word' id='word_1_33' title='bbox 3707 613 3756 667; x_wconf 83' lang='lat' dir='ltr'><strong>vi</strong></span> 
     </span>
    </p>
   </div>
   <div class='ocr_carea' id='block_1_4' title="bbox 515 709 3759 782">
    <p class='ocr_par' dir='ltr' id='par_1_4' title="bbox 515 709 3759 782">
     <span class='ocr_line' id='line_1_4' title="bbox 515 709 3759 782; baseline -0.002 -16"><span class='ocrx_word' id='word_1_34' title='bbox 515 720 569 766; x_wconf 86' lang='lat' dir='ltr'><strong>et</strong></span> <span class='ocrx_word' id='word_1_35' title='bbox 595 725 751 775; x_wconf 83' lang='lat' dir='ltr'><strong>voce,</strong></span> <span class='ocrx_word' id='word_1_36' title='bbox 781 725 846 765; x_wconf 87' lang='lat' dir='ltr'><strong>ac</strong></span> <span class='ocrx_word' id='word_1_37' title='bbox 875 710 995 765; x_wconf 87' lang='lat' dir='ltr'><strong>sine</strong></span> <span class='ocrx_word' id='word_1_38' title='bbox 1019 710 1422 780; x_wconf 75' lang='lat' dir='ltr'><strong>perturbatione</strong></span> <span class='ocrx_word' id='word_1_39' title='bbox 1451 711 1549 782; x_wconf 87' lang='lat'><strong>(6),</strong></span> <span class='ocrx_word' id='word_1_40' title='bbox 1592 713 1655 766; x_wconf 78' lang='lat' dir='ltr'><strong>ad</strong></span> <span class='ocrx_word' id='word_1_41' title='bbox 1689 712 1835 767; x_wconf 87' lang='lat' dir='ltr'><strong>litem</strong></span> <span class='ocrx_word' id='word_1_42' title='bbox 1881 723 1973 767; x_wconf 89' lang='lat' dir='ltr'><strong>aut</strong></span> <span class='ocrx_word' id='word_1_43' title='bbox 2035 714 2404 768; x_wconf 84' lang='lat' dir='ltr'><strong>intentandant</strong></span> <span class='ocrx_word' id='word_1_44' title='bbox 2458 723 2554 768; x_wconf 88' lang='lat' dir='ltr'><strong>aut</strong></span> <span class='ocrx_word' id='word_1_45' title='bbox 2613 711 2982 769; x_wconf 75' lang='lat' dir='ltr'><strong>sustinendam</strong></span> <span class='ocrx_word' id='word_1_46' title='bbox 3043 711 3143 782; x_wconf 80' lang='grc'><strong>(7).</strong></span> <span class='ocrx_word' id='word_1_47' title='bbox 3179 710 3310 764; x_wconf 81' lang='lat' dir='ltr'><strong>Nam</strong></span> <span class='ocrx_word' id='word_1_48' title='bbox 3351 711 3556 764; x_wconf 90' lang='lat' dir='ltr'><strong>lucrum</strong></span> <span class='ocrx_word' id='word_1_49' title='bbox 3604 709 3759 762; x_wconf 77' lang='lat' dir='ltr'><strong>maxi-</strong></span> 
     </span>
    </p>
   </div>
   <div class='ocr_carea' id='block_1_5' title="bbox 519 797 3757 880">
    <p class='ocr_par' dir='ltr' id='par_1_5' title="bbox 519 797 3757 880">
     <span class='ocr_line' id='line_1_5' title="bbox 519 797 3757 880; baseline 0 -24"><span class='ocrx_word' id='word_1_50' title='bbox 519 821 663 858; x_wconf 86' lang='lat' dir='ltr'><strong>mum</strong></span> <span class='ocrx_word' id='word_1_51' title='bbox 695 812 752 858; x_wconf 91' lang='lat' dir='ltr'><strong>et</strong></span> <span class='ocrx_word' id='word_1_52' title='bbox 797 815 1057 859; x_wconf 69' lang='lat' dir='ltr'><strong>azternutn</strong></span> <span class='ocrx_word' id='word_1_53' title='bbox 1095 813 1221 873; x_wconf 90' lang='lat' dir='ltr'><strong>puto</strong></span> <span class='ocrx_word' id='word_1_54' title='bbox 1247 805 1349 859; x_wconf 88' lang='lat' dir='ltr'><strong>mei</strong></span> <span class='ocrx_word' id='word_1_55' title='bbox 1382 797 1654 874; x_wconf 52' lang='lat' dir='ltr'><strong>ipsius,“</strong></span> <span class='ocrx_word' id='word_1_56' title='bbox 1715 823 1898 862; x_wconf 87' lang='lat' dir='ltr'><strong>eorum</strong></span> <span class='ocrx_word' id='word_1_57' title='bbox 1930 810 2021 878; x_wconf 91' lang='lat' dir='ltr'><strong>qui</strong></span> <span class='ocrx_word' id='word_1_58' title='bbox 2055 826 2122 864; x_wconf 79' lang='lat' dir='ltr'><strong>ex</strong></span> <span class='ocrx_word' id='word_1_59' title='bbox 2165 825 2249 865; x_wconf 84' lang='lat' dir='ltr'><strong>nte</strong></span> <span class='ocrx_word' id='word_1_60' title='bbox 2295 821 2420 864; x_wconf 86' lang='lat' dir='ltr'><strong>sunt</strong></span> <span class='ocrx_word' id='word_1_61' title='bbox 2480 810 2578 880; x_wconf 91' lang='lat'><strong>(8),</strong></span> <span class='ocrx_word' id='word_1_62' title='bbox 2633 822 2950 878; x_wconf 91' lang='lat' dir='ltr'><strong>eorumque,</strong></span> <span class='ocrx_word' id='word_1_63' title='bbox 3003 808 3093 876; x_wconf 90' lang='lat' dir='ltr'><strong>qui</strong></span> <span class='ocrx_word' id='word_1_64' title='bbox 3145 806 3421 860; x_wconf 90' lang='lat' dir='ltr'><strong>nobiscum</strong></span> <span class='ocrx_word' id='word_1_65' title='bbox 3478 806 3757 866; x_wconf 80' lang='lat' dir='ltr'><strong>exsistunt,</strong></span> 
     </span>
    </p>
   </div>
   <div class='ocr_carea' id='block_1_6' title="bbox 515 899 3762 975">
    <p class='ocr_par' dir='ltr' id='par_1_6' title="bbox 515 899 3762 975">
     <span class='ocr_line' id='line_1_6' title="bbox 515 899 3762 975; baseline 0.001 -25"><span class='ocrx_word' id='word_1_66' title='bbox 515 915 733 954; x_wconf 81' lang='lat' dir='ltr'><strong>omnem</strong></span> <span class='ocrx_word' id='word_1_67' title='bbox 770 899 1008 954; x_wconf 85' lang='lat' dir='ltr'><strong>laborem</strong></span> <span class='ocrx_word' id='word_1_68' title='bbox 1041 910 1278 968; x_wconf 87' lang='lat' dir='ltr'><strong>strenue,</strong></span> <span class='ocrx_word' id='word_1_69' title='bbox 1310 916 1394 966; x_wconf 89' lang='lat' dir='ltr'><strong>ac,</strong></span> <span class='ocrx_word' id='word_1_70' title='bbox 1429 903 1471 956; x_wconf 91' lang='lat' dir='ltr'><strong>si</strong></span> <span class='ocrx_word' id='word_1_71' title='bbox 1502 917 1638 972; x_wconf 76' lang='lat' dir='ltr'><strong>Opus</strong></span> <span class='ocrx_word' id='word_1_72' title='bbox 1697 903 1878 968; x_wconf 91' lang='lat' dir='ltr'><strong>fuerit,</strong></span> <span class='ocrx_word' id='word_1_73' title='bbox 1938 905 2233 974; x_wconf 85' lang='lat' dir='ltr'><strong>perieulum</strong></span> <span class='ocrx_word' id='word_1_74' title='bbox 2316 907 2498 962; x_wconf 86' lang='lat' dir='ltr'><strong>subire</strong></span> <span class='ocrx_word' id='word_1_75' title='bbox 2549 920 2646 975; x_wconf 94' lang='lat' dir='ltr'><strong>pro</strong></span> <span class='ocrx_word' id='word_1_76' title='bbox 2682 903 2864 969; x_wconf 80' lang='lat' dir='ltr'><strong>Patre,</strong></span> <span class='ocrx_word' id='word_1_77' title='bbox 2932 914 2985 958; x_wconf 88' lang='lat' dir='ltr'><strong>et</strong></span> <span class='ocrx_word' id='word_1_78' title='bbox 3033 903 3190 968; x_wconf 82' lang='lat' dir='ltr'><strong>Filio,</strong></span> <span class='ocrx_word' id='word_1_79' title='bbox 3224 911 3278 956; x_wconf 91' lang='lat' dir='ltr'><strong>et</strong></span> <span class='ocrx_word' id='word_1_80' title='bbox 3318 902 3520 972; x_wconf 86' lang='lat' dir='ltr'><strong>Spiritu</strong></span> <span class='ocrx_word' id='word_1_81' title='bbox 3561 915 3762 965; x_wconf 86' lang='lat' dir='ltr'><strong>sancto,</strong></span> 
     </span>
    </p>
   </div>
   <div class='ocr_carea' id='block_1_7' title="bbox 517 990 3764 1068">
    <p class='ocr_par' dir='ltr' id='par_1_7' title="bbox 517 990 3764 1068">
     <span class='ocr_line' id='line_1_7' title="bbox 517 990 3764 1068; baseline 0.001 -29"><span class='ocrx_word' id='word_1_82' title='bbox 517 991 606 1056; x_wconf 84' lang='lat' dir='ltr'><strong>qui</strong></span> <span class='ocrx_word' id='word_1_83' title='bbox 654 1006 751 1046; x_wconf 91' lang='lat' dir='ltr'><strong>nos</strong></span> <span class='ocrx_word' id='word_1_84' title='bbox 779 990 929 1054; x_wconf 91' lang='lat' dir='ltr'><strong>fecit.</strong></span> <span class='ocrx_word' id='word_1_85' title='bbox 960 1002 1014 1046; x_wconf 92' lang='lat' dir='ltr'><strong>et</strong></span> <span class='ocrx_word' id='word_1_86' title='bbox 1045 993 1237 1056; x_wconf 84' lang='lat' dir='ltr'><strong>salvat,</strong></span> <span class='ocrx_word' id='word_1_87' title='bbox 1289 1001 1342 1045; x_wconf 90' lang='lat' dir='ltr'><strong>et</strong></span> <span class='ocrx_word' id='word_1_88' title='bbox 1379 991 1720 1060; x_wconf 77' lang='lat' dir='ltr'><strong>iudicaturus</strong></span> <span class='ocrx_word' id='word_1_89' title='bbox 1762 1004 1868 1060; x_wconf 89' lang='lat' dir='ltr'><strong>est,</strong></span> <span class='ocrx_word' id='word_1_90' title='bbox 1908 1011 1973 1050; x_wconf 93' lang='lat' dir='ltr'><strong>ac</strong></span> <span class='ocrx_word' id='word_1_91' title='bbox 2035 997 2118 1050; x_wconf 91' lang='lat' dir='ltr'><strong>sui</strong></span> <span class='ocrx_word' id='word_1_92' title='bbox 2160 1002 2328 1065; x_wconf 81' lang='lat' dir='ltr'><strong>ipsius</strong></span> <span class='ocrx_word' id='word_1_93' title='bbox 2359 999 2435 1068; x_wconf 83' lang='lat'><strong>(9)</strong></span> <span class='ocrx_word' id='word_1_94' title='bbox 2464 1012 2624 1056; x_wconf 83' lang='lat' dir='ltr'><strong>causa</strong></span> <span class='ocrx_word' id='word_1_95' title='bbox 2690 996 3025 1066; x_wconf 74' lang='lat' dir='ltr'><strong>benignitate</strong></span> <span class='ocrx_word' id='word_1_96' title='bbox 3049 1003 3456 1062; x_wconf 85' lang='lat' dir='ltr'><strong>prosecuturus.</strong></span> <span class='ocrx_word' id='word_1_97' title='bbox 3480 991 3614 1046; x_wconf 89' lang='lat' dir='ltr'><strong>Cum</strong></span> <span class='ocrx_word' id='word_1_98' title='bbox 3644 1004 3764 1058; x_wconf 90' lang='lat' dir='ltr'><strong>ergo</strong></span> 
     </span>
    </p>
   </div>
   <div class='ocr_carea' id='block_1_8' title="bbox 521 1087 3766 1158">
    <p class='ocr_par' dir='ltr' id='par_1_8' title="bbox 521 1087 3766 1158">
     <span class='ocr_line' id='line_1_8' title="bbox 521 1087 3766 1158; baseline -0 -22"><span class='ocrx_word' id='word_1_99' title='bbox 521 1087 806 1150; x_wconf 84' lang='lat' dir='ltr'><strong>noveritis,</strong></span> <span class='ocrx_word' id='word_1_100' title='bbox 866 1096 1050 1155; x_wconf 89' lang='lat' dir='ltr'><strong>utpote</strong></span> <span class='ocrx_word' id='word_1_101' title='bbox 1119 1087 1274 1142; x_wconf 87' lang='lat' dir='ltr'><strong>electi</strong></span> <span class='ocrx_word' id='word_1_102' title='bbox 1339 1088 1657 1143; x_wconf 86' lang='lat' dir='ltr'><strong>adoratores</strong></span> <span class='ocrx_word' id='word_1_103' title='bbox 1699 1090 2052 1148; x_wconf 67' lang='lat' dir='ltr'><strong>sanctissimae</strong></span> <span class='ocrx_word' id='word_1_104' title='bbox 2083 1091 2386 1157; x_wconf 80' lang='lat' dir='ltr'><strong>Trinitatis,</strong></span> <span class='ocrx_word' id='word_1_105' title='bbox 2433 1101 2489 1146; x_wconf 93' lang='lat' dir='ltr'><strong>et</strong></span> <span class='ocrx_word' id='word_1_106' title='bbox 2535 1090 2757 1146; x_wconf 91' lang='lat' dir='ltr'><strong>humani</strong></span> <span class='ocrx_word' id='word_1_107' title='bbox 2835 1089 3044 1158; x_wconf 76' lang='lat' dir='ltr'><strong>generis</strong></span> <span class='ocrx_word' id='word_1_108' title='bbox 3083 1087 3242 1158; x_wconf 77' lang='lat' dir='ltr'><strong>legati</strong></span> <span class='ocrx_word' id='word_1_109' title='bbox 3292 1096 3452 1156; x_wconf 88' lang='lat' dir='ltr'><strong>atque</strong></span> <span class='ocrx_word' id='word_1_110' title='bbox 3502 1095 3766 1143; x_wconf 90' lang='lat' dir='ltr'><strong>oratores.</strong></span> 
     </span>
    </p>
   </div>
   <div class='ocr_carea' id='block_1_9' title="bbox 523 1175 3767 1254">
    <p class='ocr_par' dir='ltr' id='par_1_9' title="bbox 523 1175 3767 1254">
     <span class='ocr_line' id='line_1_9' title="bbox 523 1175 3767 1254; baseline 0 -25"><span class='ocrx_word' id='word_1_111' title='bbox 523 1175 664 1229; x_wconf 85' lang='lat' dir='ltr'><strong>nulla</strong></span> <span class='ocrx_word' id='word_1_112' title='bbox 700 1191 786 1232; x_wconf 91' lang='lat' dir='ltr'><strong>me</strong></span> <span class='ocrx_word' id='word_1_113' title='bbox 828 1176 879 1232; x_wconf 92' lang='lat' dir='ltr'><strong>in</strong></span> <span class='ocrx_word' id='word_1_114' title='bbox 935 1193 994 1232; x_wconf 92' lang='lat' dir='ltr'><strong>re</strong></span> <span class='ocrx_word' id='word_1_115' title='bbox 1038 1177 1296 1247; x_wconf 85' lang='lat' dir='ltr'><strong>obsequio</strong></span> <span class='ocrx_word' id='word_1_116' title='bbox 1340 1178 1412 1232; x_wconf 93' lang='lat' dir='ltr'><strong>illi</strong></span> <span class='ocrx_word' id='word_1_117' title='bbox 1450 1178 1707 1246; x_wconf 81' lang='lat' dir='ltr'><strong>defuisse,</strong></span> <span class='ocrx_word' id='word_1_118' title='bbox 1754 1181 1898 1250; x_wconf 90' lang='lat' dir='ltr'><strong>quod</strong></span> <span class='ocrx_word' id='word_1_119' title='bbox 1946 1182 2097 1237; x_wconf 82' lang='lat' dir='ltr'><strong>vobis</strong></span> <span class='ocrx_word' id='word_1_120' title='bbox 2135 1192 2256 1252; x_wconf 90' lang='lat' dir='ltr'><strong>post</strong></span> <span class='ocrx_word' id='word_1_121' title='bbox 2303 1183 2441 1238; x_wconf 78' lang='lat' dir='ltr'><strong>hanc</strong></span> <span class='ocrx_word' id='word_1_122' title='bbox 2471 1182 2586 1254; x_wconf 74' lang='lat'><strong>(10)</strong></span> <span class='ocrx_word' id='word_1_123' title='bbox 2650 1180 2976 1236; x_wconf 86' lang='lat' dir='ltr'><strong>Trinitatem</strong></span> <span class='ocrx_word' id='word_1_124' title='bbox 3011 1195 3186 1235; x_wconf 88' lang='lat' dir='ltr'><strong>rerum</strong></span> <span class='ocrx_word' id='word_1_125' title='bbox 3251 1180 3491 1234; x_wconf 83' lang='lat' dir='ltr'><strong>omnium</strong></span> <span class='ocrx_word' id='word_1_126' title='bbox 3531 1192 3767 1232; x_wconf 80' lang='lat' dir='ltr'><strong>causam.</strong></span> 
     </span>
    </p>
   </div>
   <div class='ocr_carea' id='block_1_10' title="bbox 525 1271 3766 1348">
    <p class='ocr_par' dir='ltr' id='par_1_10' title="bbox 525 1271 3766 1348">
     <span class='ocr_line' id='line_1_10' title="bbox 525 1271 3766 1348; baseline 0 -25"><span class='ocrx_word' id='word_1_127' title='bbox 525 1282 688 1340; x_wconf 87' lang='lat' dir='ltr'><strong>atque</strong></span> <span class='ocrx_word' id='word_1_128' title='bbox 720 1271 900 1326; x_wconf 86' lang='lat' dir='ltr'><strong>omnia</strong></span> <span class='ocrx_word' id='word_1_129' title='bbox 931 1271 1293 1327; x_wconf 81' lang='lat' dir='ltr'><strong>vivificantem</strong></span> <span class='ocrx_word' id='word_1_130' title='bbox 1324 1273 1485 1343; x_wconf 73' lang='lat'><strong>203</strong></span> <span class='ocrx_word' id='word_1_131' title='bbox 1514 1276 1756 1342; x_wconf 87' lang='lat' dir='ltr'><strong>debetur,</strong></span> <span class='ocrx_word' id='word_1_132' title='bbox 1786 1285 1974 1345; x_wconf 86' lang='lat' dir='ltr'><strong>utpote</strong></span> <span class='ocrx_word' id='word_1_133' title='bbox 1996 1278 2087 1348; x_wconf 89' lang='lat' dir='ltr'><strong>qui</strong></span> <span class='ocrx_word' id='word_1_134' title='bbox 2131 1277 2266 1332; x_wconf 86' lang='lat' dir='ltr'><strong>mihi</strong></span> <span class='ocrx_word' id='word_1_135' title='bbox 2288 1278 2428 1347; x_wconf 90' lang='lat' dir='ltr'><strong>apud</strong></span> <span class='ocrx_word' id='word_1_136' title='bbox 2488 1277 2733 1332; x_wconf 82' lang='lat' dir='ltr'><strong>eamdem</strong></span> <span class='ocrx_word' id='word_1_137' title='bbox 2760 1274 3081 1331; x_wconf 84' lang='lat' dir='ltr'><strong>Trinitatem</strong></span> <span class='ocrx_word' id='word_1_138' title='bbox 3147 1271 3581 1342; x_wconf 89' lang='lat' dir='ltr'><strong>patrocinamini,</strong></span> <span class='ocrx_word' id='word_1_139' title='bbox 3610 1285 3638 1322; x_wconf 90' lang='lat' dir='ltr'><strong>a</strong></span> <span class='ocrx_word' id='word_1_140' title='bbox 3667 1282 3766 1337; x_wconf 83' lang='lat' dir='ltr'><strong>qua</strong></span> 
     </span>
    </p>
   </div>
   <div class='ocr_carea' id='block_1_11' title="bbox 523 1360 3773 1440">
    <p class='ocr_par' dir='ltr' id='par_1_11' title="bbox 523 1360 3773 1440">
     <span class='ocr_line' id='line_1_11' title="bbox 523 1360 3773 1440; baseline -0.001 -23"><span class='ocrx_word' id='word_1_141' title='bbox 523 1363 881 1432; x_wconf 82' lang='lat' dir='ltr'><strong>cogitationes</strong></span> <span class='ocrx_word' id='word_1_142' title='bbox 935 1363 1338 1434; x_wconf 87' lang='lat' dir='ltr'><strong>locutionesque</strong></span> <span class='ocrx_word' id='word_1_143' title='bbox 1410 1366 1706 1436; x_wconf 76' lang='lat' dir='ltr'><strong>sapientes,</strong></span> <span class='ocrx_word' id='word_1_144' title='bbox 1751 1377 1805 1422; x_wconf 92' lang='lat' dir='ltr'><strong>et</strong></span> <span class='ocrx_word' id='word_1_145' title='bbox 1844 1369 1892 1423; x_wconf 92' lang='lat' dir='ltr'><strong>ei</strong></span> <span class='ocrx_word' id='word_1_146' title='bbox 1929 1379 2095 1438; x_wconf 71' lang='lat' dir='ltr'><strong>grata:</strong></span> <span class='ocrx_word' id='word_1_147' title='bbox 2166 1379 2330 1440; x_wconf 87' lang='lat' dir='ltr'><strong>atque</strong></span> <span class='ocrx_word' id='word_1_148' title='bbox 2407 1378 2661 1439; x_wconf 66' lang='lat' dir='ltr'><strong>acceptae,</strong></span> <span class='ocrx_word' id='word_1_149' title='bbox 2717 1369 2980 1438; x_wconf 89' lang='lat' dir='ltr'><strong>nobisque</strong></span> <span class='ocrx_word' id='word_1_150' title='bbox 3030 1367 3212 1430; x_wconf 85' lang='lat' dir='ltr'><strong>utiles,</strong></span> <span class='ocrx_word' id='word_1_151' title='bbox 3273 1380 3337 1420; x_wconf 89' lang='lat' dir='ltr'><strong>ac</strong></span> <span class='ocrx_word' id='word_1_152' title='bbox 3393 1364 3584 1419; x_wconf 86' lang='lat' dir='ltr'><strong>deinde</strong></span> <span class='ocrx_word' id='word_1_153' title='bbox 3629 1360 3773 1415; x_wconf 85' lang='lat' dir='ltr'><strong>vobis</strong></span> 
     </span>
    </p>
   </div>
   <div class='ocr_carea' id='block_1_12' title="bbox 523 1457 3774 1533">
    <p class='ocr_par' dir='ltr' id='par_1_12' title="bbox 523 1457 3774 1533">
     <span class='ocr_line' id='line_1_12' title="bbox 523 1457 3774 1533; baseline 0 -23"><span class='ocrx_word' id='word_1_154' title='bbox 523 1472 738 1528; x_wconf 89' lang='lat' dir='ltr'><strong>quoque</strong></span> <span class='ocrx_word' id='word_1_155' title='bbox 765 1457 1035 1529; x_wconf 82' lang='lat' dir='ltr'><strong>placentes</strong></span> <span class='ocrx_word' id='word_1_156' title='bbox 1069 1460 1552 1516; x_wconf 88' lang='lat' dir='ltr'><strong>subministrantur</strong></span> <span class='ocrx_word' id='word_1_157' title='bbox 1599 1478 1614 1515; x_wconf 89' lang='lat'><strong>:</strong></span> <span class='ocrx_word' id='word_1_158' title='bbox 1660 1471 1917 1532; x_wconf 88' lang='lat' dir='ltr'><strong>tantoque</strong></span> <span class='ocrx_word' id='word_1_159' title='bbox 1957 1462 2211 1518; x_wconf 87' lang='lat' dir='ltr'><strong>libentius</strong></span> <span class='ocrx_word' id='word_1_160' title='bbox 2279 1464 2404 1520; x_wconf 92' lang='lat' dir='ltr'><strong>dico</strong></span> <span class='ocrx_word' id='word_1_161' title='bbox 2447 1483 2464 1516; x_wconf 78' lang='grc' dir='ltr'><strong>ι</strong></span> <span class='ocrx_word' id='word_1_162' title='bbox 2527 1463 2743 1532; x_wconf 79' lang='lat' dir='ltr'><strong>deinde,</strong></span> <span class='ocrx_word' id='word_1_163' title='bbox 2776 1481 2795 1515; x_wconf 77' lang='grc' dir='ltr'><strong>ι</strong></span> <span class='ocrx_word' id='word_1_164' title='bbox 2865 1470 3065 1533; x_wconf 86' lang='lat' dir='ltr'><strong>quanto</strong></span> <span class='ocrx_word' id='word_1_165' title='bbox 3109 1459 3518 1517; x_wconf 84' lang='lat' dir='ltr'><strong>convenientius</strong></span> <span class='ocrx_word' id='word_1_166' title='bbox 3558 1466 3640 1512; x_wconf 84' lang='lat' dir='ltr'><strong>est</strong></span> <span class='ocrx_word' id='word_1_167' title='bbox 3682 1472 3774 1510; x_wconf 78' lang='lat' dir='ltr'><strong>na-</strong></span> 
     </span>
    </p>
   </div>
   <div class='ocr_carea' id='block_1_13' title="bbox 524 1549 3769 1624">
    <p class='ocr_par' dir='ltr' id='par_1_13' title="bbox 524 1549 3769 1624">
     <span class='ocr_line' id='line_1_13' title="bbox 524 1549 3769 1624; baseline 0.001 -22"><span class='ocrx_word' id='word_1_168' title='bbox 524 1557 701 1603; x_wconf 87' lang='lat' dir='ltr'><strong>turam</strong></span> <span class='ocrx_word' id='word_1_169' title='bbox 725 1559 961 1606; x_wconf 81' lang='lat' dir='ltr'><strong>creatam</strong></span> <span class='ocrx_word' id='word_1_170' title='bbox 991 1560 1112 1621; x_wconf 92' lang='lat' dir='ltr'><strong>post</strong></span> <span class='ocrx_word' id='word_1_171' title='bbox 1134 1551 1431 1606; x_wconf 87' lang='lat' dir='ltr'><strong>iucreatam</strong></span> <span class='ocrx_word' id='word_1_172' title='bbox 1458 1553 1734 1619; x_wconf 89' lang='lat' dir='ltr'><strong>collocari,</strong></span> <span class='ocrx_word' id='word_1_173' title='bbox 1762 1565 1924 1624; x_wconf 90' lang='lat' dir='ltr'><strong>atque</strong></span> <span class='ocrx_word' id='word_1_174' title='bbox 1956 1555 2029 1610; x_wconf 87' lang='lat' dir='ltr'><strong>ita</strong></span> <span class='ocrx_word' id='word_1_175' title='bbox 2059 1572 2089 1611; x_wconf 84' lang='lat' dir='ltr'><strong>a</strong></span> <span class='ocrx_word' id='word_1_176' title='bbox 2125 1557 2280 1613; x_wconf 89' lang='lat' dir='ltr'><strong>nobis</strong></span> <span class='ocrx_word' id='word_1_177' title='bbox 2310 1558 2561 1612; x_wconf 88' lang='lat' dir='ltr'><strong>decenter</strong></span> <span class='ocrx_word' id='word_1_178' title='bbox 2612 1555 3024 1612; x_wconf 87' lang='lat' dir='ltr'><strong>commemorari</strong></span> <span class='ocrx_word' id='word_1_179' title='bbox 3054 1574 3069 1606; x_wconf 89' lang='lat'><strong>:</strong></span> <span class='ocrx_word' id='word_1_180' title='bbox 3102 1553 3400 1624; x_wconf 86' lang='lat' dir='ltr'><strong>supplicate</strong></span> <span class='ocrx_word' id='word_1_181' title='bbox 3429 1549 3769 1620; x_wconf 84' lang='lat' dir='ltr'><strong>peculiariter</strong></span> 
     </span>
    </p>
   </div>
   <div class='ocr_carea' id='block_1_14' title="bbox 523 1640 3774 1718">
    <p class='ocr_par' dir='ltr' id='par_1_14' title="bbox 523 1640 3774 1718">
     <span class='ocr_line' id='line_1_14' title="bbox 523 1640 3774 1718; baseline -0 -25"><span class='ocrx_word' id='word_1_182' title='bbox 523 1654 755 1710; x_wconf 83' lang='lat' dir='ltr'><strong>prome,</strong></span> <span class='ocrx_word' id='word_1_183' title='bbox 817 1651 870 1697; x_wconf 90' lang='lat' dir='ltr'><strong>et</strong></span> <span class='ocrx_word' id='word_1_184' title='bbox 903 1656 1001 1712; x_wconf 88' lang='lat' dir='ltr'><strong>pro</strong></span> <span class='ocrx_word' id='word_1_185' title='bbox 1027 1641 1092 1696; x_wconf 88' lang='lat' dir='ltr'><strong>iis</strong></span> <span class='ocrx_word' id='word_1_186' title='bbox 1141 1642 1232 1711; x_wconf 90' lang='lat' dir='ltr'><strong>qui</strong></span> <span class='ocrx_word' id='word_1_187' title='bbox 1267 1642 1373 1697; x_wconf 90' lang='lat' dir='ltr'><strong>orti</strong></span> <span class='ocrx_word' id='word_1_188' title='bbox 1419 1652 1545 1698; x_wconf 86' lang='lat' dir='ltr'><strong>sunt</strong></span> <span class='ocrx_word' id='word_1_189' title='bbox 1605 1660 1671 1700; x_wconf 74' lang='lat' dir='ltr'><strong>ex</strong></span> <span class='ocrx_word' id='word_1_190' title='bbox 1737 1660 1844 1711; x_wconf 89' lang='lat' dir='ltr'><strong>me,</strong></span> <span class='ocrx_word' id='word_1_191' title='bbox 1881 1661 1945 1701; x_wconf 89' lang='lat' dir='ltr'><strong>ac</strong></span> <span class='ocrx_word' id='word_1_192' title='bbox 1983 1661 2082 1715; x_wconf 92' lang='lat' dir='ltr'><strong>pro</strong></span> <span class='ocrx_word' id='word_1_193' title='bbox 2141 1648 2207 1702; x_wconf 86' lang='lat' dir='ltr'><strong>iis</strong></span> <span class='ocrx_word' id='word_1_194' title='bbox 2268 1651 2358 1718; x_wconf 88' lang='lat' dir='ltr'><strong>qui</strong></span> <span class='ocrx_word' id='word_1_195' title='bbox 2402 1663 2617 1703; x_wconf 89' lang='lat' dir='ltr'><strong>mecum</strong></span> <span class='ocrx_word' id='word_1_196' title='bbox 2678 1657 2827 1711; x_wconf 90' lang='lat' dir='ltr'><strong>sunt,</strong></span> <span class='ocrx_word' id='word_1_197' title='bbox 2876 1657 2930 1701; x_wconf 91' lang='lat' dir='ltr'><strong>et</strong></span> <span class='ocrx_word' id='word_1_198' title='bbox 2985 1660 3083 1714; x_wconf 90' lang='lat' dir='ltr'><strong>pro</strong></span> <span class='ocrx_word' id='word_1_199' title='bbox 3145 1644 3396 1699; x_wconf 89' lang='lat' dir='ltr'><strong>omnibus</strong></span> <span class='ocrx_word' id='word_1_200' title='bbox 3448 1643 3570 1713; x_wconf 90' lang='lat' dir='ltr'><strong>(nec</strong></span> <span class='ocrx_word' id='word_1_201' title='bbox 3640 1640 3774 1695; x_wconf 90' lang='lat' dir='ltr'><strong>enim</strong></span> 
     </span>
    </p>
   </div>
   <div class='ocr_carea' id='block_1_15' title="bbox 523 1733 3778 1810">
    <p class='ocr_par' dir='ltr' id='par_1_15' title="bbox 523 1733 3778 1810">
     <span class='ocr_line' id='line_1_15' title="bbox 523 1733 3778 1810; baseline 0 -23"><span class='ocrx_word' id='word_1_202' title='bbox 523 1733 676 1788; x_wconf 80' lang='lat' dir='ltr'><strong>vobis</strong></span> <span class='ocrx_word' id='word_1_203' title='bbox 695 1747 1011 1790; x_wconf 90' lang='lat' dir='ltr'><strong>concessum</strong></span> <span class='ocrx_word' id='word_1_204' title='bbox 1037 1745 1142 1801; x_wconf 86' lang='lat' dir='ltr'><strong>est,</strong></span> <span class='ocrx_word' id='word_1_205' title='bbox 1167 1744 1226 1790; x_wconf 90' lang='lat' dir='ltr'><strong>ut</strong></span> <span class='ocrx_word' id='word_1_206' title='bbox 1247 1737 1540 1806; x_wconf 86' lang='lat' dir='ltr'><strong>quidquam</strong></span> <span class='ocrx_word' id='word_1_207' title='bbox 1601 1739 1850 1808; x_wconf 88' lang='lat' dir='ltr'><strong>amplius,</strong></span> <span class='ocrx_word' id='word_1_208' title='bbox 1904 1755 2065 1808; x_wconf 87' lang='lat' dir='ltr'><strong>quam</strong></span> <span class='ocrx_word' id='word_1_209' title='bbox 2125 1741 2245 1809; x_wconf 92' lang='lat' dir='ltr'><strong>hoc,</strong></span> <span class='ocrx_word' id='word_1_210' title='bbox 2303 1741 2456 1796; x_wconf 90' lang='lat' dir='ltr'><strong>nobis</strong></span> <span class='ocrx_word' id='word_1_211' title='bbox 2486 1740 2814 1810; x_wconf 56' lang='lat' dir='ltr'><strong>prabeatis),</strong></span> <span class='ocrx_word' id='word_1_212' title='bbox 2859 1749 2918 1793; x_wconf 91' lang='lat' dir='ltr'><strong>ut</strong></span> <span class='ocrx_word' id='word_1_213' title='bbox 2954 1747 3009 1794; x_wconf 89' lang='lat' dir='ltr'><strong>et</strong></span> <span class='ocrx_word' id='word_1_214' title='bbox 3053 1741 3104 1792; x_wconf 91' lang='lat' dir='ltr'><strong>in</strong></span> <span class='ocrx_word' id='word_1_215' title='bbox 3138 1753 3258 1792; x_wconf 89' lang='lat' dir='ltr'><strong>mea</strong></span> <span class='ocrx_word' id='word_1_216' title='bbox 3311 1736 3378 1792; x_wconf 91' lang='lat' dir='ltr'><strong>de</strong></span> <span class='ocrx_word' id='word_1_217' title='bbox 3412 1736 3515 1790; x_wconf 88' lang='lat' dir='ltr'><strong>hac</strong></span> <span class='ocrx_word' id='word_1_218' title='bbox 3560 1748 3617 1789; x_wconf 88' lang='lat' dir='ltr'><strong>re</strong></span> <span class='ocrx_word' id='word_1_219' title='bbox 3663 1747 3778 1789; x_wconf 86' lang='lat' dir='ltr'><strong>sen-</strong></span> 
     </span>
    </p>
   </div>
   <div class='ocr_carea' id='block_1_16' title="bbox 526 1822 3776 1902">
    <p class='ocr_par' dir='ltr' id='par_1_16' title="bbox 526 1822 3776 1902">
     <span class='ocr_line' id='line_1_16' title="bbox 526 1822 3776 1902; baseline -0.002 -18"><span class='ocrx_word' id='word_1_220' title='bbox 526 1827 691 1884; x_wconf 86' lang='lat' dir='ltr'><strong>tentia</strong></span> <span class='ocrx_word' id='word_1_221' title='bbox 761 1825 1053 1882; x_wconf 85' lang='lat' dir='ltr'><strong>immobilis</strong></span> <span class='ocrx_word' id='word_1_222' title='bbox 1101 1841 1470 1896; x_wconf 84' lang='lat' dir='ltr'><strong>permaneam,</strong></span> <span class='ocrx_word' id='word_1_223' title='bbox 1535 1837 1590 1883; x_wconf 91' lang='lat' dir='ltr'><strong>et</strong></span> <span class='ocrx_word' id='word_1_224' title='bbox 1648 1843 1836 1884; x_wconf 91' lang='lat' dir='ltr'><strong>omnes</strong></span> <span class='ocrx_word' id='word_1_225' title='bbox 1893 1846 2025 1885; x_wconf 64' lang='lat' dir='ltr'><strong>mere</strong></span> <span class='ocrx_word' id='word_1_226' title='bbox 2065 1846 2274 1900; x_wconf 88' lang='lat' dir='ltr'><strong>preces,</strong></span> <span class='ocrx_word' id='word_1_227' title='bbox 2329 1847 2464 1902; x_wconf 86' lang='lat' dir='ltr'><strong>quas</strong></span> <span class='ocrx_word' id='word_1_228' title='bbox 2505 1831 2653 1884; x_wconf 90' lang='lat' dir='ltr'><strong>novit</strong></span> <span class='ocrx_word' id='word_1_229' title='bbox 2692 1829 2802 1895; x_wconf 91' lang='lat' dir='ltr'><strong>illa,</strong></span> <span class='ocrx_word' id='word_1_230' title='bbox 2853 1843 2971 1900; x_wconf 67' lang='lat' dir='ltr'><strong>qua:</strong></span> <span class='ocrx_word' id='word_1_231' title='bbox 3025 1828 3139 1884; x_wconf 89' lang='lat' dir='ltr'><strong>sola</strong></span> <span class='ocrx_word' id='word_1_232' title='bbox 3201 1826 3351 1880; x_wconf 86' lang='lat' dir='ltr'><strong>novit</strong></span> <span class='ocrx_word' id='word_1_233' title='bbox 3381 1825 3586 1889; x_wconf 88' lang='lat' dir='ltr'><strong>omnia,</strong></span> <span class='ocrx_word' id='word_1_234' title='bbox 3615 1833 3670 1880; x_wconf 89' lang='lat' dir='ltr'><strong>et</strong></span> <span class='ocrx_word' id='word_1_235' title='bbox 3695 1822 3776 1878; x_wconf 91' lang='lat' dir='ltr'><strong>cui</strong></span> 
     </span>
    </p>
   </div>
   <div class='ocr_carea' id='block_1_17' title="bbox 525 1915 3783 1992">
    <p class='ocr_par' dir='ltr' id='par_1_17' title="bbox 525 1915 3783 1992">
     <span class='ocr_line' id='line_1_17' title="bbox 525 1915 3783 1992; baseline -0.001 -20"><span class='ocrx_word' id='word_1_236' title='bbox 525 1917 708 1972; x_wconf 87' lang='lat' dir='ltr'><strong>omnia</strong></span> <span class='ocrx_word' id='word_1_237' title='bbox 766 1929 1023 1987; x_wconf 89' lang='lat' dir='ltr'><strong>prospere</strong></span> <span class='ocrx_word' id='word_1_238' title='bbox 1069 1915 1122 1970; x_wconf 90' lang='lat' dir='ltr'><strong>in</strong></span> <span class='ocrx_word' id='word_1_239' title='bbox 1171 1925 1433 1971; x_wconf 78' lang='lat' dir='ltr'><strong>aeternum</strong></span> <span class='ocrx_word' id='word_1_240' title='bbox 1480 1917 1682 1972; x_wconf 89' lang='lat' dir='ltr'><strong>cedunt</strong></span> <span class='ocrx_word' id='word_1_241' title='bbox 1740 1919 1876 1990; x_wconf 81' lang='grc' dir='ltr'><strong>(Η),</strong></span> <span class='ocrx_word' id='word_1_242' title='bbox 1906 1921 2131 1990; x_wconf 88' lang='lat' dir='ltr'><strong>optima,</strong></span> <span class='ocrx_word' id='word_1_243' title='bbox 2181 1932 2236 1976; x_wconf 90' lang='lat' dir='ltr'><strong>et</strong></span> <span class='ocrx_word' id='word_1_244' title='bbox 2274 1937 2370 1992; x_wconf 91' lang='lat' dir='ltr'><strong>per</strong></span> <span class='ocrx_word' id='word_1_245' title='bbox 2415 1936 2475 1976; x_wconf 87' lang='lat' dir='ltr'><strong>se</strong></span> <span class='ocrx_word' id='word_1_246' title='bbox 2518 1921 2753 1992; x_wconf 83' lang='lat' dir='ltr'><strong>perfecta</strong></span> <span class='ocrx_word' id='word_1_247' title='bbox 2801 1931 2856 1976; x_wconf 88' lang='lat' dir='ltr'><strong>et</strong></span> <span class='ocrx_word' id='word_1_248' title='bbox 2917 1921 3192 1976; x_wconf 88' lang='lat' dir='ltr'><strong>individua</strong></span> <span class='ocrx_word' id='word_1_249' title='bbox 3226 1917 3484 1982; x_wconf 87' lang='lat' dir='ltr'><strong>Trinitas,</strong></span> <span class='ocrx_word' id='word_1_250' title='bbox 3555 1925 3783 1984; x_wconf 66' lang='lat' dir='ltr'><strong>accepta:</strong></span> 
     </span>
    </p>
   </div>
   <div class='ocr_carea' id='block_1_18' title="bbox 527 2007 3782 2088">
    <p class='ocr_par' dir='ltr' id='par_1_18' title="bbox 527 2007 3782 2088">
     <span class='ocr_line' id='line_1_18' title="bbox 527 2007 3782 2088; baseline -0.002 -22"><span class='ocrx_word' id='word_1_251' title='bbox 527 2012 660 2079; x_wconf 88' lang='lat' dir='ltr'><strong>sint,</strong></span> <span class='ocrx_word' id='word_1_252' title='bbox 716 2020 774 2066; x_wconf 92' lang='lat' dir='ltr'><strong>et</strong></span> <span class='ocrx_word' id='word_1_253' title='bbox 833 2009 1063 2081; x_wconf 78' lang='lat' dir='ltr'><strong>benigne</strong></span> <span class='ocrx_word' id='word_1_254' title='bbox 1110 2012 1442 2079; x_wconf 81' lang='lat' dir='ltr'><strong>audiantur;</strong></span> <span class='ocrx_word' id='word_1_255' title='bbox 1483 2027 1689 2082; x_wconf 86' lang='lat' dir='ltr'><strong>nosque</strong></span> <span class='ocrx_word' id='word_1_256' title='bbox 1727 2029 1850 2068; x_wconf 79' lang='lat' dir='ltr'><strong>cum</strong></span> <span class='ocrx_word' id='word_1_257' title='bbox 1902 2017 2154 2072; x_wconf 86' lang='lat' dir='ltr'><strong>omnibus</strong></span> <span class='ocrx_word' id='word_1_258' title='bbox 2190 2016 2315 2072; x_wconf 83' lang='lat' dir='ltr'><strong>filiis</strong></span> <span class='ocrx_word' id='word_1_259' title='bbox 2363 2016 2499 2088; x_wconf 71' lang='grc' dir='ltr'><strong>(Ιί),</strong></span> <span class='ocrx_word' id='word_1_260' title='bbox 2561 2032 2682 2072; x_wconf 87' lang='lat' dir='ltr'><strong>cum</strong></span> <span class='ocrx_word' id='word_1_261' title='bbox 2723 2023 2834 2071; x_wconf 88' lang='lat' dir='ltr'><strong>tota</strong></span> <span class='ocrx_word' id='word_1_262' title='bbox 2881 2018 3062 2079; x_wconf 88' lang='lat' dir='ltr'><strong>domo,</strong></span> <span class='ocrx_word' id='word_1_263' title='bbox 3115 2029 3241 2069; x_wconf 89' lang='lat' dir='ltr'><strong>cum</strong></span> <span class='ocrx_word' id='word_1_264' title='bbox 3290 2020 3399 2067; x_wconf 87' lang='lat' dir='ltr'><strong>tota</strong></span> <span class='ocrx_word' id='word_1_265' title='bbox 3458 2007 3684 2073; x_wconf 79' lang='lat' dir='ltr'><strong>familia,</strong></span> <span class='ocrx_word' id='word_1_266' title='bbox 3728 2015 3782 2060; x_wconf 84' lang='lat' dir='ltr'><strong>et</strong></span> 
     </span>
    </p>
   </div>
   <div class='ocr_carea' id='block_1_19' title="bbox 527 2103 3781 2184">
    <p class='ocr_par' dir='ltr' id='par_1_19' title="bbox 527 2103 3781 2184">
     <span class='ocr_line' id='line_1_19' title="bbox 527 2103 3781 2184; baseline -0.001 -24"><span class='ocrx_word' id='word_1_267' title='bbox 527 2121 650 2160; x_wconf 91' lang='lat' dir='ltr'><strong>cum</strong></span> <span class='ocrx_word' id='word_1_268' title='bbox 687 2105 936 2160; x_wconf 90' lang='lat' dir='ltr'><strong>omnibus</strong></span> <span class='ocrx_word' id='word_1_269' title='bbox 975 2105 1163 2160; x_wconf 86' lang='lat' dir='ltr'><strong>amicis</strong></span> <span class='ocrx_word' id='word_1_270' title='bbox 1199 2103 1382 2176; x_wconf 87' lang='lat' dir='ltr'><strong>[amici</strong></span> <span class='ocrx_word' id='word_1_271' title='bbox 1415 2121 1545 2159; x_wconf 82' lang='lat' dir='ltr'><strong>vero</strong></span> <span class='ocrx_word' id='word_1_272' title='bbox 1579 2107 1732 2162; x_wconf 90' lang='lat' dir='ltr'><strong>nobis</strong></span> <span class='ocrx_word' id='word_1_273' title='bbox 1797 2119 1923 2165; x_wconf 86' lang='lat' dir='ltr'><strong>sunt</strong></span> <span class='ocrx_word' id='word_1_274' title='bbox 1987 2111 2300 2184; x_wconf 75' lang='lat' dir='ltr'><strong>orthodoxi]</strong></span> <span class='ocrx_word' id='word_1_275' title='bbox 2329 2112 2607 2167; x_wconf 90' lang='lat' dir='ltr'><strong>vobiscum</strong></span> <span class='ocrx_word' id='word_1_276' title='bbox 2641 2126 2770 2176; x_wconf 89' lang='lat' dir='ltr'><strong>una,</strong></span> <span class='ocrx_word' id='word_1_277' title='bbox 2816 2120 2872 2166; x_wconf 91' lang='lat' dir='ltr'><strong>et</strong></span> <span class='ocrx_word' id='word_1_278' title='bbox 2931 2125 3051 2164; x_wconf 89' lang='lat' dir='ltr'><strong>cum</strong></span> <span class='ocrx_word' id='word_1_279' title='bbox 3119 2107 3370 2163; x_wconf 88' lang='lat' dir='ltr'><strong>omnibus</strong></span> <span class='ocrx_word' id='word_1_280' title='bbox 3413 2104 3619 2160; x_wconf 85' lang='lat' dir='ltr'><strong>sanctis</strong></span> <span class='ocrx_word' id='word_1_281' title='bbox 3667 2116 3781 2156; x_wconf 87' lang='lat' dir='ltr'><strong>eam</strong></span> 
     </span>
    </p>
   </div>
   <div class='ocr_carea' id='block_1_20' title="bbox 529 2196 3780 2272">
    <p class='ocr_par' dir='ltr' id='par_1_20' title="bbox 529 2196 3780 2272">
     <span class='ocr_line' id='line_1_20' title="bbox 529 2196 3780 2272; baseline -0.001 -22"><span class='ocrx_word' id='word_1_282' title='bbox 529 2197 770 2262; x_wconf 89' lang='lat' dir='ltr'><strong>laudare,</strong></span> <span class='ocrx_word' id='word_1_283' title='bbox 847 2197 1126 2267; x_wconf 85' lang='lat' dir='ltr'><strong>trisagium</strong></span> <span class='ocrx_word' id='word_1_284' title='bbox 1195 2197 1452 2266; x_wconf 88' lang='lat' dir='ltr'><strong>hymnum</strong></span> <span class='ocrx_word' id='word_1_285' title='bbox 1521 2200 1788 2266; x_wconf 90' lang='lat' dir='ltr'><strong>canendo,</strong></span> <span class='ocrx_word' id='word_1_286' title='bbox 1861 2202 1916 2255; x_wconf 91' lang='lat' dir='ltr'><strong>in</strong></span> <span class='ocrx_word' id='word_1_287' title='bbox 1991 2202 2142 2258; x_wconf 74' lang='lat' dir='ltr'><strong>ctelis</strong></span> <span class='ocrx_word' id='word_1_288' title='bbox 2212 2218 2309 2272; x_wconf 92' lang='lat' dir='ltr'><strong>per</strong></span> <span class='ocrx_word' id='word_1_289' title='bbox 2380 2202 2588 2258; x_wconf 79' lang='lat' dir='ltr'><strong>inﬁnita</strong></span> <span class='ocrx_word' id='word_1_290' title='bbox 2639 2202 2834 2258; x_wconf 57' lang='lat' dir='ltr'><strong>saecula</strong></span> <span class='ocrx_word' id='word_1_291' title='bbox 2902 2201 3259 2265; x_wconf 74' lang='lat' dir='ltr'><strong>szeculorum,</strong></span> <span class='ocrx_word' id='word_1_292' title='bbox 3321 2209 3377 2255; x_wconf 91' lang='lat' dir='ltr'><strong>et</strong></span> <span class='ocrx_word' id='word_1_293' title='bbox 3435 2196 3780 2267; x_wconf 88' lang='lat' dir='ltr'><strong>promissum,</strong></span> 
     </span>
    </p>
   </div>
   <div class='ocr_carea' id='block_1_21' title="bbox 531 2283 3782 2366">
    <p class='ocr_par' dir='ltr' id='par_1_21' title="bbox 531 2283 3782 2366">
     <span class='ocr_line' id='line_1_21' title="bbox 531 2283 3782 2366; baseline 0 -24"><span class='ocrx_word' id='word_1_294' title='bbox 531 2301 693 2358; x_wconf 81' lang='lat' dir='ltr'><strong>atque</strong></span> <span class='ocrx_word' id='word_1_295' title='bbox 760 2302 790 2341; x_wconf 91' lang='lat' dir='ltr'><strong>a</strong></span> <span class='ocrx_word' id='word_1_296' title='bbox 836 2287 994 2342; x_wconf 89' lang='lat' dir='ltr'><strong>nobis</strong></span> <span class='ocrx_word' id='word_1_297' title='bbox 1053 2285 1315 2342; x_wconf 90' lang='lat' dir='ltr'><strong>creditum</strong></span> <span class='ocrx_word' id='word_1_298' title='bbox 1366 2288 1797 2357; x_wconf 88' lang='lat' dir='ltr'><strong>interminabile,</strong></span> <span class='ocrx_word' id='word_1_299' title='bbox 1855 2304 1910 2348; x_wconf 89' lang='lat' dir='ltr'><strong>et</strong></span> <span class='ocrx_word' id='word_1_300' title='bbox 1983 2295 2319 2351; x_wconf 84' lang='lat' dir='ltr'><strong>individuum</strong></span> <span class='ocrx_word' id='word_1_301' title='bbox 2361 2295 2480 2364; x_wconf 90' lang='lat' dir='ltr'><strong>ejus</strong></span> <span class='ocrx_word' id='word_1_302' title='bbox 2553 2310 2776 2366; x_wconf 89' lang='lat' dir='ltr'><strong>regnum</strong></span> <span class='ocrx_word' id='word_1_303' title='bbox 2849 2311 2944 2365; x_wconf 88' lang='lat' dir='ltr'><strong>per</strong></span> <span class='ocrx_word' id='word_1_304' title='bbox 3002 2295 3230 2364; x_wconf 78' lang='lat' dir='ltr'><strong>gratiam</strong></span> <span class='ocrx_word' id='word_1_305' title='bbox 3313 2294 3480 2363; x_wconf 89' lang='lat' dir='ltr'><strong>ipsius</strong></span> <span class='ocrx_word' id='word_1_306' title='bbox 3535 2283 3782 2359; x_wconf 83' lang='lat' dir='ltr'><strong>consequi</strong></span> 
     </span>
    </p>
   </div>
   <div class='ocr_carea' id='block_1_22' title="bbox 533 2383 1630 2438">
    <p class='ocr_par' dir='ltr' id='par_1_22' title="bbox 533 2383 1630 2438">
     <span class='ocr_line' id='line_1_22' title="bbox 533 2383 1630 2438; baseline 0.001 -1"><span class='ocrx_word' id='word_1_307' title='bbox 533 2398 858 2437; x_wconf 84' lang='lat' dir='ltr'><strong>mereantur.</strong></span> <span class='ocrx_word' id='word_1_308' title='bbox 922 2383 1117 2436; x_wconf 86' lang='lat' dir='ltr'><strong>Amen.</strong></span> <span class='ocrx_word' id='word_1_309' title='bbox 1191 2383 1384 2438; x_wconf 84' lang='lat' dir='ltr'><strong>Amen.</strong></span> <span class='ocrx_word' id='word_1_310' title='bbox 1437 2384 1630 2438; x_wconf 80' lang='lat' dir='ltr'><strong>Amen.</strong></span> 
     </span>
    </p>
   </div>
   <div class='ocr_carea' id='block_1_23' title="bbox 609 2475 2116 2556">
    <p class='ocr_par' dir='ltr' id='par_1_23' title="bbox 609 2475 2107 2550">
     <span class='ocr_line' id='line_1_23' title="bbox 609 2475 2107 2550; baseline 0.003 -21"><span class='ocrx_word' id='word_1_311' title='bbox 609 2475 702 2529; x_wconf 77' lang='lat' dir='ltr'><strong>IX.</strong></span> <span class='ocrx_word' id='word_1_312' title='bbox 738 2475 844 2530; x_wconf 88' lang='lat' dir='ltr'><strong>Sed</strong></span> <span class='ocrx_word' id='word_1_313' title='bbox 864 2475 977 2546; x_wconf 87' lang='lat' dir='ltr'><strong>jam</strong></span> <span class='ocrx_word' id='word_1_314' title='bbox 1007 2485 1314 2545; x_wconf 86' lang='lat' dir='ltr'><strong>tempusest</strong></span> <span class='ocrx_word' id='word_1_315' title='bbox 1337 2477 1402 2532; x_wconf 87' lang='lat' dir='ltr'><strong>ad</strong></span> <span class='ocrx_word' id='word_1_316' title='bbox 1425 2477 1695 2548; x_wconf 89' lang='lat' dir='ltr'><strong>ittceptum</strong></span> <span class='ocrx_word' id='word_1_317' title='bbox 1733 2490 2107 2550; x_wconf 87' lang='lat' dir='ltr'><strong>argumentum</strong></span> 
     </span>
    </p>
   </div>
   <div class='ocr_carea' id='block_1_24' title="bbox 2223 2475 3787 2556">
    <p class='ocr_par' dir='ltr' id='par_1_24' title="bbox 2283 2480 3787 2556">
     <span class='ocr_line' id='line_1_24' title="bbox 2283 2480 3787 2556; baseline -0.001 -22"><span class='ocrx_word' id='word_1_318' title='bbox 2283 2482 2362 2535; x_wconf 81' lang='lat'><strong>6&#39;.</strong></span> <span class='ocrx_word' id='word_1_319' title='bbox 2411 2481 2551 2534; x_wconf 76' lang='grc' dir='ltr'>Ἀλλ’</span> <span class='ocrx_word' id='word_1_320' title='bbox 2583 2480 2704 2553; x_wconf 86' lang='grc' dir='ltr'>ὥρα</span> <span class='ocrx_word' id='word_1_321' title='bbox 2749 2481 2856 2553; x_wconf 86' lang='grc' dir='ltr'><strong>γάρ</strong></span> <span class='ocrx_word' id='word_1_322' title='bbox 2907 2481 2988 2546; x_wconf 72' lang='grc' dir='ltr'><strong>εἰς</strong></span> <span class='ocrx_word' id='word_1_323' title='bbox 3037 2483 3137 2554; x_wconf 81' lang='grc' dir='ltr'><strong>τὴν</strong></span> <span class='ocrx_word' id='word_1_324' title='bbox 3193 2481 3488 2556; x_wconf 74' lang='grc' dir='ltr'>ἀρχθεῖσαν</span> <span class='ocrx_word' id='word_1_325' title='bbox 3545 2480 3787 2535; x_wconf 78' lang='grc' dir='ltr'>ὑπόθεσιν</span> 
     </span>
    </p>
   </div>
   <div class='ocr_carea' id='block_1_25' title="bbox 535 2563 2113 2638">
    <p class='ocr_par' dir='ltr' id='par_1_25' title="bbox 535 2563 2113 2638">
     <span class='ocr_line' id='line_1_25' title="bbox 535 2563 2113 2638; baseline 0.003 -19"><span class='ocrx_word' id='word_1_326' title='bbox 535 2565 758 2621; x_wconf 81' lang='lat' dir='ltr'><strong>reverti.</strong></span> <span class='ocrx_word' id='word_1_327' title='bbox 797 2563 935 2630; x_wconf 81' lang='lat' dir='ltr'><strong>Quia</strong></span> <span class='ocrx_word' id='word_1_328' title='bbox 964 2581 1066 2619; x_wconf 87' lang='lat' dir='ltr'><strong>una</strong></span> <span class='ocrx_word' id='word_1_329' title='bbox 1102 2581 1223 2621; x_wconf 91' lang='lat' dir='ltr'><strong>cum</strong></span> <span class='ocrx_word' id='word_1_330' title='bbox 1250 2565 1483 2632; x_wconf 88' lang='lat' dir='ltr'><strong>Christo,</strong></span> <span class='ocrx_word' id='word_1_331' title='bbox 1513 2578 1696 2638; x_wconf 86' lang='lat' dir='ltr'><strong>utpote</strong></span> <span class='ocrx_word' id='word_1_332' title='bbox 1725 2568 1868 2625; x_wconf 87' lang='lat' dir='ltr'><strong>Deus</strong></span> <span class='ocrx_word' id='word_1_333' title='bbox 1893 2580 1947 2625; x_wconf 89' lang='lat' dir='ltr'><strong>et</strong></span> <span class='ocrx_word' id='word_1_334' title='bbox 1969 2569 2113 2624; x_wconf 87' lang='lat' dir='ltr'><strong>Con-</strong></span> 
     </span>
    </p>
   </div>
   <div class='ocr_carea' id='block_1_26' title="bbox 536 2654 2108 2728">
    <p class='ocr_par' dir='ltr' id='par_1_26' title="bbox 536 2654 2108 2728">
     <span class='ocr_line' id='line_1_26' title="bbox 536 2654 2108 2728; baseline 0.005 -20"><span class='ocrx_word' id='word_1_335' title='bbox 536 2655 699 2721; x_wconf 85' lang='lat' dir='ltr'><strong>ditor,</strong></span> <span class='ocrx_word' id='word_1_336' title='bbox 723 2654 1066 2724; x_wconf 80' lang='lat' dir='ltr'><strong>iudicaturus</strong></span> <span class='ocrx_word' id='word_1_337' title='bbox 1105 2666 1190 2711; x_wconf 92' lang='lat' dir='ltr'><strong>est</strong></span> <span class='ocrx_word' id='word_1_338' title='bbox 1246 2658 1429 2713; x_wconf 91' lang='lat' dir='ltr'><strong>omnia</strong></span> <span class='ocrx_word' id='word_1_339' title='bbox 1463 2658 1696 2728; x_wconf 90' lang='lat' dir='ltr'><strong>Spiritus</strong></span> <span class='ocrx_word' id='word_1_340' title='bbox 1734 2669 1972 2716; x_wconf 89' lang='lat' dir='ltr'><strong>sanctus.</strong></span> <span class='ocrx_word' id='word_1_341' title='bbox 2002 2659 2108 2716; x_wconf 86' lang='lat' dir='ltr'><strong>Cu-</strong></span> 
     </span>
    </p>
   </div>
   <div class='ocr_carea' id='block_1_27' title="bbox 531 2746 2114 2819">
    <p class='ocr_par' dir='ltr' id='par_1_27' title="bbox 531 2746 2114 2819">
     <span class='ocr_line' id='line_1_27' title="bbox 531 2746 2114 2819; baseline 0.005 -19"><span class='ocrx_word' id='word_1_342' title='bbox 531 2747 624 2813; x_wconf 80' lang='lat' dir='ltr'><strong>jus</strong></span> <span class='ocrx_word' id='word_1_343' title='bbox 649 2755 733 2801; x_wconf 84' lang='lat' dir='ltr'><strong>est</strong></span> <span class='ocrx_word' id='word_1_344' title='bbox 757 2748 899 2802; x_wconf 91' lang='lat' dir='ltr'><strong>enim</strong></span> <span class='ocrx_word' id='word_1_345' title='bbox 930 2747 1112 2801; x_wconf 88' lang='lat' dir='ltr'><strong>omnia</strong></span> <span class='ocrx_word' id='word_1_346' title='bbox 1146 2746 1416 2815; x_wconf 87' lang='lat' dir='ltr'><strong>judicare,</strong></span> <span class='ocrx_word' id='word_1_347' title='bbox 1451 2750 1553 2804; x_wconf 91' lang='lat' dir='ltr'><strong>nisi</strong></span> <span class='ocrx_word' id='word_1_348' title='bbox 1585 2749 1700 2819; x_wconf 89' lang='lat' dir='ltr'><strong>ejus</strong></span> <span class='ocrx_word' id='word_1_349' title='bbox 1731 2751 1822 2819; x_wconf 87' lang='lat' dir='ltr'><strong>qui</strong></span> <span class='ocrx_word' id='word_1_350' title='bbox 1887 2751 2114 2808; x_wconf 85' lang='lat' dir='ltr'><strong>Deitatis</strong></span> 
     </span>
    </p>
   </div>
   <div class='ocr_carea' id='block_1_28' title="bbox 534 2838 2114 2909">
    <p class='ocr_par' dir='ltr' id='par_1_28' title="bbox 534 2838 2114 2909">
     <span class='ocr_line' id='line_1_28' title="bbox 534 2838 2114 2909; baseline 0.004 -15"><span class='ocrx_word' id='word_1_351' title='bbox 534 2847 590 2894; x_wconf 90' lang='lat' dir='ltr'><strong>et</strong></span> <span class='ocrx_word' id='word_1_352' title='bbox 629 2840 790 2909; x_wconf 73' lang='lat' dir='ltr'><strong>regia:</strong></span> <span class='ocrx_word' id='word_1_353' title='bbox 821 2838 1206 2895; x_wconf 83' lang='lat' dir='ltr'><strong>dominationis</strong></span> <span class='ocrx_word' id='word_1_354' title='bbox 1238 2842 1669 2897; x_wconf 89' lang='lat' dir='ltr'><strong>communionem</strong></span> <span class='ocrx_word' id='word_1_355' title='bbox 1714 2859 1836 2899; x_wconf 91' lang='lat' dir='ltr'><strong>cum</strong></span> <span class='ocrx_word' id='word_1_356' title='bbox 1885 2844 1974 2899; x_wconf 94' lang='lat' dir='ltr'><strong>illo</strong></span> <span class='ocrx_word' id='word_1_357' title='bbox 2019 2846 2114 2900; x_wconf 83' lang='lat' dir='ltr'><strong>ba-</strong></span> 
     </span>
    </p>
   </div>
   <div class='ocr_carea' id='block_1_29' title="bbox 543 2931 2114 3008">
    <p class='ocr_par' dir='ltr' id='par_1_29' title="bbox 543 2931 2114 3008">
     <span class='ocr_line' id='line_1_29' title="bbox 543 2931 2114 3008; baseline 0.005 -22"><span class='ocrx_word' id='word_1_358' title='bbox 543 2931 656 2999; x_wconf 90' lang='lat' dir='ltr'><strong>bet,</strong></span> <span class='ocrx_word' id='word_1_359' title='bbox 684 2933 774 3002; x_wconf 89' lang='lat' dir='ltr'><strong>qui</strong></span> <span class='ocrx_word' id='word_1_360' title='bbox 803 2933 916 3002; x_wconf 85' lang='lat' dir='ltr'><strong>ipsa</strong></span> <span class='ocrx_word' id='word_1_361' title='bbox 947 2934 1119 2988; x_wconf 80' lang='lat' dir='ltr'><strong>fecit?</strong></span> <span class='ocrx_word' id='word_1_362' title='bbox 1151 2933 1226 2988; x_wconf 91' lang='lat' dir='ltr'><strong>lta</strong></span> <span class='ocrx_word' id='word_1_363' title='bbox 1260 2935 1546 3004; x_wconf 86' lang='lat' dir='ltr'><strong>prophetat</strong></span> <span class='ocrx_word' id='word_1_364' title='bbox 1573 2937 1740 2992; x_wconf 85' lang='lat' dir='ltr'><strong>Isaias</strong></span> <span class='ocrx_word' id='word_1_365' title='bbox 1767 2954 1782 2992; x_wconf 87' lang='lat'><strong>:</strong></span> <span class='ocrx_word' id='word_1_366' title='bbox 1811 2957 1829 2990; x_wconf 79' lang='lat' dir='ltr'><strong>r</strong></span> <span class='ocrx_word' id='word_1_367' title='bbox 1857 2937 2114 3008; x_wconf 81' lang='lat' dir='ltr'><strong>Egredie-</strong></span> 
     </span>
    </p>
   </div>
   <div class='ocr_carea' id='block_1_30' title="bbox 540 3023 2112 3101">
    <p class='ocr_par' dir='ltr' id='par_1_30' title="bbox 540 3023 2112 3101">
     <span class='ocr_line' id='line_1_30' title="bbox 540 3023 2112 3101; baseline 0.006 -24"><span class='ocrx_word' id='word_1_368' title='bbox 540 3033 628 3078; x_wconf 91' lang='lat' dir='ltr'><strong>tur</strong></span> <span class='ocrx_word' id='word_1_369' title='bbox 657 3023 770 3095; x_wconf 76' lang='grc'><strong>(15)</strong></span> <span class='ocrx_word' id='word_1_370' title='bbox 802 3027 950 3095; x_wconf 81' lang='lat' dir='ltr'><strong>virga</strong></span> <span class='ocrx_word' id='word_1_371' title='bbox 973 3043 1040 3080; x_wconf 71' lang='lat' dir='ltr'><strong>ex</strong></span> <span class='ocrx_word' id='word_1_372' title='bbox 1068 3027 1248 3082; x_wconf 85' lang='lat' dir='ltr'><strong>radice</strong></span> <span class='ocrx_word' id='word_1_373' title='bbox 1278 3026 1452 3093; x_wconf 78' lang='lat' dir='ltr'><strong>Jesse,</strong></span> <span class='ocrx_word' id='word_1_374' title='bbox 1484 3039 1539 3084; x_wconf 90' lang='lat' dir='ltr'><strong>et</strong></span> <span class='ocrx_word' id='word_1_375' title='bbox 1572 3027 1668 3084; x_wconf 87' lang='lat' dir='ltr'><strong>llos</strong></span> <span class='ocrx_word' id='word_1_376' title='bbox 1692 3045 1758 3084; x_wconf 80' lang='lat' dir='ltr'><strong>ex</strong></span> <span class='ocrx_word' id='word_1_377' title='bbox 1796 3031 1977 3085; x_wconf 90' lang='lat' dir='ltr'><strong>radice</strong></span> <span class='ocrx_word' id='word_1_378' title='bbox 1999 3031 2112 3101; x_wconf 73' lang='grc'><strong>(14)</strong></span> 
     </span>
    </p>
   </div>
   <div class='ocr_carea' id='block_1_31' title="bbox 539 3116 2110 3193">
    <p class='ocr_par' dir='ltr' id='par_1_31' title="bbox 539 3116 2110 3193">
     <span class='ocr_line' id='line_1_31' title="bbox 539 3116 2110 3193; baseline 0.005 -25"><span class='ocrx_word' id='word_1_379' title='bbox 539 3118 814 3171; x_wconf 88' lang='lat' dir='ltr'><strong>ascendet.</strong></span> <span class='ocrx_word' id='word_1_380' title='bbox 841 3116 907 3171; x_wconf 87' lang='lat' dir='ltr'><strong>Et</strong></span> <span class='ocrx_word' id='word_1_381' title='bbox 937 3118 1243 3186; x_wconf 89' lang='lat' dir='ltr'><strong>requiescet</strong></span> <span class='ocrx_word' id='word_1_382' title='bbox 1268 3134 1430 3189; x_wconf 92' lang='lat' dir='ltr'><strong>super</strong></span> <span class='ocrx_word' id='word_1_383' title='bbox 1455 3134 1577 3174; x_wconf 88' lang='lat' dir='ltr'><strong>eunt</strong></span> <span class='ocrx_word' id='word_1_384' title='bbox 1606 3119 1840 3190; x_wconf 90' lang='lat' dir='ltr'><strong>Spiritus</strong></span> <span class='ocrx_word' id='word_1_385' title='bbox 1866 3121 1955 3176; x_wconf 90' lang='lat' dir='ltr'><strong>Dei</strong></span> <span class='ocrx_word' id='word_1_386' title='bbox 1977 3122 2110 3193; x_wconf 82' lang='grc'><strong>(15),</strong></span> 
     </span>
    </p>
   </div>
   <div class='ocr_carea' id='block_1_32' title="bbox 537 3206 2114 3282">
    <p class='ocr_par' dir='ltr' id='par_1_32' title="bbox 537 3206 2114 3282">
     <span class='ocr_line' id='line_1_32' title="bbox 537 3206 2114 3282; baseline 0.007 -22"><span class='ocrx_word' id='word_1_387' title='bbox 537 3206 767 3274; x_wconf 81' lang='lat' dir='ltr'><strong>Spiritus</strong></span> <span class='ocrx_word' id='word_1_388' title='bbox 800 3208 1081 3276; x_wconf 79' lang='lat' dir='ltr'><strong>sapientiae</strong></span> <span class='ocrx_word' id='word_1_389' title='bbox 1103 3219 1157 3262; x_wconf 91' lang='lat' dir='ltr'><strong>et</strong></span> <span class='ocrx_word' id='word_1_390' title='bbox 1187 3209 1517 3278; x_wconf 89' lang='lat' dir='ltr'><strong>intellectus,</strong></span> <span class='ocrx_word' id='word_1_391' title='bbox 1550 3211 1784 3282; x_wconf 83' lang='lat' dir='ltr'><strong>Spiritus</strong></span> <span class='ocrx_word' id='word_1_392' title='bbox 1813 3215 2029 3270; x_wconf 82' lang='lat' dir='ltr'><strong>consilii</strong></span> <span class='ocrx_word' id='word_1_393' title='bbox 2059 3229 2114 3271; x_wconf 91' lang='lat' dir='ltr'><strong>et</strong></span> 
     </span>
    </p>
   </div>
   <div class='ocr_carea' id='block_1_33' title="bbox 537 3295 2114 3374">
    <p class='ocr_par' dir='ltr' id='par_1_33' title="bbox 537 3295 2114 3374">
     <span class='ocr_line' id='line_1_33' title="bbox 537 3295 2114 3374; baseline 0.008 -26"><span class='ocrx_word' id='word_1_394' title='bbox 537 3295 892 3362; x_wconf 77' lang='lat' dir='ltr'><strong>fortitudinis,</strong></span> <span class='ocrx_word' id='word_1_395' title='bbox 927 3297 1164 3367; x_wconf 86' lang='lat' dir='ltr'><strong>Spiritus</strong></span> <span class='ocrx_word' id='word_1_396' title='bbox 1207 3300 1449 3354; x_wconf 71' lang='lat' dir='ltr'><strong>scientiae</strong></span> <span class='ocrx_word' id='word_1_397' title='bbox 1483 3311 1538 3354; x_wconf 91' lang='lat' dir='ltr'><strong>et</strong></span> <span class='ocrx_word' id='word_1_398' title='bbox 1569 3304 1818 3372; x_wconf 89' lang='lat' dir='ltr'><strong>pietatis;</strong></span> <span class='ocrx_word' id='word_1_399' title='bbox 1847 3314 1901 3360; x_wconf 90' lang='lat' dir='ltr'><strong>et</strong></span> <span class='ocrx_word' id='word_1_400' title='bbox 1941 3305 2114 3374; x_wconf 78' lang='lat' dir='ltr'><strong>reple-</strong></span> 
     </span>
    </p>
   </div>
   <div class='ocr_carea' id='block_1_34' title="bbox 540 3388 2115 3465">
    <p class='ocr_par' dir='ltr' id='par_1_34' title="bbox 540 3388 2115 3465">
     <span class='ocr_line' id='line_1_34' title="bbox 540 3388 2115 3465; baseline 0.008 -26"><span class='ocrx_word' id='word_1_401' title='bbox 540 3388 616 3440; x_wconf 91' lang='lat' dir='ltr'><strong>bit</strong></span> <span class='ocrx_word' id='word_1_402' title='bbox 643 3403 768 3443; x_wconf 86' lang='lat' dir='ltr'><strong>eum</strong></span> <span class='ocrx_word' id='word_1_403' title='bbox 802 3389 1037 3458; x_wconf 91' lang='lat' dir='ltr'><strong>Spiritus</strong></span> <span class='ocrx_word' id='word_1_404' title='bbox 1069 3391 1282 3446; x_wconf 88' lang='lat' dir='ltr'><strong>timoris</strong></span> <span class='ocrx_word' id='word_1_405' title='bbox 1308 3391 1426 3448; x_wconf 89' lang='lat' dir='ltr'><strong>Dei.</strong></span> <span class='ocrx_word' id='word_1_406' title='bbox 1454 3392 1570 3447; x_wconf 84' lang='lat' dir='ltr'><strong>Non</strong></span> <span class='ocrx_word' id='word_1_407' title='bbox 1593 3397 1888 3450; x_wconf 92' lang='lat' dir='ltr'><strong>secundum</strong></span> <span class='ocrx_word' id='word_1_408' title='bbox 1912 3396 2115 3465; x_wconf 88' lang='lat' dir='ltr'><strong>opinio-</strong></span> 
     </span>
    </p>
   </div>
   <div class='ocr_carea' id='block_1_35' title="bbox 540 3481 2111 3558">
    <p class='ocr_par' dir='ltr' id='par_1_35' title="bbox 540 3481 2111 3558">
     <span class='ocr_line' id='line_1_35' title="bbox 540 3481 2111 3558; baseline 0.008 -29"><span class='ocrx_word' id='word_1_409' title='bbox 540 3493 660 3533; x_wconf 89' lang='lat' dir='ltr'><strong>nem</strong></span> <span class='ocrx_word' id='word_1_410' title='bbox 701 3481 986 3548; x_wconf 85' lang='lat' dir='ltr'><strong>judicabit,</strong></span> <span class='ocrx_word' id='word_1_411' title='bbox 1045 3497 1220 3551; x_wconf 89' lang='lat' dir='ltr'><strong>neque</strong></span> <span class='ocrx_word' id='word_1_412' title='bbox 1265 3484 1560 3538; x_wconf 86' lang='lat' dir='ltr'><strong>secundum</strong></span> <span class='ocrx_word' id='word_1_413' title='bbox 1602 3485 1866 3554; x_wconf 88' lang='lat' dir='ltr'><strong>loquelam</strong></span> <span class='ocrx_word' id='word_1_414' title='bbox 1903 3498 2111 3558; x_wconf 87' lang='lat' dir='ltr'><strong>arguet.</strong></span> 
     </span>
    </p>
   </div>
   <div class='ocr_carea' id='block_1_36' title="bbox 540 3569 2116 3646">
    <p class='ocr_par' dir='ltr' id='par_1_36' title="bbox 540 3569 2116 3646">
     <span class='ocr_line' id='line_1_36' title="bbox 540 3569 2116 3646; baseline 0.006 -23"><span class='ocrx_word' id='word_1_415' title='bbox 540 3569 645 3624; x_wconf 87' lang='lat' dir='ltr'><strong>Sed</strong></span> <span class='ocrx_word' id='word_1_416' title='bbox 675 3571 940 3640; x_wconf 78' lang='lat' dir='ltr'><strong>iudicabit</strong></span> <span class='ocrx_word' id='word_1_417' title='bbox 976 3572 1162 3627; x_wconf 89' lang='lat' dir='ltr'><strong>humili</strong></span> <span class='ocrx_word' id='word_1_418' title='bbox 1197 3573 1364 3646; x_wconf 53' lang='lat'><strong>20‘,</strong></span> <span class='ocrx_word' id='word_1_419' title='bbox 1391 3574 1677 3643; x_wconf 86' lang='lat' dir='ltr'><strong>judicium,</strong></span> <span class='ocrx_word' id='word_1_420' title='bbox 1717 3588 1771 3631; x_wconf 91' lang='lat' dir='ltr'><strong>et</strong></span> <span class='ocrx_word' id='word_1_421' title='bbox 1804 3589 1994 3646; x_wconf 88' lang='lat' dir='ltr'><strong>arguet</strong></span> <span class='ocrx_word' id='word_1_422' title='bbox 2020 3595 2116 3633; x_wconf 61' lang='lat' dir='ltr'><strong>sua-</strong></span> 
     </span>
    </p>
   </div>
   <div class='ocr_carea' id='block_1_37' title="bbox 541 3657 2116 3738">
    <p class='ocr_par' dir='ltr' id='par_1_37' title="bbox 541 3657 2116 3738">
     <span class='ocr_line' id='line_1_37' title="bbox 541 3657 2116 3738; baseline 0.004 -22"><span class='ocrx_word' id='word_1_423' title='bbox 541 3662 733 3729; x_wconf 83' lang='lat' dir='ltr'><strong>perbos</strong></span> <span class='ocrx_word' id='word_1_424' title='bbox 757 3663 895 3734; x_wconf 84' lang='lat' dir='ltr'><strong>(l6),</strong></span> <span class='ocrx_word' id='word_1_425' title='bbox 926 3673 981 3717; x_wconf 91' lang='lat' dir='ltr'><strong>et</strong></span> <span class='ocrx_word' id='word_1_426' title='bbox 1013 3664 1264 3720; x_wconf 86' lang='lat' dir='ltr'><strong>liberabit</strong></span> <span class='ocrx_word' id='word_1_427' title='bbox 1297 3657 1527 3720; x_wconf 80' lang='lat' dir='ltr'><strong>humiles</strong></span> <span class='ocrx_word' id='word_1_428' title='bbox 1555 3674 1734 3728; x_wconf 63' lang='lat' dir='ltr'><strong>terra,</strong></span> <span class='ocrx_word' id='word_1_429' title='bbox 1765 3678 1818 3722; x_wconf 91' lang='lat' dir='ltr'><strong>et</strong></span> <span class='ocrx_word' id='word_1_430' title='bbox 1851 3672 2116 3738; x_wconf 91' lang='lat' dir='ltr'><strong>percutiet</strong></span> 
     </span>
    </p>
   </div>
   <div class='ocr_carea' id='block_1_38' title="bbox 544 3753 2114 3826">
    <p class='ocr_par' dir='ltr' id='par_1_38' title="bbox 544 3753 2114 3826">
     <span class='ocr_line' id='line_1_38' title="bbox 544 3753 2114 3826; baseline 0.005 -20"><span class='ocrx_word' id='word_1_431' title='bbox 544 3763 743 3807; x_wconf 89' lang='lat' dir='ltr'><strong>terram</strong></span> <span class='ocrx_word' id='word_1_432' title='bbox 775 3753 944 3809; x_wconf 83' lang='lat' dir='ltr'><strong>verbo</strong></span> <span class='ocrx_word' id='word_1_433' title='bbox 973 3754 1087 3808; x_wconf 92' lang='lat' dir='ltr'><strong>oris</strong></span> <span class='ocrx_word' id='word_1_434' title='bbox 1110 3754 1214 3818; x_wconf 88' lang='lat' dir='ltr'><strong>sui,</strong></span> <span class='ocrx_word' id='word_1_435' title='bbox 1239 3765 1295 3809; x_wconf 90' lang='lat' dir='ltr'><strong>et</strong></span> <span class='ocrx_word' id='word_1_436' title='bbox 1323 3756 1375 3808; x_wconf 92' lang='lat' dir='ltr'><strong>in</strong></span> <span class='ocrx_word' id='word_1_437' title='bbox 1415 3754 1618 3824; x_wconf 88' lang='lat' dir='ltr'><strong>Spiritu</strong></span> <span class='ocrx_word' id='word_1_438' title='bbox 1659 3773 1754 3826; x_wconf 76' lang='lat' dir='ltr'><strong>per</strong></span> <span class='ocrx_word' id='word_1_439' title='bbox 1777 3758 1916 3812; x_wconf 89' lang='lat' dir='ltr'><strong>labia</strong></span> <span class='ocrx_word' id='word_1_440' title='bbox 1945 3759 2114 3814; x_wconf 87' lang='lat' dir='ltr'><strong>inter-</strong></span> 
     </span>
    </p>
   </div>
   <div class='ocr_carea' id='block_1_39' title="bbox 2215 2567 3784 2644">
    <p class='ocr_par' dir='ltr' id='par_1_39' title="bbox 2215 2567 3784 2644">
     <span class='ocr_line' id='line_1_39' title="bbox 2215 2567 3784 2644; baseline -0.001 -19"><span class='ocrx_word' id='word_1_441' title='bbox 2215 2567 2376 2634; x_wconf 79' lang='grc' dir='ltr'>αὖθις</span> <span class='ocrx_word' id='word_1_442' title='bbox 2418 2567 2510 2624; x_wconf 81' lang='grc' dir='ltr'><strong>οὖν</strong></span> <span class='ocrx_word' id='word_1_443' title='bbox 2553 2571 2824 2624; x_wconf 80' lang='grc' dir='ltr'>τείνεσθαι</span> <span class='ocrx_word' id='word_1_444' title='bbox 2855 2570 2948 2642; x_wconf 80' lang='grc'><strong>[95</strong></span> <span class='ocrx_word' id='word_1_445' title='bbox 3003 2571 3080 2644; x_wconf 88' lang='lat' dir='ltr'><strong>a].</strong></span> <span class='ocrx_word' id='word_1_446' title='bbox 3121 2572 3242 2626; x_wconf 76' lang='grc' dir='ltr'><strong>Ὀτι</strong></span> <span class='ocrx_word' id='word_1_447' title='bbox 3290 2573 3388 2627; x_wconf 79' lang='grc' dir='ltr'><strong>σὺν</strong></span> <span class='ocrx_word' id='word_1_448' title='bbox 3435 2573 3518 2644; x_wconf 78' lang='grc' dir='ltr'><strong>τῷ</strong></span> <span class='ocrx_word' id='word_1_449' title='bbox 3558 2569 3784 2642; x_wconf 80' lang='grc' dir='ltr'>Χριστῷ,</span> 
     </span>
    </p>
   </div>
   <div class='ocr_carea' id='block_1_40' title="bbox 2216 2660 3790 2734">
    <p class='ocr_par' dir='ltr' id='par_1_40' title="bbox 2216 2660 3790 2734">
     <span class='ocr_line' id='line_1_40' title="bbox 2216 2660 3790 2734; baseline -0.003 -19"><span class='ocrx_word' id='word_1_450' title='bbox 2216 2661 2315 2715; x_wconf 79' lang='grc' dir='ltr'><strong>ἅτε</strong></span> <span class='ocrx_word' id='word_1_451' title='bbox 2347 2660 2482 2725; x_wconf 81' lang='grc' dir='ltr'>Θεός</span> <span class='ocrx_word' id='word_1_452' title='bbox 2519 2662 2612 2714; x_wconf 73' lang='grc' dir='ltr'><strong>καὶ</strong></span> <span class='ocrx_word' id='word_1_453' title='bbox 2653 2662 3012 2734; x_wconf 76' lang='grc' dir='ltr'>Δημιουργὸς,</span> <span class='ocrx_word' id='word_1_454' title='bbox 3039 2663 3102 2716; x_wconf 77' lang='grc' dir='ltr'><strong>τὸ</strong></span> <span class='ocrx_word' id='word_1_455' title='bbox 3147 2662 3302 2731; x_wconf 76' lang='grc' dir='ltr'>ἅγιον</span> <span class='ocrx_word' id='word_1_456' title='bbox 3342 2661 3570 2732; x_wconf 88' lang='grc' dir='ltr'>Πνεῦμα</span> <span class='ocrx_word' id='word_1_457' title='bbox 3599 2661 3790 2733; x_wconf 80' lang='grc' dir='ltr'>κρίνειν</span> 
     </span>
    </p>
   </div>
   <div class='ocr_carea' id='block_1_41' title="bbox 2217 2749 3790 2826">
    <p class='ocr_par' dir='ltr' id='par_1_41' title="bbox 2217 2749 3790 2826">
     <span class='ocr_line' id='line_1_41' title="bbox 2217 2749 3790 2826; baseline -0.003 -18"><span class='ocrx_word' id='word_1_458' title='bbox 2217 2753 2406 2825; x_wconf 80' lang='grc' dir='ltr'>μέλλει</span> <span class='ocrx_word' id='word_1_459' title='bbox 2443 2753 2510 2806; x_wconf 75' lang='grc' dir='ltr'><strong>τὰ</strong></span> <span class='ocrx_word' id='word_1_460' title='bbox 2550 2755 2746 2808; x_wconf 86' lang='grc' dir='ltr'>πάντα.</span> <span class='ocrx_word' id='word_1_461' title='bbox 2771 2755 2928 2818; x_wconf 83' lang='grc' dir='ltr'><strong>Τίνος</strong></span> <span class='ocrx_word' id='word_1_462' title='bbox 2973 2755 3082 2826; x_wconf 77' lang='grc' dir='ltr'><strong>γὰρ</strong></span> <span class='ocrx_word' id='word_1_463' title='bbox 3116 2755 3211 2808; x_wconf 76' lang='grc' dir='ltr'>καὶ</span> <span class='ocrx_word' id='word_1_464' title='bbox 3237 2754 3382 2808; x_wconf 76' lang='grc' dir='ltr'>ἐστιν</span> <span class='ocrx_word' id='word_1_465' title='bbox 3409 2757 3613 2825; x_wconf 79' lang='grc' dir='ltr'>κρῖναι,</span> <span class='ocrx_word' id='word_1_466' title='bbox 3645 2752 3677 2824; x_wconf 74' lang='grc' dir='ltr'><strong>ἢ</strong></span> <span class='ocrx_word' id='word_1_467' title='bbox 3706 2749 3790 2805; x_wconf 87' lang='grc' dir='ltr'><strong>τοῦ</strong></span> 
     </span>
    </p>
   </div>
   <div class='ocr_carea' id='block_1_42' title="bbox 2215 2843 3793 2917">
    <p class='ocr_par' dir='ltr' id='par_1_42' title="bbox 2215 2843 3793 2917">
     <span class='ocr_line' id='line_1_42' title="bbox 2215 2843 3793 2917; baseline -0.003 -17"><span class='ocrx_word' id='word_1_468' title='bbox 2215 2845 2504 2901; x_wconf 82' lang='grc' dir='ltr'>κοινωνίαν</span> <span class='ocrx_word' id='word_1_469' title='bbox 2527 2843 2742 2916; x_wconf 74' lang='grc' dir='ltr'>ἔχοντος</span> <span class='ocrx_word' id='word_1_470' title='bbox 2774 2846 2912 2917; x_wconf 83' lang='grc' dir='ltr'>πρὸς</span> <span class='ocrx_word' id='word_1_471' title='bbox 2934 2847 3024 2900; x_wconf 83' lang='grc' dir='ltr'><strong>τὸν</strong></span> <span class='ocrx_word' id='word_1_472' title='bbox 3048 2847 3350 2915; x_wconf 85' lang='grc' dir='ltr'>ποιήσαντα</span> <span class='ocrx_word' id='word_1_473' title='bbox 3384 2845 3526 2900; x_wconf 82' lang='grc' dir='ltr'><strong>αὺτά</strong></span> <span class='ocrx_word' id='word_1_474' title='bbox 3556 2845 3793 2914; x_wconf 79' lang='grc' dir='ltr'><strong>θεότητος</strong></span> 
     </span>
    </p>
   </div>
   <div class='ocr_carea' id='block_1_43' title="bbox 2217 2930 3791 3008">
    <p class='ocr_par' dir='ltr' id='par_1_43' title="bbox 2217 2930 3791 3008">
     <span class='ocr_line' id='line_1_43' title="bbox 2217 2930 3791 3008; baseline -0.003 -17"><span class='ocrx_word' id='word_1_475' title='bbox 2217 2937 2316 2992; x_wconf 70' lang='grc' dir='ltr'>καὶ</span> <span class='ocrx_word' id='word_1_476' title='bbox 2361 2936 2671 3006; x_wconf 78' lang='grc' dir='ltr'>βασιλείας,</span> <span class='ocrx_word' id='word_1_477' title='bbox 2698 2937 2773 3000; x_wconf 86' lang='grc' dir='ltr'>ὡς</span> <span class='ocrx_word' id='word_1_478' title='bbox 2802 2936 3136 3008; x_wconf 73' lang='grc' dir='ltr'>προφητεύε.</span> <span class='ocrx_word' id='word_1_479' title='bbox 3175 2936 3400 3000; x_wconf 79' lang='grc' dir='ltr'><strong>Ἡσαΐας</strong></span> <span class='ocrx_word' id='word_1_480' title='bbox 3456 2937 3560 3006; x_wconf 87' lang='grc' dir='ltr'><strong>μέν</strong></span> <span class='ocrx_word' id='word_1_481' title='bbox 3584 2951 3598 2966; x_wconf 77' lang='grc'><strong>⁸</strong></span> <span class='ocrx_word' id='word_1_482' title='bbox 3632 2953 3650 2986; x_wconf 76' lang='grc' dir='ltr'><strong>ι</strong></span> <span class='ocrx_word' id='word_1_483' title='bbox 3685 2930 3791 2996; x_wconf 76' lang='grc' dir='ltr'><strong>Ἐξ-</strong></span> 
     </span>
    </p>
   </div>
   <div class='ocr_carea' id='block_1_44' title="bbox 2215 3023 3796 3098">
    <p class='ocr_par' dir='ltr' id='par_1_44' title="bbox 2215 3023 3796 3098">
     <span class='ocr_line' id='line_1_44' title="bbox 2215 3023 3796 3098; baseline -0.005 -17"><span class='ocrx_word' id='word_1_484' title='bbox 2215 3026 2498 3081; x_wconf 81' lang='grc' dir='ltr'>ελεύσεται</span> <span class='ocrx_word' id='word_1_485' title='bbox 2525 3027 2718 3098; x_wconf 77' lang='grc' dir='ltr'>ῥάϐδος</span> <span class='ocrx_word' id='word_1_486' title='bbox 2751 3028 2815 3080; x_wconf 81' lang='grc' dir='ltr'><strong>ὲκ</strong></span> <span class='ocrx_word' id='word_1_487' title='bbox 2854 3027 2952 3097; x_wconf 86' lang='grc' dir='ltr'><strong>τῆς</strong></span> <span class='ocrx_word' id='word_1_488' title='bbox 2990 3024 3146 3096; x_wconf 76' lang='grc' dir='ltr'><strong>ῥίζης</strong></span> <span class='ocrx_word' id='word_1_489' title='bbox 3187 3026 3403 3087; x_wconf 73' lang='grc' dir='ltr'>Ἰεσσαὶ,</span> <span class='ocrx_word' id='word_1_490' title='bbox 3433 3027 3532 3080; x_wconf 70' lang='grc' dir='ltr'>καὶ</span> <span class='ocrx_word' id='word_1_491' title='bbox 3559 3024 3710 3087; x_wconf 76' lang='grc' dir='ltr'>ἄνθος</span> <span class='ocrx_word' id='word_1_492' title='bbox 3736 3023 3796 3074; x_wconf 82' lang='grc' dir='ltr'><strong>ὲκ</strong></span> 
     </span>
    </p>
   </div>
   <div class='ocr_carea' id='block_1_45' title="bbox 2214 3112 3798 3188">
    <p class='ocr_par' dir='ltr' id='par_1_45' title="bbox 2214 3112 3798 3188">
     <span class='ocr_line' id='line_1_45' title="bbox 2214 3112 3798 3188; baseline -0.004 -18"><span class='ocrx_word' id='word_1_493' title='bbox 2214 3118 2319 3188; x_wconf 84' lang='grc' dir='ltr'><strong>τῆς</strong></span> <span class='ocrx_word' id='word_1_494' title='bbox 2366 3115 2522 3188; x_wconf 78' lang='grc' dir='ltr'>ῥίζης</span> <span class='ocrx_word' id='word_1_495' title='bbox 2564 3117 2926 3186; x_wconf 75' lang='grc' dir='ltr'>ἀναϐήσεται,</span> <span class='ocrx_word' id='word_1_496' title='bbox 2971 3116 3066 3169; x_wconf 61' lang='grc' dir='ltr'><strong>κα)⁸</strong></span> <span class='ocrx_word' id='word_1_497' title='bbox 3104 3115 3478 3170; x_wconf 81' lang='grc' dir='ltr'>ἀναπαύσεται</span> <span class='ocrx_word' id='word_1_498' title='bbox 3530 3116 3617 3170; x_wconf 77' lang='grc' dir='ltr'><strong>ἐπ’</strong></span> <span class='ocrx_word' id='word_1_499' title='bbox 3645 3112 3798 3168; x_wconf 67' lang='grc' dir='ltr'>αὑτὸν</span> 
     </span>
    </p>
   </div>
   <div class='ocr_carea' id='block_1_46' title="bbox 2215 3203 3795 3277">
    <p class='ocr_par' dir='ltr' id='par_1_46' title="bbox 2215 3203 3795 3277">
     <span class='ocr_line' id='line_1_46' title="bbox 2215 3203 3795 3277; baseline -0.004 -17"><span class='ocrx_word' id='word_1_500' title='bbox 2215 3204 2448 3277; x_wconf 81' lang='grc' dir='ltr'>Πνεῦμα</span> <span class='ocrx_word' id='word_1_501' title='bbox 2485 3205 2579 3258; x_wconf 86' lang='grc' dir='ltr'><strong>τοῦ</strong></span> <span class='ocrx_word' id='word_1_502' title='bbox 2624 3205 2780 3270; x_wconf 85' lang='grc' dir='ltr'>Θεοῦ,</span> <span class='ocrx_word' id='word_1_503' title='bbox 2814 3203 3040 3275; x_wconf 79' lang='grc' dir='ltr'>Πνεῦμα</span> <span class='ocrx_word' id='word_1_504' title='bbox 3107 3205 3297 3274; x_wconf 79' lang='grc' dir='ltr'>σοφίας</span> <span class='ocrx_word' id='word_1_505' title='bbox 3347 3205 3441 3259; x_wconf 64' lang='grc' dir='ltr'><strong>κα)¹</strong></span> <span class='ocrx_word' id='word_1_506' title='bbox 3518 3204 3795 3263; x_wconf 82' lang='grc' dir='ltr'>συνέσεως,</span> 
     </span>
    </p>
   </div>
   <div class='ocr_carea' id='block_1_47' title="bbox 2216 3288 3798 3365">
    <p class='ocr_par' dir='ltr' id='par_1_47' title="bbox 2216 3288 3798 3365">
     <span class='ocr_line' id='line_1_47' title="bbox 2216 3288 3798 3365; baseline -0.004 -15"><span class='ocrx_word' id='word_1_507' title='bbox 2216 3294 2452 3365; x_wconf 89' lang='grc' dir='ltr'>Πνεῦμα</span> <span class='ocrx_word' id='word_1_508' title='bbox 2502 3294 2697 3365; x_wconf 78' lang='grc' dir='ltr'>βουλῆς</span> <span class='ocrx_word' id='word_1_509' title='bbox 2739 3294 2831 3345; x_wconf 77' lang='grc' dir='ltr'>καὶ</span> <span class='ocrx_word' id='word_1_510' title='bbox 2883 3293 3085 3364; x_wconf 76' lang='grc' dir='ltr'>ἰσχύος,</span> <span class='ocrx_word' id='word_1_511' title='bbox 3121 3294 3344 3365; x_wconf 82' lang='grc' dir='ltr'>Πνεῦμα</span> <span class='ocrx_word' id='word_1_512' title='bbox 3413 3293 3668 3363; x_wconf 81' lang='grc' dir='ltr'>γνώσεως</span> <span class='ocrx_word' id='word_1_513' title='bbox 3710 3288 3798 3343; x_wconf 79' lang='grc' dir='ltr'><strong>καὶ</strong></span> 
     </span>
    </p>
   </div>
   <div class='ocr_carea' id='block_1_48' title="bbox 2215 3379 3794 3456">
    <p class='ocr_par' dir='ltr' id='par_1_48' title="bbox 2215 3379 3794 3456">
     <span class='ocr_line' id='line_1_48' title="bbox 2215 3379 3794 3456; baseline -0.005 -14"><span class='ocrx_word' id='word_1_514' title='bbox 2215 3385 2538 3448; x_wconf 79' lang='grc' dir='ltr'>εὐσεϐείας’</span> <span class='ocrx_word' id='word_1_515' title='bbox 2568 3387 2666 3438; x_wconf 69' lang='grc' dir='ltr'>καὶ</span> <span class='ocrx_word' id='word_1_516' title='bbox 2685 3385 2952 3456; x_wconf 79' lang='grc' dir='ltr'>ἐμπλήσει</span> <span class='ocrx_word' id='word_1_517' title='bbox 2987 3384 3150 3438; x_wconf 82' lang='grc' dir='ltr'>αὑτὸν</span> <span class='ocrx_word' id='word_1_518' title='bbox 3199 3384 3424 3456; x_wconf 85' lang='grc' dir='ltr'>Πνεῦμα</span> <span class='ocrx_word' id='word_1_519' title='bbox 3461 3386 3629 3454; x_wconf 75' lang='grc' dir='ltr'><strong>φὸὁου</strong></span> <span class='ocrx_word' id='word_1_520' title='bbox 3649 3379 3794 3436; x_wconf 83' lang='grc' dir='ltr'>Θεοῦ.</span> 
     </span>
    </p>
   </div>
   <div class='ocr_carea' id='block_1_49' title="bbox 2217 3473 3798 3548">
    <p class='ocr_par' dir='ltr' id='par_1_49' title="bbox 2217 3473 3798 3548">
     <span class='ocr_line' id='line_1_49' title="bbox 2217 3473 3798 3548; baseline -0.006 -14"><span class='ocrx_word' id='word_1_521' title='bbox 2217 3482 2296 3534; x_wconf 79' lang='grc' dir='ltr'><strong>Οὐ</strong></span> <span class='ocrx_word' id='word_1_522' title='bbox 2329 3477 2470 3532; x_wconf 82' lang='grc' dir='ltr'>κατὰ</span> <span class='ocrx_word' id='word_1_523' title='bbox 2497 3477 2596 3547; x_wconf 79' lang='grc' dir='ltr'><strong>τὴν</strong></span> <span class='ocrx_word' id='word_1_524' title='bbox 2619 3476 2776 3541; x_wconf 81' lang='grc' dir='ltr'>δόξαν</span> <span class='ocrx_word' id='word_1_525' title='bbox 2795 3478 2992 3548; x_wconf 85' lang='grc' dir='ltr'>κρινεῖ,</span> <span class='ocrx_word' id='word_1_526' title='bbox 3010 3477 3131 3529; x_wconf 79' lang='grc' dir='ltr'>οὐδὲ</span> <span class='ocrx_word' id='word_1_527' title='bbox 3149 3475 3288 3530; x_wconf 87' lang='grc' dir='ltr'><strong>κατά</strong></span> <span class='ocrx_word' id='word_1_528' title='bbox 3314 3476 3412 3546; x_wconf 82' lang='grc' dir='ltr'>τὴν</span> <span class='ocrx_word' id='word_1_529' title='bbox 3444 3475 3636 3530; x_wconf 80' lang='grc' dir='ltr'>λαλιὰν</span> <span class='ocrx_word' id='word_1_530' title='bbox 3657 3473 3798 3541; x_wconf 77' lang='grc' dir='ltr'>ἐλέγ-</span> 
     </span>
    </p>
   </div>
   <div class='ocr_carea' id='block_1_50' title="bbox 2219 3565 3799 3640">
    <p class='ocr_par' dir='ltr' id='par_1_50' title="bbox 2219 3565 3799 3640">
     <span class='ocr_line' id='line_1_50' title="bbox 2219 3565 3799 3640; baseline -0.004 -16"><span class='ocrx_word' id='word_1_531' title='bbox 2219 3573 2301 3638; x_wconf 83' lang='grc' dir='ltr'><strong>ξει</strong></span> <span class='ocrx_word' id='word_1_532' title='bbox 2323 3586 2336 3598; x_wconf 84' lang='lat'><strong><em>°</em></strong></span> <span class='ocrx_word' id='word_1_533' title='bbox 2391 3569 2526 3623; x_wconf 83' lang='grc' dir='ltr'><strong>ἀλλά</strong></span> <span class='ocrx_word' id='word_1_534' title='bbox 2574 3571 2751 3640; x_wconf 84' lang='grc' dir='ltr'>κρινεί</span> <span class='ocrx_word' id='word_1_535' title='bbox 2799 3567 3042 3638; x_wconf 80' lang='grc' dir='ltr'>ταπεινῷ</span> <span class='ocrx_word' id='word_1_536' title='bbox 3070 3569 3274 3639; x_wconf 80' lang='grc' dir='ltr'>κρίσιν,</span> <span class='ocrx_word' id='word_1_537' title='bbox 3306 3569 3400 3621; x_wconf 77' lang='grc' dir='ltr'>καὶ</span> <span class='ocrx_word' id='word_1_538' title='bbox 3444 3567 3657 3638; x_wconf 76' lang='grc' dir='ltr'>ἐλέγξει</span> <span class='ocrx_word' id='word_1_539' title='bbox 3685 3565 3799 3626; x_wconf 78' lang='grc' dir='ltr'>τοὺς</span> 
     </span>
    </p>
   </div>
   <div class='ocr_carea' id='block_1_51' title="bbox 2219 3655 3798 3732">
    <p class='ocr_par' dir='ltr' id='par_1_51' title="bbox 2219 3655 3798 3732">
     <span class='ocr_line' id='line_1_51' title="bbox 2219 3655 3798 3732; baseline 0.001 -14"><span class='ocrx_word' id='word_1_540' title='bbox 2219 3661 2636 3732; x_wconf 81' lang='grc' dir='ltr'><strong>ὑπερηφάνους,</strong></span> <span class='ocrx_word' id='word_1_541' title='bbox 2661 3661 2755 3713; x_wconf 69' lang='grc' dir='ltr'>καὶ</span> <span class='ocrx_word' id='word_1_542' title='bbox 2784 3661 3047 3726; x_wconf 79' lang='grc' dir='ltr'>ὲξελείται</span> <span class='ocrx_word' id='word_1_543' title='bbox 3077 3662 3204 3725; x_wconf 79' lang='grc' dir='ltr'>τοὺς</span> <span class='ocrx_word' id='word_1_544' title='bbox 3238 3662 3534 3724; x_wconf 79' lang='grc' dir='ltr'>ταπεινοὺς</span> <span class='ocrx_word' id='word_1_545' title='bbox 3567 3661 3664 3730; x_wconf 83' lang='grc' dir='ltr'><strong>τῆς</strong></span> <span class='ocrx_word' id='word_1_546' title='bbox 3683 3655 3798 3725; x_wconf 77' lang='grc' dir='ltr'><strong>γῆς,</strong></span> 
     </span>
    </p>
   </div>
   <div class='ocr_carea' id='block_1_52' title="bbox 2219 3745 3797 3822">
    <p class='ocr_par' dir='ltr' id='par_1_52' title="bbox 2219 3745 3797 3822">
     <span class='ocr_line' id='line_1_52' title="bbox 2219 3745 3797 3822; baseline -0.009 -11"><span class='ocrx_word' id='word_1_547' title='bbox 2219 3755 2320 3810; x_wconf 75' lang='grc' dir='ltr'>καὶ</span> <span class='ocrx_word' id='word_1_548' title='bbox 2360 3751 2593 3817; x_wconf 82' lang='grc' dir='ltr'>πατάξει</span> <span class='ocrx_word' id='word_1_549' title='bbox 2638 3751 2735 3821; x_wconf 69' lang='grc' dir='ltr'><strong>τὴν</strong></span> <span class='ocrx_word' id='word_1_550' title='bbox 2767 3751 2871 3820; x_wconf 84' lang='grc' dir='ltr'><strong>γῆν</strong></span> <span class='ocrx_word' id='word_1_551' title='bbox 2897 3751 2974 3822; x_wconf 85' lang='grc' dir='ltr'><strong>τῷ</strong></span> <span class='ocrx_word' id='word_1_552' title='bbox 3018 3752 3162 3822; x_wconf 80' lang='grc' dir='ltr'>λόγῳ</span> <span class='ocrx_word' id='word_1_553' title='bbox 3200 3752 3294 3806; x_wconf 82' lang='grc' dir='ltr'>τοῦ</span> <span class='ocrx_word' id='word_1_554' title='bbox 3325 3752 3596 3822; x_wconf 77' lang='grc' dir='ltr'>πόματος</span> <span class='ocrx_word' id='word_1_555' title='bbox 3624 3745 3797 3810; x_wconf 77' lang='grc' dir='ltr'>αὑτοῦ,</span> 
     </span>
    </p>
   </div>
   <div class='ocr_carea' id='block_1_53' title="bbox 539 3833 2116 3916">
    <p class='ocr_par' dir='ltr' id='par_1_53' title="bbox 539 3833 2116 3916">
     <span class='ocr_line' id='line_1_53' title="bbox 539 3833 2116 3916; baseline 0.004 -18"><span class='ocrx_word' id='word_1_556' title='bbox 539 3843 685 3899; x_wconf 79' lang='lat' dir='ltr'><strong>ﬁciet</strong></span> <span class='ocrx_word' id='word_1_557' title='bbox 743 3844 937 3913; x_wconf 85' lang='lat' dir='ltr'><strong>impios</strong></span> <span class='ocrx_word' id='word_1_558' title='bbox 965 3843 1100 3916; x_wconf 81' lang='grc'><strong>(17).</strong></span> <span class='ocrx_word' id='word_1_559' title='bbox 1132 3863 1150 3896; x_wconf 73' lang='grc' dir='ltr'><strong>ι</strong></span> <span class='ocrx_word' id='word_1_560' title='bbox 1204 3843 1424 3914; x_wconf 79' lang='lat' dir='ltr'><strong>Virgam</strong></span> <span class='ocrx_word' id='word_1_561' title='bbox 1479 3857 1533 3900; x_wconf 92' lang='lat' dir='ltr'><strong>et</strong></span> <span class='ocrx_word' id='word_1_562' title='bbox 1577 3833 1764 3901; x_wconf 78' lang='lat' dir='ltr'><strong>liorem</strong></span> <span class='ocrx_word' id='word_1_563' title='bbox 1821 3863 1892 3902; x_wconf 73' lang='lat' dir='ltr'><strong>ex</strong></span> <span class='ocrx_word' id='word_1_564' title='bbox 1939 3849 2116 3906; x_wconf 86' lang='lat' dir='ltr'><strong>radice</strong></span> 
     </span>
    </p>
   </div>
   <div class='ocr_carea' id='block_1_54' title="bbox 2223 3833 3799 3916">
    <p class='ocr_par' dir='ltr' id='par_1_54' title="bbox 2223 3837 3799 3913">
     <span class='ocr_line' id='line_1_54' title="bbox 2223 3837 3799 3913; baseline -0.007 -10"><span class='ocrx_word' id='word_1_565' title='bbox 2223 3847 2323 3903; x_wconf 74' lang='grc' dir='ltr'>καὶ</span> <span class='ocrx_word' id='word_1_566' title='bbox 2347 3846 2405 3897; x_wconf 83' lang='grc' dir='ltr'>ὲν</span> <span class='ocrx_word' id='word_1_567' title='bbox 2436 3841 2715 3912; x_wconf 81' lang='grc' dir='ltr'>Πνεύματι</span> <span class='ocrx_word' id='word_1_568' title='bbox 2747 3841 2835 3895; x_wconf 84' lang='grc' dir='ltr'>διὰ</span> <span class='ocrx_word' id='word_1_569' title='bbox 2854 3843 3077 3913; x_wconf 86' lang='grc' dir='ltr'>χειλέων</span> <span class='ocrx_word' id='word_1_570' title='bbox 3125 3843 3306 3898; x_wconf 80' lang='grc' dir='ltr'>ἀνελεῖ</span> <span class='ocrx_word' id='word_1_571' title='bbox 3354 3842 3595 3907; x_wconf 78' lang='grc' dir='ltr'>ἀσεϐεῖς.</span> <span class='ocrx_word' id='word_1_572' title='bbox 3624 3861 3642 3894; x_wconf 71' lang='grc' dir='ltr'><strong>ι</strong></span> <span class='ocrx_word' id='word_1_573' title='bbox 3684 3837 3799 3893; x_wconf 69' lang='grc' dir='ltr'><strong>Ῥά-</strong></span> 
     </span>
    </p>
   </div>
   <div class='ocr_carea' id='block_1_55' title="bbox 539 3932 2119 4008">
    <p class='ocr_par' dir='ltr' id='par_1_55' title="bbox 539 3932 2119 4008">
     <span class='ocr_line' id='line_1_55' title="bbox 539 3932 2119 4008; baseline 0.007 -22"><span class='ocrx_word' id='word_1_574' title='bbox 539 3932 691 3990; x_wconf 83' lang='lat' dir='ltr'><strong>Jesse</strong></span> <span class='ocrx_word' id='word_1_575' title='bbox 725 3935 874 3989; x_wconf 87' lang='lat' dir='ltr'><strong>illum</strong></span> <span class='ocrx_word' id='word_1_576' title='bbox 903 3933 1058 4000; x_wconf 86' lang='lat' dir='ltr'><strong>dicit,</strong></span> <span class='ocrx_word' id='word_1_577' title='bbox 1094 3934 1188 4005; x_wconf 90' lang='lat' dir='ltr'><strong>qui</strong></span> <span class='ocrx_word' id='word_1_578' title='bbox 1221 3950 1288 3990; x_wconf 81' lang='lat' dir='ltr'><strong>ex</strong></span> <span class='ocrx_word' id='word_1_579' title='bbox 1319 3936 1432 4004; x_wconf 88' lang='lat' dir='ltr'><strong>ipsa</strong></span> <span class='ocrx_word' id='word_1_580' title='bbox 1477 3938 1632 4006; x_wconf 88' lang='lat' dir='ltr'><strong>quasi</strong></span> <span class='ocrx_word' id='word_1_581' title='bbox 1670 3953 1888 4004; x_wconf 89' lang='lat' dir='ltr'><strong>germen</strong></span> <span class='ocrx_word' id='word_1_582' title='bbox 1922 3941 2119 4008; x_wconf 87' lang='lat' dir='ltr'><strong>prodiit</strong></span> 
     </span>
    </p>
   </div>
   <div class='ocr_carea' id='block_1_56' title="bbox 540 4024 2117 4092">
    <p class='ocr_par' dir='ltr' id='par_1_56' title="bbox 540 4024 2117 4092">
     <span class='ocr_line' id='line_1_56' title="bbox 540 4024 2117 4092; baseline 0.005 -14"><span class='ocrx_word' id='word_1_583' title='bbox 540 4024 594 4078; x_wconf 89' lang='lat' dir='ltr'><strong>in</strong></span> <span class='ocrx_word' id='word_1_584' title='bbox 617 4025 1022 4092; x_wconf 90' lang='lat' dir='ltr'><strong>lncarnatione,</strong></span> <span class='ocrx_word' id='word_1_585' title='bbox 1050 4041 1115 4081; x_wconf 89' lang='lat' dir='ltr'><strong>ae</strong></span> <span class='ocrx_word' id='word_1_586' title='bbox 1145 4026 1228 4080; x_wconf 89' lang='lat' dir='ltr'><strong>sui</strong></span> <span class='ocrx_word' id='word_1_587' title='bbox 1263 4027 1448 4082; x_wconf 91' lang='lat' dir='ltr'><strong>odoris</strong></span> <span class='ocrx_word' id='word_1_588' title='bbox 1481 4028 1747 4082; x_wconf 89' lang='lat' dir='ltr'><strong>suavitate</strong></span> <span class='ocrx_word' id='word_1_589' title='bbox 1770 4038 1968 4083; x_wconf 81' lang='lat' dir='ltr'><strong>terrain</strong></span> <span class='ocrx_word' id='word_1_590' title='bbox 1997 4048 2117 4085; x_wconf 88' lang='lat' dir='ltr'><strong>cor-</strong></span> 
     </span>
    </p>
   </div>
   <div class='ocr_carea' id='block_1_57' title="bbox 542 4116 2115 4186">
    <p class='ocr_par' dir='ltr' id='par_1_57' title="bbox 542 4116 2115 4186">
     <span class='ocr_line' id='line_1_57' title="bbox 542 4116 2115 4186; baseline 0.006 -19"><span class='ocrx_word' id='word_1_591' title='bbox 542 4116 1040 4186; x_wconf 80' lang='lat' dir='ltr'><strong>roboravitzsuper</strong></span> <span class='ocrx_word' id='word_1_592' title='bbox 1079 4131 1241 4186; x_wconf 90' lang='lat' dir='ltr'><strong>quem</strong></span> <span class='ocrx_word' id='word_1_593' title='bbox 1287 4117 1454 4170; x_wconf 84' lang='lat' dir='ltr'><strong>etiam</strong></span> <span class='ocrx_word' id='word_1_594' title='bbox 1480 4117 1848 4184; x_wconf 84' lang='lat' dir='ltr'><strong>quiescentem</strong></span> <span class='ocrx_word' id='word_1_595' title='bbox 1883 4120 2115 4177; x_wconf 84' lang='lat' dir='ltr'><strong>vidimus</strong></span> 
     </span>
    </p>
   </div>
   <div class='ocr_carea' id='block_1_58' title="bbox 539 4208 2116 4280">
    <p class='ocr_par' dir='ltr' id='par_1_58' title="bbox 539 4208 2116 4280">
     <span class='ocr_line' id='line_1_58' title="bbox 539 4208 2116 4280; baseline 0.003 -19"><span class='ocrx_word' id='word_1_596' title='bbox 539 4209 593 4263; x_wconf 89' lang='lat' dir='ltr'><strong>in</strong></span> <span class='ocrx_word' id='word_1_597' title='bbox 644 4209 951 4279; x_wconf 82' lang='lat' dir='ltr'><strong>Evangeliis</strong></span> <span class='ocrx_word' id='word_1_598' title='bbox 1003 4208 1264 4280; x_wconf 89' lang='lat' dir='ltr'><strong>Spiritum</strong></span> <span class='ocrx_word' id='word_1_599' title='bbox 1316 4216 1564 4262; x_wconf 90' lang='lat' dir='ltr'><strong>sanctum</strong></span> <span class='ocrx_word' id='word_1_600' title='bbox 1625 4222 1838 4276; x_wconf 89' lang='lat' dir='ltr'><strong>:quem</strong></span> <span class='ocrx_word' id='word_1_601' title='bbox 1904 4211 2116 4266; x_wconf 88' lang='lat' dir='ltr'><strong>demum</strong></span> 
     </span>
    </p>
   </div>
   <div class='ocr_carea' id='block_1_59' title="bbox 609 4386 2120 4464">
    <p class='ocr_par' dir='ltr' id='par_1_59' title="bbox 609 4386 2120 4464">
     <span class='ocr_line' id='line_1_59' title="bbox 609 4386 2120 4464; baseline -0.001 -19"><span class='ocrx_word' id='word_1_602' title='bbox 609 4390 686 4464; x_wconf 86' lang='lat'><strong>(5)</strong></span> <span class='ocrx_word' id='word_1_603' title='bbox 722 4388 934 4442; x_wconf 75' lang='lat' dir='ltr'><strong>Decem.</strong></span> <span class='ocrx_word' id='word_1_604' title='bbox 967 4388 1252 4464; x_wconf 69' lang='lat' dir='ltr'><strong>Didymus,</strong></span> <span class='ocrx_word' id='word_1_605' title='bbox 1277 4390 1378 4464; x_wconf 57' lang='grc' dir='ltr'><strong>οςῦκ</strong></span> <span class='ocrx_word' id='word_1_606' title='bbox 1410 4388 1664 4464; x_wconf 72' lang='grc' dir='ltr'>ένδέοντι.</span> <span class='ocrx_word' id='word_1_607' title='bbox 1698 4386 1839 4464; x_wconf 52' lang='lat' dir='ltr'><strong>Qua“</strong></span> <span class='ocrx_word' id='word_1_608' title='bbox 1863 4403 1995 4464; x_wconf 78' lang='lat' dir='ltr'><strong>voce</strong></span> <span class='ocrx_word' id='word_1_609' title='bbox 2025 4407 2120 4464; x_wconf 79' lang='lat' dir='ltr'><strong>eo-</strong></span> 
     </span>
    </p>
   </div>
   <div class='ocr_carea' id='block_1_60' title="bbox 539 4457 2122 4527">
    <p class='ocr_par' dir='ltr' id='par_1_60' title="bbox 539 4457 2122 4527">
     <span class='ocr_line' id='line_1_60' title="bbox 539 4457 2122 4527; baseline 0.003 -17"><span class='ocrx_word' id='word_1_610' title='bbox 539 4457 658 4514; x_wconf 77' lang='lat' dir='ltr'><strong>dem</strong></span> <span class='ocrx_word' id='word_1_611' title='bbox 692 4477 856 4515; x_wconf 81' lang='lat' dir='ltr'><strong>sensu</strong></span> <span class='ocrx_word' id='word_1_612' title='bbox 907 4457 1080 4512; x_wconf 76' lang='lat' dir='ltr'><strong>utitur</strong></span> <span class='ocrx_word' id='word_1_613' title='bbox 1123 4459 1219 4513; x_wconf 92' lang='lat' dir='ltr'><strong>Dio</strong></span> <span class='ocrx_word' id='word_1_614' title='bbox 1277 4463 1522 4523; x_wconf 80' lang='lat' dir='ltr'><strong>Cassius,</strong></span> <span class='ocrx_word' id='word_1_615' title='bbox 1559 4473 1682 4527; x_wconf 75' lang='lat' dir='ltr'><strong>pag.</strong></span> <span class='ocrx_word' id='word_1_616' title='bbox 1735 4457 1840 4511; x_wconf 73' lang='lat'><strong>855</strong></span> <span class='ocrx_word' id='word_1_617' title='bbox 1871 4460 2122 4516; x_wconf 88' lang='lat' dir='ltr'><strong>editionis</strong></span> 
     </span>
    </p>
   </div>
   <div class='ocr_carea' id='block_1_61' title="bbox 541 4528 2118 4597">
    <p class='ocr_par' dir='ltr' id='par_1_61' title="bbox 541 4528 2118 4597">
     <span class='ocr_line' id='line_1_61' title="bbox 541 4528 2118 4597; baseline 0.002 -16"><span class='ocrx_word' id='word_1_618' title='bbox 541 4529 802 4584; x_wconf 72' lang='lat' dir='ltr'><strong>Reitnari.</strong></span> <span class='ocrx_word' id='word_1_619' title='bbox 835 4530 970 4582; x_wconf 83' lang='lat' dir='ltr'><strong>Aliis</strong></span> <span class='ocrx_word' id='word_1_620' title='bbox 998 4544 1146 4592; x_wconf 84' lang='lat' dir='ltr'><strong>vero,</strong></span> <span class='ocrx_word' id='word_1_621' title='bbox 1177 4542 1235 4584; x_wconf 91' lang='lat' dir='ltr'><strong>ut</strong></span> <span class='ocrx_word' id='word_1_622' title='bbox 1268 4532 1536 4584; x_wconf 63' lang='lat' dir='ltr'><strong>(Uenienti</strong></span> <span class='ocrx_word' id='word_1_623' title='bbox 1580 4531 1631 4582; x_wconf 90' lang='lat' dir='ltr'><strong>in</strong></span> <span class='ocrx_word' id='word_1_624' title='bbox 1663 4542 1737 4580; x_wconf 82' lang='lat' dir='ltr'><strong>vn</strong></span> <span class='ocrx_word' id='word_1_625' title='bbox 1769 4528 2118 4597; x_wconf 76' lang='lat' dir='ltr'><strong>Stromatum,</strong></span> 
     </span>
    </p>
   </div>
   <div class='ocr_carea' id='block_1_62' title="bbox 538 4599 1607 4668">
    <p class='ocr_par' dir='ltr' id='par_1_62' title="bbox 538 4599 1607 4668">
     <span class='ocr_line' id='line_1_62' title="bbox 538 4599 1607 4668; baseline 0 -17"><span class='ocrx_word' id='word_1_626' title='bbox 538 4599 600 4652; x_wconf 83' lang='grc' dir='ltr'><strong>τὸ</strong></span> <span class='ocrx_word' id='word_1_627' title='bbox 630 4600 808 4653; x_wconf 74' lang='grc' dir='ltr'>ἐνδέον</span> <span class='ocrx_word' id='word_1_628' title='bbox 842 4600 1042 4651; x_wconf 85' lang='lat' dir='ltr'><strong>dicitur</strong></span> <span class='ocrx_word' id='word_1_629' title='bbox 1077 4618 1094 4648; x_wconf 73' lang='grc' dir='ltr'><strong>ι</strong></span> <span class='ocrx_word' id='word_1_630' title='bbox 1120 4601 1170 4653; x_wconf 92' lang='lat' dir='ltr'><strong>id</strong></span> <span class='ocrx_word' id='word_1_631' title='bbox 1198 4603 1341 4668; x_wconf 90' lang='lat' dir='ltr'><strong>quod</strong></span> <span class='ocrx_word' id='word_1_632' title='bbox 1384 4604 1557 4655; x_wconf 88' lang='lat' dir='ltr'><strong>deest.</strong></span> <span class='ocrx_word' id='word_1_633' title='bbox 1588 4619 1607 4651; x_wconf 73' lang='grc' dir='ltr'><strong>ι</strong></span> 
     </span>
    </p>
   </div>
   <div class='ocr_carea' id='block_1_63' title="bbox 612 4668 2124 4740">
    <p class='ocr_par' dir='ltr' id='par_1_63' title="bbox 612 4668 2124 4740">
     <span class='ocr_line' id='line_1_63' title="bbox 612 4668 2124 4740; baseline 0.001 -16"><span class='ocrx_word' id='word_1_634' title='bbox 612 4671 688 4740; x_wconf 84' lang='grc'><strong>(6)</strong></span> <span class='ocrx_word' id='word_1_635' title='bbox 723 4668 1154 4725; x_wconf 81' lang='lat' dir='ltr'><strong>Perturbutione.</strong></span> <span class='ocrx_word' id='word_1_636' title='bbox 1200 4673 1384 4727; x_wconf 79' lang='lat' dir='ltr'><strong>Codex</strong></span> <span class='ocrx_word' id='word_1_637' title='bbox 1411 4711 1426 4735; x_wconf 90' lang='lat'><strong>,</strong></span> <span class='ocrx_word' id='word_1_638' title='bbox 1469 4672 1700 4740; x_wconf 78' lang='grc' dir='ltr'>ἧρεμος,</span> <span class='ocrx_word' id='word_1_639' title='bbox 1752 4686 1875 4726; x_wconf 88' lang='lat' dir='ltr'><strong>cum</strong></span> <span class='ocrx_word' id='word_1_640' title='bbox 1929 4683 2124 4738; x_wconf 89' lang='lat' dir='ltr'><strong>aspero</strong></span> 
     </span>
    </p>
   </div>
   <div class='ocr_carea' id='block_1_64' title="bbox 543 4745 754 4794">
    <p class='ocr_par' dir='ltr' id='par_1_64' title="bbox 543 4745 754 4794">
     <span class='ocr_line' id='line_1_64' title="bbox 543 4745 754 4794; baseline -0.019 0"><span class='ocrx_word' id='word_1_641' title='bbox 543 4745 754 4794; x_wconf 87' lang='lat' dir='ltr'><strong>sniritu.</strong></span> 
     </span>
    </p>
   </div>
   <div class='ocr_carea' id='block_1_65' title="bbox 574 4755 2124 4881">
    <p class='ocr_par' dir='ltr' id='par_1_65' title="bbox 574 4755 2124 4881">
     <span class='ocr_line' id='line_1_65' title="bbox 574 4755 2124 4881; baseline 0 -18"><span class='ocrx_word' id='word_1_642' title='bbox 574 4755 1122 4881; x_wconf 35' lang='lat' dir='ltr'><strong>i&#39;igli‘gustinendam.</strong></span> <span class='ocrx_word' id='word_1_643' title='bbox 1155 4809 1306 4864; x_wconf 74' lang='lat' dir='ltr'><strong>Verti</strong></span> <span class='ocrx_word' id='word_1_644' title='bbox 1360 4812 1522 4866; x_wconf 77' lang='lat' dir='ltr'><strong>eliam</strong></span> <span class='ocrx_word' id='word_1_645' title='bbox 1576 4822 1788 4881; x_wconf 86' lang='lat' dir='ltr'><strong>potest:</strong></span> <span class='ocrx_word' id='word_1_646' title='bbox 1829 4809 1936 4861; x_wconf 71' lang='lat' dir='ltr'><strong>«ad</strong></span> <span class='ocrx_word' id='word_1_647' title='bbox 1979 4810 2124 4878; x_wconf 84' lang='lat' dir='ltr'><strong>judi-</strong></span> 
     </span>
    </p>
   </div>
   <div class='ocr_carea' id='block_1_66' title="bbox 543 4878 1561 4946">
    <p class='ocr_par' dir='ltr' id='par_1_66' title="bbox 543 4878 1561 4946">
     <span class='ocr_line' id='line_1_66' title="bbox 543 4878 1561 4946; baseline 0.002 -16"><span class='ocrx_word' id='word_1_648' title='bbox 543 4878 682 4930; x_wconf 87' lang='lat' dir='ltr'><strong>cium</strong></span> <span class='ocrx_word' id='word_1_649' title='bbox 711 4881 972 4946; x_wconf 79' lang='lat' dir='ltr'><strong>dandum,</strong></span> <span class='ocrx_word' id='word_1_650' title='bbox 999 4888 1091 4930; x_wconf 88' lang='lat' dir='ltr'><strong>aut</strong></span> <span class='ocrx_word' id='word_1_651' title='bbox 1115 4881 1511 4946; x_wconf 88' lang='lat' dir='ltr'><strong>accipiendum.</strong></span> <span class='ocrx_word' id='word_1_652' title='bbox 1544 4903 1561 4932; x_wconf 84' lang='grc'><strong>›</strong></span> 
     </span>
    </p>
   </div>
   <div class='ocr_carea' id='block_1_67' title="bbox 613 4945 1678 5014">
    <p class='ocr_par' dir='ltr' id='par_1_67' title="bbox 613 4945 1678 5014">
     <span class='ocr_line' id='line_1_67' title="bbox 613 4945 1678 5014; baseline 0.006 -16"><span class='ocrx_word' id='word_1_653' title='bbox 613 4947 691 5014; x_wconf 77' lang='lat'><strong>(8)</strong></span> <span class='ocrx_word' id='word_1_654' title='bbox 728 4945 814 4996; x_wconf 78' lang='lat' dir='ltr'><strong>Ea:</strong></span> <span class='ocrx_word' id='word_1_655' title='bbox 842 4961 920 4996; x_wconf 86' lang='lat' dir='ltr'><strong>me</strong></span> <span class='ocrx_word' id='word_1_656' title='bbox 949 4957 1090 4999; x_wconf 76' lang='lat' dir='ltr'><strong>sunt.</strong></span> <span class='ocrx_word' id='word_1_657' title='bbox 1127 4945 1260 5002; x_wconf 79' lang='lat' dir='ltr'><strong>Vide</strong></span> <span class='ocrx_word' id='word_1_658' title='bbox 1285 4964 1456 5013; x_wconf 73' lang='lat' dir='ltr'><strong>segni.</strong></span> <span class='ocrx_word' id='word_1_659' title='bbox 1492 4953 1594 5006; x_wconf 75' lang='grc'><strong>148</strong></span> <span class='ocrx_word' id='word_1_660' title='bbox 1629 4953 1678 5004; x_wconf 86' lang='lat' dir='ltr'><strong>b.</strong></span> 
     </span>
    </p>
   </div>
   <div class='ocr_carea' id='block_1_68' title="bbox 522 5014 2128 5095">
    <p class='ocr_par' dir='ltr' id='par_1_68' title="bbox 522 5014 2128 5095">
     <span class='ocr_line' id='line_1_68' title="bbox 522 5014 2128 5095; baseline 0.009 -28"><span class='ocrx_word' id='word_1_661' title='bbox 522 5087 528 5093; x_wconf 22' lang='grc' dir='ltr'>ι</span> <span class='ocrx_word' id='word_1_662' title='bbox 609 5016 691 5095; x_wconf 65' lang='lat'><strong>(9)</strong></span> <span class='ocrx_word' id='word_1_663' title='bbox 720 5014 817 5067; x_wconf 82' lang='lat' dir='ltr'><strong>Sui</strong></span> <span class='ocrx_word' id='word_1_664' title='bbox 845 5015 1030 5078; x_wconf 77' lang='lat' dir='ltr'><strong>ipsius.</strong></span> <span class='ocrx_word' id='word_1_665' title='bbox 1066 5018 1274 5080; x_wconf 78' lang='lat' dir='ltr'><strong>Codex,</strong></span> <span class='ocrx_word' id='word_1_666' title='bbox 1315 5020 1500 5072; x_wconf 80' lang='grc' dir='ltr'>αὑτοῦ.</span> <span class='ocrx_word' id='word_1_667' title='bbox 1547 5023 1749 5089; x_wconf 81' lang='lat' dir='ltr'><strong>Legere</strong></span> <span class='ocrx_word' id='word_1_668' title='bbox 1785 5027 1967 5081; x_wconf 90' lang='lat' dir='ltr'><strong>malim</strong></span> <span class='ocrx_word' id='word_1_669' title='bbox 2027 5032 2128 5082; x_wconf 83' lang='grc' dir='ltr'><strong>αὺ-</strong></span> 
     </span>
    </p>
   </div>
   <div class='ocr_carea' id='block_1_69' title="bbox 543 5101 658 5138">
    <p class='ocr_par' dir='ltr' id='par_1_69' title="bbox 543 5101 658 5138">
     <span class='ocr_line' id='line_1_69' title="bbox 543 5101 658 5138; baseline 0.017 -2"><span class='ocrx_word' id='word_1_670' title='bbox 543 5101 658 5138; x_wconf 83' lang='grc' dir='ltr'><strong>του.</strong></span> 
     </span>
    </p>
   </div>
   <div class='ocr_carea' id='block_1_70' title="bbox 617 5151 2131 5238">
    <p class='ocr_par' dir='ltr' id='par_1_70' title="bbox 617 5151 2131 5238">
     <span class='ocr_line' id='line_1_70' title="bbox 617 5151 2131 5238; baseline 0.015 -36"><span class='ocrx_word' id='word_1_671' title='bbox 617 5153 730 5238; x_wconf 53' lang='lat'><strong>(10)</strong></span> <span class='ocrx_word' id='word_1_672' title='bbox 761 5151 890 5238; x_wconf 61' lang='lat' dir='ltr'><strong>Post</strong></span> <span class='ocrx_word' id='word_1_673' title='bbox 1113 5157 1316 5217; x_wconf 79' lang='lat' dir='ltr'><strong>Codex,</strong></span> <span class='ocrx_word' id='word_1_674' title='bbox 1377 5158 1542 5227; x_wconf 80' lang='grc' dir='ltr'>μηδέν</span> <span class='ocrx_word' id='word_1_675' title='bbox 1595 5179 1661 5230; x_wconf 86' lang='grc' dir='ltr'><strong>με</strong></span> <span class='ocrx_word' id='word_1_676' title='bbox 1707 5165 1934 5236; x_wconf 78' lang='grc' dir='ltr'><strong>ταύτην.</strong></span> <span class='ocrx_word' id='word_1_677' title='bbox 1986 5167 2131 5238; x_wconf 83' lang='lat' dir='ltr'><strong>Lego</strong></span> 
     </span>
    </p>
   </div>
   <div class='ocr_carea' id='block_1_71' title="bbox 549 5220 1086 5294">
    <p class='ocr_par' dir='ltr' id='par_1_71' title="bbox 549 5220 1086 5294">
     <span class='ocr_line' id='line_1_71' title="bbox 549 5220 1086 5294; baseline 0.002 -18"><span class='ocrx_word' id='word_1_678' title='bbox 549 5220 719 5294; x_wconf 76' lang='grc' dir='ltr'>μηδὲν</span> <span class='ocrx_word' id='word_1_679' title='bbox 753 5220 874 5294; x_wconf 66' lang='grc' dir='ltr'>μετῖ</span> <span class='ocrx_word' id='word_1_680' title='bbox 895 5221 1086 5294; x_wconf 80' lang='grc' dir='ltr'>αὑτήν.</span> 
     </span>
    </p>
   </div>
   <div class='ocr_carea' id='block_1_72' title="bbox 617 5290 2125 5378">
    <p class='ocr_par' dir='ltr' id='par_1_72' title="bbox 617 5290 2125 5378">
     <span class='ocr_line' id='line_1_72' title="bbox 617 5290 2125 5378; baseline 0.016 -41"><span class='ocrx_word' id='word_1_681' title='bbox 617 5290 748 5378; x_wconf 70' lang='grc' dir='ltr'><strong>(11)Δ</strong></span> <span class='ocrx_word' id='word_1_682' title='bbox 769 5290 993 5378; x_wconf 56' lang='grc' dir='ltr'><strong>(ξιειὶιιηξζ</strong></span> <span class='ocrx_word' id='word_1_683' title='bbox 1022 5290 1078 5345; x_wconf 85' lang='lat' dir='ltr'><strong>In</strong></span> <span class='ocrx_word' id='word_1_684' title='bbox 1113 5296 1323 5378; x_wconf 56' lang='lat' dir='ltr'><strong>Graeco,</strong></span> <span class='ocrx_word' id='word_1_685' title='bbox 1354 5301 1433 5362; x_wconf 80' lang='grc' dir='ltr'><strong>εἰς</strong></span> <span class='ocrx_word' id='word_1_686' title='bbox 1464 5302 1635 5378; x_wconf 75' lang='grc' dir='ltr'>αἴσιον</span> <span class='ocrx_word' id='word_1_687' title='bbox 1670 5307 1764 5359; x_wconf 73' lang='grc' dir='ltr'>καὶ</span> <span class='ocrx_word' id='word_1_688' title='bbox 1789 5307 1873 5378; x_wconf 74' lang='grc' dir='ltr'><strong>ἐπ’</strong></span> <span class='ocrx_word' id='word_1_689' title='bbox 1904 5305 2125 5378; x_wconf 86' lang='grc' dir='ltr'>ἄπειρον</span> 
     </span>
    </p>
   </div>
   <div class='ocr_carea' id='block_1_73' title="bbox 547 5357 2124 5441">
    <p class='ocr_par' dir='ltr' id='par_1_73' title="bbox 547 5357 2124 5441">
     <span class='ocr_line' id='line_1_73' title="bbox 547 5357 2124 5441; baseline 0.011 -26"><span class='ocrx_word' id='word_1_690' title='bbox 547 5357 914 5441; x_wconf 52' lang='grc' dir='ltr'>ξιαίε-ορβοῦᾳαο</span> <span class='ocrx_word' id='word_1_691' title='bbox 950 5357 1079 5441; x_wconf 64' lang='lat' dir='ltr'><strong>Quae</strong></span> <span class='ocrx_word' id='word_1_692' title='bbox 1108 5369 1270 5441; x_wconf 70' lang='lat' dir='ltr'><strong>verba</strong></span> <span class='ocrx_word' id='word_1_693' title='bbox 1308 5357 1427 5419; x_wconf 34' lang='lat' dir='ltr'><strong>non.</strong></span> <span class='ocrx_word' id='word_1_694' title='bbox 1471 5373 1603 5441; x_wconf 81' lang='lat' dir='ltr'><strong>satis</strong></span> <span class='ocrx_word' id='word_1_695' title='bbox 1653 5357 1936 5441; x_wconf 78' lang='lat' dir='ltr'><strong>perspicua</strong></span> <span class='ocrx_word' id='word_1_696' title='bbox 1970 5357 2124 5432; x_wconf 61' lang='lat' dir='ltr'><strong>silit}.</strong></span> 
     </span>
    </p>
   </div>
   <div class='ocr_carea' id='block_1_74' title="bbox 548 5429 2121 5504">
    <p class='ocr_par' dir='ltr' id='par_1_74' title="bbox 548 5429 2121 5504">
     <span class='ocr_line' id='line_1_74' title="bbox 548 5429 2121 5504; baseline 0.009 -18"><span class='ocrx_word' id='word_1_697' title='bbox 548 5433 604 5486; x_wconf 85' lang='lat' dir='ltr'><strong>In</strong></span> <span class='ocrx_word' id='word_1_698' title='bbox 634 5429 876 5502; x_wconf 68' lang='lat' dir='ltr'><strong>Epistola</strong></span> <span class='ocrx_word' id='word_1_699' title='bbox 904 5429 972 5478; x_wconf 83' lang='lat' dir='ltr'><strong>ad</strong></span> <span class='ocrx_word' id='word_1_700' title='bbox 1006 5435 1312 5486; x_wconf 84' lang='lat' dir='ltr'><strong>Archintum</strong></span> <span class='ocrx_word' id='word_1_701' title='bbox 1338 5439 1612 5502; x_wconf 77' lang='lat' dir='ltr'><strong>prwsulem</strong></span> <span class='ocrx_word' id='word_1_702' title='bbox 1643 5429 1913 5504; x_wconf 65' lang='lat' dir='ltr'><strong>transtuli,</strong></span> <span class='ocrx_word' id='word_1_703' title='bbox 1950 5463 1968 5494; x_wconf 83' lang='lat' dir='ltr'><strong>r</strong></span> <span class='ocrx_word' id='word_1_704' title='bbox 1994 5429 2121 5500; x_wconf 48' lang='lat' dir='ltr'><strong>inti;</strong></span> 
     </span>
    </p>
   </div>
   <div class='ocr_carea' id='block_1_75' title="bbox 546 5504 2125 5573">
    <p class='ocr_par' dir='ltr' id='par_1_75' title="bbox 546 5504 2125 5573">
     <span class='ocr_line' id='line_1_75' title="bbox 546 5504 2125 5573; baseline 0.001 -16"><span class='ocrx_word' id='word_1_705' title='bbox 546 5504 660 5558; x_wconf 85' lang='lat' dir='ltr'><strong>nite</strong></span> <span class='ocrx_word' id='word_1_706' title='bbox 694 5507 847 5556; x_wconf 86' lang='lat' dir='ltr'><strong>beata</strong></span> <span class='ocrx_word' id='word_1_707' title='bbox 877 5512 892 5550; x_wconf 88' lang='lat'><strong>:</strong></span> <span class='ocrx_word' id='word_1_708' title='bbox 928 5513 946 5545; x_wconf 76' lang='grc' dir='ltr'><strong>ι</strong></span> <span class='ocrx_word' id='word_1_709' title='bbox 979 5517 1096 5553; x_wconf 88' lang='lat' dir='ltr'><strong>nam</strong></span> <span class='ocrx_word' id='word_1_710' title='bbox 1127 5518 1228 5555; x_wconf 84' lang='lat' dir='ltr'><strong>vox</strong></span> <span class='ocrx_word' id='word_1_711' title='bbox 1263 5505 1488 5573; x_wconf 82' lang='grc' dir='ltr'>ἄπειρον</span> <span class='ocrx_word' id='word_1_712' title='bbox 1519 5510 1633 5561; x_wconf 86' lang='lat' dir='ltr'><strong>sine</strong></span> <span class='ocrx_word' id='word_1_713' title='bbox 1675 5513 1838 5564; x_wconf 86' lang='lat' dir='ltr'><strong>dubio</strong></span> <span class='ocrx_word' id='word_1_714' title='bbox 1868 5513 2007 5567; x_wconf 68' lang='lat' dir='ltr'><strong>valet</strong></span> <span class='ocrx_word' id='word_1_715' title='bbox 2039 5519 2125 5572; x_wconf 74' lang='lat' dir='ltr'><strong>hic</strong></span> 
     </span>
    </p>
   </div>
   <div class='ocr_carea' id='block_1_76' title="bbox 553 5575 2121 5649">
    <p class='ocr_par' dir='ltr' id='par_1_76' title="bbox 553 5575 2121 5649">
     <span class='ocr_line' id='line_1_76' title="bbox 553 5575 2121 5649; baseline -0.015 0"><span class='ocrx_word' id='word_1_716' title='bbox 553 5575 896 5649; x_wconf 50' lang='lat' dir='ltr'><strong>[inﬁmwllh</strong></span> <span class='ocrx_word' id='word_1_717' title='bbox 928 5583 946 5615; x_wconf 78' lang='grc'><em>³</em></span> <span class='ocrx_word' id='word_1_718' title='bbox 984 5580 1076 5622; x_wconf 81' lang='lat' dir='ltr'><strong>aut</strong></span> <span class='ocrx_word' id='word_1_719' title='bbox 1111 5583 1446 5649; x_wconf 66' lang='lat' dir='ltr'><strong>(aeterntint:</strong></span> <span class='ocrx_word' id='word_1_720' title='bbox 1480 5595 1498 5627; x_wconf 75' lang='grc' dir='ltr'><strong>ι</strong></span> <span class='ocrx_word' id='word_1_721' title='bbox 1545 5592 1608 5629; x_wconf 90' lang='lat' dir='ltr'><strong>ac</strong></span> <span class='ocrx_word' id='word_1_722' title='bbox 1642 5578 1858 5647; x_wconf 76' lang='lat' dir='ltr'><strong>frigide.</strong></span> <span class='ocrx_word' id='word_1_723' title='bbox 1887 5597 2006 5635; x_wconf 86' lang='lat' dir='ltr'><strong>meo</strong></span> <span class='ocrx_word' id='word_1_724' title='bbox 2031 5583 2121 5649; x_wconf 80' lang='lat' dir='ltr'><strong>ju-</strong></span> 
     </span>
    </p>
   </div>
   <div class='ocr_carea' id='block_1_77' title="bbox 547 5642 2124 5714">
    <p class='ocr_par' dir='ltr' id='par_1_77' title="bbox 547 5642 2124 5714">
     <span class='ocr_line' id='line_1_77' title="bbox 547 5642 2124 5714; baseline 0.001 -18"><span class='ocrx_word' id='word_1_725' title='bbox 547 5645 709 5714; x_wconf 84' lang='lat' dir='ltr'><strong>dicio,</strong></span> <span class='ocrx_word' id='word_1_726' title='bbox 726 5644 1148 5714; x_wconf 32' lang='lat' dir='ltr'><strong>~qttisdverteret,</strong></span> <span class='ocrx_word' id='word_1_727' title='bbox 1183 5660 1202 5691; x_wconf 70' lang='grc' dir='ltr'>ί</span> <span class='ocrx_word' id='word_1_728' title='bbox 1240 5642 1535 5710; x_wconf 79' lang='lat' dir='ltr'><strong>inexperto,</strong></span> <span class='ocrx_word' id='word_1_729' title='bbox 1566 5664 1583 5693; x_wconf 77' lang='grc' dir='ltr'><strong>ι</strong></span> <span class='ocrx_word' id='word_1_730' title='bbox 1627 5642 1769 5698; x_wconf 60' lang='grc' dir='ltr'><strong>θυῖε</strong></span> <span class='ocrx_word' id='word_1_731' title='bbox 1802 5651 1981 5714; x_wconf 80' lang='lat' dir='ltr'><strong>ignoto</strong></span> <span class='ocrx_word' id='word_1_732' title='bbox 2011 5642 2124 5708; x_wconf 75' lang='lat' dir='ltr'><strong>tito-</strong></span> 
     </span>
    </p>
   </div>
   <div class='ocr_carea' id='block_1_78' title="bbox 550 5708 2118 5778">
    <p class='ocr_par' dir='ltr' id='par_1_78' title="bbox 550 5708 2118 5778">
     <span class='ocr_line' id='line_1_78' title="bbox 550 5708 2118 5778; baseline 0.008 -14"><span class='ocrx_word' id='word_1_733' title='bbox 550 5713 636 5767; x_wconf 89' lang='lat' dir='ltr'><strong>do.</strong></span> <span class='ocrx_word' id='word_1_734' title='bbox 667 5733 684 5764; x_wconf 73' lang='grc' dir='ltr'><strong>ι</strong></span> <span class='ocrx_word' id='word_1_735' title='bbox 720 5708 894 5765; x_wconf 89' lang='lat' dir='ltr'><strong>Simili</strong></span> <span class='ocrx_word' id='word_1_736' title='bbox 931 5711 1139 5763; x_wconf 87' lang='lat' dir='ltr'><strong>ratione</strong></span> <span class='ocrx_word' id='word_1_737' title='bbox 1168 5714 1218 5764; x_wconf 92' lang='lat' dir='ltr'><strong>in</strong></span> <span class='ocrx_word' id='word_1_738' title='bbox 1255 5708 1660 5767; x_wconf 71' lang='lat' dir='ltr'><strong>cuninmntariis</strong></span> <span class='ocrx_word' id='word_1_739' title='bbox 1690 5716 1745 5768; x_wconf 82' lang='lat' dir='ltr'><strong>in</strong></span> <span class='ocrx_word' id='word_1_740' title='bbox 1777 5708 2032 5774; x_wconf 64' lang='lat' dir='ltr'><strong>l’salutos.</strong></span> <span class='ocrx_word' id='word_1_741' title='bbox 2053 5727 2118 5778; x_wconf 83' lang='lat' dir='ltr'><strong>ad</strong></span> 
     </span>
    </p>
   </div>
   <div class='ocr_carea' id='block_1_79' title="bbox 548 5781 2116 5851">
    <p class='ocr_par' dir='ltr' id='par_1_79' title="bbox 548 5781 2116 5851">
     <span class='ocr_line' id='line_1_79' title="bbox 548 5781 2116 5851; baseline -0.005 -5"><span class='ocrx_word' id='word_1_742' title='bbox 548 5783 1016 5851; x_wconf 63' lang='lat' dir='ltr'><strong>Dostrentaverba</strong></span> <span class='ocrx_word' id='word_1_743' title='bbox 1050 5781 1238 5848; x_wconf 86' lang='lat' dir='ltr'><strong>psalmi</strong></span> <span class='ocrx_word' id='word_1_744' title='bbox 1267 5797 1356 5844; x_wconf 83' lang='lat' dir='ltr'><strong>cx,</strong></span> <span class='ocrx_word' id='word_1_745' title='bbox 1381 5783 1520 5850; x_wconf 89' lang='lat' dir='ltr'><strong>quod</strong></span> <span class='ocrx_word' id='word_1_746' title='bbox 1543 5782 1750 5838; x_wconf 82' lang='lat' dir='ltr'><strong>Psaltes</strong></span> <span class='ocrx_word' id='word_1_747' title='bbox 1784 5787 1879 5849; x_wconf 87' lang='lat' dir='ltr'><strong>ait,</strong></span> <span class='ocrx_word' id='word_1_748' title='bbox 1926 5791 2004 5851; x_wconf 83' lang='grc' dir='ltr'>εἰς</span> <span class='ocrx_word' id='word_1_749' title='bbox 2026 5792 2116 5846; x_wconf 67' lang='grc' dir='ltr'><strong>τὸν</strong></span> 
     </span>
    </p>
   </div>
   <div class='ocr_carea' id='block_1_80' title="bbox 550 5849 2113 5924">
    <p class='ocr_par' dir='ltr' id='par_1_80' title="bbox 550 5849 2113 5924">
     <span class='ocr_line' id='line_1_80' title="bbox 550 5849 2113 5924; baseline 0.009 -22"><span class='ocrx_word' id='word_1_750' title='bbox 550 5852 722 5905; x_wconf 80' lang='grc' dir='ltr'>αἰῶνα</span> <span class='ocrx_word' id='word_1_751' title='bbox 754 5849 848 5902; x_wconf 73' lang='grc' dir='ltr'>τοῦ</span> <span class='ocrx_word' id='word_1_752' title='bbox 883 5849 1100 5922; x_wconf 78' lang='grc' dir='ltr'>αἰῶνος,</span> <span class='ocrx_word' id='word_1_753' title='bbox 1135 5849 1410 5924; x_wconf 79' lang='lat' dir='ltr'><strong>Didymus</strong></span> <span class='ocrx_word' id='word_1_754' title='bbox 1444 5853 1600 5909; x_wconf 83' lang='lat' dir='ltr'><strong>aliter</strong></span> <span class='ocrx_word' id='word_1_755' title='bbox 1657 5855 1804 5921; x_wconf 87' lang='lat' dir='ltr'><strong>dicit,</strong></span> <span class='ocrx_word' id='word_1_756' title='bbox 1842 5857 1926 5909; x_wconf 78' lang='grc' dir='ltr'><strong>ἐπ’</strong></span> <span class='ocrx_word' id='word_1_757' title='bbox 1959 5849 2113 5916; x_wconf 75' lang='grc' dir='ltr'>ἄπει-</span> 
     </span>
    </p>
   </div>
   <div class='ocr_carea' id='block_1_81' title="bbox 2225 3931 3802 4006">
    <p class='ocr_par' dir='ltr' id='par_1_81' title="bbox 2225 3931 3802 4006">
     <span class='ocr_line' id='line_1_81' title="bbox 2225 3931 3802 4006; baseline -0.017 -9"><span class='ocrx_word' id='word_1_758' title='bbox 2225 3945 2356 3996; x_wconf 82' lang='grc' dir='ltr'>6δον</span> <span class='ocrx_word' id='word_1_759' title='bbox 2391 3937 2487 3991; x_wconf 81' lang='grc' dir='ltr'><strong>καὶ</strong></span> <span class='ocrx_word' id='word_1_760' title='bbox 2514 3935 2673 3998; x_wconf 84' lang='grc' dir='ltr'>ἄνθος</span> <span class='ocrx_word' id='word_1_761' title='bbox 2700 3937 2764 3987; x_wconf 81' lang='grc' dir='ltr'><strong>ὲκ</strong></span> <span class='ocrx_word' id='word_1_762' title='bbox 2784 3935 2884 4004; x_wconf 79' lang='grc' dir='ltr'><strong>τῆς</strong></span> <span class='ocrx_word' id='word_1_763' title='bbox 2920 3933 3074 4006; x_wconf 73' lang='grc' dir='ltr'>ῥίζης</span> <span class='ocrx_word' id='word_1_764' title='bbox 3099 3936 3294 3989; x_wconf 61' lang='grc' dir='ltr'><strong>Ἰεσσαὶ¹</strong></span> <span class='ocrx_word' id='word_1_765' title='bbox 3320 3935 3490 4004; x_wconf 86' lang='grc' dir='ltr'>λέγει,</span> <span class='ocrx_word' id='word_1_766' title='bbox 3517 3935 3608 3988; x_wconf 83' lang='grc' dir='ltr'>τὸν</span> <span class='ocrx_word' id='word_1_767' title='bbox 3631 3933 3687 3999; x_wconf 76' lang='grc' dir='ltr'>ἐξ</span> <span class='ocrx_word' id='word_1_768' title='bbox 3715 3931 3802 3984; x_wconf 67' lang='grc' dir='ltr'><strong>αὖ-</strong></span> 
     </span>
    </p>
   </div>
   <div class='ocr_carea' id='block_1_82' title="bbox 2223 4025 3802 4103">
    <p class='ocr_par' dir='ltr' id='par_1_82' title="bbox 2223 4025 3802 4103">
     <span class='ocr_line' id='line_1_82' title="bbox 2223 4025 3802 4103; baseline -0.007 -20"><span class='ocrx_word' id='word_1_769' title='bbox 2223 4035 2330 4103; x_wconf 77' lang='grc' dir='ltr'><strong>τῆς</strong></span> <span class='ocrx_word' id='word_1_770' title='bbox 2363 4031 2425 4082; x_wconf 77' lang='grc' dir='ltr'><strong>ἐν</strong></span> <span class='ocrx_word' id='word_1_771' title='bbox 2451 4028 2518 4097; x_wconf 80' lang='grc' dir='ltr'><strong>τῇ</strong></span> <span class='ocrx_word' id='word_1_772' title='bbox 2563 4025 2970 4098; x_wconf 79' lang='grc' dir='ltr'>ὲνανθρωπήσει</span> <span class='ocrx_word' id='word_1_773' title='bbox 3019 4027 3416 4097; x_wconf 80' lang='grc' dir='ltr'>βλαστήσαντα.</span> <span class='ocrx_word' id='word_1_774' title='bbox 3452 4027 3552 4078; x_wconf 72' lang='grc' dir='ltr'><strong>καὶ</strong></span> <span class='ocrx_word' id='word_1_775' title='bbox 3584 4028 3648 4096; x_wconf 75' lang='grc' dir='ltr'><strong>τῇ</strong></span> <span class='ocrx_word' id='word_1_776' title='bbox 3687 4025 3802 4075; x_wconf 77' lang='grc' dir='ltr'>ἐαυ-</span> 
     </span>
    </p>
   </div>
   <div class='ocr_carea' id='block_1_83' title="bbox 2220 4113 3804 4190">
    <p class='ocr_par' dir='ltr' id='par_1_83' title="bbox 2220 4113 3804 4190">
     <span class='ocr_line' id='line_1_83' title="bbox 2220 4113 3804 4190; baseline -0.028 18"><span class='ocrx_word' id='word_1_777' title='bbox 2220 4124 2320 4178; x_wconf 64' lang='grc' dir='ltr'><strong>τοῦ</strong></span> <span class='ocrx_word' id='word_1_778' title='bbox 2350 4118 2552 4189; x_wconf 59' lang='grc' dir='ltr'>εὐωδίᾳ</span> <span class='ocrx_word' id='word_1_779' title='bbox 2571 4119 2669 4189; x_wconf 72' lang='grc' dir='ltr'><strong>τὴν</strong></span> <span class='ocrx_word' id='word_1_780' title='bbox 2685 4117 2906 4190; x_wconf 69' lang='grc' dir='ltr'><strong>ὑφήλιον</strong></span> <span class='ocrx_word' id='word_1_781' title='bbox 2938 4117 3208 4189; x_wconf 74' lang='grc' dir='ltr'>ῥώσαντα,</span> <span class='ocrx_word' id='word_1_782' title='bbox 3228 4120 3314 4188; x_wconf 76' lang='grc' dir='ltr'><strong>ἐφ’</strong></span> <span class='ocrx_word' id='word_1_783' title='bbox 3340 4118 3399 4171; x_wconf 81' lang='grc' dir='ltr'><strong>ὅν</strong></span> <span class='ocrx_word' id='word_1_784' title='bbox 3415 4117 3600 4189; x_wconf 73' lang='grc' dir='ltr'>ἴδομεν</span> <span class='ocrx_word' id='word_1_785' title='bbox 3627 4117 3683 4168; x_wconf 83' lang='grc' dir='ltr'><strong>ὲν</strong></span> <span class='ocrx_word' id='word_1_786' title='bbox 3709 4113 3804 4166; x_wconf 80' lang='grc' dir='ltr'><strong>Εὑ-</strong></span> 
     </span>
    </p>
   </div>
   <div class='ocr_carea' id='block_1_84' title="bbox 2221 4201 3805 4284">
    <p class='ocr_par' dir='ltr' id='par_1_84' title="bbox 2221 4201 3805 4284">
     <span class='ocr_line' id='line_1_84' title="bbox 2221 4201 3805 4284; baseline -0.008 -14"><span class='ocrx_word' id='word_1_787' title='bbox 2221 4211 2511 4284; x_wconf 83' lang='grc' dir='ltr'>αγγελίοις</span> <span class='ocrx_word' id='word_1_788' title='bbox 2553 4209 3006 4278; x_wconf 81' lang='grc' dir='ltr'>ἀναπαυσάμενον</span> <span class='ocrx_word' id='word_1_789' title='bbox 3039 4210 3098 4262; x_wconf 78' lang='grc' dir='ltr'><strong>τὸ</strong></span> <span class='ocrx_word' id='word_1_790' title='bbox 3127 4209 3279 4279; x_wconf 77' lang='grc' dir='ltr'>ἅγιον</span> <span class='ocrx_word' id='word_1_791' title='bbox 3325 4208 3553 4276; x_wconf 87' lang='grc' dir='ltr'>Πνεῦμα</span> <span class='ocrx_word' id='word_1_792' title='bbox 3577 4226 3589 4238; x_wconf 93' lang='grc'><strong>·</strong></span> <span class='ocrx_word' id='word_1_793' title='bbox 3623 4201 3805 4278; x_wconf 77' lang='grc' dir='ltr'><strong>κριτὴν</strong></span> 
     </span>
    </p>
   </div>
   <div class='ocr_carea' id='block_1_85' title="bbox 2228 4382 3802 4468">
    <p class='ocr_par' dir='ltr' id='par_1_85' title="bbox 2228 4382 3802 4468">
     <span class='ocr_line' id='line_1_85' title="bbox 2228 4382 3802 4468; baseline -0.008 -21"><span class='ocrx_word' id='word_1_794' title='bbox 2228 4412 2354 4468; x_wconf 85' lang='grc' dir='ltr'>ρον,</span> <span class='ocrx_word' id='word_1_795' title='bbox 2385 4392 2439 4443; x_wconf 90' lang='lat' dir='ltr'><strong>id</strong></span> <span class='ocrx_word' id='word_1_796' title='bbox 2464 4458 2476 4468; x_wconf 43' lang='lat'><em>.</em></span> <span class='ocrx_word' id='word_1_797' title='bbox 2495 4399 2628 4468; x_wconf 42' lang='lat' dir='ltr'><strong>est,.</strong></span> <span class='ocrx_word' id='word_1_798' title='bbox 2647 4407 2664 4438; x_wconf 71' lang='grc' dir='ltr'><strong>ι</strong></span> <span class='ocrx_word' id='word_1_799' title='bbox 2685 4389 2752 4468; x_wconf 74' lang='lat' dir='ltr'><strong>in_</strong></span> <span class='ocrx_word' id='word_1_800' title='bbox 2775 4399 3054 4468; x_wconf 62' lang='lat' dir='ltr'><strong>mter-nunt.</strong></span> <span class='ocrx_word' id='word_1_801' title='bbox 3084 4409 3100 4439; x_wconf 75' lang='grc' dir='ltr'><strong>ι</strong></span> <span class='ocrx_word' id='word_1_802' title='bbox 3145 4390 3210 4442; x_wconf 87' lang='grc' dir='ltr'>Ἡ</span> <span class='ocrx_word' id='word_1_803' title='bbox 3263 4389 3469 4468; x_wconf 70' lang='grc' dir='ltr'>αἴνεσις</span> <span class='ocrx_word' id='word_1_804' title='bbox 3507 4384 3671 4468; x_wconf 55' lang='grc' dir='ltr'>αὒςτοῦ</span> <span class='ocrx_word' id='word_1_805' title='bbox 3701 4382 3802 4468; x_wconf 73' lang='lat' dir='ltr'><strong>(itt-</strong></span> 
     </span>
    </p>
   </div>
   <div class='ocr_carea' id='block_1_86' title="bbox 2227 4458 3803 4534">
    <p class='ocr_par' dir='ltr' id='par_1_86' title="bbox 2227 4458 3803 4534">
     <span class='ocr_line' id='line_1_86' title="bbox 2227 4458 3803 4534; baseline -0.01 -17"><span class='ocrx_word' id='word_1_806' title='bbox 2227 4458 2385 4534; x_wconf 65' lang='lat' dir='ltr'><strong>quit)</strong></span> <span class='ocrx_word' id='word_1_807' title='bbox 2409 4458 2563 4530; x_wconf 84' lang='grc' dir='ltr'>μένει</span> <span class='ocrx_word' id='word_1_808' title='bbox 2612 4459 2698 4510; x_wconf 80' lang='grc' dir='ltr'><strong>ἐπ’</strong></span> <span class='ocrx_word' id='word_1_809' title='bbox 2721 4459 2967 4534; x_wconf 81' lang='grc' dir='ltr'>ἄπειρον,</span> <span class='ocrx_word' id='word_1_810' title='bbox 2997 4462 3046 4513; x_wconf 95' lang='lat' dir='ltr'><strong>id</strong></span> <span class='ocrx_word' id='word_1_811' title='bbox 3087 4471 3188 4534; x_wconf 82' lang='lat' dir='ltr'><strong>est,</strong></span> <span class='ocrx_word' id='word_1_812' title='bbox 3225 4458 3654 4534; x_wconf 52' lang='lat' dir='ltr'><strong>rlandatiqejus</strong></span> <span class='ocrx_word' id='word_1_813' title='bbox 3703 4467 3803 4507; x_wconf 85' lang='lat' dir='ltr'><strong>Ina-</strong></span> 
     </span>
    </p>
   </div>
   <div class='ocr_carea' id='block_1_87' title="bbox 2229 4526 3801 4602">
    <p class='ocr_par' dir='ltr' id='par_1_87' title="bbox 2229 4526 3801 4602">
     <span class='ocr_line' id='line_1_87' title="bbox 2229 4526 3801 4602; baseline -0.011 -12"><span class='ocrx_word' id='word_1_814' title='bbox 2229 4526 2324 4590; x_wconf 73' lang='lat' dir='ltr'><strong>tiet</strong></span> <span class='ocrx_word' id='word_1_815' title='bbox 2353 4526 2432 4584; x_wconf 47' lang='lat' dir='ltr'><strong>&#39;in</strong></span> <span class='ocrx_word' id='word_1_816' title='bbox 2491 4538 2822 4602; x_wconf 66' lang='lat' dir='ltr'><strong>aeternuth</strong></span> <span class='ocrx_word' id='word_1_817' title='bbox 2859 4526 3005 4602; x_wconf 15' lang='lat' dir='ltr'><strong>-sivei</strong></span> <span class='ocrx_word' id='word_1_818' title='bbox 3046 4549 3064 4581; x_wconf 78' lang='grc' dir='ltr'><strong>ι</strong></span> <span class='ocrx_word' id='word_1_819' title='bbox 3091 4530 3379 4602; x_wconf 80' lang='lat' dir='ltr'><strong>infinitum.</strong></span> <span class='ocrx_word' id='word_1_820' title='bbox 3407 4545 3427 4578; x_wconf 71' lang='grc' dir='ltr'><strong>ι</strong></span> <span class='ocrx_word' id='word_1_821' title='bbox 3486 4526 3631 4602; x_wconf 79' lang='lat' dir='ltr'><strong>_Cut_n_</strong></span> <span class='ocrx_word' id='word_1_822' title='bbox 3680 4535 3801 4602; x_wconf 77' lang='lat' dir='ltr'><strong>vero</strong></span> 
     </span>
    </p>
   </div>
   <div class='ocr_carea' id='block_1_88' title="bbox 2230 4596 3799 4674">
    <p class='ocr_par' dir='ltr' id='par_1_88' title="bbox 2230 4596 3799 4674">
     <span class='ocr_line' id='line_1_88' title="bbox 2230 4596 3799 4674; baseline -0.007 -20"><span class='ocrx_word' id='word_1_823' title='bbox 2230 4606 2485 4661; x_wconf 85' lang='lat' dir='ltr'><strong>verbum,</strong></span> <span class='ocrx_word' id='word_1_824' title='bbox 2524 4597 2842 4674; x_wconf 58' lang='grc' dir='ltr'>ιιαςορθοῦν,</span> <span class='ocrx_word' id='word_1_825' title='bbox 2881 4601 3150 4674; x_wconf 83' lang='lat' dir='ltr'><strong>duplicent</strong></span> <span class='ocrx_word' id='word_1_826' title='bbox 3204 4598 3399 4652; x_wconf 87' lang='lat' dir='ltr'><strong>habeat</strong></span> <span class='ocrx_word' id='word_1_827' title='bbox 3454 4596 3799 4674; x_wconf 61' lang='lat' dir='ltr'><strong>significatio:</strong></span> 
     </span>
    </p>
   </div>
   <div class='ocr_carea' id='block_1_89' title="bbox 2231 4658 3798 4737">
    <p class='ocr_par' dir='ltr' id='par_1_89' title="bbox 2231 4658 3798 4737">
     <span class='ocr_line' id='line_1_89' title="bbox 2231 4658 3798 4737; baseline -0.009 -8"><span class='ocrx_word' id='word_1_828' title='bbox 2231 4691 2382 4732; x_wconf 74' lang='lat' dir='ltr'><strong>ltelll,</strong></span> <span class='ocrx_word' id='word_1_829' title='bbox 2423 4658 2560 4721; x_wconf 81' lang='lat' dir='ltr'><strong>verti</strong></span> <span class='ocrx_word' id='word_1_830' title='bbox 2596 4658 2836 4721; x_wconf 72' lang='lat' dir='ltr'><strong>fortasse</strong></span> <span class='ocrx_word' id='word_1_831' title='bbox 2866 4658 3027 4720; x_wconf 64' lang='lat' dir='ltr'><strong>etiam</strong></span> <span class='ocrx_word' id='word_1_832' title='bbox 3063 4679 3281 4737; x_wconf 86' lang='lat' dir='ltr'><strong>posset:</strong></span> <span class='ocrx_word' id='word_1_833' title='bbox 3309 4685 3326 4717; x_wconf 86' lang='grc'>‹</span> <span class='ocrx_word' id='word_1_834' title='bbox 3356 4681 3476 4733; x_wconf 69' lang='lat' dir='ltr'><strong>qua:</strong></span> <span class='ocrx_word' id='word_1_835' title='bbox 3506 4658 3691 4720; x_wconf 69' lang='lat' dir='ltr'><strong>omnia</strong></span> <span class='ocrx_word' id='word_1_836' title='bbox 3737 4658 3798 4713; x_wconf 82' lang='lat' dir='ltr'><strong>ad</strong></span> 
     </span>
    </p>
   </div>
   <div class='ocr_carea' id='block_1_90' title="bbox 2232 4737 3456 4815">
    <p class='ocr_par' dir='ltr' id='par_1_90' title="bbox 2232 4737 3456 4815">
     <span class='ocr_line' id='line_1_90' title="bbox 2232 4737 3456 4815; baseline -0.007 -19"><span class='ocrx_word' id='word_1_837' title='bbox 2232 4737 2799 4815; x_wconf 38' lang='lat' dir='ltr'><strong>prosperu‘utuexi‘tutn</strong></span> <span class='ocrx_word' id='word_1_838' title='bbox 2835 4739 2885 4789; x_wconf 87' lang='lat' dir='ltr'><strong>itt</strong></span> <span class='ocrx_word' id='word_1_839' title='bbox 2915 4737 3456 4815; x_wconf 67' lang='lat' dir='ltr'><strong>:eterrmm_dirigit.__r</strong></span> 
     </span>
    </p>
   </div>
   <div class='ocr_carea' id='block_1_91' title="bbox 2309 4801 3800 4882">
    <p class='ocr_par' dir='ltr' id='par_1_91' title="bbox 2309 4801 3800 4882">
     <span class='ocr_line' id='line_1_91' title="bbox 2309 4801 3800 4882; baseline -0.004 -25"><span class='ocrx_word' id='word_1_840' title='bbox 2309 4801 2431 4882; x_wconf 69' lang='lat'><strong>(1&#39;2)</strong></span> <span class='ocrx_word' id='word_1_841' title='bbox 2467 4805 2647 4882; x_wconf 68' lang='lat' dir='ltr'><strong>Filr‘is.</strong></span> <span class='ocrx_word' id='word_1_842' title='bbox 2678 4808 2882 4882; x_wconf 67' lang='lat' dir='ltr'><strong>Codex,</strong></span> <span class='ocrx_word' id='word_1_843' title='bbox 2911 4811 3219 4882; x_wconf 69' lang='grc' dir='ltr'>ςπαντεκνεῖ,</span> <span class='ocrx_word' id='word_1_844' title='bbox 3251 4801 3574 4882; x_wconf 36' lang='lat' dir='ltr'><strong>tet-reliqua.</strong></span> <span class='ocrx_word' id='word_1_845' title='bbox 3621 4801 3800 4858; x_wconf 87' lang='lat' dir='ltr'><strong>Utrum</strong></span> 
     </span>
    </p>
   </div>
   <div class='ocr_carea' id='block_1_92' title="bbox 2237 4875 3802 4946">
    <p class='ocr_par' dir='ltr' id='par_1_92' title="bbox 2237 4875 3802 4946">
     <span class='ocr_line' id='line_1_92' title="bbox 2237 4875 3802 4946; baseline -0.005 -10"><span class='ocrx_word' id='word_1_846' title='bbox 2237 4875 2424 4937; x_wconf 79' lang='lat' dir='ltr'><strong>autent</strong></span> <span class='ocrx_word' id='word_1_847' title='bbox 2489 4876 2830 4946; x_wconf 73' lang='lat' dir='ltr'><strong>scribendum</strong></span> <span class='ocrx_word' id='word_1_848' title='bbox 2879 4878 2948 4929; x_wconf 87' lang='lat' dir='ltr'><strong>sit</strong></span> <span class='ocrx_word' id='word_1_849' title='bbox 3004 4875 3296 4946; x_wconf 80' lang='grc' dir='ltr'>πανδημεί,</span> <span class='ocrx_word' id='word_1_850' title='bbox 3345 4875 3577 4943; x_wconf 80' lang='lat' dir='ltr'><strong>exempli</strong></span> <span class='ocrx_word' id='word_1_851' title='bbox 3627 4884 3802 4946; x_wconf 57' lang='lat' dir='ltr'><strong>causa.</strong></span> 
     </span>
    </p>
   </div>
   <div class='ocr_carea' id='block_1_93' title="bbox 2237 4938 3801 5022">
    <p class='ocr_par' dir='ltr' id='par_1_93' title="bbox 2237 4938 3801 5022">
     <span class='ocr_line' id='line_1_93' title="bbox 2237 4938 3801 5022; baseline -0.001 -25"><span class='ocrx_word' id='word_1_852' title='bbox 2237 4945 2563 5022; x_wconf 68' lang='grc' dir='ltr'>παμψηφεί,</span> <span class='ocrx_word' id='word_1_853' title='bbox 2607 4944 2885 5022; x_wconf 45' lang='grc' dir='ltr'>πανσλοδεί,</span> <span class='ocrx_word' id='word_1_854' title='bbox 2921 4956 2972 4998; x_wconf 87' lang='lat' dir='ltr'><strong>et</strong></span> <span class='ocrx_word' id='word_1_855' title='bbox 3013 4938 3228 5006; x_wconf 66' lang='lat' dir='ltr'><strong>caetera,</strong></span> <span class='ocrx_word' id='word_1_856' title='bbox 3265 4938 3330 4998; x_wconf 87' lang='lat' dir='ltr'><strong>an</strong></span> <span class='ocrx_word' id='word_1_857' title='bbox 3383 4938 3801 5022; x_wconf 46' lang='lat' dir='ltr'><strong>vero-“wavdmfi.</strong></span> 
     </span>
    </p>
   </div>
   <div class='ocr_carea' id='block_1_94' title="bbox 2238 5011 3804 5092">
    <p class='ocr_par' dir='ltr' id='par_1_94' title="bbox 2238 5011 3804 5092">
     <span class='ocr_line' id='line_1_94' title="bbox 2238 5011 3804 5092; baseline -0.012 -15"><span class='ocrx_word' id='word_1_858' title='bbox 2561 5015 3107 5092; x_wconf 64' lang='lat' dir='ltr'><strong>ﬂavau6i,_dispu_tant</strong></span> <span class='ocrx_word' id='word_1_859' title='bbox 3135 5013 3491 5092; x_wconf 68' lang='lat' dir='ltr'><strong>gratntttatici.</strong></span> <span class='ocrx_word' id='word_1_860' title='bbox 3526 5013 3636 5080; x_wconf 88' lang='lat' dir='ltr'><strong>Ego</strong></span> <span class='ocrx_word' id='word_1_861' title='bbox 3655 5011 3804 5092; x_wconf 62' lang='lat' dir='ltr'><strong>codi-</strong></span> 
     </span>
    </p>
   </div>
   <div class='ocr_carea' id='block_1_95' title="bbox 2240 5079 3799 5154">
    <p class='ocr_par' dir='ltr' id='par_1_95' title="bbox 2240 5079 3799 5154">
     <span class='ocr_line' id='line_1_95' title="bbox 2240 5079 3799 5154; baseline -0.012 -5"><span class='ocrx_word' id='word_1_862' title='bbox 2240 5079 2680 5154; x_wconf 37' lang='lat' dir='ltr'><strong>cis&#39;sctripturatn</strong></span> <span class='ocrx_word' id='word_1_863' title='bbox 2727 5079 2944 5148; x_wconf 69' lang='lat' dir='ltr'><strong>retinui,</strong></span> <span class='ocrx_word' id='word_1_864' title='bbox 2981 5088 3032 5136; x_wconf 87' lang='lat' dir='ltr'><strong>in</strong></span> <span class='ocrx_word' id='word_1_865' title='bbox 3083 5079 3190 5154; x_wconf 74' lang='grc' dir='ltr'>(ιιῖο</span> <span class='ocrx_word' id='word_1_866' title='bbox 3231 5085 3488 5137; x_wconf 85' lang='lat' dir='ltr'><strong>similium</strong></span> <span class='ocrx_word' id='word_1_867' title='bbox 3517 5079 3799 5136; x_wconf 79' lang='lat' dir='ltr'><strong>vocabulo-</strong></span> 
     </span>
    </p>
   </div>
   <div class='ocr_carea' id='block_1_96' title="bbox 2242 5153 3388 5227">
    <p class='ocr_par' dir='ltr' id='par_1_96' title="bbox 2242 5153 3388 5227">
     <span class='ocr_line' id='line_1_96' title="bbox 2242 5153 3388 5227; baseline -0.01 -8"><span class='ocrx_word' id='word_1_868' title='bbox 2242 5178 2364 5219; x_wconf 89' lang='lat' dir='ltr'><strong>rum</strong></span> <span class='ocrx_word' id='word_1_869' title='bbox 2396 5153 2668 5227; x_wconf 78' lang='lat' dir='ltr'><strong>postrema</strong></span> <span class='ocrx_word' id='word_1_870' title='bbox 2698 5155 2898 5227; x_wconf 79' lang='lat' dir='ltr'><strong>syllaba</strong></span> <span class='ocrx_word' id='word_1_871' title='bbox 2927 5153 3388 5227; x_wconf 71' lang='lat' dir='ltr'><strong>circumflectitur.</strong></span> 
     </span>
    </p>
   </div>
   <div class='ocr_carea' id='block_1_97' title="bbox 2312 5223 3737 5302">
    <p class='ocr_par' dir='ltr' id='par_1_97' title="bbox 2312 5223 3737 5302">
     <span class='ocr_line' id='line_1_97' title="bbox 2312 5223 3737 5302; baseline 0 0"><span class='ocrx_word' id='word_1_872' title='bbox 2312 5223 2427 5302; x_wconf 61' lang='grc'><strong>(15)</strong></span> <span class='ocrx_word' id='word_1_873' title='bbox 2456 5223 2792 5302; x_wconf 61' lang='grc' dir='ltr'><strong>ξρνεάίςέανο</strong></span> <span class='ocrx_word' id='word_1_874' title='bbox 2824 5224 2926 5302; x_wconf 70' lang='grc' dir='ltr'><strong>¹Ξ³ο</strong></span> <span class='ocrx_word' id='word_1_875' title='bbox 2957 5239 3030 5283; x_wconf 70' lang='grc' dir='ltr'><strong>υτ</strong></span> <span class='ocrx_word' id='word_1_876' title='bbox 3072 5224 3206 5302; x_wconf 59' lang='lat'><strong>12‘;</strong></span> <span class='ocrx_word' id='word_1_877' title='bbox 3298 5292 3310 5302; x_wconf 92' lang='lat'><strong>.</strong></span> <span class='ocrx_word' id='word_1_878' title='bbox 3371 5294 3384 5302; x_wconf 93' lang='lat'><strong>.</strong></span> <span class='ocrx_word' id='word_1_879' title='bbox 3728 5267 3737 5302; x_wconf 74' lang='grc' dir='ltr'><strong><em>ς</em></strong></span> 
     </span>
    </p>
   </div>
   <div class='ocr_carea' id='block_1_98' title="bbox 2306 5241 3806 5366">
    <p class='ocr_par' dir='ltr' id='par_1_98' title="bbox 2306 5241 3806 5366">
     <span class='ocr_line' id='line_1_98' title="bbox 2312 5241 3737 5304; baseline -0.005 -25"><span class='ocrx_word' id='word_1_880' title='bbox 2312 5241 2406 5302; x_wconf 80' lang='grc' dir='ltr'>(ι.)</span> <span class='ocrx_word' id='word_1_881' title='bbox 2456 5241 2792 5301; x_wconf 65' lang='grc' dir='ltr'>αςνεαιειιιτ.</span> <span class='ocrx_word' id='word_1_882' title='bbox 2824 5241 2926 5274; x_wconf 76' lang='lat' dir='ltr'><strong>isa.</strong></span> <span class='ocrx_word' id='word_1_883' title='bbox 2957 5241 3030 5283; x_wconf 70' lang='grc' dir='ltr'>χι,</span> <span class='ocrx_word' id='word_1_884' title='bbox 3075 5241 3206 5304; x_wconf 42' lang='lat'><strong>174..</strong></span> <span class='ocrx_word' id='word_1_885' title='bbox 3731 5267 3737 5272; x_wconf 85' lang='lat'><strong>.</strong></span> 
     </span>
     <span class='ocr_line' id='line_1_99' title="bbox 2306 5241 3806 5366; baseline -0.005 -16"><span class='ocrx_word' id='word_1_886' title='bbox 2306 5241 2427 5366; x_wconf 67' lang='grc' dir='ltr'><strong>(1ιῖ</strong></span> <span class='ocrx_word' id='word_1_887' title='bbox 2461 5295 2544 5346; x_wconf 72' lang='lat' dir='ltr'><strong>Ex</strong></span> <span class='ocrx_word' id='word_1_888' title='bbox 2578 5294 2774 5366; x_wconf 61' lang='lat' dir='ltr'><strong>rthpe.</strong></span> <span class='ocrx_word' id='word_1_889' title='bbox 2832 5291 3020 5346; x_wconf 70' lang='lat' dir='ltr'><strong>Grmca</strong></span> <span class='ocrx_word' id='word_1_890' title='bbox 3072 5292 3270 5366; x_wconf 49' lang='lat' dir='ltr'><strong>Brulla</strong></span> <span class='ocrx_word' id='word_1_891' title='bbox 3298 5292 3498 5366; x_wconf 82' lang='lat' dir='ltr'><strong>habent</strong></span> <span class='ocrx_word' id='word_1_892' title='bbox 3527 5309 3593 5366; x_wconf 51' lang='grc' dir='ltr'><strong><em>ς)</em></strong></span> <span class='ocrx_word' id='word_1_893' title='bbox 3613 5305 3677 5366; x_wconf 80' lang='lat' dir='ltr'><strong>ex_</strong></span> <span class='ocrx_word' id='word_1_894' title='bbox 3721 5297 3806 5365; x_wconf 64' lang='lat' dir='ltr'><strong>fa-</strong></span> 
     </span>
    </p>
   </div>
   <div class='ocr_carea' id='block_1_99' title="bbox 2231 5360 3803 5434">
    <p class='ocr_par' dir='ltr' id='par_1_99' title="bbox 2231 5360 3803 5434">
     <span class='ocr_line' id='line_1_100' title="bbox 2231 5360 3803 5434; baseline -0.006 -16"><span class='ocrx_word' id='word_1_895' title='bbox 2231 5360 2356 5428; x_wconf 62' lang='lat' dir='ltr'><strong>diée</strong></span> <span class='ocrx_word' id='word_1_896' title='bbox 2384 5360 2523 5434; x_wconf 74' lang='lat' dir='ltr'><strong>ejus.</strong></span> <span class='ocrx_word' id='word_1_897' title='bbox 2552 5382 2570 5413; x_wconf 74' lang='grc' dir='ltr'><strong>ι</strong></span> <span class='ocrx_word' id='word_1_898' title='bbox 2608 5362 2868 5434; x_wconf 81' lang='lat' dir='ltr'><strong>Didymus</strong></span> <span class='ocrx_word' id='word_1_899' title='bbox 2915 5376 3083 5431; x_wconf 85' lang='lat' dir='ltr'><strong>segni.</strong></span> <span class='ocrx_word' id='word_1_900' title='bbox 3117 5361 3219 5414; x_wconf 73' lang='lat'><strong>1‘23</strong></span> <span class='ocrx_word' id='word_1_901' title='bbox 3253 5361 3304 5426; x_wconf 78' lang='grc' dir='ltr'><strong>Ι),</strong></span> <span class='ocrx_word' id='word_1_902' title='bbox 3339 5365 3500 5417; x_wconf 86' lang='lat' dir='ltr'><strong>habet</strong></span> <span class='ocrx_word' id='word_1_903' title='bbox 3523 5361 3583 5426; x_wconf 79' lang='grc' dir='ltr'>ἐξ</span> <span class='ocrx_word' id='word_1_904' title='bbox 3618 5360 3803 5423; x_wconf 79' lang='grc' dir='ltr'>αὐτῆς,</span> 
     </span>
    </p>
   </div>
   <div class='ocr_carea' id='block_1_100' title="bbox 2230 5432 3749 5502">
    <p class='ocr_par' dir='ltr' id='par_1_100' title="bbox 2230 5432 3749 5502">
     <span class='ocr_line' id='line_1_101' title="bbox 2230 5432 3749 5502; baseline 0.022 -15"><span class='ocrx_word' id='word_1_905' title='bbox 2230 5432 2787 5502; x_wconf 60' lang='lat' dir='ltr'><strong>idest,¢exi_P53-P</strong></span> <span class='ocrx_word' id='word_1_906' title='bbox 3060 5499 3103 5502; x_wconf 91' lang='lat'>__</span> <span class='ocrx_word' id='word_1_907' title='bbox 3193 5499 3202 5502; x_wconf 88' lang='lat'><strong>-</strong></span> <span class='ocrx_word' id='word_1_908' title='bbox 3327 5500 3373 5502; x_wconf 55' lang='grc' dir='ltr'><em>ρ</em></span> <span class='ocrx_word' id='word_1_909' title='bbox 3548 5499 3577 5502; x_wconf 89' lang='grc'><strong>--</strong></span> <span class='ocrx_word' id='word_1_910' title='bbox 3684 5492 3749 5502; x_wconf 85' lang='grc'><strong>-·</strong></span> 
     </span>
    </p>
   </div>
   <div class='ocr_carea' id='block_1_101' title="bbox 2305 5496 3800 5575">
    <p class='ocr_par' dir='ltr' id='par_1_101' title="bbox 2305 5496 3800 5575">
     <span class='ocr_line' id='line_1_102' title="bbox 2305 5496 3800 5575; baseline -0.023 2"><span class='ocrx_word' id='word_1_911' title='bbox 2305 5496 2424 5575; x_wconf 67' lang='grc'><strong>(15)</strong></span> <span class='ocrx_word' id='word_1_912' title='bbox 2459 5503 2569 5575; x_wconf 53' lang='grc' dir='ltr'><strong>θεῖ’</strong></span> <span class='ocrx_word' id='word_1_913' title='bbox 2597 5497 2812 5575; x_wconf 34' lang='grc' dir='ltr'>ϐηοιιηιιε</span> <span class='ocrx_word' id='word_1_914' title='bbox 2841 5499 3026 5575; x_wconf 68' lang='lat' dir='ltr'><strong>editio,</strong></span> <span class='ocrx_word' id='word_1_915' title='bbox 3060 5499 3297 5575; x_wconf 65' lang='grc' dir='ltr'><strong>Κυρξου,</strong></span> <span class='ocrx_word' id='word_1_916' title='bbox 3319 5500 3376 5551; x_wconf 82' lang='lat' dir='ltr'><strong>id</strong></span> <span class='ocrx_word' id='word_1_917' title='bbox 3405 5511 3488 5553; x_wconf 90' lang='lat' dir='ltr'><strong>est</strong></span> <span class='ocrx_word' id='word_1_918' title='bbox 3516 5496 3800 5575; x_wconf 50' lang='lat' dir='ltr'><strong>rDominit</strong></span> 
     </span>
    </p>
   </div>
   <div class='ocr_carea' id='block_1_102' title="bbox 2305 5557 3807 5653">
    <p class='ocr_par' dir='ltr' id='par_1_102' title="bbox 2305 5557 3807 5653">
     <span class='ocr_line' id='line_1_103' title="bbox 2305 5557 3807 5653; baseline -0.01 -22"><span class='ocrx_word' id='word_1_919' title='bbox 2459 5557 2942 5653; x_wconf 42' lang='lat' dir='ltr'><strong>SuperPOSI-Verba</strong></span> <span class='ocrx_word' id='word_1_920' title='bbox 2973 5557 3097 5653; x_wconf 42' lang='lat' dir='ltr'><strong>ista:</strong></span> <span class='ocrx_word' id='word_1_921' title='bbox 3123 5557 3249 5632; x_wconf 78' lang='grc' dir='ltr'><strong>τόὺς</strong></span> <span class='ocrx_word' id='word_1_922' title='bbox 3274 5557 3658 5653; x_wconf 37' lang='grc' dir='ltr'><strong>ῦτξειρηφᾴνους</strong></span> 
     </span>
    </p>
   </div>
   <div class='ocr_carea' id='block_1_103' title="bbox 2233 5637 3805 5718">
    <p class='ocr_par' dir='ltr' id='par_1_103' title="bbox 2233 5637 3805 5718">
     <span class='ocr_line' id='line_1_104' title="bbox 2233 5637 3805 5718; baseline -0.006 -21"><span class='ocrx_word' id='word_1_923' title='bbox 2233 5637 2534 5718; x_wconf 69' lang='grc' dir='ltr'>ὲξέλεῗται,</span> <span class='ocrx_word' id='word_1_924' title='bbox 2580 5638 2639 5718; x_wconf 48' lang='grc' dir='ltr'><strong>-ἰιΙ</strong></span> <span class='ocrx_word' id='word_1_925' title='bbox 2685 5645 2795 5717; x_wconf 73' lang='grc' dir='ltr'>εει,</span> <span class='ocrx_word' id='word_1_926' title='bbox 2857 5637 3292 5718; x_wconf 39' lang='lat' dir='ltr'><strong>«superbosiet</strong></span> <span class='ocrx_word' id='word_1_927' title='bbox 3338 5637 3649 5718; x_wconf 63' lang='lat' dir='ltr'><strong>liberabit,»</strong></span> <span class='ocrx_word' id='word_1_928' title='bbox 3700 5637 3805 5685; x_wconf 72' lang='lat' dir='ltr'><strong>sive</strong></span> 
     </span>
    </p>
   </div>
   <div class='ocr_carea' id='block_1_104' title="bbox 2236 5705 3727 5781">
    <p class='ocr_par' dir='ltr' id='par_1_104' title="bbox 2236 5705 3727 5781">
     <span class='ocr_line' id='line_1_105' title="bbox 2236 5705 3727 5781; baseline 0.005 -25"><span class='ocrx_word' id='word_1_929' title='bbox 2236 5705 2472 5776; x_wconf 41' lang='lat' dir='ltr'><strong>feruet,</strong></span> <span class='ocrx_word' id='word_1_930' title='bbox 2509 5729 2525 5759; x_wconf 74' lang='grc' dir='ltr'><strong>ι</strong></span> <span class='ocrx_word' id='word_1_931' title='bbox 2560 5705 3118 5781; x_wconf 39' lang='lat' dir='ltr'><strong>desunhiqompibus</strong></span> <span class='ocrx_word' id='word_1_932' title='bbox 3146 5707 3497 5781; x_wconf 69' lang='lat' dir='ltr'><strong>edi_ti0t_ti_bu_s._</strong></span> <span class='ocrx_word' id='word_1_933' title='bbox 3715 5770 3727 5781; x_wconf 49' lang='grc'><strong>,</strong></span> 
     </span>
    </p>
   </div>
   <div class='ocr_carea' id='block_1_105' title="bbox 2301 5773 3806 5856">
    <p class='ocr_par' dir='ltr' id='par_1_105' title="bbox 2301 5773 3806 5856">
     <span class='ocr_line' id='line_1_106' title="bbox 2301 5773 3806 5856; baseline -0.011 -19"><span class='ocrx_word' id='word_1_934' title='bbox 2301 5773 2424 5856; x_wconf 75' lang='lat' dir='ltr'><strong>(l7)</strong></span> <span class='ocrx_word' id='word_1_935' title='bbox 2460 5773 2678 5846; x_wconf 75' lang='lat' dir='ltr'><strong>Impias.</strong></span> <span class='ocrx_word' id='word_1_936' title='bbox 2726 5773 2897 5830; x_wconf 87' lang='lat' dir='ltr'><strong>Biblia</strong></span> <span class='ocrx_word' id='word_1_937' title='bbox 2946 5775 3131 5831; x_wconf 64' lang='lat' dir='ltr'><strong>erca</strong></span> <span class='ocrx_word' id='word_1_938' title='bbox 3161 5813 3176 5830; x_wconf 93' lang='lat'><strong>.</strong></span> <span class='ocrx_word' id='word_1_939' title='bbox 3214 5775 3411 5844; x_wconf 75' lang='grc' dir='ltr'>ἀσεϐῆ,</span> <span class='ocrx_word' id='word_1_940' title='bbox 3446 5778 3499 5833; x_wconf 87' lang='lat' dir='ltr'><strong>id</strong></span> <span class='ocrx_word' id='word_1_941' title='bbox 3529 5785 3630 5842; x_wconf 82' lang='lat' dir='ltr'><strong>est,</strong></span> <span class='ocrx_word' id='word_1_942' title='bbox 3672 5789 3691 5824; x_wconf 75' lang='grc' dir='ltr'><strong>σ</strong></span> <span class='ocrx_word' id='word_1_943' title='bbox 3715 5773 3806 5824; x_wconf 85' lang='lat' dir='ltr'><strong>int-</strong></span> 
     </span>
    </p>
   </div>
   <div class='ocr_carea' id='block_1_106' title="bbox 2220 5864 2444 5936">
    <p class='ocr_par' dir='ltr' id='par_1_106' title="bbox 2220 5864 2444 5936">
     <span class='ocr_line' id='line_1_107' title="bbox 2220 5864 2444 5936; baseline -0.036 -19"><span class='ocrx_word' id='word_1_944' title='bbox 2220 5864 2399 5936; x_wconf 85' lang='lat' dir='ltr'><strong>pium.</strong></span> <span class='ocrx_word' id='word_1_945' title='bbox 2423 5871 2444 5904; x_wconf 75' lang='grc' dir='ltr'><strong>ι</strong></span> 
     </span>
    </p>
   </div>
  </div>
