4054 6404
396 413 491 467 θυι

1423 413 1512 468 DE
1550 414 1931 472 TRINITATE
1969 416 2173 472 LIBER
2215 416 2614 474 SECUNDUS.

3547 415 3660 471 602

393 528 530 578 ὅπου
567 527 908 598 προῄρηταιο
971 528 1217 599 βούλεται
1267 528 1345 591 δὲ,
1392 529 1530 601 ὅπερ
1560 529 1592 581 6
1644 528 1853 599 Πατὴρ,
1883 528 1968 581 καὶ

2079 536 2356 594 operatur,
2400 537 2452 579 et
2486 527 2657 597 spirat
2702 525 2790 581 ubi
2826 527 2984 582 vult:
3020 526 3072 581 id
3128 536 3307 582 autem
3347 528 3462 581 vult
3515 529 3659 596 quod

396 618 522 679 Υἱὸς
544 635 557 647 ·
591 618 685 670 καὶ
715 621 840 671 πνεῖ
876 619 1078 690 ὁμοίως
1114 618 1242 673 ἔνθα
1305 619 1447 672 θέλει
1475 620 1569 673 καὶ
1616 622 1645 674 6
1675 620 1865 692 Πατὴρ
1891 620 1986 673 καὶ

391 710 421 760 6
444 708 576 771 Υἱός
602 724 615 738 ·
635 707 875 779 πληροῦν
895 709 995 781 τὴν
1016 710 1246 779 ἄφθονον
1276 709 1367 781 194
1403 710 1455 783 b]
1488 710 1581 765 τοῦ
1616 711 1851 781 Πατρὺς,
1887 710 1985 764 καὶ

392 798 487 851 τοῦ
521 799 675 864 Υίοῦ,
701 800 796 853 καὶ
825 801 1019 854 ἐαυτοῦ
1056 802 1184 872 μίαν
1218 802 1497 873 βούλησιν
1529 804 1623 856 καὶ
1664 802 1852 874 μηδὲν,
1882 820 1986 874 μη-

391 888 449 940 δὲ
477 890 655 942 αὐτῶν
704 890 816 943 τῶν
845 892 1092 965 ἀμυδρὰν
1125 893 1356 964 ἐχόντων
1410 893 1575 963 ζωὴν,
1619 894 1821 965 ἔρημον
1848 894 1985 949 ἁπο-

393 980 659 1049 λιμπάνον
687 980 788 1050 τῆς
846 980 1040 1033 ἐαυτοῦ
1086 980 1362 1051 προνοίας.
1416 980 1824 1052 Προῖστάμενον
1873 979 1983 1049 γὰρ

392 1068 494 1137 τῆς
541 1068 739 1122 ἐαυτοῦ
791 1071 1079 1139 ποιήσεως.
1137 1071 1231 1124 ἆτε
1274 1072 1334 1125 ὃν
1364 1071 1718 1140 αὐτοάγαθον,
1759 1070 1856 1123 καὶ
1884 1068 1980 1121 ἆτε

396 1159 658 1227 συνεργὸν
684 1157 775 1211 τοῦ
806 1160 1012 1228 ἀγαθοῦ
1042 1163 1410 1233 Δημιουργοῦ,
1446 1162 1623 1214 πάντα
1665 1162 1855 1232 ἐφορᾷ,
1886 1161 1981 1214 καὶ

392 1249 546 1302 οὐδὲν
580 1250 942 1321 παραδλέπει,
1004 1255 1319 1326 πανταρκές
1371 1254 1633 1325 ὑπάρχον,
1700 1255 1793 1306 καὶ
1823 1254 1979 1308 θεῖκὰ

393 1339 691 1410 δωρήματα
742 1341 1015 1409 διανέμον.
1083 1344 1172 1415 Τῷ
1210 1346 1318 1416 γὰρ
1353 1365 1369 1394 ι
1402 1347 1481 1398 ἐνὶ
1518 1344 1724 1415 ἀγαθῷ,
1752 1366 1770 1397 ι
1805 1344 1979 1407 οὐδεὶς

396 1431 526 1500 περὶ
548 1432 760 1496 οὐδενὸς
785 1433 1039 1488 οὐδέποτε
1063 1436 1335 1503 ἐγγίνεται
1365 1436 1583 1504 φθόνος’
1619 1437 1733 1489 ἀλλ’
1757 1438 1978 1507 εὐεργε-

398 1524 541 1587 σίαις
573 1526 771 1595 μᾶλλον
801 1527 1039 1580 δείκνυσι
1068 1529 1167 1599 τὴν
1200 1529 1464 1594 ἐξουσίαν.
1498 1530 1605 1581 Καὶ
1625 1528 1714 1581 διὰ
1740 1528 1897 1581 τοῦτο
1918 1527 1977 1580 ἓν

395 1615 623 1685 θέλημα,
661 1619 755 1670 καὶ
786 1618 913 1688 μίαν
945 1618 1188 1683 ἐξουσίαν
1213 1620 1306 1673 καὶ
1341 1618 1568 1690 δύναμιν
1613 1620 1711 1689 τῆς
1749 1619 1977 1689 Τριάδος

393 1702 532 1760 εἶναι
577 1708 825 1779 λέγομεν.
851 1704 952 1761 Ὧν
1003 1710 1060 1762 δέ
1094 1710 1330 1780 θέλησις,
1362 1711 1457 1764 καὶ
1494 1710 1730 1775 ἐξουσία,
1763 1710 1855 1764 καὶ
1885 1713 1975 1763 ὲν-

392 1799 579 1870 έργεια
609 1801 722 1870 μία,
751 1802 859 1873 ἄρα
890 1803 989 1872 μία
1018 1804 1111 1855 καὶ
1136 1805 1169 1874 ἡ
1204 1802 1412 1873 θεότης.
1442 1802 1514 1854 Τὸ
1538 1803 1646 1874 γὰρ
1673 1804 1851 1857 πάντα
1889 1805 1974 1856 ὲν-

390 1889 587 1959 εργοῦν
623 1893 744 1944 κατ’
798 1892 1045 1956 ἐξουσίαν
1104 1895 1260 1959 ἰδίαν,
1290 1896 1385 1947 καὶ⁵
1411 1894 1585 1965 παρὸν
1624 1897 1682 1947 ἐν
1704 1897 1814 1958 τοῖς
1847 1894 1971 1948 καθ’
2006 1865 2048 1923 Β

391 1980 636 2042 ἕκαστον,
690 1984 790 2055 τῆς
840 1985 933 2037 ἐπὶ
980 1986 1196 2039 πάντων
1229 1988 1345 2039 ἐστὶ
1378 1988 1506 2056 μιᾶς
1561 1988 1653 2040 καὶ
1690 1986 1969 2056 ἀκηράτου

390 2070 628 2138 φύσεως,
664 2075 763 2128 οὐκ
784 2075 906 2145 ἕχον
933 2075 989 2128 ἔν
1017 2093 1125 2129 τινι
1181 2076 1242 2129 τὸ
1281 2077 1545 2141 ἐλλεῖπον,
1575 2077 1694 2130 οὐδὲ
1724 2075 1910 2130 ποιοῦν
1941 2076 1970 2129 ὃ

391 2166 468 2236 μὴ
497 2166 666 2219 οέλει’
699 2167 814 2221 ἀλλ’
851 2170 970 2223 οὐδὲ
1009 2169 1200 2222 ποιοῦν
1227 2170 1255 2222 6
1288 2171 1362 2241 μὴ
1394 2170 1637 2241 θυμῆρες
1675 2169 1754 2239 τῷ
1795 2169 1971 2239 Πατρὶ

388 2260 483 2310 καὶ
516 2258 595 2329 τῷ
622 2258 752 2330 Υἱῷ.
790 2262 897 2313 Καὶ
934 2261 992 2315 ὃν
1031 2262 1232 2333 τρόπον
1265 2253 1683 2332 ἀπαράλλακτον
1720 2263 1856 2332 πρὸς
1878 2261 1972 2314 τὸν

386 2352 605 2422 Πατέρα
638 2354 773 2421 μετὰ
827 2353 936 2407 τῶν
983 2353 1158 2407 ἄλλων
1205 2354 1531 2419 ἀποδείξεων
1589 2354 1826 2407 δείκνυσι
1878 2354 1971 2407 τὸν

388 2443 535 2505 Υἱὺν,
556 2445 645 2496 καὶ
674 2445 755 2503 τὸ,
792 2465 811 2492 ι
843 2447 985 2498 Ὅσα
1025 2445 1092 2499 ἂν
1147 2448 1273 2517 ποιῇ
1308 2449 1336 2500 6
1371 2447 1586 2517 Πατὴρ,
1625 2446 1797 2499 ταῦτα
1821 2446 1915 2500 καὶ
1941 2448 1971 2500 6

391 2536 512 2599 Υἱὸς
567 2539 766 2608 ὁμοίως
813 2541 1026 2591 ποιεῖ’»
1097 2538 1239 2592 οὓτω
1269 2539 1362 2593 καὶ
1415 2539 1476 2591 τὸ
1526 2540 1679 2607 ἆγιον
1721 2539 1967 2610 Πνεῦμα,

386 2630 486 2682 σὺν
504 2633 616 2693 τοῖς
640 2631 818 2696 ἄλλοις
851 2635 947 2686 καὶ
969 2635 1032 2687 τὸ
1080 2634 1255 2687 πάντα
1282 2635 1523 2705 ἐνεργεῖν
1548 2634 1641 2686 καὶ
1677 2633 1972 2704 δωρεῖσθαι

384 2721 567 2785 καθὼς
611 2722 858 2792 βούλεται
896 2726 992 2779 καὶ
1050 2729 1204 2779 πνεῖν
1256 2726 1384 2778 ἔνθα
1417 2724 1745 2797 προῄρηται.
1800 2725 1972 2780 Τοῦτο

383 2814 495 2883 γὰρ
541 2816 841 2886 παριστῶν,
898 2817 994 2871 καὶ
1029 2818 1242 2888 τρανῶς
1291 2816 1555 2886 θεολογῶν
1615 2817 1677 2870 τὸ
1724 2816 1967 2887 Πνεῦμα,

384 2907 624 2980 ἔγραφεν
670 2911 698 2961 6
738 2908 1093 2973 Ἀπόστολος·
1136 2929 1154 2959 ι
1183 2910 1299 2962 Ἵνα
1353 2908 1551 2967 ἴδωμεν
1609 2909 1677 2962 τὰ
1735 2908 1840 2961 ὑπὸ
1874 2909 1969 2962 τοῦ

383 2998 519 3051 9εοῦ
548 3000 872 3070 χαρισθέντα
927 3002 1075 3070 ἡμῖν.
1105 3020 1123 3051 ι
1171 3001 1386 3054 Γένοιτο
1417 3002 1461 3054 δ’
1486 3001 1552 3054 ἂν
1582 3003 1799 3055 πάντων
1845 3000 1969 3053 τού-

385 3109 493 3143 των
522 3092 613 3144 καὶ
638 3088 791 3154 αὖθις
822 3093 1031 3164 μάρτυς
1055 3093 1242 3156 πιστὸς
1270 3092 1497 3163 γράφων
1521 3094 1550 3146 6
1578 3092 1738 3155 αὐτὸς
1767 3094 1966 3163 Κοριν-

386 3182 521 3244 Non;
548 3185 604 3236 ἐν
647 3187 710 3255 τῇ
743 3182 936 3257 πρώτῃ
978 3184 1264 3256 Ἐπιστολῇ
1289 3201 1305 3216 ο
1357 3202 1374 3236 ι
1398 3184 1699 3255 Διαιρέσεις
1725 3183 1781 3236 δέ
1806 3199 1961 3254 χαρι-
1994 3224 2037 3283 c

385 3274 605 3344 σμάτων
649 3278 806 3340 εἰσιν,
847 3277 910 3330 τὸ
962 3277 1019 3330 δὲ
1051 3276 1186 3330 αὐτὸ
1222 3276 1447 3347 Πνεῦμα
1471 3293 1485 3306 °
1528 3277 1623 3329 καὶ
1671 3274 1966 3345 διαιρέσεις

378 3366 667 3421 διακονιῶν
686 3371 843 3431 εἰσιν,
876 3369 971 3423 καὶ
998 3372 1028 3421 6
1058 3369 1218 3432 αὐτὸς
1259 3368 1496 3440 Κύριοςο
1543 3368 1640 3421 καὶ
1671 3367 1963 3438 διαιρέσεις

379 3461 768 3530 ἐνεργημάτων
815 3462 940 3526 εἰσὶ,
985 3464 1013 3515 6
1043 3462 1101 3514 δὲ
1152 3461 1314 3525 αὐτὸς
1367 3461 1498 3523 Θεὸς
1554 3461 1583 3512 6
1628 3459 1863 3530 ἐνεργῶν
1895 3458 1964 3511 τὰ

379 3551 560 3604 πάντα
583 3553 639 3602 ὲν
671 3553 852 3604 πᾶσιν.
897 3552 1143 3623 Ἑκάστῳ
1169 3551 1226 3604 δὲ
1248 3551 1502 3619 δίδοταιὴ
1532 3549 1839 3620 φανέρωσις
1868 3545 1962 3599 τοῦ

378 3641 696 3711 Πνεύματος
726 3641 860 3712 πρὸς
887 3642 943 3694 τὸ
974 3641 1064 3713 [95
1089 3642 1145 3713 ιι]
1176 3640 1473 3712 συμφέρον.
1516 3634 1586 3710 ᾯ
1623 3638 1722 3709 μὲν
1744 3638 1855 3708 γὰρ
1884 3636 1964 3689 δί-

374 3735 527 3789 δοται
555 3735 642 3788 διὰ
670 3734 764 3787 τοῦ
794 3735 1107 3805 Πνεῦματος
1130 3735 1285 3802 λόγος
1325 3734 1535 3801 σοφίας,
1577 3731 1720 3801 ἄλλῳ
1768 3730 1824 3782 δὲ
1872 3728 1960 3782 λό-

374 3845 475 3896 γος
506 3826 757 3893 γνώσεως
785 3828 926 3880 κατὰ
950 3827 1011 3879 τὸ
1049 3827 1180 3879 αὐτὸ
1205 3826 1449 3896 Πνεῦμα,
1501 3823 1671 3893 ἐτέρῳ
1696 3822 1752 3875 δὲ
1775 3822 1958 3885 πίστις

374 3924 437 3974 ἐν
472 3919 551 3989 τῷ
575 3919 723 3989 αὐτῷ
765 3919 1063 3989 Πνεῦματι,
1093 3918 1238 3988 ἄλλῳ
1282 3918 1340 3970 δὲ
1368 3918 1679 3988 χαρίσματα
1712 3914 1957 3985 ἰαμάτων

370 4016 390 4040 ’
416 4011 532 4082 κτῷ
570 4011 650 4064 ἐνὶ
682 4011 972 4080 Πνεύματι,
1000 4010 1143 4080 ἄλλῳ
1181 4010 1238 4062 δὲ
1276 4010 1624 4080 ἐνεργήματα
1656 4006 1958 4076 δυνάμεων,

373 4102 521 4171 ἄλλῳ
547 4101 603 4154 δὲ
652 4101 974 4172 προφητεία,
1022 4100 1166 4170 ἄλλῳ
1197 4100 1253 4152 δὲ
1286 4100 1556 4170 διάκρισις
1613 4097 1957 4169 πνευμάτων,

375 4195 552 4263 ἑτέρῳ
574 4193 630 4246 δὲ
657 4193 787 4263 γένη
819 4193 1097 4260 γλωσσῶν,
1136 4192 1280 4262 ἄλλῳ
1308 4193 1364 4245 δὲ
1381 4193 1643 4263 ἑρμηνεία
1674 4189 1957 4259 γλωσσῶν.

376 4285 569 4341 Ταῦτα
587 4286 643 4338 δὲ
674 4288 848 4339 πάντα
878 4288 1091 4355 ἐνεργεῖ
1128 4284 1190 4337 τὸ
1222 4284 1280 4336 ἓν
1316 4284 1411 4335 καὶ
1447 4284 1508 4335 τὸ
1539 4283 1670 4336 αὐτὸ
1710 4280 1955 4351 Πνεῦμα,

373 4377 617 4449 διαιροῦν
646 4377 750 4448 ἰδίᾳ
773 4377 987 4446 ἑκάστῳ
1019 4376 1204 4441 καθὼς
1246 4376 1511 4447 βούλεται.
1542 4396 1563 4427 ι
1620 4374 1741 4446 Χρὴ
1768 4373 1826 4427 δὲ
1884 4372 1961 4443 μὴ

2089 611 2272 677 Pater,
2298 624 2354 668 et
2384 614 2552 669 Filius
2584 631 2599 667 :
2633 622 2687 667 et
2722 613 2793 667 ibi
2838 613 3091 669 similiter
3124 615 3295 685 spirat
3333 615 3419 669 ubi
3448 617 3561 670 vult
3604 626 3663 673 et

2085 703 2266 771 Pater,
2299 716 2353 760 et
2382 705 2550 759 Filius
2578 723 2592 759 :
2627 704 2936 759 muniﬁcam
2976 704 3174 767 Patris,
3206 716 3261 759 et
3291 705 3436 770 Filii.
3473 717 3530 762 et
3573 710 3658 763 sui

2086 796 2259 865 ipsius
2288 812 2448 850 unam
2487 796 2816 851 voluntatem
2841 797 3136 867 complens,
3174 798 3482 867 nullamque
3505 816 3660 855 crea-
3714 840 3722 875 ς

2087 900 2260 943 turam
2302 905 2370 945 ne
2402 905 2469 943 ex
2523 890 2590 944 iis
2633 889 2851 958 quidem
2907 904 3026 957 qua:
3075 890 3360 944 obscuram
3404 892 3657 960 imperle-
3710 882 3727 935 ἓ

2083 991 2334 1051 (namque
2390 980 2503 1051 (58)
2540 981 2699 1034 vitam
2733 981 2953 1045 habent,
3014 994 3291 1050 expertem
3350 983 3660 1049 relinquens
3720 1026 3728 1033 .

2082 1088 2193 1127 suae
2223 1072 2594 1142 providentim.
2645 1071 2779 1125 Nam
2811 1087 2923 1126 sua:
2974 1073 3142 1140 ipsius
3199 1072 3418 1127 factum
3476 1075 3659 1141 pra-si-

2080 1166 2235 1229 dcns,
2270 1173 2456 1232 utpote
2494 1165 2581 1229 qui
2622 1172 2706 1215 est
2735 1162 2849 1229 ipse
2895 1177 2991 1230 per
3044 1177 3102 1216 se
3146 1161 3343 1226 bonus,
3390 1173 3446 1214 et
3498 1161 3660 1216 simul

2080 1271 2200 1309 cum
2230 1257 2370 1308 bono
2401 1253 2664 1308 Creatore
2687 1267 2942 1320 nperaus,
2969 1254 3147 1306 omnia
3172 1253 3409 1322 inspicit,
3436 1263 3493 1309 et
3523 1253 3659 1306 nihil

2081 1346 2480 1400 iuobservatum
2514 1345 2772 1412 praeterit,
2791 1342 3041 1398 onmibus
3065 1342 3356 1407 suliiciens,
3381 1359 3444 1398 ac
3474 1344 3656 1398 divina

2081 1438 2220 1489 dona
2254 1437 2625 1490 distribuens:
2672 1449 2796 1487 nam
2841 1435 2932 1502 qui
2968 1445 3051 1488 est
3089 1452 3108 1485 t
3144 1450 3284 1488 unus
3332 1434 3522 1495 bonus,
3553 1453 3570 1486 ι
3605 1435 3656 1488 ei

2079 1527 2221 1580 nulla
2283 1528 2505 1581 omnino
2573 1544 2810 1598 unquam
2881 1531 3226 1597 ingeneratur
3273 1530 3496 1595 invidia,
3559 1529 3656 1584 sed

2077 1634 2230 1672 suam
2259 1619 2542 1673 beneﬁciis
2590 1618 2769 1687 potius
2795 1620 3035 1673 ostendit
3073 1629 3416 1688 potestatem.
3449 1619 3655 1673 Idcirco

2077 1728 2239 1764 unam
2273 1711 2627 1773 voluntatem,
2665 1721 2719 1765 et
2752 1728 2912 1766 unam
2944 1714 3344 1778 auctoritatem,
3380 1728 3444 1767 ac
3490 1712 3654 1782 207

2076 1803 2376 1872 potentiam
2406 1800 2687 1856 Trinitatis
2713 1819 2835 1859 esse
2884 1802 3132 1858 dicimus.
3192 1804 3430 1868 Quorum
3471 1814 3652 1856 autent

2076 1895 2345 1961 voluntas,
2375 1902 2429 1948 et
2463 1905 2720 1961 potestas,
2748 1904 2802 1949 et
2857 1896 3097 1964 euergia,
3126 1896 3238 1950 sive
3267 1896 3516 1964 operatio
3546 1910 3651 1949 una

2076 1994 2178 2048 est,
2221 2000 2327 2038 una
2358 1984 2523 2038 etiam
2556 1996 2667 2039 est~
2689 1985 2894 2040 Deitas.
2926 1985 3059 2039 Nam
3092 1988 3181 2055 qui
3214 1988 3392 2040 omnia
3424 2001 3490 2040 ex
3530 2000 3655 2053 pro-

2078 2079 2191 2147 pria
2230 2078 2554 2132 auctoritate
2592 2085 2870 2146 uperatur,
2907 2087 3072 2146 atque
3122 2080 3275 2133 adest
3327 2079 3380 2131 in
3406 2076 3652 2145 singulis,

2080 2169 2206 2224 huic
2269 2185 2373 2223 non
2407 2168 2511 2221 alia
2552 2178 2744 2222 natura
2784 2176 2886 2235 est,
2928 2183 3090 2237 quam
3134 2169 3289 2221 unica
3323 2167 3433 2230 illa,
3468 2177 3526 2222 et
3567 2168 3653 2222 in»

2076 2270 2352 2327 corrupta,
2387 2270 2549 2328 atque
2573 2259 2624 2312 in
2653 2261 2902 2315 onmibus
2942 2260 3098 2313 rebus
3123 2261 3389 2314 exsistens
3418 2270 3608 2312 natura
3633 2272 3652 2324 ;

2079 2350 2316 2421 nihilque
2343 2348 2447 2403 ulla
2480 2351 2533 2404 in
2570 2366 2624 2405 re
2652 2366 2900 2406 mancum
2934 2353 3115 2416 habet,
3151 2366 3214 2405 ac
3254 2351 3651 2420 imperlectum,

2078 2459 2254 2514 neque
2307 2443 2434 2497 facit
2473 2443 2614 2512 quod
2656 2460 2759 2497 non
2811 2444 2957 2510 vult;
3002 2445 3095 2499 sed
3152 2459 3217 2497 ne
3263 2443 3392 2497 facit
3436 2444 3653 2512 quidem

2076 2538 2218 2606 quod
2249 2546 2463 2602 gratum
2510 2535 2656 2589 Patri
2689 2546 2744 2589 et
2774 2535 2911 2589 Filio
2937 2552 3041 2589 non
3074 2538 3164 2592 sit.
3213 2536 3277 2591 Et
3305 2537 3655 2604 quemadmo-

2077 2632 2203 2684 dum
2246 2628 2441 2681 Ftillllll
2470 2627 2602 2680 nihil
2643 2643 2673 2681 a
2714 2627 2873 2682 Patre
2913 2626 3127 2681 diﬂ‘crre
3169 2628 3429 2691 ostendit,
3458 2636 3655 2695 pizeter

2077 2722 2212 2774 alios
2239 2718 2533 2786 Scriptura!
2584 2727 2798 2782 textus,
2848 2718 3011 2771 etiam
3073 2718 3174 2773 iste
3206 2739 3219 2774 :
3257 2736 3276 2769 ι
3307 2718 3655 2787 Quaecunque

2078 2811 2187 2883 (59)
2222 2809 2348 2863 facit
2381 2809 2560 2873 Pater,
2611 2810 2722 2863 lucc
2748 2811 2911 2863 etiam
2949 2808 3116 2863 Filius
3146 2809 3395 2863 similiter
3418 2807 3588 2862 facit:
3626 2827 3647 2860 ι

2078 2905 2150 2958 ita
2211 2904 2473 2973 Spiritum
2510 2914 2757 2957 sanctum
2790 2918 3003 2973 quoque
3042 2902 3186 2957 Patri
3232 2903 3493 2971 aequalem
3528 2919 3650 2957 cutn

2075 2997 2179 3049 alia
2210 2995 2524 3056 ostendunt.
2560 3003 2669 3047 tum
2707 2995 2870 3047 etiam
2918 2995 3039 3057 hoc,
3082 2994 3225 3063 quod
3257 2993 3437 3048 omnia
3461 3008 3653 3060 Opere-

2076 3097 2184 3150 tur,
2239 3096 2290 3141 el
2334 3085 2599 3155 largiatur
2637 3093 2795 3152 prout
2831 3085 2969 3151 vult,
3003 3093 3060 3139 et
3097 3085 3267 3154 spirct
3312 3084 3398 3138 ubi
3429 3083 3563 3139 vult.
3597 3082 3653 3138 Id

2075 3181 2219 3232 enim
2252 3177 2583 3231 conlirmans
2614 3174 2926 3244 Apostolus,
2960 3183 3016 3229 et
3049 3173 3333 3229 manili-ste
3364 3173 3647 3241 Spiritum,

2073 3268 2239 3323 Deum
2270 3281 2496 3330 vocans,
2539 3266 2798 3334 scripsit:
2841 3283 2858 3316 ι
2894 3264 3371 3334 Utperspiciatnus
3395 3263 3508 3333 (60)
3533 3279 3652 3331 quae

2066 3376 2095 3413 a
2129 3360 2237 3413 Deo
2268 3360 2465 3413 donata
2498 3369 2626 3412 sunt
2660 3359 2836 3413 nobis.
2878 3376 2897 3409 ι
2943 3356 3026 3411 Sit
3055 3370 3234 3412 autem
3293 3358 3483 3411 horum
3529 3373 3651 3411 om-

2067 3458 2212 3508 nium
2255 3467 2442 3506 rursus
2474 3452 2644 3506 lidelis
2674 3451 2827 3505 testis
2854 3450 2941 3505 ille
3006 3451 3145 3504 idem
3188 3451 3486 3506 Corinthiis
3534 3451 3650 3504 haec

2066 3545 2311 3599 scribens
2343 3544 2395 3596 in
2429 3543 2599 3610 prima
2638 3542 2872 3611 Epistula
2906 3556 2923 3594 :
2963 3560 2981 3592 ι
3022 3541 3324 3596 Divisiones
3365 3540 3482 3611 (41)
3520 3555 3649 3595 vero

2066 3635 2459 3690 charismatum
2486 3645 2634 3697 sunt,
2663 3635 2801 3689 idem
2858 3646 3037 3688 autem
3095 3632 3363 3703 Spiritus;
3407 3644 3462 3688 et
3513 3634 3648 3688 divi-

2066 3728 2251 3784 siones
2309 3729 2737 3782 ministeriormn
2794 3738 2940 3791 sunt,
2973 3737 3026 3782 et
3076 3728 3217 3782 idem
3268 3727 3556 3793 Dominus;
3592 3735 3648 3780 ct

2066 3824 2362 3879 divisiones
2395 3825 2770 3892 Operationum
2822 3835 2971 3889 sunt,
3004 3824 3145 3878 idem
3193 3838 3321 3877 vero
3353 3823 3511 3887 Deus,
3549 3820 3642 3890 qui

2072 3926 2332 3984 operatur
2359 3918 2541 3970 omnia
2574 3917 2625 3969 in
2648 3918 2920 3971 onmihus.
2952 3915 3254 3985 Unicuique
3281 3922 3461 3967 autem
3490 3913 3648 3966 datur

2069 4009 2438 4063 tuanil‘estatio
2487 4008 2725 4078 Spiritus
2762 4009 2829 4063 ad
2870 4008 3198 4073 utilitatem;
3249 4020 3372 4059 nam
3405 4004 3493 4057 alii
3526 4003 3647 4072 qui-

2068 4100 2190 4154 dem
2220 4102 2382 4154 datur
2411 4117 2507 4170 per
2533 4100 2793 4170 Spiritum
2850 4116 3031 4154 sermo
3061 4098 3371 4168 sapientiae;
3410 4096 3496 4149 alii
3553 4110 3644 4148 au-

2071 4202 2175 4245 tem
2201 4206 2382 4247 sermo
2411 4191 2654 4247 scientia!
2683 4192 2978 4247 seettndum
3013 4191 3261 4245 eumdem
3317 4187 3579 4257 Spiritum
3627 4204 3644 4241 :

2067 4280 2222 4335 alteri
2255 4294 2435 4338 autem
2491 4284 2623 4338 lides
2678 4284 2731 4337 in
2773 4283 2962 4338 eodem
3000 4282 3203 4351 Spiritu
3255 4296 3271 4332 :
3317 4280 3406 4332 alii
3463 4287 3643 4332 autem

2067 4372 2256 4440 gratiae
2287 4375 2631 4430 sanatiouum
2674 4375 2726 4429 in
2759 4389 2864 4429 uno
2896 4374 3099 4443 Spiritu
3126 4372 3240 4442 (42)
3279 4392 3293 4427 :
3342 4371 3429 4423 alii
3463 4380 3643 4424 autem

449 4557 564 4626 (53)
618 4556 1104 4627 Ιπψετΐεειαηιηιιε.
1172 4558 1247 4612 Ea
1267 4598 1282 4618 .
1349 4558 1562 4627 Opinor.
1620 4551 1941 4627 animalcuia
1974 4553 2022 4614 D
2049 4554 2244 4614 'lotum
2277 4560 2391 4616 lere
2425 4562 2568 4617 hunc
2598 4560 2774 4617 locum
2799 4562 2879 4616 sic
2902 4560 3059 4615 ali‘ert
3088 4562 3142 4615 in
3176 4562 3314 4616 libro
3338 4560 3413 4614 De
3435 4558 3643 4623 Spiritu

373 4622 739 4699 intelligit,“
773 4622 966 4699 quibus
982 4622 1231 4683 Clemens
1265 4622 1701 4699 ἰηίΡὲοινευιὶεο,
1721 4640 1839 4693 pag.
1862 4622 1944 4699 65
2051 4640 2256 4695 sancto,
2292 4648 2438 4684 num.
2490 4632 2600 4686 2‘2:
2638 4650 2657 4684 ι
2691 4632 2821 4684 Natu
2856 4652 2875 4683 ι
2939 4632 3234 4685 divisiones
3271 4622 3643 4699 operatiOnum

372 4692 611 4755 editione
650 4692 848 4751 l’otteri
886 4698 1008 4752 lucc
1038 4699 1227 4752 scribit
1255 4716 1268 4752 :
1301 4698 1435 4750 Τινὰ
1488 4697 1596 4748 τῶν
1639 4692 1792 4759 ζώων
1824 4692 1946 4762 οὐχὶ

372 4769 557 4840 πάσας
581 4767 693 4840 ἔχει
713 4768 1141 4840 τὰςίαίσθήσεις,
1184 4767 1374 4840 ὥσπερ
1412 4766 1572 4840 εὐλαὶΔ
1591 4766 1686 4840 καὶ
1708 4764 1954 4840 κά-μπαι,

373 4840 473 4893 καὶ
513 4836 737 4891 ὂσαδιὲ
780 4839 881 4908 τῆς
914 4836 1139 4908 πρώτης
1178 4836 1448 4907 γενέσεως
1488 4837 1650 4908 εὐθὺς
1697 4836 1957 4908 ἀνάπηρα

374 4909 647 4980 φαίνεται,
674 4906 989 4979 καθάπερόί
1016 4906 1291 4971 σπάλακες
1308 4910 1400 4962 καὶ
1420 4910 1453 4978 ὴ
1479 4906 1714 4979 μυγάλη·
1752 4907 1802 4959 id
1832 4916 1917 4960 est
1939 4922 1953 4958 :

382 4978 401 5029 ἐ
437 4978 694 5045 Quadam
723 4978 972 5032 animalia
1005 4996 1110 5033 non
1155 4982 1352 5033 habent
1404 4995 1592 5033 milites
1638 4991 1861 5040 sensus,
1900 4984 1960 5029 ut

376 5064 611 5111 vermes,
636 5061 688 5101 et
718 5064 910 5107 crucia.
942 5064 1168 5117 qumque
1198 5059 1407 5104 natura;
1438 5064 1550 5103 suae
1587 5047 1895 5102 conditione
1924 5060 1957 5100 ιι

374 5117 556 5189 primo
588 5132 702 5172 ortu
747 5118 1068 5188 imperfecta
1108 5133 1271 5186 sunt,
1318 5120 1467 5173 velut
1512 5120 1670 5187 talpa:
1730 5127 1784 5171 et
1835 5132 1957 5171 mus

373 5203 632 5243 araneus.
662 5208 680 5240 ι
1188 5248 1191 5249 ,

446 5258 560 5329 (59)
601 5260 952 5329 Quicumque.
980 5258 1137 5313 Joan.
1164 5276 1216 5323 ν,
1253 5261 1318 5315 19

332 5284 345 5373 γ
444 5266 560 5400 ὶῦθ)
601 5266 952 5341 Quicumque.
980 5266 1137 5313 ιΙοειιι.
1164 5276 1216 5323 v,
1253 5266 1318 5315 l9

468 5329 559 5400 40)
602 5325 667 5381 Ut
708 5345 1101 5395 perspiciamus.
1155 5330 1176 5384 l
1218 5334 1283 5385 ad
1330 5331 1455 5386 Cor.
1513 5348 1574 5396 ιι,
1627 5330 1716 5386 12.
1769 5329 1955 5385 Graeca

365 5399 563 5472 editio,
625 5401 862 5472 εἰδῶμεν
909 5415 1030 5467 pro,
1079 5401 1298 5472 ἴδωμεν.
1355 5401 1506 5457 llnnc
1565 5403 1715 5457 Pauli
1782 5402 1954 5472 locum

366 5471 595 5537 respicit
628 5469 887 5540 Didymus
913 5472 963 5521 itt
995 5483 1086 5541 un.
1124 5469 1197 5525 oe
1226 5471 1429 5541 Spiritu
1452 5483 1653 5539 sancto,
1692 5488 1842 5525 num.
1863 5469 1955 5541 51,

369 5541 462 5593 ubi
529 5539 796 5609 impressa
856 5539 1184 5607 exemplaria
1246 5539 1502 5595 mendose
1560 5540 1953 5596 habentuEt

364 5609 622 5663 eumdem
664 5610 839 5678 ipsum
891 5609 1171 5677 Spiritum.
1224 5613 1340 5680 ipso
1392 5613 1705 5676 revelante,
1754 5626 1957 5680 cogno-

370 5688 556 5748 scunt,
605 5689 666 5732 ut
704 5680 876 5734 sciant
915 5683 1039 5748 quia
1075 5696 1103 5732 a
1145 5681 1370 5736 Domino
1399 5684 1597 5736 dooata
1639 5692 1768 5738 sunt
1798 5685 1897 5736 eis.
1931 5698 1949 5730 ι

364 5747 681 5827 Legendum
750 5751 896 5803 enim
959 5761 1088 5817 puto
1124 5767 1137 5803 :
1177 5767 1339 5820 «qua:
1390 5767 1418 5805 a
1480 5753 1706 5808 Domino
1761 5755 1955 5807 donata

368 5830 497 5873 Stult
527 5833 627 5871 cis.
658 5838 678 5869 ι

442 5886 554 5959 (41)
596 5887 957 5948 ΠίυἱείοηινεΛ
1009 5891 1074 5945 ad
1120 5889 1239 5946 Cor.
1290 5908 1384 5959 xu,
1437 5910 1464 5947 a
1500 5909 1637 5950 vcrs.
1682 5896 1715 5949 ι
1761 5896 1826 5950 ad
1868 5894 1951 5949 ll.

2062 4712 2207 4758 sunt.
2248 4704 2387 4756 idem
2424 4712 2604 4756 autem
2635 4704 2748 4771 ipse
2775 4702 3029 4770 Spiritus,
3058 4702 3148 4769 qui
3181 4711 3437 4768 operatur
3459 4700 3640 4771 omnia

2061 4773 2115 4826 in
2144 4773 2392 4826 oumibus
2423 4772 2623 4843 [codex
2645 4770 2819 4824 noster
2852 4775 3042 4825 habet:
3072 4791 3090 4823 ι
3124 4772 3424 4825 Divisioues
3447 4770 3643 4843 quippe

2061 4841 2572 4896 donationum'suut
2604 4862 2617 4897 :
2651 4844 2789 4895 idem
2825 4854 3004 4895 autem
3037 4843 3312 4910 Spiritus;
3346 4851 3402 4893 et
3426 4841 3640 4893 divisio-

2061 4928 2159 4966 nes
2195 4913 2642 4975 ministeriorum,
2673 4925 2723 4964 et
2764 4915 2876 4980 ipse
2920 4912 3211 4978 Dominus;
3258 4923 3314 4965 ct
3350 4911 3642 4965 divisiones

2060 4983 2473 5052 operatiouum;
2503 4984 2617 5050 ipse
2645 4984 2784 5035 idem
2823 4984 2981 5043 Deus,
3031 4985 3120 5050 qui
3159 4993 3414 5050 operatur
3461 4980 3641 5052 omnia

2060 5050 2114 5106 in
2187 5051 2494 5123 omnibus].
2553 5053 2826 5123 Operaute
2883 5068 3013 5121 ergo
3063 5053 3221 5105 Patre
3291 5050 3641 5123 multiplicem

2060 5121 2469 5194 charismatum
2527 5121 2953 5194 plenitudinem,
3041 5123 3361 5191 multiplicat
3443 5121 3641 5194 [codex

2060 5204 2235 5265 noster
2260 5206 2282 5243 :
2320 5191 2610 5265 ministrat]
2695 5208 2831 5265 eam
2875 5191 3043 5248 Filius
3104 5191 3511 5265 subsistentem
3550 5206 3639 5257 per

2061 5260 2322 5329 Spiritum
2353 5260 2624 5318 sanctuuf.
2657 5282 2676 5314 ι
2731 5263 2834 5317 Alii
2875 5267 3018 5316 enim
3051 5278 3146 5331 per
3186 5264 3446 5330 Spiritum
3483 5262 3637 5312 datm

2060 5346 2239 5407 seruio
2270 5334 2565 5407 Sapientim.
2594 5334 2697 5407 Alii
2729 5347 2854 5387 vero
2886 5336 3126 5407 scienti:e
3174 5333 3388 5407 [rodexi
3420 5341 3597 5407 noster
3623 5368 3637 5383 .

2058 5401 2161 5474 Alii
2202 5419 2382 5456 sermo
2414 5402 2689 5474 svientite]
2739 5406 3034 5457 secundum
3075 5401 3322 5457 eumdem
3359 5404 3640 5474 Spiritum.

2058 5473 2163 5526 Alii
2207 5475 2343 5526 lides
2373 5474 2423 5525 iu
2453 5476 2644 5528 eodem
2673 5470 2898 5543 Spiritu.
2923 5515 2938 5528 .
2962 5513 2977 5527 .
3002 5513 3017 5528 .
3040 5511 3056 5526 .
3092 5474 3215 5527 Haec
3253 5484 3432 5526 autem
3460 5470 3639 5543 omnia

2060 5559 2221 5611 Opera
2234 5553 2479 5618 tut'uutts
2503 5554 2664 5618 atque
2688 5537 2827 5598 idem
2854 5545 3108 5618 Spiritus,
3140 5545 3390 5618 dividens
3417 5537 3637 5618 singulis

2061 5623 2221 5685 ptou}
2253 5615 2356 5685 vult
2392 5615 2590 5685 [codex
2629 5624 2845 5668 noster:
2879 5615 3125 5669 dividens
3166 5615 3457 5681 unicuique
3499 5615 3637 5663 sicut

2063 5681 2227 5758 vult].
2266 5681 2417 5758 [inde
2440 5686 2735 5758 discentes,
2767 5699 2934 5758 [τις.
2989 5756 2999 5758 _
3297 5752 3309 5758 ,
3384 5751 3395 5758 ,
3506 5755 3515 5758 ,
3554 5744 3610 5758 η.

2132 5746 2244 5825 (Η)
2290 5755 2355 5827 Ιιι
2389 5771 2493 5827 ang
2525 5753 2753 5827 Spiritu.
2795 5754 2953 5827 Vulg.
2987 5756 3267 5827 interpres
3297 5751 3443 5827 Iegit_
3465 5755 3524 5827 ut
3554 5746 3641 5827 Di-

2058 5817 2275 5895 dymus.
2309 5826 2415 5876 Sed
2446 5817 2634 5878 Gnr'ca
2672 5824 2840 5877 editio
2871 5817 3033 5879 habet
3066 5843 3078 5877 :
3113 5817 3170 5878 ἐν
3199 5820 3276 5894 τῷ
3305 5819 3455 5891 αὐτῷ
3478 5817 3640 5872 Πνεῦ-

2063 5913 2214 5966 ματι,
2255 5900 2304 5951 id
2332 5906 2436 5961 e-t,
2470 5912 2487 5941 ι
2512 5896 2563 5949 in
2598 5897 2782 5950 eodem
2808 5895 3032 5964 Spiritu.
3062 5913 3083 5946 ι
