4054 6412
445 5342 464 5390 \_

447 5400 468 5461 ἰ

475 427 582 482 603

1722 423 1959 479 DlDYMl
2003 414 2469 474 ALEXANDRINI

3623 398 3717 452 004

475 539 822 608 Operatioues
869 540 1150 603 virtutum,
1178 539 1266 594 alii
1295 549 1475 594 autem
1515 541 1815 611 prophetia,
1839 542 1926 593 alii
1963 556 2049 592 au-

2176 535 2557 606 ταραδραμεῖν,
2615 530 2672 583 ἓν
2701 529 2822 599 μὲν,
2846 527 2929 580 ὅτι
2983 523 3071 578 διά
3099 523 3198 594 τὴν
3230 521 3363 594 πρὸς
3395 520 3485 572 τὸν
3517 519 3717 611 Πατέρα

480 637 590 682 tem
623 630 880 683 discretio
913 630 1027 699 (45)
1080 630 1398 697 spirituum,
1429 631 1580 683 alteri
1631 641 1809 684 autem
1858 645 2054 698 genera

482 721 813 790 linguarum,
839 722 929 774 alii
964 731 1144 776 autem
1179 723 1552 792 interpretatio
1573 723 1897 791 linguarum.
1932 721 2056 776 Hmc

479 821 660 864 autem
690 813 870 865 omnia
924 823 1181 880 operatur
1229 828 1369 866 unus
1397 821 1559 879 atque
1601 812 1739 864 idern
1795 812 2052 879 Spiritus,

480 902 726 956 dividens
784 918 1026 957 seorsum
1085 904 1381 970 unicuique
1425 913 1581 971 prout
1634 904 1763 958 vult.
1800 922 1819 954 ι
1876 903 2059 972 Neque

485 1010 618 1049 vero
649 995 764 1050 iure
793 995 970 1050 obiter
1001 999 1372 1066 praetereunda
1403 1008 1546 1050 sunt.
1576 994 1707 1047 Nam
1737 998 1910 1064 primo
1935 997 2058 1063 qui-

483 1086 601 1139 dem
629 1086 1168 1142 animadvertemlum
1224 1099 1326 1152 est,
1383 1091 1523 1156 quod
1565 1087 1731 1156 208
1771 1087 1841 1141 ob
1884 1086 2062 1140 omni-

483 1177 697 1230 tnudant
749 1177 982 1246 Spiritus
1041 1180 1213 1231 sancti
1272 1195 1394 1231 cum
1463 1177 1624 1231 Patre
1675 1177 2058 1246 a-qualitatem,

483 1271 637 1339 prius
671 1271 916 1324 meminit
953 1273 1119 1338 ipsius
1176 1269 1431 1338 Spiritus,
1465 1281 1574 1323 tum
1609 1269 1752 1332 Filii,
1800 1283 1865 1322 ac
1909 1271 2064 1322 dein-

485 1376 613 1428 ceps
641 1361 730 1415 Dei
763 1373 815 1416 et
849 1363 1026 1416 Patris
1060 1363 1150 1431 qui
1190 1372 1445 1428 operatur
1488 1365 1667 1413 utnuia
1701 1361 1752 1413 iu
1785 1360 2057 1413 omnibus.

486 1454 740 1508 Secundo
772 1455 894 1508 illtnl
949 1457 1344 1509 observandum
1377 1465 1481 1518 est,
1519 1455 1658 1521 quod
1684 1492 1700 1516 ,
1755 1469 1877 1508 cum
1914 1467 2065 1521 supe-

487 1550 602 1600 rius
653 1548 895 1614 dixisset,
961 1551 1125 1604 Deum
1174 1550 1384 1618 Operari
1442 1548 1621 1601 omnia
1679 1548 1731 1599 in
1789 1545 2060 1612 onmibus,

489 1653 652 1690 uuam
687 1641 1027 1706 postmodum
1083 1641 1247 1694 totius
1288 1640 1580 1693 testimonii
1621 1637 2062 1704 consequentiam

487 1736 652 1794 atque
679 1726 1016 1781 harmoniam
1053 1728 1314 1792 indicans,
1363 1738 1416 1781 et
1443 1727 1512 1781 de
1540 1727 1698 1782 Patre
1725 1741 1879 1794 a-que
1911 1742 1974 1780 ac
2001 1728 2066 1780 de

489 1819 696 1886 Spiritu
740 1820 856 1888 ejus
923 1821 1328 1890 intelligendum
1369 1821 1681 1882 ostendens,
1729 1819 2005 1888 sulijungit
2048 1835 2062 1872 :

2157 627 2288 698 περ)⁹
2316 627 2492 678 πάντα
2522 621 2744 692 ίσότητα
2792 618 2887 672 τοῦ
2935 617 3092 685 ἁγίου
3121 613 3458 684 Πνεῦματος,
3511 609 3717 698 πρῶτοι)

2161 697 2431 788 μέμνηται
2461 710 2646 774 αὐτοῦ,
2699 705 2817 762 εἷτα
2846 706 2941 760 τοῦ
2988 705 3139 770 Υίοῦ,
3169 702 3262 756 καὶ
3312 701 3597 771 μετέπειτα
3633 697 3718 748 τοῦ

2157 808 2290 862 Θεοῦ
2319 808 2414 860 καὶ
2463 803 2675 875 Πατρδς
2728 799 3074 870 ἐνεργοῦντος
3127 795 3196 849 τὰ
3223 795 3398 849 πάντα
3430 795 3486 844 ὲν
3536 791 3720 843 πᾶσινο

2158 899 2406 968 δεύτερον
2428 896 2504 958 δὲ,
2530 896 2615 947 ὅτι
2638 891 2892 962 ἀνωτέρω
2915 887 3081 942 εἰπὼν
3119 886 3212 939 τὸν
3240 883 3372 937 Θεὸν
3398 884 3632 953 ἐνεργεῖν
3663 881 3724 934 τά

2161 992 2339 1044 πάντα
2393 991 2452 1041 ὲν
2487 988 2672 1048 πᾶσιν,
2720 985 2915 1050 ἐπάγει
2959 980 3087 1051 μίαν
3124 976 3390 1048 ἁρμονίαν
3433 973 3724 1044 μαρτυρίας

2161 1080 2506 1151 ἐκτιθέμενος
2538 1076 2666 1148 περὶ
2688 1073 2782 1127 τοῦ
2810 1071 3020 1142 Πατρὸς
3052 1067 3261 1122 καὶτοῦ
3293 1065 3602 1134 Πνεύματος
3634 1064 3726 1115 αὑ-

2161 1174 2255 1227 τοῦ
2277 1189 2290 1201 '
2363 1193 2380 1223 ι
2407 1169 2593 1222 Ταῦτα
2620 1167 2677 1220 δὲ
2739 1166 2912 1219 πάντα
2951 1163 3166 1232 ἐνεργεῖ
3202 1158 3262 1211 τὸ
3298 1157 3356 1211 ἓν
3398 1157 3494 1210 καὶ
3521 1156 3582 1208 τὸ
3604 1151 3726 1207 αὐτὸ

2164 1266 2412 1335 Πνεῦμα,
2453 1260 2694 1332 διαιροῦν
2756 1258 2862 1328 ἰδίᾳ
2911 1257 3125 1324 ἑκάστῳ
3169 1249 3350 1312 καθὼς
3403 1247 3675 1318 βούλεται·
3705 1264 3721 1296 ι

2165 1361 2230 1413 ἶν’
2262 1362 2327 1412 ἐκ
2387 1356 2579 1409 τούτου
2629 1351 2760 1404 Θεὸν
2810 1346 3154 1410 αὐτεξούσιον
3203 1341 3416 1412 δηλώσῃ
3469 1339 3528 1391 τὺ
3587 1338 3731 1404 ᾶγιον

2164 1449 2389 1520 Πνεῦμα
2413 1465 2425 1477 ·
2454 1448 2553 1499 οὐκ
2585 1443 2885 1513 ἀπροσήκῳ
2913 1437 3198 1508 πράγματι
3245 1431 3590 1502 ἐγχειρήσας,
3619 1427 3732 1520 οὐδὲ

2163 1544 2262 1614 τὴν
2288 1517 2440 1606 τάξιν
2467 1535 2890 1605 καινοτομήσας,
2923 1529 3043 1583 οὐδὲ
3075 1526 3386 1597 διαμαρτὼν
3429 1521 3525 1574 τοῦ
3566 1517 3733 1614 καλιῖις

2165 1608 2406 1706 ἐίοντος·
2439 1632 2550 1686 ἀλλ’
2580 1631 2820 1700 ἄτρωτον
2863 1624 3142 1694 φυλάττων
3168 1619 3267 1690 τὴν
3304 1617 3504 1685 γνῶσιν
3528 1613 3622 1681 τῆς
3650 1608 3735 1663 πίο

2169 1745 2357 1790 στεως,
2402 1725 2496 1778 καὶ
2523 1723 2621 1793 τῆς
2644 1720 2919 1788 θεολογίας
2973 1716 3071 1786 τὴν
3105 1712 3448 1784 καθαρότητα
3473 1726 3489 1742 ο
3524 1707 3615 1760 καὶ
3643 1707 3735 1774 οὐχ

2168 1818 2402 1890 ὑϐρίζων
2429 1816 2527 1886 τὴν
2585 1813 2879 1885 ἀμέριστον
2916 1808 3076 1878 φύσιν
3123 1809 3216 1858 καὶ
3245 1803 3422 1870 ἀξίαν,
3451 1802 3527 1864 ὡς
3586 1801 3632 1852 οί
3664 1797 3733 1890 μὴ

493 1929 513 1961 ι
559 1910 681 1965 Ilaac
706 1923 888 1966 autem
935 1914 1116 1967 omnia
1153 1925 1412 1982 Operatur
1447 1928 1587 1965 unus
1623 1921 1678 1965 et
1714 1911 1853 1965 idem
1893 1911 2063 1979 Spiri-

2176 1885 2649 1981 συναριθμοῦντες,
2693 1904 2809 1959 ἀλλ’
2843 1897 3278 1974 ὑπαριθμοῦντες
3314 1894 3393 1964 τῷ
3443 1890 3617 1960 Πατρὶ

493 2011 584 2056 tus
629 2003 876 2058 dividens
931 2019 1176 2058 seorsmn
1233 2004 1524 2072 unicuique
1573 2011 1730 2070 prout
1756 2002 1912 2058 vult;
1948 2021 1966 2053 ι
2009 2009 2067 2054 ut

489 2091 615 2146 inde
643 2091 902 2162 Spiritum
932 2105 1180 2148 sanctum
1215 2096 1453 2149 declaret
1479 2109 1602 2148 esse
1639 2094 1803 2148 Deunt
1850 2095 2065 2162 propria

487 2195 556 2234 ex
588 2181 764 2250 seipso
790 2186 1114 2240 auctoritate
1133 2186 1412 2253 praeditum
1440 2204 1453 2237 :
1484 2200 1659 2251 neque
1679 2199 1825 2250 vero,
1852 2187 1977 2237 dum
1996 2185 2066 2237 ita

488 2287 550 2327 se
582 2275 739 2343 gerit,
769 2275 1068 2346 quidquam
1117 2278 1426 2346 aggreditur
1473 2275 1609 2345 (44),
1644 2276 1786 2345 quod
1817 2277 2068 2330 inconve-

491 2365 649 2420 nieus
682 2367 775 2431 sit,
803 2383 903 2424 nec
953 2370 1198 2424 ordinem
1247 2385 1444 2423 novum
1478 2369 1702 2430 invehit,
1733 2383 1831 2423 nec
1884 2370 1952 2422 ab
2002 2384 2068 2424 eo

495 2456 639 2523 quod
684 2467 831 2512 recte
871 2474 930 2514 se
967 2460 1150 2521 habet,
1207 2461 1445 2524 aberrat,
1480 2459 1572 2513 sed
1623 2459 1844 2514 illaesam
1888 2470 2068 2514 servat

491 2547 618 2602 ﬁdei
677 2550 1061 2617 cognitionem,
1100 2560 1156 2604 et
1206 2550 1488 2619 theologici
1549 2549 1814 2605 sermonis
1867 2551 2072 2619 purita-

493 2648 603 2692 tem
638 2653 654 2693 :
692 2656 868 2710 neque
899 2643 1188 2696 individua:
1210 2654 1420 2695 natura:
1449 2656 1510 2693 ac
1532 2641 1780 2711 dignitati
1816 2642 2068 2712 iniuriam

494 2730 680 2796 infert,
717 2733 859 2787 sicut
889 2733 924 2786 ii
958 2733 1185 2796 faciunt,
1213 2736 1303 2804 qui
1335 2733 1526 2788 Filium
1571 2745 1626 2788 et
1661 2734 1920 2800 Spiritum
1949 2751 2071 2790 san-

493 2837 643 2882 ctum
671 2842 777 2881 non
818 2843 943 2882 cum
991 2828 1148 2884 Patre
1198 2840 1614 2895 connumerant,
1649 2830 1740 2885 sed
1777 2832 1874 2885 sub
1911 2829 2073 2884 Patre

495 2926 811 2972 numerant.
877 2916 1119 2986 Namque
1178 2933 1278 2972 nec
1318 2918 1561 2980 fortuito,
1607 2934 1671 2972 ac
1719 2920 1838 2974 sine
1886 2934 2070 2987 causa,

499 3023 677 3079 neque
702 3010 919 3078 propria
957 3011 1280 3065 auctoritate
1307 3011 1581 3063 nominum
1617 3012 1860 3064 ordinem
1896 3012 2073 3066 iuver-

497 3099 563 3153 tit
591 3116 604 3152 :
642 3099 734 3153 sed
763 3101 832 3163 is,
864 3102 954 3170 qui
995 3102 1230 3170 loquitur
1259 3102 1311 3154 iu
1337 3118 1424 3165 eo,
1465 3101 1738 3168 Christus,
1768 3111 1827 3156 ut
1856 3118 2070 3159 omnem

496 3205 620 3242 cum
666 3191 1023 3261 malignorum
1079 3193 1344 3257 cordium,
1381 3202 1490 3246 tum
1521 3207 1730 3258 eorum,
1761 3209 1881 3262 quae
1936 3209 2074 3248 non-

501 3280 629 3334 dum
658 3295 915 3349 perversa
947 3282 1085 3337 facta
1119 3293 1267 3347 sunt,
1295 3284 1657 3353 suspicionem
1688 3284 1857 3352 tollat,
1885 3284 2070 3340 diver-

497 3371 575 3424 sis
605 3372 777 3427 modis
815 3389 975 3427 unam
1025 3377 1375 3446 eamdemque
1406 3379 1686 3432 veritatem
1732 3380 1907 3445 docet,
1947 3393 2074 3448 per-

501 3463 697 3518 fectam
742 3466 950 3522 scilicet
977 3483 1098 3522 esse
1123 3472 1174 3522 iu
1204 3470 1471 3525 Trinitate
1499 3481 1553 3525 et
1583 3473 1867 3542 potentia,
1890 3482 1944 3528 et
1971 3477 2074 3529 ho-

500 3559 669 3625 noris,
704 3569 757 3612 et
786 3561 934 3623 asiae,
990 3561 1105 3615 sive
1136 3563 1449 3617 substantiae
1493 3563 1854 3631 aequalitatem
1887 3583 1902 3619 :
1951 3581 2074 3620 cum

502 3649 628 3704 alihi
665 3651 882 3719 quidem
907 3655 1047 3722 apud
1068 3655 1317 3708 eumdem
1348 3653 1572 3709 Paulqu
1605 3657 1801 3711 dixerit
1833 3675 1847 3710 :
1881 3675 1901 3708 ι
1933 3658 2075 3712 Idem

387 3759 390 3762 ·
503 3750 685 3794 autem
721 3740 864 3796 Deus
899 3752 1000 3807 est,
1029 3745 1119 3812 qui
1155 3758 1414 3812 Operatur
1438 3746 1699 3800 omniain
1733 3749 2014 3816 uirtutibus;
2053 3769 2072 3801 ι

504 3833 632 3886 alibi
663 3847 791 3888 vero
815 3835 956 3904 apud
1006 3835 1407 3905 Evangelistam
1445 3837 1637 3892 dicat:
1685 3857 1703 3890 ι
1736 3838 2080 3909 Baptizantes

505 3919 619 3991 (45)
650 3936 746 3976 eos
775 3921 830 3975 in
862 3925 1081 3977 nomine
1113 3924 1312 3992 Patris,
1335 3935 1390 3978 et
1421 3925 1566 3992 Filii,
1601 3937 1656 3982 et
1683 3927 1918 3996 Spiritus
1949 3945 2079 3984 san-

505 4013 580 4066 eti
614 4029 628 4067 :
667 4031 687 4064 ι
734 4028 878 4067 nunc
913 4026 1095 4068 autem
1141 4018 1285 4083 apud
1319 4015 1563 4083 Paulum,
1606 4027 1665 4071 ut
1688 4028 1848 4074 antea
1876 4019 2078 4074 dictum

507 4115 610 4168 est,
653 4107 732 4160 sic
794 4107 1048 4177 loquatur
1085 4125 1098 4162 :
1142 4126 1160 4159 ι
1196 4108 1319 4162 llaec
1353 4120 1533 4162 autem
1591 4113 1772 4165 omnia
1830 4121 2084 4182 operatur

507 4213 646 4252 unus
687 4208 743 4254 et
781 4201 922 4254 idem
965 4201 1219 4268 Spiritus,
1257 4203 1504 4257 dividens
1567 4218 1812 4258 seorsum
1858 4205 2085 4276 singulis

508 4291 650 4344 sicut
669 4291 801 4344 vult.
832 4309 851 4342 ι
882 4290 1021 4356 Quin
1049 4293 1210 4344 etiam
1250 4293 1300 4344 itt
1325 4292 1561 4362 Epistula
1587 4295 1654 4348 ad
1700 4294 1955 4350 Hebraeos
1983 4296 2085 4351 hoc

508 4384 681 4448 ipsum
712 4383 1007 4451 capitulum
1035 4395 1520 4452 argumentumque
1542 4387 1829 4439 conﬁrmat
1856 4387 1939 4440 his
1963 4401 2086 4441 ver-

507 4470 591 4524 bis
617 4488 630 4524 :
668 4489 688 4522 ι
713 4470 1062 4526 Coutestaute
1083 4471 1195 4541 (46)
1221 4471 1331 4526 Deo
1357 4484 1410 4525 ct
1432 4475 1621 4542 signis,
1645 4484 1701 4529 ct
1725 4475 2010 4550 portentis,
2032 4484 2086 4532 et

2169 2005 2297 2057 Υίὸν
2322 2001 2416 2055 καὶ
2433 2001 2495 2054 τὸ
2523 1999 2676 2067 ἀγιον
2720 1993 2967 2064 Πνεῦμα.
3015 1989 3151 2044 Οὐδὲ
3175 1989 3287 2059 γάρ
3311 1984 3499 2048 ἀπλῶς
3526 1983 3618 2035 καὶ
3649 1981 3735 2048 ἀφ’

2167 2091 2362 2147 ἑαυτοῦ
2409 2089 2710 2158 ἀνέστρεφε
2765 2083 2876 2138 τῶν
2917 2080 3195 2151 ὀνομάτων
3242 2077 3341 2147 τὴν
3390 2069 3735 2127 ἀκολουθίαν·

2166 2186 2280 2239 ἀλλ’
2310 2187 2338 2236 ὁ
2395 2181 2570 2234 λαλῶν
2604 2182 2662 2231 ὲν
2719 2175 2868 2245 αὐτῷ
2895 2172 3149 2245 Χριστὸς,
3204 2168 3313 2221 τῶν
3347 2165 3630 2236 κακοήθων
3653 2159 3739 2214 καὶ

2167 2275 2540 2346 ἀδιαστρόφων
2571 2268 2808 2342 καρδιῶν
2867 2265 3142 2335 ἀφανίζων
3191 2262 3290 2332 τὴν
3316 2258 3605 2330 ὑπόληψιν,
3627 2255 3737 2310 δια-

2169 2370 2348 2441 φόρως
2373 2367 2470 2437 τὴν
2509 2363 2765 2434 ἀλήθειαν
2818 2359 2918 2430 τῆς
2949 2355 3289 2426 ίσοδυνάμου,
3344 2352 3438 2405 καὶ
3465 2347 3741 2441 ὁμοτίμουὲ

2170 2435 2264 2512 καί
2292 2435 2574 2527 ὁμοουσίου
2591 2452 2846 2506 ’διδάσκει
2874 2447 3123 2520 Τριάδος,
3146 2445 3331 2500 ἄλλοτε
3369 2443 3467 2513 μὲν
3502 2439 3652 2511 παρὰ
3670 2435 3742 2527 τῆξ

2170 2524 2337 2617 αὐτῷ-
2363 2544 2562 2614 Παύλῳ
2599 2539 2870 2613 εἰρηκώςο
2939 2555 2957 2589 t
2981 2539 3037 2591 Ὁ
3073 2536 3128 2588 δὲ
3172 2532 3333 2596 αὐτὸς
3385 2531 3520 2594 Θεός
3574 2527 3663 2601 [95
3690 2524 3743 2596 ὑ]

2172 2642 2318 2693 ἐστιν
2339 2641 2367 2691 ὁ
2391 2635 2626 2707 ἐνεργῶν
2652 2634 2719 2687 τά
2745 2632 2923 2685 πάντα
2951 2630 3010 2682 ὲν
3034 2630 3198 2682 πᾶσιν
3223 2644 3237 2656 ·
3264 2646 3283 2677 ι
3309 2624 3498 2678 ἄλλοτε
3519 2622 3576 2675 δὲ
3603 2617 3744 2690 παρά

2175 2731 2253 2801 τῷ
2285 2727 2658 2797 Εὐαγγελιστῇ
2697 2723 2871 2792 λέγων
2899 2739 2912 2751 ·
2955 2741 2972 2773 ι
3005 2717 3365 2781 Βαπτίξοντες
3427 2714 3624 2776 αὐτοὺς
3669 2710 3742 2774 τις

2171 2823 2233 2876 τὸ
2287 2821 2459 2892 ὄνομα
2486 2819 2580 2872 τοῦ
2639 2815 2874 2885 Πατρὸς,
2905 2813 2999 2867 καὶ
3025 2810 3118 2865 τοῦ
3151 2809 3302 2875 Υίοῦ,
3336 2808 3432 2861 καὶ
3465 2805 3560 2860 τοῦ
3597 2802 3744 2871 ἁγίου

2173 2914 2522 2983 Πνεῦματος·
2544 2929 2562 2961 ι
2625 2909 2720 2963 νῦν
2748 2908 2806 2961 δὲ
2838 2905 2990 2977 παρά
3017 2901 3235 2972 Παύλῳ,
3289 2899 3365 2962 ὼς
3397 2895 3742 2969 προείρηται’

2182 3027 2201 3060 t
2226 3006 2412 3060 Ταῦτα
2438 3004 2496 3058 δὲ
2524 3003 2701 3056 πάντα
2732 3001 2944 3070 ἐνεργεῖ
2964 2997 3025 3051 τὸ
3046 2997 3102 3050 ἓν
3132 2996 3225 3050 καὶ
3254 2993 3316 3046 τὸ
3349 2991 3481 3046 αὐτὸ
3513 2988 3748 3058 Πνεῦμα,

2175 3098 2418 3171 διαιροῦν
2451 3097 2557 3167 ἰδίᾳ
2585 3095 2801 3164 ἑκάστῳ
2827 3091 3010 3153 καθὼς
3040 3089 3306 3160 βούλεται.
3331 3105 3350 3138 ι
3388 3077 3752 3171 Συηγορείδὲ.

2178 3169 2380 3246 καὶήὲν
2425 3191 2493 3259 τῇ
2549 3188 2686 3258 πρὸς
2719 3185 3002 3256 Ἐϐραίους
3038 3178 3321 3249 Ἐπιστολῇ
3375 3175 3451 3247 τῷ
3481 3169 3750 3244 κεφαλαίῳ

2179 3283 2373 3353 τούτῳ,
2415 3281 2615 3351 ἐχούσῃ
2645 3271 2746 3330 ὦδε
2770 3293 2784 3307 ·
2819 3295 2836 3328 ι
2860 3269 3465 3344 Συνεπιμαρτυροῦντος
3490 3265 3589 3320 τοῦ
3624 3259 3750 3316 Θεοῦ

2182 3376 2431 3447 σημείοις
2457 3390 2515 3427 τε
2539 3373 2633 3426 καὶ
2661 3370 2879 3440 τέρασι,
2925 3367 3021 3422 καὶ
3055 3364 3326 3426 ποικίλαις
3357 3360 3638 3430 δυνάμεσι,
3666 3353 3752 3447 καὶ

2179 3445 2494 3539 Πνεῦματος
2549 3463 2703 3532 ἁγίου
2766 3462 3071 3532 μερισμοῖς,
3124 3455 3264 3509 κατά
3316 3455 3414 3524 τὴν
3454 3450 3620 3506 αὐτοῦ
3667 3445 3750 3501 θι-

2181 3559 2358 3629 λησιν.
2389 3576 2406 3608 ι
2470 3555 2579 3607 Καὶ
2621 3550 2936 3605 δεσποτικαὶ
2991 3549 3048 3600 δὲ
3104 3547 3294 3615 φάσεις
3352 3545 3481 3614 παρ’
3545 3540 3751 3607 Ἰωάννῃ

2183 3652 2436 3721 ἔχουσιν
2507 3645 2621 3698 (Τὸ
2696 3643 2919 3713 Πνεῦμα
2977 3642 3111 3693 ὅπου
3176 3637 3318 3691 θέλει
3381 3637 3540 3689 πνεῖ⁶
3573 3654 3591 3687 t
3647 3631 3750 3696 καὶ,

2191 3741 2308 3794 «Τὸ
2356 3737 2582 3809 Πνεῦμά
2627 3739 2776 3788 ἐστιν
2829 3735 2864 3804 ἡ
2917 3732 3212 3804 ἀλήθεια.)
3271 3730 3381 3784 Καὶ
3460 3725 3752 3798 ὲμπρεπὲς,

2187 3834 2322 3906 φησὶ
2345 3874 2360 3898 ,
2403 3829 2693 3902 πρωτείοις
2739 3827 3010 3896 θεότητος,
3049 3824 3185 3878 ἀλλά
3221 3822 3295 3893 μὴ
3321 3821 3412 3875 ἐπὶ
3442 3815 3754 3891 δευτερείοις

2189 3929 2381 3998 ὑμνεῖν
2409 3924 2540 3977 αὐτό
2561 3939 2576 3954 ·
2611 3923 2675 3975 ἵν’
2710 3921 2803 3973 ἐπὶ
2841 3922 2905 3988 τῇ
2953 3917 3064 3987 ζωῇ
3093 3916 3192 3986 τὴν
3235 3912 3538 3982 ἀσφάλειαν
3583 3910 3752 3998 ἔχητε.

2189 3996 2262 4073 To
2285 4017 2395 4087 γὰρ
2416 4011 2760 4085 εὐεργετοῦν,
2787 4006 3226 4081 εὐχαριστεῖσθαι
3251 4006 3346 4058 κα)¹
3369 3996 3754 4075 θεραπεύεσθαι

2191 4109 2360 4180 φιλεῖ·
2405 4108 2541 4176 ὅπερ
2580 4097 2737 4174 εὖρον
2785 4103 2960 4154 εἰπεῖν
2996 4097 3199 4161 ἀδόλως
3234 4096 3328 4150 καὶ
3352 4096 3402 4148 οἱ
3436 4092 3570 4158 ἐξωο
3609 4111 3628 4144 ι
3659 4088 3755 4143 Τὸν

2189 4197 2483 4269 εὐεργέταν
2514 4196 2742 4262 ἀγαναῖς
2775 4191 3030 4262 ἀμοιϐαῖς
3061 4185 3439 4242 ἀποτίννυσθε.
3478 4203 3496 4237 ι
3535 4185 3599 4237 Εἰ
3632 4180 3754 4269 γὰρ,

2191 4268 2374 4363 φησιν,
2411 4288 2648 4359 ἀμείνων
2680 4288 2708 4338 ό
2735 4281 3080 4348 αὐτεξούσιος
3111 4277 3454 4346 ὑπεξουσίου,
3479 4275 3584 4347 ἥδη
3615 4270 3706 4326 καὶ
3732 4268 3758 4320 ὁ

2191 4385 2474 4455 ἅνθρωπος
2500 4377 2844 4442 αὐτεξούσιος
2874 4373 2971 4441 ὢν,
2998 4372 3262 4444 κρείττων
3307 4370 3435 4439 παρ’
3465 4367 3595 4437 ὑμῖν

2193 4447 2421 4546 φανθείη
2480 4469 2571 4524 τοῦ
2609 4468 2766 4538 ἁγίου
2813 4464 3147 4535 Πνεύματος.
3176 4460 3280 4513 Φεῦ
3305 4457 3414 4512 τῶν
3435 4455 3621 4510 δεινῶν
3646 4454 3659 4505 ι

506 4561 675 4616 variis
703 4562 1013 4630 virtutibus,
1039 4574 1093 4618 et
1121 4540 1358 4632 spiritus
1380 4540 1554 4617 sancti
1589 4540 2073 4633 tliSll‘lbﬂliOlliDllS,

2192 4540 2291 4639 τῆς
2340 4540 2526 4635 θεῖκῆς
2571 4560 2852 4629 δυνάμεως
2909 4558 3002 4610 καὶ
3050 4553 3266 4623 φύσεως
3311 4549 3555 4620 σύμϐολα
3576 4546 3650 4610 ὡς
3675 4540 3763 4594 ἐπὶ

505 4651 657 4721 juxta
685 4653 852 4721 ipsius
876 4655 1230 4712 voluntatem.
1257 4678 1275 4709 p
1307 4657 1372 4711 Et
1401 4656 1614 4711 Domini
1641 4660 1924 4713 sententia:
1946 4674 2073 4729 aput

2187 4658 2411 4728 κτιστῆς
2471 4654 2812 4724 ἐκδεχόμενοι
2863 4647 3274 4706 Μακεδονιανοὶ,
3323 4640 3760 4712 περινενοήκασιν

507 4743 768 4801 Joannem
799 4749 880 4802 sic
911 4749 1110 4803 habent
1140 4767 1152 4802 :
1199 4767 1218 4798 ι
1253 4749 1490 4817 Spiritus
1519 4749 1630 4820 (47)
1691 4750 1779 4803 ubi
1811 4750 1924 4804 vult
1978 4751 2090 4820 spi-

511 4849 623 4903 rat;
646 4858 674 4891 1
711 4850 763 4894 et
793 4857 808 4892 :
843 4839 1112 4910 «Spiritus
1135 4852 1216 4895 est
1237 4841 1347 4911 (48)
1374 4844 1624 4897 veritas.»
1657 4841 1711 4896 ld
1741 4842 1962 4912 perinde
1985 4851 2088 4908 est,

512 4955 576 4993 ac
607 4941 652 4992 si
691 4939 939 4994 diceret:
989 4939 1153 4992 Decet
1182 4954 1275 4993 vos
1316 4941 1488 5009 ipsum
1543 4949 1600 4993 ut
1663 4940 1828 4993 Deum
1877 4936 2093 5007 hymnis

512 5031 806 5096 celebrare,
858 5046 963 5085 non
1011 5033 1062 5085 iu
1121 5033 1356 5086 secundo
1388 5033 1683 5085 divinitatis
1739 5029 1907 5101 gradu
1959 5046 2083 5083 eum

513 5126 679 5195 209
716 5127 1051 5189 collocando,
1085 5128 1177 5181 sed
1223 5127 1275 5180 iu
1313 5127 1522 5195 primo:
1559 5136 1614 5177 ut
1647 5125 1996 5178 securitatem
2031 5123 2084 5175 in

515 5219 624 5272 vita
659 5217 769 5288 (49)
804 5217 1070 5271 habeatis.
1131 5216 1265 5271 Nam
1294 5217 1386 5287 qui
1423 5217 1682 5281 beneﬁcia
1715 5215 1948 5279 confert,
1983 5213 2085 5269 sibi

587 5471 699 5541 (45)
730 5467 1238 5541 Discretio.__Graera
1279 5466 1447 5541 editio
1477 5481 1491 5521 :
1517 5464 1842 5541 διακρίσεις,
1888 5463 1940 5518 id
1987 5470 2090 5528 est,

523 5563 542 5597 ι
566 5537 936 5597 discretiones.
961 5559 977 5591 ι
1015 5537 1162 5609 Vulg.
1199 5540 1294 5592 int.
1333 5537 1459 5606 legit
1487 5546 1543 5609 ut
1580 5537 1854 5609 Didymus.

588 5613 701 5680 (44)
761 5610 1096 5679 Aggredilur.
1115 5603 1140 5609 ⁷
1165 5609 1364 5662 Eodem
1389 5603 1407 5606 ⁷
1424 5607 1582 5660 modo
1601 5606 1860 5680 -verbum
1913 5603 2094 5672 ἐγχει-

523 5673 635 5755 ρεῖν
670 5673 932 5755 construit
959 5680 1204 5755 gemens
1226 5681 1276 5755 in
1316 5679 1544 5755 septimo
1592 5673 1944 5755 Sit-amatum,
1975 5686 2095 5739 pag.

523 5743 646 5810 890.
673 5768 793 5805 cum
817 5752 891 5803 ait
925 5771 936 5804 :
969 5751 1094 5811 Τοῖς
1129 5750 1404 5818 μεγίστοις
1429 5743 1810 5818 ἐγχειροῦντας
1841 5743 2100 5812 πράγμα-

527 5839 598 5875 σι.
638 5821 877 5876 Notauda
917 5817 1140 5888 quoque
1167 5836 1287 5879 Vox,
1332 5817 1651 5889 ἀπροσὴκῳ,
1693 5830 1795 5883 qua
1839 5829 1966 5867 usus
2017 5822 2099 5867 est

524 5903 713 5948 auctor
746 5894 904 5947 etiam
937 5907 1106 5959 segni.
1145 5889 1206 5941 77
1233 5897 1280 5942 υ.

2187 4726 2438 4813 ἀπάτα-ς,
2477 4748 2572 4801 καὶ
2606 4743 2851 4816 ἔγραψαν
2895 4740 3207 4807 εἰσάγοντες
3235 4736 3503 4806 πρόσωπα
3554 4726 3761 4802 ὁρθοδό·

2191 4847 2282 4912 ξου
2321 4843 2417 4896 καὶ
2453 4834 2857 4894 Μακεδονιανοῦ
2877 4851 2894 4868 ο
2953 4833 3049 4887 καὶ
3095 4831 3189 4883 τοῦ
3223 4829 3322 4900 μὲν
3361 4823 3637 4898 όρθοδόξου
3676 4816 3762 4872 νῦν

2191 4934 2617 5008 περικόπτοντες
2641 4929 2750 4982 τῶν
2783 4923 3110 4990 ἀποδείξεων
3131 4965 3144 4988 ,
3185 4921 3282 4974 νῦν
3320 4919 3440 4973 οὐδὲ
3473 4915 3762 5008 προφέρον-

2191 5000 2284 5090 τες
2329 5027 2460 5086 ὅσας
2505 5023 2702 5093 ἐχρῆν*
2734 5018 2923 5074 ἄλλοτε
2953 5012 3265 5086 ἀποροῦντα
3298 5009 3577 5071 ποιοῦντες
3616 5000 3764 5059 αὐτὸν

2194 5119 2322 5191 περὶ
2349 5119 2447 5186 τὴν
2494 5113 2842 5182 ἀντιλογικὴν
2875 5111 2970 5165 καὶ
3018 5103 3404 5175 άποδεικτικὴν
3451 5100 3764 5191 ἀπόκρισιν·

2195 5185 2351 5284 ἢκαὶ
2385 5185 2690 5280 διαχέοντες
2729 5205 2824 5258 καὶ
2867 5203 3113 5264 ἀνιέντες
3157 5199 3317 5268 δῆθεν
3360 5194 3632 5254 πειθανοῖς
3675 5185 3763 5258 ρή⁴

2279 5457 2394 5528 (45)
2423 5455 2778 5528 Baptizantes.
2818 5451 3008 5528 hiauit.
3040 5463 3236 5528 ιιινιιιι
3269 5445 3357 5501 l9.

2443 5516 2796 5600 go‘ntestanie.
2861 5521 3152 5600 llebr.ntt,
3210 5516 3264 5573 4.

2276 5589 2390 5667 (47)
2433 5594 2683 5667 Spiritus.
2717 5591 2873 5667 Juat_t_.
2907 5606 2996 5667 tit,
3121 5659 3136 5667 _
3410 5655 3437 5667 ﬂ
3509 5654 3568 5667 ω

2277 5653 2388 5741 (48)
2430 5653 2660 5749 Spiritus
2690 5672 2786 5716 est.
2823 5653 2994 5730 Epist.
3043 5660 3064 5714 Ι
3112 5659 3269 5714 Joau.
3311 5672 3365 5723 v,
3406 5655 3459 5711 6.
3509 5653 3639 5710 Vide
3665 5658 3764 5704 not.

2207 5734 2466 5802 atl‘segut.
2501 5735 2569 5787 60
2602 5734 2650 5786 b.
3592 5795 3604 5807 ⁸

2281 5805 2394 5877 (49)
2430 5803 2496 5857 1η
2519 5805 2645 5859 vita.
2678 5801 2898 5872 Nempe,
2931 5810 2987 5855 ut
3025 5815 3127 5872 ego
3155 5799 3502 5869 interpretor,
3536 5815 3554 5850 ι
3593 5811 3642 5849 tu
3675 5796 3764 5842 tua

2209 5887 2432 5934 azlct'na.
2470 5893 2489 5928 ›
