4054 6404
416 404 521 460 633

1442 413 1528 467 DE
1566 413 1947 471 TRINITA'I'E
1984 415 2183 472 LIBER
2229 416 2613 477 SECUNDUS.

3564 422 3671 480 606

414 535 549 585 μασι
614 519 715 592 τὴν
746 521 1002 594 ἀλήθειαν
1042 525 1133 578 καὶ
1173 524 1232 578 τὸ
1276 527 1541 596 ἐμμελές”
1586 531 1680 583 καὶ
1712 529 1898 595 ἁπλῶς
1935 533 1987 585 ἐν

2098 536 2300 603 gralias
2327 537 2435 606 agi,
2466 553 2529 592 ac
2558 552 2617 593 se
2647 535 2753 592 eoli
2798 545 2983 592 amat:
3031 539 3199 609 quod,
3234 547 3295 594 ut
3329 539 3555 595 candide
3591 542 3671 593 Io-

409 610 587 666 οὑδενὶ
635 613 706 667 τά
745 613 934 683 λόγια,
969 615 1009 669 ἃ.
1046 618 1163 687 μετ’
1200 617 1508 689 ἀξιώματος
1537 622 1633 675 τοῦ
1689 624 1991 695 πρέποντος

410 703 675 774 ἐχρήσθη,
709 705 1007 777 τιθέμενον
1033 709 1113 773 είς
1131 709 1160 762 6
1178 710 1440 775 δὲαύτοῖς
1461 713 1608 766 δοκεῖ
1635 714 1992 787 περιάγοντες

415 790 506 863 [96
540 793 594 866 ιι]
620 796 713 848 τὸν
753 795 937 866 λόγον,
981 800 1075 853 καὶ
1117 802 1342 866 ἑαυτοὺς
1394 803 1691 868 ἀνθοῦντας
1728 807 1856 878 περὶ
1897 806 1989 861 τὸν

412 885 610 939 οίκείον
641 883 861 954 σκεπδν,
889 890 982 944 καὶ
1017 891 1279 945 ἀπνευστὶ
1304 893 1393 946 τὸν
1423 894 1577 963 λόγον
1600 896 1863 967 εἴροντας,
1894 898 1988 950 καὶ

412 977 639 1046 νικητὰς
668 978 884 1032 πάντων
919 983 1055 1051 μετὰ
1075 984 1474 1054 εὐλαϐοφανοῦς
1502 987 1781 1058 είρωνείας
1801 988 1987 1056 εἰσφέ-

417 1083 619 1137 ροντεςο
644 1069 1015 1140 διασύρουσιν,
1069 1074 1145 1138 ὥς
1193 1093 1256 1144 γε
1302 1077 1602 1149 νομίζουσι,
1644 1080 1742 1149 τὴν
1775 1079 1988 1149 690060-

415 1158 553 1222 ξίαν.
592 1162 742 1232 Ἔχει
771 1163 880 1234 δέή
916 1165 1011 1218 τοῦ
1042 1167 1442 1223 Μακεδονιανοῦ
1478 1171 1628 1243 φωνὴ
1649 1170 1809 1242 δῆθεν
1835 1189 1989 1240 γενο-

415 1249 552 1321 μένη
601 1253 736 1322 πρὸς
776 1253 1053 1325 ὀρθόδοξον
1073 1298 1087 1322 ,
1133 1259 1283 1312 τόνδε
1329 1260 1420 1315 τὸν
1466 1262 1693 1332 τρόπον’
1731 1262 1983 1333 ’Ἑλεγεςο

413 1340 660 1414 Ἐνεργεῖ
679 1343 830 1409 Θεός’
865 1349 1078 1418 ἐνεργεῖ
1106 1350 1201 1405 καὶ
1232 1351 1389 1420 ᾶγιον
1418 1353 1665 1425 Πνεῦμα·
1691 1356 1784 1409 καὶ
1805 1358 1870 1409 ἐκ
1890 1355 1984 1410 τοῦ

412 1431 654 1501 ἐνεργεῖν
679 1437 772 1488 καὶ
792 1437 1052 1509 ἐνεργεῖν,
1084 1440 1303 1494 ἐϐούλου
1326 1441 1386 1495 τὸ
1411 1444 1649 1515 ίσότιμόν
1668 1463 1725 1498 τε
1756 1447 1848 1500 καὶ
1873 1448 1984 1500 ίσο-

411 1521 645 1594 δύναμω
665 1527 807 1599 ἀγίῳ
837 1530 1112 1602 Πνεύματι
1135 1535 1230 1587 καὶ
1258 1534 1377 1605 Θεῷ
1415 1535 1679 1608 ὑπάρχειν
1699 1579 1711 1590 .
1743 1536 1886 1606 Ἐγὼ
1927 1537 1985 1591 δέ

410 1614 495 1669 ὅτι
516 1617 608 1670 ἐπὶ
645 1620 958 1691 ἐτεροειδῶν
989 1640 1048 1676 τε
1081 1626 1177 1679 καὶ
1207 1626 1568 1699 διαφερόντων
1611 1632 1676 1701 τῇ
1707 1630 1866 1699 φύσει
1892 1631 1985 1685 καὶ

408 1706 525 1766 τοῖς
556 1706 824 1776 ὁρισμοῖς,
866 1709 927 1762 τὸ
967 1713 1212 1784 ἐνεργεῖν
1244 1716 1415 1787 ἰατροί
1442 1734 1503 1770 τε
1531 1718 1625 1772 καὶ
1669 1719 1866 1781 πάντες
1894 1720 1987 1772 ἄν-

410 1792 618 1866 θρωποι
646 1797 1033 1869 λαμϐάνουσιν,
1065 1805 1175 1858 είτε
1207 1808 1300 1860 ἐπὶ
1333 1807 1542 1863 ὑδάτων
1579 1809 1797 1881 θερμῶν
1818 1853 1834 1876 ,
1872 1812 1984 1865 εἴτε

410 1886 504 1938 ἐπὶ
532 1887 640 1941 τῶν
671 1890 1019 1963 ἐσθιομένων,
1048 1898 1158 1950 εἴτε
1196 1898 1288 1950 ἐπὶ
1319 1898 1578 1969 βοτανῶν,
1745 1901 1901 1955 τοῦτο
1926 1903 1983 1957 δὲ
2015 1880 2058 1936 Β

413 1976 574 2046 μόνον
598 1979 865 2052 δείκνυμι,
890 1985 971 2038 ὅτι
1008 1988 1105 2041 καὶ
1133 1990 1225 2042 ἐπὶ
1250 1991 1349 2062 τῆς
1373 1993 1616 2057 ἐναντίας
1639 1994 1924 2066 δυνάμεως
1955 2000 1983 2051 6

412 2068 549 2163 θεῖος
588 2072 777 2145 εἴληφε
822 2076 1000 2147 λόγος,
1036 2083 1317 2153 εἰρηκότος
1359 2084 1454 2139 τοῦ
1488 2088 1810 2141 Ἀποστόλου
1856 2091 1983 2163 περὶ

409 2160 506 2215 τοῦ
534 2163 928 2237 Ἀντιχρίστου·
972 2190 990 2223 ι
1026 2166 1101 2226 οὗ
1129 2176 1278 2229 ἐστιν
1306 2178 1340 2248 ή
1371 2179 1644 2251 παρουσία
1686 2181 1808 2234 κατ’
1838 2160 1984 2254 ἐνέρ-

408 2267 565 2319 γειαν
591 2255 684 2309 τοῦ
720 2258 931 2314 Σατανᾶ
958 2264 1016 2317 ἐν
1043 2266 1175 2319 πᾶσι
1224 2267 1470 2338 σημείοις
1499 2271 1593 2323 καὶ
1633 2270 1820 2342 τέρασι
1856 2271 1985 2342 ψεύο

406 2342 549 2436 δούς.
580 2365 599 2396 ι
627 2349 765 2420 Ὅρα
802 2347 914 2414 οὖν,
947 2356 1100 2425 φησὶ,
1128 2356 1224 2410 τοῦ
1262 2360 1503 2429 ἐνεργεῖν
1544 2362 1806 2433 ὀνόματος
1836 2367 1983 2436 ὁμω-

406 2433 593 2504 νύμως
629 2437 660 2509 ῆ
692 2441 1023 2513 συνωνύμως
1052 2443 1463 2519 λαμϐανομένου
1498 2450 1591 2504 ἐπὶ
1620 2433 1983 2518 πολλῶν,ἐίς

406 2524 463 2577 τί
483 2529 792 2597 κατήγαγες
812 2532 872 2585 τὸ
903 2534 1057 2602 ἆγιον
1092 2535 1339 2609 Πνεῦμαο
1368 2541 1463 2593 καὶ
1482 2542 1582 2595 οὐκ
1604 2543 1864 2613 ἐλογίζου,
1898 2546 1980 2600 ὅτι

404 2614 540 2680 Θεὸς
565 2619 662 2687 μὲν
681 2622 884 2693 κόσμον
920 2623 980 2690 ἐξ
1011 2627 1111 2680 οὐκ
1138 2628 1306 2682 ὄντων
1347 2633 1426 2694 είς
1456 2633 1517 2685 τὸ
1544 2630 1683 2688 εἶναι
1718 2636 1981 2708 πεποίηκέ

408 2725 470 2761 τε
501 2711 592 2800 καὶ
624 2713 945 2787 ἐνήργηκεν·
986 2717 1140 2788 ἅγιον
1172 2722 1228 2775 δέ
1259 2724 1503 2795 Πνεῦμα,
1535 2726 1799 2799 διαίρεσιν
1825 2746 1983 2800 χαριο

410 2799 633 2868 σμάτων
660 2804 719 2857 ἐν
737 2808 850 2869 τοῖς
878 2807 983 2861 ὑπὸ
1003 2810 1135 2864 Θεοῦ
1159 2813 1473 2869 κτισθεῖσιν.
1507 2818 1819 2890 Γέγραπται
1849 2799 1978 2893 γάρ·

411 2894 717 2984 ιΔιαιροῦν
776 2897 882 2969 ίδίᾳ
933 2901 1149 2972 ἑκάστῳ
1198 2905 1379 2971 καθὼς
1435 2907 1714 2978 βούλεται·
1764 2914 1823 2965 οὐ
1882 2914 1982 2984 μὲν

404 2978 764 3053 δωρούμενον.
803 3007 822 3039 ι
854 2989 963 3042 Καὶ
992 2991 1129 3057 πῶς,
1169 2987 1214 3047 ὦ
1238 2995 1626 3062 Μακεδονιανέ,
1657 3000 1779 3069 οὐχὶ
1806 2978 1982 3056 ταῦτα

407 3074 562 3145 παρὰ
591 3076 689 3141 τὰς
710 3079 918 3145 ἐννοίας
943 3083 1059 3136 ἐστὶ
1085 3084 1184 3148 τάς
1208 3085 1552 3157 θεολογικάς;
1579 3090 1695 3154 πῶς
1726 3092 1783 3144 δὲ
1825 3093 1982 3145 αὐτό·

614 3169 716 3275 οὑξ
743 3170 890 3227 ἔστιν
928 3175 1154 3231 αὐτόθεν
1190 3181 1222 3248 ἡ
1274 3180 1590 3250 ύπόκρισις;
1624 3185 1848 3255 Πρῶτον
1880 3187 1980 3256 μὲν
2006 3217 2049 3275 c

408 3255 519 3329 γὰρ
549 3260 732 3333 ἐπειδὴ
762 3265 925 3318 πᾶσιν
950 3267 1229 3336 ὁμόλογον,
1254 3270 1336 3324 ὅτι
1360 3271 1421 3325 τὸ
1445 3273 1672 3343 ἐνεργεῖ
1701 3276 1851 3347 ῥῆμα
1883 3255 1981 3330 ἐπὶ

404 3349 679 3423 διαφόρων
714 3356 913 3410 οὐσιῶν
953 3375 1015 3411 τε
1055 3361 1150 3414 καὶ
1192 3364 1532 3433 πραγμάτων
1570 3371 1977 3438 κατηγορεῖται,

404 3439 552 3504 τίνος
588 3443 770 3497 εἵνεκα
795 3444 888 3497 τοῦ
917 3448 1236 3518 κινουμένου
1261 3451 1388 3522 περὶ
1414 3449 1563 3514 Θείας
1590 3453 1683 3505 καὶ
1703 3451 1983 3523 ἐμφανοῦς

404 3534 687 3605 ἐνεργείας
713 3537 807 3590 τοῦ
834 3538 992 3607 ἁγίου
1022 3540 1339 3612 Πνεύματος
1385 3544 1559 3606 ὄντος,
1602 3544 1667 3597 σὺ
1701 3547 1781 3609 εἰς
1817 3545 1982 3616 μέσον

332 3623 337 3631 ’
406 3628 731 3697 παρήγαγες
785 3628 821 3683 ὃ.
874 3632 1215 3703 παρήγαγες,
1267 3634 1363 3687 καὶ
1410 3637 1475 3688 ἐκ
1517 3635 1707 3689 τούτου
1754 3636 1983 3707 ὕϐρισας

408 3717 610 3788 μᾶλλον
658 3719 691 3791 ἢ
741 3720 1006 3792 ἐπῄνεσας
1039 3723 1132 3795 [96
1174 3726 1225 3797 b]
1274 3727 1335 3779 τὸ
1385 3727 1609 3797 Πνεῦμα
1658 3727 1753 3781 τοῦ
1809 3728 1980 3797 Θεοῦ;

412 3810 645 3865 Ἔπειτα
676 3814 737 3866 οὐ
769 3816 846 3885 τῷ
881 3816 1222 3887 ὁμωνύμως,
1262 3818 1294 3890 ἢ
1350 3820 1717 3891 συνωνύμως,
1784 3822 1878 3874 ἐπί
1922 3840 1984 3877 τε

403 3901 504 3957 τοῦ
541 3902 718 3967 Θείου,
753 3907 844 3960 ἐπί
880 3925 939 3960 τε
971 3907 1233 3978 βοτανῶν,
1267 3911 1361 3964 καὶ
1396 3912 1489 3965 τοῦ
1518 3914 1730 3968 Σατανᾶ
1773 3915 1986 3987 λαμϐά-

405 3995 594 4050 νεσθαι
635 3997 732 4069 τὴν
767 3997 912 4064 λέξιν
942 4000 1040 4071 τὴν
1071 4002 1334 4074 ὲνεργεῖο
1368 4004 1502 4059 ἀλλὰ
1537 4009 1651 4071 τοῖς
1674 4009 1987 4079 προσώποις

407 4091 506 4143 καί⁵
542 4094 607 4162 τῇ
644 4093 744 4163 τῆς
779 4095 1061 4162 ἐνεργείας
1104 4096 1337 4168 διαφορᾷ
1376 4098 1665 4170 προσέχειν
1703 4103 1842 4172 χρή·
1890 4103 1987 4156 καὶ

408 4181 509 4253 τὴν
542 4184 721 4251 κρίσιν
748 4185 855 4239 τῶν
879 4188 1009 4257 περὶ
1039 4187 1133 4240 τοῦ
1165 4187 1349 4242 θεῖκοῦ
1377 4189 1695 4260 Πνεύματος
1724 4191 1897 4260 λόγων
1925 4211 1985 4246 τε

413 4274 509 4325 καὶ
557 4275 895 4344 πραγμάτων
944 4276 1082 4349 πρὸς
1130 4278 1222 4332 τὸν
1267 4278 1398 4331 Θεὸν
1418 4317 1433 4342 ,
1472 4280 1563 4333 τὸν
1602 4283 1669 4352 τῇ
1707 4280 1849 4344 λέξει
1891 4280 1984 4335 τοῦ

414 4365 652 4435 ἐνεργεῖν
677 4367 1004 4438 ὑμνηθέντα,
1029 4370 1104 4434 ὡς
1136 4369 1441 4441 πρόκειται,
1473 4371 1609 4425 ἀλλὰ
1650 4372 1724 4443 μὴ
1752 4374 1888 4444 πρὸς
1918 4372 1989 4428 τά

414 4455 572 4525 γήϊνα
600 4456 694 4509 καὶ
722 4458 856 4528 πρὸς
872 4457 961 4511 τὸν
988 4459 1214 4528 ῥιφέντα
1237 4459 1468 4530 δαίμονα
1489 4460 1782 4516 ποιεῖσθαι.
1804 4463 1988 4516 Ἐπει-

2092 643 2251 698 quar,
2290 629 2371 681 vel
2402 629 2633 683 ethnicis
2683 639 3028 697 compertum
3062 630 3207 683 fuit:
3248 648 3267 682 ι
3319 629 3460 684 Bene
3506 631 3670 685 meri-

2095 729 2204 772 tum
2249 718 2365 787 (50)
2415 721 2627 777 blandis
2681 721 3131 776 retributionibus
3175 722 3614 776 remuneramiui.
3644 740 3664 772 ι

2093 808 2149 864 Si
2208 811 2374 873 enim,
2418 812 2612 880 inquit,
2653 813 3000 882 praeSIantior
3036 812 3125 866 ille
3177 822 3262 866 est
3313 812 3405 881 qui
3453 813 3670 882 propria

2093 902 2210 972 ipse
2244 906 2572 960 auctoritate
2628 922 2693 960 ac
2738 914 3009 973 potestate
3049 905 3311 972 praeditus
3360 916 3463 966 est,
3505 920 3667 972 quam

2091 993 2178 1047 ille
2222 994 2311 1062 qui
2352 994 2578 1051 alterius
2638 996 2890 1065 potestati
2932 995 3244 1065 subjicitur,
3278 995 3383 1057 iam
3419 994 3548 1047 illud
3582 1008 3671 1047 se-

2088 1083 2292 1150 quitur,
2343 1094 2401 1139 ttt
2450 1086 2613 1139 homo
2660 1086 2847 1147 etiam,
2901 1101 3022 1139 cutn
3070 1087 3137 1139 sit
3192 1101 3304 1140 suae
3351 1086 3664 1155 potestatis,

2087 1175 2428 1242 praestantior
2467 1190 2495 1227 a
2527 1175 2696 1240 vobis,
2726 1190 2766 1229 ο
2786 1176 3050 1240 haeretici,
3076 1175 3288 1230 dicatur
3319 1192 3461 1241 esse,
3502 1188 3666 1247 quam

2089 1265 2323 1335 Spiritus
2353 1279 2596 1323 sanctus.
2626 1269 2809 1339 Apage
2853 1270 3188 1324 intoleranda
3220 1272 3529 1341 huiusmodi
3571 1272 3671 1325 de-

2088 1355 2393 1411 liramenta.
2441 1356 2812 1413 Macedoniam
2844 1373 3008 1427 porro
3038 1374 3125 1426 ea,
3166 1375 3285 1427 qua:
3328 1361 3524 1415 divinae
3570 1376 3669 1430 po-

2089 1449 2267 1502 tentia:
2302 1465 2363 1503 ac
2395 1460 2602 1504 natura:
2647 1450 2892 1520 symbola
2932 1460 3077 1514 sunt,
3117 1452 3342 1520 perinde
3384 1454 3668 1521 accipien-

2090 1551 2168 1596 tes
2207 1543 2359 1610 quasi
2391 1553 2630 1596 creatam
2682 1544 3003 1612 pmentiam,
3051 1553 3413 1613 naturamque
3454 1545 3667 1615 signifi-

2085 1645 2235 1698 cent,
2281 1634 2498 1688 fraudes
2551 1634 2952 1704 excogitarunt,
2989 1649 3055 1688 ac
3093 1635 3287 1689 litteris
3318 1637 3663 1700 mandarunt,

2085 1735 2250 1792 atque
2293 1726 2680 1791 orthodoxnm,
2710 1736 2764 1780 et
2806 1724 3275 1790 Macedonianum,
3308 1727 3465 1795 quasi
3505 1726 3664 1783 binas

2089 1817 2287 1886 dialogi
2337 1833 2617 1883 personas,
2665 1816 2947 1886 loquentes
2981 1816 3336 1883 induxerunt,
3383 1826 3438 1871 et
3471 1818 3665 1872 ortho-

2085 1910 2209 1963 doxi
2260 1909 2662 1965 interlocutoris
2700 1909 3010 1963 wstimonia
3039 1908 3152 1979 (51)
3186 1909 3350 1963 modo
3374 1910 3666 1963 detrunca-

2091 2013 2242 2064 runt,
2277 2003 2440 2054 modo
2480 2016 2549 2053 ne
2577 2010 2655 2054 tot
2688 2000 2906 2069 quidem
2942 2000 3306 2070 protulerunt,
3343 2007 3477 2069 quot
3502 2013 3660 2069 opor-

2087 2091 2263 2155 tebat;
2295 2090 2430 2142 alias
2472 2104 2602 2142 vero
2645 2104 2769 2143 eum
2796 2091 3088 2159 ancipitem
3118 2088 3504 2153 exhibuerunt,
3534 2087 3666 2157 quid

2084 2189 2271 2233 contra
2300 2180 2527 2246 diceret,
2553 2193 2730 2248 quove
2757 2189 3082 2249 argumento
3105 2178 3335 2248 objectis
3365 2178 3663 2247 responde-

2084 2278 2197 2335 ret;
2224 2283 2289 2323 ac
2318 2269 2399 2321 vel
2432 2268 2603 2337 ipsam
2638 2268 2949 2332 veritatem,
2999 2278 3056 2323 et
3100 2282 3277 2322 rerum
3331 2268 3665 2323 convenien-

2085 2362 2215 2415 tiam
2281 2362 2477 2431 ineptis
2534 2377 2687 2426 sane,
2745 2362 3096 2432 confusisque
3159 2360 3665 2416 ratiocinationibus

2083 2454 2250 2509 obscu
2261 2465 2448 2509 rarunt
2469 2470 2488 2509 :
2508 2465 2564 2508 et
2590 2456 2816 2509 omnino
2841 2456 3247 2524 Scripturarum
3277 2452 3517 2520 oracula,
3540 2466 3665 2522 qua:

2084 2562 2206 2600 cum
2258 2546 2598 2600 convenienti
2677 2547 2941 2617 dignitate
3009 2545 3118 2599 Deo
3181 2544 3399 2599 amante
3455 2543 3664 2613 prolata

2082 2646 2226 2702 sunt,
2260 2638 2412 2691 nihili
2447 2637 2650 2692 faciunt
2688 2655 2703 2692 :
2746 2640 2839 2691 sed
2878 2651 3202 2706 quocunque
3246 2634 3376 2703 ipsis
3425 2633 3666 2699 videtur,

2083 2728 2388 2782 orationem
2435 2728 2684 2791 trahunt,
2737 2743 2801 2782 ac
2832 2728 3151 2796 semetipsos
3200 2725 3535 2781 transferunt
3576 2725 3664 2795 ja-

2083 2824 2361 2883 ctantque,
2403 2816 2527 2869 dum
2563 2817 2616 2870 in
2648 2830 2732 2878 eo,
2776 2817 2920 2886 quod
2956 2816 3060 2871 sibi
3108 2815 3205 2884 ipsi
3240 2822 3664 2885 proposuerunt,

2081 2906 2378 2972 exsultant,
2415 2916 2471 2962 et
2517 2923 2824 2964 sermonem
2871 2922 2981 2962 uno
3019 2908 3213 2976 spiritu
3263 2909 3666 2977 protrahentes,

2082 3009 2135 3053 et
2162 3000 2488 3069 semetipsos
2521 3000 2675 3069 quasi
2718 3001 2960 3054 omnium
2997 3001 3233 3055 victores
3266 3013 3391 3053 cum
3430 2999 3663 3068 quadam

2085 3091 2257 3145 ironia
2316 3100 2372 3145 et
2440 3091 2874 3146 dissimulatione
2916 3100 3194 3162 gerentes,
3254 3090 3663 3154 orthodoxiam,

2084 3193 2141 3236 ut
2168 3183 2269 3251 ipsi
2319 3183 2533 3251 quidem
2562 3183 2917 3246 arbitrantur,
2954 3181 3268 3251 suggillant,
3311 3191 3365 3234 et
3397 3190 3658 3249 carpunt;

2083 3277 2164 3331 sie
2198 3285 2379 3328 autem
2436 3276 2487 3328 in
2525 3289 2591 3328 eo
2640 3273 2857 3341 dialogo
2902 3274 3324 3327 Macedonianus
3358 3273 3664 3341 disputans,

2083 3384 2146 3422 ac
2160 3368 2520 3421 orthodoxum
2546 3366 2825 3434 alloquens
2839 3365 3110 3420 inducitur
3130 3383 3144 3419 :
3165 3363 3353 3420 Dixisti
3372 3364 3508 3434 (52),
3524 3361 3668 3434 Ope-

2084 3471 2238 3513 ratur
2273 3458 2444 3525 Deus;
2475 3464 2731 3526 operatur
2761 3457 2921 3511 etiam
2955 3456 3191 3526 Spiritus
3223 3465 3481 3511 sanctus:
3519 3465 3575 3511 et
3595 3470 3663 3511 ex

2085 3565 2149 3605 eo
2173 3550 2316 3618 quod
2348 3548 2490 3603 Deus
2522 3557 2803 3616 operetur,
2841 3557 2897 3602 et
2943 3547 3181 3617 Spiritus
3216 3556 3437 3603 sanctus
3467 3561 3664 3617 opere-

2087 3650 2194 3707 tur,
2226 3639 2413 3694 inferri
2460 3639 2695 3706 volebas,
2740 3637 3002 3707 Spiritum
3041 3650 3291 3692 sanetum
3322 3651 3444 3693 esse
3472 3637 3665 3707 aequali

2085 3733 2293 3788 honore
2320 3733 2567 3801 dignum,
2621 3742 2677 3787 et
2726 3731 2920 3801 aequali
2957 3730 3197 3800 potentia
3244 3730 3553 3799 praeditum,
3597 3741 3668 3786 ac

2086 3824 2254 3880 Deum
2292 3844 2307 3879 :
2350 3840 2451 3894 ego
2483 3838 2610 3877 vero
2642 3823 2769 3878 illud
2794 3823 3010 3892 quidem
3035 3824 3250 3889 omitto,
3280 3821 3423 3893 quod
3451 3821 3519 3877 de
3573 3836 3665 3877 re-

2086 3919 2187 3973 bus
2220 3918 2448 3972 diversae
2474 3916 2639 3986 210
2673 3918 2895 3985 speciei,
2923 3924 2980 3970 et
3007 3922 3224 3978 natura,
3254 3930 3319 3969 ae
3341 3912 3662 3968 definitione

2088 4010 2230 4065 inter
2255 4024 2313 4065 se
2341 4010 2570 4063 diversis
2607 4008 2855 4077 energiaz,
2893 4007 2943 4060 id
2986 4016 3070 4061 est
3132 4006 3451 4076 operationis
3508 4018 3668 4058 voca-

2088 4101 2273 4156 bulum
2309 4114 2431 4154 cnm
2466 4097 2684 4160 medici,
2735 4107 2846 4150 tum
2876 4110 3066 4151 omnes
3092 4094 3341 4150 homines
3368 4093 3663 4163 accipiunt,

2090 4193 2209 4247 sive
2237 4192 2304 4247 de
2327 4190 2484 4259 aquis
2510 4188 2703 4244 calidis
2726 4202 3035 4243 sermonem
3071 4185 3326 4253 habeant,
3356 4186 3472 4240 sive
3498 4185 3565 4239 de
3586 4183 3667 4238 ci-

2089 4282 2211 4346 bis,
2264 4282 2378 4335 sive
2424 4284 2491 4335 de
2542 4276 2746 4333 herbis.
2803 4276 2918 4331 Hoc
2965 4287 3146 4331 autem
3198 4276 3371 4330 solum
3414 4274 3664 4337 ostendo,

2089 4373 2233 4443 quod
2263 4373 2429 4425 etiam
2470 4371 2536 4423 de
2561 4368 2878 4422 adversaria
2907 4368 3108 4420 virtute
3139 4364 3354 4418 divinus
3386 4379 3564 4418 sermo
3602 4360 3666 4416 il-

2092 4465 2179 4518 lud
2208 4465 2436 4532 accepit,
2467 4477 2590 4517 cum
2624 4461 2691 4514 tle
2737 4459 3071 4513 Autichristo
3098 4456 3298 4509 dixerit
3334 4453 3661 4523 Apostolus:

412 4546 477 4615 δὴ
512 4546 572 4599 τὸ
602 4548 700 4619 μὲν
738 4549 961 4621 Πνεῦμα
984 4550 1045 4604 τὸ
1073 4551 1227 4620 ἆγιον
1260 4556 1397 4623 μετά
1429 4554 1522 4607 τοῦ
1545 4553 1665 4625 Θεῷ
1687 4554 1987 4625 πρέποντος

2098 4578 2117 4610 ι
2150 4557 2316 4625 Cujus
2357 4554 2468 4625 (53)
2501 4563 2585 4608 est
2636 4552 2901 4605 adventus
2934 4551 3240 4604 secundum
3294 4544 3665 4614 operationem

415 4638 752 4709 σεϐάσματος
781 4643 1178 4714 μνημονεύεται
1212 4645 1271 4696 ἐν
1302 4645 1400 4718 ὅλῃ
1431 4649 1495 4717 τῇ
1536 4647 1663 4718 περὶ
1708 4647 1873 4701 αὐτοῦ
1907 4651 1992 4702 εὐ-

418 4732 710 4804 ρισκομένῃ
743 4737 801 4787 ἐν
835 4736 1051 4806 ἑκάστῳ
1075 4737 1269 4809 χωρίῳ
1302 4740 1611 4811 συμφράσει
1631 4756 1644 4768 ·
1677 4741 1746 4794 τά
1778 4739 1834 4793 δὲ
1871 4742 1989 4796 κτί-

419 4839 598 4892 σματα
641 4826 735 4879 καὶ
768 4830 797 4880 6
835 4827 1063 4898 δαίμων,
1105 4829 1313 4882 ἐαυτῶν
1344 4830 1529 4896 ἀξίως.
1564 4832 1741 4904 Ὅπερ
1785 4833 1859 4904 μὴ
1887 4851 1990 4902 φυ-

415 4915 622 4969 λάττων
657 4919 720 4971 σὺ
752 4924 781 4973 6
807 4921 1209 4986 Μακεδονιανὸς
1228 4963 1243 4985 ,
1277 4923 1411 4995 μηδὲ
1445 4923 1848 4990 διαγινώσκων,
1896 4926 1991 4979 τοῦ

420 5007 520 5076 μὲν
547 5008 794 5081 δαίμονος
832 5011 894 5066 τὸ
927 5013 1223 5083 δυσμενὲς,
1265 5014 1358 5067 τοῦ
1396 5014 1453 5067 δὲ
1494 5013 1649 5083 ἁγίου
1678 5014 1994 5087 Πνεύματος

488 5213 775 5288 (50)_Bene
812 5221 1080 5274 meritum.
1125 5219 1411 5288 Desumpta
1455 5218 1569 5273 lucc
1608 5227 1735 5272 sunt
1778 5232 1847 5271 ex
1885 5217 1993 5272 Do-

412 5284 529 5359 rico
576 5286 753 5356 aliquo
787 5291 1084 5359 scriptore,
1144 5284 1379 5343 Pindaro
1423 5290 1695 5359 fortasse;
1722 5303 1753 5342 e
1793 5290 1989 5359 deper-

408 5358 539 5428 glitis
601 5353 808 5411 scilicet
885 5353 1005 5428 ejus
1074 5359 1439 5428 carminibus.
1498 5358 1601 5412 Pro
1667 5358 1806 5425 ἄγαν
1864 5353 1985 5428 αἷς,

402 5426 527 5497 [ego
562 5427 809 5497 ἀγαναῖς.
861 5426 1048 5484 Simile
1094 5432 1224 5484 illttd
1275 5427 1517 5483 Thebani
1582 5440 1753 5495 poeta:
1815 5428 1867 5480 in
1934 5426 1979 5481 Υ

402 5494 567 5566 Pyth.
601 5494 704 5551 oda
738 5517 752 5552 :
795 5498 1005 5553 Ἐκόντι
1038 5502 1218 5554 τοίνυν
1250 5500 1450 5566 πρέπει
1480 5494 1605 5566 Νόῳ
1638 5497 1730 5551 τὸν
1763 5497 1984 5566 εὐεργέ-

402 5514 567 5566 rym.
601 5514 704 5551 oua
738 5517 752 5552 :
796 5514 1005 5553 ‘bxovrt
1038 5514 1218 5554 τοίνυν
1250 5517 1290 5551 π
1328 5514 1450 5551 επει
1482 5514 1605 5569 ινοῳ
1638 5514 1730 5551 τον
1763 5514 1853 5549 ευε
1896 5514 1984 5565 γε-

398 5583 503 5620 ταν
549 5568 933 5639 ξΥπαντιάσαι.
972 5570 1036 5623 Ει
1068 5573 1119 5624 in
1167 5569 1230 5625 Ill
1283 5519 1619 5624 ruimuotla
1679 5586 1692 5622 :
1768 5514 1891 5639 Χρίξ
1925 5566 1984 5620 δὲ

402 5637 733 5712 κωμάζοντα
760 5642 986 5710 ἀγαναῖς
1009 5642 1304 5712 Χαρίτεσσι
1332 5638 1706 5712 βαστάσαι-.-Ει
1729 5637 1983 5712 Gallium:

405 5708 651 5829 giliigxd
692 5706 884 5782 llyuin.
921 5713 977 5764 in
1020 5706 1247 5765 Dianam
1273 5729 1290 5766 :
1318 5706 1550 5779 Χάριτος
1586 5708 1643 5762 δέ
1685 5724 1767 5759 τοι
1810 5706 1983 5759 ἔσσετ’

451 5794 537 5829 μοι
617 5818 631 5829 .

489 5794 608 5832 οιυτι
617 5818 631 5832 ο

450 5780 631 5848 μοιϐή.
742 5780 753 5782 ⁷

483 5848 598 5920 (51)
638 5847 976 5904 Tcstimouia.
1007 5847 1059 5902 lu
1081 5847 1286 5913 Gut-co,
1314 5847 1653 5913 ἀποδείξεων.
1687 5847 1838 5903 Deest
1869 5847 1981 5902 for-

2092 4652 2336 4711 Satanie,
2371 4647 2424 4700 in
2461 4644 2712 4699 omnibus
2747 4640 2917 4711 signis
2945 4650 2999 4695 et
3043 4638 3303 4709 prodigiis
3330 4635 3660 4692 mendacii.»

2087 4741 2223 4797 Cum
2255 4755 2406 4808 ergo,
2457 4736 2729 4805 inquiunt,
2758 4734 2984 4810 verbum
3032 4732 3156 4796 hoc,
3207 4729 3437 4798 operari,
3478 4728 3670 4782 homo-

2092 4846 2253 4902 nyme
2321 4840 2413 4882 aut
2457 4839 2757 4898 synonyme
2801 4823 2869 4877 de
2914 4823 3101 4878 multis
3154 4822 3316 4876 rebus
3352 4830 3666 4888 usurpetur,

2090 4924 2214 4976 vide
2244 4935 2353 4991 quo
2394 4918 2657 4987 dejeceris
2721 4930 2785 4970 ac
2827 4913 3160 4984 depresseris
3194 4920 3440 4966 sanctum
3489 4911 3667 4981 Spiri-

2096 5024 2206 5067 tum
2261 5031 2275 5066 :
2324 5024 2499 5080 neque
2544 5008 2676 5062 illud
2734 5004 3019 5076 reputasti,
3075 5003 3217 5073 quod
3264 5002 3407 5057 Deus
3450 5001 3670 5071 quidem

2096 5225 2238 5271 tasse
2270 5213 2448 5283 aliqua
2473 5208 2780 5283 vox_,__v_erhi
2805 5207 2998 5283 gratia,
3022 5203 3216 5283 τινάς,-

2321 5267 2535 5357 Dixisti.
2568 5267 2835 5357 Videntur
2864 5267 3119 5331 hwc'nou
3161 5273 3367 5357 liitlymi
3398 5267 3670 5357 esgse,igsed

2093 5342 2462 5410 Ma‘ceduniatti
2505 5350 2825 5417 scriptoris,
2867 5362 3027 5416 quem
3078 5342 3359 5417 confutet;
3411 5342 3667 5417 nimirum

2092 5408 2136 5480 al
2154 5408 2380 5480 vocibus
2411 5422 2507 5475 illis
2545 5438 2558 5473 :
2600 5408 2853 5488 ’Ἐλεγεςο
2887 5408 3144 5486 ’Ἑνεργεῖ
3180 5412 3345 5475 Θεός,
3378 5424 3545 5488 usque
3576 5408 3664 5470 ad,

2090 5475 2675 5567 anginam-spem.
2710 5475 2970 5543 Suspicor
3009 5475 3190 5538 autem
3225 5501 3287 5537 ea
3332 5475 3665 5534 esse'Marth

2093 5567 2284 5621 Ihouii.

2162 5618 2274 5706 i573)
2313 5633 2500 5706 Cujus.
2538 5630 2578 5685 ll
2612 5630 2990 5706 adT‘nessatt,
3022 5624 3077 5706 9'.
3109 5622 3243 5706 Pro,
3278 5618 3530 5706 suetae:
3565 5630 3664 5706 ση-

2092 5685 2289 5778 μεὲάὶέ,
2316 5685 2526 5778 Δ’(ῖιῖιιιοει
2560 5703 2647 5778 ed.
2676 5702 2833 5778 habet
2863 5685 3400 5778 ι’ὲνπάσῃδυνά-μει
3442 5685 3535 5741 καὶ
3565 5698 3662 5755 ση-

2093 5766 2286 5847 μείοις,
2315 5775 2364 5829 id
2408 5786 2509 5839 εει,
2541 5792 2558 5824 ι
2596 5769 2818 5826 inomni
2850 5766 3049 5822 virtute
3071 5775 3127 5817 et
3152 5766 3340 5832 signis.
3377 5776 3400 5811 ι
