4054 6410
370 5656 395 5739 ἱ

385 411 489 467 007

1621 409 1855 466 DIDYMI
1895 407 2371 465 ALEXANDRINI

3538 400 3642 456 608

385 523 644 579 nmndum
675 539 743 579 ex
778 524 949 580 nihilo
974 524 1040 577 ad
1077 523 1453 580 cxsistentiam
1485 526 1691 589 eduxit,
1724 542 1958 596 eumque

2080 524 2119 577 :6
2145 524 2340 593 φίλιον,
2370 524 2450 585 εἰς
2479 521 2621 591 άπερ
2653 523 2718 574 ἐκ
2750 519 2843 574 τοῦ
2883 517 3320 590 περισσεύματὸς
3349 533 3442 570 σου
3464 531 3640 582 Λεγεις

384 626 440 671 et
466 614 593 669 fecit
637 625 693 670 et
715 625 968 684 operatus
998 625 1115 683 est;
1154 615 1387 684 Spiritus
1407 625 1586 670 autem
1621 628 1844 670 sanctus
1874 618 1955 669 ili-

389 707 649 760 visionem
705 707 1098 761 charismatum
1149 708 1201 760 in
1257 707 1344 772 iis,
1404 706 1494 775 qui
1546 722 1576 761 a
1630 706 1740 762 Deo
1788 708 1958 763 creati

384 806 534 858 sunt,
566 806 823 864 operatus
849 808 955 851 est.
996 796 1272 866 Scriptum
1309 807 1392 852 est
1424 798 1567 852 enim
1598 816 1612 851 :
1648 816 1666 848 ι
1711 798 1977 873 Diviacus

387 901 630 940 Seorsum
663 889 892 958 singulis
922 891 1277 959 proutvultu
1314 906 1420 943 non
1442 904 1593 951 νιϊο,
1632 888 1954 957 «Ιιιι-ςίυιιε.»

387 976 457 1029 At
486 978 754 1043 quomodo
785 994 890 1032 non
918 981 1087 1046 vides,
1121 994 1155 1033 ο
1190 980 1592 1041 Macedoniane,
1645 979 1962 1047 tbe‘ologicis

390 1066 676 1121 sententiis
733 1077 896 1136 atque
938 1068 1478 1136 interpretationibus
1529 1068 1715 1121 istlizec
1762 1082 1961 1134 nequa-

391 1173 552 1229 quam
597 1170 961 1213 consentanea
1011 1175 1151 1221 esse,
1191 1170 1345 1226 teque
1389 1175 1455 1211 ex
1503 1159 1591 1213 bis
1647 1160 1802 1228 ipsis.
1842 1174 1964 1229 quae

393 1250 551 1317 dicis,
596 1249 944 1321 hypocriseos
992 1252 1281 1305 manifesto
1327 1252 1629 1306 convinci?
1676 1252 1807 1305 Nam
1852 1251 1965 1320 pri-

395 1357 541 1394 rnum
559 1342 777 1395 verbum
813 1345 933 1403 hoc,
968 1344 1201 1413 ἐνεργεῖ,
1219 1343 1268 1396 ἰαί
1286 1354 1389 1407 est,
1410 1362 1428 1393 ι
1453 1354 1728 1412 operatur,
1751 1361 1770 1392 ι
1794 1345 1859 1396 de
1887 1343 1939 1395 di

394 1435 568 1488 versis
598 1434 873 1498 essentiis,
904 1450 968 1487 ac
1020 1438 1180 1489 rebus
1211 1438 1522 1501 praedicari,
1569 1451 1758 1489 omnes
1800 1436 1966 1489 faten-

400 1533 527 1576 tur:
570 1539 802 1592 quanam
846 1541 973 1589 ergo
1022 1525 1089 1578 de
1138 1541 1321 1586 causa.
1374 1542 1496 1580 cum
1548 1526 1602 1579 in
1649 1542 1734 1591 eo,
1766 1525 1833 1580 de
1860 1540 1968 1594 quo

397 1614 594 1685 agitur,
643 1624 792 1669 textu
830 1617 895 1670 de
930 1615 1110 1669 divina
1167 1628 1222 1670 et
1253 1616 1539 1671 manifesta
1583 1615 1818 1685 Spiritus
1845 1633 1970 1670 san-

397 1704 469 1759 cti
496 1704 809 1774 operatione
838 1720 1015 1760 sermo
1042 1705 1132 1767 sit,
1165 1720 1227 1759 ea
1276 1716 1329 1759 tu
1363 1707 1416 1759 in
1465 1707 1700 1760 medium
1737 1707 1967 1760 adduxi-

398 1796 489 1857 sti,
530 1806 693 1866 atque
740 1794 841 1852 bac
885 1795 1097 1850 ratione
1142 1797 1473 1851 contumelia
1522 1798 1697 1867 potius
1744 1798 1969 1853 ali‘ecisti

398 1886 659 1955 Spiritum
708 1887 824 1951 Dei,
858 1901 1024 1958 quam
1060 1886 1333 1943 laudasti?
1373 1887 1578 1944 Deinde
1615 1906 1718 1943 non
1753 1892 1856 1946 hoc
1887 1901 1971 1944 at-
2005 1872 2047 1926 Β

401 1979 723 2034 tendendum
751 1989 854 2047 est,
883 1981 1027 2049 quod
1050 1980 1156 2047 ais,
1182 1980 1510 2050 homonyme
1553 1989 1645 2035 aut
1679 1996 1972 2052 synonyme

396 2084 523 2124 cum
550 2070 615 2124 de
640 2069 776 2135 Deo,
809 2078 919 2125 tum
947 2072 1014 2126 de
1046 2073 1251 2139 herbis,
1285 2079 1341 2126 et
1362 2072 1429 2126 de
1451 2070 1653 2126 Satana
1689 2073 1858 2140 accipi
1889 2088 1973 2125 vo-

396 2175 516 2216 cem
542 2161 773 2231 ἐνεργεῖ,
803 2159 856 2215 id
873 2169 977 2228 est,
1011 2181 1029 2215 ι
1056 2173 1345 2232 operatur;
1373 2179 1393 2212 ι
1415 2160 1508 2217 sed
1530 2175 1771 2230 personae
1793 2169 1972 2216 atten—

400 2253 589 2306 denda:
618 2260 769 2316 sunt,
798 2261 958 2321 atque
985 2255 1361 2322 Operationum
1400 2255 1716 2311 diserimiua
1747 2273 1760 2309 :
1797 2270 1861 2310 ac
1904 2258 1972 2308 de

400 2342 489 2407 iis,
522 2357 644 2413 qua:
675 2342 741 2396 ad
765 2342 1007 2398 divinum
1037 2345 1298 2416 Spiritum
1342 2347 1598 2410 attinent,
1631 2345 1748 2401 sive
1774 2347 1977 2401 doctri-

402 2432 520 2500 nis,
558 2434 673 2488 sive
705 2436 891 2499 rebus,
919 2435 1182 2506 judicium
1229 2436 1408 2493 facere
1444 2448 1679 2507 Oportet,
1725 2453 1830 2492 non
1881 2438 1976 2492 ba-

402 2523 514 2579 bita
548 2525 614 2580 ad
644 2540 730 2581 res
761 2534 1004 2582 terrenas
1035 2537 1090 2583 et
1143 2530 1209 2583 ad
1256 2529 1487 2599 ejectum
1520 2543 1549 2582 e
1589 2529 1729 2584 coelo
1775 2531 1973 2582 damnu-

402 2629 526 2669 nem
554 2617 782 2684 ratione,
813 2618 905 2671 sed
934 2618 1118 2673 habita
1151 2620 1358 2674 ratione
1384 2621 1449 2673 ad
1477 2619 1664 2683 Deum,
1697 2619 1790 2687 qui
1814 2622 1977 2672 verbo

407 2703 516 2770 illo,
540 2707 770 2776 ἐνεργεῖ,
803 2707 907 2760 hoc
930 2717 1036 2772 est,
1054 2727 1073 2758 ι
1103 2717 1376 2776 operatur,
1413 2725 1433 2759 ι
1458 2708 1763 2763 celebratus
1790 2718 1894 2772 est,
1921 2718 1977 2759 ut

411 2796 664 2862 superius
690 2796 891 2850 dictum
924 2796 1046 2852 l'uit.
1072 2797 1294 2868 Singula
1325 2798 1493 2860 enim,
1534 2813 1654 2867 quae
1682 2800 1746 2851 de
1772 2797 1977 2867 Spiritu

406 2897 601 2942 sancto
628 2888 860 2943 inveniri
890 2898 1122 2957 possunt
1176 2889 1473 2959 Scriptura;
1509 2890 1649 2957 loca,
1677 2892 1801 2945 talia
1831 2904 1977 2955 sunt,

407 2985 468 3031 ut
497 2992 563 3030 ex
606 2987 715 3032 tota
760 2979 1030 3033 sermonis
1059 2979 1205 3034 serie
1246 2992 1300 3034 et
1342 2982 1729 3051 consequentia
1775 2991 1977 3051 pateat.

407 3066 668 3136 Spiritum
704 3067 876 3136 ipsum
907 3082 1028 3122 cum
1071 3083 1160 3135 ea,
1209 3083 1331 3138 quae
1361 3070 1472 3125 Deo
1499 3072 1772 3139 convenit,
1821 3088 1982 3127 vene-

406 3157 616 3212 ratione
670 3158 1112 3222 commemorari,
1186 3169 1453 3216 creaturae
1511 3175 1683 3226 vero,
1755 3171 1810 3218 et
1869 3166 1981 3218 dar-

409 3261 533 3299 mon
579 3261 646 3300 eo
695 3245 854 3300 modo
900 3256 1429 3316 commemorantur,
1481 3263 1592 3317 quo
1643 3260 1919 3305 merentur
1968 3275 1980 3311 ε

408 3339 568 3409 an
608 3338 662 3393 id
693 3342 835 3408 quod
869 3353 974 3393 non
1004 3340 1300 3395 observans
1330 3349 1407 3406 tu,
1447 3340 1536 3410 qui
1572 3338 1986 3397 Macedonianus

409 3446 492 3495 es,
527 3444 628 3484 nec
653 3444 739 3497 ea,
789 3445 910 3500 qua:
948 3439 1209 3500 operatur
1248 3431 1462 3485 daemon
1505 3446 1570 3486 ex
1623 3432 1770 3497 odio,
1820 3432 1888 3485 ab
1922 3434 1988 3487 iis

409 3518 748 3582 discernens,
785 3532 908 3588 quae
955 3518 1192 3587 Spiritus
1224 3527 1445 3574 sanctus
1477 3521 1547 3575 ob
1590 3535 1748 3574 suum
1793 3522 1847 3575 in
1885 3525 1985 3576 Ito-

410 3610 587 3664 mines
613 3622 853 3663 amorem
889 3618 1168 3676 operatur,
1197 3610 1476 3679 deprimis,
1512 3624 1777 3680 quantum
1832 3613 1884 3667 in
1934 3622 1986 3667 te

410 3709 516 3763 est,
544 3713 609 3753 ac
642 3696 935 3754 labefactas
977 3714 1075 3769 per
1111 3714 1196 3765 ea,
1223 3716 1343 3768 qua:
1378 3716 1443 3756 ex
1485 3703 1663 3757 cordis
1694 3705 1771 3756 tui
1811 3706 1986 3757 abun-

414 3789 598 3842 dantia
632 3788 788 3854 dicis,
820 3789 1299 3859 incomparabilem
1347 3792 1580 3863 gloriam
1629 3792 1721 3846 Dei
1772 3791 1983 3859 Patris,

415 3879 505 3945 qui
538 3879 807 3934 similibus
852 3891 907 3934 et
948 3882 1063 3948 ipse
1115 3881 1485 3939 locutiouibus
1535 3887 1608 3940 ob
1659 3886 1841 3941 divina
1889 3903 1985 3942 sua

413 3985 575 4040 opera
605 3970 910 4026 celebratus
948 3982 1055 4038 est,
1095 3983 1149 4027 et
1182 3976 1354 4028 sancti
1399 3975 1638 4047 Spiritus
1684 3978 1853 4047 ipsius
1884 3979 1985 4033 Pa-

417 4063 548 4116 tris:
578 4078 753 4132 neque
784 4063 913 4119 illud
935 4065 1391 4132 animadvertisti,
1414 4068 1559 4138 quod
1584 4070 1857 4125 immerito
1875 4070 1988 4144 (54)

419 4155 761 4223 temetipsum
808 4155 952 4208 inter
1000 4170 1095 4209 eos
1149 4160 1470 4225 numerasti,
1521 4161 1613 4229 qui
1668 4170 1815 4217 recte
1866 4178 1992 4217 sen-

416 4249 578 4301 tiunt.
614 4247 719 4301 Sed
751 4247 854 4300 hoc
880 4248 1061 4317 potius
1092 4248 1328 4315 attende,
1362 4251 1504 4318 quod
1530 4252 1581 4305 in
1617 4252 1798 4307 allatis
1834 4251 1990 4307 Pauli

413 4341 597 4395 verbis
630 4352 756 4396 ante
795 4343 961 4397 Deum
992 4340 1230 4407 Patrem,
1262 4352 1318 4398 et
1354 4343 1550 4399 Filium
1586 4345 1821 4414 Spiritus
1854 4362 1983 4400 sau-

416 4442 539 4486 ctus
574 4432 750 4500 primo
799 4431 916 4487 loco
965 4441 1300 4487 memoratus
1355 4443 1485 4489 est:
1534 4435 1586 4489 id
1635 4450 1760 4488 vero
1801 4437 1846 4490 ei
1894 4436 1990 4490 soli

2062 613 2415 683 καταφέρεις.
2436 612 2575 680 τόγε
2602 612 2695 664 ἐπὶ
2728 611 2832 675 σοὶ,
2866 611 2963 682 τὴν
2999 609 3327 681 ἀσύγκριτον
3350 606 3507 671 δόξαν
3543 603 3642 659 τοῦ

2062 703 2196 757 Θεοῦ
2232 704 2463 775 Πατρὸς,
2487 703 2581 755 τοῦ
2611 702 2968 773 ὁμοιολεξίαις
2996 701 3089 754 ἐπὶ
3117 699 3277 753 θείων
3301 696 3642 769 πραγμάτων

2061 792 2557 863 ἀνευφημηθέντος,
2588 793 2682 846 καί¹
2706 792 2799 845 τοῦ
2826 792 3143 862 Πνεύματος
3167 787 3330 842 αὐτοῦ
3353 804 3367 818 ·
3392 786 3485 841 καὶ
3517 786 3642 838 έλα-

2064 882 2156 947 θες
2198 882 2422 946 εἰκότως
2466 882 2635 946 τάξας
2679 882 2871 935 ἐαυτὸν
2917 881 2975 934 ἐν
3014 881 3126 942 τοῖς
3162 877 3331 947 ὑγιῶς
3363 875 3639 948 φρονοῦσι.

2064 975 2308 1046 Πρόσεχε
2353 974 2411 1027 δὲ
2457 973 2675 1044 μᾶλλον,
2716 974 2799 1026 ὅτι
2847 973 2905 1025 ἐν
2950 974 3061 1034 τοῖς
3105 967 3504 1041 προκειμένοις,
3535 965 3644 1036 πρὸ

2065 1064 2157 1117 τοῦ
2178 1063 2312 1117 Θεοῦ
2336 1064 2546 1133 Πατρὸς
2577 1063 2667 1115 καὶ
2692 1061 2786 1115 τοῦ
2816 1059 2972 1123 Υἱοῦ,
2991 1060 3051 1112 τὸ
3079 1060 3232 1127 ἆγιον
3262 1056 3485 1126 Πνεῦμα
3500 1055 3645 1126 πρῶ-

2064 1172 2156 1209 τον
2194 1153 2512 1224 θεοπρεπῶς
2541 1151 2945 1223 ἐμνημονεύθη·
2977 1151 3071 1204 καὶ
3098 1149 3312 1217 λογίζου
3336 1150 3401 1200 ἐκ
3428 1147 3644 1209 τούτου,

2066 1247 2148 1300 ὄτι
2171 1246 2433 1317 διαφορὰν
2461 1246 2493 1315 ἡ
2537 1246 2595 1297 ἐν
2629 1244 2817 1314 μονάδι
2847 1242 3018 1312 σεπτὴ
3051 1241 3219 1311 Τριάς
3250 1240 3349 1292 οὐκ
3386 1238 3521 1308 ἔχει,
3552 1237 3648 1290 καὶ

2067 1341 2148 1394 ὅτι
2177 1339 2432 1410 ἀρρήτως
2468 1339 2720 1408 συνεργεῖ
2747 1338 2934 1407 ἑαυτῇ.
2970 1330 3102 1389 Εἶτα
3132 1335 3196 1387 σὺ
3240 1333 3534 1403 σκόπησον,
3564 1332 3647 1383 ὅτι

2068 1430 2285 1499 ἑκάστῳ
2312 1428 2400 1481 διὰ
2432 1427 2525 1480 τοῦ
2557 1428 2715 1495 ἁγίου
2742 1426 3056 1496 Πνεύματος
3081 1426 3175 1478 καὶ
3209 1424 3360 1494 παρὰ
3376 1423 3467 1476 τοῦ
3491 1423 3649 1491 ἁγίου

2070 1520 2384 1590 Πνεύματος
2412 1520 2611 1572 δίδοται
2637 1519 2705 1572 τὰ
2734 1536 2837 1589 μνη
2848 1515 3173 1587 μονευθὲντα
3200 1515 3357 1568 θεῖκά
3385 1515 3652 1586 χαρίσμα-

2067 1630 2156 1666 τα·
2186 1605 2260 1664 ὧν
2291 1611 2517 1681 οὐδεμία
2539 1609 2736 1675 ἔξωθεν
2773 1608 3126 1661 ὑπολείπεται
3153 1606 3298 1669 δόσις
3334 1605 3519 1675 θεῖκῆς
3555 1607 3652 1657 δωσ-

2075 1705 2202 1773 ρεᾶς
2238 1702 2362 1764 ἰδία,
2398 1704 2492 1754 καὶ
2521 1695 2594 1753 ὧν
2616 1703 2643 1754 6
2673 1700 2749 1771 μὴ
2773 1698 3079 1769 τυγχάνων,
3104 1697 3179 1761 ὡς
3208 1695 3358 1768 παρὰ
3392 1695 3480 1749 τοῦ
3511 1694 3651 1748 Θεοῦ

2071 1793 2379 1864 διδομένων,
2415 1792 2615 1845 ἀθλίων
2640 1793 2789 1844 ἐστὶν
2817 1788 3142 1858 ἀθλιώτερος
3162 1807 3173 1817 ·
3217 1788 3312 1841 καὶ
3338 1789 3367 1840 6
3396 1786 3471 1857 μὴ
3509 1785 3655 1840 οὕτω

2074 1887 2301 1957 γράφων
2345 1902 2403 1937 τε
2462 1884 2557 1936 καὶ
2604 1882 2799 1947 λέγων,
2849 1881 3065 1944 ἀνίατος
3109 1879 3282 1951 μένει,
3327 1880 3451 1949 μήτ’
3492 1879 3653 1941 αὐτὸς

2072 1975 2471 2046 ὠφελούμενος,
2511 1974 2638 2045 μήτ’
2660 1971 2853 2036 ἄλλους
2884 1970 3140 2039 ὠφελῶν,
3178 1968 3314 2023 ἀλλά
3349 1967 3439 2040 [97
3468 1966 3524 2039 ιι]
3561 1968 3656 2021 καὶ

2077 2066 2347 2136 βλάπτων·
2379 2068 2473 2119 καὶ
2501 2067 2582 2119 ὅτι
2615 2064 2791 2117 ταῦτα
2826 2064 3003 2117 πάντα
3050 2062 3262 2131 ἐνεργεῖ
3291 2059 3350 2112 τὸ
3385 2059 3442 2112 ἓν
3472 2060 3568 2112 καὶ
3595 2059 3656 2112 τὸ

2074 2156 2205 2209 αὐτὸ
2232 2155 2473 2227 Πνεῦμα,
2503 2154 2648 2209 τοῦτ’
2681 2154 2830 2207 ἔστιν
2860 2154 3004 2205 ποιεῖ
3024 2168 3083 2204 τε
3118 2151 3214 2204 κα)⁵
3252 2150 3482 2221 παρέχει
3502 2165 3516 2181 ·
3551 2151 3580 2202 6
3599 2149 3657 2202 δὲ

2074 2249 2152 2310 εἰς
2186 2245 2358 2298 ταῦτα
2405 2243 2667 2314 ἐνεργῶν,
2714 2244 2810 2297 καὶ
2866 2244 2946 2306 είς
2993 2241 3171 2294 πάντα
3221 2240 3529 2310 ἐνεργήσει,
3563 2237 3654 2291 καὶ

2074 2338 2324 2409 ἀνενδεὴς
2351 2339 2518 2390 ἐστιν·
2547 2337 2576 2389 6
2613 2335 2671 2388 δὲ
2700 2332 2975 2404 ἀνενδεὴς,
3003 2332 3248 2403 ἀπαθής·
3275 2333 3304 2384 6
3333 2331 3389 2383 δὲ
3420 2329 3659 2401 ἀπαθὴς,

2073 2430 2224 2493 Θεός.
2250 2425 2328 2482 τιι
2357 2425 2463 2498 ἆρα
2495 2426 2590 2481 ἐὰν
2621 2426 2847 2497 λέγηται
2891 2425 3021 2496 περὶ
3069 2424 3163 2477 τοῦ
3213 2422 3348 2476 Θεοῦ
3408 2423 3657 2495 Πατρός·

2081 2540 2100 2573 ι
2142 2520 2346 2593 Κύριος
2372 2520 2595 2583 δυνατὸς
2617 2521 2675 2572 ἐν
2696 2519 2937 2589 πολέμῳ·
2962 2538 2980 2568 ι
3011 2516 3126 2577 καὶ.
3156 2535 3175 2567 ι
3213 2516 3456 2579 Γνωστὸς
3485 2518 3543 2569 ἐν
3582 2518 3653 2587 τῇ

2075 2612 2308 2684 Ἰουδαίᾳ
2336 2613 2364 2664 ὁ
2396 2611 2547 2675 Θεὸς,
2589 2631 2611 2665 ι
2649 2611 2744 2665 καὶ
2773 2612 2874 2664 ὅσα
2900 2608 3143 2663 τοιαῦτα·
3173 2610 3231 2661 ἐν
3254 2608 3433 2670 ἄλλοις
3455 2607 3515 2660 ού
3542 2623 3639 2678 νοη

2078 2702 2302 2772 θήσεται
2335 2702 2595 2769 δυνατὸς,
2644 2704 2738 2755 "ai.
2786 2701 3171 2773 ἐνεργητικὸς,
3216 2700 3309 2754 καὶ
3355 2699 3659 2769 ἐπιφανής;

2079 2795 2284 2865 Σκέψαι
2321 2795 2378 2848 δὲ
2433 2793 2668 2862 ὁμοίως,
2718 2796 2802 2848 ὅτι
2856 2794 3038 2847 πᾶσαν
3088 2792 3188 2859 μὲν
3224 2790 3661 2863 ἀπαμφιέννυσιν

2078 2886 2362 2959 αἱρετικὴν
2410 2884 2846 2954 πειθανολογίαν,
2896 2883 3255 2953 διεγγυῶνται
3293 2883 3351 2936 δὲ
3392 2883 3661 2954 διαφόρως

2078 2979 2177 3048 τὴν
2207 2977 2398 3048 θεῖκὴν
2420 2976 2584 3029 αὑτοῦ
2616 2975 3073 3045 αὑτεξουσιὸτητα
3091 3016 3105 3039 ,
3133 2974 3234 3045 τὴν
3258 2973 3536 3045 ὁμόφρονα
3567 2973 3662 3027 τοῦ

2080 3071 2324 3143 Πατρὸς,
2358 3070 2454 3123 καὶ
2480 3068 2574 3121 τοῦ
2603 3065 2734 3121 Υίοῦ
2755 3105 2770 3130 ,
2797 3067 2856 3122 αί
2888 3065 3030 3120 οῦτω
3078 3063 3424 3119 διαλαλοῦσαι
3466 3061 3663 3129 λέξεις·

2088 3182 2106 3213 ι
2144 3159 2301 3216 Κατά
2326 3160 2426 3231 τὴν
2459 3158 2623 3213 αὑτοῦ
2647 3157 2885 3230 θέλησιν·
2923 3177 2942 3209 ι
2979 3158 3096 3221 καὶ,
3129 3176 3147 3208 ι
3176 3160 3384 3228 Διαιρεῖ
3416 3157 3524 3228 ἰδίᾳ
3544 3157 3659 3210 ἐκάν

2087 3271 2196 3325 στῳ
2226 3252 2408 3314 καθὼς
2447 3251 2716 3322 βούλεται·
2746 3270 2766 3302 ι
2804 3250 2899 3304 καὶ
2931 3249 3013 3303 ὅτι
3048 3252 3513 3321 συνεπιμαρτυρεῖ
3541 3250 3669 3304 τού-

2083 3363 2217 3409 τοις,
2254 3344 2283 3398 ὃ
2313 3361 2370 3396 τε
2402 3343 2536 3407 Θεὸς
2588 3343 2777 3414 Πατὴρ
2820 3341 3065 3412 σημείοις
3115 3342 3209 3396 καὶ
3252 3341 3495 3413 τέρασιν,
3547 3342 3577 3395 ὅ
3604 3359 3668 3396 τε

2086 3433 2273 3504 Σωτὴρ
2310 3432 2511 3502 λέγων·
2555 3453 2573 3485 ‹
2623 3432 2696 3486 Τὸ
2742 3432 2970 3503 Πνεῦμα
3000 3433 3101 3504 τῆς
3129 3431 3409 3503 ἀληθείας,
3444 3432 3474 3486 6
3519 3434 3670 3504 παρά

2084 3527 2179 3581 τοῦ
2209 3526 2421 3597 Πατρὸς
2453 3525 2831 3598 ἐκπορεύεται·
2868 3543 2888 3575 ι
2928 3524 3054 3586 καὶ,
3084 3542 3103 3575 ι
3143 3524 3217 3578 Τὸ
3241 3522 3469 3595 Πνεῦμά
3518 3525 3670 3579 ἐστιν

2088 3618 2121 3687 ή
2159 3615 2420 3685 ἀλήθεια·
2462 3633 2479 3665 ι
2517 3614 2546 3667 ὃ
2578 3630 2636 3665 τε
2668 3612 2905 3684 Πέτρος,
2948 3609 3080 3664 Θεὸν
3130 3610 3192 3663 τὸ
3237 3610 3390 3677 ἅγιον
3442 3609 3669 3681 Πνεῦμα

2072 3706 2377 3778 ’διαρρήδην
2424 3704 2501 3775 τῷ
2540 3704 2763 3775 Ἀνανίᾳ
2812 3702 3196 3771 καταγγέλλων
3247 3701 3502 3755 τοιῶσδε·
3539 3720 3559 3752 ι
3604 3700 3670 3754 Τί

2087 3798 2171 3851 ὅτι
2195 3795 2549 3867 συνεφωνήθη
2577 3797 2706 3865 ὑμῖν
2732 3793 3034 3863 ψεύσασθαι
3059 3793 3119 3847 τὸ
3148 3790 3373 3862 Πνεῦμα
3392 3791 3453 3844 τὸ
3476 3791 3627 3859 ἀγα-ιν
3653 3809 3668 3856 ;

2090 3890 2205 3943 υύκ
2251 3886 2464 3957 ἐψεύσω
2498 3886 2771 3957 ἀνθρώπῳ
2792 3925 2806 3949 ,
2843 3884 2977 3939 ἀλλά
3005 3883 3082 3956 τῷ
3124 3882 3263 3953 Θεῷ.
3293 3901 3312 3934 ι
3349 3883 3583 3936 Κάκεΐνο
3612 3882 3672 3936 δὲ

2090 3979 2245 4051 εἰδὼς
2270 3976 2381 4041 ἔσο,
2410 3977 2492 4029 ὅτι
2519 3976 2619 4028 οὐκ
2650 3974 2838 4038 ἔλαθες
2868 3973 3190 4044 πανούργως
3234 3970 3575 4042 παραλείψας
3611 3972 3672 4025 ἐν

2088 4072 2168 4143 τῷ
2202 4069 2415 4139 ματαίερ
2449 4068 2543 4121 καὶ
2579 4065 2910 4121 καταϐλαόεῖ
2947 4063 3268 4137 πονηματίῳ
3304 4080 3396 4115 σου
3418 4102 3435 4126 ,
3473 4060 3673 4133 μᾶλλον

2090 4163 2148 4217 δὲ
2179 4160 2651 4233 βλασφημητηρίῳ
2693 4176 2810 4224 σου,
2847 4158 2907 4211 τὸ
2956 4156 3364 4229 προηγούμενον
3404 4155 3498 4208 τοῦ
3525 4154 3672 4208 θείου

2090 4253 2347 4325 γραφίου.
2394 4250 2643 4321 Περιέχει
2684 4248 2792 4320 γὰρ
2829 4243 2962 4301 ὦδε·
3002 4266 3020 4298 ι
3076 4248 3148 4301 Τὸ
3192 4248 3252 4299 ἓν
3293 4245 3388 4300 καὶ
3429 4244 3490 4299 τὸ
3538 4245 3675 4301 αὐτὸ

2091 4344 2337 4415 Πνεῦμα·
2378 4362 2396 4393 ι
2430 4344 2524 4396 καὶ
2561 4340 2735 4405 οὕτως
2776 4339 3026 4410 ἐπιφέρει
3052 4378 3068 4402 ,
3110 4338 3139 4392 ὃ
3178 4339 3337 4409 μόνον
3379 4338 3444 4392 σὺ
3500 4338 3675 4391 ἐνδια-

2095 4436 2341 4509 στρόφως
2382 4435 2693 4506 ἐπήγαγες·
2732 4450 2749 4481 ι
2787 4429 3038 4501 Διαιροῦν
3086 4429 3191 4501 ἰδίᾳ
3232 4427 3448 4499 ἑκάστῳ
3490 4428 3675 4492 καθὼς

416 4524 689 4591 convenit,
740 4524 834 4594 qui
864 4524 1005 4578 Deus
1049 4524 1138 4578 sit.
1170 4523 1248 4577 Ex
1276 4525 1377 4579 hoc
1412 4534 1593 4579 autem
1627 4527 1788 4594 infer,
1826 4542 1979 4581 vene-

2095 4527 2367 4598 βούλεται·
2406 4543 2425 4576 ι
2462 4525 2584 4579 ἀντὶ
2612 4523 2727 4588 τοῦ,
2751 4520 3114 4594 δωρούμενον,
3143 4522 3236 4574 καὶ
3277 4520 3548 4591 διανέμον,
3577 4524 3675 4575 καὶ

416 4617 601 4669 randze
645 4615 719 4669 illi
766 4615 820 4670 in
862 4617 1072 4671 unitate
1112 4605 1410 4671 ’exsistenti
1465 4611 1726 4671 "Iriuitati
1788 4618 1989 4671 nullam

420 4707 577 4776 plane
625 4707 806 4761 inesse
851 4707 1268 4777 discrepantiam
1296 4747 1312 4773 ,
1366 4723 1597 4778 eamque
1649 4708 1995 4764 ineliabiliter

417 4796 613 4849 suimet
667 4797 836 4865 ipsius
886 4799 1310 4865 c00peratricem
1362 4813 1504 4853 esse.
1559 4798 1693 4853 illud
1762 4801 1985 4869 insuper

420 4887 728 4953 considera,
782 4888 923 4955 quod
986 4898 1408 4944 commemorata
1445 4889 1629 4945 divina
1680 4892 1818 4945 dona
1875 4891 1993 4945 uni-

419 4979 614 5047 cuique
658 4993 753 5047 per
790 4978 1052 5047 Spiritum
1096 4990 1369 5045 sancttnn,
1396 4991 1452 5034 et
1481 4996 1510 5034 a
1553 4980 1764 5050 Spiritu
1798 4992 1992 5035 sancto

420 5067 776 5122 conferuntur
807 5087 821 5123 :
849 5080 1043 5136 prfeter
1072 5087 1194 5140 quae
1220 5072 1363 5125 milia
1396 5072 1499 5125 alia
1535 5072 1740 5141 reliqua
1774 5083 1859 5127 est
1888 5073 1991 5126 lar-

421 5163 553 5231 gitio
582 5177 649 5216 ac
695 5162 911 5217 donatio
949 5163 1144 5218 divina:
1173 5168 1360 5237 gratiae
1407 5167 1621 5236 propria
1653 5183 1669 5232 ;
1731 5167 1826 5236 qui
1857 5182 1989 5222 vero

421 5267 483 5306 ea
528 5267 634 5307 non
664 5255 989 5322 assequitur,
1042 5263 1227 5323 utpote
1269 5272 1297 5309 a
1334 5257 1445 5312 Deo
1469 5260 1617 5322 data,
1672 5259 1992 5314 miserorum

425 5347 761 5402 miserrimus
789 5357 874 5401 est
904 5363 920 5413 ;
953 5363 1016 5403 ac
1042 5351 1088 5402 si
1116 5349 1242 5416 quis
1269 5365 1375 5406 non
1426 5350 1496 5402 ita
1539 5350 1591 5403 in
1626 5350 1844 5418 scriptis
1884 5349 1998 5404 suis

423 5439 605 5503 sentit,
640 5454 705 5494 ac
747 5442 1107 5508 sermonibus,
1158 5441 1250 5495 ille
1296 5442 1614 5496 insanabilis
1662 5451 1860 5507 manet,
1909 5457 2001 5496 ne-

426 5548 530 5602 que
557 5533 937 5605 adjumentum
980 5536 1097 5605 ipse
1143 5534 1306 5588 ullum
1342 5535 1669 5605 percipiens,
1723 5552 1823 5589 nec
1861 5537 1998 5589 alios

2093 4616 2435 4671 ὲκκαλύπτον
2458 4614 2788 4677 αὐθεντικῶς
2827 4613 2896 4667 τὰ
2927 4612 3153 4683 οὐράνια
3190 4613 3389 4681 ἀγαθά.
3437 4613 3551 4666 Οὐκ
3577 4614 3677 4682 ὀρ-

2095 4709 2192 4777 θῆς
2213 4707 2268 4760 δὲ
2296 4706 2521 4777 γνώμης
2545 4707 2639 4758 καὶ
2665 4705 2922 4768 πίστεως.
2951 4705 3087 4775 μετὰ
3118 4703 3212 4756 τοῦ
3236 4703 3677 4776 παρερμηνεύειν

2094 4798 2174 4851 ἔτι
2215 4799 2308 4851 καὶ
2335 4796 2773 4868 ἀκρωτηριάζειν
2798 4797 2867 4849 τὰ
2886 4796 3061 4865 λόγια.
3102 4795 3190 4867 [97
3227 4795 3280 4869 ὁ]
3326 4796 3400 4848 Τὸ
3437 4794 3546 4865 γὰρ
3576 4811 3678 4846 πε-

2096 4889 2331 4960 ριέχειν,
2372 4906 2391 4937 t
2430 4888 2524 4940 Ἕν
2557 4889 2649 4940 καὶ
2686 4887 2747 4941 τὸ
2769 4888 2900 4941 αὐτὸ
2931 4886 3189 4958 Πνεῦμα,
3221 4906 3240 4938 ι
3277 4886 3555 4941 ἀποκλείει
3591 4902 3677 4940 σοι

2095 4978 2191 5033 τοῦ
2219 4996 2278 5034 τε
2309 4977 2565 5050 χωρίζειν
2602 4978 2735 5031 αὐτὸ
2760 4979 2863 5049 τῆς
2890 4979 3027 5050 πρὸς
3061 4979 3154 5032 τὸν
3178 4979 3304 5043 ἕνα,
3337 4980 3432 5033 καὶ
3461 4974 3676 5034 ἀνώτα-

2097 5090 2209 5135 τον,
2242 5073 2335 5125 καὶ
2366 5072 2539 5125 πάντα
2565 5068 3029 5140 πηδαλιουχοῦντα
3055 5071 3380 5142 ταυτότητος
3409 5070 3677 5142 (διαφέρει

2098 5166 2208 5237 γὰρ
2239 5158 2393 5228 οὗτος
2421 5166 2450 5217 ὁ
2476 5162 2921 5235 ἀθεωρητότατος
2948 5163 3044 5217 καὶ
3071 5163 3571 5235 ἁπεριληπτότατος
3601 5167 3672 5235 τῇ

2080 5252 2311 5328 ’θεότητι
2344 5255 2460 5309 οῦτι
2495 5272 2558 5324 γε
2593 5255 2853 5326 σμικρὸν.
2895 5254 3035 5326 πλὴν
3077 5256 3221 5326 μόνῳ
3242 5256 3319 5325 τῷ
3345 5256 3445 5326 τῆς
3472 5257 3678 5321 πατρό-

2096 5366 2260 5420 τητος
2296 5348 2470 5418 λόγῳ·
2503 5348 2585 5401 ὅτι
2619 5344 2948 5416 ἐξεπορεύθη
2974 5347 3135 5416 φύσει
3169 5346 3229 5411 ἐξ
3261 5346 3448 5411 αὑτοῦ,
3485 5347 3580 5401 καὶ
3610 5347 3673 5399 ού

2098 5440 2161 5510 δη
2171 5441 2460 5512 μιουργικῇ
2485 5436 2885 5508 ὲνεργείᾳ),τοῦ
2896 5454 2954 5489 τε
2975 5437 3173 5506 λέγειν·
3195 5439 3257 5490 El
3280 5438 3503 5509 Πνεῦμα
3513 5436 3672 5502 Θεοῦ,

2102 5536 2197 5588 καὶ
2246 5532 2474 5603 Πνεῦμα
2524 5531 2762 5604 Χριστοῦ
2816 5531 3149 5603 γέγραπται,
3204 5532 3299 5586 δύο
3351 5533 3676 5606 νοηθήσεται

502 5750 611 5826 (εξ-ί)
656 5750 948 5805 Immerito.
978 5751 1032 5808 In
1068 5751 1278 5820 Graeco,
1309 5753 1552 5817 εἰκότως.
1591 5752 1783 5808 Videat
1835 5754 1972 5807 lectu

2080 5771 2108 5808 n
2156 5755 2441 5825 legentium
2485 5756 2551 5809 sit
2600 5756 2698 5808 οὐκ
2770 5757 3028 5821 εἰκότως,
3068 5748 3176 5810 aut
3220 5754 3379 5825 paulo
3407 5763 3544 5823 post,
3576 5751 3675 5822 οὐχ

434 5814 612 5881 ύγιῶςέ
