4054 6394
394 358 498 418 609

1431 352 1518 407 DE
1550 350 1933 407 TRINITATE
1971 348 2172 406 LIBER
2217 348 2601 407 SECUNDUS.

3552 351 3658 409 610

393 474 710 545 Πνεύματα.
751 472 1080 545 Προείρηται
1112 473 1168 526 δὲ
1195 473 1255 525 οὐ
1282 470 1462 542 πολλῴ
1488 470 1746 542 ἀνωτέρω
1767 511 1781 530 ,
1814 469 1882 522 δι’
1914 468 1981 539 ἢν

2096 481 2294 531 iuvans,
2350 468 2445 521 sed
2497 467 2578 520 eis
2630 468 2815 537 potius
2862 483 3086 523 nocens.
3145 468 3330 539 Neque
3378 486 3509 525 vero
3560 475 3664 530 hoc

395 566 575 621 αἰτίαν
613 566 759 619 οὕτω
801 563 1277 637 κεχρησμῲδηται.
1319 564 1412 636 Μὴ
1451 563 1636 632 ἀγνόει.
1677 562 1735 615 δὲ
1774 562 1869 616 καὶ
1916 562 1979 615 τὸ

395 659 474 711 ὅτι
506 657 576 711 τὰ
599 658 893 726 ἐκκείμενα
913 656 1090 724 λόγια,
1119 657 1220 709 οὐκ
1247 655 1376 709 ἄλλο
1401 654 1656 726 σημαίνει
1687 654 1978 724 πρόσωπον

396 746 535 802 εἷναι
550 749 610 801 τὸ
633 746 1015 820 χαριζόμενον,
1035 749 1129 802 καὶ
1148 747 1275 802 ἄλλο
1290 748 1349 800 τὸ
1374 747 1643 817 διανέμον.
1668 745 1743 809 ὡς
1764 744 1979 797 ἐπὶτῶν

395 836 490 891 ὅλα
512 837 649 909 μήτε
665 837 861 890 εἰδέναι
880 837 1217 907 δυναμένων,
1238 839 1374 908 μήτε
1392 837 1608 900 ἀπόνως
1630 834 1981 907 πραττόντων

398 927 494 981 ἀνθ
501 926 722 999 ρώπων,
749 929 843 981 καὶ
869 929 955 982 διὰ
973 929 1131 983 τοῦτο
1146 929 1392 983 διδόντων
1411 930 1508 999 μὲν
1524 927 1837 999 ἁποκρίτως
1855 926 1981 980 τού-

397 1039 524 1081 των,
550 1021 756 1091 ἑτέρων
783 1022 840 1073 δὲ
866 1021 1009 1075 κατὰ
1030 1022 1357 1093 δοκιμασίαν
1371 1022 1573 1093 ἀκριϐῆ
1593 1023 1978 1094 διανεμόντων,

402 1110 684 1181 μήπως.ἦ
732 1113 780 1164 οἱ
828 1112 1192 1182 χορηγοῦντες
1247 1113 1348 1164 οὐκ
1405 1112 1805 1181 ἐπαρκέσωσιν,
1852 1112 1884 1184 ἦ
1935 1115 1985 1165 οἱ

398 1201 805 1272 διακονούμενοι
837 1204 990 1256 attito).
1014 1205 1074 1256 οὐ
1102 1203 1454 1274 κερδὰνωσιν.
1496 1204 1552 1256 Ὀ
1580 1204 1689 1275 γὰρ
1722 1202 1982 1266 ἀναίτιος,

400 1293 495 1345 καὶ
516 1292 752 1364 ἀπαθὴς,
786 1295 878 1346 καὶ
908 1294 1235 1365 ἀεικίνητος,
1271 1295 1590 1366 πανταρκὴς
1610 1312 1668 1347 τε
1693 1295 1785 1348 καὶ
1814 1293 1984 1363 ἄφθο-

398 1400 488 1446 νος
513 1383 665 1449 θεὸς,
696 1387 725 1438 ὁ
761 1386 835 1456 μὴ
875 1385 1014 1455 πρὸς
1050 1385 1078 1438 ὃ
1112 1385 1252 1450 ἄξιοι
1297 1384 1485 1439 λαϐεῖν
1512 1387 1675 1457 ἡμεῖς
1706 1384 1848 1454 (οὐδὲ
1877 1384 1986 1455 γὰρ

398 1473 520 1526 οὐδὲ
565 1474 705 1540 ἄξιοι
751 1476 811 1540 ἐξ
848 1476 1023 1549 ἔργων
1070 1476 1275 1545 ἀγαροῦ
1325 1476 1583 1545 οὐδενὸς),
1614 1476 1748 1531 ἀλλὰ
1793 1476 1933 1547 πρὸς
1958 1476 1987 1529 ὃ

399 1565 551 1637 αὐτῷ
568 1566 751 1622 δοῦναι
781 1569 991 1640 πρέπον
1023 1568 1140 1621 ἐστὶ
1168 1568 1424 1641 παρέχων
1444 1585 1456 1596 ’
1483 1571 1661 1622 πάντα
1682 1567 1857 1631 εἰδὼς,
1893 1568 1986 1622 καὶ

401 1657 581 1711 πάντα
612 1658 929 1731 δυνάμενος,
962 1661 1039 1725 ὡς
1075 1662 1171 1714 καὶ
1212 1662 1343 1732 παρ’
1371 1660 1626 1732 Ἕλλησιν
1658 1661 1872 1731 εἴρηται
1898 1676 1911 1690 ο

2084 558 2250 612 etiam
2294 560 2627 627 perpendere
2658 560 2900 625 omittas,
2946 562 3088 628 quod
3125 579 3143 613 ι
3181 562 3295 615 haec
3320 564 3501 617 omnia
3535 580 3666 633 ope-

2086 661 2233 703 ratur
2260 666 2397 704 unus
2425 660 2477 703 et
2518 651 2655 705 idem
2686 651 2940 720 Spiritus,
2978 671 2998 703 ι
3034 653 3085 705 id
3134 663 3240 719 est,
3281 667 3344 707 ea
3375 663 3429 708 et
3462 653 3590 709 facit
3612 664 3666 709 et

2086 741 2287 813 prasbet
2319 758 2334 805 ;
2374 743 2465 808 qui
2502 754 2682 796 autem
2736 745 2788 796 in
2848 745 3040 799 bortnn
3090 744 3377 814 largitione
3410 758 3668 814 operator

2085 843 2190 898 est,
2224 834 2278 887 in
2311 834 2563 889 omnibus
2596 850 2815 906 quoque
2843 838 3183 904 operabitur,
3207 848 3263 891 et
3312 837 3454 890 nulla
3508 853 3564 892 re
3592 839 3668 890 in-

2086 925 2255 993 diget;
2284 925 2375 993 qui
2405 940 2532 979 vero
2577 926 2720 981 nulla
2763 942 2820 980 re
2868 926 3091 996 indiget,
3138 927 3412 994 passionis
3439 927 3668 994 incapax

2085 1027 2164 1069 est
2193 1034 2206 1081 ;
2234 1016 2324 1084 qtti
2353 1031 2482 1071 vero
2515 1019 2783 1086 passionis
2811 1027 2896 1072 est
2931 1020 3182 1087 inrapax,
3206 1018 3345 1073 Deus
3382 1027 3482 1072 est.
3512 1017 3665 1085 Quod

2085 1109 2128 1160 si
2186 1109 2251 1162 de
2297 1107 2405 1162 Deo
2435 1106 2597 1163 Patre
2664 1109 2900 1164 dicitur:
2940 1127 2958 1157 σ
3020 1108 3280 1164 Dominus
3316 1109 3431 1180 (55)
3477 1121 3669 1178 potens

2084 1200 2138 1253 in
2175 1199 2312 1253 bello
2348 1218 2361 1254 :
2398 1220 2416 1251 ι
2457 1211 2509 1254 et
2546 1220 2559 1256 ε
2601 1219 2619 1253 ι
2673 1200 2841 1256 Notus
2883 1201 2996 1270 (56)
3027 1201 3083 1257 in
3127 1200 3312 1257 Juda‘a
3356 1203 3515 1268 Deus,
3549 1220 3568 1254 ι
3616 1211 3669 1256 et

2088 1294 2190 1346 alia
2255 1295 2590 1364 ltujusmodi,
2641 1296 2881 1364 nunquid
2918 1297 3031 1351 haec
3084 1297 3156 1350 ita
3210 1296 3559 1366 aecipietnus,
3614 1305 3673 1349 ut

2092 1402 2215 1440 eum
2246 1387 2297 1439 in
2328 1388 2452 1441 aliis
2482 1387 2640 1442 rebus
2671 1397 2967 1457 potentem,
3006 1399 3059 1443 et
3087 1398 3453 1457 operatorcm,
3508 1395 3564 1443 et
3601 1386 3668 1441 il-

2095 1475 2321 1531 lustrem
2347 1477 2717 1548 inclytumqtte
2746 1493 2851 1532 non
2884 1493 3004 1533 esse
3030 1478 3396 1534 arbitremur?
3420 1476 3549 1531 illud
3582 1492 3674 1533 ve-

2096 1584 2155 1621 ro
2180 1568 2383 1636 pariter
2404 1579 2614 1636 reputa,
2670 1568 3082 1640 Scripturarutn
3135 1571 3318 1626 verbis
3369 1585 3492 1624 mox
3542 1569 3672 1623 alie-

2095 1659 2280 1713 rendis
2302 1659 2590 1713 artilicium
2618 1676 2800 1727 omne,
2831 1676 2941 1731 quo
2986 1664 3175 1717 haeresi
3208 1672 3400 1717 vestra-
3430 1661 3667 1731 aliquam

401 1752 515 1805 veri
545 1753 777 1819 speciem
805 1757 1149 1822 comparatis,
1211 1755 1423 1807 irritttm
1484 1753 1706 1806 omnino
1730 1751 1875 1805 reddi
1903 1748 2043 1822 (57),
2091 1764 2296 1819 nosque
2329 1752 2394 1804 de
2440 1751 2652 1818 divina,
2688 1767 2851 1821 quam
2881 1768 2943 1808 ex
2977 1755 3270 1824 semetipso
3310 1754 3473 1808 habet
3504 1752 3668 1823 212

405 1844 660 1911 Spiritus,
714 1845 1032 1899 auctoritate
1094 1861 1161 1900 ac
1210 1855 1477 1914 poti-state
1536 1843 1715 1898 Patris
1745 1843 1979 1912 Filiique
2053 1841 2306 1910 potestati
2365 1844 2740 1898 consentiente
2813 1854 2974 1914 atque
3044 1846 3345 1913 concordi,
3410 1846 3670 1899 certiores

405 1935 545 1991 ﬁeri.
626 1935 704 1989 Ita
761 1935 905 1989 enim
967 1935 1303 2005 loquuntur:
1345 1955 1364 1989 ι
1435 1936 1596 1992 Juxta
1637 1936 1804 2006 ipsius
1872 1936 2243 1999 voluntatem;
2283 1952 2301 1986 ι
2331 1942 2431 1988 et:
2478 1951 2498 1985 ι
2531 1934 2729 1989 Dividit
2770 1935 2884 2005 (58)
2917 1951 3159 1990 seorsum
3191 1935 3482 2007 unicuique
3512 1943 3674 2005 pr0ut

404 2029 566 2083 vult:
605 2047 625 2080 ι
667 2029 752 2083 his
782 2039 960 2082 autem
999 2032 1365 2084 testimonium
1411 2030 1573 2085 simul
1610 2030 1837 2084 reddere
1860 2044 1984 2083 cum
2026 2028 2192 2082 Deum
2258 2026 2475 2081 Patrem
2511 2027 2680 2098 signis
2738 2038 2793 2082 et
2824 2028 3082 2099 prodigiis
3128 2028 3281 2099 (59),
3328 2038 3441 2082 tum
3479 2027 3673 2082 Salva-

405 2127 580 2175 torem
628 2120 1009 2190 inquientem:
1052 2140 1071 2172 ι
1115 2123 1351 2192 Spiritus
1380 2121 1661 2186 Veritatis,
1708 2121 1800 2191 qui
1868 2135 1897 2175 a
1963 2119 2126 2174 Patre
2193 2119 2476 2189 procedit;
2523 2138 2541 2173 ι
2580 2127 2679 2174 et:
2715 2138 2734 2171 ι
2789 2117 3024 2191 Spiritus
3057 2120 3173 2191 (60)
3219 2129 3303 2175 est
3342 2120 3592 2185 veritas;
3640 2137 3660 2170 ι

407 2222 523 2266 ιιιιιι
571 2214 735 2267 etiam
782 2212 1024 2278 Petrum,
1058 2216 1147 2284 qui
1183 2215 1352 2270 Deum
1395 2229 1650 2283 expresse
1718 2213 1853 2268 dixit
1920 2212 2184 2283 Spiritum
2251 2221 2522 2276 sanctum,
2562 2213 2725 2281 idque
2766 2213 2986 2268 Anania:
3051 2213 3391 2267 attnuntiavit
3432 2213 3485 2265 in
3528 2211 3673 2264 hunc

408 2308 626 2359 modum
656 2323 671 2360 :
703 2323 720 2356 ι
766 2306 945 2371 Quare
995 2307 1109 2378 (6|)
1143 2308 1303 2364 simul
1343 2308 1701 2377 couspirastis
1742 2315 1801 2360 ut
1831 2305 2197 2362 mentiremiui
2242 2304 2468 2373 Spiritui
2535 2306 2763 2360 sancto?
2831 2305 2947 2361 Non
3012 2320 3072 2360 es
3116 2305 3376 2360 mentitus
3442 2301 3670 2366 homini,

408 2396 505 2449 sed
546 2395 672 2449 Deo.
719 2415 741 2449 ι
771 2398 948 2466 Atque
972 2399 1098 2452 illud
1126 2400 1292 2454 etiam
1322 2401 1481 2465 scito,
1513 2400 1658 2471 quod
1693 2416 1799 2455 non
1830 2399 1983 2465 latet,
2024 2397 2395 2451 fraudulenter
2426 2412 2455 2449 a
2490 2407 2542 2451 te
2567 2398 2827 2452 omissum
2866 2413 2986 2453 esse
3025 2398 3076 2452 in
3132 2398 3311 2465 inepto
3378 2404 3434 2451 et
3493 2395 3675 2464 perui-

408 2489 671 2544 ciosotuo
702 2492 962 2559 opusculo
1008 2493 1147 2561 (62),
1193 2493 1274 2548 vel
1307 2492 1485 2562 potius
1527 2494 1580 2547 iu
1614 2502 1708 2547 ttto
1730 2490 2213 2562 blasphematorio,
2240 2488 2292 2543 id
2321 2490 2465 2559 quod
2500 2491 2770 2545 antecedit
2829 2491 2883 2544 itt
2945 2491 3130 2545 divino
3194 2498 3366 2546 textu.
3410 2490 3502 2544 Sic
3528 2488 3672 2543 enim

409 2579 609 2637 habet:
642 2598 661 2633 ι
696 2581 844 2638 Unus
900 2595 954 2638 et
1008 2584 1150 2640 idettt
1196 2585 1468 2655 Spiritus:
1507 2603 1526 2638 ι
1585 2600 1650 2641 ac
1700 2584 1895 2640 deinde
1971 2583 2023 2637 id
2061 2580 2265 2645 subdit,
2330 2580 2473 2651 quod
2508 2590 2584 2645 ιιι,
2617 2581 2769 2636 hisce
2802 2581 3020 2636 omissis
3049 2583 3251 2648 verbis,
3292 2596 3547 2651 perverse
3577 2582 3674 2634 ad-

413 2671 655 2726 duxisti:
686 2690 707 2724 ι
740 2672 999 2728 Divideus
1025 2689 1269 2730 seorsum
1295 2675 1588 2744 unicuique
1654 2685 1816 2746 prout
1874 2658 2024 2729 vult:
2060 2692 2081 2726 ι
2128 2687 2351 2741 nempe,
2402 2671 2658 2743 largiens,
2689 2682 2744 2727 et
2795 2673 3144 2740 distribuens,
3196 2683 3249 2727 et
3297 2672 3542 2727 revelatis
3583 2687 3676 2741 per

408 2763 778 2833 semetipsum,
832 2780 896 2819 ac
943 2767 1160 2834 propria
1206 2776 1477 2837 potestate
1528 2765 1773 2821 caleatia
1828 2766 1991 2820 bona.
2026 2761 2143 2819 Non
2203 2774 2288 2819 est
2346 2776 2527 2818 autem
2553 2763 2670 2834 ejus
2707 2763 2796 2832 qui
2839 2773 2987 2816 recte
3014 2764 3236 2827 Sentiat,
3269 2772 3324 2816 θι
3354 2766 3563 2830 ανθιιθι,
3592 2765 3676 2818 (Ιί-

410 2854 533 2906 vina
567 2855 785 2910 oracula
831 2872 936 2911 non
978 2857 1139 2913 modo
1204 2872 1489 2929 perperam
1558 2856 1929 2927 interpretari,
1969 2856 2063 2910 sed
2102 2857 2321 2925 insuper
2342 2857 2506 2910 etiam
2545 2855 2815 2910 mulilare.
2858 2855 3009 2921 Quod
3034 2856 3177 2911 enim
3210 2856 3460 2921 habeant,
3486 2873 3506 2907 ι
3536 2871 3675 2912 unus

408 2956 464 3005 et
493 2948 631 3003 idem
659 2948 915 3019 Spiritus,
951 2967 973 3001 ι
1016 2948 1066 3004 id
1098 2950 1274 3019 primo
1308 2961 1358 3005 te
1397 2961 1545 3007 vetat
1584 2950 1696 3022 (63)
1727 2964 1984 3019 separare
2022 2948 2167 3001 illuni
2216 2948 2284 3001 ah
2312 2962 2373 3000 ea
2406 2949 2709 3011 identitate,
2778 2964 2883 3016 qua
2955 2948 3096 3000 idem
3149 2963 3271 3002 cum
3315 2963 3383 3002 eo
3432 2957 3534 3012 est,
3576 2950 3673 3019 qui

415 3054 553 3093 unus
596 3048 653 3093 et
719 3055 1005 3108 supremus
1054 3043 1299 3108 exsistit,
1355 3059 1418 3096 ac
1469 3043 1650 3096 omnia
1708 3043 2023 3110 gubernat:
2067 3056 2190 3095 nam
2251 3043 2336 3096 hic
2383 3056 2594 3095 summe
2646 3041 2950 3101 invisibilis,
3019 3048 3075 3093 et
3122 3055 3332 3095 suunne
3370 3040 3669 3110 incompre-

412 3129 690 3185 hensibilis
720 3129 861 3185 Deus
891 3145 957 3184 ne
985 3131 1265 3186 minimum
1306 3133 1523 3201 quidem
1562 3133 1764 3186 deitate
1802 3130 1984 3185 dill‘ert
2021 3147 2050 3185 a
2093 3132 2321 3201 Spiritu,
2394 3135 2486 3187 sed
2553 3131 2666 3185 sola
2717 3132 3065 3185 Paternitatis
3115 3132 3365 3187 ratione:
3407 3135 3531 3203 quia
3585 3136 3674 3190 hic

410 3221 673 3294 processit
727 3231 916 3276 natura
971 3222 1084 3295 (64)
1139 3237 1208 3278 ex
1279 3224 1392 3287 illo,
1447 3238 1551 3277 non
1616 3237 1748 3277 vero
1795 3237 1892 3291 per
1950 3221 2267 3279 Conditoris
2333 3223 2723 3293 operationem.
2772 3221 2928 3278 Vetat
2970 3225 3208 3278 secundo
3251 3233 3302 3278 te
3344 3225 3569 3281 dicere:
3618 3228 3673 3285 Si

416 3333 442 3369 ι
471 3313 703 3384 Spiritus
738 3316 854 3382 Dei,
893 3336 912 3370 ι
955 3327 1028 3380 et,
1062 3335 1081 3369 ι
1122 3316 1366 3385 Spiritus
1401 3316 1601 3372 Christi
1637 3335 1655 3367 ι
1684 3319 1997 3372 nominatus
2033 3320 2193 3373 estin
2228 3319 2545 3388 Scripturis,
2572 3320 2678 3371 duo
2710 3318 3078 3388 intelligentur
3145 3318 3400 3389 Spiritus.
3463 3321 3673 3377 Dictum

411 3418 497 3464 est
525 3418 706 3463 autem
758 3424 862 3462 non
913 3412 1080 3463 multo
1130 3420 1280 3473 ante,
1329 3424 1490 3479 quam
1527 3410 1598 3463 ob
1646 3423 1865 3463 causam
1912 3410 1992 3464 sic
2030 3411 2290 3480 scriptum
2320 3413 2409 3464 sit.
2462 3408 2568 3464 Sed
2604 3426 2668 3465 ne
2699 3410 2826 3463 illttd
2850 3411 3066 3479 quidem
3110 3412 3343 3480 ignores,
3408 3413 3551 3481 quod
3599 3414 3650 3468 al

412 3502 521 3557 lata
549 3502 845 3571 Scriptura:
862 3507 1082 3559 oracula
1107 3520 1209 3557 non
1230 3503 1392 3557 aliam
1410 3517 1533 3557 esse
1554 3503 2195 3572 signilicantpersouam,
2227 3519 2347 3574 quae
2405 3505 2589 3569 donat,
2625 3504 2788 3556 aliant
2851 3519 2978 3556 vero
3017 3519 3138 3572 qua:
3200 3504 3500 3569 distribuit,
3539 3505 3672 3560 sicut

412 3594 676 3664 contingit
747 3595 801 3648 itt
857 3596 1213 3662 hominibus,
1281 3596 1373 3664 qui
1426 3597 1607 3649 omnia
1678 3612 1777 3651 nec
1839 3598 1984 3651 scire
2023 3598 2188 3668 213
2219 3609 2482 3667 possunt,
2521 3613 2619 3653 nec
2686 3599 2807 3652 sine
2876 3597 3062 3652 labore
3091 3599 3333 3663 faciunt,
3368 3609 3532 3670 atque
3564 3598 3670 3654 hac

416 3689 487 3743 de
518 3703 681 3742 causa
713 3689 805 3742 alii
838 3690 1055 3755 quidem
1097 3706 1200 3742 non
1232 3690 1352 3743 siue
1403 3670 1612 3743 deiecit:
1663 3690 1991 3757 largiuntur,
2035 3691 2123 3743 alli
2159 3706 2286 3743 vero
2332 3708 2438 3744 non
2469 3692 2586 3744 sine
2614 3698 2872 3745 accurato
2902 3692 3153 3746 examine
3224 3707 3289 3745 ac
3353 3692 3674 3761 probatione

416 3780 784 3838 distribuunt:
838 3796 905 3836 tte
957 3781 1101 3837 forte
1129 3793 1223 3837 aut
1268 3784 1360 3853 qui
1419 3782 1745 3851 largiuntur,
1798 3782 1970 3851 reipsa
2011 3797 2169 3840 ooetn
2202 3799 2305 3838 non
2333 3783 2503 3839 ferant
2531 3783 2681 3854 (65),
2709 3795 2803 3838 ant
2864 3785 3095 3837 ministri
3134 3784 3232 3852 ipsi
3302 3785 3515 3839 lucrum
3571 3800 3674 3841 non

491 3974 608 4116 (55)
652 3977 922 4033 Dominus.
949 3978 1091 4035 Psal.
1124 3995 1286 4043 XXIII,
1323 3997 1466 4035 vers.
1499 3981 1551 4036 8.

517 4049 605 4116 56)
642 4047 833 4102 Notus.
867 4050 952 4105 Ps.
984 4066 1146 4112 Lxxv,
1177 4066 1319 4106 vers.
1351 4052 1370 4104 l
1412 4056 1530 4116 (seu

517 4049 605 4123 56)
642 4047 833 4123 Notus.
867 4050 952 4105 Ps.
984 4066 1155 4123 Lxxv,
1177 4052 1370 4123 νει-εδ
1412 4056 1530 4123 (seu
1560 4050 1639 4121 2).

494 4119 603 4189 (57)
625 4116 862 4202 .lrritum
894 4161 908 4173 .
946 4160 963 4176 .
1008 4122 1181 4202 reddi.
1212 4119 1266 4202 In
1294 4116 1503 4202 Graeco,
1529 4116 1995 4202 ἁτέαμφιὲννιέσιν.

2034 3999 2076 4054 Β
2103 3985 2216 4039 hec
2243 3983 2307 4038 de
2339 3984 2517 4036 divina
2548 3984 2898 4053 generatione
2927 3983 3118 4036 scribit
3150 4000 3206 4035 τι
3249 3983 3560 4039 Geueratio.
3605 4024 3620 4040 .
3660 4025 3674 4039 .

2105 4072 2210 4108 non
2243 4056 2309 4107 :td
2347 4055 2732 4108 sublimitatem
2767 4053 3042 4119 putettlite,
3073 4054 3166 4107 sed
3204 4056 3269 4106 ad
3296 4057 3678 4122 proprietatem

2105 4125 2337 4178 refertur
2384 4137 2609 4177 naturae.
2662 4142 2679 4173 ι
2717 4123 3037 4192 Quanquam
3105 4140 3296 4177 nomen
3335 4124 3496 4192 φύσις
3539 4128 3681 4191 apud

426 4187 728 4263 μευ-«ιιι...
768 4199 944 4263 tamen
998 4193 1323 4263 crediderint
1375 4187 1836 4263 ἁπαμφιεννῦσιν.
1869 4193 2001 4247 Ver-

428 4259 553 4312 bum
582 4259 877 4330 porrorhoc
909 4278 928 4311 ι
963 4261 1219 4323 tmtlattdi,
1265 4282 1284 4312 ι
1322 4274 1414 4316 attt
1446 4280 1463 4313 ι
1501 4259 1732 4316 canendi
1774 4284 1791 4315 ι
1836 4266 2000 4330 signi-

431 4330 730 4403 beationetn
758 4329 920 4403 habet
940 4332 992 4385 itt
1007 4330 1245 4386 Lexicis.
1269 4333 1322 4386 In
1341 4332 1555 4403 Cyrillia
1569 4350 1636 4385 no
1655 4332 1851 4386 Lexieo
1868 4329 2001 4388 alias

429 4417 458 4452 ιι
500 4412 599 4474 ιιιιξΔ
628 4400 793 4452 citato
832 4402 935 4474 sic
963 4404 1252 4474 exponitur
1293 4421 1308 4454 :
1356 4400 1844 4474 α’παμφιάσαντες,
1868 4405 2002 4457 ἁπο-

420 4466 835 4594 ἰυμνώσαντεςο
892 4466 1163 4539 similique
1214 4474 1420 4527 ratione
1465 4466 2001 4529 i'tt'Patt-ieii’Lexico

471 4541 615 4591 atiue
646 4539 898 4594 vertitur.
936 4541 1125 4594 Itaque.
1171 4543 1311 4594 sicut
1366 4544 1663 4594 Sophocles
1718 4545 1872 4594 dixit.
1908 4546 2001 4594 ἐπ-

471 4541 615 4591 atiue
646 4539 900 4613 vertitur.
936 4541 1125 4611 Itaque
1171 4543 1311 4597 sicut
1366 4544 1663 4613 Sophocles
1718 4545 1872 4606 dixit,
1908 4546 2004 4599 ἐπ-

419 4610 812 4696 ῃμφιεσμένρς,
844 4612 916 4666 ita
944 4627 975 4696 ς
1002 4610 1285 4696 centrariq
1315 4610 1569 4696 Didymus
1597 4629 1699 4667 non
1728 4614 2002 4696 inelegan-

424 4681 507 4734 ter
538 4681 1176 4754 dixit,_§tttap<ptéwuatv,
1204 4683 1287 4738 vel
1312 4681 1513 4752 potius,
1534 4681 2000 4754 ἀπαμφιεννῐῖσιν,

429 4766 590 4805 sensu
621 4751 1137 4806 scilicet'trattslato.
1172 4806 1179 4817 κ

495 4821 606 4892 (58)
646 4820 864 4877 Dividit.
902 4824 1010 4878 Cur
1050 4823 1138 4877 hic
1174 4839 1278 4877 non
1328 4823 1502 4891 legit:
1559 4843 1578 4875 ι
1637 4825 1925 4881 Dividens?
1977 4845 1995 4877 ι

423 4891 504 4945 Att
524 4891 677 4961 deest
702 4893 904 4960 aliquid
928 4904 1048 4961 post
1070 4908 1255 4946 VOCr'Ill
1284 4893 1501 4958 λέξειςῖ

652 4959 1048 5033 ξ’νυάῖρὲιεξᾲ-Εκ
1075 4978 1161 5033 rp.
1188 4966 1253 5017 ad
1279 4965 1444 5018 llebr.
1475 4981 1535 5029 It,
1562 4965 1616 5019 4.

492 5030 604 5102 (60)
644 5030 897 5101 Spiritus.
934 5031 1065 5087 Vide
1098 5030 1215 5088 tiot.
1253 5038 1320 5089 ad
1347 5050 1517 5102 segni.
1562 5037 1631 5089 60
1657 5038 1704 5091 b.

495 5101 608 5176 (_6l)
650 5103 855 5176 Quare.
888 5104 1040 5176 Citat‘
1067 5118 1284 5159 sensum
1325 5122 1339 5158 :
1392 5101 1583 5176 nempe
1615 5122 1681 5160 ex
1720 5106 2001 5162 versiculis

423 5169 479 5233 9,
506 5169 544 5226 3
565 5169 620 5242 et
648 5174 698 5235 4,
738 5174 933 5242 capitis
958 5188 997 5242 vi
1016 5172 1298 5228 Actorum.

494 5241 609 5311 (62)
653 5241 935 5318 Opust-uio,
968 5241 1188 5309 Graece,
1225 5245 1580 5318 πονηματίῳ·
1617 5261 1739 5316 qua:
1775 5262 1873 5300 vos
1907 5262 2000 5300 e0-

424 5311 775 5437 geqt‘ss’einsu
833 5313 1029 5385 legitur
1094 5318 1233 5382 apud
1303 5311 1684 5382 A't'hanasiutt't,
1735 5329 1868 5369 tom.
1934 5319 2000 5380 ll,

463 5400 489 5433 a
534 5419 548 5434 ο
650 5419 702 5436 ιο

425 5397 548 5452 pas:
577 5397 702 5452 wa-

462 5450 609 5575 λ((ῗῗι)
650 5451 721 5507 Te
766 5462 925 5509 vetat.
953 5452 1102 5533 COtI.‘
1133 5454 1412 5510 ἀποκλείει
1439 5473 1541 5511 σοι.
1588 5456 1766 5511 Malim

494 5539 520 5575 ε
546 5538 594 5573 ει
626 5540 707 5575 σε.

425 5538 594 5577 κλειει
626 5540 707 5577 σε.

458 5662 469 5667 _
501 5590 912 5667 (64)_Proeessit
945 5604 1159 5648 natura.
1192 5596 1245 5650 Id
1286 5598 1555 5667 quomodo
1587 5596 1996 5666 intelligendum

424 5662 521 5735 sit,
555 5662 729 5716 nullus
769 5664 981 5735 ignorat
1019 5662 1321 5735 theologus:
1371 5666 1542 5719 Simili
1581 5669 1740 5720 tttodo
1766 5662 2001 5721 Ambro-

426 5733 544 5786 sius
571 5734 660 5787 lib.
696 5749 747 5787 tv
786 5737 859 5784 De
895 5733 1022 5801 ﬁde,
1050 5749 1171 5801 cap.
1206 5733 1259 5797 8,
1299 5736 1536 5789 divinam
1570 5748 1819 5789 naturam
1853 5737 1996 5790 rela-

427 5801 538 5857 tive
569 5816 856 5873 spectans,
893 5814 1163 5872 quatenus
1203 5806 1416 5861 scilicet
1446 5806 1498 5859 in
1545 5804 1706 5861 Patre
1755 5806 1990 5875 exsistit,

2102 4194 2321 4248 Crtecos
2358 4194 2546 4248 Patres
2576 4212 2678 4246 ttott
2719 4213 2737 4244 ι
2777 4205 3024 4247 naturain
3060 4212 3079 4244 ι
3116 4194 3409 4259 aliquando
3438 4197 3677 4260 denotat,

2102 4266 2195 4319 sed
2258 4283 2277 4313 ι
2334 4281 2619 4331 personam
2679 4282 2693 4317 :
2755 4283 2774 4315 ι
2820 4275 2876 4315 ιιι
2923 4279 3043 4316 cum
3090 4265 3149 4318 S.
3188 4265 3583 4318 Alexandrinus
3629 4267 3680 4318 itt

2105 4334 2347 4405 lt'pislolu
2376 4336 2444 4387 nd
2479 4336 2842 4405 Alexandrum
2877 4331 3514 4405 Constantinopolitnuum
3537 4374 3552 4398 ,
3582 4334 3684 4388 Pa-

2105 4403 2243 4458 trem
2275 4422 2336 4459 ac
2367 4406 2558 4459 Filium
2584 4413 2757 4470 vocat,
2790 4403 2890 4467 τὰς
2919 4404 2995 4473 τῇ,
3023 4405 3317 4458 ὑποστάσει
3347 4403 3440 4457 δύο
3470 4405 3681 4471 φύσεις,

2112 4473 2457 4544 Unigettituttt
2489 4490 2616 4526 vero
2651 4475 2884 4543 appellat
2931 4472 3092 4544 φύσιν
3133 4474 3415 4544 μονογενῆ.
3454 4474 3676 4528 Detttuut

2103 4542 2245 4614 apud
2271 4543 2462 4600 Patres
2493 4542 2784 4614 aliquando
2798 4558 2912 4614 “vox
2939 4542 3204 4612 φύσει,⁷ἰ‹1
3237 4553 3319 4598 est
3353 4542 3618 4609 (natura,
3656 4564 3675 4595 ι

2106 4612 2246 4669 idem
2274 4616 2419 4668 valet
2452 4612 2613 4683 atque
2644 4612 2861 4684 ἀληθῶς
2883 4653 2926 4684 ,_
2958 4616 3008 4667 id
3042 4624 3125 4668 est
3179 4632 3198 4665 ι
3233 4628 3390 4684 vere,
3442 4634 3460 4666 ι
3502 4625 3560 4668 ιιι
3592 4616 3682 4669 Di-

2105 4686 2300 4757 dymus
2336 4682 2785 4757 noster’expiicat
2816 4684 2866 4736 itt
2915 4682 3051 4757 libro
3073 4688 3194 4737 adv.
3224 4682 3573 4757 Mattio/tates.

2176 4755 2290 4826 (65)
2337 4757 2455 4808 Non
2496 4752 2691 4822 (erant.
2734 4752 2936 4807 Locum
2973 4756 3122 4826 hunc
3161 4769 3268 4826 non
3312 4756 3445 4826 satis
3473 4755 3679 4809 clarum

2106 4825 2179 4879 ila
2220 4823 2432 4879 tandem
2465 4826 2784 4878 vet-tendunt
2821 4823 3025 4893 Statui;
3068 4826 3161 4879 sed
3194 4824 3299 4878 erit
3322 4823 3552 4878 fortasse
3587 4827 3683 4893 qui

2104 4897 2411 4974 ambiguas
2457 4909 2617 4974 vores
2683 4891 3128 4974 διακονούμενοι,
3175 4905 3229 4947 et
3278 4891 3682 4974 ὲτταρκέσωσὶν,

2105 4965 2266 5019 aliter
2300 4964 2645 5034 accipiendas
2692 4974 2864 5034 putet.
2923 4963 3037 5019 Hoc
3082 4980 3247 5034 porro
3305 4963 3406 5018 sibi
3444 4966 3575 5029 vult,
3629 4969 3682 5018 ιιι

2104 5035 2284 5098 fallor,
2320 5036 2578 5104 Didymus
2610 5035 2701 5088 :in
2736 5033 2848 5087 Deo
2872 5033 3107 5105 quidem
3157 5050 3282 5088 eum
3321 5035 3412 5103 qui
3453 5037 3686 5105 largitur

2106 5108 2270 5158 alium
2302 5102 2564 5159 non'esse
2592 5105 2660 5158 ab
2689 5119 2754 5158 eo
2790 5104 2881 5173 qui
2915 5102 3229 5168 distribuit,
3280 5102 3684 5160 itt’houtitiibus

2110 5191 2236 5229 vero
2293 5189 2388 5229 eos
2442 5175 2534 5243 qui
2613 5173 2940 5241 largiuntur,
2997 5174 3133 5229 alios
3180 5189 3305 5229 esse
3348 5177 3417 5229 ab
3473 5178 3539 5230 iis
3592 5176 3685 5243 qui

2107 5246 2461 5316 disuibuuut,
2515 5258 2759 5312 quosque
2812 5260 2933 5297 mox
2985 5256 3144 5298 vocat
3187 5244 3679 5316 διακονουμένους’

2109 5331 2172 5368 ac
2203 5316 2237 5368 ii
2262 5314 2482 5383 quidem
2508 5318 2609 5384 qui
2636 5316 2991 5379 distribuunt,
3017 5316 3068 5368 id
3097 5314 3677 5384 potissitnuut'cnrant,

2031 5359 2074 5418 ο
2109 5359 2172 5439 iii
2198 5359 2484 5438 ιὶιέι-ἶὶιῖἶὲἱ
2511 5359 2614 5453 ἦῖέι
2639 5359 3549 5455 ".itai:.;1‘isseipi.;:.?';;;;i"is;
3564 5359 3674 5437 Ῑέζὲἷ

1811 5475 1825 5512 :
1870 5457 2008 5511 ἀπο-
2112 5456 2349 5526 giutttur,
2403 5454 2536 5526 illud
2579 5462 2856 5523 spectant,
2913 5464 2970 5508 ιιι
3012 5456 3077 5510 iis
3114 5454 3433 5526 largiantur,
3483 5454 3684 5522 quibus

2115 5524 2290 5593 reipsa
2319 5540 2475 5594 opem
2525 5524 2814 5594 largitione
2851 5526 3009 5578 laturi
3052 5526 3180 5583 sint.
3223 5524 3335 5578 lloc
3380 5539 3579 5594 sensu,
3608 5533 3684 5594 Aut

2106 5591 2545 5663 equidetn'puto,
2588 5591 2808 5661 scripsit
2858 5595 3042 5648 Pollux
3074 5595 3166 5649 lib.
3210 5608 3291 5663 tu,
3322 5608 3493 5662 segni.
3529 5591 3633 5646 118
3664 5611 3679 5648 :

2107 5660 2445 5737 πολύδωρος,
2516 5666 2630 5728 τοῖς
2686 5660 2962 5737 δεομένοις
3020 5660 3316 5736 ἐπαρκῶν
3377 5660 3478 5717 etsi
3536 5662 3682 5719 enim

2109 5736 2376 5803 interpres
2398 5746 2590 5798 vertat,
2633 5752 2650 5785 t
2678 5736 2843 5787 multa
2882 5737 3092 5789 dottatts
3133 5747 3392 5796 munera,
3433 5746 3684 5787 necessa—

2107 5806 2205 5861 riis
2256 5815 2567 5869 contentus,
2612 5825 2630 5857 ι
2683 5814 2893 5870 tanien,
2964 5821 3061 5875 pro
3129 5803 3496 5875 «necessariis
3547 5817 3655 5861 con
