4054 6408
477 376 575 434 611

1742 369 1897 424 DlDY
1909 371 1978 425 Ml
2018 369 2486 424 ALEXANDRINI

3623 376 3722 432 612

486 497 806 566 percipiant.
839 494 1013 551 Porro
1041 491 1388 564 inculpabilis
1420 489 1572 562 (66),
1600 499 1655 545 et
1689 489 2010 560 impatibilis
2031 529 2048 553 ,
2091 501 2146 544 et
2175 506 2456 560 nunquam
2481 491 2702 546 otiosus
2724 492 2836 563 (6'7)
2859 532 2876 559 ,
2902 501 2958 548 et
3018 492 3271 548 omnibus
3334 493 3603 551 sufﬁciens
3623 534 3638 561 ,
3671 506 3727 550 et

482 588 726 642 liberalis
759 589 935 651 Deus,
964 587 1092 655 qui,
1123 587 1249 640 dum
1278 584 1531 654 largitur,
1563 598 1670 636 non
1702 583 1755 635 id
1793 581 2055 651 respicit,
2096 583 2240 651 quod
2272 599 2371 639 nos
2404 599 2681 639 meremur
2745 586 2994 653 accipere
3029 585 3196 654 (nam
3267 599 3334 639 ne
3365 601 3427 640 ex
3460 589 3716 656 operibus
3805 607 3808 610 '

473 679 694 749 quidem
728 692 1000 732 meremur
1031 675 1198 728 ullum
1231 672 1431 726 bonum
1454 671 1495 739 ),
1536 672 1628 725 sed
1694 670 1827 726 illud
1892 681 2140 741 spectat,
2177 675 2319 742 quod
2348 673 2449 745 ipsi
2482 673 2736 730 convenit
2763 675 2932 742 dare;
2970 677 3061 746 qui
3097 677 3278 731 omnia
3309 679 3492 742 novit,
3524 688 3579 732 et
3610 693 3726 733 om-

475 771 565 824 nia
597 776 808 838 potest,
844 767 989 822 sicut
1015 784 1044 820 a
1072 765 1277 821 Graecis
1308 778 1520 832 quoque
1546 764 1752 820 dictum
1789 773 1874 818 est
1903 785 1916 819 :

551 863 656 917 Nec
677 862 815 914 enim
835 859 951 928 quis
969 859 1131 912 aliam
1149 866 1455 928 mentoniea
1471 858 1725 928 potiorem
1747 857 1996 925 cogitabit
2029 898 2044 925 ,

2157 859 2240 912 Οὐ
2271 855 2383 928 γάρ
2416 873 2506 922 τις
2533 856 2680 910 νόον
2710 855 2907 910 ἄλλον
2954 855 3241 928 ἀμείνονα
3288 853 3462 928 τοῦδε
3499 855 3727 928 νοήσει,

1364 925 1612 998 [Qualem
1643 942 1736 994 ego
1764 929 1933 997 cogito
1961 943 1980 980 :

475 1021 591 1074 solo
638 1027 807 1083 nutu,
861 1031 966 1071 non
1016 1030 1145 1070 vero
1195 1031 1450 1070 manuum
1495 1017 1842 1085 operatione,
1892 1016 2055 1089 215

479 1109 566 1164 vel
599 1109 849 1162 molestia
881 1121 946 1160 ac
979 1105 1165 1160 dolore
1201 1105 1431 1174 singulis
1462 1104 1602 1159 bona
1638 1115 1695 1159 et
1726 1105 1876 1176 larga
1905 1106 2047 1160 dona

476 1199 782 1256 liberaliter
829 1197 1156 1268 c0pioseque
1191 1211 1409 1266 semper
1441 1195 1686 1266 prabet:
1721 1211 1898 1266 neque
1925 1213 2054 1252 vero

472 1305 620 1345 nunc
647 1287 759 1360 (68)
796 1303 857 1342 ea
883 1288 1131 1355 confert,
1160 1303 1301 1342 nunc
1330 1287 1556 1342 minime
1581 1287 1795 1343 confert
1820 1307 1836 1356 ;
1874 1304 2053 1358 neque

479 1381 641 1436 modo
670 1380 889 1451 quidem
927 1381 1098 1449 magis
1119 1418 1136 1444 ,
1171 1379 1307 1434 alias
1340 1393 1471 1435 vero
1503 1381 1715 1446 minus,
1753 1381 1846 1435 sed
1878 1381 2052 1436 conti-

474 1488 584 1528 nue
609 1512 625 1537 ,
663 1473 852 1528 eodem
903 1474 1061 1526 modo
1115 1479 1170 1525 et
1204 1471 1476 1536 similiter,
1514 1487 1729 1527 summa
1757 1488 1878 1527 cum
1919 1489 2053 1536 con-

475 1565 730 1618 sensione
760 1563 889 1633 (qui
924 1563 1068 1618 enim
1106 1563 1222 1617 ﬁeri
1258 1572 1434 1632 potest
1468 1574 1527 1618 ut
1559 1577 1646 1618 res
1676 1565 1835 1619 aliter
1864 1579 1924 1619 se
1956 1565 2054 1618 ha-

474 1655 676 1724 beat?)
725 1663 834 1708 tum
881 1655 1085 1724 proprii
1116 1654 1237 1708 Filii
1273 1653 1471 1721 Verbi,
1517 1663 1632 1710 tum
1668 1655 1830 1710 unius
1878 1657 2052 1710 sancti

468 1747 595 1818 ejus
655 1745 912 1816 Spiritus.
968 1745 1140 1800 Nemo
1187 1747 1332 1801 enim
1365 1762 1432 1802 ex
1490 1748 1588 1814 iis,
1638 1747 1730 1816 qui
1766 1755 1934 1812 sunt,
1985 1748 2053 1802 ab

487 1830 606 1908 ipso
649 1836 910 1904 rejicitur,
957 1837 1394 1906 quandoquidem
1441 1837 1574 1891 oriri
1626 1836 1757 1892 facit
1808 1837 1924 1909 (69)
1959 1851 2051 1892 so-

473 1931 580 1985 lem
614 1944 777 1999 super
800 1929 978 1999 justos
1024 1944 1208 1999 aeque,
1258 1943 1323 1983 ac
1381 1944 1544 1998 super
1597 1940 1950 1998 peccatores,
1997 1937 2054 1984 et

473 2021 579 2088 iis,
611 2022 703 2092 qui
752 2021 1044 2076 undecima
1079 2023 1211 2076 hora
1247 2021 1462 2090 operari
1512 2031 1832 2090 coeperunt,
1899 2036 2052 2077 eam-

472 2112 599 2168 dem
632 2113 936 2166 mercedem
993 2110 1206 2166 confert
1259 2125 1422 2181 quam
1461 2111 1558 2175 iis,
1592 2111 1684 2180 qui
1732 2111 1800 2166 ab
1849 2126 2050 2166 aurora

2975 921 3007 991 ί
3131 921 3295 995 [Οἶον
3328 924 3443 994 ἐγὼ
3476 925 3622 979 νοέω
3642 943 3655 956 ³

2153 1017 2427 1072 ἐπινεύσει
2461 1017 2618 1090 μόνῃ,
2655 1015 2751 1070 καὶ
2795 1017 2855 1070 οὐ
2900 1014 3239 1086 χειρουργίᾳ,
3288 1015 3322 1085 ἢ
3371 1015 3726 1086 κακοπαθείᾳ,

2153 1113 2404 1174 ἑκάστοις
2453 1110 2550 1173 τὰς
2599 1108 2808 1173 ἀγαθάς
2847 1109 2944 1161 καὶ
2979 1107 3244 1176 ἀφθόνους
3289 1107 3466 1170 δόσεις
3501 1107 3730 1176 δαψιλῶς

2151 1207 2240 1259 ἀεὶ
2269 1209 2528 1276 χορηγεῖ⁶
2566 1203 2660 1258 ita).
2700 1204 2762 1256 οὐ
2809 1201 2903 1255 νῦν
2947 1202 3066 1272 μὲν,
3109 1200 3203 1253 νῦν
3244 1200 3289 1253 δ’
3321 1199 3382 1252 οὔ
3405 1217 3418 1229 ·
3454 1201 3573 1253 οὐδὲ
3605 1201 3732 1254 ποτε

2155 1294 2256 1366 μὲν
2300 1295 2518 1364 μᾶλλον,
2563 1294 2750 1348 ἄλλοτε
2799 1292 2855 1345 δὲ
2901 1288 3094 1363 ἧττον·
3130 1289 3266 1344 ἀλλά
3301 1290 3564 1361 διηνεκῶς
3596 1290 3731 1344 κατά

2151 1385 2325 1441 ταυτά
2357 1385 2451 1438 καὶ
2489 1383 2564 1446 ὡς
2606 1382 2781 1445 αὔτως
2813 1381 2870 1433 ὲν
2911 1381 3098 1454 ἁπάσῃ
3146 1380 3418 1450 συμπνοὶᾳ
3459 1380 3598 1449 (πῶς
3627 1380 3731 1450 γὰρ

2152 1478 2214 1532 οὗ
2236 1480 2276 1544 ;)
2306 1477 2399 1530 τοῦ
2425 1492 2484 1528 τε
2513 1474 2642 1528 ἰδίου
2678 1472 2807 1526 Υίοῦ
2844 1472 3016 1540 Λόγου
3053 1471 3147 1524 καὶ
3175 1469 3269 1522 τοῦ
3309 1470 3427 1533 ἑνὸς
3449 1469 3606 1537 ἁγίου
3640 1469 3730 1520 αὐ-

2151 1569 2246 1623 τοῦ
2288 1566 2624 1637 Πνεύματος.
2673 1564 2807 1618 Οὐδὲ
2835 1564 2944 1634 γὰρ
3000 1562 3110 1614 τῶν
3155 1560 3324 1614 ὄντων
3370 1560 3543 1623 οὐδεὶς
3591 1557 3732 1628 αὺτῷ

2152 1651 2459 1731 ἀπόϐλητος
2488 1658 2637 1710 ἐστιν
2655 1673 2669 1686 ⁸
2705 1657 2837 1710 ὅπου
2862 1672 2926 1724 γε
2949 1653 3230 1708 ἀνατέλλει
3263 1652 3354 1724 [98
3383 1651 3436 1723 α]
3455 1651 3546 1704 τὸν
3587 1651 3731 1721 ἥλιον

2153 1751 2247 1804 ἐπὶ
2283 1748 2524 1811 δικαίους
2571 1747 2665 1801 καὶ
2713 1743 3072 1817 ἁμαρτωλοὺς
3114 1743 3334 1814 ὁμοίως,
3381 1743 3476 1795 καὶ
3508 1743 3618 1803 τοῖς
3658 1739 3732 1800 είς

2152 1841 2251 1911 τὴν
2281 1838 2574 1908 ἑνδεκάτην
2603 1837 2751 1908 ὥραν
2775 1834 3194 1908 ἐργασαμένοις,
3216 1835 3307 1887 τὸν
3332 1832 3496 1886 αὑτὸν
3523 1828 3728 1901 μισθὸν.

2151 1931 2209 1984 ὃν
2248 1933 2358 1994 τοῖς
2402 1930 2510 1982 ἀπὸ
2556 1929 2754 2001 ὄρθρου
2803 1928 3104 1982 σκάπτουσι
3156 1927 3249 1980 καὶ
3295 1920 3733 1996 ἀμπελουργοῦσι

2153 2019 2520 2091 συνεφώνησε,
2572 2021 2828 2090 χορηγεῖ·
2894 2017 3015 2070 οὐδὲ
3069 2015 3327 2084 ἐπίφοϐος
3364 2013 3514 2084 αὑτῴ
3569 2015 3731 2074 ἐστιν,

2153 2114 2238 2166 ἵνα
2265 2112 2354 2166 διά
2386 2112 2486 2182 τῆς
2524 2111 2750 2175 ἐνδείας,
2784 2109 2818 2178 ἦ
2849 2109 2942 2163 τοῦ
2979 2110 3054 2181 μὴ
3076 2107 3343 2170 πλουσίως
3373 2108 3557 2160 δοῦναι
3586 2104 3734 2158 πολε-

472 2200 768 2268 foderunt,
805 2211 861 2256 et
889 2201 1104 2258 vineam
1145 2202 1366 2257 coluere
1388 2243 1404 2268 ,
1438 2217 1504 2259 ex
1538 2203 1898 2258 conventione
1929 2203 2044 2257 dat.

2155 2205 2319 2276 μήσει
2337 2202 2486 2274 αὐτῷ
2505 2220 2518 2233 ο
2542 2202 2662 2256 οὐδὲ
2683 2201 2840 2264 ἄλλος
2863 2217 2947 2264 τις
2969 2199 3110 2254 κατά
3131 2199 3450 2253 δεσποτείαν
3470 2196 3733 2268 διαφέρων

473 2293 662 2365 Neque
704 2294 848 2351 ullus
891 2295 941 2350 ei
985 2295 1307 2350 metuendus
1341 2304 1460 2362 est,
1493 2298 1650 2368 quasi
1687 2297 1772 2352 vel
1815 2299 1884 2354 ob
1926 2297 2042 2367 ejus

2149 2295 2482 2370 εὑρίσκεται,
2520 2293 2610 2349 ἶνα
2658 2293 2908 2366 βασκάνῃ
2948 2292 3124 2364 τούτῳ
3171 2291 3232 2344 τὸ
3275 2290 3602 2362 ἐξισωθῆναι
3629 2291 3732 2352 τοῖς

469 2481 725 2550 ιειιιυεη»
766 2474 1198 2550 transferendum
1240 2475 1589 2550 crediderim,
1636 2475 2047 2550 «indigentibus
2142 2475 2446 2550 εὐκίνητος,
2473 2474 2525 2550 id_
2563 2481 2646 2529 est
2689 2474 2871 2550 «bene
2904 2474 3155 2550 mobilis;
3188 2492 3206 2524 ι
3254 2483 3542 2550 propterea
3588 2467 3729 2550 scili-

471 2541 903 2617 opemfereus;
934 2544 1044 2600 ide
1090 2561 1155 2602 eo
1202 2545 1350 2601 enim
1399 2547 1635 2617 loquitur
1681 2541 1906 2612 Pollux,
1955 2546 2045 2616 qui
2141 2557 2230 2602 cet
2281 2541 2424 2615 quod
2481 2544 2990 2617 ejusprovidentia
3044 2559 3320 2613 nunquam
3372 2545 3550 2597 otiosa
3616 2541 3724 2617 sit:

473 2613 764 2666 munificus
794 2619 886 2668 sit.

547 2681 656 2752 (66)
706 2681 1072 2746 lnculpabilis.
1127 2683 1286 2740 Juxta
1350 2685 1480 2740 illud
1513 2685 1763 2753 (effatum
1798 2705 1811 2741 :
1843 2686 2002 2739 Αίτία
2027 2727 2044 2753 ,

473 2751 772 2825 ἑλομένους
804 2753 934 2819 Θεὸς
968 2755 1012 2808 δ’
1040 2755 1298 2820 ἀναίτιος,
1323 2756 1374 2810 id
1401 2765 1484 2811 est
1525 2751 1555 2805 ι
1584 2757 1759 2825 culpa,
1795 2751 2046 2825 eligentis

473 2832 592 2885 est;
631 2822 872 2896 at_Deus
918 2826 1094 2894 culpa:
1137 2841 1332 2896 expers
1375 2835 1476 2881 est.
1503 2845 1522 2878 ο
1564 2822 1832 2880 Caeterum
1873 2822 2043 2880 ’ἀναί-

469 2908 604 2965 τιος
657 2892 883 2965 Didyme
935 2892 1057 2950 esse
1111 2892 1277 2951 etiam
1330 2905 1528 2965 potest,
1581 2911 1833 2962 (causan,
1865 2915 1884 2949 ι
1945 2913 2042 2952 seu

479 2981 498 3014 ι
529 2963 774 3033 principii
811 2980 1025 3033 expers.
1051 2984 1070 3017 ι

544 3032 657 3103 (67)
703 3031 987 3104 Nunquam
1027 3037 1246 3092 otiosus.
1277 3034 1543 3092 Nimirum
1568 3075 1584 3099 ,
1635 3054 1654 3088 ι
1685 3035 1840 3105 cujus
1889 3050 2042 3092 mens

472 3118 748 3177 nunquam
802 3106 976 3160 otiosa
1013 3117 1164 3177 est.)
1213 3107 1266 3160 lu
1301 3106 1490 3163 Graeco
1534 3107 1750 3177 legitur,
1795 3106 2043 3177 ἀεικίνη-

469 3184 583 3235 τος.
643 3173 735 3226 list
780 3184 957 3228 autem
1009 3176 1338 3248 ἀεικίνητος,
1377 3173 1611 3248 proprie
1663 3173 2043 3248 cquisemper

473 3195 583 3235 τος.
643 3195 735 3226 ιδδι
780 3195 957 3228 autem
1009 3195 1338 3248 αεικινητος,
1424 3195 1602 3248 roprte
1663 3195 1795 3245 tqut
1829 3195 2043 3247 semper

473 3252 673 3306 movet,
696 3260 714 3293 ι
755 3253 848 3298 aut
895 3263 914 3297 ι
940 3260 1060 3300 sese
1095 3259 1292 3302 movet.
1319 3267 1338 3300 ι
1375 3195 1486 3302 iiac
1515 3263 1674 3302 sensu
1704 3245 1762 3302 S.
1794 3246 2046 3302 Theodo-

477 3312 813 3386 rus_Studita
850 3317 900 3368 iu
937 3317 1230 3371 centesima
1269 3319 1440 3386 prima
1476 3333 1546 3371 ex
1586 3331 1764 3373 cxxxv
1812 3317 2047 3372 nondum

472 3383 632 3437 editis
659 3386 1032 3459 catechesibus
1059 3386 1194 3459 πρὸς
1229 3383 1357 3451 τοὺς
1389 3388 1582 3441 ἑαυτοῦ
1629 3386 1900 3459 μαθητάς,
1948 3387 2050 3442 hoc

467 3463 579 3527 est,
617 3455 725 3507 «ad
765 3455 1058 3527 discipulos
1103 3455 1264 3522 suos,
1303 3476 1322 3510 ι
1398 3455 1652 3512 virtutem
1711 3455 2046 3527 ἀεικίνητον,

473 3523 549 3596 i_d_
575 3535 680 3596 est,
714 3525 831 3596 radi
875 3526 1129 3579 ulteriora
1173 3543 1385 3596 semper
1431 3530 1765 3589 tendentem,
1793 3547 1812 3580 ι
1868 3523 2045 3583 vocat.

482 3591 551 3675 ἐἰ
581 3591 1025 3675 ἀρετῂῄμιιψιίι)
1069 3591 1376 3675 ἀεικίνητόν
1428 3614 1481 3675 τι
1525 3599 1773 3675 πρᾶγῌμα-
1807 3598 2048 3675 πέφυκεν

471 3656 931 3739 εἶναι’χο-ὐδέπο-τε
965 3656 1066 3739 τῇς
1108 3668 1198 3739 ὲιιιι)⁷
1236 3656 1306 3720 τά
1341 3667 1528 3738 πρόσω
1553 3656 1725 3739 papa;
1761 3656 2044 3739 ἱσταμένη,

471 3730 588 3784 ἀλλ’
628 3733 922 3808 ἀεὶ-ματρὸς
964 3730 1033 3788 τά
1074 3737 1358 3808 κρείττονα
1387 3730 1531 3801 ’τοὺς
1566 3730 1834 3808 ’μετόχους
1876 3730 2049 3807 αὐτῆς

477 3801 937 3871 μεταϐιϐάζουσαο
968 3808 1017 3857 id
1048 3801 1154 3869 esi,
1196 3824 1216 3859 ι
1244 3809 1426 3862 Virtus
1463 3823 1548 3860 res
1572 3801 1820 3876 quadam
1857 3817 1942 3862 est
1973 3801 2046 3862 ita

475 3883 814 3945 comparata,
837 3883 904 3945 ut
925 3889 1137 3942 semper
1166 3876 1218 3930 in
1251 3889 1396 3931 motu
1436 3880 1546 3932 sit:
1579 3894 1677 3932 nec
1713 3893 1945 3945 unquam
1981 3877 2046 3932 ad

475 3940 732 4017 ulteriora
778 3942 921 4017 ferri
963 3940 1182 4017 desinit,
1239 3949 1333 4001 sed
1386 3950 1477 4016 qui
1539 3949 1706 4017 ipsius
1757 3940 2046 4017 participes

475 4009 701 4074 fuerint,
731 4026 838 4086 eos_
857 4015 923 4066 ad
960 4009 1177 4086 meliora
1202 4009 1418 4084 semper
1447 4009 1711 4086 prmiehit.
1742 4009 1772 4068 ι’
1795 4019 1865 4070 At
1898 4009 2044 4072 euim

470 4093 584 4157 quo
615 4096 778 4135 sensu
809 4081 971 4157 Deum
1003 4081 1497 4157 ἀεικίνητον“νοοξιι
1525 4087 1816 4157 Didymus?
1858 4087 2047 4142 Nonne

476 4151 576 4204 iste
608 4154 882 4206 contrario
921 4151 1212 4224 ἀκίνητος(
1245 4157 1297 4211 id
1336 4168 1420 4210 est
1471 4173 1490 4207 ι
1519 4151 1810 4224 cujuslibet
1865 4169 2045 4212 motus

472 4234 689 4288 expers,
715 4241 734 4273 ι
771 4225 1069 4278 rectissime
1093 4227 1328 4280 dicitur?
1371 4226 1560 4280 Nonne
1607 4229 1753 4280 illum
1783 4227 2045 4296 ejusmodi

473 4303 593 4344 esse
647 4306 834 4345 omnes
885 4296 1107 4348 omnino
1153 4297 1449 4350 docuerunt
1496 4313 1616 4350 cum
1675 4296 1883 4360 Patres,
1930 4305 2044 4351 tum

475 4361 730 4426 theologi,
755 4376 820 4415 ac
853 4362 1106 4468 Didymus
1126 4365 1239 4433 ipse
1263 4368 1315 4419 in
1346 4366 1482 4420 libro
1505 4365 1582 4419 De
1608 4365 1810 4433 Spiritu
1836 4377 2042 4434 sancto,

475 4445 621 4468 mam-
657 4430 728 4468 9.3
765 4442 814 4468 nl
860 4431 930 4468 9f:
1001 4446 1052 4468 III
1097 4436 1320 4468 npnimln
1371 4451 1474 4468 nn“
1509 4437 1648 4468 ..-ι..1ο
1697 4453 1723 4468 ιι
1771 4437 2042 4468 ηηη....11;υ

474 4445 625 4482 ηυιη.
657 4430 728 4483 ‘25
757 4442 818 4503 et
860 4430 970 4485 26?
1001 4446 1058 4503 ut
1097 4430 1320 4503 proinde
1371 4451 1474 4488 non
1509 4430 1655 4489 male
1695 4453 1725 4488 a
1771 4430 2046 4492 nonnullis

473 4512 693 4554 vocatus
723 4502 839 4555 sito
883 4502 1106 4567 Ἑστὼς,
1135 4505 1184 4556 id
1216 4516 1301 4559 est
1334 4525 1352 4556 ι
1375 4505 1569 4559 Stans:
1598 4507 1714 4559 »ὅτι
1742 4507 1884 4559 κατά
1906 4507 2044 4560 αὑτά

473 4569 826 4644 ἑστὼς-κινεῖ
864 4571 960 4644 τὴν
999 4573 1291 4640 σύμπασαν
1331 4575 1540 4637 στάσιν,
1581 4588 1638 4628 ut
1673 4577 1749 4628 ait
1789 4577 1944 4630 Philo
1990 4579 2042 4631 in

474 4639 612 4714 libro
653 4641 726 4693 De
771 4639 1038 4696 nominum
1075 4639 1386 4708 mutatione,
1431 4662 1549 4714 pag.
1595 4645 1752 4711 1054,
1791 4649 1891 4700 hoc
1937 4656 2041 4710 est,

478 4709 646 4776 «quia
703 4715 752 4762 in
793 4715 981 4784 eodem
1030 4724 1176 4767 statu
1217 4726 1388 4779 stans,
1431 4709 1682 4769 'id'omne
1726 4709 1868 4784 quod
1911 4709 2040 4779 stat,

476 4790 718 4832 movet.»
793 4779 990 4854 Verum
1067 4785 1210 4836 aliud
1279 4797 1362 4837 est
1446 4803 1464 4834 ‹
1509 4797 1686 4837 tnotns
1721 4779 1756 4835 ι’
1828 4789 2043 4854 proprie

475 4861 740 4915 sumptus.
776 4856 865 4918 qui
915 4853 1020 4904 Deo
1065 4870 1168 4907 non
1216 4857 1500 4919 convenit;
1558 4856 1702 4908 aliud
1761 4874 1778 4905 ι
1816 4853 2034 4909 motus.

473 4931 572 4984 per
602 4920 1008 4994 translationem
1035 4935 1310 4994 acceptus,
1342 4925 1434 4992 qui
1475 4940 1504 4978 a
1551 4924 1800 4978 Patribus
1830 4926 2041 4994 Didymi

472 4989 771 5056 aequalibus
819 5006 922 5043 non
965 4993 1136 5045 solum
1168 4989 1373 5046 atriolo
1413 4995 1697 5056 rationali,
1736 4997 1830 5047 sed
1877 4989 2039 5048 etiam

475 5055 584 5136 Deo
639 5060 910 5136 tribuit-ur,
960 5062 1083 5113 dum
1133 5077 1444 5136 utrunique_
1468 5055 2038 5136 vocantduxivrjtov.

474 5127 554 5202 ita
590 5143 779 5202 nempe
817 5131 1128 5202 loquuntur,
1185 5127 1380 5202 ιιι-αξιοι·
1422 5134 1703 5202 Didymqu
1764 5127 2038 5201 aliosque,

473 5195 710 5249 Hilarius
758 5215 820 5250 ac
870 5195 1116 5255 Basilius.
1159 5195 1390 5254 Hilarius
1437 5195 1652 5270 quidem
1684 5206 1735 5256 in
1778 5195 2041 5269 psalmum

467 5279 657 5327 cutx,
695 5283 840 5343 num.
890 5270 967 5343 6_:
1004 5273 1236 5343 tAnima
1281 5274 1511 5326 humana
1561 5274 1797 5343 (inquit)
1845 5276 1894 5327 in
1941 5280 2042 5328 hac

471 5350 666 5412 sensus
723 5341 802 5390 sui
849 5339 1148 5412 mobilitate
1193 5343 1258 5395 ad
1315 5339 1604 5412 imaginem
1670 5339 1894 5412 Opilicis
1954 5345 2040 5398 sui

469 5403 612 5458 facta
679 5417 800 5472 est;
872 5409 1002 5460 dum
1060 5421 1305 5463 naturam
1363 5403 1454 5463 Dei
1523 5403 1788 5467 mobilitas
1845 5416 2040 5469 anima:

467 5477 723 5550 perennis
765 5478 1025 5550 imitatur.
1051 5496 1070 5529 ι
1120 5481 1348 5534 Basilius
1380 5491 1577 5550 autem
1617 5488 1772 5550 epist.
1825 5485 1932 5537 255
1975 5495 2041 5537 ne

470 5547 703 5620 humana
745 5559 925 5600 mente
962 5547 1185 5616 loquens
1215 5551 1291 5604 ait
1319 5569 1332 5605 :
1365 5547 1671 5620 ἀεικίνητος
1704 5552 1799 5614 ὥν,
1844 5558 1891 5604 id
1934 5567 2037 5617 est,

475 5629 639 5685 _t__cum
688 5619 739 5670 in
786 5625 1047 5685 perpetuo
1097 5630 1243 5672 motu
1283 5619 1604 5674 versetur.)
1647 5623 1714 5676 Ut
1759 5633 1940 5674 antem
1973 5627 2039 5676 ad

469 5679 806 5762 theologqu
845 5679 1088 5741 nostrum
1129 5691 1361 5762 redeam,
1415 5691 1460 5743 is
1513 5691 1677 5744 Deum
1733 5692 2038 5762 ἀεικίνητον

470 5753 600 5804 dicit
622 5753 718 5829 aut
734 5770 806 5810 eo
834 5772 992 5829 sensu
1027 5773 1136 5827 quo
1166 5761 1214 5809 in
1247 5763 1538 5828 Sapientia:
1591 5763 1748 5828 libro,
1781 5778 1899 5829 Cap.
1933 5753 2036 5826 'vn,

471 5833 613 5878 vers.
655 5824 747 5893 22,
800 5843 818 5876 ι
844 5824 1080 5897 Spiritus
1112 5824 1478 5901 intelligemus
1512 5824 1770 5888 sanctus}
1816 5824 2038 5889 vocatur

2143 2633 2263 2686 qua!
2296 2609 2586 2684 explicatio
2612 2609 2678 2668 iis
2707 2625 3074 2686 consentanea
3117 2609 3224 2680 est,
3256 2629 3382 2686 qua:
3425 2609 3724 2686 tuos-sub.-

2147 2675 2326 2756 j'ungit
2367 2675 2632 2755 'Didymus
2665 2701 2682 2739 :
2711 2695 2807 2738 aut
2847 2685 2937 2737 illo
2987 2684 3100 2758 fere
3143 2675 3302 2738 modo
3343 2682 3520 2758 Deum.
3558 2675 3731 2758 ἀεικίξ

2150 2752 2309 2828 νητόν
2355 2752 2648 2828 nuncupat,
2687 2770 2800 2828 quo
2848 2757 3119 2824 superius,
3170 2770 3341 2825 segm.
3392 2752 3464 2807 85
3504 2753 3556 2817 b,
3593 2752 3726 2805 dixit

2149 2825 2274 2882 νοῦν
2309 2828 2396 2880 ἀεὶ
2425 2825 2637 2889 θέοντα,
2685 2827 2734 2878 id
2773 2833 2857 2878 est
2905 2844 2922 2876 ι
2957 2837 3194 2900 mentem
3237 2838 3452 2900 semper
3502 2835 3722 2900 curren-

2151 2908 2280 2958 tem.
2315 2916 2334 2948 ι
2381 2912 2574 2964 nempe
2619 2909 2834 2964 semper
2890 2897 3242 2964 cogitantem.
3297 2897 3417 2959 Quo
3467 2906 3630 2964 sensu
3672 2897 3722 2942 in

2147 2967 2444 3038 Cyrilliano
2468 2963 2669 3038 Lexicu
2692 2963 2808 3038 ms.
2833 2963 3028 3038 aliasa
3057 2978 3141 3038 me
3171 2966 3340 3019 citato
3376 2963 3518 3038 ratio
3545 2970 3722 3038 nostra

2147 3033 2482 3109 ditxivnsog
2510 3037 2730 3109 dicitur.
2764 3034 2892 3109 llaec
2943 3035 3088 3109 enim
3122 3034 3372 3109 leguntur
3416 3035 3519 3087 sub
3556 3033 3724 3109 littera

2147 3108 2190 3161 Θ
2225 3098 2361 3176 νηί
2386 3098 2486 3161 135
2514 3124 2528 3159 :
2559 3105 2783 3177 Θέλημά
2810 3107 2926 3158 ἐστι
2963 3105 3106 3228 oppri?
3139 3098 3234 3157 καὶ
3259 3104 3471 3174 κίνησις
3514 3100 3647 3186 ⁸’.νιτρὸς
3674 3098 3732 3152 τὸ

2148 3177 2479 3228 ποθούμενον
2505 3193 2518 3207 ·
2567 3177 2600 3228 ἢ
2634 3179 2662 3228 ὁ
2693 3179 2752 3228 ὲν
2785 3177 2917 3228 ἡμῖν
2957 3193 3082 3228 αεικ
3107 3191 3265 3228 vnto:
3303 3173 3479 3228 λόγος.
3533 3176 3582 3226 td
3631 3180 3728 3228 est.

2148 3173 2479 3252 noﬂoupsvov
2505 3193 2518 3207 ·
2567 3177 2600 3247 ἢ
2629 3173 2752 3252 ῥ’ἐν
2785 3177 2917 3246 ἡμῖν
2957 3173 3265 3252 ἀεικίνητος
3303 3173 3479 3242 λόγος,
3533 3175 3582 3226 id
3631 3180 3728 3252 es}.

2156 3267 2174 3300 ι
2211 3246 2468 3304 Voluntas
2497 3246 2597 3320 est
2628 3248 2862 3318 impetus
2897 3257 2951 3302 et
2997 3255 3176 3300 motus
3221 3246 3284 3320 in_
3320 3259 3432 3298 rem
3475 3246 3729 3320 concupi-

2153 3327 2262 3374 tam
2297 3337 2310 3374 :
2347 3328 2439 3372 aut
2471 3317 2610 3372 ratio
2641 3311 2825 3371 nostra
2873 3330 3146 3385 nunquam
3195 3314 3502 3385 quiescens.
3541 3332 3560 3364 ι
3596 3311 3726 3376 Quin

2149 3390 2313 3443 etiam
2361 3387 2612 3457 angelum
2659 3390 2739 3441 sic
2784 3387 2973 3440 definit
3001 3382 3260 3457 'ejusdem
3303 3382 3490 3457 _Lex_ici
3523 3393 3724 3457 auctor,

2151 3459 2266 3534 sive
2287 3453 2684 3534 _in_ter'polator,
2733 3464 2790 3510 ut
2830 3457 2916 3534 sit_
2943 3456 3108 3534 οὐσία
3164 3455 3346 3534 νοερὰ,
3399 3453 3726 3534 ἀεικίνητος,

2147 3527 2512 3595 αὐτεξούσιος,
2552 3527 2866 3598 ἀσώματος,
2905 3527 2954 3580 id
2987 3537 3070 3580 est
3105 3542 3163 3579 :t
3189 3525 3491 3598 substantia
3543 3525 3731 3598 intelli-

2149 3605 2330 3669 geutia
2364 3599 2611 3672 praedita,
2645 3595 2862 3666 semper
2881 3599 3152 3672 cogitans,
3175 3596 3258 3648 sui
3278 3596 3438 3661 juris.
3471 3604 3521 3648 et
3556 3595 3726 3672 incorf

2151 3665 2381 3738 ραι-ειμι
2443 3668 2554 3722 Has
2614 3665 2980 3721 vero’omnes
3030 3665 3723 3738 locutiones_ex_vetnstis

2150 3730 2484 3809 philosophis
2507 3739 2853 3809 depromptas
2887 3748 3032 3809 puto.
3062 3733 3305 3809 _N;ittt__et
3349 3733 3570 3809 Thales,
3604 3730 3723 3784 Plu-

2151 3805 2337 3862 tarcho
2363 3805 2534 3865 teste.
2567 3808 2660 3860 lib.
2699 3821 2752 3861 tv
2780 3805 2854 3858 De
2889 3805 3099 3873 placitis
3129 3805 3579 3873 philosophorum,
3608 3814 3722 3873 cap.

2146 3877 2204 3940 2,
2234 3880 2441 3945 primus
2467 3878 2701 3931 animam
2737 3868 3071 3944 dixit’cpuaw
3113 3868 3419 3945 ἀεικίνητον
3451 3872 3485 3944 ἢ
3513 3868 3728 3926 αὐτοκίο

2146 3963 2328 4018 νητον,
2361 3949 2414 4002 id
2452 3957 2557 4012 est,
2587 3966 2606 3998 ‹
2628 3955 2910 4018 naturam“
2934 3961 3054 4018 quae
3088 3960 3304 4014 semper
3326 3957 3612 4018 movetur,
3641 3946 3730 3993 aut

2148 4014 2264 4087 ipsa
2296 4034 2357 4072 se
2382 4029 2561 4070 movet
2590 4036 2608 4068 ι
2632 4033 2646 4070 :
2672 4027 2739 4087 et
2768 4015 2982 4070 Ocellus
3024 4014 3268 4087 Lucanus
3307 4014 3544 4068 divinam
3578 4023 3728 4066 uatu-

2149 4083 2263 4158 r'am
2291 4087 2600 4158 ἀεικίνητον
2635 4086 2915 4158 dixitcum
2947 4087 2996 4139 iu
3030 4087 3169 4158 libro
3205 4083 3281 4137 De
3315 4087 3589 4158 uniuerso,
3615 4091 3723 4158 tum

2148 4157 2200 4228 in
2253 4159 2390 4228 libro
2438 4151 2515 4211 De
2551 4156 2791 4228 legibus,
2827 4156 2981 4228 cujus
3029 4157 3400 4228 fragmentum
3438 4154 3490 4206 in
3543 4151 3722 4228 βρίθῃ.

2145 4227 2296 4296 phys.
2329 4227 2424 4282 lib.
2472 4243 2512 4290 ι,
2566 4223 2687 4296 cap.
2728 4226 2816 4289 l6,
2863 4223 3433 4296 Joannesistohensis
3469 4223 3723 4296 profert:

2148 4293 2435 4366 ntrobique
2482 4293 2931 4365 enim'duplicem
2958 4295 3243 4366 distinguit
3279 4304 3550 4366 naturain,
3588 4293 3722 4344 alte-

2148 4381 2262 4420 ram
2307 4363 2635 4440 ἀεικίνητον,
2684 4363 2912 4440 alteram
2960 4363 3221 4434 ἁειπαθῆ,
3258 4377 3450 4430 nempe
3497 4363 3721 4440 alteram

2150 4451 2170 4486 ι
2203 4451 2418 4507 semper
2451 4433 2677 4491 iu'motu
2711 4437 2963 4504 positam,
2988 4454 3006 4486 ι
3039 4445 3134 4488 aut
3169 4433 3487 4503 ingentem,
3521 4453 3539 4484 ι
3591 4433 3722 4507 alte-

2151 4519 2263 4558 ram
2322 4505 2585 4577 isemper
2635 4508 2951 4575 patientem.
2983 4524 3021 4577 »γ
3066 4509 3142 4559 Ac
3194 4507 3434 4568 demum,
3480 4515 3540 4556 ut
3590 4505 3723 4577 at‘ius

2075 4557 2120 4612 Ῑ)
2147 4557 2610 4644 (inuitaui—'66s:
2635 4557 3136 4630 [Dicellutnwl’latov
3177 4557 3279 4628 non
3345 4557 3502 4627 tnddo
3559 4571 3719 4626 animi

2146 4643 2324 4712 λόγον,
2362 4649 2415 4700 id
2468 4643 2551 4700 est
2622 4664 2640 4698 ι
2675 4649 2977 4710 rationem,
3007 4663 3026 4696 ι
3078 4661 3172 4698 seu
3223 4643 3596 4697 definitionem
3650 4644 3722 4689 ait

2145 4719 2302 4782 (tum.
2333 4717 2393 4775 ll.
2421 4732 2540 4787 pag.
2569 4715 2672 4771 896
2691 4718 2780 4770 ed.
2812 4714 3064 4782 Serrani)
3100 4730 3218 4768 esse
3250 4714 3310 4787 τὸ
3340 4713 3501 4787 ἑαυτδ
3535 4712 3718 4787 κινεῖν.

2146 4788 2199 4856 id
2225 4797 2308 4838 est
2341 4806 2358 4837 ι
2379 4784 2550 4840 sémét
2595 4789 2768 4856 ipsum
2812 4799 3063 4850 movere;
3097 4806 3114 4837 ι
3167 4786 3259 4838 sed
3291 4788 3453 4836 etiam
3485 4785 3536 4836 in
3574 4784 3720 4834 Plia-

2143 4855 2240 4906 dro
2271 4871 2395 4925 pag.
2428 4857 2556 4920 245,
2589 4855 2829 4909 animum
2861 4871 2926 4908 ex
2954 4870 3019 4925 eo
3063 4858 3422 4907 itutuortalcni
3450 4869 3573 4907 esse
3599 4865 3720 4921 pro-

2145 4926 2252 4997 bat,
2310 4924 2454 4996 quod
2488 4930 2561 4980 sit
2592 4926 2918 4997 ἀεικίνητος.
2954 4924 3144 4997 Pollux
3187 4938 3312 4976 vero
3359 4925 3450 4976 lib.
3497 4939 3548 4985 ν,
3600 4937 3718 4984 cap.

2144 4993 2234 5057 51,
2285 4993 2497 5050 celebre
2531 4997 2660 5050 illud
2714 4993 2950 5049 Platonis
2992 4994 3211 5056 ταύτὸν,
3254 4998 3353 5045 hoc
3411 5007 3517 5055 est,
3560 4998 3717 5050 idem,

2145 5069 2218 5116 ait
2248 5080 2366 5138 esse
2400 5066 2590 5133 ἀΐδιον,
2636 5066 2943 5138 ἄφθαρτον.
2966 5105 2979 5117 .
3007 5106 3019 5118 .
3067 5064 3390 5132 ἀεικίνητον,
3435 5062 3719 5129 αὐτοκίνη-

2142 5150 2251 5196 τον,
2279 5137 2340 5200 ,id
2379 5147 2488 5202 est,
2529 5157 2547 5188 ι
2571 5136 2832 5190 αξιοι-ηοω
2857 5177 2872 5202 ,
2909 5136 3316 5205 incorruptibne
3336 5172 3351 5187 .
3377 5173 3392 5186 .
3422 5171 3438 5188 .
3470 5146 3721 5203 pelpctuu

2142 5209 2634 5274 niotnmtseipsum
2669 5221 2762 5274 per
2787 5221 2908 5260 sese
2944 5221 3188 5258 movens.
3223 5225 3240 5256 ι

2213 5275 2326 5345 (68)
2375 5273 2720 5345 Νεᾴιιείυεὲο
2767 5293 2923 5329 nunc.
2971 5274 3176 5328 Similia
3226 5275 3450 5327 dictavit
3497 5274 3546 5325 in
3577 5283 3692 5325 com

2143 5344 2423 5399 mentariis
2471 5344 2526 5399 in
2572 5344 2816 5400 Psaimos
2845 5347 2910 5398 ad
2944 5361 3084 5398 vers.
3125 5345 3191 5397 l6
3227 5347 3414 5412 psalmi
3461 5359 3554 5403 cu,
3598 5356 3715 5409 pas.-

2143 5415 2210 5465 45
2251 5426 2456 5468 catena:
2506 5417 2870 5485 Corderianaa.
2919 5416 2994 5466 Οὐ
3046 5416 3155 5485 γὰρ
3190 5415 3325 5485 noce
3350 5413 3472 5482 μὲν,
3528 5417 3714 5485 inquit,

2141 5484 2300 5548 ἐλεεῖ,
2333 5486 2463 5537 ποτὲ
2503 5485 2559 5538 δὲ
2595 5484 2677 5539 οὐ.
2714 5487 2877 5539 Φύσει
2917 5487 3027 5555 γὰρ
3059 5481 3271 5554 ἀγαθὸς
3299 5481 3394 5548 ὢν,
3431 5486 3516 5536 ἀεὶ
3547 5481 3712 5555 ἐλεεῖ·

2143 5555 2323 5619 idest,
2372 5573 2390 5605 ι
2424 5558 2533 5610 Nec
2556 5560 2702 5610 enim
2737 5559 2896 5610 modo
2938 5552 3157 5623 quidem
3211 5560 3520 5619 miseretur,
3559 5552 3715 5606 modo

2140 5640 2268 5678 vero
2318 5640 2615 5680 nonzcmu
2665 5629 2812 5681 enim
2867 5637 3060 5679 natura
3113 5629 3290 5681 bonus
3339 5629 3447 5690 sit,
3509 5630 3717 5690 semper

2141 5708 2447 5748 llllStfl‘tﬁlIl".
2478 5714 2495 5746 ι

2213 5766 2328 5833 (69)
2375 5763 2519 5817 Oriri
2551 5765 2704 5833 facit.
2748 5765 2827 5822 Ex
2857 5765 3025 5822 Matth
3097 5781 3150 5837 ν,
3191 5765 3282 5823 45.
3328 5763 3458 5821 Vide
3502 5773 3557 5822 et
3596 5772 3712 5828 cap-

2147 5850 2235 5900 κδ,
2265 5851 2404 5891 vers.
2443 5837 2548 5894 θοι
2583 5852 2733 5893 seua.
