4054 6406
373 370 480 427 613

1401 368 1490 426 DE
1525 369 1903 427 TRINITATE
1944 372 2145 428 LIBER
2190 362 2576 433 SECUNDUS.

3540 382 3648 438 6M

372 484 524 556 αὑτῷ
560 485 930 557 προσήκουσιν
981 487 1032 557 (ὃ
1084 487 1207 558 μηδ’
1259 488 1434 542 εἰπεῖν
1503 490 1719 559 εὐαγὲς,
1775 493 1825 545 εί
1888 491 1963 563 μὴ

2069 505 2399 566 egestatem,
2431 497 2517 553 vel
2545 494 2672 567 quia
2702 495 2918 550 abunde
2966 511 3072 551 non
3113 506 3238 562 oet,
3282 498 3480 554 bellum
3537 500 3638 571 ip-l

375 578 687 631 ὑποθέσεων
716 579 812 631 καὶ
839 578 1188 633 ὑποστάσεων
1226 580 1569 653 μοχθηρῶν)·
1605 582 1726 635 οὑδὲ
1758 583 1963 655 ἀνῆκεν

374 660 423 736 ᾧ
448 669 836 739 ὀργισθήσεται
862 686 875 699 ·
916 688 935 719 ι
965 670 1124 743 Φείδῃ
1154 691 1171 722 ι
1205 671 1335 743 γὰρ,
1364 672 1518 743 φησὶ,
1559 692 1578 725 ι
1614 673 1851 738 πάντων,
1883 675 1966 728 ὃτι

376 756 557 812 πάντα
581 759 650 812 σά
689 762 826 824 ἐστι,
858 762 1104 816 Δέσποτα
1152 763 1443 834 φιλόψυχε·
1483 765 1577 818 καὶ
1603 765 1664 818 es
1687 764 1967 838 ἀφθαρτόν

378 865 476 901 σου
507 850 731 920 Πνεῦμα
769 852 916 906 ἐστὶν
958 855 1018 906 ἐν
1060 855 1245 907 πᾶσιν.
1283 873 1303 907 ι
1341 853 1558 908 Τούτων
1581 855 1638 909 δὲ
1670 855 1745 928 μὴ
1775 857 1964 924 ὄντων,

377 942 433 995 τί
464 958 544 995 σοι
591 942 938 997 ὑπολείπεται
972 944 1322 1015 σοφίζεσθαις
1360 947 1448 1011 Ὠς
1494 947 1656 1002 πάλιν
1704 950 1832 1002 ὃταν
1878 951 1966 1005 λέ-

378 1048 544 1104 γηται
575 1035 605 1087 ό
657 1035 799 1099 Υῶς,
835 1036 867 1107 ἢ
912 1037 974 1089 τὸ
1007 1037 1162 1105 άγιον
1211 1038 1455 1110 Πνεῦμα,
1500 1042 1760 1112 παρέχειν
1806 1041 1965 1097 θεῖκά

379 1126 695 1197 δωρήματα,
731 1127 970 1199 εὔδηλον,
1001 1130 1074 1190 ὡς
1121 1131 1341 1185 εὐδοκία
1389 1134 1671 1205 πατρική·
1708 1135 1826 1199 πῶς
1854 1135 1964 1207 γάρ

379 1219 479 1289 οὑχ
506 1218 711 1284 οῦτως;
758 1222 1059 1293 Τοιγαροῦν
1099 1223 1368 1295 ἀκρόασαι
1414 1225 1629 1280 Παύλου
1660 1228 1967 1298 Ῥωμαίους

380 1310 688 1375 διδάξαντος
709 1330 721 1344 ·
769 1333 787 1363 ι
817 1314 938 1367 Ὅτι
972 1316 1004 1384 ἡ
1038 1315 1229 1385 ἀγάπη
1272 1314 1363 1367 τοῦ
1407 1316 1541 1371 Θεοῦ
1576 1319 1872 1391 ἐκκέχυται
1905 1323 1966 1374 ὲν

382 1406 498 1466 ταῖς
531 1404 780 1475 καρδίαις
812 1404 968 1475 ἡμῶν
998 1405 1085 1458 διά
1127 1405 1443 1476 Πνεύματος
1471 1409 1627 1475 ἁγίου
1666 1409 1758 1463 τοῦ
1782 1411 1965 1466 δοθέν-

383 1508 474 1555 τος
520 1494 677 1563 ἡμῖν·
705 1511 723 1542 ι
772 1494 886 1557 καὶ,
929 1514 948 1546 ι
984 1496 1137 1548 Ὅσοι
1195 1495 1473 1567 Πνεύματι
1524 1498 1660 1552 Θεοῦ
1718 1501 1962 1569 ἄγονται,

384 1578 528 1638 οὗτοι
555 1586 661 1637 υίοὶ
683 1584 819 1638 Θεοῦ
851 1587 1019 1638 εἰσιν·
1052 1605 1070 1635 ι
1121 1587 1216 1640 καὶ
1254 1589 1415 1643 πάλιν
1439 1606 1452 1619 ⁶
1500 1610 1519 1641 ι
1569 1591 1627 1644 Ὀ
1657 1588 1748 1645 οὖν
1776 1593 1963 1664 ὲπιχο-

387 1676 570 1748 ρηγῶν
620 1678 745 1748 ὑμῖν
782 1678 842 1731 τδ
891 1678 1142 1749 Πνεῦμα,
1184 1680 1279 1733 καὶ
1330 1683 1565 1753 ἐνεργῶν
1609 1684 1864 1758 δυνάμεις
1907 1688 1966 1742 ἐν

390 1770 548 1838 ὑμῖν·
588 1789 606 1819 ι
641 1772 733 1824 καὶ
756 1772 1062 1842 Κορινθίοις
1088 1772 1147 1825 τὸ
1183 1775 1397 1845 πρῶτον
1419 1792 1432 1802 ·
1466 1797 1482 1827 ι
1509 1776 1568 1829 Ei
1602 1777 1657 1829 δὲ
1687 1779 1966 1851 Πνεῦματι

2070 586 2322 641 illaturus
2350 589 2463 642 sit:
2500 601 2679 656 neque
2709 586 2851 640 alius
2880 585 2995 657 (70)
3036 587 3324 657 quisquam
3349 630 3366 656 ,
3396 590 3488 659 qui
3521 606 3643 647 cum

2067 693 2135 733 eo
2168 680 2237 735 de
2268 678 2499 750 imperio
2542 680 2871 743 contendat,
2916 678 3211 748 invenitur,
3241 690 3302 734 ut
3346 682 3474 737 huic
3504 682 3645 738 invi-

2070 772 2229 836 deat,
2258 786 2321 827 ac
2344 782 2622 837 vereatur,
2654 784 2724 825 ne
2752 768 2858 825 sibi
2886 779 3202 840 exaequetur
3231 784 3295 826 ea
3321 775 3642 844 occupando

2067 877 2188 932 qua:
2236 863 2304 918 ad
2348 877 2408 918 se
2451 863 2772 932 pertinent:
2817 861 2871 917 id
2904 862 3051 932 quod
3078 877 3148 919 ne
3195 863 3379 919 dicere
3425 864 3641 936 quidem

2069 956 2151 1010 ras
2202 965 2320 1020 est,
2372 955 2477 1031 nisi
2526 955 2616 1011 uhi
2663 955 2731 1009 de
2786 952 3036 1025 malignis
3094 952 3412 1010 substantiis
3466 970 3649 1011 sermo

2069 1047 2140 1100 sit
2184 1045 2327 1118 (7i).
2376 1044 2562 1115 Neque
2614 1045 2684 1099 ob
2723 1043 2815 1110 id,
2856 1045 2999 1115 quod
3027 1043 3195 1101 semel
3235 1045 3480 1112 remisit,
3522 1062 3649 1101 rur-

2067 1154 2160 1192 sus
2192 1138 2465 1192 irascitur.
2497 1156 2516 1189 ι
2540 1136 2854 1208 Parcis(72)
2879 1156 2899 1187 ι
2925 1136 3070 1192 enim
3095 1154 3114 1188 ‹
3139 1136 3412 1203 omnibus,
3439 1155 3458 1189 ι
3478 1137 3651 1208 inquit

2068 1227 2371 1297 Scriptura,
2403 1247 2421 1280 ι
2458 1228 2781 1299 quiaomnia
2831 1238 2921 1282 tua
2964 1237 3125 1295 sunt,
3175 1227 3399 1283 Domine
3441 1240 3651 1283 amator

2068 1318 2382 1373 animarum
2414 1335 2429 1372 :
2465 1326 2520 1372 et
2549 1318 2977 1388 incorruptibilis
3006 1327 3130 1373 tuus
3166 1318 3401 1389 Spiritus
3454 1329 3539 1375 est
3588 1317 3643 1373 iu

2067 1409 2341 1465 omnibus.
2376 1429 2396 1461 ι
2428 1410 2562 1464 Cum
2615 1424 2744 1464 vero
2796 1410 2911 1464 haec
2964 1409 3145 1464 dicere
3190 1425 3461 1477 nequeas,
3514 1411 3645 1481 quid

2069 1498 2162 1553 tibi
2190 1500 2515 1570 relinquitur
2536 1500 2603 1555 ad
2631 1500 2872 1570 captiose
2897 1500 3304 1555 cavillandum?
3334 1497 3460 1555 Vice
3486 1516 3647 1556 versa

2067 1604 2189 1643 cum
2241 1587 2411 1644 Filius
2462 1597 2556 1643 aut
2600 1589 2841 1659 Spiritus
2903 1598 3125 1644 sanctus
3167 1591 3411 1660 praebere
3449 1592 3648 1647 dicitur

2068 1679 2249 1733 divina
2282 1680 2420 1735 dona
2444 1720 2459 1745 ,
2489 1679 2721 1735 Paterna
2752 1680 3148 1750 complacentia
3203 1682 3254 1738 id
3305 1682 3420 1738 ﬂeri
3468 1684 3643 1738 mani-

2069 1771 2265 1826 festum
2313 1781 2441 1827 est:
2495 1773 2589 1843 qui
2644 1773 2788 1827 enim
2844 1772 3003 1829 aliter
3059 1774 3173 1828 fieri
3209 1775 3427 1846 potest?
3459 1774 3646 1845 Itaque

386 1859 602 1928 ἄγεσθε,
626 1862 823 1914 οὐκέτι
851 1864 971 1916 ἐστὲ
1002 1865 1106 1917 ὑπὸ
1125 1866 1287 1935 νόμον
1307 1884 1322 1898 ·
1350 1886 1368 1917 ι
1401 1869 1493 1922 καὶ
1526 1868 1820 1934 Γαλάταις·
1852 1891 1870 1921 ι
1906 1872 1963 1925 ὐ

2070 1862 2293 1916 Paulum
2345 1863 2469 1917 audi
2530 1862 2804 1919 Romanos
2861 1865 2977 1920 haec
3031 1866 3360 1921 docentem:
3394 1885 3413 1917 ι
3449 1867 3646 1921 Chari-

386 1952 493 2024 γάρ
518 1954 730 2025 καρπὸς
777 1954 870 2008 τοῦ
911 1956 1226 2028 Πνεῦματός
1256 1960 1404 2011 ἐστιν
1450 1960 1661 2031 ἀγάπη,
1702 1963 1863 2033 χαρὰ,
1889 1966 1965 2017 εἱ-

391 2049 543 2118 ρῆνη,
581 2047 946 2119 μακροθυμία,
988 2050 1310 2120 χρηστότης,
1364 2051 1712 2124 ἀγαθωσύνη,
1759 2055 1960 2117 πίστις,

386 2136 645 2206 πραότης,
690 2137 1004 2208 ἐγκράτεια.
1057 2138 1212 2192 Κατὰ
1255 2140 1364 2191 τῶν
1411 2141 1667 2195 τοιούτων
1700 2145 1800 2198 οὐκ
1848 2145 1963 2198 ἐστι

383 2226 564 2295 νόμος.
610 2245 627 2275 ι
688 2227 777 2280 Διὸ
847 2228 1123 2282 κάνταῦθα
1180 2233 1442 2301 προεῖπε·
1485 2252 1503 2282 ι
1558 2235 1862 2306 Διαιρέσεις
1906 2236 1963 2289 δὲ

384 2319 738 2390 χαρισμάτων
793 2319 921 2381 εἰσὶ,
950 2320 1013 2373 τὸ
1047 2321 1104 2374 δὲ
1137 2321 1269 2374 αὑτὸ
1322 2321 1573 2395 Πνεῦμα·
1613 2343 1632 2375 ι
1675 2325 1819 2379 τοῦτ’
1849 2325 1963 2381 ἐστι

385 2410 547 2473 (κατά
574 2409 805 2479 ἔλλειψιν
832 2412 989 2480 λόγου
1038 2413 1131 2465 καὶ
1174 2414 1496 2485 συγκοπὴν),
1526 2414 1585 2468 τὸ
1612 2417 1964 2488 χαριζόμενον

386 2498 640 2571 Πνεῦμα·
678 2503 771 2555 καὶ
803 2501 977 2566 οὑτως
1016 2504 1327 2574 ἐπήγαγεν·
1374 2524 1393 2557 ι
1426 2504 1499 2558 Τὸ
1536 2504 1594 2560 ἓν
1621 2507 1798 2560 καὶτὸ
1835 2509 1965 2562 αὐτὸ

387 2592 638 2663 Πνεῦμα,
680 2592 919 2667 διαιροῦν
970 2594 1076 2667 ἰδία
1126 2596 1341 2669 ἑκάστῳ
1386 2596 1570 2662 καθὼς
1624 2598 1905 2668 βούλεται·
1939 2619 1958 2652 ι

387 2683 527 2737 ὥστε
557 2684 854 2753 ἀποδείξαι,
889 2687 970 2739 ὃτι
995 2687 1148 2751 αὐτὸ,
1186 2690 1281 2742 καὶ
1313 2690 1621 2761 χαρίζεται,
1658 2692 1752 2744 καὶ
1798 2691 1887 2764 [98
1912 2692 1964 2764 b]

385 2774 598 2848 διαιρεῖ,
646 2777 963 2849 ὀμοφρόνως
1008 2777 1167 2849 δῆλον
1215 2780 1298 2833 ὅτι
1348 2779 1427 2851 τῷ
1479 2781 1589 2845 ἑνὶ,
1641 2774 1702 2835 οὗ
1740 2781 1963 2853 Πνεῦμά

389 2868 535 2929 ἐστι,
586 2867 681 2921 καὶ
736 2870 815 2931 εἰς
864 2865 923 2919 ὃν
976 2868 1157 2923 πάντα
1209 2871 1505 2939 ἀνάγεται,
1568 2870 1643 2936 ὡς
1675 2872 1966 2943 Ῥωμαίοις

388 2959 601 3029 ὶγράερη
626 2975 640 2989 ·
680 2979 698 3011 ι
725 2959 844 3013 Ὀτι
878 2959 939 3025 ἐξ
968 2960 1154 3025 αὑτοῦ,
1191 2962 1287 3017 καὶ
1319 2962 1388 3016 δι’
1414 2962 1600 3028 αὑτοῦ,
1634 2964 1730 3017 καὶ
1753 2966 1835 3029 είς
1867 2964 1966 3017 αὑ-

387 3050 480 3104 τὸν
508 3050 577 3104 τά
611 3052 806 3105 πάντα.
839 3070 857 3100 ι
902 3052 1141 3123 Πρόσεχε
1177 3053 1235 3108 δὲ
1275 3055 1367 3109 xui.
1413 3058 1526 3119 τοῖς
1566 3055 1745 3119 ἄλλοις
1778 3058 1963 3119 πᾶσιν,

2071 1964 2155 2010 tas
2192 1954 2305 2025 (75)
2356 1953 2450 2010 Dei
2504 1954 2696 2011 dill'usa
2748 1964 2835 2011 est
2883 1958 2936 2011 in
2986 1958 3246 2012 cordibus
3293 1958 3497 2013 nostris
3544 1972 3643 2029 per

2072 2044 2333 2115 Spiritum
2362 2056 2610 2100 sanctum
2633 2087 2647 2112 ,
2675 2049 2766 2117 qui
2790 2049 2949 2103 datus
2969 2057 3053 2104 est
3083 2050 3277 2114 nobis;
3313 2069 3331 2102 ι
3353 2060 3409 2105 et
3434 2069 3448 2106 :
3471 2070 3490 2104 ι
3512 2051 3644 2119 Qui-

2071 2151 2284 2203 cunque
2312 2136 2423 2207 (Ἠ)
2453 2137 2657 2205 Spiritu
2693 2136 2785 2191 Dei
2815 2149 3070 2206 aguntur,
3099 2140 3152 2193 hi
3181 2139 3275 2195 lilii
3310 2139 3400 2195 Dei
3431 2152 3576 2196 stmt.
3613 2163 3635 2195 ι

2072 2228 2133 2282 Et
2168 2234 2396 2283 rursus:
2430 2247 2448 2279 ι
2481 2229 2582 2296 Qui
2617 2244 2747 2297 ergo
2778 2229 2891 2301 (ῗῦ)
2926 2230 3114 2286 tribuit
3144 2232 3297 2287 vobis
3338 2231 3600 2302 Spiritum
3621 2274 3638 2300 ,

2071 2330 2126 2375 et
2158 2331 2420 2390 operatur
2455 2322 2687 2376 virtutes
2717 2321 2770 2375 in
2801 2321 2994 2390 vobis;
3027 2340 3046 2375 ι
3077 2330 3132 2377 et
3160 2323 3213 2377 in
3239 2323 3409 2392 prima
3447 2325 3512 2377 ad
3540 2323 3646 2379 Co-

2075 2412 2347 2466 rinthios:
2379 2430 2399 2463 ι
2432 2411 2487 2467 Si
2521 2424 2700 2468 autem
2728 2410 2839 2484 (76)
2867 2414 3072 2483 Spiritu
3101 2415 3323 2485 agimini
3345 2454 3361 2480 ,
3399 2431 3503 2470 non
3526 2431 3641 2469 am-

2072 2501 2213 2572 plius
2242 2505 2377 2557 estis
2404 2503 2505 2557 sub
2528 2502 2665 2573 lege.
2701 2521 2721 2554 ι
2746 2503 2807 2557 Et
2836 2505 2901 2558 ad
2923 2502 3180 2560 Galatas:
3212 2523 3231 2557 ι
3260 2504 3492 2561 Fructus
3523 2504 3640 2578 (77)

2071 2591 2215 2645 enim
2255 2591 2500 2662 Spiritus
2534 2604 2619 2648 est
2649 2594 2894 2649 cbaritas
2915 2637 2929 2661 ,
2963 2598 3218 2667 gaudium
3240 2637 3255 2661 ,
3289 2613 3422 2667 pax,
3454 2597 3643 2669 longa-

2073 2682 2332 2748 nimitas,
2395 2684 2672 2754 probitas,
2728 2684 2981 2751 bonitas,
3031 2687 3199 2752 lides,
3248 2689 3642 2753 mansuetudo.

2072 2776 2424 2831 continentia.
2454 2776 2615 2847 215
2646 2777 2848 2833 Contra
2883 2777 3015 2834 tales
3060 2794 3164 2833 non
3196 2789 3280 2835 est
3311 2780 3417 2836 lex.
3454 2799 3474 2834 ι
3500 2780 3646 2849 Qua-

2072 2873 2292 2932 propter
2335 2865 2421 2919 hic
2461 2880 2676 2935 quoque
2715 2866 2864 2936 prius
2910 2866 3089 2922 dixit:
3117 2886 3136 2920 ι
3169 2869 3474 2927 Divisioues
3512 2886 3643 2927 vero

2072 2953 2371 3021 gratiarum
2424 2965 2592 3017 sunt;
2646 2954 2789 3009 idem
2841 2966 3023 3011 autem
3080 2957 3362 3028 Spiritus:
3402 2977 3422 3013 ι
3461 2960 3514 3014 id
3558 2973 3645 3016 est

2074 3041 2218 3113 (per
2261 3043 2493 3113 ellipsim
2546 3046 2850 3109 sermonis,
2903 3056 2958 3100 et
2995 3049 3309 3120 syncopen)
3344 3067 3364 3102 ι
3399 3049 3641 3119 Spiritus

386 3142 424 3198 ἃ
451 3143 776 3215 προσείρηκε
805 3144 873 3197 τὰ
894 3145 1050 3213 λόγια
1074 3146 1202 3216 περὶ
1236 3146 1397 3199 αὑτοῦ
1450 3148 1511 3200 Ei
1535 3147 1580 3200 δ’
1606 3147 1671 3201 ἂν
1701 3146 1808 3219 γὰρ
1832 3149 1963 3202 πᾶσι

2075 3132 2163 3200 qui
2194 3133 2359 3187 donat
2391 3151 2405 3188 :
2441 3152 2461 3187 ι
2494 3142 2548 3188 et
2578 3145 2760 3205 postea
2787 3137 3105 3205 subiunxit:
3142 3158 3162 3191 ι
3200 3138 3346 3195 Unus
3392 3151 3447 3195 et
3497 3143 3639 3197 idem

390 3205 709 3308 προσεῖχες,.
727 3237 820 3291 καὶ
842 3240 890 3291 εί
912 3205 1194 3298 ἐπίστευες
1221 3238 1370 3308 αὐτῷ
1396 3238 1474 3309 τῷ
1506 3238 1627 3309 Θεῷ
1649 3205 1846 3312 Πάτρὶ,
1870 3240 1963 3293 καὶ

2069 3224 2302 3295 Spiritus
2322 3265 2339 3290 ,
2368 3224 2615 3282 dividens
2639 3242 2883 3283 seorsum
2910 3229 3203 3300 unicuique
3229 3242 3392 3299 prout
3420 3231 3569 3302 vult;
3607 3252 3630 3288 ι

386 3327 466 3397 τῷ
506 3328 782 3396 μονογενεῖ
806 3327 971 3380 αὐτοῦ
1016 3327 1150 3398 Υἱῷ,
1195 3328 1277 3381 ἔτι
1325 3328 1383 3381 δὲ
1429 3330 1664 3393 καὶτοῖς
1692 3330 1963 3395 τοσούτοις

2069 3326 2125 3369 ιιι
2156 3316 2405 3370 eumdem
2444 3318 2616 3386 ipsum
2647 3328 2703 3373 et
2735 3319 2975 3387 donare,
3009 3328 3067 3375 ct
3099 3321 3341 3377 dividere
3370 3323 3632 3381 ostende-

387 3416 581 3485 ἁγίοις,
621 3410 696 3469 ὧν
724 3418 773 3469 oi.
811 3416 1079 3487 ὀφθαλμοὶ
1120 3418 1219 3488 τῆς
1264 3417 1501 3481 διανοίας
1532 3417 1705 3482 οὑτως
1733 3419 1963 3490 ἐγρηγό-

2070 3417 2150 3461 ret
2174 3447 2190 3470 ,
2228 3408 2301 3461 ita
2338 3408 2583 3474 scilicet,
2615 3419 2675 3463 ut
2715 3410 2855 3465 idem
2894 3412 3117 3466 omnino
3153 3414 3315 3480 velit,
3352 3424 3516 3485 atque
3553 3417 3643 3472 ille

387 3525 535 3581 ρουν,
558 3507 632 3570 ὠς
658 3509 708 3560 οἱ
736 3507 1075 3579 Χερουόικοὶ,
1114 3506 1207 3572 οὓς
1235 3510 1415 3579 ἡμεῖς,
1445 3510 1554 3579 ὅσῳ
1587 3509 1748 3562 πλέον
1779 3514 1963 3580 αίσχυ-

2069 3514 2228 3564 unus,
2253 3499 2407 3569 cujus
2429 3512 2514 3554 est
2539 3501 2799 3570 Spiritus,
2826 3512 2881 3557 et
2899 3502 2966 3558 ad
2992 3516 3152 3572 quem
3179 3506 3360 3560 omnia
3392 3506 3644 3564 referun-

384 3596 591 3667 νόμεθα
618 3598 712 3650 καὶ
740 3597 1008 3668 τιμῶμεν,
1050 3598 1290 3669 τοσούτῳ
1331 3598 1531 3670 μᾶλλον
1568 3600 1667 3672 τὴν
1696 3599 1842 3672 ἔργῳ
1876 3618 1963 3670 γε-

2069 3601 2157 3646 ιιιι·
2179 3634 2196 3659 ,
2228 3593 2373 3647 sicut
2414 3591 2677 3649 Romanis
2719 3594 2980 3663 scriptum
3025 3604 3109 3651 est
3138 3613 3153 3650 :
3182 3615 3200 3647 ι
3229 3596 3496 3663 Quoniam
3527 3599 3643 3672 (78)

386 3689 618 3759 νομένην
658 3706 715 3742 τε
759 3692 889 3760 παρ’
941 3690 1118 3743 αὐτῶν
1169 3691 1441 3764 συμϐολὴν
1490 3692 1585 3745 καὶ
1619 3692 1839 3763 διδαχὴν
1875 3694 1963 3747 καὶ

2069 3700 2133 3739 ex
2170 3684 2285 3753 ipso
2304 3724 2319 3749 ,
2344 3694 2399 3739 et
2425 3699 2523 3753 per
2548 3686 2723 3755 ipsum
2743 3726 2759 3748 ,
2785 3695 2838 3741 et
2872 3687 2923 3740 in
2960 3686 3134 3756 ipsum
3161 3688 3368 3743 omnia.
3395 3707 3414 3741 ι
3442 3689 3639 3747 Verqu

384 3781 487 3851 τὴν
537 3779 907 3851 ἑπιδεχθεῖσαν
940 3780 1122 3835 πίστιν
1170 3781 1344 3852 ὀρθῶς
1390 3781 1658 3853 δεχόμεθα
1684 3798 1699 3813 ·
1733 3784 1782 3835 εί
1810 3783 1855 3836 δ’
1901 3783 1963 3837 ἂν

2069 3778 2136 3829 ad
2167 3776 2271 3830 alia
2305 3787 2497 3831 cuncta
2533 3778 2695 3832 etiam
2740 3779 2960 3833 oracula
2995 3783 3216 3834 attende
3236 3819 3252 3845 ,
3283 3796 3404 3849 qua:
3432 3782 3500 3837 de
3528 3783 3646 3854 ipso

383 3869 443 3926 et
462 3872 556 3925 καὶ
576 3870 651 3942 μὴ
670 3870 767 3943 τὴν
787 3872 958 3943 ἀρχὴν
976 3870 1340 3941 ἠκολούθησας
1364 3873 1422 3925 ὲν
1443 3872 1597 3943 μέρει
1622 3874 1735 3936 τοῖς
1762 3872 1963 3943 Ἀρείου

2072 3864 2369 3935 Scriptura:
2410 3866 2653 3921 habent:
2689 3863 2748 3919 Si
2780 3866 2927 3920 enim
2960 3867 3027 3920 ad
3060 3867 3243 3921 omnia
3285 3870 3641 3939 attendisses,

386 3964 773 4026 ὑπασπισταῖς,
807 3961 899 4026 οὓς
932 3963 1067 4034 μηδὲ
1110 3963 1291 4030 λέγειν
1327 3965 1474 4034 ἡμᾶς
1507 3963 1615 4034 εἴη,
1667 3964 1799 4035 μηδὲ
1836 3982 1963 4035 μαν-

2070 3973 2136 4013 ac
2164 3960 2210 4013 si
2247 3958 2347 4027 ipsi
2381 3957 2492 4012 Deo
2520 3957 2704 4021 Patri,
2740 3966 2796 4013 et
2825 3956 3115 4029 Unigenito
3147 3959 3316 4030 ipsius
3348 3960 3487 4016 Filio
3516 3976 3640 4019 cre-

390 4051 592 4115 θάνειν,
623 4051 887 4123 ἐρυθριῶν
923 4051 1139 4115 αὐτοὺς,
1172 4051 1247 4115 ὡς
1277 4053 1717 4122 περιτεθεικότας
1748 4070 1828 4106 σοι
1853 4053 1963 4106 ὅνο-

2069 4050 2262 4118 deres,
2297 4065 2360 4105 ac
2390 4050 2614 4121 insuper
2648 4061 2730 4104 tot
2754 4051 2958 4105 sanctis
2976 4091 2992 4113 .
3018 4066 3250 4121 quorum
3278 4053 3476 4110 mentis
3503 4071 3636 4111 ocu-

397 4162 475 4217 μα
502 4145 819 4208 ἐπισκόπου,
875 4145 1105 4216 διακόνῳ
1154 4144 1261 4216 πρὸ
1308 4145 1497 4199 τούτου
1543 4148 1642 4217 τῆς
1686 4145 1963 4217 ὀρθοδόξου

2072 4143 2139 4209 li,
2170 4143 2587 4199 cherubicorum
2638 4141 2829 4206 instar,
2876 4142 3068 4213 vigiles
3117 4144 3233 4214 (79)
3259 4158 3456 4212 erant,
3499 4161 3639 4216 quos

396 4235 493 4288 καὶ
537 4235 893 4304 ἀποπολικῆς
961 4233 1290 4305 Ἐκκλησίας
1338 4235 1697 4305 τυγχάνοντι·
1750 4235 1848 4287 οὐκ
1902 4233 1963 4288 ἀν

2069 4233 2170 4303 ipsi
2202 4242 2408 4303 quanto
2456 4231 2649 4303 majori
2699 4233 3000 4286 reverentia
3045 4243 3100 4286 et
3131 4234 3334 4289 honore
3358 4236 3643 4305 prosequi-

398 4325 499 4397 μὲν
524 4326 618 4397 τὴν
654 4325 1011 4398 παρεξὲτασιν
1041 4326 1151 4379 τῶν
1181 4326 1307 4395 περὶ
1336 4325 1431 4378 τοῦ
1461 4327 1619 4395 ἀγίου
1645 4325 1963 4397 Πνεῦματος

2071 4343 2215 4394 mur,
2246 4335 2399 4380 tanto
2427 4325 2600 4395 magis
2628 4324 2925 4395 symbolam
2957 4338 3121 4393 Opere
3149 4324 3216 4380 ab
3244 4324 3378 4394 ipsis
3404 4325 3603 4383 factam
3624 4367 3642 4394 ,

391 4418 694 4489 εἰρημένων
724 4419 859 4491 πρὸς
900 4419 971 4473 τὰ
1021 4417 1150 4490 περὶ
1198 4418 1308 4471 τῶν
1355 4419 1667 4489 κτισμάτων
1711 4417 1963 4488 λεχθέντα

2069 4429 2123 4472 et
2164 4417 2488 4480 doctrinam,
2520 4425 2578 4470 et
2609 4414 2771 4470 (idem
2803 4414 2871 4469 ab
2912 4413 2979 4468 ils
3012 4413 3295 4483 probatam
3334 4425 3481 4469 recte
3513 4429 3640 4473 suac

390 4510 633 4580 ἐποιήσω
657 4549 671 4569 ,
725 4510 818 4563 καὶ
864 4509 964 4580 τὴν
1017 4509 1271 4563 ὑπόνοιαν
1318 4511 1429 4572 τοῖς
1482 4508 1837 4561 συνασεὸοῦσί
1885 4524 1963 4562 σοι

2069 4511 2301 4581 cipimus
2339 4528 2353 4562 :
2406 4524 2469 4560 ac
2516 4508 2560 4563 si
2608 4518 2867 4577 prasterea
2925 4506 3083 4560 initio
3125 4514 3346 4561 secutus
3383 4521 3448 4561 ex
3487 4518 3643 4576 parte

390 4598 610 4652 πλείονα
646 4600 871 4663 ἔδωκας,
919 4600 1039 4653 οὐδὲ
1091 4602 1306 4671 ἐχρήσω
1353 4597 1419 4651 ἂν
1468 4598 1723 4670 λοιδορία,
1768 4598 1855 4651 ἵνα
1889 4596 1962 4668 μὴ

2074 4620 2177 4657 non
2215 4601 2383 4655 fuisse
2410 4600 2524 4653 Arii
2559 4597 2796 4653 asseclas
2818 4635 2835 4662 ,
2869 4611 3007 4665 quos
3041 4611 3141 4652 nec
3174 4598 3457 4653 nominare
3486 4599 3644 4655 nobis

390 4690 530 4742 εἴπω
581 4689 917 4762 βλασφημίᾳ,
975 4690 1181 4762 νικώσῃ
1241 4688 1302 4742 τὸ
1357 4690 1614 4759 μέτριον·
1666 4689 1863 4743 εἰδέναι
1906 4688 1962 4742 δὲ

2072 4693 2232 4756 licet,
2269 4706 2368 4746 nec
2413 4703 2675 4752 noscere,
2720 4686 2990 4743 reveritus
3032 4701 3128 4742 eos
3174 4696 3364 4757 utpote
3404 4688 3501 4754 qui
3542 4689 3640 4745 tibi

391 4776 535 4851 εἶχες
567 4781 655 4846 ἂν,
682 4784 765 4836 ὅτι
799 4782 1091 4855 συμπαρῆν
1118 4782 1212 4836 καὶ
1246 4782 1502 4852 συνήργει
1546 4782 1798 4853 ἀρρήτως
1823 4782 1961 4836 πάν-

2071 4797 2267 4837 nomen
2297 4779 2535 4849 episcopi
2580 4777 2691 4849 (80)
2727 4777 3149 4846 imposuerunt,
3188 4791 3313 4832 cum
3344 4784 3503 4833 antea
3550 4791 3644 4834 or-

462 4961 573 5031 (70)
629 4962 792 5015 Alius.
833 4961 1033 5020 Codex.
1085 4960 1229 5015 ἄλλω
1273 4977 1378 5024 τις.
1442 4958 1587 5024 Lego
1643 4959 1801 5023 ἄλλος
1852 4976 1957 5031 τις.

389 5029 569 5087 Malim
608 5034 770 5087 etiam
816 5031 1136 5103 πολεμήσοι,
1173 5031 1255 5086 vel
1303 5030 1611 5102 πολεμήσῃ,
1661 5045 1761 5101 pro
1802 5029 1960 5083 πολε-

436 5105 576 5155 ήσει.

392 5120 576 5240 ungat;
620 5169 738 5225 Nisi
780 5171 906 5224 ubi.
940 5209 994 5225 ..
1044 5186 1213 5225 sermo
1263 5171 1351 5224 sit.
1404 5167 1459 5223 In
1513 5168 1726 5234 Grmcn,
1778 5169 1830 5222 ει
1884 5167 1959 5240 μὴ

393 5238 716 5296 ὑποθέσεων.
759 5241 979 5295 Videtur
1014 5244 1271 5294 omissum
1300 5240 1500 5307 aliquid
1541 5257 1569 5292 a
1615 5240 1861 5301 librario,
1890 5238 1955 5292 ut

393 5307 671 5381 lcgemlutu
699 5313 789 5375 sit,
816 5311 1043 5379 exempli
1070 5314 1264 5381 gratia,
1296 5312 1344 5362 εί
1383 5308 1460 5381 μὴ
1488 5310 1581 5363 ἐπὶ
1626 5308 1953 5365 ὑποθέσεων.

461 5378 572 5449 (72)
616 5379 818 5449 Parcis.
860 5378 990 5444 Sap.
1022 5378 1094 5443 at,
1132 5380 1282 5449 ﬂet
1309 5378 1426 5448 seq.

463 5447 573 5519 (73)
607 5447 878 5519 Charitas.
913 5449 1066 5519 llotn.
1100 5464 1155 5515 ν,
1188 5447 1242 5503 5.

2143 4958 2252 5031 (77)
2293 4958 2541 5031 Fructus.
2588 4958 2960 5031 Galat._v,722
2980 4964 3034 5031 et
3062 4953 3356 5031 25.))Biblia
3392 4970 3493 5026 pro
3530 4955 3640 5031 γάρ

2068 5026 2271 5100 habent
2281 5029 2348 5100 δέ
2373 5046 2387 5060 ·
2413 5044 2542 5100 _quo
2575 5030 2735 5084 modo
2772 5028 2909 5100 legit
2943 5026 3106 5100 etiam
3157 5026 3416 5099 Didymus
3467 5026 3639 5099 segru'.

2066 5100 2138 5155 55
2163 5098 2217 5169 ὁ,
2254 5099 2385 5169 Vide
2412 5098 2698 5169 Vulgatam
2747 5098 3177 5169 translationem.

2138 5168 2249 5237 (78)
2292 5167 2575 5234 Quoniam.
2619 5168 2775 5223 Rom.
2804 5185 2882 5233 XI,
2917 5168 3005 5223 36.

2137 5236 2249 5321 (2??
2282 5236 2488 5321 ιζιθειεε·
2519 5236 3641 5321 Ρη)ὲγγρηγρρουγοεπιρηάοέγρηγόρρυνε

2136 5306 2248 5379 (80)
2290 5306 2495 5363 Nomen
2535 5306 2781 5379 episcopi.
2798 5306 2932 5379 illac
2979 5309 3254 5379 locutione
3296 5306 3639 5379 aut'indicat

2065 5376 2187 5435 eum
2225 5376 2385 5447 auem
2435 5377 2652 5443 refellit,
2711 5378 2958 5460 σχολαῖον
3004 5379 3100 5461 (.nt
3136 5376 3393 5432 Socrates
3443 5376 3538 5432 lib.
3584 5392 3640 5434 tv

2065 5449 2211 5504 Hist.
2254 5447 2378 5503 εδει.
2426 5463 2547 5519 cap.
2588 5447 2621 5501 7
2676 5447 2972 5519 loquitur),
3025 5447 3078 5503 td
3126 5456 3212 5502 est
3261 5456 3636 5519 (vacantem)

462 5488 573 5597 ζῇς
608 5488 1155 5597 ξέἱξὲἱὶἔῆἱιὲξᾝέηἷῖ
1175 5488 1292 5597 illi,
1325 5519 1413 5574 ιι.
2064 5488 2389 5597 ᾖᾙῖἑξοῦἶῖεῇ
2412 5488 2615 5597 ῇιῖἒέεἱ
2654 5488 3639 5597 εἰἷῖὣᾷἱιξῖοόἷιιέἇι’ριὶιέ“ἐᾷὁ’ἑᾶ“ἐιο

614 5590 718 5668 Qui
743 5586 885 5658 ergo.
915 5586 1093 5668 ι’ξξιιιιι2
1121 5604 1198 5668 n_t,
1239 5588 1333 5668 ξ...
1447 5657 1462 5668 _
1788 5666 1796 5668 Δ
1937 5657 1954 5668 _
2064 5586 2307 5668 loquitur
2333 5588 2604 5668 Didymus,
2625 5597 2684 5642 ut
2705 5586 2827 5668 enin
2861 5586 3636 5668 indicetpsgudofepiscop't‘tm

460 5651 572 5736 (76)
613 5651 896 5736 Sinltttlém.
934 5656 1128 5736 Nonio
1157 5651 1264 5713 l’ail
1292 5658 1418 5736 Dor.
1447 5657 1561 5712 hmo
1578 5666 1825 5736 exstant,
1861 5657 1955 5713 sed
2067 5675 2096 5711 a
2131 5651 2597 5736 se_hahe.ri':_qua
2626 5659 2836 5736 ratione
2885 5651 3105 5736 concilii
3149 5651 3637 5736 Sard_i_cens.is_"l_’a-

390 5729 446 5808 i_n
470 5722 567 5808 Ep;
588 5732 653 5782 ad
672 5726 847 5780 Galat.
869 5742 922 5808 v_,
948 5726 1033 5780 £8.
1058 5726 1241 5782 Grmra
1257 5727 1422 5782 editio
1445 5744 1549 5784 non
1577 5728 1739 5785 habet
1767 5722 1957 5785 vecetu
2070 5730 2260 5808 tresjn
2295 5722 2547 5808 epistola_
2558 5728 2847 5808 synodica,
2877 5728 2944 5782 de
2974 5726 3240 5808 episcopis
3270 5723 3445 5808 magni
3471 5722 3640 5808 Atba-
3670 5790 3679 5800 _
3706 5742 3707 5745 η

387 5801 490 5865 ἐτι,
519 5794 569 5855 id
597 5808 681 5854 est
719 5814 737 5846 ι
767 5798 1011 5867 amplius.
1042 5815 1060 5849 ι
2071 5799 2208 5855 nasii
2274 5794 2605 5855 adversariis
2662 5807 2717 5854 et
2768 5794 3249 5853 calumniatoribus
3325 5794 3637 5865 loquentes,
