4054 6404
519 347 625 405 615

1761 341 1994 395 DIDYMI
2038 339 2505 398 AIJ'ZXA‘SDBINI

3656 341 3748 397 ϐίθ

518 465 769 520 thodoxte
810 469 868 516 et
903 457 1215 530 apostolica:
1258 455 1512 511 Ecclesiae
1572 456 1835 512 diaconus
1894 472 2087 520 esses;

2198 472 2300 506 των
2359 456 2896 527 δημιουργουμένων,
2953 457 3048 509 ἆτε
3097 453 3322 526 Πνεῦμα
3366 454 3458 509 τοῦ
3507 455 3635 510 Θεοῦ
3676 460 3751 512 ἐν·

517 569 792 624 nunquam
843 568 944 616 ea,
983 567 1101 620 qua:
1143 551 1208 603 de
1251 547 1458 616 Spiritu
1503 558 1692 602 sancto
1731 548 1874 600 dicta
1927 557 2051 600 sunt
2077 586 2092 609 ,

521 663 644 698 cum
679 646 744 699 iis
776 657 1185 714 comparasses,
1218 637 1338 710 qua:
1375 641 1438 692 de
1465 640 1732 694 creaturis
1779 639 1920 693 dicta
1972 637 2089 693 fne-

519 745 679 795 runt.
715 752 814 789 nec
844 736 940 802 iis,
971 733 1062 802 qui
1100 732 1195 786 tibi
1231 733 1283 786 in
1317 733 1594 800 impietate
1624 731 1756 785 socii
1791 741 1948 796 sunt,
1981 747 2096 784 ma-

513 826 689 898 jorem
734 827 1100 896 suspicionem
1133 828 1544 896 iugenerasses,
1581 838 1755 892 neque
1801 824 2048 878 convicio
2075 863 2092 888 ,

440 959 474 978 ς
518 935 590 974 ne
621 919 794 972 dicam
829 917 1202 986 blasphemia,
1242 915 1460 970 modmn
1506 931 1722 970 omnem
1762 917 2090 978 excedente,

519 1027 652 1066 usus
682 1027 832 1066 esses
867 1034 879 1066 :
910 1011 1002 1066 sed
1047 1009 1173 1063 illud
1203 1007 1347 1064 scire
1392 1007 1658 1077 potuisses
1681 1047 1696 1071 ,
1735 1009 1878 1076 quod
1931 1007 2095 1060 simul

518 1106 708 1159 aderat
743 1103 982 1172 Spiritus
1010 1112 1236 1157 sanctus
1256 1141 1272 1165 ,
1309 1109 1371 1156 et
1399 1100 1560 1156 simul
1591 1100 1919 1169 operabatur
1950 1097 2092 1152 inef-

519 1194 783 1260 fabiliter,
817 1209 940 1248 cum
975 1193 1157 1246 omnia
1195 1193 1412 1246 condita
1445 1201 1602 1254 sunt,
1641 1200 1827 1259 utpote
1857 1187 2095 1259 Spiritus

519 1287 614 1341 Dei
651 1285 706 1340 in
737 1285 926 1339 eodem
956 1284 1303 1345 subsistens;
1338 1283 1430 1336 Dei
1465 1297 1596 1335 vero
1632 1291 1688 1335 et
1729 1279 1904 1334 Patris
1942 1295 2088 1334 com-

517 1377 786 1448 placentia
819 1377 1040 1430 omnino
1074 1377 1172 1430 fuit
1195 1416 1210 1440 ,
1242 1377 1386 1431 sicut
1426 1375 1677 1446 superius
1727 1375 1930 1426 dictum
1975 1382 2094 1437 est,

515 1484 616 1540 per
663 1467 858 1522 Filium
913 1466 1147 1522 Verbum
1189 1467 1370 1521 omnia
1418 1483 1484 1520 ex
1520 1464 1690 1520 nihilo
1727 1465 1984 1533 produci,
2023 1465 2094 1518 ita

517 1569 574 1612 nt
613 1558 774 1612 simul
803 1575 925 1612 cum
959 1558 1076 1628 ipso
1111 1559 1444 1628 intelligatur
1471 1555 1604 1628 (qni
1635 1556 1779 1609 enim
1815 1555 1974 1609 aliter
2011 1571 2096 1609 res

514 1664 636 1704 esse
667 1647 924 1720 potest?)
949 1665 1072 1703 cum
1107 1649 1220 1717 ipse
1245 1647 1428 1714 Pater,
1460 1655 1571 1698 tum
1601 1646 1952 1700 sanctiﬁcans
1979 1645 2096 1715 ejus

517 1741 792 1810 Spiritus,
849 1741 902 1794 in
959 1741 1282 1794 creatione:
1333 1739 1646 1794 lmminihus
1681 1753 1813 1791 vero
1843 1747 2089 1802 tantum,

515 1839 610 1886 aut
645 1832 810 1887 etiam
851 1831 1058 1902 angelis
1097 1832 1456 1902 contingere,
1497 1841 1557 1885 ut
1591 1831 1772 1884 multis
1809 1831 2089 1898 personis,

514 1931 573 1976 et
608 1922 862 1977 manibus
889 1921 1170 1990 indigeant
1201 1923 1268 1976 ad
1303 1921 1568 1992 quidlibet
1611 1921 1850 1989 perfecte
1875 1961 1892 1980 .
1933 1929 1988 1974 et
2017 1918 2094 1975 fe-

515 2011 608 2066 l-ici
635 2027 757 2066 cum
793 2013 942 2067 exitu
972 2011 1140 2082 216
1167 2010 1494 2065 faciendum.
1542 2011 1617 2066 De
1653 2011 1740 2066 his
1773 2023 1954 2064 amem
1996 2023 2095 2065 nos

515 2101 606 2156 ille
637 2111 820 2158 certos
852 2103 1066 2167 reddit,
1100 2103 1193 2173 qui
1240 2103 1293 2156 in
1335 2117 1431 2166 ea,
1478 2116 1598 2171 qua:
1630 2117 1725 2171 per
1765 2101 2092 2170 baptismum

515 2195 597 2256 lit,
631 2203 814 2247 nostra
844 2192 1122 2248 hominum
1159 2192 1598 2262 regeneratione,
1634 2191 1899 2262 Spiritum
1932 2191 2093 2246 simul

513 2299 638 2340 cum
671 2285 790 2339 aliis
822 2285 1070 2354 personis
1109 2285 1524 2340 commemorari
1569 2285 1728 2352 jussit
1760 2302 1776 2350 ;
1821 2300 1944 2338 nam
1979 2286 2095 2353 ipse

514 2391 731 2446 quoque
763 2385 1226 2432 commemoratur
1249 2365 1512 2431 'ut'simnl
1545 2391 1820 2446 praesens,
1851 2387 1909 2432 et
1933 2377 2095 2431 simul

513 2481 748 2538 operans
767 2507 783 2530 ,
808 2477 858 2522 et
887 2466 1142 2522 ineffabili
1179 2477 1370 2522 natura
1400 2483 1504 2522 non
1533 2466 1778 2526 inferior,
1811 2467 1903 2522 Sic
1932 2481 2085 2539 ergo,

515 2569 574 2614 et
602 2573 707 2612 non
741 2561 900 2614 aliter
939 2559 1053 2614 hzec
1081 2575 1142 2614 se
1177 2562 1406 2625 habent,
1455 2570 1512 2615 et
1557 2559 1708 2630 plura
1757 2569 1936 2614 tamen
1976 2560 2089 2630 (8|)

515 2649 700 2706 dicere
731 2651 1000 2706 omittam.
1041 2652 1114 2707 At
1147 2651 1290 2707 enim
1337 2668 1433 2722 per
1484 2651 1748 2720 Spiritum
1779 2652 1942 2707 etiam
1977 2651 2093 2707 dis-

519 2741 707 2797 tribuit
734 2743 873 2797 Deus
891 2783 906 2806 ,
935 2742 1078 2798 sicut
1113 2759 1208 2812 per
1225 2741 1461 2798 Verbum
1484 2759 1639 2797 suum
1658 2753 1826 2796 creat.
1860 2740 1966 2797 Sed
1995 2743 2098 2796 hoc

443 2867 454 2879 ι
516 2849 640 2888 eum
687 2849 717 2887 a
759 2835 960 2890 deitate
1009 2850 1118 2888 non
1163 2835 1442 2902 excludit,
1473 2835 1614 2890 sicut
1651 2851 1717 2889 ne
1747 2834 1941 2888 Filium
1971 2836 2094 2903 qui-

516 2927 640 2982 dem
671 2945 686 2982 :
720 2927 851 2996 quin
885 2928 996 2982 imo
1031 2930 1145 2983 haec
1171 2929 1336 2984 etiam
1366 2928 1701 2996 ostendunt,
1751 2927 1928 2998 ipsum
1973 2943 2098 2982 esse

517 3017 687 3074 Deum
719 3039 730 3072 :
764 3020 1019 3088 quoniam
1055 3021 1120 3074 iis
1146 3059 1162 3085 ,
1201 3021 1291 3088 qui
1329 3034 1426 3090 per
1463 3018 1660 3074 Filium
1704 3019 1876 3075 creati
1927 3029 2054 3074 sunt
2077 3059 2094 3084 ,

2195 547 2496 601 υπὸστατον
2523 563 2536 577 ’
2576 547 2832 618 εὐδόκησε
2879 547 2937 599 δὲ
2993 546 3138 613 ἅπαξ
3181 548 3210 599 ὁ
3251 546 3382 609 Θεὸς
3421 548 3511 600 καὶ
3559 549 3750 620 Πατὴρ,

2195 638 2337 692 καθά
2368 639 2625 710 ἀνωτέρω
2667 640 2900 708 εἴρηται,
2950 638 3038 692 διὰ
3077 638 3171 692 τοῦ
3210 637 3337 692 Υἱοῦ
3387 639 3555 706 Λόγου
3595 640 3753 692 πάντα

2195 732 2261 783 ἐκ
2305 731 2380 801 μὴ
2421 731 2588 784 ὅντων
2648 729 3050 802 παροισθῆναι,
3103 731 3580 798 συνεπινοουμένου
3621 732 3638 797 (
3651 731 3754 793 πῶς

2195 823 2304 894 γὰρ
2347 821 2470 892 οὓς)
2501 822 2664 876 αὐτοῦ
2699 839 2755 874 τε
2801 821 2894 875 τοῦ
2939 821 3151 894 Πατρὸς
3185 823 3278 874 καὶ
3317 821 3413 874 τοῦ
3455 821 3752 890 ἀγιαετικοῦ

2196 913 2511 984 Πνεύματος
2543 913 2708 966 αὐτοῦ
2743 915 2824 976 εἰς
2860 913 2922 967 τὸ
2969 913 3366 984 δημιουργῆσαι
3389 930 3402 942 °
3441 915 3532 966 ἐπὶ
3566 912 3754 984 ἀνθρὼ-

2198 1023 2314 1058 πων
2333 1005 2412 1070 δὲ,
2439 1005 2473 1076 ἢ
2504 1006 2594 1059 καὶ
2622 1005 2889 1074 ἀγγέλων,
2922 1005 3081 1076 χρεία
3105 1005 3315 1058 πολλῶν
3350 1004 3646 1076 προσώπων
3671 1006 3755 1058 καὶ

2196 1096 2394 1168 χειρῶν
2423 1099 2503 1162 είς
2539 1097 2598 1150 τὸ
2622 1097 2842 1159 τελείως
2863 1097 2956 1148 καὶ
2985 1097 3413 1172 περιγεγονόσως
3433 1097 3604 1150 ὁτιοῦν
3629 1099 3756 1168 πρᾶ-

2197 1185 2304 1252 ξαι.
2363 1189 2693 1256 Διεγγυᾶται
2737 1187 2793 1240 δὲ
2837 1185 2924 1258 [99
2955 1186 3009 1258 α]
3045 1186 3216 1240 ταῦτα
3264 1189 3293 1241 δ
3335 1187 3594 1249 θεσπίσας
3629 1204 3754 1256 συμ-

2199 1280 2634 1354 μνημονεύεσθαι
2664 1279 2793 1333 αὐτὸ
2823 1283 2880 1334 ἐν
2907 1283 2972 1352 τῇ
3004 1279 3098 1332 τοῦ
3147 1279 3522 1350 βαπτίσματος
3548 1281 3756 1346 ἀναγεν-

2195 1373 2348 1442 νήσει
2391 1371 2580 1441 ήμῶνο
2621 1371 2698 1436 ὼς
2749 1371 3035 1443 συμπαρὸν
3063 1373 3204 1442 γὰρ.
3249 1373 3344 1425 καὶ
3389 1373 3754 1443 συμπρᾶττον.

2196 1463 2291 1517 καὶ
2336 1463 2433 1534 τῆς
2476 1464 2716 1534 ἀρρήτου
2756 1462 2969 1532 φύσεως
3001 1463 3099 1533 οὐχ
3149 1463 3604 1532 ὑποϐιϐαζὸμενον
3637 1479 3756 1532 μνη-

2199 1549 2486 1618 μονεύεται
2517 1551 2610 1602 καὶ
2641 1550 2791 1603 αὑτό.
2826 1548 3013 1613 Οὕτως
3054 1551 3158 1621 μὲν
3185 1547 3278 1605 οὖν
3313 1551 3507 1615 ταῦτα,
3536 1551 3626 1604 καὶ
3667 1551 3756 1604 οὐκ

2195 1639 2391 1704 ἄλλως.
2436 1642 2530 1694 κα)⁵
2578 1641 2748 1694 πλείω
2786 1643 3018 1714 παρήσω
3065 1643 3244 1712 λέγειν
3280 1643 3450 1712 ὅμως.
3491 1641 3644 1695 Ἀλλά
3673 1643 3756 1694 καὶ

2195 1727 2286 1782 διὰ
2313 1728 2405 1782 τοῦ
2436 1729 2750 1800 Πνεύματος
2782 1729 3022 1800 διανέμει
3055 1730 3085 1782 ὁ
3121 1730 3274 1794 Θεὸς.
3303 1729 3378 1793 ὡς
3423 1727 3509 1781 διὰ
3543 1726 3632 1779 τοῦ
3665 1725 3754 1778 Δό-

2193 1833 2292 1886 γου
2315 1816 2480 1872 αὐτοῦ
2513 1817 2706 1882 κτίζει.
2743 1817 2913 1873 Τοῦτο
2944 1817 3044 1872 οὐκ
3081 1818 3332 1873 ἐκϐάλλει
3363 1818 3495 1872 αὐτὸ
3523 1817 3620 1886 τῆς
3649 1815 3755 1868 θεό-

2193 1927 2374 1981 τητος,
2401 1910 2477 1976 ὡς
2514 1910 2634 1965 οὐδὲ
2688 1910 2778 1964 τὸν
2812 1909 2971 1964 Υίόνο
3021 1909 3212 1982 μενοῦν
3262 1927 3325 1979 γε
3365 1911 3458 1964 καὶ
3489 1906 3755 1976 ἀποφαίνει

2194 2004 2288 2057 καὶ
2313 2003 2400 2057 διὰ
2417 2002 2622 2056 τούτων
2651 2002 2783 2056 αὐτὸ
2813 2002 2964 2056 Θεόν.
3009 2002 3228 2073 Ἐπειδὴ
3262 2005 3375 2066 τοῖς
3411 2001 3498 2054 διὰ
3526 2000 3614 2053 τοῦ
3641 1998 3754 2052 Υίοῡ

2194 2095 2484 2162 κτισθεῖσι,
2527 2095 2616 2148 διά
2665 2096 2760 2148 τοῦ
2803 2093 2960 2164 ἁγίου
2990 2095 3304 2165 Πνεύματος
3330 2094 3402 2146 τὰ
3437 2093 3571 2164 πρὸς
3600 2107 3756 2161 σωτη-

2199 2187 2318 2260 ρίαν
2352 2189 2447 2242 καὶ
2478 2187 2752 2258 πανταχοῦ
2779 2186 3086 2257 λαλούμενα
3118 2186 3420 2257 παρέχεται
3441 2183 3633 2253 ἀγαθά.
3662 2181 3758 2234 Θά-

2193 2295 2352 2350 τερον
2379 2279 2488 2350 γὰρ
2521 2277 2750 2349 θατέρου
2789 2279 3047 2350 ἤρτηται,
3087 2277 3179 2330 καὶ
3207 2275 3286 2347 τῷ
3317 2273 3756 2347 δημιουργηθέντι

2197 2369 2622 2441 συμφορώτερον
2656 2368 2752 2423 τοῦ
2793 2368 3258 2440 δημιουργηθῆναι
3300 2367 3361 2422 τὸ
3410 2365 3752 2440 προνοεῖσθαι,

2196 2461 2291 2516 καὶ
2313 2461 2408 2514 τοῦ
2441 2461 2654 2532 ρἐντος
2680 2460 2918 2532 πλήθους
2944 2460 3053 2514 τῶν
3081 2461 3140 2528 ἐξ
3167 2461 3399 2533 οὐρανοῦ
3445 2460 3602 2514 θείων
3637 2473 3756 2510 κατ-

2195 2551 2480 2616 αξιοῦσθαι
2515 2550 2732 2624 δώρωνο
2761 2552 2854 2604 καὶ
2883 2551 3273 2624 προτετίμηται
3299 2549 3576 2622 πανταχοῦ
3606 2548 3663 2601 τὸ
3693 2544 3758 2617 μὴ

2193 2641 2468 2712 γενέσθαι,
2498 2641 2592 2695 τοῦ
2639 2642 2930 2714 γενόμενον
2976 2641 3226 2709 ἀτευξίαν
3257 2642 3402 2714 ἔχειν
3429 2641 3536 2694 τῶν
3571 2637 3758 2694 ἄνωθεν

2195 2734 2554 2804 ἀδαπανήτων
2587 2732 2838 2802 ἀγαθῶνο
2874 2733 2911 2787 ἀ
2939 2735 3032 2788 καὶ
3057 2734 3307 2805 διδόμενα
3333 2735 3436 2804 οὐχ
3459 2734 3663 2802 ὁρᾶται.
3691 2735 3758 2792 ὼς

2193 2829 2292 2882 καί⁹
2326 2829 2355 2880 ὁ
2399 2826 2575 2889 διδοὺς
2608 2826 2703 2879 καὶ
2739 2825 2806 2878 δι’
2839 2823 3048 2879 αἰώνων
3086 2827 3339 2896 ἐπαρκεῖ,
3387 2826 3479 2880 καὶ
3507 2819 3759 2894 ἀγνοεῖταί

2197 2937 2333 2984 πως.
2375 2919 2450 2974 Οὐ
2493 2918 2603 2990 γὰρ
2638 2918 2746 2972 ἴδεν
2783 2904 2925 2971 αὐτὰ
2955 2917 3128 2989 ὄμμα.
3167 2917 3292 2972 οὔτε
3332 2919 3564 2990 ἤκουσεν
3595 2909 3696 2976 οὖς.
3726 2911 3754 2981 ἢ

2197 3013 2278 3076 εἰς
2310 3010 2604 3081 ἐνθύμησιν
2645 3006 2776 3082 ἦλθέ
2810 3027 2898 3062 πω
2923 3028 2936 3041 ο
2986 3011 3080 3064 καὶ
3129 3009 3420 3080 πρόκειται
3466 3011 3530 3080 τῇ
3578 3003 3756 3076 γνώσει

513 3125 614 3180 per
640 3108 900 3180 Spiritum
933 3121 1178 3166 sanetqu
1217 3115 1352 3166 bona
1385 3111 1724 3180 prabentur,
1757 3125 1878 3180 quze
1901 3111 1968 3164 ad
2003 3125 2095 3164 sa-

2199 3102 2357 3174 ήμῶν
2385 3103 2494 3156 πᾶν
2521 3102 2648 3174 περὶ
2676 3101 2857 3156 αὐτῶν
2895 3101 3028 3172 ὕψος
3067 3100 3550 3172 συλλογιζομένων,
3589 3099 3687 3150 πᾶν
3705 3109 3756 3146 τε

514 3199 680 3255 lutem
723 3201 1046 3269 conferunt,
1093 3217 1322 3273 qumque
1357 3202 1558 3271 ubique
1587 3201 1975 3256 celebrantur:
2011 3200 2096 3254 al-

516 3301 692 3346 terum
723 3293 866 3348 enim
895 3294 962 3346 ah
991 3292 1161 3348 altero
1207 3293 1447 3362 pendet,
1497 3302 1553 3346 et
1598 3301 1864 3346 creatura:
1915 3291 2099 3345 utilior

513 3395 600 3439 est
634 3384 990 3454 providentia,
1016 3387 1354 3453 copioseque
1382 3384 1682 3439 divinorqu
1707 3399 1772 3439 ac
1795 3383 2095 3438 ccelestium

514 3473 782 3526 donorum
811 3473 1172 3528 multitudinis
1194 3476 1544 3538 consecutio,
1572 3489 1736 3543 quam
1769 3475 1974 3529 creatio
2001 3491 2016 3539 ;
2045 3483 2099 3528 et

515 3562 687 3634 pluris
717 3565 784 3614 ab
817 3563 1070 3619 omnibus
1103 3564 1407 3618 restituatur
1441 3579 1548 3618 non
1581 3565 1850 3618 exsistere
1871 3605 1886 3628 ,
1935 3580 2096 3630 quam

515 3667 642 3708 cum
673 3653 936 3720 exsistas,
965 3671 1197 3724 superna
1233 3655 1556 3710 inexhausta
1593 3657 1728 3709 bona
1765 3672 1868 3709 non
1901 3671 2094 3710 conse-

516 3745 608 3814 qui
639 3763 654 3812 ;
689 3761 810 3814 qua:
849 3747 1010 3799 ctiant
1056 3762 1176 3800 cum
1231 3747 1450 3810 dantur,
1498 3763 1604 3800 non
1649 3748 2088 3816 conspiciuntur,

517 3838 662 3892 sient
691 3851 882 3891 eorum
919 3839 1078 3892 etiam
1134 3839 1364 3894 donator
1395 3851 1450 3894 et
1490 3839 1545 3892 in
1582 3840 1777 3893 saecula
1810 3840 2094 3910 elargitnr,

517 3935 576 3982 et
622 3927 1022 3995 quodammodo
1072 3927 1402 3998 ignoratur:
1457 3944 1554 3982 nec
1585 3930 1729 3981 cnim
1781 3945 1842 3982 ea
1905 3928 2096 3984 oculus

517 4018 686 4083 vidit,
743 4032 920 4087 neque
969 4020 1118 4072 auris
1179 4020 1418 4085 audivit,
1475 4035 1648 4090 neque
1684 4022 1734 4074 in
1773 4033 2010 4076 mentem
2043 4034 2100 4079 et

515 4109 900 4180 cogitationem
963 4117 1204 4164 nostram
1265 4121 1577 4174 venerunt,
1641 4126 1740 4165 nec
1797 4114 2094 4180 cognitioni

2199 3197 2393 3260 κάλλος
2426 3195 2810 3264 συλλεγόντων,
2841 3197 2992 3259 ὅπως
3021 3195 3137 3248 ποτ’
3179 3190 3272 3248 οὖν
3303 3193 3516 3266 πελάζῃ
3541 3189 3616 3260 τῷ
3642 3183 3760 3257 πρέ-

2197 3305 2352 3342 ποντι
2392 3291 2424 3358 ἡ
2452 3287 2630 3352 πίστις
2649 3303 2663 3316 ·
2694 3287 2822 3340 ἔνθα
2850 3285 2957 3357 γὰρ
2989 3285 3120 3340 αὐτὸ
3159 3285 3411 3356 τάληθὲς,
3437 3285 3470 3356 ἢ
3499 3276 3758 3351 τάκριεὲςι

2197 3379 2332 3443 τέως
2360 3381 2458 3450 οὐχ
2481 3377 2776 3450 ἁλώσιμον,
2803 3381 2858 3441 ὲς
2883 3379 2945 3431 τὸ
2967 3377 3189 3431 δυνατὸν
3211 3377 3290 3430 δεῖ
3313 3377 3551 3447 βλέπειν.
3591 3369 3764 3424 Ἀπλα-

2196 3469 2294 3540 vi];
2343 3465 2434 3523 οὖν
2477 3469 2625 3536 ἔλεξε
2680 3468 2831 3540 φωνὴ
2882 3469 3010 3540 περὶ
3055 3469 3148 3522 τοῦ
3183 3455 3484 3538 γενομένου
3513 3461 3761 3537 ἀμετόχου

2197 3559 2434 3614 τούτων·
2485 3579 2503 3610 ι
2539 3560 2716 3614 Καλὸν
2761 3555 2828 3632 ἦν
2872 3559 2950 3631 τῷ
3001 3559 3272 3631 ἀνθρώπῳ
3319 3562 3534 3629 ἐκείνῳ,
3577 3557 3624 3609 εί
3673 3551 3762 3604 οὐκ

2197 3651 2482 3723 ἐγεννήθη.
2519 3669 2537 3701 ι
2589 3651 2760 3714 Αὐτὸς
2811 3646 2904 3704 οὖν
2962 3653 3184 3705 σεαυτὸν
3232 3651 3299 3704 δι’
3346 3653 3528 3712 αἰτίας
3577 3647 3762 3718 ἢγαγες

2197 3743 2323 3814 ήδη,
2353 3743 2449 3795 καὶ
2473 3743 2548 3806 εἰς
2581 3743 2774 3795 ἑαυτὸν
2816 3741 3197 3813 περιέτρεψας.
3229 3743 3296 3813 ῆν
3325 3742 3456 3797 εἴλω
3482 3739 3598 3794 καθ’
3624 3734 3763 3806 ἡμῶν

2198 3832 2570 3904 κατηγορίαν’
2617 3831 2710 3886 καὶ
2751 3831 2934 3894 ἁπλῶς
2964 3833 3074 3884 τῶν
3118 3831 3256 3901 ἀέρα
3292 3831 3600 3884 τυπτόντων
3628 3822 3763 3878 οὐδὲν

2197 3925 2474 3996 διαφέρειν
2533 3923 2748 3991 ἔδοξας,
2801 3924 3095 3996 προαχθεὶς
3157 3927 3237 3988 είς
3295 3923 3357 3976 τὸ
3412 3920 3638 3994 ἀπορίας
3693 3931 3763 3966 τι·

2199 4016 2318 4081 νὰς.
2364 4016 2426 4068 τὸ
2482 4015 2546 4087 δὴ
2605 4016 2914 4088 λεγόμενον,
2960 4015 3246 4078 καττύσαι,
3311 4017 3406 4070 καὶ
3441 4015 3528 4088 [99
3574 4010 3622 4082 ιι]
3675 4022 3762 4078 με-

2197 4105 2332 4171 ταξὺ
2371 4106 2530 4160 θείων
2573 4105 2916 4178 πραγμάτων
2967 4107 3060 4160 καὶ
3105 4105 3480 4181 διηγημάτων⁴
3505 4105 3582 4167 είς
3617 4099 3764 4171 μέσον

517 4209 718 4254 nostra:
771 4200 1012 4267 exposita
1053 4209 1212 4266 sunt;
1247 4200 1342 4255 sed
1381 4201 1639 4270 quidquid
1691 4202 1976 4257 excelsum
2031 4219 2096 4258 ac

2201 4199 2418 4268 ἀσόφως
2438 4197 2645 4270 φέρειν,
2675 4199 2775 4268 τῆς
2809 4197 2997 4270 χρείας
3033 4199 3134 4252 οὐκ
3171 4197 3527 4270 ἀπαιτούσης,
3557 4194 3686 4248 ἄλλα
3712 4184 3764 4238 τέ

515 4290 750 4348 sublime
771 4331 788 4358 ,
820 4291 1083 4362 quidquid
1119 4292 1405 4363 pulchrum
1445 4309 1668 4362 usquam
1699 4305 1783 4348 est
1809 4335 1825 4362 ,
1857 4295 1908 4349 id
1941 4311 2096 4350 omne

2201 4309 2322 4347 τινα
2351 4291 2533 4356 ὑλικὰ,
2563 4291 2659 4344 καὶ
2689 4291 2870 4362 μέντοι
2923 4290 3012 4344 τὴν
3069 4289 3475 4361 ἀντικείμενον,
3511 4287 3602 4341 καὶ
3643 4287 3766 4336 ἁπο-

517 4382 681 4438 simul
737 4393 923 4438 mente
977 4383 1316 4456 colligimus,
1371 4396 1431 4440 ut
1481 4386 1596 4458 (82)
1647 4389 1828 4456 aliquo
1883 4388 2096 4442 tandem

2204 4383 2556 4456 ϐεϐλημένον,
2598 4385 2692 4437 καὶ
2729 4379 2926 4454 οἷάπερ
2969 4383 3157 4449 ἔλεξας
3199 4385 3587 4438 ὑποϐάλλοντα.
3636 4368 3764 4430 Πολύ

515 4487 682 4542 modo
735 4487 801 4542 ad
853 4487 1136 4543 veritatem
1193 4490 1418 4544 accedat
1467 4490 1601 4546 ﬁdes
1641 4502 1867 4558 nostra;
1917 4493 1972 4546 in
2019 4491 2096 4546 al-

2204 4491 2264 4529 τε
2301 4475 2527 4546 ἀπέχεις
2554 4474 2664 4529 τῶν
2690 4473 2932 4538 ἐπιεικές
2973 4493 3024 4528 τι
3071 4476 3164 4530 καὶ
3197 4475 3431 4547 χρηστὸν
3486 4464 3764 4537 πεποιηκό-

515 4599 636 4650 tera
667 4595 812 4650 enim
866 4595 976 4650 vita
1031 4595 1290 4651 duntaxat
1335 4597 1518 4653 divina
1575 4597 1662 4652 illa
1721 4597 1898 4662 bona,
1938 4606 2102 4668 prout

518 4715 712 4756 revera
769 4703 823 4757 in
881 4703 1085 4772 seipsis
1146 4712 1274 4758 sunt
1309 4746 1324 4770 ,
1387 4712 1444 4759 et
1502 4705 1622 4760 sine
1695 4704 1856 4770 velo,
1927 4719 2100 4774 quan-

519 4812 636 4856 tum
683 4817 913 4872 capaces
941 4806 1148 4859 erimus
1170 4844 1187 4870 ,
1218 4805 1572 4870 intuebimur,
1607 4821 1730 4861 cum
1770 4807 1824 4861 in
1851 4807 1952 4861 hac
1985 4806 2098 4862 vita

519 4907 802 4978 percipere
825 4909 1013 4964 eadem
1071 4926 1176 4965 non
1228 4910 1526 4966 valeamus.
1561 4912 1749 4981 Itaque
1781 4911 1828 4967 is
1852 4913 1944 4982 qui
1988 4910 2098 4965 falli

519 5027 628 5068 non
664 5021 878 5082 potest,
927 5014 996 5070 de
1025 5029 1092 5070 eo
1119 5017 1210 5086 qui
1244 5016 1509 5071 bonorum
1562 5017 1791 5070 istorum
1827 5015 2102 5084 particeps

519 5114 698 5169 factus
744 5129 850 5170 non
879 5124 983 5180 est,
1004 5117 1178 5172 dixit:
1207 5137 1228 5170 ι
1259 5099 1466 5173 Bonum
1497 5117 1710 5189 (85-75)
1741 5128 1862 5173 erat
1892 5117 2094 5172 homini

519 5247 642 5370 T324,
669 5249 1033 5318 συκοφαντίας
1057 5250 1228 5322 αὐτῆς
1251 5249 1442 5322 μισθὸν
1471 5249 1766 5334 (inquiunt)
1785 5249 1864 5322 τῷ
1897 5250 2116 5322 Ἰσχύρᾳ

517 5317 576 5370 δε
609 5334 818 5370 ωκασιν
851 5319 1154 5370 ἐπισκόπου
1193 5323 1398 5370 ὄνομα.
1441 5337 1522 5370 τω
1573 5321 1706 5370 μηδὲ
1750 5319 2112 5370 ποεσϐυτέοω

609 5316 824 5394 ώκασιν
851 5319 1154 5394 ἐπισκόπου
1184 5316 1398 5394 δνὸμᾳ,
1423 5316 1522 5394 -τῷ
1571 5316 1706 5394 μηδὲ
1745 5316 2112 5394 πρεσϐυτέρῴ

517 5387 868 5462 τυγχάνοντι,
891 5390 948 5462 id
968 5399 1068 5462 est
1107 5408 1122 5444 :
1157 5409 1176 5442 ι
1208 5387 1312 5460 Ipsi
1341 5387 1586 5462 Isclty'ra"
1619 5387 1904 5446 calumnia:
1957 5387 2112 5446 istius

522 5457 833 5530 mei-cedem
878 5457 1147 5514 dederunt
1192 5457 1386 5516 nomen
1434 5457 1698 5530 episcopi,
1745 5477 1868 5513 cum
1930 5471 2108 5514 tanien

523 5541 592 5598 ne
655 5526 946 5598 presbyter
995 5530 1213 5598 quidem
1271 5526 1488 5584 esset.i
1545 5526 1926 5586 Theolorems
1975 5545 2110 5583 vero

643 5593 692 5652 It’
715 5593 858 5652 Ηίεῐ.
885 5593 1040 5662 θεοιξ,
1070 5614 1191 5668 cap.
1221 5599 1318 5665 24,
1345 5599 1624 5655 Leontium
1675 5619 1704 5654 ιι
1736 5599 1994 5654 Flaviano
2037 5614 2103 5651 ac.

527 5663 770 5738 pjodoro
813 5663 1201 5738 reprehensum
1261 5663 1490 5734 narrat,
1543 5671 1686 5738 quad
1743 5669 1956 5738 Aetium
2005 5669 2098 5721 ἐπὶ

483 5731 674 5819 ian
708 5735 809 5806 τῆς
849 5731 1189 5819 ﬁmum:
1239 5739 1332 5819 ῖοβ
1381 5731 1504 5819 τῆς.
1523 5731 1816 5819 δερκονίας.
1843 5737 2103 5819 Mm

527 5800 818 5872 ὴξὶώξτατο,
847 5806 899 5865 id
931 5800 1092 5878 θείς(
1117 5809 1259 5877 quod
1297 5811 1350 5864 in
1385 5800 1638 5866 Ecclesia:
1667 5800 1956 5880 perniciem
1987 5800 2106 5864 dia-

2202 4585 2334 4634 των,
2374 4569 2468 4622 καὶ
2509 4568 2682 4632 οὐδείς
2743 4585 2803 4622 σε
2854 4567 3194 4641 Χριστιανῶν
3245 4568 3354 4622 τῶν
3404 4568 3504 4630 τὰς
3560 4557 3766 4632 Γραφὰς

2201 4657 2380 4732 ὀρθῶς
2419 4659 2515 4713 καὶ
2573 4658 2944 4731 ἀπροσπαθῶς
2999 4659 3478 4732 ἑκμελετησάντων
3500 4699 3516 4720 ,
3565 4655 3655 4708 καὶ
3693 4642 3766 4708 οἷς

2203 4749 2368 4814 εὐθὺς
2393 4749 2456 4802 τὸ
2481 4749 2803 4820 διαπρέπειν
2843 4749 2938 4802 ἐπὶ
2973 4751 3040 4819 τῇ
3085 4748 3300 4820 δοθείσῃ
3334 4747 3486 4820 παρὰ
3517 4743 3608 4798 τοῦ
3634 4737 3764 4792 θείου

2203 4839 2520 4910 Πνεύματος
2564 4841 2748 4912 χάριτι
2794 4839 3056 4911 ὑπῆρξεν,
3109 4839 3430 4903 ἀποδέξαιτο
3475 4838 3540 4892 ἂν
3589 4834 3664 4893 εἰς
3705 4824 3768 4878 τὰ

2203 4932 2562 5004 ψυχοϐλαϐὦς
2611 4949 2692 4984 σοι
2743 4930 3131 5002 ἐκπονηθέντα.
3186 4931 3344 4984 Κατά
3387 4931 3498 5001 γὰρ
3537 4927 3634 4995 τὴν
3679 4918 3768 4986 σὴν

2205 5025 2540 5098 ἐγχείρησιν,
2577 5024 2974 5096 ἐκϐληθήσεται
3013 5022 3153 5092 τάχα
3182 5023 3332 5074 πᾶσα
3359 5019 3566 5092 Γραφὴ,
3599 5011 3767 5066 θεολο-

2207 5118 2330 5188 γίας
2364 5118 2587 5186 ἔνδειξιν
2618 5119 2833 5188 ἔχουσα.
2865 5118 2978 5171 Καὶ
3009 5116 3164 5188 φέρε,
3196 5117 3244 5168 εί
3277 5114 3352 5186 μὴ
3384 5115 3554 5170 ταῦτα
3582 5101 3764 5178 ἀληθῆ·

2213 5262 2440 5307 conatus
2475 5253 2693 5307 nomine
2719 5251 2931 5306 Aetium
2965 5249 3215 5318 dignatus
3239 5259 3401 5306 esset.
3437 5267 3455 5302 ι
3554 5250 3558 5254 ’

2281 5320 2398 5392 (81)
2456 5322 2674 5392 Tamen.
2743 5321 2857 5376 Vox
2904 5317 3054 5392 ὅμως
3099 5319 3216 5392 loco
3261 5319 3504 5392 fortasse
3536 5317 3768 5392 non.§In

2209 5381 2392 5465 posita.
2415 5401 2494 5465 est
2527 5409 2556 5465 a
2589 5381 2869 5465 librario;
2893 5381 2960 5465 ac:
2991 5381 3272 5460 legendum
3303 5389 3576 5465 conjiciat
3601 5381 3758 5465 (tuli:

2222 5461 2358 5534 ’Λλλξ
2377 5463 2435 5534 ⁸εί
2463 5463 2557 5516 καὶ
2583 5461 2671 5516 διὰ
2693 5459 2792 5514 τοῦ
2822 5457 3144 5534 Πνεύματος
3168 5501 3182 5515 .
3213 5501 3226 5514 .
3250 5499 3270 5534 Α.
3299 5459 3448 5531 ὅμως
3485 5457 3640 5534 τοῦῖο

2207 5530 2482 5593 ἐκϐάλλει.
2523 5533 2704 5587 addita
2754 5545 2948 5601 nempe
2973 5525 3181 5586 'vocula
3215 5531 3286 5594 εἰ,
3331 5525 3438 5600 quo
3463 5525 3766 5584 concinnior

2209 5604 2278 5655 sit
2305 5601 2500 5672 oratio.
2565 5669 2583 5672 Α
2763 5670 2772 5672 μ
2923 5667 2940 5672 Α
3210 5669 3272 5672 __
3321 5670 3341 5672 η
3604 5660 3620 5672 .
3689 5649 3716 5672 τ

2280 5671 2394 5737 (8Ξ)
2437 5669 2524 5726 Ut.
2562 5669 2870 5739 Legendum
2916 5667 3169 5736 fortasse,
3207 5669 3275 5722 ἶν’
3315 5670 3465 5734 ὅπως
3503 5660 3620 5718 ποτ’
3659 5660 3762 5739 02y-

2284 5724 2522 5812 ιιιδέπῆ
2541 5724 2988 5812 [attenuarat
3022 5724 3352 5812 mter...
3377 5724 3540 5794 use.
3561 5747 3650 5789 xuv
3681 5724 3763 5781 ει.

2212 5808 2512 5882 Utrobique
2541 5822 2718 5866 autent
2751 5811 2941 5866 Graeca
2967 5811 3133 5866 editio
3165 5809 3326 5880 paulo
3356 5813 3538 5866 aliter.
