4054 6404
352 395 454 450 617

1391 389 1477 443 DE
1517 386 1894 442 TRl-NITATE
1934 385 2139 440 LIBER
2184 382 2569 439 SECUNDUS.

3506 388 3609 445 618

351 507 556 562 οὑτωσὶ
598 504 788 577 πράως
832 506 925 559 καὶ
970 504 1205 575 μετρίως
1248 506 1636 576 σκοπήσωμεν.
1696 505 1837 575 Ἑγώ
1885 522 1945 558 τε

2054 504 2124 558 illi
2161 542 2175 567 ,
2229 505 2274 558 si
2340 512 2499 556 natus
2552 516 2657 554 non
2722 500 2930 556 fuisset.
2966 520 2983 551 ι
3035 500 3171 556 Tute
3233 517 3363 572 ergo
3412 510 3614 562 temet-

353 601 464 670 γὰρ
490 597 749 668 ἀναφανῶ
777 596 1039 666 ἀκριϐῶς,
1074 599 1169 651 καὶ
1203 597 1302 668 οὐχ
1332 597 1521 661 ἁπλῶς
1549 596 1608 662 ἐξ
1629 596 1939 668 ἀμφιδόξων

354 689 707 755 ἀποδείξεων,
747 688 861 742 ἀλλ’
892 687 1362 758 ὁμολογουμένων,
1394 688 1590 753 διδάξω
1627 705 1687 741 τε
1719 687 1938 760 ῥᾳδίως,

356 780 452 832 καὶ
481 779 641 849 ὑμεῖς
687 775 1015 848 μαθήσεσθε.
1058 774 1288 839 Παῦλος,
1335 777 1364 829 6
1404 775 1496 828 τὸν
1543 775 1607 847 δὴ
1649 775 1943 847 λεγόμενον

360 868 532 939 πυρὸς
571 867 897 939 θερμότερον
942 867 1032 920 τὸν
1084 867 1211 939 περὶ
1254 866 1348 919 τοῦ
1393 867 1633 938 μεγάλου
1681 867 1817 921 Θεοῦ
1849 868 1944 921 καὶ

359 961 612 1030 Σωτῆρος
657 958 815 1030 ήμῶν
872 957 1045 1030 Ἰησοῦ
1117 957 1355 1033 Χριστοῦ
1402 959 1738 1030 μακάριστον
1784 958 1945 1027 ζῆλον

360 1050 519 1121 ἔχων,
554 1049 753 1121 γράφει
786 1048 1019 1120 Χριστὸν
1046 1047 1290 1102 διάκονον
1325 1048 1673 1118 γεγενῆσθαι.
1705 1048 1818 1102 Καὶ
1849 1048 1947 1102 αὐ-

359 1143 451 1206 τὸς
482 1144 608 1213 περὶ
651 1140 844 1195 ἑαυτοῦ
874 1143 902 1194 6
948 1140 1247 1211 εὐεργέτης
1292 1133 1449 1203 οὗτος
1493 1140 1771 1211 ἐπιφανῶς
1805 1139 1942 1211 ἔφη’

368 1253 389 1283 ‹
431 1234 677 1304 Ἐντολην
716 1231 926 1293 ἔλαϐον,
965 1232 1018 1284 τί
1071 1232 1229 1294 εἴπω,
1262 1231 1357 1284 καὶ
1387 1232 1440 1283 τί
1484 1230 1700 1302 λαλήσω
1725 1248 1738 1261 ·
1777 1249 1795 1281 ι
1832 1230 1943 1294 καὶ,

370 1342 390 1373 ι
420 1322 583 1374 Οὐδὲν
610 1322 702 1374 ἀπ’
733 1319 973 1391 ἐμαυτοῦ
1012 1318 1170 1372 ποιῶ.
1199 1338 1216 1369 ι
1269 1320 1376 1373 Kal
1426 1319 1652 1389 ἑτέρωθι
1696 1319 1911 1390 εἴρηται
1931 1338 1943 1351 ·

368 1435 391 1467 ι
432 1416 489 1469 Ὀ
518 1414 678 1485 νόμος
708 1413 795 1466 διὰ
838 1411 1115 1475 Μωῦσέως
1152 1412 1307 1482 ἐδόθη
1331 1430 1344 1442 ο
1376 1414 1408 1483 ή
1441 1413 1600 1484 χάρις
1628 1413 1722 1465 καὶ
1748 1414 1780 1481 ή
1809 1412 1948 1483 ἀλή-

365 1508 483 1562 θεια
540 1508 626 1561 διὰ
673 1505 844 1577 Ἰησοῦ
899 1503 1136 1576 Χριστοῦ
1178 1504 1415 1574 ἐγένετο.
1452 1524 1470 1555 ι
1524 1506 1635 1559 Καὶ
1672 1506 1821 1577 ὅμως
1864 1523 1951 1559 πι-

366 1600 508 1662 στῶς
538 1599 630 1652 καὶ
658 1595 973 1668 θεοπρεπῶς
1010 1595 1162 1648 ταῦθ’
1194 1595 1367 1660 οὕτως
1399 1596 1732 1669 γεγράφθαι,
1765 1596 1853 1651 διὰ
1889 1598 1952 1651 τὸ

364 1692 427 1746 ἓν
454 1691 665 1761 θέλημα
710 1687 811 1759 τῆς
847 1687 1009 1756 ἁγίας
1064 1687 1316 1759 Τριάδος,
1358 1690 1451 1742 καὶ
1502 1689 1588 1744 διὰ
1634 1690 1696 1743 τὸ
1747 1692 1826 1754 εἰς
1860 1691 1951 1744 τὸν

367 1781 588 1853 Πατέρα
614 1780 790 1833 πάντα
831 1777 1150 1847 ἀνάγεσθαι,
1174 1778 1426 1850 νοοῦμεν.
1474 1780 1563 1844 Ὣς
1594 1781 1773 1834 τοίνυν
1803 1781 1953 1833 οὐδε-

2044 597 2216 666 ipsum
2243 596 2355 664 jam
2396 603 2621 663 pmpter
2647 592 3053 646 criminationes
3090 604 3207 647 tuas
3236 595 3351 665 (74)
3382 597 3434 651 in
3465 597 3614 666 jndi-

2043 690 2185 742 cium
2244 685 2505 750 traxisti,
2558 695 2719 754 atque
2780 685 2831 738 in
2888 684 3227 755 temetipsum
3281 702 3399 740 eam
3457 703 3619 744 accu-

2044 777 2313 832 Sationem
2335 816 2349 840 ,
2380 791 2539 846 quant
2578 787 2767 829 contra
2801 790 2897 829 nos
2924 791 3243 845 susceperas
3273 779 3419 849 (75),
3453 780 3617 852 217

2043 868 2357 922 convertisti
2387 908 2402 933 ,
2454 868 2697 937 nihilque
2743 869 2793 921 in
2841 884 3051 924 summa
3081 870 3149 926 ab
3186 871 3281 935 iis,
3318 873 3411 943 qui
3437 888 3617 928 aerem

2045 959 2363 1022 verberam,
2398 957 2615 1014 dill‘erre
2650 958 2799 1013 visus
2828 974 2907 1026 es,
2944 974 3008 1013 ac
3045 973 3112 1013 eo
3161 962 3409 1015 redactus
3449 963 3618 1027 fuisti,

2046 1060 2104 1104 ut
2133 1050 2309 1105 iutilia
2351 1052 2598 1120 quaedam
2632 1051 2833 1105 sutoris
2865 1050 3036 1106 instar
3076 1050 3158 1123 (ut
3200 1064 3283 1107 est
3322 1053 3374 1108 in
3402 1070 3622 1125 prover-

2045 1142 2157 1213 bio)
2189 1157 2506 1205 consueres,
2536 1151 2590 1197 et
2633 1143 2758 1197 dum
2791 1143 2990 1199 divinis
3017 1146 3084 1200 de
3116 1147 3297 1210 rebus,
3329 1148 3622 1201 doctrinis-

2046 1249 2154 1304 que
2185 1250 2367 1290 sermo
2405 1246 2547 1299 erat,
2584 1251 2705 1290 cum
2743 1235 2844 1289 alia
2888 1237 3135 1305 quaedam
3181 1254 3211 1293 e
3258 1238 3622 1293 tnatcrialihus

2048 1329 2213 1383 rebus
2259 1329 2419 1381 ducta
2451 1327 2725 1396 exempla,
2759 1328 2876 1382 sine
2925 1329 3029 1381 ulla
3069 1330 3393 1385 necessitate
3426 1332 3477 1386 in
3513 1347 3625 1385 me-

2050 1420 2196 1472 dium
2231 1418 2425 1472 inscite
2472 1418 2717 1479 aiierres,
2772 1427 2881 1470 tum
2914 1420 3075 1471 etiam
3127 1420 3523 1484 adversarium,
3570 1428 3626 1476 et

2051 1510 2364 1579 reprobum,
2394 1525 2458 1563 ac
2488 1509 2583 1564 tibi
2612 1523 2696 1575 ea,
2729 1525 2847 1578 qua:
2870 1510 3078 1571 dixisti.
3116 1520 3494 1581 suggerentcm
3526 1513 3626 1567 Sa-

2053 1608 2258 1655 tanam.
2300 1599 2534 1654 Tantum
2581 1616 2709 1656 vero
2759 1600 2930 1667 abest,
2974 1610 3032 1655 ut
3082 1618 3193 1656 rem
3242 1602 3456 1671 feceris,
3506 1594 3630 1674 quze

2052 1691 2241 1745 deceat
2272 1706 2487 1761 aequum
2535 1707 2597 1747 ac
2639 1693 2864 1761 probum
2899 1696 3092 1754 virum.
3130 1705 3185 1747 ut
3221 1710 3251 1750 e
3301 1697 3627 1753 Christianis

2053 1781 2383 1845 hominibus,
2416 1784 2505 1852 qui
2540 1783 2854 1854 Scripturas
2894 1798 3062 1853 recte,
3091 1796 3142 1841 et
3174 1787 3353 1842 animo
3378 1791 3445 1844 ab
3478 1792 3624 1845 omni

370 1875 471 1946 μία
518 1874 807 1926 ἐπινοεῖται
847 1870 1173 1942 παραλλαγὴ
1222 1871 1475 1943 θεότητος
1522 1873 1615 1926 ἐπὶ
1676 1871 1769 1926 τοῦ
1822 1872 1951 1926 Υἱοῦ

2059 1871 2293 1941 partium
2328 1873 2509 1929 studio
2544 1872 2721 1928 alieno
2749 1876 2976 1929 scrutati
3007 1893 3071 1932 ac
3104 1879 3346 1932 meditati
3387 1891 3534 1940 sunt,
3573 1888 3628 1933 et

367 1964 514 2037 (οὔτε
536 1964 644 2036 γὰρ
664 1965 918 2029 διακονεῖ,
956 1964 1031 2028 ὡς
1060 1963 1269 2027 ἀλλοῖος
1297 1964 1363 2035 τῆ
1398 1964 1557 2034 φύσει
1584 1963 1779 2036 ἀλλοίῳ
1797 1984 1811 1999 ο
1841 1963 1950 2019 οὔθ’

365 2059 556 2128 ὑφέσει
585 2057 882 2127 δυνάμεως,
909 2055 1023 2109 ἀλλ’
1050 2056 1125 2120 ὡς
1146 2055 1276 2120 Υἱὸς
1299 2057 1472 2126 Λόγος
1500 2056 1706 2127 γνησίῳ
1740 2056 1916 2127 Πατρί
1937 2072 1949 2085 ·

363 2148 480 2203 οὔτ’
517 2147 735 2219 ἐντολὴν
767 2145 1057 2218 λαμϐάνει,
1092 2148 1168 2211 ὼς
1226 2147 1435 2216 ἀγνοῶν
1473 2146 1534 2200 τὸ
1577 2147 1699 2201 δέον
1746 2148 1842 2201 καὶ
1895 2147 1956 2200 τὸ

366 2238 632 2310 πατρικὸν
678 2238 941 2311 βούλημα,
974 2239 1087 2295 ἀλλ’
1134 2239 1210 2303 ὡς
1260 2238 1637 2311 προείρηται),
1682 2238 1824 2293 οῦτω
1864 2239 1955 2292 καὶ

365 2331 496 2403 [100
548 2331 600 2404 a]
651 2332 713 2385 τὸ
763 2331 943 2385 θεῖκὺν
991 2331 1235 2401 Πνεῦμα.
1286 2330 1396 2384 Καὶ
1443 2324 1488 2399 ᾧ
1531 2332 1719 2403 τρόπῳ
1759 2330 1826 2384 τὰ
1860 2330 1954 2384 τοῦ

364 2422 505 2475 Θεοῦ
535 2423 707 2492 Λόγου
742 2422 1071 2494 ἀναφέρεται
1095 2426 1176 2485 εἰς
1203 2422 1294 2474 τὸν
1322 2420 1453 2473 Θεὸν
1484 2421 1724 2493 Πατέρα,
1758 2422 1952 2493 τούτῳ,

367 2514 465 2567 καὶ
494 2514 593 2567 οὐκ
642 2512 807 2586 ἄλλῳ,
850 2514 917 2567 τὰ
964 2514 1059 2567 τοῦ
1108 2512 1264 2581 ἁγίου
1304 2513 1641 2583 Πνεῦματος.
1681 2514 1844 2565 Ὥστε
1876 2507 1957 2576 οἷς

366 2606 437 2660 ἂν
482 2606 692 2678 ὲπῆραν
733 2607 794 2660 τὸ
823 2606 1076 2679 φρόνημα
1111 2604 1290 2659 αὐτῶν
1330 2606 1616 2677 αἱρετικοὶ,
1650 2605 1860 2669 τούτοις
1891 2604 1957 2658 ἂν

367 2699 495 2753 καθ’
528 2699 734 2752 ἑαυτῶν
759 2698 857 2771 τὴν
882 2699 967 2752 ἐπ’
998 2698 1287 2768 ἀλαζονείᾳ
1324 2698 1420 2751 καὶ
1458 2696 1748 2769 κακοδοξίᾳ
1775 2696 1957 2751 διαϐο-

366 2790 469 2861 λὴν
499 2791 773 2858 ἐκίνησαν.
806 2791 921 2845 Οὐκ
963 2789 1093 2863 ἔστη
1133 2792 1315 2856 αὐτοῖς
1359 2791 1487 2862 ἄχρι
1529 2791 1733 2843 τούτων
1765 2788 1835 2845 τά
1858 2789 1958 2859 τῆς

368 2880 602 2944 ἀσεϐοῦς
624 2881 718 2934 καὶ
748 2881 1064 2953 ἀπροσήκου
1089 2881 1359 2952 διαϐολῆς.
1388 2878 1589 2933 Θολοῦν
1619 2879 1728 2948 γάρ
1753 2878 1956 2950 πειρώ-

376 2990 525 3044 μενοι
551 2974 649 3043 τὴν
682 2974 812 3044 περὶ
866 2974 963 3046 τῆς
1011 2974 1261 3045 θεότητος
1306 2972 1399 3027 τοῦ
1446 2972 1602 3041 ἁγίου
1646 2972 1958 3042 Πνεύματος

370 3066 634 3137 ἄχραντον
679 3064 856 3131 δόξαν,
905 3066 981 3129 ὡς
1027 3066 1240 3130 οὐδενὸς
1291 3066 1477 3129 αὐτοῖς
1532 3064 1739 3133 ἀγαθοῦ
1780 3063 1953 3133 ὑπάρ-

372 3171 555 3225 χοντος
588 3156 717 3226 παρ’
751 3154 938 3221 αὑτοῦ,
994 3156 1110 3227 ἅμα
1155 3155 1210 3209 δὲ
1248 3155 1343 3210 καὶ
1391 3156 1539 3226 ήμᾶς
1581 3156 1661 3218 είς
1706 3154 1959 3226 ἔγκλημα

375 3247 575 3318 βαλεῖν,
606 3248 760 3301 αὐτοὶ
805 3242 949 3303 οῦτοι
1002 3251 1049 3302 οἱ
1106 3250 1442 3320 χρησάμενοι
1493 3246 1833 3311 διδασκάλοις
1868 3248 1959 3301 ἀν-

372 3339 603 3410 θρώπων
648 3340 812 3405 τισὶν,
848 3341 949 3394 οὐκ
983 3340 1200 3395 ὀκνοῦσι
1234 3341 1511 3410 νεαλογεῖν
1544 3341 1639 3394 καὶ
1662 3340 1776 3393 τόδε
1804 3340 1960 3393 αὐτο-

370 3429 538 3496 λεξεὶ,
602 3433 685 3486 ὅτι
740 3431 1110 3500 λαμϐάνοντες
1159 3432 1319 3503 ἡμεῖς
1367 3435 1446 3496 εἰς
1483 3432 1669 3503 θεῖκὴν
1718 3422 1872 3497 ἀξίαν
1900 3432 1961 3486 τὸ

369 3523 687 3594 διαγορεῦον
712 3524 968 3596 γραφίον,
1002 3546 1020 3575 ι
1059 3524 1131 3577 Τὸ
1183 3523 1406 3596 Πνεῦμα
1440 3525 1573 3577 ὅπου
1601 3523 1741 3577 θέλει
1765 3527 1906 3587 πνεῖ,
1936 3543 1953 3574 ι

370 3617 455 3679 είς
490 3616 835 3686 ἀνθρωπείαν
866 3616 1028 3685 φύσιν
1058 3617 1367 3688 κατάγομεν
1406 3616 1538 3668 αὐτό
1561 3632 1575 3646 υ
1606 3615 1794 3686 ἐπειῗὴ
1837 3613 1958 3686 μεθ’

370 3705 537 3777 ἕτερα
580 3706 729 3776 ἔχει’
767 3728 785 3759 ι
815 3706 1002 3770 Οῦτως
1049 3707 1199 3760 ἕσται
1248 3708 1357 3771 πᾶς
1392 3709 1421 3759 6
1455 3706 1853 3777 γεγεννημένος
1894 3707 1958 3757 ὲκ

369 3796 467 3850 τοῦ
497 3797 832 3868 Πνεῦματος.
874 3816 892 3848 ι
928 3798 1091 3851 Αὐτοὶ
1132 3798 1211 3861 δὲ,
1253 3799 1438 3870 φησὶν,
1473 3796 1597 3851 οὔτε
1649 3799 1729 3861 εἰς
1773 3796 1959 3868 θεῖκὴν

370 3889 530 3954 ἀξίαν
567 3890 827 3958 ἀνάγουσι
861 3890 923 3944 τὸ
953 3890 1197 3961 Πνεῦμα,
1233 3890 1357 3944 οὔτε
1392 3894 1470 3955 είς
1496 3891 1595 3963 τὴν
1624 3889 1733 3942 τῶν
1759 3888 1960 3943 λοιπῶν

372 3981 536 4053 φύσιν
583 3982 965 4037 καθέλκουσιν·
1013 3983 1110 4055 τὴν
1164 3984 1274 4057 γὰρ
1330 3984 1503 4056 μέσην
1549 3982 1703 4050 τάξιν
1752 3980 1957 4051 ἐπέχει,

377 4075 512 4144 μήτε
539 4073 672 4136 Θεὸς
700 4071 795 4138 ὣν,
821 4076 956 4145 μήτε
978 4074 1037 4127 ἓν
1065 4093 1115 4128 τι
1141 4075 1249 4129 τῶν
1270 4074 1493 4129 λοιπῶν.
1522 4075 1633 4129 Καὶ
1653 4074 1736 4137 τίς
1762 4072 1960 4135 αὐτοὺς

375 4164 455 4234 τῷ
480 4164 590 4218 όντι
616 4166 714 4236 τῆς
738 4166 1003 4237 τοσαύτης
1034 4168 1237 4240 τόλμης
1264 4169 1323 4221 οὐ
1347 4166 1648 4239 γράψεται;
1675 4164 1844 4237 Δεῦρο
1866 4160 1958 4218 οῦν

378 4257 667 4327 προσέχετε
691 4257 782 4310 τὸν
809 4258 932 4312 νοῦν
949 4276 961 4289 ·
986 4259 1051 4313 δι’
1078 4258 1274 4329 ὀλίγων
1304 4258 1413 4331 γὰρ
1446 4258 1660 4331 φράσω.
1708 4255 1959 4309 Μάλιστα

380 4348 482 4420 μὲν
523 4349 619 4401 οῦκ
663 4344 812 4403 εἶπεν
847 4373 870 4391 ο
920 4350 1107 4415 Οῦτως
1150 4350 1298 4404 ἐστὶν
1328 4353 1357 4404 6
1386 4350 1690 4422 ἄνθρωπος,
1718 4352 1745 4402 6
1774 4347 1959 4411 άπλῶς

372 4440 657 4513 ἄνθρωπος
685 4461 698 4474 ·
740 4442 876 4507 ἀλλ’,
923 4464 939 4493 ι
981 4442 1167 4508 Οῦτως
1199 4443 1351 4497 ἔσται
1378 4443 1486 4504 πᾶς
1512 4443 1541 4495 6
1563 4440 1959 4511 γεγεννημένος

2053 1963 2248 2032 quibus
2293 1964 2475 2018 datum
2525 1977 2625 2028 ρει,
2666 1977 2719 2019 ιιι
2767 1967 2945 2021 statim
2993 1985 3087 2037 per
3126 1986 3439 2025 concessam
3486 1988 3514 2026 a
3548 1973 3630 2027 di-

2055 2054 2181 2108 vino
2234 2054 2437 2125 Spiritu
2498 2057 2727 2124 gratiam
2780 2059 3129 2128 proﬁcerent,
3188 2061 3365 2118 nullus
3422 2075 3473 2118 te
3523 2082 3627 2120 non

2055 2155 2351 2212 aversetur,
2404 2161 2467 2198 ac
2520 2162 2581 2198 ea
2640 2162 2746 2201 11011
2801 2159 3039 2218 respuat,
3088 2166 3209 2221 qua;
3259 2168 3448 2223 magna
3504 2169 3627 2208 cum

2054 2231 2356 2285 animarum
2408 2233 2648 2302 pernicie
2704 2250 2732 2287 a
2780 2245 2831 2289 te
2875 2235 3149 2292 elaborata
3198 2254 3347 2294 sunt.
3401 2240 3456 2295 Si
3499 2244 3628 2313 quid

2055 2323 2202 2377 enim
2242 2333 2468 2378 conatus
2501 2324 2575 2379 tui
2608 2326 2872 2391 valerent,
2908 2328 3086 2383 nullus
3117 2328 3231 2400 jam
3267 2332 3501 2390 fortasse
3530 2352 3629 2391 no-

2058 2413 2140 2467 bis
2172 2414 2470 2484 Scriptura:
2517 2415 2667 2470 locus
2711 2417 3107 2487 relinqueretur
3137 2423 3499 2495 theologicum
3540 2441 3627 2480 ar-

2057 2515 2371 2573 gumentum
2431 2507 2875 2565 subministratis.
2927 2510 3041 2580 Age
3091 2528 3239 2579 vero,
3297 2525 3474 2570 utrum
3522 2517 3635 2572 lucc

2056 2610 2182 2650 vera
2231 2598 2361 2662 sint,
2393 2600 2513 2652 sine
2547 2598 2826 2653 iracundia
2874 2611 2929 2654 et
2960 2616 3116 2672 aequo
3145 2607 3327 2662 animo
3360 2609 3637 2677 expenda-

2059 2700 2195 2741 mus.
2235 2685 2371 2740 Nam
2417 2702 2516 2757 ego
2558 2690 2703 2755 quod
2733 2689 2878 2754 volo,
2913 2705 3168 2749 accurate
3212 2698 3491 2752 ostendam
3527 2715 3633 2753 non

2058 2794 2121 2832 ex
2171 2778 2461 2848 ambiguis,
2514 2782 2607 2833 sed
2652 2796 2718 2834 ex
2765 2784 2949 2847 certis,
2998 2796 3054 2838 et
3093 2790 3480 2843 controversiae
3529 2806 3635 2843 non

2059 2870 2312 2925 obnoxiis
2346 2872 2693 2936 testimoniis,
2744 2881 2798 2928 et
2830 2873 2987 2930 facile
3043 2887 3206 2946 atque
3250 2879 3497 2946 expedite
3539 2883 3638 2935 do-

2060 2963 2215 3025 cebo,
2254 2977 2455 3033 vosque
2490 2962 2732 3019 discetis.
2782 2963 3134 3022 Beatissimus
3170 2969 3258 3023 ille
3298 2968 3517 3036 Paulus,
3548 2974 3637 3028 cui

2060 3053 2208 3109 zelus
2240 3054 2381 3124 igne,
2412 3063 2472 3107 ut
2507 3055 2818 3124 loquuntur,
2853 3058 3115 3112 fervidior
3158 3070 3273 3115 erat
3312 3077 3410 3131 pro
3440 3079 3635 3133 magno

2063 3149 2193 3211 Deo,
2226 3156 2280 3202 et
2324 3146 2607 3203 Salvatore
2649 3158 2835 3205 nostro
2869 3148 2994 3203 Jesu
3026 3152 3264 3220 Clu-isto,
3308 3155 3495 3211 scribit
3521 3156 3634 3228 (76)

2064 3239 2373 3294 ministrum
2426 3239 2626 3293 factum
2669 3253 2792 3293 esse
2841 3240 3149 3307 Christum;
3198 3254 3252 3299 et
3301 3244 3417 3314 ipse
3469 3248 3534 3302 de
3580 3263 3638 3303 se

2062 3332 2179 3403 ipso
2220 3331 2496 3385 beneiicus
2520 3329 2620 3383 iste
2644 3327 2894 3386 Salvator
2922 3342 3113 3402 aperte
3143 3335 3281 3389 dixit
3318 3354 3329 3388 :
3366 3355 3384 3386 ι
3416 3336 3640 3393 Manda-

2063 3434 2173 3478 tum
2210 3422 2322 3495 (77)
2363 3422 2582 3492 accepi,
2634 3423 2763 3491 quid
2809 3425 3023 3489 dicam,
3074 3437 3129 3479 et
3180 3428 3308 3497 quid
3355 3427 3578 3499 loquar;
3615 3451 3633 3482 ι

2060 3526 2156 3571 et:
2201 3535 2219 3567 ι
2250 3515 2391 3569 Nihil
2418 3514 2529 3587 (78)
2570 3530 2599 3568 a
2642 3531 2726 3571 me
2758 3518 2874 3585 ipso
2916 3517 3093 3583 facio;
3128 3538 3145 3569 ι
3184 3531 3239 3574 et
3273 3519 3397 3575 alibi
3433 3523 3636 3577 dicttmt

2062 3607 2164 3662 fuit
2198 3626 2212 3661 :
2256 3625 2275 3658 ι
2307 3607 2415 3663 Lex
2450 3608 2561 3679 (79)
2594 3624 2691 3679 per
2735 3609 2973 3681 Muyscm
3007 3611 3130 3664 data
3181 3622 3296 3679 est;
3338 3615 3537 3681 gratia,
3584 3624 3639 3669 et

2063 3700 2265 3755 veritas
2297 3716 2393 3770 per
2424 3698 2609 3755 Iesum
2644 3700 2920 3756 Christum
2972 3702 3111 3755 facta
3164 3713 3263 3756 est.
3298 3723 3315 3756 ι
3354 3704 3418 3758 Et
3462 3715 3637 3761 tamen

2063 3793 2176 3847 haec
2218 3791 2469 3857 θιιριίιιει,
2513 3803 2567 3847 ct
2614 3809 2798 3856 sensu,
2846 3794 2936 3863 qui
2976 3794 3083 3848 Deo
3139 3796 3446 3862 conveniat,
3494 3799 3638 3854 acci-

2062 3885 2295 3953 pientes,
2356 3885 2477 3939 idco
2526 3886 2600 3939 ita
2648 3886 2852 3954 scripta
2896 3901 3015 3940 esse
3075 3886 3448 3956 intelligimus,
3495 3892 3638 3959 quod

2062 3991 2165 4031 una
2213 3987 2268 4032 et
2318 3979 2505 4033 eadem
2565 3990 2766 4033 Sancta:
2819 3977 3106 4032 Trinitatis
3158 3980 3407 4037 voluntas
3453 3985 3544 4045 sit,
3585 3995 3640 4037 et

2060 4070 2205 4136 quod
2230 4071 2414 4123 omnia
2451 4071 2515 4122 ad
2546 4069 2765 4124 Patrem
2802 4069 3127 4124 referantur.
3160 4071 3313 4128 Sicut
3340 4090 3470 4146 ergo
3495 4075 3636 4130 nulla

2061 4161 2278 4215 deitatis
2333 4163 2622 4216 diversitas
2678 4163 2731 4216 in
2788 4160 2927 4217 Filio
2973 4163 3290 4234 intelligitur
3342 4165 3490 4236 (nam
3540 4184 3641 4222 nec

2061 4252 2336 4307 ministrat
2372 4256 2525 4324 quasi
2576 4263 2769 4308 natura
2821 4254 3034 4310 alienus
3086 4256 3283 4320 alieno,
3339 4266 3431 4311 aut
3485 4259 3637 4326 quasi

2062 4347 2271 4401 minore
2319 4347 2559 4417 potentia
2607 4348 2885 4415 praeditus,
2944 4349 3037 4403 sed
3088 4358 3142 4403 ut
3186 4347 3354 4404 Filius
3401 4349 3635 4406 Verbum

2062 4440 2297 4509 genuino
2347 4439 2494 4494 Patri
2534 4459 2547 4494 :
2585 4455 2762 4509 neque
2812 4441 3127 4494 mandatum
3185 4442 3412 4511 accipit.
3480 4445 3634 4511 quasi

369 4536 436 4588 ἐκ
466 4534 560 4587 τοῦ
580 4534 891 4606 Πνεῦματος
909 4552 923 4566 ο
952 4554 970 4586 ι
1001 4537 1125 4589 ἀντὶ
1149 4536 1263 4597 τοῦ,
1293 4537 1322 4588 ό
1344 4533 1703 4599 καταξιωθεὶς
1726 4533 1951 4601 ἀναγεν-

2066 4529 2324 4600 ignorans
2349 4530 2479 4600 quid
2514 4529 2693 4585 facere
2718 4540 2987 4600 oporteat,
3026 4542 3079 4585 et
3111 4532 3238 4601 quid
3269 4532 3430 4587 Pater
3466 4536 3633 4597 velit;

370 4626 598 4698 νηθῆναι
640 4627 697 4680 ὲν
742 4629 808 4699 τῇ
864 4626 985 4699 θεία
1029 4627 1404 4700 κολυμϐήθρᾳ,
1440 4628 1535 4680 καὶ
1570 4626 1824 4696 γενέσθαι
1852 4626 1951 4691 (ὡς

442 4801 555 4872 (71)
597 4799 817 4870 Propter
861 4802 1251 4855 criminationes
1293 4811 1433 4855 tuas.
1494 4799 1828 4872 iniGrmco,
1878 4799 1946 4853 δι’

366 4871 575 4936 αἰτίας,
635 4873 815 4939 itaque
863 4873 999 4926 verti
1048 4873 1210 4925 etiam
1254 4882 1480 4939 posset:
1520 4890 1537 4922 ι
1564 4871 1665 4925 Per
1723 4886 1948 4923 accusa-

368 4944 573 4997 tionem
600 4950 766 4997 tuam.
799 4961 817 4992 ι
854 4939 1053 4995 Verum
1077 4941 1144 4994 δι’
1180 4941 1361 5004 αἰτίας
1384 4942 1539 5010 ἄγειν
1567 4942 1706 4995 idem
1733 4942 1949 4994 videtur

363 5022 699 5083 essentque
748 5010 815 5065 δι’
849 5012 1029 5076 αἰτίας
1077 5012 1242 5083 ἔχειν.
1299 5011 1605 5083 Legendum
1659 5025 1948 5083 vernesse

364 5077 678 5163 suspicatus
705 5077 1139 5163 sutn‘aliquandii
1165 5100 1178 5136 :
1209 5077 1502 5163 116165.05»;
1524 5080 1741 5163 ρεαυτῷ
1766 5079 1947 5163 αῖτίας

364 5152 501 5224 (aut
524 5153 701 5224 potius
732 5152 953 5224 αἰτίαν)
1000 5152 1301 5224 ἐπήγαγες.
1348 5152 1496 5224 Nam,
1521 5151 1752 5224 forensis
1800 5151 1949 5203 iocu-

364 5220 469 5283 tio,
501 5221 680 5276 αἰτίαν
708 5221 957 5291 ἐπάγειν,
992 5220 1136 5277 valet
1186 5220 1205 5274 ι
1235 5238 1453 5277 causam
1487 5220 1788 5284 intendere,
1821 5239 1840 5273 ι
1893 5229 1949 5274 ιιι

362 5308 458 5349 om
465 5308 559 5347 nes
582 5307 751 5347 DOI'UII
760 5302 797 5346 ι.

305 5364 329 5429 ἰ
441 5362 556 5429 (75)
606 5360 941 5434 Susceperat.
998 5362 1055 5416 In
1082 5361 1306 5426 Graeco,
1373 5363 1501 5417 εἶλω
1567 5378 1664 5434 per
1717 5378 1801 5416 ω’
1842 5377 1946 5430 qua

366 5435 583 5488 ratione
617 5434 669 5485 in
694 5433 987 5492 Sapientia:
1017 5434 1174 5495 libro,
1206 5448 1293 5487 ex.
1326 5436 1523 5500 gratia,
1545 5433 1665 5498 cap.
1705 5450 1780 5494 Ix,
1800 5448 1943 5486 vers.

365 5502 425 5569 7,
457 5503 681 5569 legimus
709 5520 726 5557 ς
756 5502 830 5556 Σύ
881 5519 948 5573 με
1007 5502 1275 5575 προείλωλ
1298 5501 1545 5573 βασιλέα.
1597 5502 1949 5558 Contenduut

365 5588 533 5645 porro
555 5581 766 5628 veteres
794 5572 1157 5645 grammatici,
1192 5572 1570 5645 inﬂectendnm
1595 5575 1671 5629 sic
1703 5588 1826 5628 esse
1848 5574 1949 5626 hoc

368 5641 617 5714 verbum,
675 5641 882 5714 nempe
917 5641 1160 5714 εἱλόμην,
1196 5643 1366 5714 εἵλου,
1414 5644 1605 5710 εἵλετο,
1670 5658 1772 5697 non
1821 5655 1948 5714 vero

367 5712 614 5784 εἱλόμην,
638 5712 791 5784 νεῖλω,
814 5712 1223 5784 εἵλατοζίιιιοιι
1249 5713 1587 5783 Phrynicho,
1644 5724 1805 5782 atque
1839 5712 1948 5765 Ile-

370 5783 599 5837 rodiano
633 5783 907 5853 inelegans
926 5783 1160 5839 videtur.
1202 5783 1279 5837 Ac
1307 5798 1439 5837 sane
1466 5784 1807 5837 Atticismum
1828 5796 1946 5853 non

369 5853 513 5922 sapit
564 5856 681 5909 haec
762 5851 999 5916 iitilexio,
1054 5854 1154 5908 etsi
1205 5853 1347 5907 illius
1394 5853 1638 5924 cxctnpla
1691 5851 1947 5907 Urvillius

650 5946 919 6009 Ρηιιοι..
952 5946 1069 6007 Gn.
1105 5943 1385 6008 XXXIX

2058 4623 2154 4678 sed
2198 4638 2265 4678 eo
2294 4625 2476 4687 modo,
2510 4624 2602 4694 qui
2644 4634 2805 4677 antea
2856 4622 3033 4677 dictus
3073 4628 3177 4694 est)
3208 4643 3221 4678 :
3249 4624 3329 4681 sic
3368 4627 3530 4681 etiam
3568 4633 3637 4683 de

2047 4799 2292 4885 attulerit
2349 4801 2414 4885 ad
2466 4799 2748 4885 lihariton.
2807 4816 2961 4885 pag.”
2984 4802 3091 4885 536.
3119 4821 3132 4857 :
3163 4803 3448 4885 Ociubitare"
3485 4807 3631 4885 enim

2048 4871 2226 4925 adhuc
2253 4869 2397 4953 licet.
2428 4880 2607 4953 utrum
2643 4886 2705 4925 ea
2733 4869 3047 4959 auctoribus
3078 4874 3229 4959 ipsis,
3261 4891 3346 4956 _an
3374 4876 3634 4959 .lihrarii;

2046 4955 2204 4993 usum
2252 4943 2335 4996 sui
2373 4943 2631 5009 temporis
2669 4943 2871 4996 secutis
2908 4943 3191 4998 tribuenda
3230 4945 3321 4999 sit.
3373 4945 3636 5014 Didymus

2045 5023 2222 5092 segni.
2246 5010 2351 5065 145
2378 5012 2429 5075 b,
2464 5010 2600 5092 dixit
2626 5011 2888 5092 ἀνείλετο,
2920 5020 2976 5067 et
3020 5028 3188 5084 segm.
3215 5014 3319 5092 {$15
3351 5034 3407 5092 ᾳ,
3441 5017 3635 5092 εἵλετοΖ
3662 5046 3669 5092 ί

2049 5060 2273 5165 sebi..—
2289 5060 2599 5165 Mais};
2904 5060 3188 5165 αἰἷρᾷξῗζ
3219 5060 3635 5165 ts'_(:o.'.;:"iv
3662 5060 3671 5115 ἶ

2055 5149 2252 5205 Anecd.
2289 5149 2455 5204 Wolf.
2485 5166 2602 5219 pag.
2628 5151 2741 5222 27)
2771 5153 2904 5206 dixit
2940 5149 3235 5224 θείλάμεθα.
3280 5155 3514 5210 εἵλαντο.

2128 5219 2242 5287 (76)
2292 5218 2506 5275 Scribit.
2538 5221 2692 5275 liorn.
2729 5238 2818 5287 xv,
2846 5223 2899 5277 8.

2333 5236 2506 5273 crwtt.
2538 5236 2692 5275 ttom.
2729 5238 2818 5287 xv,
2846 5236 2899 5277 δ.

2127 5289 2238 5359 (77)
2282 5290 2611 5344 Mandatum.
2638 5291 2791 5346 Joan.
2825 5309 2925 5350 ιιι.
2956 5293 3045 5354 49,
3072 5294 3160 5348 ubi
3198 5294 3365 5349 Biblit
3395 5297 3589 5349 habent
3617 5315 3629 5349 :

2256 5376 2351 5447 μοι
2376 5359 2619 5447 ᾲὲνξολὴνγ
2647 5362 2835 5447 ἔδωκε,
2855 5363 2922 5447 Δτί
2967 5363 3131 5447 sima,
3164 5365 3257 5447 καλ
3282 5366 3347 5447 ,τί
3397 5365 3630 5447 λαλήσω,

2055 5430 2107 5483 id
2133 5441 2216 5484 cst
2234 5429 2396 5500 (ipse
2415 5429 2622 5502 (Pater)
2651 5434 2960 5487 mandatum
2994 5436 3139 5488 dedit
3166 5438 3318 5499 ιηιιιί,
3339 5455 3358 5487 ι
3376 5448 3483 5490 etc.
3498 5429 3629 5502 Cap.

2051 5515 2182 5586 vero
2203 5517 2263 5586 μ,
2304 5516 2445 5586 vers.
2480 5501 2570 5586 ᾖ,
2602 5503 2797 5586 legitur
2824 5503 3085 5586 :.Ta'5‘t'qv
3116 5506 3215 5586 τῂν
3255 5506 3473 5586 ἐντολήν
3506 5501 3631 5557 ελα-

2052 5569 2253 5643 6ov,.iil
2290 5580 2372 5643 est
2400 5589 2419 5633 ,ε
2448 5589 2467 5623 ι
2496 5569 2802 5627 Mandatum
2847 5574 2945 5627 hoc
2980 5569 3183 5643 accepi,
3210 5596 3228 5627 ι
3280 5586 3387 5629 etc.
3428 5569 3627 5628 Vol-em

2051 5652 2181 5710 ergo
2211 5638 2466 5714 ἔλαϐονε
2521 5644 2759 5698 secundo
2818 5644 2920 5698 hoc
2966 5644 3082 5699 loco
3112 5638 3175 5699 in
3200 5645 3433 5714 primum
3478 5645 3629 5698 illu.u

2058 5712 2332 5763 transtulit
2359 5712 2635 5769 DiJvmns.

2125 5780 2236 5849 (78)
2282 5771 2636 5849 Nihili-toan.
2667 5798 2783 5844 νηι,
2812 5782 2903 5837 es.

2126 5780 2216 5849 (78
2282 5780 2636 5838 Nihil.‘Joan.
2667 5798 2783 5844 vin,
2812 5782 2903 5837 28.

2126 5780 2238 5923 (79;
2269 5848 2399 5906 Lex.
2430 5849 2587 5908 Joau.
2638 5867 2679 5918 ι,
2723 5852 2807 5907 l7.
2843 5852 3015 5909 Biblia
3042 5869 3056 5907 :
3084 5852 3350 5917 Μωσέως.

3271 5948 3354 6010 '20
