4054 6418
482 413 592 470 619

1721 419 1950 474 DIDYMI
1992 419 2464 476 ALEXANDRINI

3628 423 3734 480 620

477 529 682 599 Spiritu
740 537 931 585 sancto
987 530 1176 586 eadem
1224 532 1430 587 sentire
1476 534 1753 589 debemus.
1784 535 1951 607 218
1988 536 2051 591 Ει

2155 537 2475 601 Καθολικοῖς
2505 538 2839 607 ὲκπέφανται
2874 536 3242 609 χαράγμασιν)
3277 536 3429 602 θείας
3479 537 3735 600 κοινωνὸς

477 621 746 688 quomodo
779 636 899 691 quae
929 620 1022 677 Dei
1056 622 1215 679 Verbi
1244 636 1393 690 sunt,
1431 624 1740 682 referuntur
1778 631 1845 682 ad
1883 628 2049 683 Deum

464 711 716 790 Patrem,
759 715 950 770 eodem
993 724 1050 770 et
1090 730 1194 771 non
1234 717 1342 771 alio
1387 720 1543 773 modo
1583 719 1647 773 ad
1691 719 1865 790 ipsum
1911 720 2051 776 refe-

464 786 674 884 jiuutur
704 822 826 876 quae
869 817 995 863 sunt
1024 807 1265 878 Spiritus
1294 811 1489 864 sancti.
1537 809 1607 864 Ea
1645 786 1813 882 igitur
1845 813 2048 879 omnia,

475 896 547 951 ob
575 912 697 967 quae
726 913 848 955 sese
889 901 1151 955 audacter
1176 902 1473 956 extulerint
1507 903 1768 966 haeretici,
1813 905 2048 973 ipsorum

481 989 889 1045 accusationem
921 990 978 1044 in
1025 990 1281 1060 ipsosmet
1324 1006 1433 1046 non
1472 990 1673 1061 injuria
1722 997 2048 1065 retorqueri,

484 1094 552 1135 ac
580 1095 675 1137 eos
713 1083 1036 1153 arrOgantia'.
1079 1098 1203 1139 reos
1230 1098 1372 1149 esse,
1405 1092 1459 1139 et
1506 1100 1789 1156 perperam
1824 1086 2049 1152 sentire,

481 1172 877 1229 demonstrant.
930 1174 1041 1230 Sed
1076 1175 1166 1230 hic
1194 1190 1298 1230 non
1347 1177 1490 1231 sistit
1526 1177 1737 1232 illorum
1779 1178 1963 1249 impia.
1995 1188 2050 1234 et

482 1266 738 1322 indecens
790 1266 1080 1322 calumnia.
1141 1266 1543 1322 lmmacnlatam
1615 1269 1759 1324 enim
1815 1269 2051 1338 Spiritus

480 1359 653 1414 sancti
686 1358 913 1430 gloriam
949 1358 1002 1413 in
1045 1358 1163 1429 ejus
1200 1359 1484 1414 divinitate
1523 1359 1704 1425 sitam,
1728 1360 1883 1430 quasi
1927 1361 2049 1416 nul-

481 1450 591 1505 lum
634 1449 751 1520 (80)
780 1451 850 1506 ab
895 1466 963 1505 eo
1000 1450 1319 1507 beneﬁcium
1378 1454 1710 1521 acceperint,
1762 1452 2050 1523 inquinare

479 1538 764 1606 c'onantes,
804 1560 866 1598 ac
895 1544 1053 1599 simul
1082 1559 1182 1599 nos
1224 1546 1393 1614 culpa:
1429 1560 1550 1600 reos
1582 1545 1788 1608 facere,
1826 1546 1912 1601 isti
1946 1546 2048 1616 ipsi

478 1634 804 1704 quibusdam
853 1635 1163 1691 hominibus
1212 1646 1264 1690 ut
1314 1637 1588 1707 magistris
1633 1645 1866 1705 utentes,
1906 1637 2049 1693 hanc

479 1729 645 1784 etiam
682 1730 982 1783 doctrinam
1028 1728 1186 1798 plane
1229 1743 1419 1781 novam
1447 1727 1643 1783 aﬁ‘erre
1672 1728 1785 1798 (8i)
1820 1745 1924 1784 non
1958 1744 2049 1785 ve-

480 1830 693 1882 rentur,
725 1829 781 1875 et
814 1820 967 1876 hisce
1007 1821 1193 1876 verbis
1227 1835 1518 1890 exponere.
1560 1818 1827 1876 Nimirum
1876 1819 2049 1889 Spiri-

2158 628 2389 697 φύσεως.
2422 630 2531 683 Καὶ
2560 629 2919 701 παραπλήσιά
2947 632 3061 682 ἐστι
3086 629 3258 683 ταῦτα
3292 628 3391 700 τῷ,
3430 649 3447 680 ι
3484 629 3734 699 Ποιήσω-

2161 738 2258 792 μεν
2278 721 2562 791 ἄνθρωπον
2594 724 2714 774 κατ’
2744 722 2924 774 εἰκόνα
2945 722 3039 774 καὶ
3067 722 3324 791 ὁμοίωσιν
3362 721 3669 792 ἡμετέραν
3712 740 3729 770 ι

2158 812 2252 865 καὶ
2283 812 2381 882 τῷ,
2420 833 2438 863 ι
2480 813 2597 866 Ἵνα
2640 813 2869 884 γένησθε
2913 814 3032 866 κατ’
3071 813 3253 867 είκὸνα
3297 811 3392 865 τοῦ
3450 812 3735 875 κτίσαντος

2155 902 2323 971 ἡμᾶς.
2364 923 2381 952 ι
2414 904 2521 957 Καὶ
2549 904 2624 967 ὡς
2655 906 2715 957 οὑ
2753 904 3075 958 καθέλκεται
3104 907 3131 959 ὁ
3156 904 3379 973 ὕψιστος
3409 904 3616 975 Πατὴρ,
3641 905 3737 956 καὶ⁸

2156 995 2184 1046 ὁ
2208 993 2333 1057 Υἱὸς
2354 994 2540 1056 αὐτοῦ,
2565 996 2628 1048 ὲκ
2657 996 2821 1049 τῶνδε
2843 996 2953 1050 τῶν
2977 995 3146 1064 ἁγίων
3174 995 3268 1047 καὶ
3299 995 3438 1066 ὑπὲρ
3458 997 3605 1066 ἡμᾶς
3626 1012 3738 1062 φω-

2156 1084 2261 1136 νῶν
2284 1086 2364 1148 είς
2379 1086 2722 1158 ἀνθρωπείαν
2740 1087 2899 1156 φύσιν
2927 1104 2940 1117 ·
2962 1086 3087 1159 [100
3104 1086 3154 1158 ιι]
3175 1084 3347 1150 οὕτως
3367 1086 3487 1139 ούδὲ
3500 1085 3562 1139 τὸ
3582 1085 3737 1157 ᾇτιον

2156 1176 2400 1246 Πνεῦμα,
2430 1180 2494 1231 ὲκ
2526 1179 2633 1232 τῶν
2676 1179 3079 1251 πφλεχθέντων
3109 1179 3310 1252 ῥητῶν.
3343 1180 3439 1234 καὶ
3471 1179 3580 1233 τῶν
3609 1177 3740 1250 περὶ

2155 1268 2300 1337 ἡμᾶς
2338 1268 2501 1322 αὐτοῦ
2549 1269 3144 1342 φιλανθρωπευμάτων.
3179 1272 3409 1326 Ἔπειτα
3456 1271 3605 1324 δοκεῖ
3641 1269 3735 1323 αύι

2154 1360 2284 1423 τοῖς,
2334 1360 2396 1413 τό
2440 1377 2503 1429 γε
2554 1361 2636 1415 ἔτι
2681 1364 2883 1433 χεῖρον,
2928 1364 3067 1433 μήτε
3116 1362 3249 1416 Θεὸν
3299 1358 3439 1416 εἶναι
3477 1360 3541 1415 τὸ
3581 1360 3738 1430 ἅγιον

2155 1452 2403 1523 Πνεῦμα,
2435 1458 2572 1524 μήτε
2623 1454 2683 1507 ἓν
2736 1470 2790 1507 τι
2823 1453 2933 1507 τῶν
2977 1453 3199 1509 λοιπῶν.
3239 1452 3623 1507 ’Υπολείπεται
3674 1448 3739 1504 τὸ

2154 1544 2500 1618 ἀνύπαρκτον
2522 1546 2654 1598 αὐτὸ
2675 1548 2834 1600 νοεῖν.
2865 1545 2975 1599 Καὶ
3006 1545 3181 1609 ἄλλως
3203 1561 3214 1576 ·
3245 1546 3309 1599 Εἰ
3348 1546 3422 1617 μὴ
3456 1545 3620 1605 ἔστιν,
3658 1543 3737 1606 ὡς

2154 1637 2440 1705 φάσκουσι,
2480 1637 2631 1701 Θεὸς,
2659 1636 2735 1707 τῷ
2778 1636 2941 1707 κοινῷ
2967 1636 3108 1707 λόγῳ
3138 1637 3246 1689 τῶν
3286 1637 3599 1707 κτισμάτων
3632 1635 3736 1688 ὐπ-

2153 1728 2363 1796 άγεται.
2392 1728 2555 1781 Οὐδὲν
2580 1729 2635 1781 δὲ
2667 1727 2905 1781 τοιοῦτον
2924 1730 3219 1800 τεκμήριον
3241 1729 3299 1781 ὲν
3323 1728 3561 1800 Γραφαίς
3582 1725 3733 1797 εὑρί-

2155 1838 2363 1883 σκεται,
2416 1821 2535 1873 οὐδὲ
2584 1821 2756 1891 μέσης
2801 1819 3015 1890 φύσεως
3060 1815 3200 1874 εἶναι
3242 1818 3730 1891 κεχρησμῴδηταιθ

480 1922 592 1968 tum
620 1921 867 1969 sanctum
903 1927 934 1969 a
964 1913 1139 1974 nobis.
1176 1913 1300 1968 dum
1334 1913 1510 1968 locum
1545 1911 1696 1967 illum
1726 1912 2044 1981 Scriptura,

2155 1915 2260 1967 πᾶν
2290 1913 2347 1966 δὲ
2369 1912 2700 1974 τούναντίον,
2724 1913 2806 1965 ὅτι
2832 1911 3060 1984 Πνεῦμα
3093 1912 3188 1966 τοῦ
3222 1912 3380 1976 Θεοῦ,
3418 1914 3511 1966 καὶ
3532 1913 3562 1965 ὃ
3580 1914 3735 1985 παρά

481 2007 571 2062 ubi
612 2006 833 2071 dicitur,
863 2025 883 2059 ι
918 2003 1157 2077 Spiritus
1183 2005 1319 2076 (82),
1365 2004 1455 2061 ubi
1510 2004 1645 2067 vult,
1697 2005 1892 2074 spirat,
1929 2024 1948 2058 ο
1983 2006 2051 2060 de

2155 2003 2245 2057 τοῦ
2274 2004 2485 2076 Πατρὸς
2510 2003 2887 2075 ἐκπορεύεται,
2915 2005 3011 2061 καὶ
3034 2003 3258 2076 Πνεῦμα
3292 2005 3451 2059 θετον.
3478 2005 3736 2060 Δείπεται

478 2097 662 2153 divina
732 2096 994 2169 dignitate
1070 2095 1527 2167 interpretamur,
1605 2096 1673 2149 ad
1759 2095 2049 2150 humanam

481 2189 847 2245 conditionem
903 2188 1138 2258 deprimi
1187 2188 1470 2257 inquiunt;
1514 2188 1707 2243 ibidem
1754 2188 2054 2259 enimpost

482 2283 587 2337 alia
615 2282 780 2336 verba
814 2279 1027 2336 additur
1053 2299 1068 2335 :
1103 2297 1123 2331 ι
1157 2278 1248 2333 Sic
1276 2280 1381 2334 erit
1413 2278 1525 2349 (83)
1554 2279 1732 2333 omnis
1771 2279 1862 2349 qui
1894 2290 2053 2335 natus

481 2384 567 2428 est
596 2387 662 2427 es
702 2372 929 2443 Spiritu.
962 2388 982 2423 ι
1021 2370 1122 2440 Ipsi
1177 2384 1306 2424 vero
1360 2383 1534 2438 neque
1580 2368 1645 2422 ad
1690 2369 1928 2423 divinam
1966 2369 2053 2423 di-

484 2465 767 2535 gnitatem,
797 2464 1069 2532 inquiunt,
1100 2462 1361 2530 Spiritum
1403 2462 1737 2528 extollimus,
1784 2475 1961 2533 neque
1986 2463 2055 2517 ad

484 2553 816 2624 reliquarqu
842 2561 1215 2609 creaturarum
1244 2560 1492 2605 naturam
1516 2564 1638 2605 eum
1659 2549 2050 2620 deprimimus:

485 2659 612 2700 nam
657 2644 898 2700 medium
939 2644 1117 2700 locum
1165 2651 1333 2706 tenet,
1379 2656 1503 2698 cum
1555 2655 1731 2711 neque
1771 2639 1914 2698 Deus
1958 2641 2052 2708 sit,

486 2748 663 2805 neque
690 2749 854 2789 unum
887 2733 1100 2804 aliquod
1124 2748 1190 2788 ex
1216 2731 1460 2802 reliquis.
1494 2730 1628 2799 Quis
1655 2740 1835 2785 autem
1870 2746 2054 2786 revera

478 2836 688 2880 tantam
712 2825 921 2880 illorum
939 2825 1216 2880 audaciam
1243 2840 1348 2877 non
1367 2823 1807 2877 coudeiunaverit
1822 2823 1845 2878 ?
1859 2822 2058 2879 Adeste

473 2903 617 2984 ἐπ’πο
640 2918 765 2978 huc,
805 2925 861 2971 et
886 2918 1122 2971 animum
1155 2915 1418 2971 attendite
1452 2934 1466 2969 :
1501 2930 1623 2969 nam
1656 2916 1843 2983 paucis
1877 2918 2057 2973 verbis

487 3010 701 3079 loquar.
736 3007 873 3062 llind
905 3023 1031 3062 vero
1071 3009 1409 3078 potissimum
1449 3006 1886 3074 animadvertite,
1915 3010 2056 3077 quod

484 3117 591 3156 non
616 3102 759 3156 dixit
796 3100 1073 3172 Scriptura
1108 3118 1123 3155 :
1169 3118 1187 3151 ι
1216 3101 1307 3155 Sic
1336 3112 1419 3156 est
1452 3102 1635 3165 homo,
1679 3103 1769 3172 qui
1803 3110 1888 3158 est
1928 3103 2058 3158 siin-

485 3193 699 3261 pliciter
748 3192 942 3253 homo;
974 3212 993 3245 ι
1035 3193 1128 3248 sed
1174 3193 1310 3247 dixit
1343 3212 1356 3245 :
1395 3212 1413 3245 ι
1446 3193 1537 3247 Sic
1583 3192 1687 3248 erit
1730 3193 1929 3261 omnis,
1961 3194 2053 3262 qui

481 3293 644 3341 natus
684 3294 768 3341 est
807 3298 873 3340 ex
920 3284 1170 3355 Spiritu:
1207 3304 1229 3337 ι
1274 3284 1327 3338 id
1356 3294 1461 3349 est,
1512 3284 1613 3352 Qui
1649 3284 1842 3355 dignus
1874 3283 2051 3340 factus

478 3386 565 3434 est
610 3387 665 3431 ut
717 3387 1131 3447 regeneraretur
1192 3375 1245 3429 in
1295 3374 1475 3429 divina
1520 3376 1746 3445 piscina,
1795 3383 1850 3429 et
1900 3373 2053 3429 ﬁeret

478 3470 647 3537 (sicut
679 3469 732 3524 in
758 3469 1054 3525 Catholicis
1076 3466 1211 3539 (84),
1237 3467 1342 3522 hoc
1366 3478 1469 3533 est,
1510 3466 1908 3522 universalibus
1938 3482 2053 3522 ma-

482 3560 788 3615 nifestatum
840 3567 924 3616 est
975 3558 1220 3629 Litteris)
1285 3558 1483 3614 divina:
1534 3572 1761 3613 consors
1823 3567 2051 3612 natura.

460 3653 611 3720 'Qua:
667 3653 830 3708 verba
882 3652 1079 3708 similia
1130 3661 1259 3708 sunt
1308 3652 1458 3708 hisee
1506 3668 1574 3704 τ(
1603 3650 1892 3706 Faciamus
1935 3649 2049 3721 (85)

461 3743 757 3799 ‘homiuem
807 3745 1103 3798 secundum
1161 3743 1473 3813 imaginem,
1531 3752 1588 3799 et
1643 3743 2048 3798 similitudinem

481 3846 760 3904 nostram;
793 3855 814 3890 ο
860 3847 914 3892 et
959 3837 1044 3892 bis
1090 3836 1253 3891 aliis:
1287 3853 1309 3888 ι
1342 3835 1412 3892 Ut
1448 3834 1569 3890 sitis
1607 3833 1719 3906 (86)
1752 3835 2049 3890 secundum

470 3929 770 3997 imaginem
823 3928 941 3997 ejus
986 3928 1076 3998 qui
1126 3927 1336 3984 creavit
1372 3942 1491 3981 nos.
1530 3947 1550 3980 ο
1596 3926 1660 3981 Ει
1702 3926 2052 3995 quemadmo-

470 4020 609 4075 dum
651 4021 960 4075 Aitissimus
1017 4019 1215 4085 Pater,
1274 4032 1340 4073 ac
1396 4017 1567 4074 Filius
1613 4017 1730 4086 ejus
1787 4031 1883 4085 per
1929 4031 2052 4071 san-

2151 2095 2211 2147 τδ
2240 2094 2370 2148 Θεὸν
2422 2090 2581 2159 εἶναι,
2616 2096 2724 2150 ἀπό
2773 2112 2833 2147 τε
2859 2094 2968 2148 τῶν
3014 2095 3220 2167 Πέτρου
3259 2097 3351 2149 καὶ
3377 2096 3591 2150 Παύλου
3623 2114 3737 2166 φω-

2152 2186 2280 2249 νῶν,
2337 2187 2444 2240 άπό
2474 2203 2534 2240 τε
2577 2187 2756 2257 πάσης
2810 2186 3018 2251 ἐννοίας
3073 2187 3183 2241 τῶν
3239 2188 3468 2260 Γραφῶν
3515 2190 3611 2243 καὶ
3634 2189 3737 2259 τῆς

2159 2297 2177 2329 ι
2202 2278 2557 2351 ἐκπορεύεται
2585 2298 2601 2329 ι
2639 2279 2857 2347 λέξεως.
2905 2279 3176 2351 Ἀόριστος
3230 2281 3338 2354 γάρ
3368 2278 3522 2348 οὖσα,
3554 2282 3616 2335 τὸ
3648 2282 3736 2336 ἀΐε-

2152 2367 2263 2422 διον
2290 2369 2381 2421 καὶ
2418 2366 2719 2440 ἀχώριστον
2752 2369 2850 2440 τῆς
2883 2370 3098 2438 φύσεως
3124 2363 3300 2425 αὐτοῦ’
3318 2374 3415 2443 τῆς
3437 2371 3572 2442 πρὸς
3600 2373 3740 2426 ἐκεῖ·

2154 2477 2265 2523 νον,
2305 2459 2364 2526 ἐξ
2396 2455 2457 2513 οῦ
2508 2460 2763 2532 άρῥήτως
2798 2461 3147 2532 προέρχεται,
3191 2462 3441 2518 θειότατα
3467 2463 3739 2518 ἐνδείκνυ-

2153 2568 2263 2604 ται.
2290 2550 2400 2604 Kal
2426 2550 2524 2620 μὲν
2543 2550 2608 2622 δὴ
2634 2551 2725 2604 καὶ
2753 2551 2911 2605 τοῦτο
2932 2569 2943 2579 ·
2969 2554 3032 2606 Ei
3059 2554 3223 2625 μηδὲν
3242 2554 3351 2609 τῶν
3365 2554 3539 2610 ἄλλων
3566 2556 3739 2627 ὑπάρ-

2155 2659 2259 2712 χει,
2279 2640 2465 2713 ὦσπερ
2490 2637 2585 2695 οὖν
2616 2642 2774 2696 τοῦτο
2796 2642 2975 2696 αὐτῶν
3002 2642 3219 2715 ἀληθὲς,
3243 2644 3373 2708 Θεός
3398 2645 3560 2698 ἐστιν.
3593 2645 3738 2718 Πρὸς

2155 2731 2362 2797 τούτοις
2384 2750 2396 2762 ·
2429 2733 2492 2785 Εἰ
2512 2732 2662 2785 οζδὲν
2696 2732 2913 2786 κτιστὸν
2940 2735 2998 2787 ὲν
3032 2736 3132 2804 μιᾷ
3161 2735 3453 2790 ὑποστάσει
3484 2735 3737 2806 εὑρίσκε-

2156 2840 2266 2890 ται,
2295 2823 2371 2887 ὡς
2399 2825 2458 2876 ἐν
2488 2822 2566 2894 τῷ
2592 2822 2794 2896 πρώτῳ
2830 2825 3123 2896 ἀπεδείχθη
3156 2825 3361 2897 βιϐλίῳ,
3389 2826 3452 2879 τὸ
3491 2826 3548 2879 δὲ
3581 2826 3739 2895 ἅγιον

2157 2915 2383 2986 Πνεῦμα
2408 2915 2465 2969 ἒν
2493 2916 2584 2968 καὶ
2619 2915 2777 2986 μόνον
2821 2916 2921 2985 τῆς
2951 2916 3155 2981 ἐνάδος,
3203 2917 3322 2988 ἦτοι
3372 2916 3616 2987 μονάδος,
3654 2918 3742 2971 ού-

2160 3007 2279 3072 σίας
2316 3008 2464 3059 ὲστίν
2482 3024 2496 3039 ·
2524 3008 2599 3071 ὼς
2634 3007 2702 3061 ἂν
2733 3007 2911 3061 τοίνυν
2947 3008 3324 3077 φενακίζοντες
3351 3008 3410 3075 ἐξ
3439 3008 3640 3071 αὐτῶν,
3662 3001 3741 3060 ὧν

2160 3099 2424 3171 ἔγραψαν,
2460 3100 2720 3170 νοηθεῖεν,
2749 3100 2851 3154 κᾶν
2872 3101 3117 3154 δοκοῦσιν
3140 3098 3278 3156 εἶναι
3300 3101 3462 3155 δεινοὶ
3489 3104 3680 3166 εἰπεῖν,
3711 3104 3741 3155 ὃ

2162 3196 2449 3266 βούλοιντο,
2475 3195 2576 3249 καί.⁸
2599 3194 2735 3266 μηδὲ
2770 3192 2828 3246 ἓν
2853 3194 3034 3257 αὐτοῖς
3083 3195 3180 3264 τῆς
3212 3193 3332 3247 καθ’
3358 3194 3515 3264 ἡμῶν
3540 3194 3742 3265 ὀφρύος

2156 3285 2543 3358 ὲκπορισθείη·
2579 3287 2909 3355 καυχήματα
2961 3283 3068 3354 γὰρ
3100 3282 3415 3354 ἀνθρώπινα
3457 3285 3591 3354 ταχὺ
3647 3284 3740 3349 ἑξ-

2156 3378 2457 3449 ελέῃχεται.
2491 3378 2658 3446 Σοφὸς
2705 3378 2833 3448 περὶ
2863 3376 3094 3430 ἑκάστου
3131 3376 3309 3431 αὐτῶν
3334 3370 3435 3430 ὦδε
3469 3377 3741 3447 διείληφεν

2157 3470 2327 3541 ἀνήρ·
2365 3490 2383 3521 ι
2417 3471 2508 3539 Μὴ
2541 3469 2712 3523 πολλὰ
2744 3469 2985 3539 σοφίζου,
3014 3471 3101 3525 ἴνα
3136 3469 3212 3541 μὴ
3240 3468 3539 3540 ὲκπλαγῇς.
3569 3488 3587 3520 ι
3624 3469 3740 3523 Καὶ

2155 3564 2186 3617 ὁ
2208 3562 2479 3633 Στέφανος
2493 3563 2549 3615 δὲ
2572 3563 2628 3615 ὲν
2652 3564 2773 3626 ταῖς
2797 3562 3067 3634 Πράξεσιν
3101 3561 3195 3615 ὡδί
3225 3578 3342 3625 πως
3364 3561 3613 3626 ὀνειδίζει
3645 3561 3742 3613 at)-

2153 3654 2296 3716 τοῖς’
2338 3673 2356 3703 ι
2382 3652 2878 3723 Σκληροτράχηλοι,
2915 3652 3010 3706 καὶ
3057 3651 3421 3722 ἀπερίτμητοι
3444 3652 3509 3721 τῇ
3543 3648 3741 3721 καρδίᾳ

2156 3743 2384 3807 καὶτοῖς
2409 3743 2562 3806 ὠσὶν,
2593 3744 2750 3814 ὑμεῖς
2783 3744 2870 3796 ἀεὶ
2899 3742 2977 3814 τῷ
3002 3742 3281 3813 Πνεύματι
3310 3739 3389 3811 τῷ
3419 3740 3561 3810 ἁγίῳ
3587 3742 3741 3793 ἀντι-

2157 3835 2383 3889 πίπτετε
2401 3850 2416 3866 ·
2455 3835 2530 3897 ὡς
2559 3837 2606 3887 οἱ
2633 3834 2867 3905 πατέρες
2903 3834 3078 3904 ὑμῶν,
3107 3833 3202 3888 καὶ
3227 3833 3406 3903 ὑμεῖς.
3433 3851 3452 3883 ι
3488 3830 3741 3903 Πατέρας

2154 3926 2211 3981 δὲ
2242 3925 2420 3980 αὐτῶν
2450 3926 2550 3997 ἔφη
2581 3928 2815 3997 Ἀρειον,
2864 3926 2986 3996 [101
3023 3924 3080 3997 a]
3112 3925 3461 3988 Μακεδόνων,
3497 3924 3593 3994 τὴν
3622 3922 3740 3975 ὀλέ-

2157 4016 2306 4089 θριον
2330 4016 2517 4070 δυάδα.
2547 4017 2815 4088 Ἔρχομαι
2835 4012 2926 4070 οῦν
2948 4017 3034 4087 ἐφ’
3055 4016 3241 4087 ἕτερον
3267 4014 3582 4083 κεφάλαιον.

472 4121 602 4169 etas
665 4112 825 4168 hasce
859 4112 1191 4175 'locutiones,
1263 4126 1382 4181 qua:
1455 4119 1674 4179 captum
1723 4118 1969 4164 nostrum
2036 4110 2336 4172 excedunt,
2386 4110 2451 4162 ad
2506 4112 2753 4164 tnnmuue
2810 4123 3017 4163 natura!
3065 4109 3428 4164 conditionem
3484 4123 3588 4160 non
3636 4103 3739 4158 de—

478 4203 775 4274 primitur;
838 4205 914 4258 ita
979 4217 1046 4259 ne
1102 4201 1337 4274 Spiritus
1393 4213 1617 4257 sanctus
1710 4200 1930 4271 quidem
1993 4214 2092 4270 per
2162 4201 2432 4256 antedicta
2498 4201 2838 4266 testimonia,
2907 4210 2999 4257 aut
3058 4215 3157 4272 per
3221 4214 3378 4256 suam
3445 4215 3573 4272 erga
3637 4215 3739 4254 nos

471 4295 908 4369 benignitatem,
957 4294 1023 4349 ad
1111 4308 1231 4349 eam
1293 4292 1572 4364 redigitur.
1635 4291 1840 4347 Deinde
1915 4288 2098 4363 (quod
2160 4292 2311 4360 pejus
2371 4291 2549 4347 adhuc
2600 4292 2725 4361 est)
2789 4291 3050 4363 Spiritum
3114 4301 3364 4347 sanctum
3424 4305 3524 4347 nec
3572 4291 3740 4362 219

481 4390 648 4447 Deum
703 4403 824 4445 esse
863 4398 1077 4460 putant,
1121 4404 1302 4458 neque
1343 4403 1509 4443 unum
1556 4387 1772 4458 aliquod
1813 4401 1880 4442 ex
1913 4386 2158 4457 reliquis.
2202 4386 2388 4442 llestat
2412 4401 2544 4458 ergo
2577 4394 2635 4441 ut
2695 4386 2869 4457 ipsum
2931 4386 3250 4443 exsistentia
3307 4398 3580 4443 carentem
3639 4403 3741 4456 pu-

481 4491 617 4538 tent.
651 4479 717 4536 Et
744 4479 941 4538 aliter:
972 4479 1031 4536 Si
1088 4479 1231 4536 Deus
1253 4494 1367 4535 non
1417 4488 1530 4546 est,
1555 4488 1615 4535 ut
1642 4478 1746 4549 ipsi
1785 4477 2055 4549 inquiunt;
2095 4478 2368 4534 communi
2403 4489 2777 4535 creaturarum
2818 4479 3031 4545 rationi,
3099 4494 3165 4535 ac
3234 4478 3532 4535 deﬁnitioni
3565 4480 3739 4550 subji-

480 4573 643 4630 citur.
698 4575 773 4629 At
801 4589 931 4631 vero
961 4573 1173 4630 nullum
1227 4574 1391 4646 hujus
1442 4574 1523 4631 rei
1577 4583 1955 4645 argumentum
2002 4573 2061 4628 in
2098 4572 2394 4644 Scripturis
2459 4575 2749 4630 invenitur.
2805 4573 2989 4645 Neque
3022 4590 3155 4630 vero
3216 4575 3406 4630 mediae
3454 4574 3737 4641 cujusdam

482 4679 689 4724 natura:
737 4684 858 4726 esse
909 4670 1108 4726 dicitur
1176 4686 1207 4726 a
1266 4669 1465 4727 divinis
1518 4669 1622 4726 iliis
1675 4669 1942 4737 oraculis;
1990 4669 2087 4725 sed
2126 4669 2663 4739 ipsumecontrario
2724 4686 2849 4727 esse
2914 4673 3066 4725 aiunt
3113 4680 3170 4726 et
3220 4671 3479 4741 Spiritum
3526 4672 3640 4735 Dei,
3679 4681 3741 4725 et

482 4773 604 4813 eum
630 4759 720 4830 qui
755 4775 785 4814 a
831 4759 992 4816 Patre
1050 4760 1316 4832 procedit,
1355 4769 1413 4815 et
1468 4760 1708 4816 divinum
1761 4758 2043 4830 Spiritum.
2087 4757 2276 4815 Restat
2337 4774 2468 4829 ergo
2501 4770 2558 4815 ut
2622 4763 2691 4816 sit
2726 4762 2864 4816 Deus
2898 4773 3009 4815 tum
3039 4775 3107 4818 ex
3166 4761 3334 4826 Petri,
3368 4776 3433 4817 ac
3471 4761 3619 4817 Pauli
3654 4762 3739 4817 lo-

484 4855 807 4919 cationibus,
872 4864 985 4909 tum
1036 4871 1103 4911 ex
1180 4856 1326 4911 omni
1389 4855 1791 4926 Scripturarum
1831 4870 2017 4919 sensu,
2064 4863 2121 4911 et
2157 4855 2328 4917 verbi,
2381 4857 2643 4923 procedit.
2704 4855 2838 4912 Cum
2892 4857 3036 4910 enim
3081 4857 3186 4912 hoc
3243 4855 3578 4910 indeﬁnitum
3637 4856 3736 4919 sit,

483 4955 739 5000 aeternam
774 4961 892 5002 esse
917 4946 1059 5001 illius
1092 4956 1361 5014 naturam,
1407 4957 1568 5016 atque
1594 4947 1663 5000 ab
1701 4946 1813 5011 illo,
1840 4961 1905 4999 ex
1940 4960 2048 5016 quo
2087 4943 2429 5000 iueﬂ'abiliter
2465 4965 2485 4998 ι
2522 4947 2786 5015 procedit,
2828 4966 2847 4998 ι
2890 4946 3302 5015 inseparabilem
3327 4986 3343 5011 ,
3396 4944 3738 4999 divinissime

472 5040 740 5094 ostendit.
774 5046 842 5093 At
870 5040 977 5095 hoc
998 5041 1163 5095 etiam
1190 5040 1349 5095 addo.
1386 5037 1445 5094 Si
1472 5039 1611 5092 nulla
1638 5040 1686 5093 is
1715 5050 1801 5093 est
1828 5055 1894 5093 ex
1922 5040 2043 5094 aliis
2081 5041 2264 5101 rebus,
2308 5050 2367 5094 ut
2402 5054 2529 5095 vere
2562 5041 2808 5111 profecto
2865 5041 2967 5108 ipsi
3032 5042 3281 5110 inquiunt
3319 5056 3335 5094 :
3376 5039 3516 5095 Deus
3567 5038 3739 5109 igitur

484 5143 587 5186 est.
619 5129 699 5185 Ad
730 5133 845 5187 hac
878 5146 893 5184 :
931 5129 990 5185 Si
1020 5131 1152 5186 nihil
1187 5131 1328 5198 quod
1354 5139 1595 5187 creatum
1629 5130 1717 5193 sit,
1752 5131 1806 5184 in
1864 5147 1969 5184 una
1993 5130 2297 5202 hypostasi,
2329 5131 2443 5185 sive
2471 5132 2770 5188 substantia
2835 5148 2955 5189 esse
3023 5134 3317 5196 invenitur,
3351 5136 3492 5189 sicut
3525 5133 3579 5187 in
3632 5134 3746 5201 pri-

487 5243 576 5281 tuo
614 5228 752 5281 libro
777 5226 889 5299 (87)
919 5228 1345 5282 demonstratum
1373 5235 1477 5293 est,
1511 5225 1745 5296 Spiritus
1776 5240 1905 5281 vem
1929 5236 2170 5286 sanctus.
2212 5234 2396 5296 utpote
2446 5243 2587 5284 unus
2650 5237 2705 5285 et
2753 5227 2927 5292 solus,
2984 5228 3050 5282 ad
3119 5226 3401 5291 unitatem,
3465 5236 3558 5281 aut
3617 5241 3741 5281 mo-

484 5319 682 5375 nadem
736 5318 986 5374 essentia:
1069 5318 1342 5388 pertinet:
1384 5318 1667 5373 haereticos
1722 5331 1853 5387 ergo
1908 5332 1976 5372 ex
2022 5318 2090 5373 iis
2162 5317 2314 5387 ipsis,
2362 5333 2481 5388 qua:
2539 5319 2894 5389 scripserunt,
2941 5319 3264 5387 impostorcs
3317 5333 3439 5373 esse
3480 5318 3742 5390 intelligi-

573 5450 670 5525 80)
705 5449 949 5525 gallum.
988 5450 1043 5525 In
1077 5452 1481 5525 ϐτωςοοηοὺδέν.
1514 5451 1677 5525 Lego,
1708 5452 1939 5525 οὐδενός.

2225 5452 2336 5521 (84)
2372 5451 2680 5525 Qatltolicis.
2719 5453 2952 5525 Primam
2991 5454 3136 5510 Petri
3166 5453 3470 5525 Epistolam
3508 5453 3735 5511 indicat.

575 5520 671 5591 8|)
715 5520 922 5594 Novam
956 5523 1166 5594 σπεεξη.
1198 5521 1252 5574 In
1284 5523 1493 5583 Graeco,
1516 5523 1810 5594 νεαλογεῖν.
1839 5522 2049 5594 Legen-

2228 5520 2339 5594 (85)
2370 5521 2690 5594 Faciamus.
2710 5523 2848 5578 Gen.
2876 5541 2917 5587 ι,
2945 5525 3039 5579 26.

485 5591 611 5648 dum
640 5601 790 5663 putet
820 5591 959 5660 quis,
994 5592 1295 5660 νεολογείν-
1333 5603 1389 5647 at
1414 5609 1584 5659 scgm.
1620 5592 1723 5647 156
1763 5611 1795 5646 a
1858 5593 2049 5646 iterum

485 5664 730 5732 occurrit
752 5678 852 5715 vox
869 5660 1268 5732 νεαλογοῦντες,

2228 5591 2342 5732 (ὃϐζ
2381 5592 2446 5647 Ut
2475 5595 2612 5650 sitis.
2657 5593 2787 5648 Vide
2821 5604 2933 5649 not.
2964 5596 3020 5661 4,
3050 5610 3172 5665 pag.
3212 5592 3334 5648 186.

2229 5664 2315 5732 (87
2374 5663 2437 5717 In
2468 5664 2638 5731 primo
2667 5664 2817 5718 libro.
2874 5664 2930 5717 In
2962 5667 3227 5731 capitibus
3264 5666 3330 5717 de

484 5660 741 5733 occurrit
752 5678 852 5715 vox
869 5660 1268 5733 νεαλογοῦντες.

2229 5660 2342 5732 (87)
2374 5663 2437 5717 In
2468 5664 2638 5731 primo
2667 5664 2817 5718 libro.
2874 5664 2930 5717 In
2962 5660 3227 5731 capitibus
3264 5662 3580 5733 deperditis,
3609 5664 3735 5733 opi-

554 5732 670 5806 (82)
708 5731 957 5806 ξρδνίιιιρι
984 5731 1139 5806 ειξιενιο
1177 5748 1255 5806 ιιι,
1281 5735 1343 5806 8η
1601 5800 1622 5806 __
1807 5801 1821 5806 _
1882 5802 1892 5806 _

2161 5750 2281 5806 nor.
2314 5731 2453 5803 Lege
2476 5734 2635 5805 hujus
2680 5746 2721 5801 il
2776 5735 2898 5791 libri
2946 5751 3064 5805 cap.
3120 5736 3174 5801 6,
3227 5731 3442 5806 paragr.
3484 5732 3575 5801 21,
3608 5731 3736 5806 pag.

488 5870 518 5922 ι
557 5800 671 5923 (ξε)
713 5801 803 5857 Sic
842 5803 961 5859 erit.
1007 5801 1145 5857 Ibid.
1212 5801 1382 5860 Biblia
1440 5817 1539 5875 pro
1599 5800 1771 5865 ἔσται,
1805 5801 2052 5869 habent,
2163 5803 2285 5858 176.

522 5886 581 5923 στ
608 5910 621 5923 .

522 5886 621 5925 στι.
