4054 6388
470 423 573 480 623

1710 428 1948 487 DIDYMI
1990 430 2171 488 ALEX
2181 430 2460 490 ANDBINI

3626 437 3739 492 62‘

468 544 617 598 enim
656 543 884 614 Spiritui
923 555 1133 609 sancto.
1177 556 1233 602 et
1267 548 1442 609 nobis.
1498 546 1632 602 nihil
1687 550 1826 604 ultra
1879 551 2042 620 impo-

2153 548 2341 604 θέσθαι
2374 551 2504 620 ὑμῖν
2541 549 2726 622 βάρος,
2757 552 2896 623 πλὴν
2922 553 3148 620 τούτων,
3197 550 3273 611 ὧν
3300 558 3609 628 ἐπάναγκες
3637 561 3742 614 ἀ-ιςει

471 651 600 690 nere
624 637 780 690 vobis
805 638 1009 704 oneris,
1039 647 1234 708 praeter
1263 639 1399 702 haec,
1425 654 1542 708 quae
1561 639 1864 694 necessaria
1887 649 2011 694 sunt
2036 659 2050 695 :

475 736 532 781 ut
559 727 883 782 abstineatis
915 731 984 784 ab
1030 730 1322 784 immolatis
1351 729 1787 790 simulacrorum,
1815 739 1870 784 et
1924 745 2053 785 sau-

474 823 658 888 guiue,
691 829 746 874 et
799 820 1083 888 suﬂ‘ocato,
1137 833 1192 876 et
1241 823 1623 888 fornicatione;
1667 840 1694 875 a
1725 824 1922 893 quibus
1960 839 2055 877 cu-

470 912 768 968 stodientes
825 929 940 980 vos,
984 916 1124 969 bene
1173 915 1364 985 agetis.
1403 932 1422 965 ι
1468 914 1621 982 Quod
1668 915 1844 968 visum
1887 913 2053 968 fuerit

470 999 542 1064 ei,
573 1003 664 1071 qui
701 1005 950 1059 subditus
983 1007 1073 1069 sit,
1120 1021 1224 1060 nou
1272 1021 1403 1060 vero
1443 1006 1714 1068 dominus,
1765 1022 1924 1059 nemo
1970 1022 2055 1059 ra-

469 1094 584 1142 tum
622 1090 786 1145 habet
818 1109 834 1146 :
871 1093 1130 1162 quidquid
1174 1101 1352 1146 autem
1405 1092 1576 1145 visum
1613 1090 1776 1144 fuerit
1811 1091 1948 1161 regi,
1993 1101 2049 1145 et

473 1176 558 1242 iis,
588 1179 681 1248 qui
715 1181 782 1236 ab
815 1181 928 1251 ipso
960 1182 1196 1251 prarl'ecti
1233 1190 1381 1245 sunt,
1416 1181 1543 1236 illud
1575 1191 1660 1236 est
1698 1181 1822 1245 lex;
1865 1191 1918 1234 et
1960 1181 2046 1236 his

471 1269 709 1336 quidem,
744 1273 833 1342 qui
890 1281 1100 1342 parent,
1127 1271 1376 1336 laudem;
1421 1272 1506 1326 his
1553 1287 1704 1336 vero,
1741 1273 1832 1342 qui
1884 1272 2042 1342 221

2159 639 2376 710 έχεσθαι
2407 640 2550 711 ὑμᾶς
2576 641 2684 694 ἀπὸ
2710 642 3093 710 εἰδωλοθύτων,
3118 646 3208 700 καὶ
3233 649 3480 719 αἵματος,
3509 650 3602 703 καὶ
3617 669 3740 704 πνι-

2156 731 2307 794 κτοῦ,
2341 733 2434 785 καὶ
2469 732 2756 803 πορνείαςο
2782 733 2840 800 ἐξ
2867 730 2942 788 ὧν
2975 735 3357 808 διατηροῦντες
3391 741 3636 806 ἑαυτοὺς,
3673 735 3734 797 εὖ

2157 821 2412 891 πράξετε.
2441 840 2458 871 ι
2487 821 2558 874 Τὸ
2588 821 2745 888 δόξαν
2771 824 2849 894 τῷ
2877 825 3194 897 ὑπεξουσίῳ,
3220 829 3314 882 καὶ
3337 828 3410 900 μὴ
3434 831 3627 901 κυρίῳ,
3649 833 3737 883 οὒ-

2155 911 2268 974 δεὶς
2297 912 2579 983 προσίεται
2600 929 2615 944 ο
2659 916 2765 967 πᾶν
2794 915 2850 968 δὲ
2881 918 2908 970 ὃ
2941 935 2993 970 τι
3025 917 3090 971 ἂν
3117 919 3242 990 δόξῃ
3271 918 3480 988 βασιλεῖ
3503 922 3598 973 καὶ
3624 926 3736 986 τοῖς

2157 1004 2248 1056 ὑπ’
2280 1003 2443 1056 αὐτοῦ
2485 1005 2962 1076 προχειρισθεῖσιν,
3007 1007 3163 1062 τοῦτο
3230 1011 3412 1082 νόμος.
3465 1015 3577 1076 τοῖς
3638 1015 3738 1084 μὲν

2153 1097 2414 1167 ὑπηκόοις
2444 1096 2686 1155 ἔπαινον,
2719 1103 2831 1164 τοῖς
2867 1099 2910 1152 δ’
2935 1102 3218 1157 ἀπειθοῦσι
3249 1105 3489 1160 κίνδυνον
3532 1107 3735 1177 φέρων.

2157 1205 2176 1238 ι
2201 1185 2266 1239 Ἦ
2291 1205 2309 1238 t
2345 1188 2454 1258 γὰρ
2494 1206 2512 1238 ι
2537 1188 2808 1260 παρακοὴ,
2835 1209 2853 1242 ι
2912 1193 3098 1262 φησὶν,
3157 1212 3175 1244 t
3208 1195 3434 1249 θάνατον
3466 1197 3738 1268 κατεργά-

2154 1277 2305 1342 ζεται
2324 1293 2340 1308 ⁵
2373 1281 2405 1350 ἡ
2428 1280 2484 1332 δὲ
2511 1281 2747 1352 ὑπακοὴ,
2782 1281 2925 1353 ζωὴν
2949 1284 3164 1338 αἰώνιον
3184 1303 3197 1316 ·
3225 1307 3242 1336 ι

470 1374 576 1413 non
617 1362 1012 1431 obtemperant,
1052 1363 1361 1432 periculum-
1395 1362 1572 1418 al'l'ert.
1631 1362 1768 1418 Nam
1810 1381 1829 1415 ι
1862 1362 2220 1423 inobedientia
2257 1369 2355 1441 (1),
2391 1389 2409 1422 ι
2446 1371 2637 1442 inquit,
2673 1391 2691 1425 ι
2729 1386 2954 1428 mortem
2983 1389 3259 1446 operatur,
3299 1379 3601 1433 obodientia
3647 1394 3737 1432 an"

471 1459 575 1506 lem
606 1456 767 1508 vitam
818 1467 1111 1510 aeternam:

549 1547 823 1603 I’otentior
860 1550 936 1621 (2)
978 1553 1115 1605 enim
1147 1561 1221 1605 est
1271 1569 1381 1619 rex,
1417 1569 1536 1606 cum
1582 1553 1838 1607 irascitur
1868 1555 1977 1607 viro

1762 1641 2047 1715 [ittferiorL

472 1729 626 1785 Sicut
649 1746 778 1800 ergo
805 1747 898 1784 rex
942 1733 1004 1785 ad
1049 1748 1272 1802 magnos
1302 1732 1602 1802 prmiectos.
1631 1733 1720 1802 qui
1747 1737 2046 1803 proximum

468 1823 536 1876 ab
570 1836 636 1876 eo
670 1822 848 1875 locum
893 1833 1101 1889 tenent,
1129 1825 1432 1892 quibusque
1485 1825 1824 1879 subditorum
1886 1826 2049 1878 hahe-

477 1925 575 1964 nas
603 1912 865 1979 regendas
911 1911 1080 1978 dedit,
1115 1911 1366 1981 proprias
1416 1913 1726 1969 sanctiones
1775 1916 2051 1968 transmit-

481 2008 600 2055 tere
628 2001 797 2066 solet;
833 2001 884 2056 hi
922 2017 1049 2058 vero
1080 2018 1175 2058 eas
1212 2005 1501 2074 obsignare
1557 2005 1657 2072 ('5),
1694 2016 1751 2060 et
1801 2006 2050 2061 omnibus

472 2099 629 2146 notas
660 2091 862 2157 facere,
892 2101 950 2146 ut
990 2108 1179 2148 omnes
1213 2095 1301 2160 iis,
1345 2111 1466 2165 quae
1490 2111 1519 2149 a
1553 2110 1700 2166 tege,
1736 2107 1829 2151 aut
1877 2098 2048 2167 impe-

468 2190 653 2237 ratore
676 2183 886 2236 sancita
929 2192 1079 2248 sunt,
1105 2199 1225 2239 sese
1252 2184 1560 2252 subjiciam,
1588 2196 1642 2240 et
1691 2201 1881 2241 earum
1925 2203 2050 2242 san-

469 2269 712 2326 ctionunt
773 2272 1131 2329 violatoribus
1201 2275 1440 2345 pericula
1505 2277 1699 2331 initiari
1754 2293 2051 2334 consuevec

468 2370 596 2418 runt
617 2380 630 2416 :
657 2362 727 2416 ita
747 2362 912 2418 etiam
935 2367 1183 2435 apostoli,
1203 2382 1336 2436 quos
1363 2369 1567 2436 primos
1587 2371 1765 2438 posuit
1788 2369 1929 2424 Deus
1947 2371 2045 2441 (4),

469 2467 591 2507 cum
638 2453 898 2524 Spiritum
951 2467 1196 2511 sanctum
1259 2459 1476 2528 propria
1522 2470 1789 2530 potestate
1857 2463 2050 2532 praedi-

471 2552 609 2608 tum,
651 2555 707 2600 et
753 2545 902 2602 Patri
957 2548 1480 2605 consubstantialem
1525 2565 1648 2606 esse
1689 2552 1892 2608 ecirent
1947 2553 2046 2625 (5),

471 2634 544 2689 ita
580 2635 912 2706 scripserunt
945 2653 960 2692 :
998 2637 1128 2694 Visa
1164 2652 1313 2707 sunt,
1358 2643 1634 2712 inquiunt,
1673 2645 1788 2699 haec
1831 2655 1884 2699 et
1937 2647 2048 2699 haac

471 2724 698 2796 Spiritui
734 2738 924 2783 sancto
966 2729 1049 2798 (ut
1079 2731 1214 2802 regi,
1243 2743 1298 2788 et
1350 2733 1698 2800 dominatori,
1729 2744 1784 2789 et
1811 2735 2046 2790 curatori

468 2819 735 2891 generis),
771 2830 826 2875 et
861 2823 1019 2877 nobis
1047 2837 1284 2892 quoque,
1315 2832 1500 2891 utpote
1525 2825 1614 2894 qui
1645 2826 1909 2896 segregati
1954 2842 2048 2880 sn-

470 2925 614 2977 mus,
659 2921 718 2965 ttt
751 2927 1114 2981 prmessetuus
1143 2915 1290 2980 fidei,
1321 2925 1374 2969 et
1398 2915 1689 2982 Ecclesiis;
1735 2933 1756 2968 ι
1786 2933 1815 2970 a
1854 2918 2050 2987 quibus

452 3003 845 3064 .custodieutes
889 3008 1264 3074 vosmetipsos,
1294 3006 1427 3061 bene
1453 3008 1666 3078 agetis;
1694 3025 1715 3061 ι
1756 3005 1840 3061 sin
1868 3017 2046 3061 autem

2155 1557 2471 1622 Κρείσσων
2499 1557 2608 1627 γὰρ
2635 1557 2958 1625 βασιλεὺς,
3009 1559 3107 1612 ὅτε
3152 1559 3406 1628 χώσεται
3433 1561 3603 1651 ἀνδρξ
3636 1561 3736 1651 κέ.-

3695 1653 3734 1686 Ι.

3695 1641 3734 1686 ἴ.

2156 1715 2314 1770 Καθά
2332 1719 2512 1770 τοίνυν
2551 1719 2739 1772 εἴωθεν
2777 1718 3029 1789 βασιλεὺς
3093 1721 3190 1791 μὲν
3221 1721 3318 1784 τὰς
3349 1723 3540 1774 ἑαυτοῦ
3573 1631 3734 1794 Vtil—

2084 1775 2123 1830 Β
2152 1806 2337 1872 θεσίας
2388 1812 2500 1872 τοῖς
2526 1810 2752 1879 ἔγγιστα
2777 1775 3055 1881 ’μεγάλοις
3080 1775 3315 1882 ἀρχουσί
3330 1775 3733 1883 καταπέμπειν,

2149 1893 2230 1960 οἷς
2253 1900 2352 1963 τὰς
2382 1901 2538 1971 ἡνίας
2589 1902 2698 1954 τῶν
2733 1903 3052 1974 ἀρχομένων
3101 1904 3329 1957 δέδωκεν
3352 1922 3365 1934 ·
3393 1905 3632 1969 ἐκείνους
3656 1906 3735 1970 δὲ,

2150 1991 2364 2044 πάντων
2417 1993 2496 2056 εἰς
2545 1992 2744 2062 γνῶσιν
2806 1994 2992 2066 φέρειν
3020 1993 3347 2060 τυποῦντας,
3404 1997 3736 2051 ὑποκύπτειν

2149 2085 2260 2146 τοῖς
2288 2083 2440 2156 παρά
2472 2084 2734 2155 βασιλέως
2799 2086 3187 2151 θεσπισθεῖσιν,
3235 2089 3330 2142 καὶ
3384 2089 3736 2156 ἀπειλοῦντας

2147 2177 2260 2238 τοῖς
2293 2175 2720 2247 παραϐαίνουσιν
2753 2177 2997 2231 κίνδυνον
3015 2197 3027 2210 α
3070 2178 3214 2232 οὕτω
3239 2181 3333 2234 καὶ
3359 2181 3410 2234 οἱ
3428 2181 3736 2243 ἀπόστολοι,

2149 2265 2242 2330 οὓς
2273 2266 2424 2322 ἔθετο
2453 2266 2702 2338 πρώτους
2731 2271 2760 2323 ὁ
2788 2269 2942 2336 Θεὸς,
2991 2271 3050 2324 τὸ
3073 2271 3416 2337 αὐτεξούσιον
3447 2273 3538 2326 τοῦ
3574 2272 3734 2328 Πνεῦι

2153 2376 2340 2430 ματος,
2391 2360 2484 2414 καὶ
2533 2360 2596 2414 τὸ
2628 2361 2764 2432 πρὸς
2796 2361 2890 2415 τὸν
2943 2363 3166 2433 Πατέρα
3193 2363 3479 2434 ὁμοούσιον
3511 2367 3734 2430 εἰδότες,

2151 2450 2469 2504 ἐπέστελλον
2493 2470 2505 2482 ·
2539 2451 2778 2518 Ἐδοξεν,
2823 2454 3008 2524 φησὶν,
3039 2453 3166 2508 τάδε
3202 2455 3296 2509 καὶ
3325 2455 3451 2508 τάδε
3491 2455 3570 2527 τῷ
3597 2459 3737 2528 ἁγίῳ

2150 2540 2433 2611 Πνεύματι
2479 2541 2555 2604 ὡς
2589 2541 2821 2612 βασιλεῖ,
2855 2543 2948 2596 καὶ
2981 2544 3323 2616 ὲξουσιαστῇ,
3349 2549 3442 2600 καὶ
3478 2547 3738 2619 κηδεμόνι

2147 2631 2242 2684 τοῦ
2292 2632 2514 2700 γένους·
2563 2635 2658 2687 καὶ
2702 2636 2834 2706 ἡμῖν
2886 2633 2966 2694 δὲ,
2996 2634 3072 2699 ὼς
3125 2637 3516 2708 προεστηκέναι
3543 2639 3740 2715 ἀφορι-

2151 2724 2353 2778 σθεῖσιν
2382 2728 2482 2796 τῆς
2508 2727 2743 2790 πίστεως
2792 2727 2886 2780 καὶ
2917 2726 3024 2782 τῶν
3067 2729 3424 2800 Ἐκκλησιῶν.
3487 2750 3504 2782 t
3531 2733 3618 2797 Ἐξ
3659 2727 3736 2787 ὧν

2148 2817 2528 2887 διατηροῦντες
2553 2819 2798 2884 ἑαυτοὺς,
2832 2814 2892 2872 εὖ
2932 2820 3187 2891 πράξετεο
3216 2839 3234 2872 ι
3277 2822 3740 2893 παρατρὼσαντες

2148 2907 2224 2970 δὲ,
2267 2909 2448 2978 φησὶν,
2475 2909 2536 2961 τὸ
2567 2908 2806 2961 ἐναντίον
2829 2908 3100 2963 πείσεσθε.
3143 2910 3478 2980 Ἐμέμνηντο
3504 2911 3612 2983 γὰρ
3638 2913 3734 2966 τοῦ

2149 3001 2404 3072 Σωτῆρος
2431 3003 2614 3065 αὐτοῖς
2637 3002 2917 3076 εἰρηκότος
2941 3003 2998 3054 ὲν
3026 3001 3103 3071 τῷ
3133 3002 3271 3055 κατά
3301 3003 3525 3073 Μάρκον
3557 3005 3736 3074 Εὐαγ-

469 3106 737 3164 prtecepta
771 3097 884 3152 haec
924 3098 1274 3160 violaveritis,
1315 3113 1400 3157 res
1436 3099 1732 3170 (inquiunt)
1759 3111 1948 3156 contra
1989 3115 2042 3154 se

2150 3095 2345 3164 γελίῳ·
2389 3115 2405 3146 ι
2433 3095 2507 3148 Οὐ
2532 3094 2640 3167 γάρ
2703 3097 2825 3148 ἐστε
2853 3095 3013 3165 ὑμεῖς
3061 3098 3109 3148 οἱ
3135 3095 3442 3158 λαλοῦντες,
3502 3095 3639 3149 ἀλλά
3670 3097 3732 3150 τὸ

473 3185 691 3240 habebit
721 3187 826 3257 (6).
871 3188 1066 3243 Eorum
1116 3190 1261 3244 enim
1317 3193 1703 3257 meminerunt,
1748 3207 1868 3262 qua!
1922 3192 2046 3246 Sal-

472 3287 629 3332 vator
663 3278 793 3347 ipsis
831 3280 1044 3334 dixerat
1099 3282 1150 3332 in
1217 3282 1509 3352 Evangelia
1563 3284 1860 3338 secundum
1903 3282 2045 3338 Mar-

470 3385 592 3423 cum
626 3386 641 3424 :
677 3389 696 3421 l
733 3369 850 3426 Non
883 3373 1024 3427 enim
1076 3371 1154 3442 (7)
1189 3389 1284 3428 vos
1317 3374 1451 3430 estis
1483 3376 1575 3444 qui
1609 3375 1915 3445 loquimini,
1948 3376 2041 3428 sed

473 3462 710 3532 Spiritus
739 3473 976 3519 sanctus.
1019 3487 1040 3517 ο
1092 3467 1266 3536 Atque
1298 3477 1356 3521 ut
1383 3482 1542 3522 nemo
1569 3467 1860 3537 capitulum
1910 3467 2044 3521 hoc-

471 3567 554 3617 ce,
586 3563 1052 3624 argumentttmve,
1091 3558 1233 3626 quod
1280 3573 1423 3611 nunc
1460 3558 1862 3628 persequimur,
1892 3558 2044 3625 parvi

475 3645 734 3697 momenti
762 3659 882 3700 esse
921 3650 1242 3716 suspicetur,
1277 3651 1371 3704 sed
1404 3664 1594 3706 omnes
1640 3656 1886 3704 eamdem
1920 3663 2045 3704 esse

472 3744 678 3788 sanetae
706 3733 962 3789 Triuitati
1000 3738 1357 3804 voluntatem,
1391 3750 1447 3795 et
1473 3739 1795 3808 iussionem,
1826 3748 1882 3794 et
1911 3753 2041 3806 ope-

472 3824 742 3880 rationem
799 3829 1046 3892 credant,
1102 3829 1328 3898 ideoque
1367 3831 1612 3885 eamdem
1657 3830 1822 3885 etiam
1871 3829 2042 3886 deita-

467 4078 469 4080 -
543 4045 620 4117 (1)
657 4044 1034 4101 lnobediemia.
1073 4049 1339 4104 Iu'Bibliis
1370 4051 1485 4105 lurc
1527 4066 1630 4104 non
1670 4050 1870 4104 inveni.
1918 4049 2050 4103 Num

470 4117 692 4186 respicit
721 4117 876 4171 ltum.
913 4133 960 4181 ν,
992 4118 1080 4181 19,
1123 4132 1214 4174 aut
1254 4119 1291 4174 ll
1344 4121 1470 4174 Cor.
1505 4135 1598 4181 vn,
1624 4118 1733 4174 10‘!

561 4184 616 4254 '2)
649 4184 938 4242 Potentior.
977 4188 1241 4245 llomerus
1267 4189 1430 4243 Iliad.
1467 4191 1558 4245 lib.
1595 4205 1632 4256 ι,
1669 4205 1810 4244 vers.
1839 4189 1926 4244 80.

561 4195 616 4254 '2)
649 4195 938 4242 Potentior.
977 4195 1241 4245 llomerus
1267 4195 1430 4243 Iliad.
1467 4195 1558 4245 lib.
1595 4205 1632 4256 ι,
1669 4205 1810 4244 vers.
1839 4195 1926 4244 80.

539 4195 618 4328 i5)
653 4257 962 4326 Obaignure.
997 4262 1270 4314 bententia
1308 4260 1360 4314 in
1409 4261 1598 4315 (ἔκιερο
1626 4263 1758 4313 adeo
1795 4260 2044 4329 perplexa

468 4336 570 4398 est,
626 4337 682 4380 ut
725 4343 882 4380 voces
939 4330 1147 4398 aliquas
1194 4348 1223 4384 a
1280 4329 1496 4383 librario
1555 4332 1784 4385 nmiss;is
1840 4339 2040 4397 pntem.

471 4396 792 4463 Suspicatus
846 4414 962 4449 sum
1011 4396 1314 4453 addendum
1370 4415 1490 4453 esse
1536 4402 1755 4454 verbum
1805 4396 2040 4462 κελεύει,

2150 3186 2373 3257 Πνεῦμα
2431 3187 2491 3240 τὸ
2547 3187 2720 3255 ἀγιον.
2748 3206 2766 3238 ι
2829 3187 2938 3239 Καὶ
2995 3185 3133 3239 ὥστε
3193 3187 3392 3257 μήτινα
3444 3187 3736 3239 ὑπολαϐεῖν

2151 3276 2278 3349 [102
2303 3276 2358 3350 ιι]
2396 3277 2589 3348 μικρὸν
2621 3272 2782 3339 εἶναι,
2823 3277 2853 3330 δ
2898 3277 3127 3348 μέτιμεν
3175 3275 3271 3328 νῦν
3302 3277 3616 3346 κεφάλαιον,
3649 3296 3739 3332 πι-

2151 3369 2359 3423 στεύειν
2391 3370 2447 3423 δὲ
2502 3369 2600 3439 τὴν
2646 3368 2814 3440 αὐτὴν
2845 3365 2982 3422 εἶναι
3013 3372 3076 3440 τῇ
3119 3370 3250 3441 ἁγία
3278 3369 3467 3440 Τριάδι
3496 3369 3737 3440 θέλησιν,

2150 3461 2443 3530 πρόσταξιν
2468 3478 2548 3524 τε,
2585 3461 2863 3532 ἐνέργειαν
2913 3478 2993 3524 τε,
3033 3455 3115 3525 οἷς
3148 3462 3337 3515 ἒπεται
3389 3459 3450 3514 τὺ
3492 3462 3586 3514 καὶ
3636 3461 3738 3531 τὴν

2149 3552 2319 3622 αὐτὴν
2348 3548 2488 3605 εἶναι
2522 3552 2657 3622 αὐτῇ
2690 3551 2950 3623 θεότητα·
2990 3551 3200 3614 Παῦλος
3219 3555 3246 3605 ὁ
3272 3551 3487 3624 πρῶτον
3517 3553 3738 3624 γενόμε·

2148 3661 2238 3706 νος
2271 3643 2583 3714 νομομαθὴς
2616 3645 2710 3696 καὶ
2753 3643 3008 3713 διώκτης,
3053 3645 3148 3698 καὶ
3180 3643 3403 3717 ὕστερον
3444 3647 3612 3717 αὐτῆς
3635 3647 3737 3717 τῆς

2147 3732 2460 3804 ἀφθέγκτου
2491 3733 2798 3803 οἰκονομίας
2835 3735 3167 3805 ἀναδειχθεὶς
3191 3736 3569 3805 μυσταγωγὸς,
3599 3754 3729 3788 συν-

2149 3827 2341 3898 ᾴδοντα
2391 3827 2519 3896 περὶ
2569 3825 2658 3878 τοῦ
2695 3825 2907 3896 Πατρὸς
2956 3828 3050 3880 καὶ
3095 3827 3190 3879 τοῦ
3221 3826 3351 3880 Υἱοῦ
3405 3828 3734 3899 διαγορεύει,

2160 4049 2382 4103 illustris
2412 4047 2810 4118 magnificentia
2842 4058 2929 4100 tua
2966 4047 3096 4117 legis
3135 4057 3374 4101 tenorem
3404 4049 3599 4104 litteris
3615 4052 3734 4110 suis

2156 4121 2454 4187 edictisque
2481 4117 2789 4189 propositis,
2823 4120 2887 4170 ad
2917 4121 3156 4170 omnium
3185 4119 3451 4183 judieum,
3496 4131 3548 4174 et
3597 4138 3728 4189 pro-

2156 4191 2462 4242 vincialium
2501 4188 2742 4240 notitiam
2775 4188 2934 4240 faciat
2965 4189 3270 4255 pervenire.
3305 4206 3324 4239 ι

2229 4262 2306 4326 (4)
2349 4259 2526 4312 Posuit
2562 4258 2718 4309 Deus.
2757 4258 2832 4310 Ex
2865 4256 2882 4308 l
2912 4259 2976 4312 ad
3002 4258 3126 4310 Cor.
3156 4273 3256 4320 xtl,
3285 4256 3374 4310 28.

2224 4332 2300 4400 (5)
2340 4327 2471 4383 Cum
2491 4327 2632 4400 Spir.
2659 4339 2837 4400 sancto
2865 4327 3359 4400 consubstantialem
3375 4343 3486 4381 esse
3515 4329 3726 4389 scirent.

2150 4397 2324 4454 Simili
2368 4402 2524 4468 modo
2553 4399 2667 4450 haec
2719 4397 2838 4450 libri
2895 4399 3151 4468 Actorum
3181 4399 3370 4468 verba
3408 4401 3628 4468 accepit
3672 4402 3726 4454 iu

468 4465 635 4540 id_est
668 4485 686 4540 ι
714 4467 885 4536 jubet,
920 4486 938 4518 ι
971 4485 1032 4522 ac
1079 4484 1176 4540 pro
1220 4469 1520 4532 τυποῦντας
1595 4471 1874 4540 legendum
1923 4486 2043 4525 esse
2077 4473 2119 4528 D
2151 4473 2241 4524 lib.
2279 4470 2351 4540 De
2377 4467 2516 4536 Spir.
2547 4477 2748 4540 sancto,
2781 4466 3034 4540 ttt_ttu.23,
3059 4467 3149 4520 ubi
3179 4465 3585 4540 liteclegimus:
3618 4489 3636 4521 ‹
3661 4469 3729 4524 Et.

465 4535 561 4589 τοῦ
614 4535 842 4602 πάντας,
899 4540 976 4592 vel
1001 4535 1306 4602 τυποῦντας
1347 4540 1442 4592 τοῦ
1498 4535 1728 4602 πάντᾶς·
1785 4549 1838 4591 at
1869 4556 1934 4593 ne
1965 4543 2048 4596 sic

467 4608 682 4670 quidem
711 4609 972 4660 concinna
1011 4610 1252 4664 redditur
1281 4612 1474 4663 oratio.
1531 4613 1636 4664 Sed
1676 4609 1904 4663 miriﬁce
1962 4610 2040 4663 lo-

467 4691 589 4750 cum
627 4677 766 4750 hunc
798 4677 1084 4750 illustrabit
1130 4682 1266 4732 alius
1311 4678 1559 4750 Gregorii
1613 4679 1836 4750 Nysseui
1893 4678 2047 4734 locus

469 4745 594 4820 huic
623 4747 788 4820 ‘valde
820 4747 1029 4820 Similis,
1087 4765 1278 4818 nempe
1328 4745 1538 4820 initium
1589 4745 1872 4813 orationis,
1925 4766 2047 4820 quae

470 4815 804 4889 inscribitur,
844 4835 861 4865 ι
894 4817 946 4869 In
976 4834 1096 4889 eos.
1126 4815 1226 4889 qui
1255 4819 1510 4874 dill'eruut
1533 4822 1822 4889 baptisma,
1857 4839 1874 4870 ι
1899 4815 2042 4888 quod

469 4885 558 4960 sic
584 4899 642 4937 se
667 4887 887 4960 habet:
925 4887 986 4938 υἱ
1037 4885 1492 4960 τῆξοξκουμένης
1535 4885 1736 4960 ταῦτης
1780 4885 2038 4960 βασιλεῖς,

465 4954 630 5032 ⁴ξινικοι
663 4952 727 5032 ἢν
752 4954 947 5032 νόμους
970 4952 1392 5032 συγγράψωσίη..
1425 4952 1536 5032 τοῖς
1559 4952 1818 5032 ἄρχουσίν
1843 4952 2042 5032 αὐτοῦς

467 5022 881 5100 ἐγχειρίξρντρς,
916 5025 997 5100 δι’-
1018 5022 1241 5100 ἐκείνων
1284 5022 1564 5082 κελεύουσι
1597 5022 1728 5093 ’τοῖς
1779 5022 2041 5100 ὑπηκόοις

463 5091 899 5214 δημοσιεύεσθαι,
933 5097 998 5148 ἵν’
1027 5097 1198 5161 οὕτως
1231 5100 1560 5171 ἀπαράϐατα
1591 5091 2038 5172 προστεταγμένα

467 5179 538 5214 φυ
574 5162 806 5214 άττοιτο.
835 5165 887 5214 id
912 5177 1015 5214 est.
1063 5186 1081 5214 ι
1116 5167 1283 5214 Huius
1313 5172 1495 5214 mutuli
1524 5187 1697 5214 remes-
1734 5187 1856 5214 mtm
1890 5173 2035 5214 leges-

467 5162 806 5240 φυλάττοιτο,
835 5165 887 5218 id
912 5177 1015 5230 est,
1063 5186 1081 5218 ι
1116 5167 1283 5237 Hujus
1313 5162 1495 5222 niuudi
1523 5162 1698 5240 reges,
1734 5187 1856 5223 cum
1876 5162 2035 5240 ‘leges

464 5234 855 5309 scripserint...
909 5253 1002 5309 eas
1035 5234 1308 5309 tradentes
1337 5234 1766 5309 magistratibus,
1799 5255 1896 5308 per
1919 5234 2036 5293 illos

463 5317 559 5378 eas
580 5302 788 5378 jubeut_
805 5305 1069 5378 evulgari,
1098 5323 1160 5378 ac
1191 5302 1526 5362 innotesciu'e
1555 5302 1813 5371 subditis,"
1840 5319 1895 5361 ttt
1918 5325 2036 5378 qua:

464 5371 730 5448 imperata
767 5371 985 5448 iuerint,
1019 5376 1282 5448 inviolata
1305 5389 1605 5433 serventur.
1641 5397 1660 5429 ι
1709 5381 1828 5434 Mos
1871 5371 2034 5448 po'rro

463 5443 588 5518 iste,
611 5443 680 5496 de
697 5457 818 5518 _quo
851 5441 1125 5518 Nyssenus
1147 5461 1216 5518 ac
1264 5445 1518 5517 Didymus
1565 5441 1886 5518 loquuntur,
1941 5464 2035 5501 ne-

462 5513 664 5583 minem
697 5512 848 5576 latet,
882 5512 974 5583 qui
1009 5515 1092 5570 vel
1145 5512 1580 5571 Tlteodosianitnt
1622 5512 1872 5573 codiceni
1913 5527 2032 5570 tan-

463 5589 576 5636 tutn
603 5582 927 5658 inspexerit.
959 5583 1036 5658 l_ta
1068 5587 1118 5639 in
1152 5588 1269 5654 ejus
1307 5589 1516 5658 gulicis
1547 5589 1876 5658 Appendice,
1909 5586 2027 5658 lege

460 5665 574 5714 xvn,
636 5651 905 5728 Honorius
954 5651 1264 5728 _itttper:tior
1320 5651 1664 5728 Theodorum
1715 5651 2028 5728 praelectuiu

459 5723 717 5794 praetorio
743 5723 828 5779 his
853 5723 1265 5780 verbis’aﬂ'atur
1296 5745 1311 5780 :
1350 5747 1369 5777 ι
1398 5727 1466 5782 Ει
1493 5743 1561 5782 ne
1595 5723 2025 5794 quis’contuma-

459 5790 555 5866 (ῥῷ
617 5807 729 5866 sua:
791 5794 1000 5864 culpam
1059 5797 1308 5866 praecepti
1382 5790 1726 5865 ignaratione
1787 5807 2020 5856 tueatur.

457 5858 738 5917 Theodore
771 5858 968 5932 parens
1017 5858 1357 5934 citatissime,
1403 5858 1578 5936 atque
1627 5869 2021 5935 amantissime,

2150 4555 2217 4594 ex
2266 4539 2384 4592 aliis
2437 4553 2652 4606 quoque
2699 4537 2944 4604 plurimis
2995 4539 3126 4590 locis
3173 4537 3474 4591 subsistens
3530 4551 3722 4594 natura

2149 4605 2552 4662 demonstratur
2583 4605 2816 4678 Spiritus
2847 4609 3018 4660 saneti
3047 4623 3059 4658 :
3093 4620 3161 4678 tit
3193 4607 3246 4678 ἰιι
3284 4607 3372 4660 illo
3400 4609 3544 4675 quod
3578 4612 3725 4678 Apo-

2147 4681 2271 4732 stoli
2304 4680 2588 4733 scribunt:
2621 4695 2640 4727 t
2676 4676 2854 4728 Visum
2889 4685 2974 4729 est
3017 4677 3160 4730 enim
3218 4675 3443 4744 Spiritui
3501 4675 3712 4739 Sancto,

2145 4756 2200 4802 et
2239 4750 2432 4803 nobis:
2471 4767 2490 4799 ι
2531 4749 2657 4816 quia
2683 4749 2782 4799 hoc
2815 4750 2956 4816 quod
2991 4748 3215 4810 dicitur,
3273 4763 3292 4796 ι
3329 4747 3500 4800 visum
3554 4761 3659 4814 est,
3694 4769 3713 4799 ι

2147 4836 2252 4872 non
2275 4821 2642 4885 operatiuttettt
2692 4819 2982 4885 signiliCat,
3019 4819 3110 4885 sed
3141 4825 3406 4885 naturam.

2214 4889 2290 4958 (6)
2316 4883 2386 4942 Se
2407 4887 2628 4958 Imbe_bit.
2661 4883 2862 4958 (iudex,
2900 4883 3160 4958 πήσεσθε.
3207 4883 3379 4953 Lego,
3435 4885 3714 4941 πείσεσθε.

2145 4953 2281 5010 Cum
2313 4974 2472 5026 porro
2495 4953 2553 5010 εὖ
2582 4955 2843 5028 πράττειν
2871 4957 2940 5009 sit
2973 4973 2991 5004 ι
3030 4967 3174 5028 recte
3203 4970 3384 5024 agere,
3419 4975 3435 5007 t
3475 4969 3527 5010 et
3555 4979 3574 5008 ι
3603 4975 3726 5028 pro:

2142 5025 2538 5098 sperum-vitatu
2559 5025 2743 5095 agere,
2774 5047 2792 5077 ι
2818 5029 3030 5098 vult-tur
3051 5025 3305 5098 Didymus
3330 5031 3491 5080 Verba
3524 5028 3631 5092 illa,
3657 5026 3720 5082 εὖ

2141 5093 2400 5169 πράξετε,
2434 5093 2710 5162 accepisse
2743 5094 3080 5169 peritide__ac
3102 5093 3167 5169 si:
3193 5093 3434 5169 valerent
3463 5112 3477 5150 :
3532 5117 3551 5147 ι
3585 5114 3721 5165 ιιι-ευ-

2139 5163 2283 5222 clare
2315 5169 2588 5221 vobiscum
2647 5163 2855 5234 agetur.
2892 5183 2910 5215 ι
2969 5164 3084 5235 Ego
3130 5163 3338 5233 Vulgati
3399 5163 3713 5235 interpretis

2140 5237 2548 5291 translationem
2590 5236 2807 5288 rettnui.

2208 5307 2285 5377 (7)
2319 5307 2441 5359 Non
2475 5307 2630 5359 enim.
2662 5307 2826 5377 Marc.
2852 5321 2967 5364 χιιι,
3003 5306 3090 5360 ll.
3137 5308 3190 5361 lu
3246 5308 3387 5362 libro
3428 5304 3721 5377 etiam__De

2138 5375 2284 5445 Spir.
2316 5385 2518 5439 sancto,
2537 5393 2682 5428 uttttt.
2702 5375 2792 5440 20,
2811 5392 2876 5428 ea
2898 5379 3166 5431 similibus
3182 5377 3384 5432 Christi
3412 5377 3548 5444 apud
3580 5375 3722 5427 Mat-

2138 5448 2334 5501 llttetttn
2365 5448 2542 5502 verbis
2574 5445 2736 5498 infert
2772 5447 3003 5513 Spiritus
3030 5451 3200 5502 sancti
3230 5446 3711 5502 COIlsllUSlallllﬂil-

2137 5526 2298 5588 tatem
2331 5533 2344 5569 :
2383 5516 2490 5588 tln
2528 5516 2633 5567 alio
2675 5529 2902 5588 quoque
2941 5515 3058 5588 (ait)
3099 5517 3417 5588 Evangelio
3463 5514 3705 5588 dicitur:

2149 5603 2168 5636 ι
2198 5585 2314 5638 Non
2336 5586 2476 5639 enim
2506 5599 2600 5638 vos
2628 5585 2781 5647 estis,
2813 5585 2906 5652 qui
2953 5583 3277 5654 loquimini,
3326 5585 3420 5640 sed
3477 5583 3721 5654 Spiritus

2131 5656 2310 5710 Patris
2331 5660 2514 5720 vestri,
2560 5655 2650 5724 qui
2673 5655 2914 5725 loquitur
2939 5653 2991 5707 in
3015 5657 3185 5712 vobis.
3216 5675 3235 5708 ι
3277 5658 3333 5710 Si
3367 5671 3496 5725 ergo
3545 5653 3719 5722 Spiri-

2135 5739 2220 5780 tus
2263 5725 2442 5780 Patris
2483 5727 2533 5778 in
2570 5725 2831 5794 apostolis
2868 5724 3194 5794 loquitur,...
3232 5724 3712 5794 liquitlo’apparet,

2131 5795 2372 5864 ejusdem
2406 5807 2613 5849 natura:
2645 5793 2905 5864 Spiritum
2943 5810 3062 5852 esse
3104 5793 3226 5854 eum

2130 5865 2330 5932 Patre,‘
2352 5865 2506 5937 cujus
2540 5866 2777 5936 Spiritus
2804 5875 2908 5920 est.
2945 5883 2964 5916 ι

3305 5796 3442 5860 "ilio,
3487 5803 3540 5850 et
3582 5808 3708 5849 cum
3727 5852 3736 5860 ,
