4054 6410
375 362 480 416 625

1396 367 1484 422 DE
1521 366 1896 423 TRINITATE
1933 367 2134 424 LIBER
2178 368 2569 428 SECUNDUS.

3531 375 3640 431 626

373 476 590 550 γράψας
622 473 930 546 Κορινθίοις
965 475 1064 546 μὲν
1090 477 1152 531 τὸ
1206 478 1423 550 πρῶτον
1449 494 1464 508 °
1521 501 1540 532 ι
1565 480 1704 534 Ἀλλ’
1726 481 1819 546 οὓς
1857 482 1954 553 μὲν

2062 492 2201 550 tem;
2247 483 2466 550 Paulus,
2501 485 2595 555 qui
2623 484 2773 554 prius
2804 485 2967 555 222
3007 484 3140 558 legis
3170 496 3404 556 peritus,
3436 497 3492 541 et
3524 501 3644 555 per-

373 567 524 620 ἓθετο
548 568 576 620 6
607 565 742 628 Θεὸς
793 566 853 618 ὲν
878 568 943 637 τῇ
989 567 1282 640 Ἐκκλησία
1340 569 1557 641 πρῶτον
1604 571 1955 638 ἀποστόλους,

373 659 624 731 δεύτερον
653 660 1168 731 προφήτας,.τρίτον
1205 660 1558 728 διδασκάλους
1579 681 1593 694 ·
1618 683 1637 716 ι
1675 665 1768 718 καὶ
1799 664 1962 718 ἀλλα-

377 750 473 821 χοῦ
492 766 508 780 ·
548 769 565 801 ι
587 749 745 819 Λέγω
771 750 827 804 δὲ
852 751 950 804 οὐκ
976 750 1108 820 ἐγὼ,
1139 752 1252 806 ἀλλ’
1278 755 1306 807 6
1342 754 1565 826 Κύριος,
1594 759 1827 824 γυναῖκα
1850 755 1962 809 ἀπὸ

376 840 567 911 ἀνδρὸς
595 841 669 911 μὴ
699 842 1060 913 χωρισθῆναι·
1088 863 1107 896 ι
1143 844 1410 910 Γαλάταις
1434 846 1492 899 δέ
1514 865 1525 877 ·
1561 847 1720 901 «Ὅτε
1747 847 1964 917 εὐδόκη-

380 950 471 986 σεν
493 935 519 986 6
547 933 698 999 Θεὸς,
748 937 778 988 6
807 937 1072 1008 ἀφορίσας
1121 955 1190 1010 με
1243 940 1310 993 ὲκ
1339 940 1544 1005 κοιλίας
1579 943 1785 1014 μητρός
1835 960 1960 1012 μου,

362 1023 725 1092 ἀποκαλύψαι
757 1027 847 1079 τὸν
878 1027 1004 1080 Υίὸν
1037 1028 1200 1082 αὐτοῦ
1230 1031 1288 1083 ὲν
1316 1031 1457 1102 ἐμοὶ.
1495 1035 1582 1087 ἵνα
1600 1032 1962 1103 εὐαγγελίζω-

382 1132 478 1181 μαι
507 1115 666 1169 αὑτὸν
692 1119 750 1171 ἐν
799 1121 911 1182 τοῖς
965 1119 1174 1176 ἔθνεσιν
1195 1137 1209 1151 ·
1234 1143 1253 1175 ι
1288 1125 1380 1177 καὶ
1427 1124 1680 1194 ἑτέρωθι·
1717 1145 1735 1177 ι
1760 1124 1958 1189 Καθὼς

378 1205 472 1256 καὶ
499 1204 935 1276 δεδοκιμάσμεθα
966 1209 1071 1262 ὑπὸ
1108 1210 1203 1264 τοῦ
1232 1211 1367 1266 Θεοῦ
1405 1214 1759 1285 πιστευθῆναι
1781 1215 1840 1268 τὸ
1861 1215 1959 1267 Εὐ-

377 1296 646 1363 αγγέλιον,
704 1298 876 1362 οὕτως
915 1299 1205 1372 λαλοῦμεν,
1260 1304 1358 1374 οὐχ
1386 1305 1461 1368 ὼς
1491 1306 1798 1376 ἀνθρώποις
1826 1306 1957 1378 ἀρέ-

381 1402 616 1450 σκοντες,
650 1389 785 1443 ἀλλὰ
833 1391 911 1461 τῷ
962 1392 1081 1464 Θεῷ
1104 1393 1182 1465 τῷ
1211 1394 1554 1466 δοκιμάζοντι
1592 1397 1690 1462 τὰς
1731 1398 1956 1468 καρδίας

379 1479 534 1547 ἡμῶν
581 1500 600 1532 ι
644 1483 808 1536 Οὐδὲν
855 1485 912 1538 δὲ
943 1480 1105 1557 ἦττον
1131 1487 1225 1540 καὶ
1263 1489 1292 1540 6
1325 1489 1516 1561 Σωτὴρ
1543 1493 1656 1553 τοῖς
1689 1489 1957 1560 μαθηταῖς

380 1571 551 1624 εἰπεῖν
579 1571 810 1643 ἠξίωσεν
832 1593 848 1608 ο
885 1595 903 1628 ι
928 1576 1069 1646 Ἐγὼ
1092 1578 1234 1648 ὑμᾶς
1257 1577 1607 1652 ἐξελεξάμην.
1638 1600 1656 1633 ι

2064 583 2281 629 secutor
2309 574 2566 630 Ecclesia!
2599 574 2802 642 fuerat,
2829 591 2896 631 ac
2921 586 3108 647 postea
3137 577 3308 646 ipsius
3344 577 3644 646 inexplica-

2064 666 2190 721 bilis
2223 667 2618 722 incarnationis
2647 668 2858 734 doctor,
2889 681 2955 722 ac
2999 667 3121 722 lidei
3165 668 3410 724 initiator
3440 667 3517 738 (8)
3559 667 3643 724 fa-

2064 767 2185 812 ctus
2216 769 2322 822 est,
2354 772 2595 812 consona
2621 758 2687 812 de
2715 757 2876 812 Patre.
2901 766 2956 813 et
3003 757 3140 813 Filio
3183 759 3368 825 edicit,
3394 759 3642 816 scribens

2067 849 2132 902 ad
2165 848 2480 903 Corinthios
2523 848 2740 918 quidem
2795 849 2848 903 in
2904 849 3078 919 prima
3140 849 3423 918 Epistola:
3473 867 3492 901 ι
3531 847 3639 905 Sed

2066 939 2328 1009 quosdam
2380 938 2456 1012 (9)
2491 941 2709 1009 quidem
2752 940 2934 1010 posuit
2975 941 3116 994 Deus
3150 941 3200 994 in
3234 939 3494 1003 Ecclesia,
3527 941 3640 1010 pri-

2068 1047 2215 1086 mum
2247 1031 2546 1102 apostolos,
2597 1033 2835 1088 secundo
2874 1032 3191 1103 prophetas,
3238 1033 3400 1087 tertio
3447 1033 3640 1088 docto-

2065 1137 2190 1189 res;
2224 1140 2244 1176 ι
2284 1133 2339 1178 et
2381 1123 2550 1178 alibi:
2593 1141 2614 1175 ι
2653 1122 2783 1178 Dico
2810 1121 2920 1192 (10)
2969 1133 3145 1178 autem
3195 1139 3300 1177 non
3350 1136 3486 1194 ego,
3544 1122 3642 1180 sed

2065 1215 2344 1280 Dominus,
2400 1231 2622 1271 uxorem
2666 1231 2693 1270 a
2747 1215 2864 1270 viro
2909 1231 3013 1270 non
3046 1216 3318 1284 separari;
3355 1233 3375 1268 ι
3421 1215 3490 1270 ad
3524 1213 3637 1271 Ga-

2066 1295 2398 1364 latas‘vero:
2447 1328 2467 1361 ι
2508 1309 2642 1365 Cum
2673 1309 3004 1378 complacuit
3033 1308 3144 1380 (11)
3175 1309 3304 1372 Deo,
3333 1307 3426 1377 qui
3455 1319 3642 1375 segre-

2063 1401 2207 1471 gavit
2240 1415 2326 1455 me
2381 1416 2449 1454 ex
2498 1409 2652 1455 utero
2703 1400 2894 1454 matris
2930 1414 3083 1468 meae,
3137 1399 3381 1456 revelare
3440 1398 3639 1454 Filium

2064 1506 2219 1546 suum
2251 1493 2303 1546 in
2329 1507 2432 1556 me,
2458 1501 2516 1546 ut
2542 1490 2971 1558 evangelizarem
2996 1491 3170 1560 ipsum
3197 1492 3250 1546 in
3290 1491 3578 1560 gentibus;
3614 1507 3634 1544 ι

2060 1594 2118 1639 et
2145 1584 2271 1638 alibi
2316 1603 2330 1639 :
2375 1602 2393 1634 ι
2437 1583 2590 1638 Sicut
2627 1581 2740 1653 (12)
2775 1593 2828 1636 et
2858 1583 3068 1653 probati
3126 1597 3313 1638 sumus
3341 1597 3372 1636 a
3401 1581 3532 1646 Deo,
3579 1586 3642 1635 ut

380 1665 689 1721 crederetur
733 1667 1114 1738 Evangelium,
1167 1670 1240 1724 ita
1293 1670 1585 1738 loquimur,
1638 1688 1743 1726 non
1798 1674 1954 1742 quasi
2029 1674 2336 1730 hominibus
2389 1675 2684 1744 placentes,
2759 1675 2852 1728 sed
2903 1675 3031 1738 Deo,
3078 1674 3170 1743 qui
3224 1674 3418 1744 probat
3468 1673 3637 1729 corda

379 1769 583 1817 nostra.
622 1779 642 1812 ι
677 1759 801 1816 Pari
847 1774 1026 1818 autem
1085 1766 1245 1820 modo
1281 1764 1532 1819 Salvator
1583 1766 1745 1821 etiam
1789 1768 2066 1838 discipulis
2093 1769 2276 1824 dicere
2311 1769 2562 1838 dignatus
2591 1780 2675 1822 est
2712 1785 2727 1821 :
2775 1785 2794 1818 ι
2833 1768 2944 1837 Ego
2976 1767 3088 1838 (15)
3131 1783 3225 1822 rus
3280 1767 3436 1838 elegi.
3474 1785 3493 1821 ο

447 1854 521 1907 Γν.
574 1853 692 1908 Ὅτι
731 1854 1014 1926 νομοθετεῖ
1057 1857 1154 1912 κα)⁵
1199 1857 1525 1930 προστάττει
1575 1859 1955 1929 ὰποφαντικῶς

2133 1858 2216 1915 ΙΙΙ.
2259 1860 2393 1928 Quia
2423 1860 2568 1929 leges
2616 1858 2740 1923 fert,
2769 1868 2824 1914 et
2855 1860 3112 1930 pra-cipit,
3172 1859 3398 1930 singulis
3438 1858 3636 1929 operi-

379 1947 625 2010 ἑκάστοις
692 1945 801 2000 τῶν
859 1946 1034 2019 ἔργων
1078 1947 1140 2002 τὸ
1196 1949 1524 2021 πρόσφορον,
1573 1949 1647 2013 ὡς
1713 1949 1963 2020 βασιλεὺς

376 2037 580 2106 ἥμερον
642 2037 736 2090 κα)⁵
784 2037 1014 2108 νόμιμον
1077 2039 1391 2111 ἀνημμένος
1481 2039 1798 2110 ἡγεμονίαν,
1866 2042 1962 2094 καὶ

376 2127 868 2200 είρήνηνκᾶπειρον
909 2129 988 2200 τῷ
1037 2130 1314 2202 σύμπαντι
1360 2131 1574 2204 οὐρανῷ
1600 2149 1660 2184 τε
1701 2133 1796 2185 καὶ
1866 2132 1960 2185 κό-

379 2235 502 2288 σμῳ
555 2217 869 2288 βραϐεύων,
937 2221 1031 2275 καὶ
1107 2221 1169 2275 τὸ
1241 2223 1566 2294 ἡγεμονικὸν
1643 2222 1782 2294 μετὰ
1865 2223 1959 2277 τοῦ

377 2310 731 2381 κηδεμονικοῦ
783 2313 1178 2384 ἁρμοσάμενος.
1219 2317 1404 2386 Μάνης
1455 2315 1512 2369 δὲ
1559 2315 1657 2385 τῆς
1681 2315 1789 2368 τῶν
1819 2315 1958 2369 ὅλων

379 2402 647 2472 βασιλίδος
700 2404 934 2475 φύσεως,
1006 2408 1069 2461 τὸ
1138 2407 1484 2480 θεσμοθετεῖν
1553 2411 1645 2463 καὶ
1717 2411 1956 2480 κρίνειν·

379 2495 680 2564 ποιήματος
705 2494 793 2564 δὲ,
821 2496 880 2549 τὸ
904 2496 1008 2549 ὑπὸ
1035 2497 1199 2568 νόμον
1226 2498 1320 2551 καὶ
1392 2499 1574 2569 κρίσιν
1623 2499 1817 2554 τελεῖν.
1878 2503 1965 2553 Δι-

376 2583 614 2653 ωρίσατο
640 2585 748 2656 γὰρ
812 2585 1020 2652 Παῦλος
1069 2587 1168 2658 μὲν
1223 2587 1283 2641 τὸ
1340 2588 1531 2650 σκεῦος
1579 2589 1680 2658 τῆς
1707 2590 1958 2661 ἐκλογῆς,

377 2676 455 2740 ὡς
526 2677 733 2747 ἔφαμεν
788 2679 924 2750 ήδη,
1001 2681 1248 2752 γράψαςο
1314 2682 1415 2734 «⁸0
1465 2681 1574 2751 γὰρ
1626 2682 1790 2753 νόμος
1862 2682 1958 2735 τοῦ

379 2766 692 2838 Πνεῦματος
724 2770 820 2840 τῆς
853 2770 999 2840 ζωῆς
1039 2773 1096 2824 ὲν
1128 2771 1348 2842 Χριστῷ
1387 2771 1560 2842 Ἰησοῦ
1592 2771 1962 2845 ἠλευθέρωσέν

381 2875 449 2927 με
474 2860 578 2912 ἀπὸ
605 2861 699 2914 τοῦ
727 2861 894 2938 νόμου
924 2862 1024 2932 τῆς
1073 2863 1347 2934 ἁμαρτίας
1390 2863 1486 2918 καὶ
1527 2863 1620 2916 τοῦ
1646 2863 1876 2918 θανάτου
1895 2881 1908 2892 ·
1935 2884 1953 2917 ι

377 2952 433 3003 αἱ
465 2951 518 3004 δὲ
550 2952 906 3007 ἀποστολικαὶ
934 2953 1191 3026 Πράξεις,
1247 2955 1468 3026 ἔχουσαι
1495 2948 1595 3008 ὦδε
1617 2975 1630 2989 ο
1671 2975 1690 3007 ι
1714 2955 1821 3009 Τοῦ
1857 2956 1961 3010 Πέ-

376 3059 506 3112 τρου
533 3043 912 3115 διανοουμένου
976 3045 1102 3116 περὶ
1138 3045 1232 3099 τοῦ
1269 3048 1531 3118 ῥήματος,
1571 3045 1699 3119 [102
1726 3045 1776 3118 b]
1805 3042 1958 3102 εἶπεν

377 3133 523 3205 αὖτῷ
560 3135 618 3188 τὸ
672 3135 932 3207 Πνεῦμα·
977 3138 1106 3190 Ἰδοὺ
1137 3138 1328 3210 ἄνδρες
1377 3142 1526 3207 τρεῖς
1572 3138 1824 3208 ζητοῦσίν
1871 3155 1952 3192 σε.

390 3220 549 3274 Ἀλλὰ
598 3223 839 3287 ἀναστὰς
887 3225 1178 3297 κατάϐηθι,
1212 3228 1305 3280 καὶ
1360 3227 1590 3297 πορεύου
1624 3229 1720 3281 σὺν
1749 3228 1952 3293 αὐτοῖς,
1980 3208 2025 3266 C

379 3312 544 3382 μηδὲν
593 3315 997 3386 διακρινόμενος
1022 3335 1036 3349 ·
1085 3317 1166 3371 ὅτι
1199 3317 1308 3387 ἐγὼ
1339 3319 1654 3372 ἀπέσταλκα
1679 3318 1874 3383 αὐτούς
1893 3335 1906 3349 °
1929 3339 1948 3371 ι

376 3406 471 3456 καὶ
505 3405 662 3462 πάλιν
684 3425 698 3438 ”
732 3413 774 3459 ἰ
797 3405 962 3463 Εἶπεν
993 3410 1054 3462 τὺ
1091 3410 1312 3482 Πνεῦμα
1347 3410 1423 3481 τῷ
1448 3410 1728 3483 Φιλίππῳο
1783 3411 1960 3482 Πρόσ-

374 3500 520 3561 ελθε,
582 3500 676 3553 καὶ
706 3500 995 3572 κολλήθητι
1021 3501 1098 3574 τῷ
1127 3502 1333 3573 ἅρματι
1364 3502 1539 3574 τούτῳ
1559 3519 1573 3534 ο
1597 3522 1616 3555 ι
1679 3506 1772 3557 καὶ
1799 3499 1956 3567 αὖθις

375 3592 486 3646 ἀπὸ
521 3592 750 3660 Ἀγάϐου
785 3595 1062 3666 προφήτου
1083 3613 1095 3625 ·
1163 3613 1182 3646 ι
1207 3594 1342 3648 Τάδε
1377 3594 1524 3664 λέγει
1563 3595 1622 3647 τὸ
1643 3593 1868 3665 Πνεῦμα
1896 3595 1958 3648 τὸ

375 3683 531 3750 ἆγιον
556 3699 570 3713 ·
600 3682 702 3735 Τὸν
731 3682 918 3754 ἄνδρα,
953 3678 1013 3737 οὗ
1040 3686 1188 3737 ἐστιν
1251 3687 1280 3756 ἡ
1306 3684 1449 3754 ζώνη
1483 3682 1642 3755 αὕτη,
1691 3683 1832 3737 οὕτω
1857 3684 1953 3755 δή-

379 3789 598 3826 σουσιν·
629 3793 647 3825 ι
680 3774 772 3826 καὶ
805 3773 1016 3837 Παῦλος
1035 3791 1049 3808 ·
1087 3793 1105 3825 ι
1130 3775 1258 3828 Ἰδοὺ
1298 3774 1393 3829 νῦν
1435 3775 1545 3844 ἐγὼ
1571 3775 1850 3847 δεδεμένος
1873 3775 1953 3847 τῷ

377 3864 658 3936 Πνεῦματι
698 3865 1032 3937 πορεύομαι·
1058 3886 1078 3918 ι
1121 3867 1258 3938 ὅπερ
1293 3867 1670 3938 παραπλήσιον
1694 3867 1951 3938 τυγχάνει

333 4200 338 4204 Ι
456 4132 531 4198 (8)
567 4130 716 4186 Fidei
747 4131 1006 4185 initiator.
1039 4131 1249 4204 Grmce,
1299 4151 1318 4182 ι
1353 4144 1755 4204 utystagognsa
1823 4130 1950 4186 llier

386 4217 643 4272 ronytnns
675 4217 888 4271 quoque
937 4204 987 4254 iu
1046 4203 1255 4274 Didymi
1309 4201 1419 4256 lih.’
1461 4202 1535 4254 De
1579 4201 1720 4269 Spir.
1755 4211 1958 4255 sancto.

380 4275 550 4395 angue,
592 4282 646 4327 ut
682 4283 831 4342 puto,
868 4287 1055 4326 vocem
1095 4276 1281 4328 eodem
1315 4275 1473 4326 modo
1502 4272 1776 4326 transtulit
1804 4288 1954 4325 nunt.

462 4411 538 4482 (9)
571 4410 674 4466 Sed
694 4412 947 4482 quosdam
982 4411 1034 4482 il
1075 4411 1200 4466 Cor.
1238 4427 1337 4476 xu,
1367 4409 1680 4482 28.jGrtec.
1737 4411 1822 4464 ed.
1865 4411 1959 4463 κα)⁹

379 4481 634 4551 οῦςμριιο
665 4481 779 4535 ἀλλ’
819 4481 934 4545 οὓς.
978 4481 1032 4534 ln
1085 4483 1220 4533 libro
1259 4483 1421 4534 etiam
1459 4481 1534 4532 De
1578 4482 1703 4548 Spir
1774 4494 1956 4534 sancto

383 4569 537 4607 num.
569 4551 638 4621 2-1
670 4555 734 4606 de
773 4551 1148 4618 Patteaecipit
1191 4551 1446 4621 Didymus
1481 4553 1621 4605 hunc
1674 4551 1823 4604 Pauli
1877 4552 1952 4605 lo-

382 4639 528 4677 cum.
565 4620 695 4675 Vide
735 4633 844 4675 not.
871 4622 925 4684 5,
958 4638 1144 4690 supra.

457 4694 568 4757 110)
600 4691 748 4744 Dico.
779 4691 796 4744 l
829 4694 893 4745 ad
916 4693 1041 4745 Cor.
1080 4709 1185 4753 vn,-
1227 4690 1313 4744 10.
1375 4691 1547 4744 (ΙΙ-πλε.
1600 4691 1686 4743 ed.
1740 4707 1954 4761 mpetr-

383 4761 556 4830 γέλλω
613 4777 708 4829 pro
739 4761 884 4829 λέγω
913 4762 990 4828 δέ,
1018 4766 1159 4831 quod
1199 4764 1414 4816 ductmn
1456 4772 1537 4814 est
1579 4777 1642 4813 ex
1690 4760 1829 4814 vers.
1891 4760 1952 4813 12

383 4833 632 4901 ejusdem,
644 4833 855 4900 capitis.

420 4898 571 5024 μη)
601 4898 732 4956 Cum
763 4902 1096 4970 complacuit.
1134 4901 1308 4956 Galat.
1341 4917 1381 4966 ι,
1414 4901 1480 4954 15
1507 4910 1560 4954 et
1615 4899 1700 4953 16.
1739 4898 1952 4956 Omittit

438 4988 582 5024 tuna.

381 4987 582 5026 annua.

457 4990 582 5112 (13).
602 5039 772 5112 Sicut.
800 5039 906 5094 lad
931 5039 1122 5096 These
1161 5057 1222 5105 tt,
1269 5040 1323 5093 4.
1358 5040 1543 5094 Graeca
1567 5039 1733 5112 editio
1777 5037 1951 5112 _ha_het

379 5111 520 5167 ἀλλὰ
546 5107 744 5176 καθώς,
776 5113 876 5180 hoc
917 5122 1020 5173 est,
1056 5113 1148 5165 sed
1179 5112 1339 5172 sicut,
1364 5127 1461 5180 pro
1485 5108 1664 5180 καθὼς
1695 5109 1809 5164 καί.
1843 5107 1948 5162 Sed

379 5183 440 5238 in
465 5183 604 5236 libro
625 5181 787 5234 etiam
808 5179 886 5234 De
915 5180 1279 5241 SnirJancto,
1309 5179 1457 5233 nunt.
1483 5179 1571 5240 9.4,
1607 5180 1860 5248 Didymus
1894 5185 1951 5230 et

380 5253 608 5308 dictavit
638 5251 753 5313 καί,
777 5266 872 5321 pro
903 5250 1060 5321 ἀλλὰ,
1085 5261 1138 5302 et
1167 5259 1231 5321 de
1257 5251 1364 5304 Deo
1377 5248 1548 5321 Patre
1578 5259 1781 5321 textum
1806 5249 1948 5301 hunc

383 5318 789 5390 interpretatus
811 5331 912 5374 est.
950 5319 1073 5374 Hzce
1105 5320 1247 5390 enim
1278 5321 1348 5373 ibi
1374 5320 1638 5387 legimus:
1675 5337 1694 5368 ι
1720 5318 1842 5371 Ilaec
1863 5332 1923 5390 es

383 5388 688 5461 Salttsergo
711 5391 1041 5446 credentium
1076 5408 1093 5440 ι
1119 5389 1305 5461 [θοάζω
1334 5398 1530 5461 noster,
1573 5390 1778 5441 omissis
1809 5388 1920 5461 uoci

383 5463 504 5525 bus,
538 5479 558 5511 ‹
588 5457 712 5514 Ηᾷυο
735 5473 837 5523 est,
871 5479 890 5512 ι
935 5461 1085 5513 habet
1108 5457 1140 5514 ;“
1186 5478 1203 5510 ι
1235 5457 1300 5510 Et
1353 5460 1497 5512 salus
1545 5473 1677 5525 ergo
1719 5458 1946 5510 creden-

385 5529 572 5599 tium],
606 5541 660 5585 et
707 5531 1038 5599 dispensatio
1099 5527 1836 5599 ecclesiastica:_disciplina:
1891 5525 1944 5599 in

387 5567 1288 5669 Ιίέο““1“ἰ·ἰῖιῖῑιιιέιιῖέτιῖοιῖυτῗῖῖιιηι-
1320 5613 1440 5651 cmn
1471 5567 1735 5669 Salvatttir
1788 5596 1948 5669 disci-

390 5671 546 5740 pulos
573 5685 702 5725 suos
728 5671 793 5723 ad
815 5667 1218 5740 praedicandum
1254 5667 1603 5740 Evangeliunt
1636 5667 1863 5740 miserit.
1891 5673 1947 5740 et

389 5735 457 5793 ad
511 5735 1038 5812 dogtnataiveritatis
1095 5737 1332 5812 docenda
1379 5735 1540 5812 Pater
1593 5738 1645 5790 in
1701 5735 1946 5812 Ecclesia

388 5807 734 5867 constituisse
757 5811 968 5868 dicatur
993 5826 1011 5860 ι
1040 5809 1213 5879 primo
1249 5807 1541 5878 apostolos,
1570 5807 1806 5864 secundo
1829 5821 1947 5875 pro-

2062 1951 2162 2007 bus
2191 1952 2304 2006 suis
2332 1951 2474 2020 quod
2521 1950 2861 2005 conducibile
2890 1950 2981 2012 sit,
3020 1951 3426 2013 demonstrans,
3452 1958 3510 2003 ut
3535 1963 3630 2005 rex

2065 2049 2347 2096 mansueta
2376 2050 2430 2095 et
2451 2039 2689 2109 legitima
2717 2048 2873 2094 utens
2904 2038 3016 2110 (14)
3041 2040 3452 2108 gubernatione,
3476 2049 3637 2110 atque

2064 2130 2469 2184 interminatam
2501 2144 2687 2198 pacem
2718 2130 2969 2183 universo
2992 2143 3112 2182 cum
3137 2127 3296 2194 cmlo,
3331 2137 3442 2183 tum
3475 2143 3635 2184 mun-

2063 2223 2132 2278 do
2165 2236 2513 2291 comparans,
2544 2234 2599 2278 et
2630 2232 2687 2277 ut
2721 2223 2998 2292 pra'miutn
3042 2221 3278 2292 largiens
3307 2221 3441 2295 (15),
3475 2233 3638 2293 atque

2064 2317 2346 2386 imperium
2379 2333 2499 2370 curn
2531 2318 2812 2370 curatione
2851 2315 3189 2385 permiscens
3213 2330 3276 2369 ac
3306 2323 3634 2383 temperans.

2065 2408 2243 2463 Solius
2291 2419 2467 2463 autem
2513 2419 2723 2463 natura:
2777 2424 2954 2462 rerum
2986 2407 3228 2462 omnium
3279 2406 3512 2460 domina:
3553 2413 3638 2460 est

2065 2499 2208 2569 leges
2252 2499 2416 2564 ferre,
2452 2509 2506 2552 et
2541 2498 2808 2567 judicare.
2846 2499 3122 2554 Creaturae
3171 2511 3320 2562 vero,
3365 2497 3468 2552 sub
3519 2495 3638 2566 lege

2063 2594 2277 2662 degere,
2327 2609 2390 2648 ac
2424 2594 2623 2662 judicio
2674 2593 2885 2662 subjici.
2950 2593 3002 2647 ltl
3043 2592 3186 2647 enim
3243 2590 3488 2646 deﬁnivit
3540 2604 3639 2646 vas

2065 2681 2191 2733 illud
2225 2681 2509 2737 electionis
2553 2682 2772 2745 Paulus,
2810 2692 2867 2734 ιιι
2899 2681 3010 2748 jam
3067 2682 3308 2736 diximus
3343 2679 3478 2750 (16),
3509 2680 3635 2734 dum

2061 2770 2320 2839 scripsit:
2373 2789 2392 2821 ι
2435 2769 2567 2823 Nam
2599 2769 2684 2824 lex
2733 2769 2842 2840 (17)
2873 2769 3110 2838 Spiritus
3153 2771 3274 2825 vitae
3321 2771 3375 2824 in
3420 2770 3638 2825 Christo

2059 2859 2184 2916 Jesn
2219 2861 2467 2917 liberavit
2496 2874 2581 2914 me
2630 2875 2659 2913 a
2713 2858 2831 2926 lege
2875 2860 3082 2928 peccati
3141 2870 3197 2914 et
3244 2861 3466 2928 mortis;
3515 2877 3533 2913 ι
3581 2869 3639 2912 οι

2059 2953 2194 3008 Acta
2249 2953 2571 3024 apostolica,
2627 2967 2747 3022 qua:
2786 2953 2867 3008 sic
2932 2952 3132 3008 habent
3175 2970 3190 3006 :
3243 2970 3262 3003 ι
3315 2952 3475 3007 Petro
3525 2951 3636 3020 (l8)

2059 3045 2332 3113 cogitante
2391 3043 2456 3098 de
2493 3043 2681 3106 verbo,
2715 3043 2852 3096 dixit
2882 3042 2932 3094 ei
2991 3041 3227 3112 Spiritus
3271 3055 3288 3095 :
3345 3042 3485 3097 Ecce
3532 3041 3634 3095 viri

2062 3143 2173 3187 tres
2211 3135 2464 3202 quaerunt
2498 3143 2572 3188 te.
2629 3131 2738 3186 Sed
2785 3145 3013 3201 surgens
3067 3130 3357 3196 descende,
3398 3141 3454 3184 et
3502 3136 3638 3184 vade

2059 3239 2182 3279 cum
2231 3224 2313 3281 eis
2362 3223 2497 3280 nihil
2539 3223 2819 3291 dubitans,
2859 3223 2982 3291 quia
3023 3237 3123 3292 ego
3171 3221 3291 3276 misi
3348 3221 3510 3293 223
3566 3222 3634 3277 il-

2061 3317 2171 3384 los;
2210 3335 2229 3368 »
2270 3331 2326 3374 et
2356 3330 2544 3372 rursus
2581 3331 2597 3371 :
2638 3334 2657 3367 ι
2705 3315 2851 3370 Dixit
2888 3315 3001 3385 (19)
3058 3313 3293 3384 Spiritus
3338 3313 3630 3384 Philippo:

2063 3410 2297 3477 Accede,
2330 3419 2386 3464 et
2413 3407 2645 3478 adjunge
2691 3417 2744 3462 te
2775 3406 2955 3462 currui
2989 3406 3144 3471 huic;
3185 3425 3204 3458 ι
3248 3415 3297 3460 et
3336 3421 3522 3460 rursus
3565 3421 3636 3463 ex

2061 3516 2296 3574 persona
2326 3501 2494 3572 Agabi
2524 3501 2798 3570 propheta:
2827 3516 2842 3554 :
2877 3517 2896 3550 ι
2937 3498 3064 3554 Haec
3095 3499 3225 3552 dicit
3255 3496 3364 3568 (‘10)
3399 3497 3635 3567 Spiritus

2063 3604 2284 3650 sanctus
2314 3593 2559 3658 :Virum,
2585 3591 2738 3661 cujus
2760 3601 2844 3647 est
2865 3607 2998 3646 zona
3025 3591 3162 3655 h:cc,
3192 3593 3270 3645 sic
3303 3593 3573 3660 ligabunt;
3606 3606 3626 3642 ι

2059 3698 2113 3741 et
2144 3685 2342 3740 Paulus
2374 3703 2388 3740 :
2428 3705 2448 3738 ι
2485 3684 2626 3740 Ecce
2661 3701 2803 3740 nunc
2833 3684 2946 3756 (2|)
3002 3699 3100 3755 ego
3144 3685 3354 3738 vinetus
3397 3683 3630 3751 Spiritu,

2059 3774 2397 3845 proﬁciscor.
2444 3791 2465 3826 ι
2519 3771 2672 3840 Quod
2728 3772 3094 3826 testimonium
3150 3770 3326 3824 simile
3368 3780 3452 3824 est
3495 3767 3571 3823 illi
3610 3786 3626 3825 :

2065 3884 2084 3918 ι
2120 3864 2320 3921 Paulus
2352 3864 2464 3936 (22)
2519 3866 2728 3920 vinctus
2756 3863 2882 3920 Jesu
2937 3863 3170 3931 Christi;
3220 3881 3241 3916 ι
3287 3871 3344 3918 et
3392 3874 3631 3918 rursus:

2060 4131 2276 4200 phetas,
2329 4133 2488 4188 tertio
2541 4132 2862 4201 magistros;
2910 4149 2927 4182 ι
2977 4145 3140 4201 super
3199 4131 3299 4201 hac
3348 4129 3624 4201 re-etiaut

2066 4197 2296 4271 apostoli
2321 4197 2656 4272 congruente
2689 4202 3008 4272 sententia_:
3043 4197 3060 4251 ε
3097 4200 3194 4272 Et“
3219 4199 3389 4272 sicut_
3418 4197 3631 4272 probati

2066 4267 2252 4327 sumus
2284 4287 2312 4324 a
2348 4267 2452 4326 Deo
2483 4272 2548 4324 atl
2575 4273 2898 4324 credendum
2945 4269 3311 4339 Evangelium,
3348 4267 3428 4339 sic
3456 4269 3629 4339 loqui:

2066 4357 2221 4408 mur;
2260 4357 2363 4395 non
2420 4351 2477 4393 ut
2525 4342 2832 4395 hominibus
2878 4337 3170 4410 placentes,
3220 4343 3312 4392 sed
3371 4337 3502 4410 Deo,
3535 4337 3626 4406 qui

2063 4411 2311 4481 probavit
2339 4413 2501 4465 corda
2532 4424 2747 4464 nostra:
2782 4427 2802 4460 ι
2829 4408 3184 4481 ltoseosdem,
3214 4422 3348 4481 quos
3379 4408 3628 4481 Christus

2068 4477 2356 4548 magistros
2382 4497 2502 4535 esse
2535 4482 2810 4549 praecepit,
2842 4489 2896 4534 et
2933 4479 3090 4532 l’ater
3125 4479 3389 4549 probavit,
3424 4488 3479 4549 et
3508 4477 3630 4549 Spi—

2067 4547 2204 4604 ritus
2233 4563 2453 4604 sanctus
2487 4547 2908 4619 dispensatores,
2963 4560 3018 4602 et
3068 4547 3383 4619 przepositos
3423 4547 3473 4600 in
3526 4547 3629 4601 Ec-

2060 4621 2222 4674 clesia
2262 4618 2612 4674 constituisse
2639 4619 2971 4685 perhibetur.
3004 4618 3302 4687 Siquidem,
3326 4634 3345 4667 »
3381 4627 3487 4671 etc.

2129 4689 2241 4761 (15)
2268 4688 2401 4761 Ego.
2425 4689 2578 4761 Joau.
2613 4704 2700 4753 xv,
2736 4688 2798 4761 16
2822 4702 2870 4741 et
2908 4689 2993 4761 19‘.

2131 4707 2220 4761 (to
2268 4707 2312 4741 ιι
2353 4707 2401 4743 o.
2425 4707 2578 4745 Joan.
2613 4707 2700 4753 xv,
2736 4707 2798 4741 ιο
2822 4707 2870 4741 et
2908 4707 2993 4742 ιν.

2131 4707 2241 4830 (id;
2281 4707 2462 4814 Hyleus.
2515 4760 2718 4830 Codex,
2766 4757 3095 4830 dvnppévog.
3147 4755 3450 4830 Legendutn
3507 4752 3625 4830 for-

2059 4826 2203 4883 tasse
2222 4826 2231 4832 ’
2250 4829 2664 4900 ἀνειλημμένος.
2720 4829 2814 4900 ΙιίιΔ
2837 4826 3167 4900 Epiphanius
3188 4827 3370 4900 ηιιιίιίυ
3416 4826 3628 4878 Ant-ltu-

2060 4900 2160 4952 rati
2191 4897 2623 4952 hominesdtvitu
2648 4898 2848 4951 amori.
2875 4897 3079 4951 l'acnbus
3123 4897 3480 4950 inllanuuatos
3527 4910 3621 4951 v0-

2055 4979 2142 5023 cat
2163 4969 2287 5039 τοὺς
2313 4966 2478 5039 ζῆλον
2507 4968 2641 5020 Θεοῦ
2667 4966 3110 5037 ἁνειλημμένους.

2127 5038 2254 5109 (15)-
2307 5035 2384 5090 ω’
2409 5041 2684 5109 pra-mium
2729 5035 2986 5109 turgt-em.
3027 5039 3080 5089 In
3131 5035 3362 5109 Crzeco,
3399 5035 3624 5109 εἰρήνην

2057 5107 2356 5178 βραϐεύων.
2396 5107 2615 5161 Videtur
2643 5109 2913 5178 respicere
2938 5108 3060 5178 il|tttl
3102 5108 3247 5178 l'auli
3295 5108 3366 5178 ad
3407 5107 3619 5178 (inlusa.

2058 5172 2260 5250 i_t't,15:
2304 5177 2368 5230 Ἥ
2397 5178 2584 5250 εἰρήνη
2602 5176 2694 5230 τοῦ
2725 5176 2858 5229 θεοῦ
2891 5176 3220 5248 βραϐευέτω,
3252 5177 3302 5229 id
3331 5187 3434 5239 est,
3462 5193 3478 5224 ι
3509 5172 3622 5227 Pax

2055 5246 2148 5300 Dei
2177 5256 2235 5300 ut
2261 5246 2536 5316 praeutit'nn
2571 5246 2744 5299 detur.
2778 5265 2796 5316 ι

2125 5317 2238 5386 (16)
2263 5314 2525 5386 Diximus.
2558 5316 2738 5385 Segni.
2771 5315 2843 5369 28
2867 5335 2896 5368 ιι
2923 5323 2976 5386 et
3000 5314 3067 5368 57
3108 5317 3160 5370 1).

2124 5384 2238 5456 (17)
2270 5384 2412 5438 Nam
2439 5392 2539 5439 lex.
2575 5384 2728 5456 lium.
2755 5400 2882 5456 vut,
2914 5385 2968 5456 2.

2123 5447 2235 5526 (18)
2276 5456 2455 5526 Petro.
2486 5461 2605 5508 At-t.
2629 5471 2686 5515 κ.
2709 5454 2798 5520 19,
2843 5458 2932 5510 20.
2964 5454 3090 5510 Vide
3136 5466 3246 5508 net.
3273 5453 3327 5514 7,
3372 5466 3492 5521 pag.
3525 5447 3615 5505 55.

2124 5525 2234 5596 (19)
2270 5525 2436 5596 Dixit.
2468 5527 2588 5579 Act.
2623 5540 2742 5589 vut,
2765 5526 2857 5580 29.

2123 5593 2237 5668 (20)
2273 5595 2403 5668 [inec
2427 5596 2573 5649 dicit.
2612 5599 2734 5668 Aget.
2771 5610 2884 5662 xu,

2125 5663 2235 5740 (ξι)
2272 5664 2408 5740 ἔξεσε
2440 5666 2761 5740 πυρεηλΑοι.
2789 5680 2883 5740 xx,
2911 5663 3004 5721 22.

2123 5735 2236 5807 (ὴ)
2272 5735 2493 5791 Paulus.
2527 5735 2757 5792 Philem.
2789 5752 2829 5802 ι,
2862 5736 2910 5790 1.
