4054 6414
451 383 556 442 027

1686 374 1920 431 DIDYMI
1961 369 2429 428 ALEXANDRINI

3598 357 3704 416 628

456 521 480 558 s
525 501 650 558 llaec
679 499 812 555 dicit
837 497 949 570 (25)
978 497 1209 568 Spiritus
1255 506 1479 552 sanctus
1520 511 1535 550 :
1571 493 1864 564 Segregate
1891 491 2022 545 mihi

2159 487 2243 550 οῦ,
2277 505 2295 538 ι
2324 486 2534 548 Παῦλος
2561 483 2778 553 δέσμιος
2833 481 3005 552 Ἰησοῦ
3041 476 3275 550 Χριστοῦ
3297 493 3310 506 ·
3340 497 3360 530 ι
3387 477 3482 530 καὶ
3502 475 3699 530 nam-

452 592 701 656 Paulum,
758 600 814 646 et
871 589 1171 644 Barnabarn
1225 592 1277 644 in
1330 604 1490 657 opus,
1546 587 1609 640 ad
1660 586 1804 654 quod
1845 584 2030 638 vocavi

453 700 569 742 eos.
612 703 632 738 ι
675 683 806 751 Qua
839 683 1001 738 verba
1025 682 1220 736 similia
1256 691 1382 736 sunt
1407 680 1548 733 illis:
1576 695 1595 730 ι
1634 676 1896 732 Dominus
1917 673 2030 746 (24)

456 788 636 832 autem
670 777 847 830 dixit:
890 772 1178 844 Ingredere
1219 773 1272 826 in
1322 772 1594 828 civitatem
1620 809 1636 834 ,
1683 779 1740 823 et
1782 767 1851 822 ibi
1883 767 2030 822 dice.

459 878 549 922 tur
596 866 716 931 tibi,
773 865 902 935 quid
972 874 1025 920 te
1064 870 1312 934 oporteat
1365 861 1580 926 facere;
1650 879 1670 912 ι
1727 869 1782 914 et
1843 872 2035 912 rursus

459 957 621 1014 Petro
647 973 668 1009 ι
696 957 833 1010 dixit
863 954 1100 1023 Spiritus
1126 952 1239 1023 (25)
1268 973 1280 1006 :
1311 949 1552 1020 Surgens
1574 949 1710 1004 vade
1731 947 1783 1001 in
1813 945 2033 1000 domum

459 1047 714 1106 Cornelii.
760 1065 780 1099 ι
842 1047 1018 1116 Atque
1068 1045 1122 1100 in
1182 1043 1437 1114 Epistolis
1490 1041 1687 1096 Paulus
1749 1037 2036 1094 Timotheo

462 1141 651 1196 scribit
693 1158 706 1194 :
777 1158 795 1191 ι
835 1137 1072 1208 Spiritus
1121 1146 1300 1191 autem
1351 1135 1463 1205 (26)
1512 1145 1770 1202 expresse
1820 1129 1970 1184 dicit.
2009 1145 2029 1179 ι

463 1227 702 1285 Observa
735 1241 916 1298 porro,
951 1241 1054 1280 non
1088 1225 1258 1279 solum
1287 1239 1382 1294 per
1409 1225 1546 1278 hanc
1580 1229 1841 1276 vocemut
1873 1217 2036 1288 legis-

465 1317 690 1374 latorem
739 1332 926 1373 rursus
979 1332 1009 1370 a
1060 1315 1226 1370 Paulo
1277 1314 1519 1369 exhiberi
1570 1312 1830 1381 Spiritum
1887 1308 2035 1381 [nam

465 1427 601 1469 voce
635 1412 749 1476 illa,
783 1410 980 1483 ῥητῶς,
1006 1410 1109 1464 hoc
1135 1419 1234 1472 est,
1261 1425 1519 1478 expresse,
1557 1410 1672 1462 sive
1697 1415 1874 1474 aperte
1899 1406 2035 1477 (27),

466 1505 544 1560 illi
571 1505 735 1558 etiam
775 1504 856 1557 usi
905 1512 1052 1565 sunt,
1082 1502 1172 1571 qui
1211 1501 1508 1553 mundanas
1550 1498 1697 1568 leges
1727 1497 1840 1568 (28)
1904 1497 2041 1553 tule-

468 1594 642 1667 runt].
673 1595 767 1650 sed
793 1595 914 1650 aliis
947 1606 1164 1664 quoque
1194 1591 1522 1646 testimoniis
1548 1590 1808 1660 mqnalem
1843 1589 2036 1655 Patris,

468 1703 534 1741 ac
568 1687 802 1756 Spiritus
845 1685 1018 1741 sancti
1055 1694 1330 1748 naturam,
1365 1690 1420 1738 et
1465 1693 1784 1752 potestatem
1817 1683 2041 1737 demon-

468 1779 628 1836 strari
661 1795 676 1834 :
717 1792 840 1832 nam
871 1777 1034 1833 simili
1078 1778 1236 1830 modo
1259 1775 1326 1830 de
1358 1775 1466 1830 Deo
1493 1786 1547 1830 et
1576 1774 1736 1829 Patre
1783 1777 1964 1831 multis
1987 1777 2038 1830 in

469 1867 606 1924 locis
643 1869 908 1936 scriptum
937 1876 1022 1922 est
1055 1883 1070 1918 :
1108 1884 1126 1916 ι
1169 1865 1293 1919 Hac
1328 1865 1458 1920 dicit
1513 1865 1768 1921 Dominus
1799 1868 2044 1936 omnipo-

471 1973 612 2019 tens.
644 1980 665 2016 ι
718 1961 970 2018 Hmretici
1022 1976 1174 2026 vero,
1210 1961 1300 2031 qui
1348 1961 1531 2017 omnia
1578 1977 1699 2032 quae
1735 1979 1860 2018 vera
1912 1965 2040 2029 sint,

473 2055 808 2126 impugnant,
863 2053 994 2108 nihil
1027 2053 1264 2109 sublime
1293 2052 1362 2108 de
1397 2053 1572 2108 divina
1607 2055 1941 2122 operatione,
1986 2066 2044 2110 ut

476 2163 577 2216 par
605 2156 769 2204 esset.
805 2147 1129 2210 sentientes,
1168 2147 1260 2199 sed
1320 2147 1372 2200 in
1408 2146 1670 2214 futilibus,
1710 2157 1764 2203 et
1798 2148 2046 2204 inanibus

474 2239 815 2301 commentis,
868 2249 924 2294 et
965 2239 1018 2292 in
1058 2239 1124 2293 iis
1160 2239 1435 2303 omnibus,
1485 2253 1607 2308 quae
1649 2243 1910 2296 tenaciter
1951 2255 2046 2310 ap-

476 2329 876 2400 prehenderint,
919 2329 1259 2394 inliterentes,
1291 2339 1452 2400 atque
1495 2331 1608 2384 haec
1639 2339 1823 2400 utpote
1867 2331 2044 2386 refra-

474 2421 630 2476 etarii
685 2431 940 2492 tanquam
1002 2423 1154 2475 lirma
1221 2421 1557 2488 proferentes
1610 2431 1910 2494 opponunt.
1975 2425 2049 2480 De

475 2513 670 2582 arigelo
697 2528 934 2583 quoque,
970 2513 1241 2580 inquiunt,
1280 2513 1593 2580 Zacharias,
1623 2531 1745 2570 cum
1786 2517 2050 2584 spectavit

481 2606 534 2659 in
567 2605 775 2660 visione
820 2605 1227 2669 candelabrmn,
1279 2607 1356 2660 ait
1389 2623 1404 2659 :
1450 2623 1470 2658 ι
1500 2607 1733 2674 Angelus
1767 2607 1904 2679 (29),
1957 2607 2048 2678 qui

479 2697 803 2767 loquebatur
831 2697 884 2752 in
919 2711 1027 2753 me.
1060 2715 1080 2749 ι
1119 2695 1302 2766 itaque
1333 2697 1591 2766 Spiritum
1623 2706 1868 2752 sanctum
1896 2697 2050 2768 quasi

478 2789 729 2860 angelum
771 2789 1078 2861 quempiam
1132 2791 1330 2845 habere
1366 2789 1491 2844 licet
1541 2789 1676 2862 (50).
1730 2790 1835 2846 Sed
1869 2791 1950 2844 vel
1985 2807 2051 2845 ex

480 2882 582 2936 hoc
609 2881 726 2952 ipso
765 2891 1012 2952 apparet,
1064 2896 1250 2936 eorum
1296 2878 1460 2951 224
1516 2880 1866 2936 tenacitatem
1918 2882 2051 2952 (5t),

479 2987 544 3027 ac
566 2973 839 3028 sordidam
883 2973 1271 3043 parcimoniam
1305 2972 1436 3042 ipsis
1468 2971 1851 3027 detrimentum
1891 2971 2055 3028 alier-

480 3079 540 3120 re
565 3061 676 3136 (52)
719 3082 733 3119 :
776 3079 898 3119 nam
933 3063 1156 3133 angelus
1197 3061 1288 3117 ille
1319 3077 1424 3117 non
1463 3075 1529 3116 ex
1569 3065 1746 3131 seipso
1797 3062 2057 3133 loqueba-

487 3167 594 3222 tur,
624 3171 727 3212 nec
767 3157 986 3228 propria
1037 3157 1119 3212 sui
1154 3157 1322 3225 ipsius
1362 3153 1548 3218 verba,
1581 3153 1672 3209 sed
1705 3169 1825 3224 quae
1857 3169 1888 3209 a
1924 3153 2055 3220 Deo,

481 3249 704 3320 ejusque
749 3249 954 3318 Spiritu
984 3248 1166 3316 jussus
1213 3248 1407 3312 fuerat,
1455 3256 1513 3300 nt
1545 3249 1794 3302 minister
1819 3249 2053 3307 dicebat.

484 3339 576 3395 Sic
599 3340 741 3393 enim
779 3339 928 3395 locus
965 3338 1053 3394 ille
1080 3353 1139 3394 se
1167 3339 1328 3393 habet
1358 3356 1372 3392 :
1401 3355 1421 3390 ι
1458 3336 1526 3392 Ει
1568 3339 1894 3408 interrogavi
1923 3339 2060 3411 (55),

484 3443 540 3486 et
586 3431 699 3486 dixi
731 3431 798 3485 ad
825 3430 1094 3501 angelum,
1120 3431 1214 3500 qui
1253 3429 1576 3500 loquebatur
1608 3431 1661 3485 in
1701 3446 1808 3497 me,
1831 3431 2056 3488 dicens:

485 3519 624 3588 Quid
667 3529 795 3577 sunt
845 3521 1001 3577 hinc?
1053 3531 1107 3576 et
1146 3520 1422 3591 respondit
1453 3521 1698 3590 angelus,
1731 3523 1822 3592 qui
1872 3521 2060 3592 loque-

489 3617 645 3670 batur
676 3613 727 3668 in
762 3628 870 3679 me,
901 3624 957 3668 et
988 3612 1126 3667 dixit
1175 3614 1241 3667 ad
1263 3598 1363 3668 'me
1393 3630 1406 3668 :
1459 3613 1564 3668 Iste
1602 3626 1687 3669 est
1724 3628 1906 3668 sermo
1954 3615 2062 3668 Do-

495 3705 625 3758 mini
653 3705 718 3756 ad
748 3703 1074 3768 Zorobaliel,
1113 3704 1300 3758 dicens
1326 3704 1476 3758 :Non
1511 3705 1563 3758 in
1607 3705 1922 3758 fortitudine
1952 3722 2065 3759 ma-

493 3810 621 3865 gna,
654 3811 830 3865 neque
863 3797 914 3851 in
949 3798 1165 3860 robore,
1203 3797 1297 3850 sed
1327 3797 1380 3850 in
1413 3795 1616 3866 Spiritu
1643 3811 1781 3860 meo,
1805 3797 1929 3851 dicit
1953 3797 2060 3854 Do—

496 3889 675 3944 minus
701 3889 1066 3958 omnipotens.
1108 3908 1126 3940 ι
1169 3888 1371 3944 Deinde
1403 3888 1596 3953 Filius,
1633 3897 1686 3942 et
1734 3887 1967 3958 Spiritus
1997 3895 2064 3948 ad

564 4027 680 4100 (25)
720 4026 848 4082 "ire
875 4029 1021 4100 dicit.
1050 4028 1172 4100 Act.
1201 4044 1318 4093 xm,
1343 4027 1397 4082 2.
1437 4026 1568 4081 Vide
1595 4037 1713 4100 not.
1740 4030 1804 4083 ad
1827 4045 1950 4100 pag.
1973 4030 2064 4085 55.

498 4102 554 4155 ιιι
579 4099 727 4153 libro
747 4101 906 4153 etiam
946 4099 1018 4152 De
1054 4099 1203 4166 Spir.
1240 4110 1442 4161 sancto,
1466 4114 1612 4152 num.
1649 4099 1738 4162 25,
1769 4102 1870 4154 hoc
1907 4099 2067 4155 textu

498 4169 687 4232 ntitnr,
719 4179 776 4223 nt
804 4173 992 4239 probet
1021 4168 1280 4237 Spiritum
1309 4171 1553 4240 sanctum
1582 4171 1905 4240 auctoritate
1932 4187 2068 4240 prae-

496 4242 668 4296 ditnm
698 4236 850 4304 esse;
879 4255 948 4295 eo
983 4236 1124 4293 enim
1153 4240 1332 4296 allato.
1371 4236 1648 4307 snlij'ungit
1679 4257 1692 4292 :
1740 4257 1757 4289 ι
1791 4236 1946 4306 ριιξιί
1966 4256 2069 4295 Vox

499 4310 815 4372 divinitatis,
849 4319 904 4364 et
933 4311 1272 4363 auctoritatis
1312 4309 1493 4368 index.
1540 4323 1645 4362 non
1677 4322 1941 4375 creatam,
1975 4313 2070 4364 sed

501 4384 795 4436 increatam
832 4381 1189 4436 substantiam
1225 4382 1580 4434 detttonstrat.
1613 4397 1632 4429 ι
1669 4377 1808 4449 Lege
1841 4393 2068 4448 (caetera,

497 4467 616 4521 qua;
643 4461 906 4521 βειιιιιιιιιιι
916 4469 958 4504 Γ.

571 4520 686 4589 (24)
721 4516 998 4575 Dominus.
1043 4521 1163 4576 Act.
1193 4535 1268 4583 Ix,
1293 4519 1326 4573 6
1355 4518 1469 4588 (seu
1502 4519 1577 4580 7).
1627 4516 1814 4572 Grzeca
1860 4520 2072 4575 editio:

500 4593 594 4663 καὶ
619 4593 648 4644 ὁ
668 4591 868 4660 Κύριος
890 4592 1027 4663 πρὸς
1046 4591 1229 4644 αὐτόν’
1264 4589 1574 4663 Ἀνάστηθι,
1594 4589 1694 4663 καί
1716 4589 2076 4663 εἴσελθε,νειε.

503 4661 636 4714 Τιιιιι
691 4657 788 4728 pro
827 4657 988 4715 κάκεῖ
1048 4663 1207 4716 habet
1258 4659 1372 4715 καί.
1429 4657 1534 4716 sed
1594 4657 1746 4729 Vulg.
1797 4663 1894 4715 int.
1951 4662 2084 4730 legit

504 4733 684 4802 κάκεῖ,
721 4741 777 4802 ut
811 4732 1084 4802 Didymus.

581 4801 694 4870 (25)
727 4800 872 4854 Dixit
909 4798 1197 4871 ’Spiritus.
1250 4803 1372 4856 Act.
1435 4818 1491 4868 χ,
1547 4801 1633 4868 19,
1695 4798 1787 4855 20.
1849 4800 2080 4857 Sensum

505 4871 656 4932 citat,
688 4885 794 4924 non
824 4871 1006 4925 verba.

580 4940 696 5080 (26;
735 4938 964 5009 Spiritus
992 4951 1190 4997 autem.
1218 4941 1237 4996 Ι
1268 4942 1410 4997 Tim.
1445 4959 1518 5008 tv,
1551 4941 1604 4997 1.

580 5010 669 5080 (27
719 5010 939 5080 Aperte.
969 5008 1204 5067 Joannes
1233 5011 1604 5080 Cbrysostomt

579 5008 694 5085 (27)
718 5008 950 5085 Ἀρι-ηε.-
969 5008 1204 5085 Joannes
1233 5011 1652 5085 Cbrysostomus
1695 5014 1852 5085 hom._
1881 5013 1970 5085 J6
2023 5015 2082 5068 in

510 5077 683 5158 Epist.
708 5077 737 5133 Ι
777 5077 846 5133 ad
889 5077 1374 5158 Timotheum_sic'_
1391 5083 1624 5158 explicat
1647 5103 1686 5158 :_
1715 5085 1781 5140 Τί
1804 5156 1809 5158 _
1834 5083 1908 5158 5é_
1938 5085 2079 5158 ἐστι,

510 5151 1075 5234 ῥητῶς.ι..φανερξῖ›ςν,
1110 5151 1834 5234 σαφιῷςρβμολογοιξμένωςζν
1879 5153 1955 5218 ὡς
1997 5155 2082 5234 μὴ

513 5220 895 5304 ἀμφιϐάλλειν,
923 5220 974 5276 id
1002 5231 1119 5304 est:
1145 5241 1173 5304 At
1207 5223 1343 5304 Quid
1374 5220 1552 5279 autem
1579 5220 1682 5280 sibi
1722 5227 1954 5304 vultyox
1983 5220 2082 5304 ῥηξ

511 5290 652 5356 τῶςῖ
675 5305 880 5359 aperte,
909 5292 1214 5353 manifeste,
1261 5293 1380 5347 sine
1408 5297 1796 5358 controversia,
1823 5297 1940 5350 sine
1983 5290 2084 5350 dti-

517 5363 798 5435 bitatione.
830 5381 849 5413 s
877 5361 1032 5435 (Quod
1063 5379 1192 5435 νει-ρ
1222 5364 1296 5415 ait
1317 5363 1592 5435 Didymus,
1631 5367 1869 5420 civilium
1898 5365 2078 5435 legum

515 5433 713 5486 latores
737 5432 1001 5486 vocabulo
1033 5432 1213 5503 ῥητῶς
1245 5448 1370 5486 usos
1397 5432 1565 5488 fuisse
1603 5435 1688 5492 (ut
1719 5432 2078 5492 dicerent'ex.

513 5519 594 5570 gr.
634 5522 652 5553 ι
689 5517 944 5578 expresse
969 5505 1263 5567 sancimus,
1287 5503 1561 5578 iubemus,
1595 5515 1874 5578 velamus,
1899 5525 1924 5557 ι
1947 5509 2081 5578 etc.)

518 5584 697 5625 retium
731 5573 799 5625 de
831 5574 1213 5639 imperatorum
1237 5574 1716 5645 constitutionibus
1777 5573 2076 5645 legibnsve,

520 5658 582 5696 an
618 5645 681 5696 de
718 5645 1096 5715 praefectorum
1129 5647 1399 5715 praetorio,
1425 5653 1520 5715 aut
1542 5644 1767 5699 aliorum
1794 5644 2083 5715 magistra-

519 5720 665 5785 tmim
685 5714 880 5767 edictis
900 5713 1265 5785 accipiendum
1289 5715 1388 5778 sit,
1410 5714 1645 5768 viderint
1679 5713 2082 5785 jurisconsulti.

519 5778 727 5835 antum
752 5795 886 5856 sane
915 5783 966 5835 in
995 5778 1240 5851 promptu
1279 5778 1696 5856 estexemplu'm'
1724 5801 1790 5839 ex
1839 5785 1925 5848 iis,
1958 5802 2079 5855 qua:

521 5860 755 5920 exstant,
777 5851 1174 5925 imperatorum
1207 5851 1680 5912 constitutionibus
1709 5856 1947 5922 ductum,
1970 5851 2078 5926 quo

2105 4490 2153 4545 ι)

2139 600 2156 630 ι
2181 580 2315 632 Τάδε
2355 579 2504 645 λέγει
2540 577 2600 630 τὸ
2637 575 2858 644 Πνεῦμα
2896 573 2958 626 τὺ
2994 572 3149 640 ἅγιον
3171 588 3183 602 ·
3251 569 3568 640 Ἀφορίσατέ
3618 583 3710 640 μοι

2131 675 2220 726 τὸν
2249 671 2457 725 Παῦλον
2485 669 2579 723 καὶ
2629 668 2719 719 τὸν
2749 664 3031 737 Βαρνάϐαν
3057 665 3136 727 εἰς
3184 663 3245 715 τὸ
3271 661 3451 733 ἔργον,
3479 660 3510 712 ὃ
3539 677 3709 731 προσ-

2134 765 2408 835 κέκλημαι
2457 760 2652 824 αύτούς
2677 778 2690 790 ·
2719 779 2737 812 ι
2791 760 2976 829 ὅμοιον
3007 756 3105 827 τῷ,
3159 774 3177 806 ι
3201 755 3260 808 ’0
3289 755 3346 808 δὲ
3398 753 3600 823 Κύριος
3631 749 3714 807 εἴ·

2135 876 2236 911 πεν
2255 875 2268 887 ·
2294 855 2514 910 Είσελθε
2547 856 2626 918 είς
2663 851 2761 922 τὴν
2807 850 2981 912 πόλιν,
3033 849 3194 901 κάκεῖ
3218 843 3578 916 λαληθήσεταί
3607 861 3713 907 σοι,

2134 949 2187 1002 τί
2217 966 2278 1002 σε
2329 947 2409 1000 δεῖ
2439 947 2632 998 ποιεῖν.
2661 963 2679 994 ι
2723 941 2833 996 Kal.
2871 940 3036 994 πάλιν
3079 938 3158 1008 τῷ
3191 937 3383 1009 Πέτρῳ
3446 931 3597 988 εἶπεν
3653 933 3716 987 τὸ

2136 1041 2387 1112 Πνεῦμαο
2429 1057 2447 1089 ι
2471 1035 2732 1098 Ἀναστὰς
2766 1031 3060 1104 πορεύθητι
3102 1031 3181 1092 είς
3211 1030 3302 1082 τὸν
3325 1023 3474 1081 οἷκον
3499 1027 3718 1096 Κορνη-

2136 1134 2274 1187 λίου.
2303 1151 2322 1184 ι
2362 1131 2472 1184 Καὶ
2504 1128 2568 1198 δὴ
2599 1129 2656 1179 ἐν
2699 1123 3038 1186 Ἐπιστολαῖς
3065 1119 3276 1184 Παῦλος
3303 1117 3552 1189 Τιμοθέῳ
3574 1115 3717 1186 γρά-

2140 1242 2228 1294 φει
2255 1241 2269 1254 ο
2335 1242 2353 1272 ι
2377 1221 2450 1275 Τὸ
2474 1220 2528 1273 δὲ
2563 1217 2786 1288 Πνεῦμα
2826 1215 3004 1288 ῥητῶς
3064 1213 3234 1280 λέγει.
3259 1231 3277 1262 ι
3314 1211 3456 1280 Ὅρα
3479 1203 3593 1270 οῦν,
3644 1204 3722 1278 μὴ

2143 1317 2300 1387 μόνον
2327 1316 2407 1366 ὅτι
2459 1311 2546 1366 διὰ
2572 1309 2666 1363 τοῦ
2711 1311 2952 1362 τοιούτου
2981 1305 3225 1375 ῥήματος
3263 1303 3291 1355 ὁ
3316 1298 3526 1362 Παῦλος
3559 1314 3722 1369 νομο-

2141 1408 2301 1478 θέτην
2326 1403 2483 1468 αὖθις
2516 1402 2794 1472 ἀπέφηνεν
2816 1398 2877 1452 τὸ
2917 1395 3140 1467 Πνεῦμα
3191 1396 3278 1465 (τῇ
3318 1391 3426 1462 γὰρ
3456 1389 3599 1456 λέξει
3623 1387 3722 1444 τοῦ

2148 1521 2166 1552 σ
2188 1500 2364 1572 ῥητῶς
2389 1517 2407 1548 ι
2437 1494 2531 1549 καὶ
2553 1495 2603 1546 οῖ
2625 1490 2900 1563 κωμικῶς
2934 1487 3429 1558 θεσμοθετήσαντες
3455 1483 3724 1554 ιξχρήσανι⁵

2139 1609 2244 1667 το),
2275 1593 2392 1648 ἀλλ’
2428 1593 2510 1645 ὃτι
2558 1589 2653 1643 καὶ
2679 1586 2836 1640 ἄλλαι
2877 1583 3173 1656 μαρτυρίαι
3222 1581 3282 1634 τὸ
3323 1580 3433 1632 ἴσον
3461 1577 3560 1647 τῆς
3587 1574 3727 1667 πρδς

2140 1665 2232 1743 τὸν
2261 1685 2482 1756 Πατέρα
2528 1681 2766 1752 φύσεως,
2803 1677 2896 1732 καὶ
2925 1674 3212 1738 αύθεντίας
3260 1671 3351 1726 τοῦ
3375 1669 3530 1740 ἁγίου
3560 1665 3727 1721 Πνεύ-

2147 1796 2316 1851 ματος
2343 1773 2696 1830 δεικνύουσιν.
2745 1767 3147 1841 Ὀμοιοτρόταυς
3174 1764 3284 1836 γὰρ
3311 1763 3437 1834 περὶ
3470 1759 3562 1814 τοῦ
3588 1757 3728 1812 Θεοῦ

2145 1874 2240 1926 καὶ
2271 1872 2482 1944 Πατρδς
2505 1874 2563 1925 ὲν
2591 1871 2803 1934 πολλοῖς
2825 1870 3135 1939 γέγραπται
3157 1881 3170 1896 ·
3209 1881 3227 1915 ι
3252 1861 3390 1916 Τάδε
3429 1859 3576 1928 λέγει
3614 1855 3730 1909 Κύ-

2148 1983 2258 2039 ριος
2282 1965 2696 2037 παντοκράτωρ.
2721 1984 2739 2016 ›
2775 1961 3051 2034 Αίρετικοὶ
3081 1959 3159 2023 δὲ,
3199 1952 3282 2020 οἷς
3315 1952 3518 2023 τάληθῆ
3549 1949 3732 2004 πάντα

2145 2059 2536 2130 ἀντιλεγόμενα
2586 2059 2840 2129 ὑπάρχει,
2876 2053 3028 2108 οὐδὲν
3069 2051 3222 2115 ἄξιον
3245 2047 3346 2118 τῆς
3400 2045 3550 2108 Θείας
3585 2044 3734 2114 ἐνερ-

2145 2152 2300 2223 γείας
2325 2149 2651 2213 ἐννοοῦντες,
2681 2149 2810 2220 περὶ
2837 2144 3138 2216 φαντασίας
3157 2142 3216 2196 δὲ
3229 2140 3506 2202 διακένους
3533 2134 3738 2207 διατρί-

2147 2245 2353 2308 ϐοντες,
2389 2245 2483 2298 καὶ
2501 2237 2576 2296 ὧν
2608 2242 2674 2296 ἂν
2706 2240 2875 2312 ἀπρὶξ
2906 2236 3296 2296 ἐπιλάϐωνται,
3325 2233 3518 2295 ταῦτα,
3555 2227 3631 2292 ὥς
3651 2245 3736 2281 τι⁶

2148 2356 2235 2401 νες
2257 2337 2565 2396 ἀντίτυποι,
2597 2334 2674 2398 ὡς
2731 2332 2926 2403 βέϐαια
2960 2327 3323 2402 προφέροντες
3348 2321 3735 2378 ἀντιτιθέασιν.

2149 2424 2336 2489 Εἶπεν,
2372 2428 2558 2497 φησιν,
2603 2425 2698 2478 καὶ
2765 2422 2893 2494 περὶ
2923 2419 3156 2489 ἀγγέλου
3183 2417 3477 2488 Ζαχαρίας,
3510 2414 3598 2467 ὅτε
3639 2413 3739 2483 τὴν

2150 2520 2416 2573 ὀπτασίαν
2469 2519 2567 2590 τὴν
2623 2516 2751 2589 περὶ
2783 2516 2884 2585 τῆς
2921 2512 3140 2583 λυχνίας
3165 2509 3448 2564 τεθέαταιο
3495 2525 3513 2557 ι
3539 2507 3595 2559 '0
3633 2505 3738 2572 ἆγ-

2151 2617 2307 2681 γελος
2327 2613 2356 2665 ὁ
2390 2609 2564 2663 λαλῶν
2597 2608 2728 2680 [105
2753 2607 2809 2678 tt]
2833 2609 2889 2658 ἐν
2911 2605 3053 2676 ἐμοί.
3087 2623 3106 2656 ι
3154 2601 3422 2656 Δύνασθαι
3449 2595 3542 2652 οὖν
3577 2596 3742 2668 δῆθεν

2151 2701 2379 2770 ἄγγελον
2407 2698 2644 2752 νοεῖσθαι
2677 2698 2737 2750 τὸ
2766 2698 2918 2764 ἆγιον
2952 2694 3200 2764 Πνεῦμα.
3256 2689 3395 2743 Ἀλλ’
3421 2687 3647 2742 αὐτόθεν
3677 2685 3742 2738 τὸ

2153 2793 2409 2862 γλίσχρον
2440 2791 2620 2844 αὐτῶν
2669 2790 3136 2856 ἀποικονομεῖται.
3175 2787 3233 2837 '0
3248 2785 3356 2853 γὰρ
3387 2781 3614 2850 ἄγγελος
3641 2778 3746 2832 οὐκ

2155 2887 2248 2956 ἀφ’
2283 2884 2500 2948 ἑαυτοῦ,
2561 2883 2682 2938 οὔτε
2745 2883 2854 2936 ῐδια
2891 2883 3132 2955 ῥήματα.
3189 2879 3331 2950 ἅπερ
3355 2877 3411 2930 δὲ
3441 2873 3747 2948 προσετάτ-

2155 2995 2277 3032 τετο
2308 2977 2461 3049 παρὰ
2489 2975 2585 3030 τοῦ
2613 2975 2746 3028 Θεοῦ
2775 2974 2869 3028 καὶ
2917 2973 3012 3027 τοῦ
3041 2971 3358 3042 Πνεύματος
3416 2967 3604 3028 αὑτοῦ.
3626 2967 3745 3019 δια-

2157 3068 2330 3122 κονῶν
2362 3068 2566 3136 ἔλεγεν.
2594 3066 2842 3135 Περιέχει
2882 3063 2936 3116 δὲ
2965 3062 3138 3125 οὕτως
3159 3077 3174 3090 ο
3211 3079 3230 3112 ι
3250 3059 3358 3112 Καὶ
3390 3056 3744 3128 ὲπηρώτησα,

2160 3161 2255 3216 καὶ
2283 3156 2413 3214 εἶπα
2437 3157 2572 3230 πρὸς
2599 3157 2691 3210 τὸν
2721 3155 2947 3226 ἄγγελον
2979 3154 3070 3208 τὸν
3110 3151 3372 3205 λαλοῦντα
3399 3151 3455 3204 ἐν
3481 3149 3624 3220 ἐμοὶ,
3658 3148 3750 3200 λέ-

2167 3269 2311 3323 γων·
2338 3251 2403 3304 Τί
2443 3253 2557 3303 ἐστι
2590 3248 2800 3314 ταῦτα;
2846 3247 2956 3300 Καὶ
2987 3244 3262 3316 ἀπεκρίθη
3281 3246 3310 3298 ὁ
3337 3241 3564 3313 ἄγγελος
3595 3241 3624 3294 ὀ
3647 3239 3744 3294 λα-

2166 3343 2273 3396 λῶν
2298 3345 2356 3396 ὲν
2385 3342 2529 3413 ἐμοὶ,
2584 3341 2678 3394 καὶ
2699 3337 2850 3394 εἶπεν
2881 3337 3016 3411 πρός
3052 3354 3118 3408 με
3145 3353 3160 3368 ·
3194 3329 3364 3400 υῦτος
3401 3337 3430 3388 ὁ
3457 3333 3612 3402 λόγος
3632 3333 3752 3385 Κυ-

2171 3434 2285 3505 ρίου
2309 3433 2446 3506 πρδς
2469 3431 2794 3505 Ζοροϐάϐελ,
2817 3430 2989 3499 λέγων
3011 3428 3152 3482 Ὀύκ
3179 3428 3237 3482 ὲν
3257 3425 3481 3496 δυνάμει
3514 3421 3752 3496 μεγάλῃ,

2167 3528 2289 3582 οὐδὲ
2311 3530 2368 3581 ἐν
2399 3526 2564 3597 ἰσχύϊ,
2593 3524 2709 3579 ἀλλ’
2741 3524 2775 3594 ἢ
2817 3525 2876 3577 ἐν
2907 3520 3188 3592 Πνεῦματί
3221 3538 3343 3593 μου,
3371 3520 3519 3588 λέγει
3547 3517 3754 3591 Κύριος

2169 3619 2582 3691 παντοκράτωρ.
2614 3638 2632 3669 ›
2676 3618 2909 3670 Ἔπειτα
2939 3615 3171 3685 ἄγγελος
3199 3612 3401 3686 ἐκλήθη
3431 3614 3458 3666 ὁ
3481 3610 3630 3673 Υἱὸς,
3656 3608 3756 3661 καὶ

2167 3711 2230 3764 τὸ
2256 3710 2503 3780 Πνεῦμα,
2555 3710 2612 3762 ἐν
2659 3710 2724 3780 τῆ
2768 3706 2888 3778 δρυῒ
2938 3709 3004 3778 τῇ
3040 3703 3305 3778 Μαμϐρῆ,
3331 3706 3420 3757 ὅτε
3471 3703 3506 3774 ἡ
3546 3699 3755 3766 ἔνδοξος

2173 3803 2343 3874 Τριὰς
2366 3800 2523 3872 ὤφθη
2556 3801 2633 3873 τῷ
2672 3799 2942 3872 Ἀϐραὰμ,
2979 3798 3068 3853 διὰ
3093 3800 3154 3852 τὺ
3200 3795 3449 3867 ἀγγεῖλαι
3480 3794 3549 3849 τὰ
3576 3794 3757 3862 ἄγνω-

2175 3913 2294 3949 στα.
2324 3894 2466 3966 Πρὸς
2492 3888 2593 3959 οἷς,
2621 3895 2686 3947 ὲκ
2714 3893 2811 3963 τῆς
2851 3891 3147 3963 ἁγγελικῆς
3187 3889 3422 3960 πληθύος
3451 3887 3624 3950 οὐδεὶς
3655 3884 3758 3940 αύ-

2172 4031 2224 4085 ἰιΙ
2253 4031 2628 4086 conﬁrmetur.
2663 4029 2775 4084 Nisi
2812 4030 2952 4084 forte
2984 4042 3088 4085 nuc
3127 4027 3434 4099 pertineant
3475 4023 3756 4099 juriscon-

2173 4103 2438 4154 sultorum
2479 4103 2777 4156 locutiones
2824 4103 2874 4153 in
2904 4094 3520 4169 Digesta'postmodunr
3548 4094 3754 4169 relatae.

2174 4171 2250 4225 lia
2276 4171 2606 4227 Modestinus
2633 4173 2707 4226 ait
2735 4189 2750 4226 :
2787 4189 2806 4222 ι
2830 4171 2896 4226 Et
2927 4163 3316 4240 principalibus
3350 4163 3754 4240 constitutioni-

2173 4244 2275 4297 bus
2323 4256 2578 4308 expresse
2635 4255 2880 4304 cavetur,
2917 4237 2941 4292 ἰ
2975 4237 3261 4305 ξψπρια
3320 4237 3489 4290 verba
3539 4241 3760 4308 exstant

2175 4313 2270 4367 lib.
2313 4305 2436 4366 xu'v
2461 4311 2682 4380 Digest.,
2709 4313 2788 4365 tit.
2821 4312 2874 4374 l,
2905 4312 3009 4380 leg.
3041 4310 3096 4365 2.
3120 4305 3755 4380 Julianusveroeodem

2177 4329 2270 4392 ιιι).
2313 4329 2436 4393 xmv
2461 4329 2682 4435 υιρειιη
2709 4329 2788 4365 ιιι.
2821 4329 2874 4374 ι,
2907 4329 3009 4380 reg.
3041 4329 3096 4365 z.
3120 4329 3367 4365 Juuattus
3400 4329 3530 4361 vero
3562 4329 3755 4385 eodem

2176 4382 2295 4444 ιώ..
2331 4393 2414 4436 ιιι.
2447 4381 2500 4446 5,
2555 4397 2639 4451 eg.
2661 4382 2716 4447 5,
2765 4383 2882 4436 ait:
2923 4400 2942 4434 ι
2975 4379 3108 4435 Cum
3162 4389 3347 4448 aperte
3380 4378 3494 4446 lege
3541 4373 3756 4432 Julia...

2179 4467 2340 4506 cavea
2350 4464 2402 4505 tu
2411 4468 2456 4510 Γ.
2498 4471 2517 4504 ι
2560 4461 2666 4507 ειο.

2253 4521 2363 4592 (28)
2405 4520 2719 4592 Mundanas
2733 4521 2892 4590 leges.
2922 4519 3060 4575 Vide
3088 4530 3242 4592 notas
3269 4519 3334 4572 ad
3361 4531 3530 4586 segm.
3572 4513 3676 4569 125
3701 4517 3756 4569 b.

2253 4590 2365 4662 (29)
2403 4591 2652 4660 Angelus.
2686 4591 2851 4645 Zacb.
2883 4606 2954 4655 tv,
2992 4592 3016 4645 1
3050 4621 3076 4631 -

2253 4654 2366 4733 (50)
2403 4654 2571 4733 Qyusi
2595 4664 2905 4730 angelum...
2933 4654 3122 4714 habere
3151 4659 3292 4733 licet.
3323 4656 3633 4733 _ln__t_}r:eco,_
3653 4654 3761 4708 Δύ-

2183 4728 2377 4814 gaesa;
2409 4729 2525 4798 οὖν,
2557 4728 2681 4788 etei
2701 4733 2810 4788 Sed
2840 4734 3092 4786 mendum
3123 4729 3341 4799 aliquod
3383 4729 3510 4784 illuc
3549 4728 3765 4782 videtur

2186 4819 2489 4858 ll'l‘eDSlSSC.

2256 4821 2780 4943 ἓιῗιῆξδιαεὶιαιεηι.
2819 4871 3024 4938 Codex,
3063 4869 3444 4943 TDVYKtO’XpQV,
3497 4870 3616 4924 sine
3668 4880 3767 4943 ac:

2185 4936 2365 4997 t'cr'itu.
2386 4941 2649 4997 Nimirum
2689 4959 2855 5012 quutn
2914 4936 3016 4996 alii
3054 4936 3619 5010 scribatttn'ykicrxpoc,
3659 4936 3766 5012 alii

2182 5014 2459 5085 γλισχρός,
2493 5008 2743 5068 librarius
2775 5023 2959 5085 noster
2992 5029 3113 5068 eam
3142 5026 3254 5066 rem
3303 5008 3363 5065 in
3390 5008 3567 5066 med—io
3593 5008 3766 5063 relin-

2184 5083 2453 5154 quendam
2491 5087 2726 5137 fortasse
2759 5083 2988 5154 censuit.

2255 5155 2368 5225 (52)
2405 5154 2784 5209 Detrimentum
2821 5152 3115 5225 aﬁ‘erre._ln
3149 5153 3362 5220 Graeco,
3395 5152 3457 5205 τὸ
3505 5150 3767 5225 γλίσχρον

2183 5219 2364 5280 αὐτῶν
2389 5219 3022 5293 ἀποικονομεῖταιο”ιιιιυιι
3041 5223 3232 5280 Latine
3262 5225 3330 5278 ad
3350 5219 3620 5293 antusSint
3636 5219 3768 5273 red-

2184 5299 2313 5352 dere
2342 5296 2558 5350 ditlicile.
2585 5291 2690 5349 est.
2731 5294 2953 5347 Videtur
2992 5305 3176 5349 autem
3216 5293 3576 5364 proverbialis
3608 5291 3764 5344 locu-

2186 5367 2281 5430 tio,
2315 5364 2804 5434 Alexandrinorum
2839 5364 3066 5417 forsitan
3095 5366 3313 5434 propria
3337 5382 3352 5417 :
3376 5365 3769 5434 verbutn_sane

2184 5429 2667 5505 ἀποικονομεῖσθαι
2696 5438 2924 5505 necdum
2956 5429 3260 5488 alibi-milii
3299 5432 3581 5505 occurrit._
3601 5429 3659 5484 In
3682 5445 3771 5505 ⁸(ιιι)
3805 5477 3807 5479 .

2185 5523 2348 5577 porro
2373 5500 2634 5575 particula
2665 5503 2783 5577 and
2805 5522 2822 5554 ι
2849 5506 3214 5577 negationem.
3254 5523 3274 5556 ι
3306 5520 3399 5577 seu
3448 5522 3467 5554 ι
3501 5500 3767 5577 privatio-

2185 5572 2306 5629 iiem
2344 5572 2633 5649 signiticat,
2675 5584 2733 5649 ut
2771 5574 2825 5626 in
2878 5576 3098 5649 vocibus
3145 5575 3551 5649 ἀποκήρυκτος,
3603 5572 3773 5624 ἀπευ-

2185 5643 2789 5713 κταῖοςξὰποφατικόν,
2809 5644 3016 5717 _et_alii_s
3043 5645 3094 5699 id
3111 5661 3303 5717 genus.

2257 5708 2470 5788 (55)Ἐι
2501 5708 2838 5788 interrogaui.
2875 5713 2949 5768 Ex
2975 5708 3205 5772 Zach'ar.
3251 5731 3323 5782 ιν,
3359 5713 3478 5780 ινδ,
3535 5708 3770 5767 nonnul-

2187 5790 2253 5846 lis
2268 5784 2486 5845 omissis
2515 5784 2868 5842 intermediis.
