4054 6416
345 350 451 407 σεο
1372 356 1462 411 DE
1501 357 1875 414 TRINITATE
1915 359 2120 413 LIBER
2157 359 2537 418 SECUNDUS.

342 458 607 525 θεντιγλῦς
665 460 724 527 ἐξ
783 462 990 527 οἰκείας
1039 467 1303 538 κινήσεως
1347 469 1537 537 ἁγίους
1593 472 1922 526 ἀπέστειλεν

2038 488 2304 542 quercum
2328 475 2379 527 in
2407 474 2667 537 Mambre.
2691 490 2811 529 cum
2835 476 3033 554 inclyta
3062 478 3301 535 Trinitas
3327 479 3394 535 ab
3424 481 3599 538 Abra-

342 550 464 643 οὐδὲ
494 551 792 622 ἀγορεῦσαι
830 555 1006 624 λόγια,
1056 558 1276 629 ἤνὸμον
1321 561 1695 627 διατάξασθαι,
1731 566 1762 635 ἢ
1792 566 1922 628 ὅλως

2035 565 2199 619 batno
2225 580 2512 634 conspecna
2557 564 2678 631 fuit,
2715 566 2887 637 angeli
2940 550 3110 622 vocati
3152 580 3277 624 sunt
3321 569 3457 643 (54),
3499 574 3599 627 du-

344 642 492 713 ἀπερ
513 643 764 698 ἐϐούλετο
796 647 979 714 αὐτὸς,
1008 649 1157 715 λέξαι
1178 652 1453 722 ἐποίησεν.
1498 655 1635 707 Ἀλλ’
1664 657 1782 709 οὐδὲ
1819 657 1922 709 ἴσα-

2031 666 2120 712 cta
2162 658 2602 713 denominatione
2637 674 2667 712 a
2692 660 2855 714 verbo
2884 659 3190 728 ἀγγέλλειν,
3220 663 3360 728 quod
3390 642 3600 719 Scilicet

346 748 431 784 σιν
458 733 678 801 ἄγγελοι
712 736 813 807 τῆς
867 739 1106 810 ἀρρήτου
1150 741 1245 795 καὶ
1302 744 1563 813 εὐμενοῦς
1612 746 1838 817 Τριάδος
1858 746 1922 799 τὰ

2031 748 2212 816 ignota
2253 749 2698 803 annuntiaverint.
2757 748 3022 805 Prmterea
3059 765 3125 805 ex
3180 752 3328 805 omni
3380 753 3598 824 angelo-

343 824 618 895 ὁμόφρονα
677 827 1037 900 βουλεύματα,
1103 832 1226 885 οὐδὲ
1295 833 1771 905 καταλαμϐάνουσι
1824 836 1922 906 τῆς

2030 852 2149 891 l‘ttttl
2201 838 2543 892 multitudine
2600 838 2775 893 nullus
2828 839 3048 910 pr0pria
3116 842 3484 908 auctoritate,
3534 857 3598 898 ac

345 910 497 1002 θείας
523 915 691 988 αὐτῆς
718 919 942 991 ἀρωγῆς
964 922 1061 992 τὴν
1093 922 1322 994 δύναμιν
1340 940 1353 954 ·
1385 922 1462 995 τῷ
1482 924 1537 977 δὲ
1564 926 1730 997 αὐτῆς
1752 926 1918 996 γαλη-

2028 926 2248 997 proprio
2284 939 2429 981 tuotu
2461 939 2678 983 sanctus
2707 945 2941 999 unquam
2966 931 3133 996 misit,
3172 949 3347 1002 neque
3372 933 3593 988 oracula

343 1001 421 1072 νῷ
461 1004 686 1075 νεύματι
725 1008 1141 1080 ὑπηρετοῦνται,
1200 1014 1293 1066 καὶ
1328 1014 1697 1084 μειλίσσονται
1754 1016 1922 1086 αὐτὴν

2030 1015 2274 1082 fundere,
2302 1028 2396 1073 aut
2430 1019 2599 1090 legem
2629 1030 2892 1087 statuere,
2924 1031 3021 1076 aut
3066 1001 3289 1078 omnino
3323 1040 3445 1094 qua:
3478 1025 3592 1094 ipse

341 1092 535 1158 λιταῖς,
558 1099 840 1170 ἀσιγήτοις
880 1102 1130 1173 στόμασι,
1163 1105 1257 1158 καὶ
1284 1108 1434 1177 φωνῇ
1469 1106 1849 1177 ἀκαταλήκτῳ.

2029 1109 2212 1175 vellet,
2253 1112 2432 1165 dicere
2461 1126 2554 1166 eos
2592 1110 2740 1166 iecit.
2787 1113 2925 1180 Quin
2974 1115 3138 1168 etiam
3179 1092 3511 1177 ineﬂ'abilis;
3542 1129 3598 1174 et

345 1186 592 1254 benigna:
624 1185 907 1246 Trinitatis
971 1194 1257 1246 concordia
1299 1194 1523 1248 consilia
1600 1198 1846 1264 ignorant
1924 1198 2120 1268 angeli,
2189 1213 2364 1267 neque
2406 1199 2597 1254 divina:
2645 1202 2762 1268 eius
2796 1203 2915 1272 opis
2949 1203 3057 1258 vim
3114 1207 3594 1274 comprehendunt,

340 1278 439 1330 sed
478 1293 672 1333 sereno
705 1282 847 1334 illius
878 1284 1029 1335 uului
1086 1283 1407 1348 inserviunt,
1432 1296 1484 1338 ct
1514 1300 1635 1340 eum
1664 1285 1918 1347 assiduis,
1960 1304 2021 1340 ac
2071 1304 2344 1357 nunquam
2379 1289 2695 1359 interruptis
2727 1291 2978 1359 precibus
3013 1292 3247 1362 placant.

416 1372 487 1423 A'.
526 1372 645 1423 Ὀτι
681 1371 819 1440 μετὰ
875 1372 967 1426 τοῦ
1011 1373 1146 1426 Θεοῦ
1180 1374 1393 1446 Πατρδς
1443 1375 1504 1428 τὸ
1550 1377 1705 1445 ἆγιον
1756 1375 1920 1429 αὐτοῦ

2089 1376 2178 1433 ιν.
2213 1378 2347 1444 Quia
2402 1394 2525 1434 cum
2563 1379 2675 1433 Deo
2706 1380 2869 1434 Patre
2917 1391 3139 1437 sanctus
3188 1382 3307 1451 ejus
3356 1385 3594 1450 Spiritus

340 1462 566 1533 Πνεῦμα
617 1463 936 1518 ἀποστέλλει
994 1471 1087 1519 καὶ
1130 1466 1317 1537 ὁδηγεί
1372 1467 1771 1532 αὐτεξουσίωςσ
1828 1469 1922 1521 κα).

2025 1469 2203 1535 mittit,
2232 1478 2393 1539 atque
2424 1469 2476 1523 in
2513 1469 2596 1523 via
2627 1485 2730 1525 nos
2764 1472 2982 1525 deducit
3029 1474 3242 1543 propria
3273 1484 3536 1543 potestate
3575 1494 3589 1532 :

338 1554 451 1620 γάρ
480 1555 624 1606 ἐστιν
653 1553 866 1623 ἀληθῶς
894 1553 1053 1623 ἔργον
1083 1556 1463 1628 φιλάνθρωπον
1518 1558 1620 1628 τῆς
1652 1558 1922 1627 πανσόφου

2025 1560 2310 1632 benignum
2359 1562 2500 1615 enim
2555 1577 2742 1617 revera
2817 1578 2952 1633 opus
3025 1565 3477 1634 sapientissimae,
3535 1574 3593 1621 ct

339 1645 437 1696 καὶ
469 1643 821 1715 άγαθωτάτης
848 1645 1095 1716 Τριάδος,
1156 1649 1189 1718 ἠ
1223 1649 1303 1710 εἰς
1352 1648 1547 1720 εὐσεϐῆ
1587 1648 1702 1719 βίου
1736 1649 1922 1719 τρίῦον

2025 1666 2227 1706 summe
2258 1653 2411 1707 bona:
2446 1650 2728 1708 Trinitatis
2765 1662 2849 1708 est
2896 1653 2950 1709 in
3010 1656 3150 1723 piant
3180 1656 3303 1711 vita:
3344 1656 3590 1712 semitam

338 1734 631 1837 ἀποστολὴ,
661 1737 751 1788 καὶ
782 1736 993 1808 ὁδηγία,
1024 1739 1117 1791 καὶ
1150 1741 1183 1809 ἡ
1220 1741 1347 1810 περὶ
1370 1739 1578 1804 πάντας
1594 1742 1919 1813 χρηστότης.

2026 1742 2263 1809 mittere,
2306 1753 2361 1797 et
2409 1743 2461 1796 in
2487 1757 2548 1797 ea
2577 1742 2864 1810 deducere,
2911 1754 3075 1815 atque
3118 1760 3309 1801 omnes
3355 1745 3594 1802 clemen-

338 1819 442 1881 ’Ὧν
463 1828 516 1882 δὲ
542 1830 574 1900 ἡ
598 1830 735 1900 αρτὴ
755 1830 946 1901 ὀδηγία
963 1833 1054 1885 καὶ
1072 1833 1398 1905 γαληνότης,
1419 1836 1451 1903 ἡ
1474 1834 1612 1907 αὑτὴ
1631 1835 1723 1887 καὶ
1740 1835 1916 1889 οὐσία.

2025 1832 2097 1884 tia
2126 1831 2237 1902 (35)
2267 1832 2538 1902 prosequi.
2574 1832 2813 1899 Quorum
2871 1842 3049 1887 autem
3104 1835 3292 1888 eadem
3347 1842 3432 1891 est
3464 1836 3591 1907 ὁδη-

339 1920 453 1973 Καὶ
470 1919 623 1972 τοῦτο
636 1919 804 1991 δὲτὴν
818 1921 907 1974 διὰ
926 1922 1033 1975 τῶν
1054 1922 1231 1995 έργων
1250 1924 1641 1996 ἀριδηλοτάτην
1660 1925 1921 1996 λαμϐάνει

2025 1923 2118 1992 γία
2149 1923 2273 1991 (Ιιοο
2301 1934 2404 1988 est,
2437 1925 2638 1989 ductio,
2662 1939 2766 1993 qua
2806 1925 2857 1979 in
2888 1923 2971 1979 via
2998 1924 3268 1997 ducimur)
3298 1928 3594 1996 eademque

338 2013 542 2068 πίστιν.
569 2014 673 2066 Τοῦ
695 2014 803 2086 γὰρ
823 2014 957 2068 Θεοῦ
975 2014 1257 2086 εἰρηκότος
1276 2014 1354 2086 τῷ
1383 2017 1624 2097 Μωίἰσεξν
1646 2034 1663 2066 ι
1690 2017 1921 2070 Συναπο-

2025 2021 2310 2082 serenitas,
2363 2017 2577 2072 illorum
2614 2019 2804 2073 eadem
2845 2018 3010 2073 etiam
3048 2027 3135 2074 est
3176 2018 3429 2074 essentia.
3480 2018 3593 2076 lloc

338 2104 544 2157 στέλλω
567 2103 672 2176 πρὸ
688 2104 978 2176 προσώπου
998 2122 1090 2158 σου
1113 2105 1203 2158 τὸν
1224 2106 1453 2176 ἄγγελόν
1479 2124 1602 2178 μου,
1621 2107 1715 2161 καὶ
1735 2106 1922 2160 ἐκϐάλ-

336 2198 421 2251 λει
456 2198 543 2252 τὸν
596 2197 721 2270 [105
759 2198 812 2271 b]
847 2201 1169 2263 Χαναναῖον,
1194 2219 1212 2250 ι
1251 2199 1280 2251 6
1310 2199 1482 2271 μέγας
1507 2192 1660 2265 οὗτος
1684 2201 1919 2271 Μωῦσῆς

336 2285 401 2343 εὖ
432 2289 575 2361 μάλα
612 2289 788 2354 εἰδὼς,
835 2293 960 2355 τοὺς
1004 2291 1104 2362 μὲν
1145 2291 1412 2361 ἀγγέλους
1446 2293 1744 2364 κτίσματι,
1776 2294 1838 2347 τὸ
1863 2294 1918 2347 δὲ

336 2382 498 2449 ἆγιον
532 2380 755 2453 Πνεῦμα
787 2382 943 2446 Θεὸν,
984 2382 1283 2454 παρεκάλει
1319 2383 1494 2452 λέγων
1514 2402 1527 2416 ·
1570 2405 1587 2436 ι
1620 2386 1683 2438 Εἰ
1719 2384 1793 2456 μὴ
1820 2386 1918 2439 αὑ-

337 2474 434 2538 τὸς
470 2476 788 2548 συμπορεύῃ
820 2475 940 2546 μεθ’
986 2477 1165 2547 ἡμῶν,
1202 2478 1277 2550 μὴ
1313 2477 1595 2553 ἀναγάγῃς
1637 2496 1703 2551 με
1737 2479 1917 2534 ἐντεῦ-

337 2563 455 2617 θεν.
497 2584 517 2615 ι
567 2564 974 2637 Ἀμειψαμένου
1015 2566 1072 2621 δὲ
1114 2567 1279 2622 αὑτὸν
1326 2568 1419 2621 τοῦ
1474 2570 1916 2644 Παντοκράτορος

336 2655 515 2708 τοῖσδε
559 2659 673 2720 τοῖς
703 2660 907 2729 ῥητοῖς,
947 2677 966 2709 ι
1008 2660 1120 2712 Καὶ
1162 2659 1349 2713 τοῦτόν
1396 2678 1487 2714 σου
1517 2662 1608 2715 τὸν
1642 2661 1829 2731 λόγον,
1856 2662 1917 2716 ὃν

337 2749 594 2821 εἴρηκας,
628 2753 871 2823 ποιήσω·
907 2751 1155 2824 εὕρηκας
1194 2754 1303 2824 γὰρ
1338 2755 1498 2825 χάριν
1528 2753 1759 2809 ἐνώπιόν
1792 2773 1912 2826 μου,

340 2846 439 2896 καὶ
481 2837 599 2897 οἶδά
638 2861 697 2896 σε
751 2844 904 2916 παρὰ
949 2846 1179 2910 πάντας,
1217 2866 1236 2899 ι
1279 2847 1308 2898 6
1367 2848 1596 2911 Ἡσαΐας
1627 2848 1801 2918 δηλῶν
1856 2850 1916 2902 τὸ

338 2933 537 2987 ταυτὸν
576 2935 672 3005 τῆς
707 2935 765 2987 ὲν
795 2937 894 3007 μιᾷ
929 2936 1144 3007 θεότητι
1178 2937 1471 3008 συμφώνου
1503 2939 1754 3010 Τριάδος,
1783 2957 1915 3011 προ⁶

342 3023 654 3095 ηγήσασθαι
699 3025 877 3080 αὐτῶν
911 3027 974 3080 τὸ
1015 3027 1194 3082 θεῖκδν
1238 3028 1467 3100 Πνεῦμα
1500 3029 1667 3098 ἔφατο
1700 3030 1911 3097 λέξεσιν

2018 2123 2151 2163 vero
2186 2107 2619 2163 manifestissime
2646 2122 2810 2178 opera
2854 2108 2971 2177 ipsa
3021 2110 3370 2177 conﬁrmant,
3402 2121 3589 2166 osten-

2019 2201 2281 2269 duntque.
2321 2200 2453 2255 Cum
2505 2201 2649 2255 enim
2678 2200 2905 2256 dixisset
2936 2199 3070 2256 Mosi
3111 2201 3251 2256 Deus
3288 2218 3304 2255 :
3340 2219 3361 2252 ι
3414 2201 3589 2258 Simul

2019 2294 2174 2348 mitto
2197 2290 2311 2363 (36)
2333 2302 2458 2348 ante
2493 2292 2684 2347 faciem
2710 2301 2856 2346 tuam
2875 2292 3123 2361 angelum
3150 2306 3348 2357 meum,
3370 2301 3423 2347 et
3446 2290 3595 2363 ejicit

2016 2384 2414 2449 Cbananaeum;
2451 2404 2472 2437 ι
2515 2387 2719 2456 optime
2779 2385 2958 2440 sciens
3010 2399 3237 2455 magnus
3286 2383 3373 2439 ille
3421 2383 3594 2439 Moses

2018 2476 2242 2545 angelos
2290 2476 2506 2546 quidem
2557 2489 2880 2540 creaturas,
2936 2486 3183 2536 sanctum
3236 2487 3365 2533 vero
3422 2475 3597 2550 Spiri-

2015 2565 2176 2637 225
2213 2575 2323 2620 tum
2368 2565 2535 2621 Deum
2580 2581 2738 2631 esse,
2780 2567 2861 2623 sic
2894 2569 3243 2625 obsecravit:
3276 2588 3295 2621 ι
3328 2569 3438 2625 Nisi
3473 2568 3587 2641 ('57)

2015 2658 2133 2726 ipse
2182 2658 2337 2713 venis
2391 2674 2495 2713 una
2543 2659 2870 2724 nobiscum,
2905 2673 2973 2716 ne
3004 2666 3208 2718 educas
3257 2678 3344 2719 tne
3385 2662 3534 2720 hinc.
3571 2680 3591 2715 ι

2019 2750 2156 2804 (lum
2193 2765 2323 2804 vero
2357 2752 2404 2804 ei
2446 2751 2788 2820 responderit
2829 2751 3187 2823 Omnipotens
3231 2754 3318 2809 bis
3365 2754 3593 2808 verbis:

2024 2859 2043 2893 ι
2076 2842 2140 2896 Et
2176 2843 2280 2897 ltoc
2314 2851 2463 2896 tuutn
2498 2841 2609 2913 (38)
2642 2844 2905 2906 verbum,
2938 2845 3083 2913 quod
3112 2844 3337 2911 dixisti,
3361 2842 3554 2898 faciam
3577 2858 3615 2909 ς,

2021 2932 2278 2987 invenisti
2314 2933 2458 2987 enim
2492 2934 2721 3002 gratiam
2755 2948 2939 2989 coram
2970 2948 3053 2989 nte
3075 2973 3092 2998 ,
3126 2944 3183 2989 et
3210 2936 3335 2988 novi
3370 2940 3421 2988 te
3449 2947 3589 3004 pne-

2022 3034 2101 3079 ter
2132 3039 2364 3089 omnes;
2396 3043 2414 3075 ι
2451 3024 2624 3078 Isaias
2675 3024 3017 3085 identitatem
3064 3025 3352 3081 concordis
3393 3024 3446 3079 in
3488 3039 3595 3079 una

344 3117 567 3180 αὐταίςο
608 3136 628 3168 ι
669 3118 729 3170 '0
764 3118 1104 3183 ἀναϐιϐάσας
1153 3120 1217 3173 ὲκ
1248 3120 1354 3192 γῆς
1403 3120 1496 3174 τὸν
1532 3122 1765 3192 ποιμένα
1810 3121 1919 3175 τῶν

2025 3116 2224 3171 deitate
2263 3115 2551 3172 Trinitatis
2601 3116 2928 3181 ostendens,
2984 3130 3172 3170 eorum
3224 3127 3486 3172 rectorem
3532 3132 3598 3173 ac

345 3206 655 3277 προϐάτων.
685 3207 794 3261 Ποῦ
822 3208 969 3262 ἔστιν
1002 3210 1032 3262 6
1060 3209 1174 3274 θεὶς
1207 3212 1265 3263 ὲν
1294 3211 1480 3274 αὐτοῖς
1507 3211 1568 3264 τὸ
1600 3210 1825 3281 Πνεῦμα
1860 3211 1920 3265 τὸ

344 3296 522 3365 ἅγιον,
575 3299 604 3351 6
638 3298 931 3368 ἀναγαγὼν
976 3301 1044 3371 τῆ
1099 3300 1249 3371 δεξιᾷ
1290 3302 1565 3371 Μωῦσῆνς
1605 3322 1623 3353 ι
1674 3301 1809 3356 Μετ’
1857 3304 1918 3357 οὐ

344 3388 483 3442 πολύ
530 3406 589 3442 τε
632 3391 861 3459 ἐπάγειο
902 3411 920 3442 ι
957 3391 1176 3464 Κατέὸη
1221 3392 1449 3464 Πνεῦμα
1489 3393 1641 3466 παρὰ
1686 3395 1917 3467 Κυρίου,

343 3481 443 3534 καὶ
472 3479 752 3553 ὡδήγησεν
789 3483 1020 3549 αὐτούς⁹
1051 3485 1224 3549 οὕτως
1265 3486 1471 3557 ἦγαγες
1504 3486 1595 3540 τὸν
1629 3487 1757 3541 λαόν
1799 3503 1917 3552 σου,

342 3575 568 3645 ποιῆσαι
601 3577 811 3648 σεαυτῷ
857 3577 1027 3649 ὄνομα
1059 3576 1235 3650 δόξης.
1283 3598 1302 3629 ι
1350 3578 1460 3631 Θέα
1492 3574 1584 3633 οὖν
1632 3579 1725 3633 καὶ
1765 3578 1921 3632 τοῦτο

341 3667 611 3731 ἐνταυθοῖ,
646 3668 726 3721 ὅτι
758 3669 820 3722 οὒ
856 3669 1176 3741 πεπέμφθαι
1203 3665 1355 3724 εἶπεν
1385 3673 1446 3725 τὸ
1480 3670 1633 3740 ἅγιον
1674 3671 1921 3742 Πνεῦμα,

342 3759 461 3811 ἀλλ’
490 3758 822 3825 αὐθεντικῶς
851 3761 948 3815 καὶ
979 3761 1277 3832 βασιλικῶς
1316 3762 1776 3834 καταϐεϐηκέναι.
1810 3759 1919 3817 Λῦ-

349 3851 434 3917 θίς
473 3869 555 3916 τε,
596 3855 799 3924 ἀμφοῖν
833 3853 1182 3925 μεμνημένος
1223 3854 1332 3909 τῶν
1360 3854 1520 3909 θείων
1549 3856 1919 3921 ὑποστάσεων,

342 3941 622 4013 ὁμοτίμως
649 3944 937 4015 άνείρηκεν
958 3962 971 3975 ’
1016 3963 1036 3994 ι
1072 3945 1180 3999 Καὶ
1216 3944 1311 3998 νῦν
1343 3944 1547 4016 Κύριος
1576 3945 1923 4001 ἀπέσταλκέν

346 4051 440 4102 με,
479 4034 572 4086 καὶ
598 4033 658 4087 τὸ
684 4034 908 4105 Πνεῦμα
936 4034 1123 4090 αὐτοῦ.
1160 4053 1178 4087 ι
1212 4033 1375 4088 Ὅθεν
1403 4035 1665 4099 πολλάκις
1694 4037 1925 4110 ἀνευφη-

351 4126 529 4195 μὴσας
555 4126 868 4197 εὑρίσκεται
906 4127 1147 4197 Μωῦσῆς
1167 4144 1180 4156 ·
1220 4147 1238 4179 ι
1268 4126 1475 4198 Κύριος
1501 4130 1530 4182 6
1562 4128 1694 4193 Θεὸς
1730 4130 1760 4183 6
1788 4147 1923 4201 προ-

354 4215 720 4285 τωρευὸμενος
767 4217 874 4288 πρὸ
910 4217 1202 4290 προσώπου
1243 4218 1418 4289 ὑμῶν.
1462 4238 1481 4271 ι
1536 4220 1647 4274 Καὶ
1703 4222 1923 4294 εὐχαρι-

350 4306 603 4371 στοῦντες
630 4308 686 4362 δὲ
721 4308 923 4379 ῦμνουν
951 4310 1139 4383 τρόπῳ
1177 4310 1367 4381 τοιῷδε
1387 4328 1400 4339 ·
1440 4328 1459 4361 ι
1496 4311 1586 4381 Τῷ
1610 4311 1924 4381 διαγαγόντι

346 4396 446 4451 τὸν
492 4396 617 4451 λαὸν
657 4397 821 4453 αὐτοῦ
856 4400 914 4452 ἐν
952 4401 1019 4472 τῇ
1050 4402 1265 4473 ἐρήμῳ,
1296 4400 1381 4453 ὅτι
1416 4400 1497 4462 εἰς
1524 4398 1617 4452 τὸν
1653 4399 1825 4455 αἰῶνα
1862 4401 1924 4456 τὸ

423 4602 748 4674 (διλΑνηρεΙί
786 4606 953 4657 vocati
974 4618 1116 4659 sunt.
1146 4605 1345 4660 Confer
1374 4602 1573 4659 Genes.
1605 4618 1725 4672 cap.
1760 4620 1919 4669 xvm,
1955 4609 2000 4665 D

347 4688 497 4744 vers.
540 4673 811 4744 1-3,‘t'llll|
846 4690 969 4742 cap.
995 4691 1105 4737 xix,
1148 4691 1290 4729 vers.
1327 4674 1380 4729 1.
1409 4674 1485 4729 Ac
1514 4675 1778 4744 legequze
1797 4685 1924 4730 ante

351 4742 636 4816 Didymuut
667 4740 932 4816 Justinus:
958 4745 1160 4816 Martyr
1198 4746 1252 4800 in
1278 4744 1424 4816 Diui.
1458 4740 1588 4816 cuni
1607 4740 1920 4816 Tryphone,

354 4813 503 4883 nutu.
544 4813 634 4874 56.
660 4824 822 4883 atque
854 4813 1207 4869 Hilarius'lib.
1235 4830 1286 4868 tv
1341 4814 1415 4868 De
1465 4813 1743 4873 Trinitate.
1768 4831 1920 4872 num.

351 4882 443 4940 23.
469 4899 693 4952 quaque
723 4882 905 4951 postea
933 4900 1159 4954 utaguus
1182 4883 1434 4939 Ecclesiae
1458 4885 1648 4954 doctor
1668 4884 1925 4954 Augusti-

355 4969 457 5008 nus
480 4954 777 5009 luculenter
798 4952 1146 5025 scripsit—bac
1176 4957 1242 5010 de
1284 4968 1347 5009 re
1398 4954 1491 5009 lib.
1539 4962 1576 5008 ti
1620 4952 1699 5009 De
1747 4952 1921 5019 Trium,

355 5039 500 5079 num.
526 5022 712 5079 19-21.

352 5039 500 5079 num.
526 5039 684 5079 19'21
696 5058 712 5077 ο

422 5093 537 5179 (55)
578 5093 888 5149 Clementia.
932 5095 1138 5161 Codex,
1196 5092 1507 5166 χριστότης.
1566 5091 1734 5164 Lego,
1787 5111 1927 5171 χρητ

517 5182 545 5229 ς

423 5204 736 5306 (53mm:
771 5236 941 5306 mitto.
978 5234 1149 5289 Exod.
1189 5250 1383 5306 χχχιιι,
1411 5234 1467 5306 2.
1503 5234 1771 5306 Complnt.
1801 5233 1923 5289 ‘edi-

348 5304 459 5361 tio’:
480 5305 934 5360 Συναποστελῶ...
961 5306 1055 5359 καὶ
1082 5305 1371 5359 ὲκόαλεί...
1406 5304 1498 5357 τὸν
1522 5305 1845 5357 Χαναναίον.

422 5377 537 5447 (37)
579 5375 722 5447 [δὲοὶ.
755 5375 928 5430 Exod.
958 5392 1157 5437 xum.
1194 5375 1283 5431 15.

423 5444 536 5517 (58)
572 5445 643 5500 Et
669 5448 765 5517 hoc
800 5455 968 5499 tuum.
1000 5447 1166 5502 Exod.
1199 5461 1391 5511 χχχιιι,
1423 5445 1510 5502 l7.
1543 5444 1728 5501 Graeca
1758 5445 1924 5500 editio

349 5515 442 5600 σρι
466 5532 563 5585 pro
593 5534 708 5571 σου.
742 5515 1022 5600 Librarius
1046 5531 1177 5570 vero
1192 5528 1388 5600 wnoster
1419 5517 1926 5600 utendosescripsit

344 5587 569 5712 sip-gata.
598 5590 648 5640 id
672 5597 753 5642 est
782 5603 803 5649 ι
832 5586 966 5647 dixi.
998 5605 1017 5637 ι
1044 5602 1139 5654 pro
1158 5586 1407 5657 εἴρηκας,
1435 5588 1485 5638 id
1509 5594 1591 5638 est
1619 5604 1637 5635 ι
1670 5586 1870 5641 dixisti.
1897 5605 1917 5636 ι

356 5720 384 5738 ,-
422 5659 534 5738 (⁸9)
720 5657 919 5738 eduxit.
956 5655 1058 5738 lsa.
1087 5655 1352 5738 pxmnll
1405 5666 1460 5738 et
1624 5654 1765 5738 bege
1799 5670 1921 5724 qum

349 5726 555 5784 deboc
588 5726 737 5797 lsaige
767 5727 887 5797 loco
925 5727 1196 5797 uberrime
1240 5726 1463 5797 disserit
1504 5726 1781 5797 theologus
1825 5741 1924 5780 no-

350 5808 462 5856 ste:
489 5798 655 5855 inlib.
678 5795 751 5851 De
780 5794 922 5866 Spir.
953 5794 1011 5853 S.
1045 5812 1191 5853 num.
1222 5796 1291 5852 45
1318 5804 1372 5851 et
1409 5809 1561 5865 seqq.

2021 3210 2211 3262 ducem
2250 3207 2415 3262 fuisse
2449 3207 2528 3262 ait
2557 3208 2801 3264 divinum
2837 3206 3133 3278 Spiritum,
3171 3209 3256 3263 bis
3296 3208 3430 3279 ipsis
3476 3222 3597 3265 ver-

2022 3302 2147 3356 bis:
2183 3321 2202 3353 ι
2233 3300 2332 3368 Qui
2364 3301 2479 3372 (59)
2509 3300 2696 3358 eduxit
2747 3303 2905 3372 (sive
2947 3302 3244 3358 ascendere
3298 3301 3430 3358 fecit
3460 3302 3479 3375 )
3526 3319 3614 3362 ex.

2022 3403 2170 3448 terra
2212 3403 2487 3464 pastorem
2535 3394 2741 3449 ovium.
2780 3393 2878 3450 Ubi
2912 3403 2996 3448 est
3022 3395 3114 3464 qui
3152 3395 3333 3467 posuit
3368 3395 3421 3449 in
3467 3396 3598 3464 ipsis

2035 3484 2299 3555 Spiritum
2350 3494 2600 3540 sanctum
2624 3485 2666 3539 Τ
2690 3483 2809 3551 Ουί,
2843 3486 3058 3540 reduxit
3089 3484 3199 3557 (40)
3232 3488 3453 3542 dextera
3486 3486 3599 3540 Mn-

2021 3592 2134 3633 SPIII
2161 3577 2185 3629 ?
2220 3596 2237 3628 ι
2268 3576 2334 3631 Ει
2359 3576 2518 3648 paulo
2562 3587 2682 3647 post
2712 3577 2890 3632 subdit
2917 3595 2931 3632 :
2973 3596 2992 3629 ι
3026 3578 3308 3632 Descendit
3341 3577 3452 3648 (Μ’)
3479 3578 3599 3647 δρία

2026 3669 2163 3723 ritus
2196 3684 2227 3724 a
2263 3668 2495 3724 Domino
2519 3710 2534 3735 ,
2562 3680 2617 3724 et
2644 3670 2841 3724 ductor
2870 3685 3056 3725 eorum
3095 3669 3232 3723 fuit:
3275 3670 3355 3724 sic
3398 3669 3609 3724 duxisti

2023 3761 2276 3832 pupulum
2318 3772 2504 3826 tuum,
2540 3772 2600 3816 ut
2633 3762 2841 3817 faceres
2894 3761 3210 3831 tibimetipsi
3251 3775 3445 3815 nomen
3488 3760 3601 3829 glo-

2024 3853 2141 3907 riae.
2172 3872 2192 3905 ι
2223 3853 2357 3908 lllud
2386 3862 2567 3908 autem
2595 3854 2760 3909 etiam
2785 3853 3014 3909 observa
3043 3853 3146 3907 huc
3173 3852 3226 3906 iu
3256 3851 3376 3907 loco
3408 3868 3426 3907 :
3453 3853 3598 3922 quod

2024 3944 2233 4001 scilicet
2262 3960 2368 4000 non
2399 3945 2476 4001 ait
2508 3945 2792 4016 Scriptura
2814 3986 2829 4011 ,
2877 3943 3139 4015 Spiritum
3176 3952 3423 3999 sanctqu
3467 3944 3599 3999 tuis,-

2024 4049 2142 4091 sum
2178 4034 2378 4099 fuisse,
2406 4036 2502 4091 sed
2533 4035 2751 4105 propria
2783 4048 2909 4088 eum
2941 4033 3303 4095 auctoritate,
3347 4043 3403 4088 et
3448 4033 3599 4103 regia

2024 4132 2289 4196 potestate
2330 4125 2691 4181 descendisse.
2734 4123 2942 4180 Rursus
2966 4139 3098 4180 vero
3126 4126 3313 4179 ambus
3361 4139 3598 4179 comme-

2026 4232 2246 4272 tuorans
2272 4217 2482 4273 divinas
2510 4218 2847 4289 bypostases,
2869 4226 2924 4271 et
2943 4216 3137 4287 aquati
3166 4216 3368 4270 honore
3388 4225 3611 4271 utram-7

2026 4324 2134 4379 que
2169 4323 2535 4380 prosequens,
2566 4310 2681 4365 haec
2713 4308 3077 4379 promulgavit
3104 4324 3120 4361 :
3150 4307 3272 4362 cEt
3307 4322 3451 4362 nunc
3481 4307 3597 4378 (Β)

2029 4400 2292 4457 Dominus
2338 4400 2487 4456 misit
2516 4417 2600 4456 tne
2622 4440 2640 4469 ,
2673 4410 2728 4457 et
2772 4399 3010 4472 Spiritus
3041 4399 3181 4469 ejus.
3213 4417 3241 4451 »η
3269 4397 3456 4469 Itaque
3485 4399 3609 4455 Μοσ-

2121 4604 2214 4676 ιο)
2267 4605 2406 4676 Qui,
2448 4607 2682 4662 reduxit.
2732 4606 2917 4661 Graeca
2966 4601 3601 4676 οόίιίοᾲιιτράναγαγών

2121 4620 2214 4676 st!)
2267 4620 2373 4673 Qui
2448 4620 2682 4662 reduxit.
2732 4620 2917 4661 Graeca
2966 4620 3486 4685 euttto'procvaya
3523 4621 3597 4657 ων

2031 4620 2194 4732 habet
2230 4675 2474 4746 ἀγαγών.
2513 4676 2869 4746 Hieronymus
2943 4689 3075 4729 vero
3130 4691 3183 4729 tn
3240 4673 3445 4746 Dulyuu
3487 4620 3597 4729 ἶὶι).

2031 4746 2111 4800 De
2141 4747 2287 4816 Spir.
2312 4745 2371 4801 S.
2409 4763 2559 4803 uutn.
2592 4746 2665 4801 45
2707 4745 2870 4799 vertit
2901 4761 2917 4800 :
2958 4758 3340 4816 [congregans
3372 4745 3594 4816 dextera

2031 4814 2271 4888 Moysetn
2311 4836 2324 4871 :
2366 4818 2518 4888 λιθεεά
2551 4831 2696 4888 num.
2742 4826 2933 4888 postea
2967 4814 3059 4876 5|,
3106 4815 3365 4888 transfert
3398 4832 3411 4867 :
3451 4833 3470 4866 ι
3504 4815 3598 4888 qui

2030 4884 2272 4941 adduxit.
2309 4907 2330 4939 ι
2364 4885 2485 4941 Haec
2512 4886 2654 4940 enim
2682 4886 2753 4939 ibi
2788 4886 3014 4951 legimus
3043 4902 3057 4939 :
3094 4902 3114 4935 ι
3141 4885 3241 4950 Qui
3274 4899 3404 4954 ergo
3424 4884 3603 4951 posuit

2036 4957 2089 5009 in
2117 4956 2201 5011 eis
2240 4957 2502 5026 Spiritum
2530 4965 2801 5018 sanctum,
2834 4955 3076 5026 Moysem
3105 4955 3446 5026 degatera‘sua
3474 4969 3604 5007 sau-

2030 5023 2327 5080 ctilicatuin
2363 5040 2484 5080 esse
2515 5023 2961 5080 couuttetnorat’:
2994 5025 3109 5079 sive
3144 5023 3296 5077 illum
3333 5023 3600 5077 illustrem

2033 5097 2232 5161 virum,
2260 5106 2318 5151 et
2347 5097 2725 5167 mysteriorum
2759 5096 2851 5149 Dei
2886 5095 3215 5167 initiatoreut
3262 5092 3465 5167 [cades
3509 5109 3605 5146 no-

2032 5177 2158 5229 ster,
2189 5163 2588 5237 nuntiatorem]
2616 5203 2637 5237 ,Α
2664 5204 2679 5219 .
2723 5203 2737 5217 .
2780 5168 2894 5220 sive
2922 5165 3094 5237 legem
3119 5163 3295 5237 suam.
3330 5203 3347 5219 .
3383 5203 3398 5217 .
3436 5163 3603 5237 Porro

2033 5251 2151 5307 ιμιςυ
2178 5245 2262 5288 est
2289 5236 2513 5307 dextera
2550 5231 2661 5296 Dei,
2693 5252 2814 5304 qua!
2850 5255 2868 5286 ι
2899 5231 3123 5307 adduxit
3152 5231 3412 5307 Mitysem,
3444 5252 3463 5285 ι
3499 5233 3601 5286 nisi

2037 5306 2315 5369 Dominus,
2346 5317 2402 5359 et
2425 5306 2676 5359 Salvator
2695 5305 2917 5360 uoster?
2946 5306 3064 5372 Ipse
3096 5310 3180 5372 est
3199 5305 3345 5359 enim
3374 5306 3599 5356 dextera

2032 5374 2241 5437 Patris,
2295 5391 2392 5443 per
2442 5390 2604 5445 quam
2659 5369 3036 5446 (typograplt'us
3099 5369 3449 5436 Veronensis,
3508 5387 3605 5440 per

2028 5447 2229 5522 quem.)
2264 5447 2457 5522 salvat,
2480 5465 2508 5522 ι
2539 5456 2647 5522 etc.
2942 5518 2954 5522 _
2982 5517 2994 5522 _
3075 5516 3104 5522 _
3350 5512 3380 5522 ,,
3412 5512 3422 5522 ,

2100 5515 2211 5587 (4t)
2255 5515 2673 5587 Descendit._lsa
2714 5532 2896 5587 LIIII,
2935 5517 3022 5572 Μ.
3066 5516 3254 5572 Graeca
3297 5512 3464 5568 editio
3504 5522 3605 5577 pro

2027 5585 2252 5657 ποιῆσαι
2298 5587 2465 5657 habet
2486 5585 2581 5640 τοῦ
2615 5586 2859 5657 ποιῆσαι.

2097 5645 2242 5783 £4226
2283 5656 2349 5711 Et
2421 5673 2578 5712 nunc.
2641 5645 2964 5724 lsa'xtvnl,
3021 5656 3111 5713 16.
3174 5650 3308 5708 Vide
3368 5658 3485 5704 not.
3511 5645 3604 5701 20.

2026 5742 2146 5798 pag.
2174 5742 2263 5783 eo.
