4054 6394
526 346 624 423 est

1770 363 2007 419 DIDYMI
2049 361 2517 418 ALEXANDRIM
3665 360 3756 417 6'59.

518 478 635 536 "em
669 481 868 549 smpins
900 478 1238 534 exclamasse
1266 477 1576 531 invenimus
1603 495 1614 530 :
1650 496 1667 527 ι
1699 479 1960 533 Dominus
1993 479 2102 549 (45)

2213 479 2361 542 ἕλεος
2408 476 2594 532 αὕτοῦ.
2637 495 2654 527 ι
2703 475 2862 529 Ἀλλὰ
2897 475 2993 529 καὶ
3038 476 3067 527 6
3102 474 3237 538 Θεὸς
3266 473 3484 545 Πατὴρ,
3524 473 3676 546 μηδὲν
3708 493 3757 529 τι

523 571 666 627 Deus
701 572 791 642 qui
831 570 1087 640 princedit
1119 578 1245 621 ante
1276 569 1469 623 faciem
1502 580 1763 625 vestram.
1794 589 1814 623 ι
1846 569 2105 625 Israelita:

518 681 648 718 vero
683 667 809 717 dum
840 663 1043 732 gratias
1067 661 1173 714 Deo
1203 671 1448 731 agerent,
1472 661 1654 715 laudes
1676 662 1725 715 ei
1760 663 2029 716 canebant
2049 662 2103 715 iu

517 758 662 812 hunc
692 758 908 810 modum
939 774 950 809 :
986 773 1005 806 ι
1045 754 1102 808 Ei
1133 755 1222 822 qui
1254 754 1366 824 (44)
1402 756 1638 808 traduxit
1667 756 1919 824 populutn
1947 770 2103 810 suum

516 864 571 899 ιιι
597 847 816 901 deserto
846 869 856 900 :
888 847 1143 916 quoniam
1173 847 1221 898 in
1248 845 1502 899 sa-rnlum
1525 846 1894 901 misericordia
1922 846 2058 915 ejus.
2083 864 2101 897 ι

518 939 658 1005 Quin
678 940 841 993 ctiam
872 939 1012 992 Dens
1063 937 1240 998 Pater.
1287 947 1344 992 ut
1376 937 1581 991 nullum
1616 938 1777 1007 plane
1808 939 2102 993 discrimen

520 1031 573 1083 in
604 1031 840 1083 essentia
863 1070 877 1096 ,
908 1040 967 1083 et
1003 1031 1239 1098 potentia
1260 1068 1274 1092 ,
1302 1041 1353 1081 et
1384 1028 1661 1084 voluntate
1682 1071 1697 1093 ,
1728 1040 1775 1083 et
1807 1030 1976 1099 gloria
2014 1030 2103 1083 in-

519 1130 603 1171 ter
632 1119 866 1185 seipsuin
889 1158 904 1181 ,
937 1128 991 1172 et
1024 1119 1360 1186 unigenitum
1391 1117 1660 1183 Verbum,
1696 1131 1751 1174 et
1780 1136 1945 1173 unum
1979 1120 2097 1189 ejus

521 1209 787 1280 Spiritum
813 1220 1061 1266 sanctum
1088 1212 1427 1266 intercedere
1454 1213 1745 1278 ostendat,
1778 1214 1828 1266 in
1858 1220 1964 1266 tota
1991 1213 2102 1266 fere

2208 573 2466 642 διάφορον
2495 571 2553 622 ἐν
2583 572 2648 641 τῇ
2680 569 2859 639 ούσίᾳ,
2892 567 2988 621 καὶ
3019 566 3271 637 δυνάμει,
3299 566 3395 621 καὶ
3429 565 3653 637 θελήσει,
3678 567 3760 620 καὶ

2210 664 2335 734 δόξῃ
2370 659 2513 716 εἶναι
2541 660 2757 725 δεικνὺς
2790 659 2994 731 μεταξὺ
3030 658 3197 713 αὐτοῦ
3228 676 3289 712 τε
3314 660 3411 713 καὶ
3441 658 3532 712 τοῦ
3564 675 3760 730 μονογε-

2211 754 2337 820 νοῦς
2369 754 2565 824 Λόγου,
2611 755 2706 807 κα)¹
2749 753 2847 807 τοῦ
2878 753 2998 817 ἐνὸς
3039 753 3198 821 ἁγίου
3244 752 3554 825 Πνεύματος
3593 751 3758 817 αὐτοῦ,

2212 848 2301 901 διὰ
2332 848 2512 918 πάσης
2542 846 2729 917 σχεδὸν
2757 845 2861 915 τῆς
2889 846 3115 916 Γραφῆς
3140 847 3286 916 λέγει
3306 862 3320 875 ο
3357 866 3375 898 ι
3422 844 3558 914 Ἐγὼ
3581 844 3761 915 ἀνήγα-

2214 956 2310 1008 γον
2351 940 2496 1010 ὐμᾶς
2529 941 2594 992 ἐκ
2637 938 2743 1008 γῆς
2780 938 3083 1005 Αἰγύπτου.
3124 939 3418 1010 Μάρτυρες
3455 936 3604 1008 ὑμεῖς
3634 937 3759 1000 ἐστε,

2212 1034 2261 1084 εί
2293 1032 2427 1095 Θεὸς
2465 1026 2533 1102 ἦν
2583 1029 2866 1102 ἀλλότριος
2898 1031 2956 1083 ἐν
2991 1031 3142 1093 ὑμῖν,
3181 1030 3322 1101 πλὴν
3366 1027 3519 1100 ἐμοῦ.
3556 1047 3573 1078 ι
3608 1027 3706 1080 Καὶ
3738 1027 3764 1079 6

2207 1116 2285 1185 τῷ
2320 1118 2531 1187 ὑψίστῳ
2561 1117 2617 1170 δὲ
2665 1118 2842 1188 Πατρὶ
2878 1119 2972 1171 καὶ
3012 1118 3091 1188 τῷ
3135 1119 3276 1189 ἁγίῳ
3321 1117 3588 1188 Πνεύματι
3620 1113 3762 1169 αὐτοῦ

2208 1209 2454 1280 όμοςρυὴς
2479 1211 2573 1263 καὶ
2597 1209 2876 1280 όμόφρων,
2900 1210 2930 1262 6
2956 1210 3235 1282 προσηνὴς
3259 1210 3437 1282 ἡμῶν.
3479 1248 3493 1264 .
3536 1242 3553 1262 .
3593 1249 3606 1263 .
3649 1249 3661 1263 .
3702 1249 3714 1262 .
3748 1248 3762 1264 .

520 1300 798 1373 Srriptura
830 1304 1003 1375 inquit
1029 1324 1039 1357 :
1066 1324 1083 1355 ι
1113 1304 1221 1375 Ego
1251 1305 1365 1369 (45)
1391 1306 1575 1360 reduxi
1600 1322 1694 1359 vos
1716 1320 1782 1360 ex
1807 1317 1953 1359 terra
1997 1303 2237 1375 Egypli.
2280 1303 2469 1358 Testes
2511 1317 2606 1357 vos
2638 1303 2805 1366 estis,
2842 1303 2886 1357 si
2927 1303 3066 1359 Deus
3112 1314 3233 1358 erat
3273 1303 3481 1358 alienus
3523 1303 3573 1356 in
3631 1299 3766 1356 vobis

516 1409 715 1468 praeter
741 1417 844 1455 ine.
887 1422 905 1454 ι
942 1401 989 1455 Is
1018 1418 1180 1466 vero,
1212 1404 1301 1472 qui
1337 1418 1457 1457 cum
1490 1402 1758 1459 altissimo
1785 1403 1944 1458 Patre
1966 1446 1979 1467 ,
2010 1413 2064 1459 et
2095 1411 2285 1458 sancto
2311 1401 2429 1469 ejus
2460 1401 2663 1471 Spiritu
2694 1399 2935 1468 ejusdem
2974 1410 3184 1455 natura:
3208 1441 3222 1466 ,
3253 1410 3309 1456 et
3340 1397 3629 1455 voluntatis
3652 1405 3727 1453 est
3748 1434 3765 1462 ,

519 1493 971 1551 clemensnoster
1009 1495 1142 1566 (46).
1188 1538 1202 1550 .
1244 1537 1258 1549 .
1304 1533 1319 1548 .
1363 1533 1378 1549 .
1425 1538 1438 1551 .
1481 1537 1494 1549 .
1540 1535 1556 1551 .
1601 1535 1615 1549 .
1664 1540 1677 1552 .
1719 1537 1732 1550 .
1780 1537 1793 1550 .
1841 1536 1854 1549 .
1902 1535 1915 1548 .
1959 1536 1973 1549 .
2022 1535 2036 1548 .
2083 1538 2098 1552 .

1179 1590 1332 1645 CAP.
1375 1590 1442 1646 Χ.

1732 1592 1896 1664 226
1929 1593 2090 1660 Caput
2128 1587 2210 1643 IX
2247 1586 2596 1641 desideratur.

2882 1583 3040 1636 ΚΕΦ.
3080 1580 3139 1636 l'.

1856 1681 2005 1735 Deest
2047 1680 2257 1733 initium
2289 1692 2405 1744 cap.
2443 1672 2556 1737 10.)

519 1810 770 1830 σε...
874 1810 1376 1828 σο.......
1481 1785 2107 1829 .......(ῑοιιιι·ιι

520 1863 783 1934 Spiritum
813 1880 992 1919 meum
1027 1864 1141 1937 (47)
1170 1904 1184 1929 ,
1212 1873 1307 1919 aut
1337 1864 1404 1919 de
1438 1863 1644 1934 Spiritu
1683 1881 1821 1921 meo.
1851 1866 2026 1935 Atque
2051 1865 2102 1919 is
2139 1832 2182 1886 Β

516 1956 603 2010 vel
648 1956 718 2011 ob
769 1955 909 2010 hanc
951 1964 1159 2010 tantum
1214 1969 1433 2011 causam
1460 1995 1476 2019 ,
1509 1963 1568 2009 ut
1600 1955 1847 2024 equidem
1886 1955 2097 2023 Opinor,

515 2051 757 2119 ipsorum
785 2049 1042 2103 misertus
1068 2049 1249 2103 venire
1279 2064 1374 2103 eos
1397 2046 1559 2117 jussit
1579 2049 1644 2101 ad
1669 2046 1859 2103 Jobtnn
1880 2088 1896 2113 ,
1921 2056 1981 2102 ut
2006 2063 2103 2117 pro

516 2132 626 2188 illis
659 2142 876 2187 oraret:
915 2132 1171 2185 nimirum
1205 2141 1425 2199 propter
1474 2130 1634 2185 verba
1669 2130 1735 2183 ad
1774 2144 1896 2183 eum
1936 2131 2103 2199 perti-

517 2217 697 2270 nentia
719 2255 732 2279 ,
759 2231 877 2284 qnte
902 2214 1272 2284 protulerunt,
1307 2216 1357 2267 id
1387 2214 1585 2269 factum
1615 2221 1775 2281 puto:
1804 2214 2104 2268 rectissime

516 2309 696 2373 cnim,
732 2308 921 2362 nescio
964 2307 1239 2371 quomodo
1265 2349 1277 2370 ,
1312 2318 1368 2360 et
1398 2306 1915 2363 convenientissime
1955 2307 2106 2360 dixe-

517 2409 648 2453 runt
676 2418 689 2454 :
721 2418 739 2451 ι
775 2399 1012 2469 Spiritus
1044 2399 1157 2471 (48)
1190 2400 1406 2454 divinus
1438 2400 1527 2469 qui
1575 2401 1701 2457 fecit
1746 2415 1864 2465 me,
1908 2397 2104 2454 halitus

520 2502 698 2547 autem
736 2491 1134 2561 Omnipoteutis
1173 2492 1372 2547 docens
1403 2508 1530 2559 me;
1564 2511 1585 2545 ο
1612 2505 1663 2547 et
1692 2492 1875 2563 paucis
1923 2490 2104 2546 verbis

518 2600 771 2655 magnam
802 2585 1133 2655 potentiam,
1159 2595 1214 2639 et
1244 2586 1582 2653 creatricem,
1617 2602 1681 2640 ac
1717 2586 1907 2641 salutis
1938 2584 2099 2655 largi-

517 2677 709 2732 tricem
736 2718 751 2744 ,
784 2677 1157 2747 malorumque
1186 2677 1551 2748 expultricem
1588 2690 1835 2733 naturam
1863 2678 2103 2747 explica-

514 2779 664 2824 runt.
690 2769 762 2824 At
788 2771 1030 2840 nunquid
1074 2773 1126 2825 in
1183 2770 1480 2839 theologica
1515 2771 1615 2827 hac
1652 2772 1915 2826 locutione
1963 2771 2107 2825 sistit

516 2860 636 2916 Elin
685 2861 838 2933 (49)?
883 2862 1045 2932 Atqui
1092 2863 1257 2917 multa
1300 2864 1368 2918 de
1396 2863 1761 2932 omnipotenti
1806 2863 1913 2918 Deo
1946 2862 2106 2917 Patre

514 2961 700 3022 aperte
725 2951 954 3019 adjecit,
996 2952 1191 3021 quibus
1210 2952 1354 3021 quod
1389 2952 1585 3022 opponi
1619 2953 1816 3020 possit,
1848 2950 1980 3005 nihil
2003 2958 2105 3005 est.

512 3047 605 3101 Ait
634 3046 775 3099 enim
802 3062 817 3099 :
860 3065 879 3096 ι
918 3031 1322 3113 ιΈιιξι·ιιιιε’(50)
1349 3048 1493 3100 enim
1524 3054 1638 3111 est,
1667 3044 1758 3114 qui
1813 3052 1895 3100 est
1939 3056 2104 3112 supra

514 3139 790 3192 mortales.
815 3157 834 3189 ι
858 3138 922 3191 Ει
952 3154 1139 3192 rursus
1167 3157 1179 3190 :
1216 3156 1235 3189 ι
1263 3138 1318 3192 Si
1355 3138 1462 3193 sint
1497 3137 1641 3192 mille
1670 3134 1842 3206 angeli
1875 3147 2102 3189 mortem

514 3231 840 3291 aﬂ'ercntes.
878 3247 1017 3285 unus
1048 3248 1111 3286 ex
1152 3232 1285 3299 ipsis
1331 3246 1666 3300 nequaquam
1697 3228 1997 3282 vnlm-rabit
2033 3244 2101 3281 ex

512 3325 649 3394 ipsis
697 3323 834 3395 (51),
882 3323 926 3378 si
975 3325 1295 3394 cogitaverit
1332 3323 1496 3377 corde
1539 3321 1783 3376 convcri
1821 3320 1887 3375 ad
1920 3318 2103 3372 Domi-

513 3434 679 3485 num;
723 3439 741 3469 ι
794 3430 850 3473 et
904 3434 1133 3473 rursus:
1188 3437 1207 3468 ι
1241 3414 1434 3471 Orabit
1463 3416 1576 3488 (52)
1613 3417 1679 3469 ad
1715 3414 2023 3476 Dominum,
2050 3423 2105 3466 et.

515 3520 734 3580 accepta
787 3513 837 3567 ei
890 3521 1083 3577 erunt;
1118 3529 1137 3562 δ
1194 3520 1251 3564 et
1295 3524 1527 3563 rursus:
1579 3526 1599 3559 ι
1630 3506 1793 3561 Salva
1855 3506 2099 3560 animam

518 3618 718 3668 meam,
745 3618 812 3657 ne
836 3613 991 3658 exeat
1018 3603 1131 3674 (55)
1161 3603 1214 3656 in
1252 3601 1683 3670 corruptionem:
1709 3608 1760 3653 et
1819 3598 1927 3651 vita
1980 3611 2098 3651 mea

517 3693 695 3747 lucem
737 3694 960 3748 videbit.
1001 3693 1139 3747 Erce
1172 3693 1286 3748 haec
1323 3692 1503 3745 omnia
1546 3701 1804 3759 operatur
1845 3688 2047 3745 Fortis.
2076 3708 2094 3740 ι

515 3787 646 3853 Qua:
703 3787 868 3857 igitur
915 3788 980 3840 de
1026 3789 1164 3851 Deo,
1220 3802 1283 3839 ac
1315 3785 1433 3852 ejus
1477 3783 1682 3855 Spiritu
1718 3783 1910 3849 docet,
1944 3791 2091 3836 recta

514 3889 679 3933 sunt:
711 3894 830 3948 quae
861 3894 988 3930 vero
1017 3878 1137 3932 aliis
1168 3880 1233 3931 de
1275 3878 1436 3930 rebus
1457 3917 1471 3937 .
1520 3890 1710 3945 prava.
1757 3872 1890 3927 Nam
1933 3871 2103 3929 Jobus

513 3988 733 4040 quoque
780 3988 902 4025 cum
944 3972 1184 4025 divinum
1218 3978 1465 4024 vocasset
1507 3968 1768 4039 Spiritum
1805 3976 2053 4022 sanctum
2087 4007 2102 4029 ,

514 4072 577 4117 ut
608 4065 858 4133 superius
885 4064 1084 4116 dictum
1122 4062 1219 4115 luit
1242 4101 1258 4125 ,
1294 4070 1497 4114 tantam
1531 4076 1559 4113 a
1593 4058 1700 4113 Deo
1731 4058 1941 4112 laudem
1972 4072 2105 4113 con-

515 4167 739 4213 secutus
774 4164 879 4209 est.
924 4154 1035 4209 lloc
1071 4169 1199 4225 ergo
1234 4160 1418 4223 reputa
1444 4191 1459 4213 ,
1492 4151 1597 4205 etsi
1633 4165 1827 4219 nempe
1861 4150 2105 4206 testimo-

2220 1810 2233 1823 Ι
2285 1811 2297 1823 ο
2339 1807 2351 1821 ⁸
2397 1808 2409 1819 ο
2456 1806 2469 1819 ο
2518 1807 2531 1820 ο
2576 1807 2597 1821 ι
2638 1809 2652 1823 ο
2704 1808 2716 1819 l
2766 1806 2779 1820 ο
2823 1807 2837 1821 ο
2885 1808 2898 1822 ο
2945 1809 2957 1823 ο
3002 1806 3019 1821 I
3066 1806 3080 1819 I
3126 1807 3140 1821 ο
3189 1806 3202 1819 ι
3243 1805 3257 1817 ο
3302 1804 3316 1818 ο
3362 1805 3375 1819 ο
3425 1803 3439 1817 ο
3478 1802 3494 1818 ο
3539 1800 3555 1816 ο
3595 1801 3610 1819 ο
3650 1801 3662 1815 ο
3702 1800 3716 1815 ο
3751 1801 3765 1815 0

2213 1863 2343 1936 [104
2372 1862 2428 1935 α]
2485 1863 2625 1916 κατὰ
2650 1861 2745 1916 τοῦ
2771 1861 3090 1931 Πνεύματός
3122 1877 3246 1931 μου,
3281 1859 3314 1931 ἢ
3343 1859 3471 1930 περὶ
3497 1857 3589 1912 τοῦ
3612 1853 3767 1909 mea.

2214 1954 2384 2023 ματός
2410 1969 2530 2022 μου.
2560 1952 2671 2004 Καὶ
2696 1947 2870 2022 οἶμαι,
2903 1951 2980 2015 ὡς
3004 1950 3093 2005 διὰ
3113 1949 3273 2004 τοῦτο
3298 1949 3391 2003 καὶ
3419 1948 3577 2020 μόνον
3603 1945 3772 2015 φεισά-

2216 2064 2377 2118 μενος
2405 2042 2605 2111 αὐτῶ),
2634 2044 2968 2115 προσέταξεν
2996 2044 3171 2099 ἐλθεῖν
3199 2044 3276 2108 ὡς
3300 2043 3391 2097 τὸν
3432 2042 3575 2106 Ἰὼϐ,
3600 2040 3687 2095 ἐπὶ
3701 2037 3772 2109 τῷ

2212 2138 2419 2190 ἐκεῖνον
2452 2133 2709 2200 εῦξασθαι
2740 2135 2881 2206 ὑπὲρ
2919 2135 3101 2190 αὐτῶν
3121 2151 3134 2166 ·
3171 2135 3335 2189 ἕνεκα
3374 2133 3535 2205 δῆλον
3568 2133 3646 2187 ὅτι
3674 2131 3771 2185 τῶν

2212 2230 2294 2293 εἰς
2334 2228 2497 2283 αὑτὸν
2545 2228 2931 2283 συντεινόντων
2975 2228 3259 2299 ῥημάτων,
3308 2227 3398 2281 διὰ
3431 2226 3496 2281 τὸ
3535 2225 3771 2297 ἀλήπτως

2214 2323 2411 2387 αὐτοὺς
2446 2323 2541 2377 καὶ
2565 2323 2687 2377 λίαν
2718 2321 3105 2394 προσηκόντως
3129 2322 3229 2375 οὐκ
3255 2319 3370 2376 οἶδα
3400 2321 3567 2375 πόθεν
3592 2318 3771 2390 φάναι·

2218 2434 2237 2467 ι
2274 2414 2503 2486 Πνεῦμα
2547 2416 2690 2468 θεῖον
2717 2414 2779 2467 τὸ
2815 2414 3049 2485 ποιῆσάν
3080 2430 3171 2484 με,
3206 2415 3342 2483 πνοὴ
3374 2412 3433 2465 δὲ
3469 2408 3774 2482 Παντοκρά-

2210 2525 2369 2579 τορος
2398 2509 2431 2578 ἠ
2464 2506 2794 2561 διδάσκουσά
2826 2520 2926 2576 με·
2964 2523 2982 2555 ι
3018 2505 3113 2557 καὶ
3150 2505 3210 2556 ἐν
3243 2504 3402 2578 ὀλίγῃ
3441 2504 3597 2576 ῥήσει
3628 2501 3774 2555 δύνα-

2216 2615 2309 2670 μιν
2351 2598 2575 2668 πολλὴν,
2607 2598 2704 2652 καὶ
2741 2596 2904 2667 φύσιν
2934 2595 3032 2665 τὴν
3067 2595 3467 2668 δημιουργικὴν
3496 2594 3589 2649 καὶ
3614 2590 3777 2656 ἀλεξίσ-

2213 2705 2382 2742 κακον
2407 2686 2791 2759 διηγήσασθαι.
2823 2683 2952 2757 Ἆρ’
2982 2680 3077 2739 οῦν
3104 2683 3343 2739 ἐνταῦθα
3373 2684 3508 2755 ἔστη
3543 2683 3641 2754 τῆς
3667 2681 3775 2734 θεο-

2211 2781 2400 2850 λογίας
2461 2782 2490 2834 6
2544 2780 2781 2849 Ἐλιοῦ;;
2843 2780 3037 2835 Καίτοι
3093 2778 3390 2851 διαρρήδην
3451 2774 3778 2849 προσέθηκεν

2213 2874 2385 2929 πολλὰ
2432 2873 2564 2946 περὶ
2605 2872 2700 2927 τοῦ
2753 2874 3196 2948 παντοκράτορος
3241 2870 3376 2924 Θεοῦ
3424 2868 3664 2941 Πατρός.
3707 2860 3778 2927 οἷς

2211 2963 2364 3018 οὐδὲν
2392 2962 2715 3017 ἀντιθετέον.
2754 2963 2898 3036 Ἔφη
2942 2964 3049 3037 γάρ
3070 2980 3083 2994 ·
3118 2982 3137 3015 ι
3184 2961 3413 3024 Animo;
3454 2960 3567 3031 γάρ
3594 2955 3778 3011 ἐστινό

2212 3057 2401 3110 ἐπάνω
2428 3055 2662 3127 βροτῶν·
2702 3074 2721 3107 ι
2755 3057 2853 3109 καὶ
2882 3056 3044 3110 πάλιν
3064 3075 3077 3087 ·
3117 3072 3135 3106 ι
3184 3053 3312 3107 Ἐὰν
3345 3046 3481 3106 ὦσιν
3513 3050 3670 3122 χίλιοι
3693 3046 3779 3115 ἅγ-

2211 3149 2358 3219 γελοι
2389 3147 2776 3219 θανατηφόροι,
2799 3142 2880 3211 εἷς
2908 3147 3087 3201 αὐτῶν
3112 3144 3175 3199 ού
3204 3145 3278 3215 μὴ
3302 3141 3490 3215 τρώσῃ
3514 3141 3573 3207 ἐξ
3593 3136 3776 3200 αὐτῶν,

2207 3241 2302 3294 ἐὰν
2327 3243 2495 3312 νοήσῃ
2525 3242 2591 3311 τῇ
2618 3239 2816 3311 καρδίᾳ
2844 3238 3247 3310 ἐπιστραφῆναι
3270 3236 3364 3289 ἐπὶ
3391 3234 3482 3288 τὸν
3509 3233 3728 3305 Κύριον·
3757 3246 3776 3279 ι

2204 3330 2362 3397 αὖθίς
2401 3350 2491 3387 τε’
2534 3351 2553 3384 ι
2582 3330 2814 3398 Εὕξεται
2862 3332 3003 3403 πρὸς
3048 3330 3282 3402 Κύριον,
3314 3328 3411 3382 καὶ
3444 3325 3615 3380 δεκτὰ
3646 3319 3781 3389 αὐτῷ

2204 3425 2359 3479 ἔσται
2383 3440 2399 3456 ο
2434 3445 2452 3477 ι
2486 3426 2580 3480 καὶ
2609 3424 2771 3478 πάλιν
2799 3440 2812 3453 ·
2851 3443 2869 3475 ι
2902 3421 3086 3476 Σῶσον
3110 3422 3208 3494 τὴν
3238 3422 3418 3492 ψυχήν
3446 3437 3575 3492 μου,
3596 3414 3688 3470 τοῦ
3715 3414 3782 3485 μὴ

2162 3514 2167 3519 ’
2206 3515 2445 3593 ἐξελθεῖν
2471 3519 2553 3580 εἰς
2585 3514 2918 3586 διαφθορὰνε
2957 3516 3053 3568 καὶ
3085 3515 3119 3585 ἡ
3152 3513 3263 3584 ζωή
3304 3529 3406 3583 μου
3441 3510 3561 3581 φῶς
3586 3508 3777 3578 ὄψεται.

2220 3609 2352 3662 Ἰδοὺ
2373 3608 2547 3662 ταῦτα
2566 3608 2746 3661 πάντα
2775 3606 3068 3677 ἐργάζεται
3093 3608 3121 3659 6
3159 3602 3420 3675 ’1σχυρός.
3458 3622 3477 3653 ι
3511 3598 3717 3656 Οὐκοῦν
3736 3596 3784 3649 οι

2206 3699 2355 3768 λόγοι
2387 3700 2577 3763 αὐτοῦ,
2612 3701 2691 3763 είς
2728 3701 2827 3769 μὲν
2849 3698 2916 3753 τὰ
2944 3700 3073 3771 περὶ
3100 3696 3193 3751 τοῦ
3220 3694 3355 3750 Θεοῦ
3380 3695 3473 3749 καὶ
3499 3693 3594 3748 τοῦ
3627 3688 3782 3745 Ilvati-

2211 3808 2382 3861 ματος
2412 3791 2602 3855 αὐτοῦ,
2647 3791 2835 3844 καλοί·
2867 3793 2948 3855 εἰς
2978 3790 3035 3844 δὲ
3067 3788 3137 3842 τὰ
3165 3787 3319 3849 ἄλλα,
3353 3785 3779 3857 ἁμαρτάνοντες.

2220 3881 2375 3935 Ἐπεί
2392 3900 2472 3935 τοι
2498 3884 2591 3937 καὶ
2608 3885 2637 3938 6
2665 3882 2807 3946 Ἰὼϐ,
2831 3881 2974 3935 θεῖον
2998 3880 3269 3952 ὀνομάσας
3291 3879 3352 3933 τὸ
3375 3879 3530 3947 ἅγιον
3547 3874 3782 3945 Πνεῦμα,

2209 3974 2285 4036 ὡς
2327 3974 2667 4047 προελέχθη,
2719 3974 2813 4028 τοῦ
2862 3973 3013 4045 παρὰ
3057 3970 3193 4027 Θεοῦ
3236 3971 3427 4041 ἔτυχεν
3473 3967 3782 4040 τηλικούτου

2211 4064 2457 4118 ἐπαίνου.
2509 4064 2740 4135 Λογίζου
2791 4063 2993 4125 τοίνυν,
3040 4063 3122 4116 ὅτι
3176 4060 3280 4114 κᾶν
3325 4060 3423 4130 τὴν
3486 4055 3783 4131 μαρτυρίαν

2211 4154 2305 4208 τοῦ
2362 4155 2571 4221 Ἐλιοῦς
2627 4156 2701 4228 μὴ
2752 4154 3055 4227 προσδέχῃ,
3099 4152 3331 4224 ἀρκοῦσι
3379 4150 3475 4204 καὶ
3523 4148 3693 4211 οὕτως
3736 4144 3782 4197 οἱ

588 4290 699 4357 (45)
738 4287 1014 4359 Dominus.
1055 4289 1209 4342 Deut.
1242 4303 1283 4347 ι,
1311 4288 1397 4342 50.
1431 4286 1700 4359 Complut.
1736 4285 1856 4359 ed.,_
1878 4286 2086 4359 Κύριος

2208 4293 2375 4346 malim
2405 4307 2469 4346 ex
2521 4291 2784 4347 Hebraieo
2822 4291 3018 4356 Ἐλιοὺ,
3050 4299 3108 4345 ιιι
3142 4290 3193 4343 in
3240 4286 3517 4357 Complnt.
3554 4290 3643 4343 ed.
3682 4286 3779 4340 im-

513 4365 543 4415 6
578 4361 711 4423 Θεὸς
745 4358 927 4431 ἡμῶν.
971 4358 1176 4412 Similia
1220 4359 1482 4412 habemus
1515 4357 1669 4411 Deut.
1706 4372 1799 4422 xx,
1830 4357 1894 4420 4;
1932 4357 2085 4425 xm,

513 4436 565 4494 ϐ,
600 4446 705 4485 etc.

586 4502 699 4570 (Μ)
744 4499 809 4554 Ei
840 4502 952 4570 qui.
994 4501 1081 4552 ινδ.
1112 4515 1315 4562 cxxxv,
1356 4514 1507 4570 vers.
1541 4497 1628 4552 16.

591 4568 702 4643 (45)
728 4642 733 4643 ν
762 4568 896 4643 Ego.
930 4572 1161 4643 Sensum
1194 4575 1326 4643 citat
1353 4586 1429 4643 ex
1463 4569 1709 4643 pluribus
1745 4568 1909 4643 simul
1945 4568 2099 4643 Scri-

516 4637 696 4708 ptura!
724 4637 878 4696 locis.
928 4642 1058 4697 Vide
1088 4640 1147 4696 Il
1196 4641 1381 4697 Pural.
1452 4656 1527 4702 \‘l,
1568 4639 1639 4704 5;
1673 4637 1846 4692 Levit.
1881 4657 1958 4705 iii,
1993 4640 2097 4706 «£5;

514 4712 623 4766 lsa.
655 4728 804 4773 mu.
838 4714 926 4777 '12,
957 4723 1054 4767 ett;

588 4781 708 4851 (46)
764 4781 981 4838 Noster.
1015 4823 1028 4836 .
1067 4825 1081 4838 .
1122 4820 1137 4835 .
1168 4821 1181 4833 .
1219 4781 1464 4847 Quatuor
1503 4778 1591 4832 hic
1638 4778 1802 4851 folia.
1840 4780 1955 4836 sive
2007 4796 2098 4835 se-

516 4850 735 4918 gmenta
763 4855 1141 4907 desiderantur
1167 4871 1180 4906 :
1212 4853 1334 4905 linis
1353 4866 1543 4918 nempe
1564 4850 1739 4903 octavi
1768 4851 1924 4913 hujus
1950 4853 2100 4919 capi-

519 4923 607 4982 tis,
646 4932 812 4977 toltnn
850 4935 1011 4990 caput
1056 4939 1280 4983 nouum,
1330 4932 1384 4977 et
1426 4920 1619 4974 decimi
1668 4922 1905 4975 initium.
1963 4922 2097 4975 Noui

514 5007 669 5055 vero,
719 5008 784 5046 ac
821 4996 1013 5048 decimi
1061 4994 1255 5060 capitis
1283 5001 1600 5062 argumenta
1633 4992 1884 5061 superius
1918 4993 2094 5048 babes

517 5065 571 5116 in
599 5063 805 5135 tabula.
847 5079 969 5135 pag.
999 5063 1137 5135 βου.

588 5130 942 5202 (47)(1οηιιυᾱ
984 5132 1237 5201 Spiritum
1289 5149 1481 5186 meum.
1530 5130 1786 5203 Fortasse
1841 5131 2101 5203 Didymus

516 5219 581 5257 eo
603 5217 763 5274 sensu
794 5206 949 5269 dixit,
970 5205 1111 5258 κατᾶ
1134 5203 1226 5256 τοῦ
1269 5202 1589 5274 Πνεύματός
1622 5217 1753 5274 μου,
1778 5213 1836 5256 ιιι
1866 5202 2096 5259 valeret:

521 5294 539 5325 ι
576 5275 643 5326 de
671 5272 875 5341 Spiritu
913 5290 1051 5329 tneo.
1087 5293 1107 5325 ι
1134 5275 1208 5327 Ita
1239 5276 1383 5327 enim
1413 5272 1557 5339 sa-pe
1588 5273 1783 5339 accipit
1809 5275 2099 5328 dictionem

516 5344 680 5405 κατά,
717 5345 768 5396 in
804 5345 908 5398 hoc
949 5360 1133 5412 opere,
1173 5356 1230 5398 et
1263 5346 1315 5396 in
1348 5346 1489 5397 aliis.
1532 5341 1600 5394 Ut
1625 5342 1937 5409 exemplum
1970 5343 2101 5399 alle-

517 5431 656 5477 ram,
692 5415 744 5467 in
790 5427 1082 5468 comment.
1145 5417 1196 5467 in
1227 5414 1345 5466 Act.
1378 5424 1551 5481 (ipost.
1595 5415 1661 5463 ad
1695 5427 1835 5465 vers.
1867 5414 1937 5465 ἒξ
1969 5430 2090 5479 Cap.

515 5499 578 5547 tl,
608 5487 772 5554 (tom.
799 5484 862 5538 ιν
890 5486 1085 5539 Anerd.
1118 5485 1306 5547 Wolf.,
1338 5480 1456 5554 pag.
1490 5480 1588 5550 9,)
1620 5482 1695 5555 ait
1725 5500 1738 5534 :
1764 5484 1904 5535 κατὰ
1933 5485 2101 5555 μόνης

516 5552 720 5627 σαρκὸς
769 5555 1116 5627 λεχθήσεται,
1170 5559 1219 5609 id
1268 5569 1371 5620 est,
1403 5552 1427 5605 ἱ
1455 5556 1524 5608 de
1570 5552 1683 5605 sola
1728 5569 1894 5607 carne
1952 5552 2101 5610 dice-

514 5636 623 5679 tur.
660 5647 679 5677 ι

588 5697 701 5765 (48)
743 5694 995 5762 Spiritus.
1026 5694 1125 5750 Job
1161 5713 1353 5763 χχχιιι,
1387 5698 1435 5754 ὁ.

588 5763 892 5837 (49)-Είίιι.
944 5766 1125 5818 Codex
1159 5774 1414 5821 mendose
1456 5769 1687 5834 Ἐλιοῦς,
1729 5785 1824 5837 pro
1867 5763 2093 5828 Ἐλιοῦς,

516 5841 660 5907 quod
685 5835 1179 5897 Francofut'tensis
1208 5841 1375 5897 editio
1409 5840 1594 5900 habet.
1630 5835 1882 5899 Scribere
1912 5849 2092 5893 tamen

2196 4379 2440 4433 pressum
2462 4362 2590 4433 il'uit.

2270 4434 2381 4502 (50)
2423 4432 2700 4487 .Eternus.
2752 4430 2854 4487 Job
2900 4446 3094 4495 χχχιιι,
3141 4430 3230 4485 12.
3284 4428 3464 4502 Ἰξιῇθη
3488 4444 3620 4502 [tum
3668 4439 3782 4502 "10}

2201 4495 2379 4628 σηιεξὲ
2433 4506 2548 4558 loca
2621 4503 2818 4558 ibidem
2869 4512 3087 4557 exstant
3126 4516 3269 4555 vers.
3304 4498 3398 4565 25,
3438 4495 3545 4563 26‘,
3593 4509 3646 4553 et
3689 4495 3775 4559 28,

2204 4592 2267 4628 ac
2382 4614 2395 4626 .

2204 4592 2267 4629 ac
2305 4578 2395 4628 ‘29.

2274 4645 2398 4723 (Μ)¹
2438 4643 2520 4698 Ex
2549 4632 2700 4711 ipsis.
2737 4641 3159 4723 Complnt.‘etl.,
3203 4641 3265 4694 οὐ
3321 4639 3396 4711 μὴ
3434 4637 3639 4723 τίρώσει
3676 4635 3785 4723 rati-

2201 4709 2316 4779 τόν,
2352 4709 2400 4768 id
2439 4727 2546 4778 est,
2571 4709 2612 4765 ἰ
2647 4730 2752 4768 non
2801 4712 3106 4766 vulnerabit
3145 4709 3334 4778 ipsum
3385 4709 3411 4762 ἡ»
3456 4709 3784 4763 Francolur-

2205 4788 2373 4840 tensis
2422 4802 2552 4839 vero
2594 4785 2713 4856 :96
2751 4783 2856 4856 μὴν
2899 4781 3316 4856 τρώσῃ-αὐτόν,
3346 4782 3450 4856 hoc
3477 4791 3582 4839 est,
3616 4797 3636 4856 ς
3686 4792 3783 4856 non

2206 4866 2407 4930 tame",
2438 4865 2596 4930 nete.
2635 4855 2700 4908 Et
2734 4846 2908 4930 paulo
2929 4846 3474 4930 post'Coniplutensis
3500 4848 3672 4930 επρὸς
3703 4846 3787 4898 τὸν

2204 4925 2425 4998 Κύριον.
2465 4926 2693 4980 ,Ιιῖιιίιιιιιι
2734 4924 2855 4976 libri
2883 4923 3007 4998 Jubi
3043 4925 3368 4998 etlitig,_se_tt_
3392 4923 3788 4998 t'i-_tttslissi_nui_s

2204 4988 2373 5052 codex
2408 4999 2459 5050 in
2500 5014 2564 5050 ea
2594 5012 2887 5063 espressus
2927 4996 3089 5049 habet
3119 5012 3133 5048 :
3181 4988 3275 5063 Εἷς
3302 4991 3370 5063 ἐξ,
3400 4988 3583 5049 αὐτῶν
3617 4989 3784 5063 ούῄμὴ

2202 5066 2389 5141 τρώσῃ
2437 5066 2636 5141 αύ-τδν,
2668 5059 2778 5119 ’ἐὰν
2824 5064 2995 5137 νοήσῃ
3033 5066 3100 5136 τῇ
3149 5062 3349 5136 καρδία
3388 5059 3787 5132 ἐπιστραφῆναι

2203 5138 2298 5191 ἐπὶ
2333 5138 2424 5191 τὸν
2458 5138 2700 5208 ᾲΚύριον.
2714 5206 2737 5208 ὦ
2918 5140 2919 5143 “

2276 5209 2389 5278 (52)
2437 5200 2643 5262 Oraliit.
2700 5204 3111 5278 (ErmeaBiblia
3158 5202 3532 5278 :et'igdpevoc,
3575 5200 3629 5253 id
3677 5211 3781 5257 est.

2208 5298 2227 5329 ι
2265 5273 2610 5346 deprecatus.
2652 5296 2673 5329 ›
2712 5276 2817 5331 Sed
2857 5275 3066 5346 Didymi
3094 5276 3255 5329 lectio
3295 5273 3559 5346 llebrait-o
3604 5286 3786 5346 exem-

2204 5341 2350 5417 plari
2372 5359 2731 5417 consentanea
2763 5358 2867 5406 est,
2897 5341 3560 5417 et'vetustissimoGraeco
3590 5341 3780 5417 codici,

2204 5411 2313 5488 uno
2356 5436 2485 5472 usus
2538 5430 2619 5473 est
2665 5416 2938 5472 Patricius
2998 5416 3226 5479 Junius,
3268 5415 3360 5485 qui
3409 5429 3476 5467 ex
3513 5429 3581 5467 eo
3619 5411 3786 5466 edidit

2203 5488 2439 5553 εὔξεται.
3502 5550 3511 5553 _
3537 5550 3551 5553 _
3738 5552 3745 5553 ί
3772 5549 3780 5553 _
3817 5510 3823 5515 -

2278 5549 2393 5628 (55)
2436 5558 2518 5613 Ne
2546 5570 2718 5611 exeat.
2768 5557 2954 5612 Graeca
3000 5556 3184 5617 editio,
3223 5554 3318 5608 τοῦ
3352 5556 3427 5628 μῇ
3473 5550 3684 5628 ἐλθεῖν,
3735 5549 3782 5603 id

2204 5624 2307 5692 est,
2343 5624 2461 5682 (ne
2482 5631 2682 5691 veniat,
2715 5648 2733 5678 ι
2773 5639 2884 5688 aut,
2934 5644 2957 5677 ι
2983 5643 3058 5696 ne
3085 5636 3291 5696 pergat.
3336 5624 3449 5679 {Et
3474 5624 3632 5692 paulo
3666 5629 3784 5696 post

2206 5701 2365 5756 habet
2409 5699 2641 5768 ὲργᾶται
2694 5692 3143 5769 νιοᾼὲργάζεται,
3186 5692 3393 5769 weodem
3446 5692 3784 5769 sentiunt};-

2203 5774 2303 5824 dux
2367 5761 2640 5835 qun-usus
2683 5761 2767 5822 est
2795 5761 3008 5827 Junius.
3033 5770 3222 5836 habet,
3264 5766 3359 5819 τοῦ
3400 5766 3474 5836 μὴ
3522 5761 3780 5836 ἐξελθεῖν.

2202 5854 2262 5898 ιιι
2294 5834 2425 5912 legit
2459 5841 2740 5909 Didymus,
2789 5849 2845 5895 et
2872 5834 3124 5911 ἐργᾶται,
3173 5848 3229 5893 ιιι
3262 5834 3780 5893 ϐιωθεέιιιιιιὶυιιιε.
