4054 6428
380 390 484 449 657

1417 393 1506 448 DE
1541 393 1922 449 TBINITATE
1962 393 2164 449 LIBER.
2211 393 2598 450 SECUNDUS.

3553 398 3659 455 658

375 510 458 581 τῷ
493 509 624 575 ἴσως
673 510 766 564 καὶ
800 511 1004 582 ὁμοίιος
1033 509 1160 565 ναὸν
1205 509 1351 582 ἔχειν
1383 510 1474 564 τὸν
1507 511 1796 584 ἄνθρωπον
1817 527 1830 542 ·
1873 512 1963 565 καὶ

2072 513 2234 577 bitas,
2283 512 2402 567 laus
2444 511 2632 566 lsrael.
2667 530 2685 562 ι
2744 508 3064 566 Universam
3114 527 3245 566 vero
3287 511 3522 568 ﬁdelium
3573 531 3663 568 ra-

375 601 459 653 ὅτι
497 602 526 653 ὁ
564 598 642 653 ὢν
682 596 829 664 οἶκος
872 599 964 652 τοῦ
1011 601 1258 673 Πατρὸς,
1289 600 1403 672 ἔχει
1446 604 1542 656 καὶ
1580 603 1672 656 τὸν
1710 605 1768 656 ὲν
1816 603 1968 674 αὐτῷ

375 691 506 746 ὄντα
539 692 688 759 Υίὸν,
733 694 830 756 καὶ
876 693 938 747 τὸ
981 694 1207 765 Πνεῦμα
1250 695 1345 748 τοῦ
1385 695 1556 749 Θεοῦο
1586 696 1662 761 ὡς
1703 693 1770 750 αὖ
1806 696 1968 752 πάλιν

373 783 470 836 τοῦ
512 783 666 849 Υίοῦ,
701 785 734 855 ἢ
769 784 865 838 τοῦ
912 785 1229 856 Πνεύματος
1261 787 1357 856 τῆς
1400 788 1799 858 ὲπιφοιτήσεως
1838 806 1970 841 κατ-

373 875 647 941 αξιωθεὶς,
680 879 745 929 ὲκ
780 876 982 940 παντὸς
1014 877 1126 948 ἕχει
1157 880 1253 931 καὶ
1284 879 1376 932 τὸν
1407 879 1647 949 Πατέρα.
1670 881 1780 932 Καὶ
1805 880 1969 934 πάλιν

373 967 436 1018 ἐν
467 971 532 1038 τῇ
568 967 694 1039 [105
714 967 766 1040 b]
803 970 940 1040 αὐτῇ
994 969 1224 1041 δευτέρᾳ
1262 970 1573 1041 Ἐπιστολῇ·
1611 990 1628 1022 ι
1659 973 1727 1023 Ἢ
1761 972 1859 1024 ούκ
1893 971 1969 1024 οἷ·-

374 1059 522 1122 δατε,
554 1061 634 1113 ὅτι
675 1062 742 1114 τά
789 1061 1014 1133 σώματα
1060 1062 1213 1132 ὑμῶν
1249 1063 1376 1126 ναὸς
1423 1061 1516 1115 τοῦ
1552 1065 1609 1115 ὲν
1649 1065 1778 1135 ὑμῖν
1809 1064 1975 1133 άγίου·

375 1150 693 1222 Πνεύματός
735 1153 904 1215 ἐστιν,
951 1147 1012 1206 οὗ
1061 1153 1212 1220 ἔχετε
1256 1152 1366 1205 ἀπὸ
1408 1151 1503 1205 τοῦ
1536 1152 1694 1217 Θεοῦ,
1733 1153 1825 1205 καὶ
1865 1153 1966 1204 ούκ

375 1243 501 1296 ἐστὲ
533 1243 771 1310 έαυτῶν;
807 1244 1155 1316 ἠγοράσθητε
1195 1245 1304 1316 γάρ
1354 1245 1542 1316 τιμῆς.
1585 1244 1858 1309 Δοξάσατε
1901 1243 1966 1314 δὴ

374 1336 467 1389 τὸν
511 1335 641 1389 Θεὸν
682 1337 770 1389 τὸν
804 1339 861 1390 ὲν
907 1341 1021 1400 τοῖς
1062 1337 1309 1407 σώμασιν
1345 1337 1561 1408 ὑμῶν.»
1602 1337 1686 1390 Τά
1735 1337 1965 1408 σώματα

375 1428 487 1482 τῶν
514 1429 721 1481 πιστῶν
751 1429 878 1482 ναὸν
906 1429 998 1483 τοῦ
1034 1431 1192 1499 ἁγίου
1223 1431 1544 1502 Πνεύματος
1583 1425 1724 1483 εἶναι
1771 1430 1963 1493 εἰπὼν,

376 1519 726 1591 ἐνουθέτησεν
757 1521 998 1587 δοξάζειν
1025 1523 1114 1575 τὸν
1145 1522 1277 1575 Θεὸν
1301 1525 1358 1576 ἐν
1389 1525 1503 1585 τοῖς
1534 1521 1772 1593 σώμασι,
1807 1523 1964 1593 δῆλον

375 1615 461 1668 ὃτι
491 1615 551 1667 τὸ
589 1614 741 1684 ἅγιον
771 1614 1016 1686 Πνεῦμα.
1048 1615 1237 1685 Λέγων
1278 1615 1335 1669 δὲ
1373 1615 1505 1668 αὐτὸ
1543 1616 1652 1670 ἀπὸ
1678 1615 1773 1669 τοῦ
1805 1615 1960 1682 Θεοῦ,

375 1705 636 1771 διδάσκει,
674 1707 749 1770 ὡς
788 1707 930 1760 κατά
973 1706 1136 1776 φύσιν
1180 1707 1425 1778 πρόεισιν
1471 1706 1532 1772 ἐξ
1563 1709 1751 1766 αὑτοῦ.
1786 1710 1963 1780 Ὅπερ

380 1795 536 1864 αὖθις
583 1801 826 1871 παριστᾷ
873 1799 969 1854 καὶ
1001 1801 1060 1855 τὸ
1093 1799 1219 1855 ναὸν
1250 1797 1390 1854 εἶναι
1427 1800 1592 1854 αὑτοῦ
1627 1801 1718 1855 τὸν
1751 1801 1962 1874 ἄνθρω-

2072 604 2329 659 tionalem
2363 613 2614 658 naturam
2664 604 3122 672 iucircumscripti
3156 605 3250 658 Dei
3293 616 3532 658 sanctum
3569 607 3662 660 ha-

2069 697 2371 753 bitaculum
2426 697 2580 764 dicit,
2605 705 2690 760 ,ιιι
2724 707 2875 766 puto.
2927 695 3190 766 Spiritum
3227 707 3479 751 sanctum
3527 712 3659 768 ergo

2071 805 2178 844 non
2210 789 2372 844 modo
2406 788 2574 843 Deum
2619 801 2741 842 esse
2768 789 3197 844 demonstratum
3231 796 3339 852 est,
3372 787 3468 842 Sed
3494 790 3660 842 etiam

2068 883 2334 949 aequalem
2361 887 2419 932 et
2446 876 2684 934 similem
2715 876 2889 942 Patri,
2921 887 2978 933 et
3001 877 3162 942 Filio,
3189 885 3302 930 tum
3337 877 3464 947 quia
3495 878 3659 932 trium

2068 985 2423 1040 personarum
2462 971 2656 1041 aequali
2679 982 2734 1026 et
2762 970 2926 1026 simili
2960 973 3121 1026 modo
3151 972 3405 1040 templum
3429 981 3515 1026 est
3546 971 3660 1043 (72)

2068 1065 2267 1130 homo;
2308 1075 2420 1119 tum
2455 1065 2620 1119 etiam
2658 1063 2784 1134 quia
2827 1063 2919 1134 qui
2971 1065 3164 1119 domus
3193 1076 3278 1119 est
3321 1063 3520 1128 Patris,
3566 1063 3660 1118 Fis

2068 1156 2199 1211 lium
2239 1171 2454 1226 quoque
2489 1155 2543 1209 in
2577 1169 2637 1210 se
2670 1154 2834 1210 habet
2886 1155 3262 1218 exsistentem,
3304 1165 3360 1208 et
3393 1153 3659 1224 Spiritum

2071 1249 2164 1305 Dei
2195 1267 2209 1304 :
2243 1250 2386 1305 sicut
2417 1249 2658 1304 vicissim
2700 1248 2790 1318 qui
2826 1247 2974 1314 Filii,
3013 1257 3108 1302 aut
3156 1247 3396 1318 Spiritus
3423 1248 3660 1302 adventu

2066 1341 2263 1412 dignus
2291 1342 2466 1397 factus
2495 1351 2600 1406 est,
2632 1342 2796 1396 habet
2845 1341 3069 1397 omnino
3107 1341 3273 1395 etiam
3306 1339 3562 1408 Patrem;
3603 1349 3662 1397 et

2069 1447 2260 1487 rursus
2296 1432 2347 1486 in
2383 1432 2572 1488 eadem
2618 1432 2852 1486 secunda
2899 1430 3136 1501 Epistula
3162 1429 3274 1503 (75)
3313 1446 3328 1484 :
3375 1449 3396 1483 ι
3436 1431 3518 1486 An
3558 1445 3658 1487 ne-

2067 1526 2241 1590 scitis,
2275 1525 2422 1595 quod
2459 1540 2687 1594 corpora
2725 1534 2903 1578 vestra
2932 1522 3047 1594 (74)
3077 1523 3334 1594 templum
3385 1531 3514 1579 sunt
3559 1538 3660 1580 ex-

2066 1618 2312 1673 sistentls
2356 1618 2410 1672 in
2443 1618 2595 1672 vobis
2637 1616 2813 1672 sancti
2857 1615 3116 1684 Spiritus,
3151 1630 3312 1686 quem
3364 1616 3580 1673 habetis
3621 1634 3652 1672 a

2069 1711 2196 1775 Deo,
2228 1721 2284 1766 et
2310 1726 2414 1766 non
2456 1710 2591 1765 estis
2625 1709 2836 1764 vestri?
2875 1709 3051 1780 Empti
3101 1710 3246 1764 enim
3295 1710 3429 1764 estis
3461 1710 3657 1778 pretio.

2063 1803 2376 1859 Glorilicate
2412 1803 2602 1870 Deum,
2643 1804 2736 1874 qui
2780 1813 2865 1860 est
2902 1805 2956 1858 in
3002 1801 3322 1872 corporibus
3369 1802 3589 1859 vestris.
3631 1818 3656 1855 ι

380 1908 504 1956 πον,
540 1891 667 1956 ἴσως
697 1892 792 1946 τοῦ
832 1893 1046 1964 Πατρὸς
1086 1893 1180 1947 καὶ
1211 1893 1306 1946 τοῦ
1355 1893 1512 1947 Υίοῦ.
1550 1893 1780 1966 Ὁμοίως
1811 1896 1869 1947 ὲν
1897 1895 1963 1966 τῇ

2069 1897 2358 1966 Postquam
2389 1895 2628 1950 ﬁdelium
2657 1911 2885 1967 corpora
2918 1896 3176 1965 templum
3209 1909 3330 1951 esse
3365 1894 3501 1949 dixit
3528 1893 3656 1964 Spi-

376 1986 515 2057 αύτῇ
543 1984 772 2057 δευτέρᾳ
799 1985 1088 2056 Ἐπιστολῇ
1110 2003 1124 2017 υ
1150 2005 1168 2037 ι
1185 1987 1348 2058 ’Ἀχρι
1376 1985 1487 2058 γὰρ
1507 1987 1606 2058 τῆς
1643 1989 1880 2059 σήμερον
1903 1989 1965 2041 τὸ

374 2077 507 2131 αὐτὸ
548 2077 810 2148 κάλυμμα
853 2079 946 2130 ἐπὶ
971 2080 1038 2149 τῇ
1071 2076 1381 2146 ἀναγνώσει
1425 2079 1524 2149 τῆς
1560 2078 1802 2142 Παλαιᾶς
1833 2081 1964 2132 Δια-

374 2169 549 2242 θήκης
589 2169 760 2240 μένει,
812 2169 887 2241 μὴ
942 2169 1464 2240 ἀνακαλυπτόμενον
1510 2171 1613 2240 (ὅτι
1645 2173 1702 2222 ὲν
1741 2170 1964 2243 Χριστῷ

373 2261 788 2331 καταργεῖται).
814 2260 983 2314 Ὀταν
1011 2260 1068 2313 δὲ
1095 2261 1403 2333 ἐπιστρέψῃ
1441 2261 1578 2332 πρὸς
1609 2261 1834 2332 Κύριον,
1866 2279 1965 2315 πε-

374 2355 668 2423 ριαιρεῖται
705 2352 765 2404 τὸ
805 2351 1090 2423 κάλυμμα.
1147 2352 1206 2404 Ὀ
1255 2352 1312 2405 δὲ
1360 2351 1567 2424 Κύριος
1623 2352 1683 2405 τὸ
1740 2353 1964 2424 Πνεῦμά

374 2447 556 2501 ἔστιν·
591 2441 652 2501 οὗ
696 2448 753 2501 δὲ
800 2448 861 2501 τὸ
906 2448 1134 2519 Πνεῦμα
1193 2448 1424 2520 Κυρίου,
1476 2453 1594 2503 ἐκεῖ
1652 2450 1958 2522 ἐλευθερία.

387 2538 576 2610 Ἡμεῖς
626 2539 682 2592 δὲ
729 2538 932 2602 πάντες
975 2539 1486 2612 ἀνακεκαλυμμένῳ
1532 2539 1812 2614 προσώπῳ
1863 2544 1962 2614 τὴν

375 2632 532 2696 δοξαν
580 2631 786 2702 Κυρίου
837 2633 1347 2702 κατοπτριζόμενοι,
1405 2632 1504 2704 τὴν
1556 2634 1728 2705 αὐτὴν
1778 2635 1962 2688 εἰκόνα

381 2721 876 2795 μεταμορφούμεθα
904 2722 1013 2775 ἀπὸ
1045 2721 1202 2794 δόξης
1235 2725 1315 2786 εἰς
1357 2723 1537 2787 δόξαν,
1575 2724 1827 2794 καθάπερ
1855 2725 1962 2778 ἀπὸ

376 2815 580 2887 Κυρίου
625 2813 959 2884 Πνεύματος.
985 2834 1003 2866 ι
1047 2815 1160 2868 Καὶ
1199 2815 1404 2885 Κύριον
1453 2817 1782 2880 τοσαυτάκις
1824 2817 1961 2870 ὠνό-

381 2925 547 2979 μασεν
570 2908 629 2962 τὸ
660 2907 884 2978 Πνεῦμα
912 2908 972 2961 τὸ
1003 2909 1182 2977 ἆγιον,
1210 2915 1306 2963 καὶ
1334 2909 1648 2981 ἐλευθερίαν
1681 2910 1960 2982 δωρούμε-

381 3019 486 3064 νον,
519 2995 598 3064 οἷς
636 3002 914 3071 ἐπιφαίνει
951 3001 1047 3054 καὶ
1091 3001 1250 3065 δόξαν
1297 3001 1420 3072 ἕχον
1465 3003 1522 3054 ἐν
1562 3002 1758 3073 ἐαυτῷ.
1809 3003 1871 3056 Ἠ
1905 3003 1962 3056 δὲ

385 3093 526 3145 πᾶσα
548 3092 643 3146 τοῦ
685 3092 982 3163 κεφαλαίου
1013 3091 1280 3164 ἑρμηνεία
1307 3093 1420 3162 ἕχει
1446 3086 1549 3146 ὧδε
1567 3110 1579 3122 ·
1611 3093 1692 3146 Τά
1719 3094 1818 3164 τῆς
1848 3094 1962 3145 Πα-

382 3187 550 3252 Antig,
600 3187 802 3256 φησιν,
851 3185 1131 3257 Διαθήκης
1191 3185 1458 3239 Ἰουδαῖκά
1509 3187 1960 3257 παρατηρήματα

381 3275 460 3329 ἔτι
492 3277 660 3349 μένει,
691 3276 765 3349 μὴ
788 3276 1279 3331 ἀποσκεπασθέντα
1307 3279 1402 3331 καὶ
1429 3276 1743 3345 γνωσθέντα
1777 3278 1959 3344 ἐνίοις,

379 3371 458 3425 ὃτι
487 3371 828 3442 κατήργηται
872 3369 930 3424 ὲν
962 3367 1204 3441 Χριστῷ,
1238 3368 1317 3440 τῷ
1347 3368 1585 3421 εἰπόντι·
1625 3387 1642 3418 ι
1669 3369 1782 3421 Οὐκ
1801 3364 1963 3438 ἦλθον

377 3462 677 3518 καταλῦσαι
715 3463 806 3515 τὸν
833 3462 1018 3532 νόμον,
1049 3461 1188 3515 ἀλλά
1225 3461 1547 3532 πληρῶσαι·
1577 3479 1595 3512 ι
1629 3460 1773 3513 τοῦτ’
1794 3460 1960 3526 ἔστιν,

377 3558 407 3628 ἢ
447 3556 675 3620 παῦσαι,
717 3556 750 3627 ἦ
786 3555 846 3608 τὸ
884 3554 1072 3607 λεῖπον
1115 3553 1533 3626 ἀναπληρῶσαι.
1574 3554 1741 3607 Ὅταν
1783 3553 1842 3606 δέ
1879 3570 1965 3618 τις

377 3649 675 3721 ἐπιστρέψῃ
701 3647 834 3719 πρὸς
859 3648 1088 3718 Κύριον,
1123 3647 1218 3701 καὶ
1252 3649 1494 3718 μεταστῇ
1522 3646 1630 3700 άπὸ
1668 3645 1762 3699 τοῦ
1791 3645 1963 3699 τύπου

377 3745 457 3806 εἰς
482 3742 582 3812 τὴν
620 3741 897 3813 ἀλήθειαν,
929 3740 1038 3793 ἀπὸ
1059 3738 1154 3792 τοῦ
1183 3739 1350 3811 νόμου
1382 3740 1461 3803 εἰς
1484 3738 1583 3811 τὴν
1609 3738 1791 3809 χάριν,
1823 3737 1966 3792 κατὰ

380 3837 458 3899 τὸ,
489 3853 510 3886 ι
538 3836 651 3888 Οὐκ
681 3834 804 3886 ἐστὲ
833 3834 938 3886 ὑπὸ
979 3833 1164 3904 νόμον,
1213 3833 1328 3887 ἀλλ’
1377 3832 1482 3885 ὑπὸ
1528 3832 1708 3904 χάριν,
1731 3851 1748 3882 ι
1791 3832 1965 3903 ἀττορ-

377 3930 561 4002 ῥιπτεῖ
592 3930 767 3980 ὲκείνο
796 3927 855 3980 τὸ
885 3925 1076 3996 ὥσπερ
1107 3923 1234 3997 [ltiti
1266 3924 1320 3996 α]
1389 3923 1768 3993 συγκαλύπτον
1800 3922 1962 3975 αὑτὸν

378 4022 644 4092 κάλυμμα
663 4038 676 4052 ο
708 4023 892 4091 ὅμοιον
920 4019 1089 4071 ποιῶν
1113 4019 1344 4089 Μωῦσῇ,
1376 4016 1770 4088 περιαιροῦντι,
1802 4015 1966 4087 ἡνίκα

381 4113 721 4183 διαλέγεσθαι
768 4111 985 4182 ⁴ᾒξιοῦτο
1026 4109 1106 4181 τῷ
1151 4112 1369 4182 ἀοράτῳ
1418 4108 1558 4178 Θεῷ,
1607 4107 1666 4160 τὸ
1699 4105 1966 4177 κάλυμμα

387 4207 478 4259 τοῦ
513 4207 798 4279 προσώπου
830 4205 1019 4269 αὐτοῦ,
1057 4205 1150 4258 τοῦ
1186 4207 1250 4257 ὲκ
1292 4204 1392 4274 τῆς
1425 4204 1614 4272 θεῖκῆς
1642 4199 1966 4271 ἐπιφανείας

383 4299 788 4372 δεδοξασμένον,
821 4301 916 4354 καὶ
948 4298 1325 4372 ἀμαυροῦντος
1357 4297 1513 4368 δίκην
1541 4295 1783 4368 ἡλιακῶν
1810 4294 1967 4351 ἀκτί-

382 4411 492 4447 νων
538 4395 659 4457 τοὺς
705 4393 1019 4464 ὀφθαλμοὺς
1061 4392 1169 4446 τῶν
1211 4391 1626 4454 ένατενιζόντων
1657 4387 1823 4458 αὐτῷ.
1862 4386 1966 4442 Τὸν

379 4488 439 4542 δὲ
490 4487 692 4560 Κύριον
741 4486 978 4541 ἐνταῦθα
1023 4487 1085 4540 τὸ
1137 4486 1292 4555 ἆγιον
1333 4482 1559 4554 Πνεῦμα
1604 4479 1742 4536 εἶναι
1784 4481 1961 4553 λέγει·

1990 3229 2034 3291 C

2071 1990 2207 2044 ritus
2249 1988 2460 2052 sancti,
2519 1989 2686 2043 Deum
2741 1989 3152 2058 gloriﬁcandum
3197 2001 3320 2043 esse
3379 1997 3563 2042 monet
3603 1989 3656 2041 in

2067 2080 2420 2148 corporibus;
2473 2080 2721 2135 videlicet
2760 2078 3021 2149 Spiritum
3081 2089 3355 2134 sanctum.
3400 2077 3658 2148 quuiens

2067 2187 2218 2236 vero,
2260 2171 2294 2225 ἀ
2337 2171 2443 2225 Deo
2504 2171 2650 2225 illum
2707 2187 2806 2227 nos
2854 2172 3077 2237 habere,
3115 2172 3292 2240 ipsum
3355 2172 3656 2226 secundum

2066 2276 2318 2320 naturam
2361 2264 2474 2338 (75)
2521 2281 2586 2320 ex
2624 2265 2732 2319 Deo
2779 2266 3079 2335 procedere
3107 2266 3284 2319 docet.
3316 2262 3371 2316 Id
3408 2267 3550 2334 quod
3589 2278 3657 2318 ex

2065 2375 2130 2412 eo
2160 2373 2347 2412 rursus
2374 2357 2753 2423 cunlirmatur,
2785 2359 2929 2426 quod
2975 2356 3231 2424 templum
3255 2357 3374 2426 ejus
3404 2356 3476 2411 sit
3497 2357 3660 2410 homo

2065 2451 2534 2520 a'qualiteratquc
2574 2448 2756 2503 Patris
2806 2460 2860 2502 et
2892 2447 3034 2502 Filii.
3081 2447 3137 2501 lu
3177 2449 3366 2504 eadem
3401 2447 3659 2503 similiter

2065 2547 2303 2599 secunda
2338 2544 2576 2615 Epistula
2613 2561 2627 2598 :
2660 2561 2678 2594 ι
2715 2542 2897 2612 Usque
2931 2543 3043 2607 (76)
3077 2543 3130 2596 iu
3165 2543 3485 2597 hodiernum
3510 2544 3658 2598 enim

2065 2638 2206 2690 diem
2249 2635 2390 2689 idem
2438 2635 2682 2688 velamen
2719 2635 2773 2688 in
2811 2635 3045 2688 lectione
3077 2633 3286 2688 Veteris
3325 2632 3657 2687 Testamenti

2065 2737 2247 2782 manet
2272 2741 2377 2782 nun
2408 2728 2709 2782 revelatum
2738 2726 3016 2796 (quoniam
3051 2722 3161 2797 (77)
3197 2725 3248 2777 in
3288 2724 3508 2779 Christo
3533 2740 3660 2778 eva-

2064 2822 2298 2890 cuatur).
2333 2818 2471 2873 Cum
2501 2827 2679 2872 autem
2712 2832 3010 2872 conversus
3051 2816 3214 2869 fuerit
3245 2816 3311 2868 ad
3345 2814 3656 2882 Dominum,

2065 2913 2310 2965 aufertur
2338 2905 2603 2966 velamen.
2637 2909 2899 2963 Dominus
2931 2916 3109 2962 autem
3144 2907 3384 2976 Spiritus
3411 2916 3492 2961 est
3520 2925 3534 2959 :
3565 2907 3658 2961 ubi

2061 3013 2240 3058 autem
2291 3002 2527 3071 Spiritus
2553 3000 2790 3065 Domini,
2819 3001 2889 3054 ibi
2924 2999 3166 3054 libertas.
3205 2999 3314 3054 Nos
3341 2998 3506 3069 230
3529 3013 3663 3054 vero

2063 3109 2257 3150 onmes
2291 3096 2526 3150 revelata
2553 3095 2690 3148 facie
2717 3094 2944 3164 gloriam
2975 3093 3188 3148 Domini
3216 3093 3580 3162 speculantes,
3603 3093 3657 3146 iu

2066 3188 2309 3244 eamdem
2333 3188 2622 3257 imaginem
2655 3186 3109 3241 transformamur
3127 3202 3155 3238 a
3171 3185 3342 3255 gloria
3357 3186 3407 3239 in
3426 3184 3657 3254 gloriam

2071 3276 2324 3349 tanquam
2380 3293 2411 3332 a
2471 3277 2685 3332 Domini
2739 3276 2967 3344 Spiritu.
3002 3295 3021 3328 ι
3073 3275 3340 3341 Observa,
3393 3277 3656 3346 Spiritum

2065 3381 2313 3428 sanctum
2349 3379 2404 3424 et
2433 3369 2720 3423 Dominum
2757 3369 2954 3438 szepins
2977 3369 3066 3422 hic
3103 3369 3309 3434 vocari,
3340 3377 3394 3422 et
3420 3368 3659 3435 largien-

2069 3475 2173 3518 tem
2213 3463 2520 3517 libertatem
2558 3462 2647 3527 iis,
2680 3461 2875 3531 quibus
2913 3461 3201 3526 illucescit,
3249 3471 3304 3514 ct
3357 3460 3651 3515 habentem

2066 3555 2296 3626 gloriam
2338 3554 2391 3608 in
2424 3553 2741 3620 semetipso.
2777 3551 2972 3606 Totius
3001 3562 3184 3606 autem
3221 3550 3444 3618 capituli
3483 3553 3655 3605 inter-

2065 3644 2300 3718 pretatio
2351 3644 2434 3699 sic
2496 3658 2556 3697 se
2619 3639 3122 3707 habet:Judaieae,
3181 3641 3378 3712 inquit,
3449 3640 3660 3698 Veteris

2065 3736 2401 3795 Testamenti
2456 3735 2866 3790 observationes
2914 3734 3092 3788 adhuc
3133 3742 3357 3788 manent
3403 3749 3510 3788 non
3571 3749 3658 3789 re-

2066 3843 2222 3888 tectae
2255 3829 2547 3894 nonnullis,
2577 3829 2670 3899 qui
2704 3845 2810 3883 non
2841 3840 3198 3899 cognoscunt,
3230 3843 3324 3884 eas
3344 3837 3656 3893 evacuatas,

2065 3929 2180 3983 sive
2231 3926 2520 3993 abrogatas
2567 3939 2688 3979 esse
2731 3924 2783 3976 in
2831 3922 3072 3988 Christo,
3108 3923 3199 3992 qui
3242 3921 3427 3978 dixit:
3472 3940 3492 3975 ι
3538 3921 3657 3977 Non

2066 4020 2189 4073 veni
2218 4017 2333 4090 (78)
2362 4017 2576 4072 solvere
2604 4017 2803 4086 legem,
2826 4017 2920 4070 sed
2941 4016 3187 4084 implere,
3215 4033 3235 4067 ι
3268 4014 3441 4080 idest,
3474 4024 3569 4070 aut
3603 4015 3655 4070 ei

2068 4109 2229 4163 ﬁdem
2276 4108 2575 4177 imponere,
2609 4117 2703 4158 aut
2755 4106 2900 4173 quod
2955 4107 3129 4171 deest,
3185 4105 3458 4175 supplere.
3518 4105 3655 4161 Cum

2065 4217 2196 4255 vero
2226 4201 2348 4269 quis
2378 4215 2672 4254 conversus
2695 4197 2859 4253 fuerit
2883 4199 2948 4252 ad
2983 4197 3291 4262 Dominum,
3310 4205 3366 4252 et
3399 4195 3658 4251 transmi-

2069 4304 2311 4362 gravent
2335 4309 2404 4348 ex
2442 4303 2568 4362 typo
2606 4292 2658 4346 in
2702 4291 3011 4356 veritatem,
3051 4306 3118 4345 ex
3160 4291 3277 4365 lege
3312 4290 3365 4343 in
3399 4291 3652 4360 gratiam,

2065 4385 2222 4457 juxta
2254 4385 2426 4439 illud!
2456 4402 2476 4436 ι
2512 4382 2630 4438 Non
2665 4385 2795 4439 estis
2819 4383 2930 4455 (79)
2968 4385 3069 4439 sub
3109 4383 3248 4451 lege,
3277 4383 3373 4438 sed
3399 4383 3497 4437 sub
3526 4397 3656 4453 gra-

2067 4479 2179 4546 tia;
2222 4496 2241 4530 ι
2289 4476 2420 4531 illud
2446 4475 2695 4531 velamen
2740 4474 2944 4544 abjicit,
2988 4476 3132 4543 quod
3159 4489 3286 4528 eum
3329 4473 3493 4528 veluti
3529 4473 3657 4528 abs-

379 4624 501 4678 tio:
531 4625 589 4676 ἐν
613 4623 773 4694 ἁγίῳ,
801 4623 852 4676 id
884 4632 967 4676 est
1003 4641 1022 4673 ‹
1056 4622 1107 4694 in
1138 4630 1358 4694 sancto.
1397 4638 1416 4671 ι
1483 4618 1795 4694 Symmachi
1847 4631 1970 4694 ver-
2001 4630 2046 4686 ι)
2077 4611 2589 4694 Sp._sancto,_.num.
2629 4611 2720 4675 24,
2757 4625 2820 4664 ac
2843 4617 3128 4694 postquam
3161 4611 3474 4694 primum'e
3492 4610 3656 4666 tertio

384 4699 597 4747 sionem
654 4689 739 4748 hic
787 4695 1035 4760 sequitur
1089 4693 1370 4762 Didymus,
1425 4689 1544 4758 quae
1607 4689 1861 4762 habebat,
1909 4690 1969 4741 ὲν

386 4766 585 4832 ἁγίοις.
621 4767 690 4817 At
723 4767 774 4818 in
804 4759 898 4817 lib.
933 4763 1009 4818 De
1038 4759 1414 4829 Spirfsaucto,
1445 4777 1596 4814 num.
1637 4759 1706 4813 24
1736 4761 1966 4830 legitur:

393 4855 414 4887 ι
445 4836 522 4889 Tu
554 4846 735 4889 antem
774 4836 827 4888 iu
858 4843 1048 4888 sancto
1077 4833 1312 4887 habitas.
1345 4852 1363 4886 ι

459 4906 568 4977 (72)
605 4903 874 4977 Temptant
909 4902 1232 4977 estaSimili
1273 4903 1435 4977 modo
1464 4902 1542 4977 in
1580 4901 1678 4977 lib.
1709 4901 1798 4977 De
1816 4899 1962 4971 Spir.

382 4973 588 5042 sancto,
622 4973 772 5032 nuni.
802 4976 874 5029 25
907 4993 920 5029 :
965 4991 983 5024 ι
1017 4975 1072 5029 Si
1106 4983 1288 5027 autem
1339 4975 1393 5027 in
1444 4975 1624 5033 domo,
1654 4973 1850 5039 inquit,
1911 4986 1966 5026 et

385 5049 586 5118 templo
635 5045 776 5118 feud.
826 5057 1028 5118 noster,
1064 5055 1131 5118 et
1185 5046 1237 5097 in
1270 5043 1518 5118 templo],
1571 5059 1680 5114 quo
1724 5043 1880 5118 Pater
1905 5053 1960 5095 et

388 5113 646 5173 Salvator
707 5117 999 5181 inhabitat,
1060 5115 1206 5168 illico
1270 5113 1549 5168 invenitur
1593 5113 1671 5167 et
1724 5113 1959 5181 Spiritus

382 5200 627 5254 sanctus,
651 5204 714 5241 ex
753 5193 854 5241 huc
894 5186 1121 5240 indivisa
1164 5185 1451 5240 Trinitatis
1493 5185 1823 5254 substantia
1863 5184 1958 5237 de-

385 5253 796 5314 monstratur...
834 5258 968 5312 Cum
995 5272 1125 5324 ergo
1156 5258 1392 5324 Spiritus
1421 5266 1666 5321 sanctus,
1705 5253 1961 5308 similiter

385 5340 446 5384 ut
487 5329 646 5384 Pater
674 5339 730 5382 et
756 5327 951 5388 Filius,
989 5335 1246 5392 mentem,
1294 5337 1351 5382 et
1402 5326 1718 5380 interiorem
1782 5327 1960 5378 hemi-

386 5416 513 5456 nem
541 5399 848 5455 inhabitare
877 5401 1160 5463 doceatur,
1196 5411 1300 5452 non
1333 5399 1509 5452 dicam
1556 5397 1823 5467 ineptum,
1865 5395 1961 5449 sed

385 5473 615 5540 impium
638 5480 734 5540 gest
766 5484 888 5524 eum
911 5470 1104 5540 dicere
1134 5479 1521 5540 creaturam.)

460 5536 576 5612 (75)
621 5539 866 5595 Secunda
901 5538 1161 5612 Epistola.
1214 5536 1436 5612 Locum
1458 5537 1631 5612 Pauli,
1665 5536 1756 5612 qui
1787 5542 1968 5590 exstat

386 5612 442 5669 in
471 5608 640 5682 prima
674 5615 738 5666 ad
767 5613 891 5664 Cor.
927 5625 1009 5674 ιιι,
1048 5609 1111 5662 16
1146 5619 1201 5663 et
1231 5608 1579 5682 717,__citavit
1629 5609 1788 5682 paulo
1843 5618 1969 5661 ante

385 5678 545 5754 quasi
579 5685 924 5754 desumptnm
953 5695 1019 5754 ea
1043 5681 1298 5733 secunda.
1335 5678 1488 5754 Nunc
1519 5695 1704 5733 rursus
1733 5679 1785 5731 in
1807 5695 1964 5732 eum-

389 5751 511 5807 deut
577 5754 825 5822 impingit
873 5751 1144 5822 lapidem:
1177 5766 1299 5822 nam
1342 5751 1461 5822 haec
1497 5765 1713 5822 quoque
1736 5757 1966 5822 exstant

391 5842 499 5878 tum
531 5824 585 5876 itt
615 5819 873 5883 secunda,
910 5825 1004 5874 scd
1043 5820 1092 5872 iu
1126 5821 1295 5887 prima
1329 5821 1394 5871 ad
1420 5819 1549 5874 Cor.
1584 5819 1656 5883 vt,
1694 5820 1761 5874 i9
1791 5831 1846 5872 et
1868 5819 1960 5872 ‘20.

394 5894 694 5964 Utrumque
731 5907 856 5950 vero
894 5893 1262 5947 testimonium
1294 5890 1447 5947 all'crt
1475 5893 1636 5946 etiam
1669 5896 1719 5946 in
1756 5892 1843 5946 lib.
1886 5889 1961 5943 De

2075 4681 2251 4753 capite
2281 4685 2481 4746 attulit,
2513 4699 2544 4738 e
2571 4696 2734 4753 sexto,
2769 4683 2948 4749 capite
3024 4683 3106 4753 sic
3174 4684 3329 4737 allert
3379 4681 3608 4736 alterum
3635 4699 3650 4735 :

2081 4776 2097 4806 ι
2135 4751 2195 4809 Et
2225 4769 2344 4825 post
2375 4773 2479 4808 non
2526 4755 2690 4825 multa
2717 4751 2938 4825 [rectius
2975 4752 3138 4825 codex
3182 4762 3493 4825 nosterset
3538 4760 3657 4819 post

2071 4821 2263 4897 multa]
2309 4827 2550 4895 ejusdem
2597 4821 2938 4897 Epistohezt
2971 4821 3224 4886 Nescitis,
3280 4824 3474 4891 inquit,
3526 4827 3656 4892 quia

2072 4893 2302 4966 Corpora
2328 4893 2789 4966 vestrateuiplum
2823 4893 3062 4966 Spigitus
3101 4897 3275 4966 sancti
3308 4905 3462 4959 sunt,
3489 4908 3656 4964 quem

2069 4963 2281 5020 habetis
2315 4984 2342 5019 ιι
2389 4965 2529 5019 Deo?
2552 4985 2571 5016 ι
2611 4963 2872 5019 Videnot.
2909 4963 2997 5026 7⁷5,
3041 4978 3161 5034 pag.
3189 4965 3278 5019 6‘2.

2141 5039 2187 5108 (1
2201 5037 2255 5107 4)
2289 5039 2523 5104 Corpora
2548 5046 2741 5089 vestra.
2767 5035 2953 5108 Graeca
2977 5033 3174 5108 editio:
3205 5035 3268 5087 τὸ
3290 5033 3449 5108 σῶμα
3476 5036 3656 5106 ὑμῶν,

2069 5111 2121 5164 id
2151 5104 2245 5163 est
2269 5127 2286 5159 ι
2319 5125 2516 5176 corpus
2547 5118 2805 5176 vestrum.
2839 5124 2857 5156 ι
2897 5104 2960 5158 Et
2986 5106 3145 5173 paulo
3182 5119 3300 5176 post
3325 5125 3339 5160 :
3369 5107 3460 5160 τὸν
3514 5104 3649 5160 Θεὸν
3722 5132 3728 5144 ·

2067 5182 2126 5234 ἐν
2179 5176 2260 5247 τῷ
2315 5175 2528 5248 σώματι
2561 5175 2738 5246 ὑμῶν,
2777 5178 2828 5231 id
2857 5187 2962 5240 est,
3026 5192 3045 5225 ι
3082 5175 3246 5232 Deum
3305 5178 3359 5230 in
3420 5193 3652 5248 corpore

2068 5262 2270 5305 vestro.
2308 5269 2327 5300 ι

2141 5319 2252 5391 (75)
2302 5317 2602 5391 Secundum
2651 5326 2922 5391 naturam.
2975 5318 3092 5374 Non
3150 5335 3244 5388 per
3296 5319 3652 5375 creationem.

2068 5389 2203 5447 Viue
2235 5389 2354 5444 not.
2390 5389 2480 5453 64,
2527 5403 2647 5458 pag.
2676 5390 2800 5442 212.

2147 5461 2260 5531 (76)
2293 5459 2482 5530 Usque.
2515 5460 2552 5512 ll
2583 5459 2711 5514 Cor.
2743 5477 2822 5525 ιιι,
2853 5461 3037 5517 14-18.

2146 5527 2261 5604 (77)
2291 5527 2575 5604 Quoniam.
2603 5531 2790 5604 Grazca
2816 5535 2984 5604 editio
3011 5549 3025 5586 :
3073 5531 3102 5584 ὃ
3123 5548 3197 5604 τι,
3231 5531 3280 5584 id
3306 5539 3388 5604 est
3417 5527 3602 5604 {quod
3630 5546 3651 5580 ι

2075 5601 2304 5670 scilicet,
2341 5622 2360 5652 ι
2389 5603 2652 5655 velamen.
2687 5620 2706 5653 ι
2741 5601 3080 5658 Versiculum
3112 5603 3180 5656 l5
3212 5601 3398 5654 omisit
3427 5601 3659 5653 fortasse

2075 5690 2182 5728 non
2223 5674 2499 5744 Didymus,
2534 5675 2630 5726 sed
2663 5673 2936 5744 librarius,
2991 5673 3150 5727 simili
3211 5685 3400 5723 vocum
3452 5683 3661 5740 καταρ-

2071 5747 2274 5813 γεῖται,
2301 5743 2355 5799 ει
2379 5747 2557 5796 κεῖται
2593 5743 2975 5813 terminatione
3002 5745 3279 5813 deceptus.

2143 5817 2256 5885 (78)
2296 5815 2420 5885 Non
2457 5815 2590 5885 veni.
2625 5812 2816 5885 Matth.
2850 5829 2902 5879 ν,
2937 5814 3025 5867 17.

2144 5883 2255 5958 (79)
2294 5884 2416 5942 Non
2447 5883 2586 5939 estis.
2619 5884 2774 5939 lium.
2810 5899 2885 5950 Vl,
2915 5885 3004 5939 M.
