  <div class='ocr_page' id='page_1' title='image "/cluster/home/n/w/nwhite01/storage/ocr_20150623/39/coo.31924054869361/327.png"; bbox 0 0 4054 6416; ppageno 0'>
   <div class='ocr_carea' id='block_1_1' title="bbox 411 353 514 411">
    <p class='ocr_par' dir='ltr' id='par_1_1' title="bbox 411 353 514 411">
     <span class='ocr_line' id='line_1_1' title="bbox 411 353 514 411; baseline 0.01 -1"><span class='ocrx_word' id='word_1_1' title='bbox 411 353 514 411; x_wconf 79' lang='grc'><strong>659</strong></span> 
     </span>
    </p>
   </div>
   <div class='ocr_carea' id='block_1_2' title="bbox 1657 351 2408 410">
    <p class='ocr_par' dir='ltr' id='par_1_2' title="bbox 1657 351 2408 410">
     <span class='ocr_line' id='line_1_2' title="bbox 1657 351 2408 410; baseline 0.001 -2"><span class='ocrx_word' id='word_1_2' title='bbox 1657 351 1890 408; x_wconf 76' lang='lat' dir='ltr'><strong>DIDYMI</strong></span> <span class='ocrx_word' id='word_1_3' title='bbox 1928 353 2408 410; x_wconf 77' lang='lat' dir='ltr'><strong>ALEXANDRINI</strong></span> 
     </span>
    </p>
   </div>
   <div class='ocr_carea' id='block_1_3' title="bbox 3578 358 3684 414">
    <p class='ocr_par' dir='ltr' id='par_1_3' title="bbox 3578 358 3684 414">
     <span class='ocr_line' id='line_1_3' title="bbox 3578 358 3684 414; baseline 0 0"><span class='ocrx_word' id='word_1_4' title='bbox 3578 358 3684 414; x_wconf 80' lang='grc' dir='ltr'><strong>6ιο</strong></span> 
     </span>
    </p>
   </div>
   <div class='ocr_carea' id='block_1_4' title="bbox 408 467 2011 545">
    <p class='ocr_par' dir='ltr' id='par_1_4' title="bbox 408 469 2000 544">
     <span class='ocr_line' id='line_1_4' title="bbox 408 469 2000 544; baseline 0.001 -20"><span class='ocrx_word' id='word_1_5' title='bbox 408 469 626 535; x_wconf 89' lang='lat' dir='ltr'><strong>condit;</strong></span> <span class='ocrx_word' id='word_1_6' title='bbox 659 469 911 540; x_wconf 84' lang='lat' dir='ltr'><strong>idemque</strong></span> <span class='ocrx_word' id='word_1_7' title='bbox 953 470 1106 540; x_wconf 85' lang='lat' dir='ltr'><strong>facit,</strong></span> <span class='ocrx_word' id='word_1_8' title='bbox 1133 487 1198 530; x_wconf 90' lang='lat' dir='ltr'><strong>ac</strong></span> <span class='ocrx_word' id='word_1_9' title='bbox 1224 471 1404 528; x_wconf 80' lang='lat' dir='ltr'><strong>Moses</strong></span> <span class='ocrx_word' id='word_1_10' title='bbox 1433 469 1568 544; x_wconf 87' lang='lat'><strong>(80),</strong></span> <span class='ocrx_word' id='word_1_11' title='bbox 1599 472 1715 542; x_wconf 86' lang='lat' dir='ltr'><strong>qui,</strong></span> <span class='ocrx_word' id='word_1_12' title='bbox 1751 489 1876 528; x_wconf 91' lang='lat' dir='ltr'><strong>cum</strong></span> <span class='ocrx_word' id='word_1_13' title='bbox 1914 473 2000 527; x_wconf 87' lang='lat' dir='ltr'><strong>in-</strong></span> 
     </span>
    </p>
   </div>
   <div class='ocr_carea' id='block_1_5' title="bbox 2115 467 3693 545">
    <p class='ocr_par' dir='ltr' id='par_1_5' title="bbox 2115 467 3693 545">
     <span class='ocr_line' id='line_1_5' title="bbox 2115 467 3693 545; baseline 0.001 -17"><span class='ocrx_word' id='word_1_14' title='bbox 2115 475 2233 544; x_wconf 73' lang='grc' dir='ltr'>παρ’</span> <span class='ocrx_word' id='word_1_15' title='bbox 2261 467 2325 526; x_wconf 75' lang='grc' dir='ltr'><strong>οῦ</strong></span> <span class='ocrx_word' id='word_1_16' title='bbox 2356 474 2458 545; x_wconf 84' lang='grc' dir='ltr'>τὴν</span> <span class='ocrx_word' id='word_1_17' title='bbox 2501 472 2836 545; x_wconf 76' lang='grc' dir='ltr'><strong>ἐλευθερίαν,</strong></span> <span class='ocrx_word' id='word_1_18' title='bbox 2869 473 2920 526; x_wconf 87' lang='lat' dir='ltr'><strong>oi.</strong></span> <span class='ocrx_word' id='word_1_19' title='bbox 2958 470 3084 535; x_wconf 86' lang='grc' dir='ltr'>ναὸς</span> <span class='ocrx_word' id='word_1_20' title='bbox 3126 471 3278 532; x_wconf 72' lang='grc' dir='ltr'>ὄντες</span> <span class='ocrx_word' id='word_1_21' title='bbox 3318 469 3509 536; x_wconf 83' lang='grc' dir='ltr'>αὐτοῦ,</span> <span class='ocrx_word' id='word_1_22' title='bbox 3539 473 3693 545; x_wconf 83' lang='grc' dir='ltr'>δεχό·</span> 
     </span>
    </p>
   </div>
   <div class='ocr_carea' id='block_1_6' title="bbox 407 561 1998 634">
    <p class='ocr_par' dir='ltr' id='par_1_6' title="bbox 407 561 1998 634">
     <span class='ocr_line' id='line_1_6' title="bbox 407 561 1998 634; baseline 0.003 -21"><span class='ocrx_word' id='word_1_23' title='bbox 407 561 678 615; x_wconf 83' lang='lat' dir='ltr'><strong>visibilem</strong></span> <span class='ocrx_word' id='word_1_24' title='bbox 711 562 879 616; x_wconf 88' lang='lat' dir='ltr'><strong>Deum</strong></span> <span class='ocrx_word' id='word_1_25' title='bbox 907 562 1104 630; x_wconf 78' lang='lat' dir='ltr'><strong>alloqui</strong></span> <span class='ocrx_word' id='word_1_26' title='bbox 1147 565 1342 634; x_wconf 86' lang='lat' dir='ltr'><strong>dignus</strong></span> <span class='ocrx_word' id='word_1_27' title='bbox 1377 563 1564 628; x_wconf 82' lang='lat' dir='ltr'><strong>ﬂebat,</strong></span> <span class='ocrx_word' id='word_1_28' title='bbox 1596 564 1880 618; x_wconf 91' lang='lat' dir='ltr'><strong>auferebat</strong></span> <span class='ocrx_word' id='word_1_29' title='bbox 1902 579 1998 617; x_wconf 79' lang='lat' dir='ltr'><strong>ve-</strong></span> 
     </span>
    </p>
   </div>
   <div class='ocr_carea' id='block_1_7' title="bbox 408 652 1995 727">
    <p class='ocr_par' dir='ltr' id='par_1_7' title="bbox 408 652 1995 727">
     <span class='ocr_line' id='line_1_7' title="bbox 408 652 1995 727; baseline 0.003 -21"><span class='ocrx_word' id='word_1_30' title='bbox 408 652 588 708; x_wconf 85' lang='lat' dir='ltr'><strong>lamen</strong></span> <span class='ocrx_word' id='word_1_31' title='bbox 621 653 800 709; x_wconf 78' lang='lat' dir='ltr'><strong>vultus</strong></span> <span class='ocrx_word' id='word_1_32' title='bbox 833 656 915 711; x_wconf 89' lang='lat' dir='ltr'><strong>sui</strong></span> <span class='ocrx_word' id='word_1_33' title='bbox 964 656 1074 727; x_wconf 86' lang='lat'><strong>(8|)</strong></span> <span class='ocrx_word' id='word_1_34' title='bbox 1103 672 1168 710; x_wconf 78' lang='lat' dir='ltr'><strong>ex</strong></span> <span class='ocrx_word' id='word_1_35' title='bbox 1201 658 1380 711; x_wconf 86' lang='lat' dir='ltr'><strong>divina</strong></span> <span class='ocrx_word' id='word_1_36' title='bbox 1407 656 1748 726; x_wconf 86' lang='lat' dir='ltr'><strong>apparitione</strong></span> <span class='ocrx_word' id='word_1_37' title='bbox 1785 657 1995 725; x_wconf 85' lang='lat' dir='ltr'><strong>glorifi-</strong></span> 
     </span>
    </p>
   </div>
   <div class='ocr_carea' id='block_1_8' title="bbox 409 745 2001 820">
    <p class='ocr_par' dir='ltr' id='par_1_8' title="bbox 409 745 2001 820">
     <span class='ocr_line' id='line_1_8' title="bbox 409 745 2001 820; baseline 0.004 -24"><span class='ocrx_word' id='word_1_38' title='bbox 409 745 519 798; x_wconf 86' lang='lat' dir='ltr'><strong>cati</strong></span> <span class='ocrx_word' id='word_1_39' title='bbox 553 745 688 818; x_wconf 72' lang='grc'><strong>(82),</strong></span> <span class='ocrx_word' id='word_1_40' title='bbox 720 756 885 814; x_wconf 92' lang='lat' dir='ltr'><strong>atque</strong></span> <span class='ocrx_word' id='word_1_41' title='bbox 919 748 1131 802; x_wconf 90' lang='lat' dir='ltr'><strong>illorum</strong></span> <span class='ocrx_word' id='word_1_42' title='bbox 1167 750 1375 814; x_wconf 87' lang='lat' dir='ltr'><strong>oculos,</strong></span> <span class='ocrx_word' id='word_1_43' title='bbox 1403 750 1494 820; x_wconf 91' lang='lat' dir='ltr'><strong>qui</strong></span> <span class='ocrx_word' id='word_1_44' title='bbox 1522 750 1772 805; x_wconf 86' lang='lat' dir='ltr'><strong>obtutum</strong></span> <span class='ocrx_word' id='word_1_45' title='bbox 1798 749 1850 802; x_wconf 93' lang='lat' dir='ltr'><strong>in</strong></span> <span class='ocrx_word' id='word_1_46' title='bbox 1884 749 2001 817; x_wconf 90' lang='lat' dir='ltr'><strong>ipso</strong></span> 
     </span>
    </p>
   </div>
   <div class='ocr_carea' id='block_1_9' title="bbox 411 836 2002 909">
    <p class='ocr_par' dir='ltr' id='par_1_9' title="bbox 411 836 2002 909">
     <span class='ocr_line' id='line_1_9' title="bbox 411 836 2002 909; baseline 0.003 -19"><span class='ocrx_word' id='word_1_47' title='bbox 411 836 661 907; x_wconf 84' lang='lat' dir='ltr'><strong>figerent,</strong></span> <span class='ocrx_word' id='word_1_48' title='bbox 710 839 970 894; x_wconf 88' lang='lat' dir='ltr'><strong>solarium</strong></span> <span class='ocrx_word' id='word_1_49' title='bbox 1027 841 1304 895; x_wconf 84' lang='lat' dir='ltr'><strong>radiorum</strong></span> <span class='ocrx_word' id='word_1_50' title='bbox 1338 840 1531 904; x_wconf 88' lang='lat' dir='ltr'><strong>instar,</strong></span> <span class='ocrx_word' id='word_1_51' title='bbox 1584 839 2002 909; x_wconf 75' lang='lat' dir='ltr'><strong>perstringentis</strong></span> 
     </span>
    </p>
   </div>
   <div class='ocr_carea' id='block_1_10' title="bbox 413 928 2002 998">
    <p class='ocr_par' dir='ltr' id='par_1_10' title="bbox 413 928 2002 998">
     <span class='ocr_line' id='line_1_10' title="bbox 413 928 2002 998; baseline 0.003 -20"><span class='ocrx_word' id='word_1_52' title='bbox 413 937 577 996; x_wconf 86' lang='lat' dir='ltr'><strong>atque</strong></span> <span class='ocrx_word' id='word_1_53' title='bbox 610 930 936 984; x_wconf 86' lang='lat' dir='ltr'><strong>hebetanlis.</strong></span> <span class='ocrx_word' id='word_1_54' title='bbox 966 929 1254 984; x_wconf 87' lang='lat' dir='ltr'><strong>Domitunn</strong></span> <span class='ocrx_word' id='word_1_55' title='bbox 1283 941 1465 985; x_wconf 89' lang='lat' dir='ltr'><strong>autem</strong></span> <span class='ocrx_word' id='word_1_56' title='bbox 1498 931 1600 986; x_wconf 89' lang='lat' dir='ltr'><strong>hoc</strong></span> <span class='ocrx_word' id='word_1_57' title='bbox 1632 931 1684 984; x_wconf 93' lang='lat' dir='ltr'><strong>in</strong></span> <span class='ocrx_word' id='word_1_58' title='bbox 1714 930 1834 984; x_wconf 92' lang='lat' dir='ltr'><strong>loco</strong></span> <span class='ocrx_word' id='word_1_59' title='bbox 1879 928 2002 998; x_wconf 89' lang='lat' dir='ltr'><strong>Spi-</strong></span> 
     </span>
    </p>
   </div>
   <div class='ocr_carea' id='block_1_11' title="bbox 417 1020 2002 1092">
    <p class='ocr_par' dir='ltr' id='par_1_11' title="bbox 417 1020 2002 1092">
     <span class='ocr_line' id='line_1_11' title="bbox 417 1020 2002 1092; baseline 0.002 -20"><span class='ocrx_word' id='word_1_60' title='bbox 417 1021 578 1073; x_wconf 84' lang='lat' dir='ltr'><strong>ritum</strong></span> <span class='ocrx_word' id='word_1_61' title='bbox 620 1033 867 1075; x_wconf 87' lang='lat' dir='ltr'><strong>sanctum</strong></span> <span class='ocrx_word' id='word_1_62' title='bbox 914 1037 1035 1076; x_wconf 88' lang='lat' dir='ltr'><strong>esse</strong></span> <span class='ocrx_word' id='word_1_63' title='bbox 1087 1023 1218 1076; x_wconf 80' lang='lat' dir='ltr'><strong>dicit</strong></span> <span class='ocrx_word' id='word_1_64' title='bbox 1273 1041 1286 1076; x_wconf 87' lang='lat'><strong>:</strong></span> <span class='ocrx_word' id='word_1_65' title='bbox 1331 1038 1360 1075; x_wconf 87' lang='lat' dir='ltr'><strong>a</strong></span> <span class='ocrx_word' id='word_1_66' title='bbox 1406 1038 1514 1091; x_wconf 92' lang='lat' dir='ltr'><strong>quo</strong></span> <span class='ocrx_word' id='word_1_67' title='bbox 1566 1038 1684 1087; x_wconf 90' lang='lat' dir='ltr'><strong>nos,</strong></span> <span class='ocrx_word' id='word_1_68' title='bbox 1738 1023 1829 1092; x_wconf 87' lang='lat' dir='ltr'><strong>qui</strong></span> <span class='ocrx_word' id='word_1_69' title='bbox 1882 1020 2002 1089; x_wconf 88' lang='lat' dir='ltr'><strong>ejus</strong></span> 
     </span>
    </p>
   </div>
   <div class='ocr_carea' id='block_1_12' title="bbox 417 1112 2001 1182">
    <p class='ocr_par' dir='ltr' id='par_1_12' title="bbox 417 1112 2001 1182">
     <span class='ocr_line' id='line_1_12' title="bbox 417 1112 2001 1182; baseline 0.003 -19"><span class='ocrx_word' id='word_1_70' title='bbox 417 1119 670 1178; x_wconf 78' lang='lat' dir='ltr'><strong>templum</strong></span> <span class='ocrx_word' id='word_1_71' title='bbox 732 1129 940 1176; x_wconf 87' lang='lat' dir='ltr'><strong>sumus,</strong></span> <span class='ocrx_word' id='word_1_72' title='bbox 994 1112 1298 1166; x_wconf 87' lang='lat' dir='ltr'><strong>libertatem</strong></span> <span class='ocrx_word' id='word_1_73' title='bbox 1363 1114 1727 1182; x_wconf 85' lang='lat' dir='ltr'><strong>accipientes,</strong></span> <span class='ocrx_word' id='word_1_74' title='bbox 1769 1113 2001 1168; x_wconf 80' lang='lat' dir='ltr'><strong>revelata</strong></span> 
     </span>
    </p>
   </div>
   <div class='ocr_carea' id='block_1_13' title="bbox 412 1204 2002 1275">
    <p class='ocr_par' dir='ltr' id='par_1_13' title="bbox 412 1204 2002 1275">
     <span class='ocr_line' id='line_1_13' title="bbox 412 1204 2002 1275; baseline 0.001 -20"><span class='ocrx_word' id='word_1_75' title='bbox 412 1204 522 1272; x_wconf 87' lang='lat' dir='ltr'><strong>jam</strong></span> <span class='ocrx_word' id='word_1_76' title='bbox 564 1204 733 1268; x_wconf 77' lang='lat' dir='ltr'><strong>facie,</strong></span> <span class='ocrx_word' id='word_1_77' title='bbox 796 1220 896 1259; x_wconf 92' lang='lat' dir='ltr'><strong>nec</strong></span> <span class='ocrx_word' id='word_1_78' title='bbox 949 1206 1223 1260; x_wconf 82' lang='lat' dir='ltr'><strong>servitutis</strong></span> <span class='ocrx_word' id='word_1_79' title='bbox 1271 1205 1399 1275; x_wconf 79' lang='lat' dir='ltr'><strong>jngo</strong></span> <span class='ocrx_word' id='word_1_80' title='bbox 1466 1206 1696 1274; x_wconf 82' lang='lat' dir='ltr'><strong>amplius</strong></span> <span class='ocrx_word' id='word_1_81' title='bbox 1754 1221 2002 1260; x_wconf 88' lang='lat' dir='ltr'><strong>succum-</strong></span> 
     </span>
    </p>
   </div>
   <div class='ocr_carea' id='block_1_14' title="bbox 416 1295 2003 1366">
    <p class='ocr_par' dir='ltr' id='par_1_14' title="bbox 416 1295 2003 1366">
     <span class='ocr_line' id='line_1_14' title="bbox 416 1295 2003 1366; baseline 0.001 -19"><span class='ocrx_word' id='word_1_82' title='bbox 416 1296 628 1358; x_wconf 73' lang='lat' dir='ltr'><strong>lientes,</strong></span> <span class='ocrx_word' id='word_1_83' title='bbox 662 1295 885 1364; x_wconf 77' lang='lat' dir='ltr'><strong>gloriam</strong></span> <span class='ocrx_word' id='word_1_84' title='bbox 920 1296 1128 1349; x_wconf 89' lang='lat' dir='ltr'><strong>Domini</strong></span> <span class='ocrx_word' id='word_1_85' title='bbox 1158 1297 1208 1348; x_wconf 91' lang='lat' dir='ltr'><strong>in</strong></span> <span class='ocrx_word' id='word_1_86' title='bbox 1238 1297 1392 1350; x_wconf 88' lang='lat' dir='ltr'><strong>nobis</strong></span> <span class='ocrx_word' id='word_1_87' title='bbox 1421 1296 1719 1352; x_wconf 83' lang='lat' dir='ltr'><strong>habitantis</strong></span> <span class='ocrx_word' id='word_1_88' title='bbox 1749 1297 2003 1366; x_wconf 80' lang='lat' dir='ltr'><strong>specula-</strong></span> 
     </span>
    </p>
   </div>
   <div class='ocr_carea' id='block_1_15' title="bbox 418 1385 2000 1458">
    <p class='ocr_par' dir='ltr' id='par_1_15' title="bbox 418 1385 2000 1458">
     <span class='ocr_line' id='line_1_15' title="bbox 418 1385 2000 1458; baseline 0.004 -21"><span class='ocrx_word' id='word_1_89' title='bbox 418 1401 539 1438; x_wconf 85' lang='lat' dir='ltr'><strong>mur</strong></span> <span class='ocrx_word' id='word_1_90' title='bbox 561 1402 626 1440; x_wconf 81' lang='lat' dir='ltr'><strong>ex</strong></span> <span class='ocrx_word' id='word_1_91' title='bbox 657 1385 829 1454; x_wconf 81' lang='lat' dir='ltr'><strong>gloria</strong></span> <span class='ocrx_word' id='word_1_92' title='bbox 863 1386 1096 1454; x_wconf 82' lang='lat' dir='ltr'><strong>Spiritus</strong></span> <span class='ocrx_word' id='word_1_93' title='bbox 1124 1387 1176 1439; x_wconf 93' lang='lat' dir='ltr'><strong>in</strong></span> <span class='ocrx_word' id='word_1_94' title='bbox 1211 1387 1436 1458; x_wconf 80' lang='lat' dir='ltr'><strong>gloriam</strong></span> <span class='ocrx_word' id='word_1_95' title='bbox 1478 1388 1654 1444; x_wconf 86' lang='lat' dir='ltr'><strong>Patris</strong></span> <span class='ocrx_word' id='word_1_96' title='bbox 1703 1393 2000 1444; x_wconf 79' lang='lat' dir='ltr'><strong>venientes.</strong></span> 
     </span>
    </p>
   </div>
   <div class='ocr_carea' id='block_1_16' title="bbox 422 1465 2003 1547">
    <p class='ocr_par' dir='ltr' id='par_1_16' title="bbox 422 1465 2003 1547">
     <span class='ocr_line' id='line_1_16' title="bbox 422 1465 2003 1547; baseline 0 -15"><span class='ocrx_word' id='word_1_97' title='bbox 422 1477 532 1532; x_wconf 89' lang='lat' dir='ltr'><strong>Sed</strong></span> <span class='ocrx_word' id='word_1_98' title='bbox 582 1465 988 1547; x_wconf 82' lang='lat' dir='ltr'><strong>progrediantur</strong></span> <span class='ocrx_word' id='word_1_99' title='bbox 1051 1479 1117 1532; x_wconf 88' lang='lat' dir='ltr'><strong>ad</strong></span> <span class='ocrx_word' id='word_1_100' title='bbox 1167 1481 1472 1547; x_wconf 85' lang='lat' dir='ltr'><strong>sequentia.</strong></span> <span class='ocrx_word' id='word_1_101' title='bbox 1507 1496 1527 1530; x_wconf 76' lang='grc' dir='ltr'><strong>ι</strong></span> <span class='ocrx_word' id='word_1_102' title='bbox 1569 1480 1627 1534; x_wconf 88' lang='lat' dir='ltr'><strong>Si</strong></span> <span class='ocrx_word' id='word_1_103' title='bbox 1667 1496 1878 1543; x_wconf 88' lang='lat' dir='ltr'><strong>omnes,</strong></span> <span class='ocrx_word' id='word_1_104' title='bbox 1922 1481 2003 1533; x_wconf 84' lang='lat' dir='ltr'><strong>in-</strong></span> 
     </span>
    </p>
   </div>
   <div class='ocr_carea' id='block_1_17' title="bbox 417 1570 2005 1642">
    <p class='ocr_par' dir='ltr' id='par_1_17' title="bbox 417 1570 2005 1642">
     <span class='ocr_line' id='line_1_17' title="bbox 417 1570 2005 1642; baseline 0.003 -19"><span class='ocrx_word' id='word_1_105' title='bbox 417 1571 534 1640; x_wconf 87' lang='lat' dir='ltr'><strong>quit</strong></span> <span class='ocrx_word' id='word_1_106' title='bbox 560 1570 697 1641; x_wconf 77' lang='grc'><strong>(85),</strong></span> <span class='ocrx_word' id='word_1_107' title='bbox 725 1572 1073 1641; x_wconf 89' lang='lat' dir='ltr'><strong>prophetent,</strong></span> <span class='ocrx_word' id='word_1_108' title='bbox 1100 1571 1263 1626; x_wconf 92' lang='lat' dir='ltr'><strong>intret</strong></span> <span class='ocrx_word' id='word_1_109' title='bbox 1293 1581 1472 1626; x_wconf 90' lang='lat' dir='ltr'><strong>autem</strong></span> <span class='ocrx_word' id='word_1_110' title='bbox 1497 1574 1620 1642; x_wconf 89' lang='lat' dir='ltr'><strong>quis</strong></span> <span class='ocrx_word' id='word_1_111' title='bbox 1645 1573 1904 1638; x_wconf 74' lang='lat' dir='ltr'><strong>infidelis,</strong></span> <span class='ocrx_word' id='word_1_112' title='bbox 1923 1573 2005 1627; x_wconf 81' lang='lat' dir='ltr'><strong>vel</strong></span> 
     </span>
    </p>
   </div>
   <div class='ocr_carea' id='block_1_18' title="bbox 418 1663 2004 1734">
    <p class='ocr_par' dir='ltr' id='par_1_18' title="bbox 418 1663 2004 1734">
     <span class='ocr_line' id='line_1_18' title="bbox 418 1663 2004 1734; baseline 0.001 -17"><span class='ocrx_word' id='word_1_113' title='bbox 418 1663 606 1728; x_wconf 88' lang='lat' dir='ltr'><strong>idiota,</strong></span> <span class='ocrx_word' id='word_1_114' title='bbox 631 1664 970 1718; x_wconf 89' lang='lat' dir='ltr'><strong>convincitur</strong></span> <span class='ocrx_word' id='word_1_115' title='bbox 991 1665 1058 1718; x_wconf 91' lang='lat' dir='ltr'><strong>ab</strong></span> <span class='ocrx_word' id='word_1_116' title='bbox 1089 1664 1708 1734; x_wconf 86' lang='lat' dir='ltr'><strong>omnibus,dijndicatur</strong></span> <span class='ocrx_word' id='word_1_117' title='bbox 1735 1666 1802 1718; x_wconf 90' lang='lat' dir='ltr'><strong>ab</strong></span> <span class='ocrx_word' id='word_1_118' title='bbox 1831 1667 2004 1720; x_wconf 84' lang='lat' dir='ltr'><strong>omni-</strong></span> 
     </span>
    </p>
   </div>
   <div class='ocr_carea' id='block_1_19' title="bbox 417 1755 2003 1827">
    <p class='ocr_par' dir='ltr' id='par_1_19' title="bbox 417 1755 2003 1827">
     <span class='ocr_line' id='line_1_19' title="bbox 417 1755 2003 1827; baseline 0.002 -18"><span class='ocrx_word' id='word_1_119' title='bbox 417 1755 518 1810; x_wconf 83' lang='lat' dir='ltr'><strong>bus</strong></span> <span class='ocrx_word' id='word_1_120' title='bbox 540 1756 650 1827; x_wconf 72' lang='grc'><strong>(84)</strong></span> <span class='ocrx_word' id='word_1_121' title='bbox 676 1775 689 1811; x_wconf 91' lang='lat'>:</span> <span class='ocrx_word' id='word_1_122' title='bbox 721 1756 933 1811; x_wconf 68' lang='lat' dir='ltr'><strong>occulta</strong></span> <span class='ocrx_word' id='word_1_123' title='bbox 961 1757 1145 1813; x_wconf 88' lang='lat' dir='ltr'><strong>cordis</strong></span> <span class='ocrx_word' id='word_1_124' title='bbox 1171 1758 1289 1827; x_wconf 80' lang='lat' dir='ltr'><strong>ejus</strong></span> <span class='ocrx_word' id='word_1_125' title='bbox 1335 1757 1622 1812; x_wconf 88' lang='lat' dir='ltr'><strong>manifesta</strong></span> <span class='ocrx_word' id='word_1_126' title='bbox 1653 1758 1786 1812; x_wconf 87' lang='lat' dir='ltr'><strong>fiunt</strong></span> <span class='ocrx_word' id='word_1_127' title='bbox 1811 1775 1825 1812; x_wconf 89' lang='lat'><strong>:</strong></span> <span class='ocrx_word' id='word_1_128' title='bbox 1847 1769 1900 1812; x_wconf 89' lang='lat' dir='ltr'><strong>et</strong></span> <span class='ocrx_word' id='word_1_129' title='bbox 1931 1758 2003 1812; x_wconf 89' lang='lat' dir='ltr'><strong>ita</strong></span> 
     </span>
    </p>
   </div>
   <div class='ocr_carea' id='block_1_20' title="bbox 2105 561 3692 638">
    <p class='ocr_par' dir='ltr' id='par_1_20' title="bbox 2105 561 3692 638">
     <span class='ocr_line' id='line_1_20' title="bbox 2105 561 3692 638; baseline -0.001 -20"><span class='ocrx_word' id='word_1_130' title='bbox 2105 581 2278 635; x_wconf 86' lang='grc' dir='ltr'>μενοι,</span> <span class='ocrx_word' id='word_1_131' title='bbox 2326 563 2836 634; x_wconf 80' lang='grc' dir='ltr'><strong>ἀνακεκαλυμμένῳ</strong></span> <span class='ocrx_word' id='word_1_132' title='bbox 2886 561 3190 635; x_wconf 86' lang='grc' dir='ltr'>προσώπῳ,</span> <span class='ocrx_word' id='word_1_133' title='bbox 3243 563 3335 616; x_wconf 76' lang='grc' dir='ltr'>καὶ</span> <span class='ocrx_word' id='word_1_134' title='bbox 3365 563 3466 616; x_wconf 78' lang='grc' dir='ltr'>οὐκ</span> <span class='ocrx_word' id='word_1_135' title='bbox 3499 565 3580 616; x_wconf 77' lang='grc' dir='ltr'>ἔτι</span> <span class='ocrx_word' id='word_1_136' title='bbox 3610 564 3692 638; x_wconf 79' lang='grc' dir='ltr'>τῷ</span> 
     </span>
    </p>
   </div>
   <div class='ocr_carea' id='block_1_21' title="bbox 2103 654 3691 726">
    <p class='ocr_par' dir='ltr' id='par_1_21' title="bbox 2103 654 3691 726">
     <span class='ocr_line' id='line_1_21' title="bbox 2103 654 3691 726; baseline 0.001 -18"><span class='ocrx_word' id='word_1_137' title='bbox 2103 654 2254 726; x_wconf 80' lang='grc' dir='ltr'><strong>ζυγῷ</strong></span> <span class='ocrx_word' id='word_1_138' title='bbox 2285 655 2383 726; x_wconf 81' lang='grc' dir='ltr'>τῆς</span> <span class='ocrx_word' id='word_1_139' title='bbox 2409 655 2656 718; x_wconf 82' lang='grc' dir='ltr'><strong>δουλείας</strong></span> <span class='ocrx_word' id='word_1_140' title='bbox 2689 654 3110 723; x_wconf 76' lang='grc' dir='ltr'>ύποκεκυφότες,</span> <span class='ocrx_word' id='word_1_141' title='bbox 3137 654 3236 726; x_wconf 73' lang='grc' dir='ltr'>τὴν</span> <span class='ocrx_word' id='word_1_142' title='bbox 3265 654 3422 721; x_wconf 80' lang='grc' dir='ltr'>δόξαν</span> <span class='ocrx_word' id='word_1_143' title='bbox 3448 655 3545 708; x_wconf 90' lang='grc' dir='ltr'><strong>τοῦ</strong></span> <span class='ocrx_word' id='word_1_144' title='bbox 3583 655 3691 709; x_wconf 79' lang='grc' dir='ltr'>Κυ-</span> 
     </span>
    </p>
   </div>
   <div class='ocr_carea' id='block_1_22' title="bbox 2104 743 3691 818">
    <p class='ocr_par' dir='ltr' id='par_1_22' title="bbox 2104 743 3691 818">
     <span class='ocr_line' id='line_1_22' title="bbox 2104 743 3691 818; baseline 0.001 -20"><span class='ocrx_word' id='word_1_145' title='bbox 2104 747 2246 818; x_wconf 87' lang='grc' dir='ltr'>ρίου,</span> <span class='ocrx_word' id='word_1_146' title='bbox 2282 747 2376 798; x_wconf 82' lang='grc' dir='ltr'><strong>τοῦ</strong></span> <span class='ocrx_word' id='word_1_147' title='bbox 2409 745 2688 810; x_wconf 72' lang='grc' dir='ltr'><strong>οἰκοῦντος</strong></span> <span class='ocrx_word' id='word_1_148' title='bbox 2722 746 2780 798; x_wconf 84' lang='grc' dir='ltr'>ὲν</span> <span class='ocrx_word' id='word_1_149' title='bbox 2828 747 2979 816; x_wconf 77' lang='grc' dir='ltr'>ἡμῖν,</span> <span class='ocrx_word' id='word_1_150' title='bbox 3029 743 3547 814; x_wconf 75' lang='grc' dir='ltr'>κατοπτριζόμεθα,</span> <span class='ocrx_word' id='word_1_151' title='bbox 3570 746 3691 800; x_wconf 74' lang='grc' dir='ltr'>ἀπὸ</span> 
     </span>
    </p>
   </div>
   <div class='ocr_carea' id='block_1_23' title="bbox 2102 837 3692 908">
    <p class='ocr_par' dir='ltr' id='par_1_23' title="bbox 2102 837 3692 908">
     <span class='ocr_line' id='line_1_23' title="bbox 2102 837 3692 908; baseline -0.001 -16"><span class='ocrx_word' id='word_1_152' title='bbox 2102 839 2286 906; x_wconf 80' lang='grc' dir='ltr'><strong>δόξης</strong></span> <span class='ocrx_word' id='word_1_153' title='bbox 2300 838 2406 892; x_wconf 87' lang='grc' dir='ltr'><strong>τοῦ</strong></span> <span class='ocrx_word' id='word_1_154' title='bbox 2431 840 2780 908; x_wconf 81' lang='grc' dir='ltr'>Πνεύματος</span> <span class='ocrx_word' id='word_1_155' title='bbox 2801 841 2887 904; x_wconf 73' lang='grc' dir='ltr'>εἰς</span> <span class='ocrx_word' id='word_1_156' title='bbox 2921 837 3110 902; x_wconf 81' lang='grc' dir='ltr'>δόξαν</span> <span class='ocrx_word' id='word_1_157' title='bbox 3139 838 3246 892; x_wconf 81' lang='grc' dir='ltr'><strong>τοῦ</strong></span> <span class='ocrx_word' id='word_1_158' title='bbox 3280 837 3510 907; x_wconf 85' lang='grc' dir='ltr'>Πατρὸς</span> <span class='ocrx_word' id='word_1_159' title='bbox 3538 838 3692 908; x_wconf 77' lang='grc' dir='ltr'>ἐρχό-</span> 
     </span>
    </p>
   </div>
   <div class='ocr_carea' id='block_1_24' title="bbox 2106 929 3689 1003">
    <p class='ocr_par' dir='ltr' id='par_1_24' title="bbox 2106 929 3689 1003">
     <span class='ocr_line' id='line_1_24' title="bbox 2106 929 3689 1003; baseline -0.001 -19"><span class='ocrx_word' id='word_1_160' title='bbox 2106 948 2274 1002; x_wconf 87' lang='grc' dir='ltr'>μενοι.</span> <span class='ocrx_word' id='word_1_161' title='bbox 2306 932 2590 1003; x_wconf 81' lang='grc' dir='ltr'><strong>Προΐωμεν</strong></span> <span class='ocrx_word' id='word_1_162' title='bbox 2621 931 2676 984; x_wconf 82' lang='grc' dir='ltr'>δὲ</span> <span class='ocrx_word' id='word_1_163' title='bbox 2691 931 2784 984; x_wconf 71' lang='grc' dir='ltr'><strong>καὶ⁵</strong></span> <span class='ocrx_word' id='word_1_164' title='bbox 2813 930 2993 983; x_wconf 75' lang='grc' dir='ltr'>ὲπὶτά</span> <span class='ocrx_word' id='word_1_165' title='bbox 3024 929 3179 1000; x_wconf 76' lang='grc' dir='ltr'><strong>ἑξῆς·</strong></span> <span class='ocrx_word' id='word_1_166' title='bbox 3221 948 3239 980; x_wconf 83' lang='grc' dir='ltr'><strong>ι</strong></span> <span class='ocrx_word' id='word_1_167' title='bbox 3273 929 3420 994; x_wconf 70' lang='grc' dir='ltr'>Ἐὰν,</span> <span class='ocrx_word' id='word_1_168' title='bbox 3459 947 3476 980; x_wconf 86' lang='grc' dir='ltr'><strong>ι</strong></span> <span class='ocrx_word' id='word_1_169' title='bbox 3504 930 3689 1000; x_wconf 78' lang='grc' dir='ltr'>φησὶν,</span> 
     </span>
    </p>
   </div>
   <div class='ocr_carea' id='block_1_25' title="bbox 2113 1020 3688 1094">
    <p class='ocr_par' dir='ltr' id='par_1_25' title="bbox 2113 1020 3688 1094">
     <span class='ocr_line' id='line_1_25' title="bbox 2113 1020 3688 1094; baseline -0.001 -19"><span class='ocrx_word' id='word_1_170' title='bbox 2113 1043 2130 1075; x_wconf 76' lang='grc' dir='ltr'><strong>ι</strong></span> <span class='ocrx_word' id='word_1_171' title='bbox 2173 1023 2375 1087; x_wconf 80' lang='grc' dir='ltr'>πάντες</span> <span class='ocrx_word' id='word_1_172' title='bbox 2406 1024 2825 1094; x_wconf 67' lang='grc' dir='ltr'><strong>προφητεύωσιν</strong></span> <span class='ocrx_word' id='word_1_173' title='bbox 2847 1063 2860 1086; x_wconf 89' lang='grc'><strong>,</strong></span> <span class='ocrx_word' id='word_1_174' title='bbox 2891 1021 3108 1092; x_wconf 63' lang='grc' dir='ltr'>εἰσέλίῃ</span> <span class='ocrx_word' id='word_1_175' title='bbox 3152 1020 3209 1074; x_wconf 88' lang='grc' dir='ltr'><strong>δέ</strong></span> <span class='ocrx_word' id='word_1_176' title='bbox 3246 1038 3328 1085; x_wconf 93' lang='grc' dir='ltr'><strong>τις</strong></span> <span class='ocrx_word' id='word_1_177' title='bbox 3376 1021 3620 1084; x_wconf 79' lang='grc' dir='ltr'>ἄπιστος,</span> <span class='ocrx_word' id='word_1_178' title='bbox 3653 1021 3688 1091; x_wconf 86' lang='grc' dir='ltr'>ἢ</span> 
     </span>
    </p>
   </div>
   <div class='ocr_carea' id='block_1_26' title="bbox 2108 1111 3692 1186">
    <p class='ocr_par' dir='ltr' id='par_1_26' title="bbox 2108 1111 3692 1186">
     <span class='ocr_line' id='line_1_26' title="bbox 2108 1111 3692 1186; baseline -0.001 -18"><span class='ocrx_word' id='word_1_179' title='bbox 2108 1117 2347 1186; x_wconf 75' lang='grc' dir='ltr'>ἰδιώτης,</span> <span class='ocrx_word' id='word_1_180' title='bbox 2393 1116 2674 1186; x_wconf 76' lang='grc' dir='ltr'>ἐλέγχεται</span> <span class='ocrx_word' id='word_1_181' title='bbox 2730 1115 2834 1170; x_wconf 82' lang='grc' dir='ltr'>ὑπὸ</span> <span class='ocrx_word' id='word_1_182' title='bbox 2892 1114 3131 1178; x_wconf 84' lang='grc' dir='ltr'>πάντων,</span> <span class='ocrx_word' id='word_1_183' title='bbox 3188 1114 3537 1184; x_wconf 82' lang='grc' dir='ltr'>ἀνακρίνεται</span> <span class='ocrx_word' id='word_1_184' title='bbox 3584 1111 3692 1166; x_wconf 84' lang='grc' dir='ltr'>ὑπὸ</span> 
     </span>
    </p>
   </div>
   <div class='ocr_carea' id='block_1_27' title="bbox 2105 1204 3691 1278">
    <p class='ocr_par' dir='ltr' id='par_1_27' title="bbox 2105 1204 3691 1278">
     <span class='ocr_line' id='line_1_27' title="bbox 2105 1204 3691 1278; baseline -0.001 -18"><span class='ocrx_word' id='word_1_185' title='bbox 2105 1209 2346 1272; x_wconf 75' lang='grc' dir='ltr'>πάντων,</span> <span class='ocrx_word' id='word_1_186' title='bbox 2371 1207 2439 1261; x_wconf 74' lang='grc' dir='ltr'>τὰ</span> <span class='ocrx_word' id='word_1_187' title='bbox 2467 1208 2688 1278; x_wconf 81' lang='grc' dir='ltr'>κρυπτά</span> <span class='ocrx_word' id='word_1_188' title='bbox 2721 1209 2818 1278; x_wconf 82' lang='grc' dir='ltr'>τῆς</span> <span class='ocrx_word' id='word_1_189' title='bbox 2845 1206 3072 1276; x_wconf 85' lang='grc' dir='ltr'>καρδίας</span> <span class='ocrx_word' id='word_1_190' title='bbox 3101 1204 3268 1258; x_wconf 80' lang='grc' dir='ltr'>αὐτοῦ</span> <span class='ocrx_word' id='word_1_191' title='bbox 3300 1205 3511 1276; x_wconf 75' lang='grc' dir='ltr'>φανερὰ</span> <span class='ocrx_word' id='word_1_192' title='bbox 3540 1205 3691 1273; x_wconf 85' lang='grc' dir='ltr'>γίνε-</span> 
     </span>
    </p>
   </div>
   <div class='ocr_carea' id='block_1_28' title="bbox 2102 1298 3692 1370">
    <p class='ocr_par' dir='ltr' id='par_1_28' title="bbox 2102 1298 3692 1370">
     <span class='ocr_line' id='line_1_28' title="bbox 2102 1298 3692 1370; baseline -0.001 -18"><span class='ocrx_word' id='word_1_193' title='bbox 2102 1317 2226 1353; x_wconf 75' lang='grc' dir='ltr'>ταιο</span> <span class='ocrx_word' id='word_1_194' title='bbox 2272 1302 2365 1354; x_wconf 79' lang='grc' dir='ltr'>καὶ</span> <span class='ocrx_word' id='word_1_195' title='bbox 2412 1299 2556 1353; x_wconf 83' lang='grc' dir='ltr'>οῦτω</span> <span class='ocrx_word' id='word_1_196' title='bbox 2609 1298 2792 1352; x_wconf 86' lang='grc' dir='ltr'>πεσὼν</span> <span class='ocrx_word' id='word_1_197' title='bbox 2839 1301 2935 1352; x_wconf 73' lang='grc' dir='ltr'><strong>ἐπὶ</strong></span> <span class='ocrx_word' id='word_1_198' title='bbox 2970 1298 3284 1370; x_wconf 85' lang='grc' dir='ltr'>πρόσωπον,</span> <span class='ocrx_word' id='word_1_199' title='bbox 3323 1298 3692 1368; x_wconf 83' lang='grc' dir='ltr'>προσκυνήσει</span> 
     </span>
    </p>
   </div>
   <div class='ocr_carea' id='block_1_29' title="bbox 2103 1393 3692 1464">
    <p class='ocr_par' dir='ltr' id='par_1_29' title="bbox 2103 1393 3692 1464">
     <span class='ocr_line' id='line_1_29' title="bbox 2103 1393 3692 1464; baseline -0.001 -18"><span class='ocrx_word' id='word_1_200' title='bbox 2103 1393 2182 1464; x_wconf 80' lang='grc' dir='ltr'><strong>τῷ</strong></span> <span class='ocrx_word' id='word_1_201' title='bbox 2226 1394 2367 1464; x_wconf 79' lang='grc' dir='ltr'>Θεῷ,</span> <span class='ocrx_word' id='word_1_202' title='bbox 2414 1393 2773 1462; x_wconf 77' lang='grc' dir='ltr'>ἀπαγγέλλων</span> <span class='ocrx_word' id='word_1_203' title='bbox 2802 1435 2818 1460; x_wconf 93' lang='grc'><strong>,</strong></span> <span class='ocrx_word' id='word_1_204' title='bbox 2868 1395 2948 1446; x_wconf 86' lang='grc' dir='ltr'>ὃτι</span> <span class='ocrx_word' id='word_1_205' title='bbox 2993 1393 3163 1457; x_wconf 72' lang='grc' dir='ltr'>ὅντως</span> <span class='ocrx_word' id='word_1_206' title='bbox 3210 1396 3240 1446; x_wconf 98' lang='lat'><strong>6</strong></span> <span class='ocrx_word' id='word_1_207' title='bbox 3285 1393 3418 1456; x_wconf 82' lang='grc' dir='ltr'><strong>Θεὸς</strong></span> <span class='ocrx_word' id='word_1_208' title='bbox 3457 1394 3515 1445; x_wconf 78' lang='grc' dir='ltr'>ὲν</span> <span class='ocrx_word' id='word_1_209' title='bbox 3561 1394 3692 1463; x_wconf 74' lang='grc' dir='ltr'>ὑμῖν</span> 
     </span>
    </p>
   </div>
   <div class='ocr_carea' id='block_1_30' title="bbox 2105 1481 3691 1556">
    <p class='ocr_par' dir='ltr' id='par_1_30' title="bbox 2105 1481 3691 1556">
     <span class='ocr_line' id='line_1_30' title="bbox 2105 1481 3691 1556; baseline -0.001 -20"><span class='ocrx_word' id='word_1_210' title='bbox 2105 1486 2267 1538; x_wconf 81' lang='grc' dir='ltr'>ἐστιν.</span> <span class='ocrx_word' id='word_1_211' title='bbox 2297 1504 2313 1534; x_wconf 80' lang='grc' dir='ltr'><strong>ι</strong></span> <span class='ocrx_word' id='word_1_212' title='bbox 2343 1485 2474 1547; x_wconf 84' lang='grc' dir='ltr'>Θεὸς</span> <span class='ocrx_word' id='word_1_213' title='bbox 2501 1481 2592 1538; x_wconf 78' lang='grc' dir='ltr'>οὖν</span> <span class='ocrx_word' id='word_1_214' title='bbox 2621 1484 3096 1555; x_wconf 62' lang='grc' dir='ltr'>προσκυνούμενος</span> <span class='ocrx_word' id='word_1_215' title='bbox 3148 1483 3209 1537; x_wconf 89' lang='grc' dir='ltr'><strong>τὸ</strong></span> <span class='ocrx_word' id='word_1_216' title='bbox 3244 1484 3300 1536; x_wconf 78' lang='grc' dir='ltr'>ὲν</span> <span class='ocrx_word' id='word_1_217' title='bbox 3347 1485 3456 1547; x_wconf 85' lang='grc' dir='ltr'>τοῖς</span> <span class='ocrx_word' id='word_1_218' title='bbox 3475 1500 3691 1556; x_wconf 72' lang='grc' dir='ltr'>προφη-</span> 
     </span>
    </p>
   </div>
   <div class='ocr_carea' id='block_1_31' title="bbox 2105 1571 3690 1644">
    <p class='ocr_par' dir='ltr' id='par_1_31' title="bbox 2105 1571 3690 1644">
     <span class='ocr_line' id='line_1_31' title="bbox 2105 1571 3690 1644; baseline -0.001 -16"><span class='ocrx_word' id='word_1_219' title='bbox 2105 1576 2327 1628; x_wconf 88' lang='grc' dir='ltr'>τεύουσι</span> <span class='ocrx_word' id='word_1_220' title='bbox 2357 1577 2452 1629; x_wconf 76' lang='grc' dir='ltr'>καὶ</span> <span class='ocrx_word' id='word_1_221' title='bbox 2477 1578 2587 1638; x_wconf 87' lang='grc' dir='ltr'>τοῖς</span> <span class='ocrx_word' id='word_1_222' title='bbox 2617 1575 2793 1642; x_wconf 81' lang='grc' dir='ltr'>ἁγίοις</span> <span class='ocrx_word' id='word_1_223' title='bbox 2824 1573 3018 1628; x_wconf 82' lang='grc' dir='ltr'>λαλοῦν</span> <span class='ocrx_word' id='word_1_224' title='bbox 3052 1574 3148 1627; x_wconf 78' lang='grc' dir='ltr'>καὶ</span> <span class='ocrx_word' id='word_1_225' title='bbox 3176 1571 3452 1644; x_wconf 73' lang='grc' dir='ltr'>ἐνεργοῦν,</span> <span class='ocrx_word' id='word_1_226' title='bbox 3494 1574 3589 1626; x_wconf 75' lang='grc' dir='ltr'>καὶ</span> <span class='ocrx_word' id='word_1_227' title='bbox 3616 1573 3690 1627; x_wconf 67' lang='grc' dir='ltr'>τὰ</span> 
     </span>
    </p>
   </div>
   <div class='ocr_carea' id='block_1_32' title="bbox 2107 1664 3692 1740">
    <p class='ocr_par' dir='ltr' id='par_1_32' title="bbox 2107 1664 3692 1740">
     <span class='ocr_line' id='line_1_32' title="bbox 2107 1664 3692 1740; baseline -0.002 -19"><span class='ocrx_word' id='word_1_228' title='bbox 2107 1668 2422 1740; x_wconf 80' lang='grc' dir='ltr'>χαρίσματα</span> <span class='ocrx_word' id='word_1_229' title='bbox 2460 1667 2698 1738; x_wconf 81' lang='grc' dir='ltr'>παρέχον</span> <span class='ocrx_word' id='word_1_230' title='bbox 2744 1667 2900 1736; x_wconf 85' lang='grc' dir='ltr'>ἆγιον</span> <span class='ocrx_word' id='word_1_231' title='bbox 2929 1665 3154 1736; x_wconf 80' lang='grc' dir='ltr'>Πνεῦμα</span> <span class='ocrx_word' id='word_1_232' title='bbox 3205 1666 3300 1720; x_wconf 79' lang='grc' dir='ltr'>καὶ</span> <span class='ocrx_word' id='word_1_233' title='bbox 3328 1664 3561 1720; x_wconf 78' lang='grc' dir='ltr'>ἐνταῦθα</span> <span class='ocrx_word' id='word_1_234' title='bbox 3585 1683 3692 1733; x_wconf 81' lang='grc' dir='ltr'>φα-</span> 
     </span>
    </p>
   </div>
   <div class='ocr_carea' id='block_1_33' title="bbox 2109 1756 3693 1829">
    <p class='ocr_par' dir='ltr' id='par_1_33' title="bbox 2109 1756 3693 1829">
     <span class='ocr_line' id='line_1_33' title="bbox 2109 1756 3693 1829; baseline -0.001 -20"><span class='ocrx_word' id='word_1_235' title='bbox 2109 1757 2281 1829; x_wconf 79' lang='grc' dir='ltr'>νερῶς</span> <span class='ocrx_word' id='word_1_236' title='bbox 2313 1759 2649 1827; x_wconf 81' lang='grc' dir='ltr'>ὠνόμασται.</span> <span class='ocrx_word' id='word_1_237' title='bbox 2671 1759 2780 1811; x_wconf 76' lang='grc' dir='ltr'>Καὶ</span> <span class='ocrx_word' id='word_1_238' title='bbox 2813 1756 3173 1827; x_wconf 79' lang='grc' dir='ltr'>σημειωτέον,</span> <span class='ocrx_word' id='word_1_239' title='bbox 3208 1757 3288 1809; x_wconf 82' lang='grc' dir='ltr'>ὅτι</span> <span class='ocrx_word' id='word_1_240' title='bbox 3330 1757 3423 1808; x_wconf 73' lang='grc' dir='ltr'>καὶ</span> <span class='ocrx_word' id='word_1_241' title='bbox 3450 1773 3693 1827; x_wconf 83' lang='grc' dir='ltr'>προσκυ-</span> 
     </span>
    </p>
   </div>
   <div class='ocr_carea' id='block_1_34' title="bbox 419 1825 2011 1922">
    <p class='ocr_par' dir='ltr' id='par_1_34' title="bbox 419 1825 2005 1921">
     <span class='ocr_line' id='line_1_34' title="bbox 419 1825 2005 1921; baseline 0.004 -22"><span class='ocrx_word' id='word_1_242' title='bbox 419 1825 694 1904; x_wconf 82' lang='lat' dir='ltr'><strong>cadensin</strong></span> <span class='ocrx_word' id='word_1_243' title='bbox 727 1849 920 1905; x_wconf 82' lang='lat' dir='ltr'><strong>faciem</strong></span> <span class='ocrx_word' id='word_1_244' title='bbox 945 1825 1211 1906; x_wconf 70' lang='lat' dir='ltr'><strong>adorabit</strong></span> <span class='ocrx_word' id='word_1_245' title='bbox 1235 1851 1427 1915; x_wconf 90' lang='lat' dir='ltr'><strong>Deum,</strong></span> <span class='ocrx_word' id='word_1_246' title='bbox 1461 1853 1843 1921; x_wconf 89' lang='lat' dir='ltr'><strong>pronuntians,</strong></span> <span class='ocrx_word' id='word_1_247' title='bbox 1863 1855 2005 1921; x_wconf 88' lang='lat' dir='ltr'><strong>quod</strong></span> 
     </span>
    </p>
   </div>
   <div class='ocr_carea' id='block_1_35' title="bbox 2115 1825 3696 1922">
    <p class='ocr_par' dir='ltr' id='par_1_35' title="bbox 2119 1848 3696 1922">
     <span class='ocr_line' id='line_1_35' title="bbox 2119 1848 3696 1922; baseline -0.001 -19"><span class='ocrx_word' id='word_1_248' title='bbox 2119 1854 2295 1904; x_wconf 67' lang='grc' dir='ltr'>δεῖται.</span> <span class='ocrx_word' id='word_1_249' title='bbox 2362 1852 2487 1914; x_wconf 86' lang='grc' dir='ltr'>Τοῖς</span> <span class='ocrx_word' id='word_1_250' title='bbox 2540 1849 2774 1921; x_wconf 79' lang='grc' dir='ltr'>πρόσθεν</span> <span class='ocrx_word' id='word_1_251' title='bbox 2831 1849 3188 1922; x_wconf 82' lang='grc' dir='ltr'>παραπλήσια</span> <span class='ocrx_word' id='word_1_252' title='bbox 3248 1850 3343 1902; x_wconf 72' lang='grc' dir='ltr'>καὶ</span> <span class='ocrx_word' id='word_1_253' title='bbox 3404 1848 3696 1920; x_wconf 83' lang='grc' dir='ltr'>Ῥωμαίοις</span> 
     </span>
    </p>
   </div>
   <div class='ocr_carea' id='block_1_36' title="bbox 417 1938 2007 2011">
    <p class='ocr_par' dir='ltr' id='par_1_36' title="bbox 417 1938 2007 2011">
     <span class='ocr_line' id='line_1_36' title="bbox 417 1938 2007 2011; baseline 0.005 -21"><span class='ocrx_word' id='word_1_254' title='bbox 417 1951 546 1991; x_wconf 85' lang='lat' dir='ltr'><strong>vere</strong></span> <span class='ocrx_word' id='word_1_255' title='bbox 578 1938 717 1994; x_wconf 89' lang='lat' dir='ltr'><strong>Deus</strong></span> <span class='ocrx_word' id='word_1_256' title='bbox 745 1939 798 1993; x_wconf 92' lang='lat' dir='ltr'><strong>in</strong></span> <span class='ocrx_word' id='word_1_257' title='bbox 833 1939 986 1994; x_wconf 90' lang='lat' dir='ltr'><strong>vobis</strong></span> <span class='ocrx_word' id='word_1_258' title='bbox 1026 1950 1132 1998; x_wconf 90' lang='lat' dir='ltr'><strong>est.</strong></span> <span class='ocrx_word' id='word_1_259' title='bbox 1165 1960 1185 1994; x_wconf 75' lang='grc' dir='ltr'><strong>ι</strong></span> <span class='ocrx_word' id='word_1_260' title='bbox 1226 1940 1414 2011; x_wconf 86' lang='lat' dir='ltr'><strong>Itaque</strong></span> <span class='ocrx_word' id='word_1_261' title='bbox 1463 1942 1566 1996; x_wconf 87' lang='lat' dir='ltr'><strong>hoc</strong></span> <span class='ocrx_word' id='word_1_262' title='bbox 1609 1943 1772 1996; x_wconf 87' lang='lat' dir='ltr'><strong>etiam</strong></span> <span class='ocrx_word' id='word_1_263' title='bbox 1804 1943 1857 1996; x_wconf 92' lang='lat' dir='ltr'><strong>in</strong></span> <span class='ocrx_word' id='word_1_264' title='bbox 1887 1943 2007 1998; x_wconf 86' lang='lat' dir='ltr'><strong>loco</strong></span> 
     </span>
    </p>
   </div>
   <div class='ocr_carea' id='block_1_37' title="bbox 421 2027 2007 2102">
    <p class='ocr_par' dir='ltr' id='par_1_37' title="bbox 421 2027 2007 2102">
     <span class='ocr_line' id='line_1_37' title="bbox 421 2027 2007 2102; baseline 0.005 -20"><span class='ocrx_word' id='word_1_265' title='bbox 421 2027 655 2096; x_wconf 86' lang='lat' dir='ltr'><strong>Spiritus</strong></span> <span class='ocrx_word' id='word_1_266' title='bbox 687 2039 931 2097; x_wconf 88' lang='lat' dir='ltr'><strong>sanctus,</strong></span> <span class='ocrx_word' id='word_1_267' title='bbox 961 2034 1053 2102; x_wconf 91' lang='lat' dir='ltr'><strong>qui</strong></span> <span class='ocrx_word' id='word_1_268' title='bbox 1096 2033 1150 2087; x_wconf 93' lang='lat' dir='ltr'><strong>in</strong></span> <span class='ocrx_word' id='word_1_269' title='bbox 1197 2034 1496 2102; x_wconf 87' lang='lat' dir='ltr'><strong>prophetis,</strong></span> <span class='ocrx_word' id='word_1_270' title='bbox 1524 2045 1576 2089; x_wconf 90' lang='lat' dir='ltr'><strong>et</strong></span> <span class='ocrx_word' id='word_1_271' title='bbox 1614 2034 1666 2088; x_wconf 91' lang='lat' dir='ltr'><strong>in</strong></span> <span class='ocrx_word' id='word_1_272' title='bbox 1699 2035 1900 2091; x_wconf 81' lang='lat' dir='ltr'><strong>sanctis</strong></span> <span class='ocrx_word' id='word_1_273' title='bbox 1929 2035 2007 2090; x_wconf 86' lang='lat' dir='ltr'><strong>lo—</strong></span> 
     </span>
    </p>
   </div>
   <div class='ocr_carea' id='block_1_38' title="bbox 420 2122 2010 2197">
    <p class='ocr_par' dir='ltr' id='par_1_38' title="bbox 420 2122 2010 2197">
     <span class='ocr_line' id='line_1_38' title="bbox 420 2122 2010 2197; baseline 0.005 -24"><span class='ocrx_word' id='word_1_274' title='bbox 420 2122 627 2190; x_wconf 89' lang='lat' dir='ltr'><strong>quitur,</strong></span> <span class='ocrx_word' id='word_1_275' title='bbox 657 2131 713 2176; x_wconf 91' lang='lat' dir='ltr'><strong>et</strong></span> <span class='ocrx_word' id='word_1_276' title='bbox 743 2135 1024 2191; x_wconf 89' lang='lat' dir='ltr'><strong>operatur,</strong></span> <span class='ocrx_word' id='word_1_277' title='bbox 1057 2134 1115 2178; x_wconf 91' lang='lat' dir='ltr'><strong>et</strong></span> <span class='ocrx_word' id='word_1_278' title='bbox 1149 2124 1503 2189; x_wconf 88' lang='lat' dir='ltr'><strong>charismata,</strong></span> <span class='ocrx_word' id='word_1_279' title='bbox 1542 2141 1636 2180; x_wconf 88' lang='lat' dir='ltr'><strong>seu</strong></span> <span class='ocrx_word' id='word_1_280' title='bbox 1672 2125 1815 2180; x_wconf 88' lang='lat' dir='ltr'><strong>dona</strong></span> <span class='ocrx_word' id='word_1_281' title='bbox 1845 2127 2010 2197; x_wconf 88' lang='lat' dir='ltr'><strong>largi-</strong></span> 
     </span>
    </p>
   </div>
   <div class='ocr_carea' id='block_1_39' title="bbox 422 2212 2008 2273">
    <p class='ocr_par' dir='ltr' id='par_1_39' title="bbox 422 2212 2008 2273">
     <span class='ocr_line' id='line_1_39' title="bbox 422 2212 2008 2273; baseline 0.006 -11"><span class='ocrx_word' id='word_1_282' title='bbox 422 2221 528 2273; x_wconf 91' lang='lat' dir='ltr'><strong>tur,</strong></span> <span class='ocrx_word' id='word_1_283' title='bbox 551 2212 836 2268; x_wconf 84' lang='lat' dir='ltr'><strong>manifeste</strong></span> <span class='ocrx_word' id='word_1_284' title='bbox 857 2224 1083 2267; x_wconf 89' lang='lat' dir='ltr'><strong>vocatus</strong></span> <span class='ocrx_word' id='word_1_285' title='bbox 1113 2225 1197 2268; x_wconf 82' lang='lat' dir='ltr'><strong>est</strong></span> <span class='ocrx_word' id='word_1_286' title='bbox 1233 2213 1374 2270; x_wconf 88' lang='lat' dir='ltr'><strong>Deus</strong></span> <span class='ocrx_word' id='word_1_287' title='bbox 1395 2215 1672 2270; x_wconf 88' lang='lat' dir='ltr'><strong>adoratus.</strong></span> <span class='ocrx_word' id='word_1_288' title='bbox 1705 2215 2008 2272; x_wconf 86' lang='lat' dir='ltr'><strong>Notandum</strong></span> 
     </span>
    </p>
   </div>
   <div class='ocr_carea' id='block_1_40' title="bbox 420 2304 2012 2375">
    <p class='ocr_par' dir='ltr' id='par_1_40' title="bbox 420 2304 2012 2375">
     <span class='ocr_line' id='line_1_40' title="bbox 420 2304 2012 2375; baseline 0.004 -20"><span class='ocrx_word' id='word_1_289' title='bbox 420 2317 551 2356; x_wconf 87' lang='lat' dir='ltr'><strong>vero</strong></span> <span class='ocrx_word' id='word_1_290' title='bbox 582 2304 683 2358; x_wconf 92' lang='lat' dir='ltr'><strong>hoc</strong></span> <span class='ocrx_word' id='word_1_291' title='bbox 713 2313 818 2368; x_wconf 87' lang='lat' dir='ltr'><strong>est,</strong></span> <span class='ocrx_word' id='word_1_292' title='bbox 848 2306 988 2373; x_wconf 89' lang='lat' dir='ltr'><strong>quod</strong></span> <span class='ocrx_word' id='word_1_293' title='bbox 1025 2307 1138 2375; x_wconf 89' lang='lat' dir='ltr'><strong>ipse</strong></span> <span class='ocrx_word' id='word_1_294' title='bbox 1163 2307 1328 2360; x_wconf 89' lang='lat' dir='ltr'><strong>etiam</strong></span> <span class='ocrx_word' id='word_1_295' title='bbox 1375 2307 1592 2362; x_wconf 88' lang='lat' dir='ltr'><strong>adorari</strong></span> <span class='ocrx_word' id='word_1_296' title='bbox 1625 2309 1842 2362; x_wconf 90' lang='lat' dir='ltr'><strong>dicitur.</strong></span> <span class='ocrx_word' id='word_1_297' title='bbox 1874 2307 2012 2362; x_wconf 65' lang='lat' dir='ltr'><strong>Prai-</strong></span> 
     </span>
    </p>
   </div>
   <div class='ocr_carea' id='block_1_41' title="bbox 422 2395 2012 2468">
    <p class='ocr_par' dir='ltr' id='par_1_41' title="bbox 422 2395 2012 2468">
     <span class='ocr_line' id='line_1_41' title="bbox 422 2395 2012 2468; baseline 0.004 -21"><span class='ocrx_word' id='word_1_298' title='bbox 422 2395 742 2449; x_wconf 89' lang='lat' dir='ltr'><strong>cedentibus</strong></span> <span class='ocrx_word' id='word_1_299' title='bbox 776 2396 980 2450; x_wconf 85' lang='lat' dir='ltr'><strong>similia</strong></span> <span class='ocrx_word' id='word_1_300' title='bbox 1009 2399 1076 2450; x_wconf 88' lang='lat' dir='ltr'><strong>ad</strong></span> <span class='ocrx_word' id='word_1_301' title='bbox 1111 2397 1386 2453; x_wconf 80' lang='lat' dir='ltr'><strong>Romanos</strong></span> <span class='ocrx_word' id='word_1_302' title='bbox 1413 2413 1629 2468; x_wconf 80' lang='lat' dir='ltr'><strong>anque</strong></span> <span class='ocrx_word' id='word_1_303' title='bbox 1671 2399 1883 2453; x_wconf 87' lang='lat' dir='ltr'><strong>scribit.</strong></span> <span class='ocrx_word' id='word_1_304' title='bbox 1918 2399 2012 2453; x_wconf 86' lang='lat' dir='ltr'><strong>Sic</strong></span> 
     </span>
    </p>
   </div>
   <div class='ocr_carea' id='block_1_42' title="bbox 425 2486 2009 2560">
    <p class='ocr_par' dir='ltr' id='par_1_42' title="bbox 425 2486 2009 2560">
     <span class='ocr_line' id='line_1_42' title="bbox 425 2486 2009 2560; baseline 0.003 -22"><span class='ocrx_word' id='word_1_305' title='bbox 425 2497 610 2540; x_wconf 88' lang='lat' dir='ltr'><strong>autem</strong></span> <span class='ocrx_word' id='word_1_306' title='bbox 673 2501 732 2540; x_wconf 79' lang='lat' dir='ltr'><strong>se</strong></span> <span class='ocrx_word' id='word_1_307' title='bbox 791 2486 993 2541; x_wconf 90' lang='lat' dir='ltr'><strong>habent</strong></span> <span class='ocrx_word' id='word_1_308' title='bbox 1042 2488 1161 2558; x_wconf 87' lang='lat' dir='ltr'><strong>ejus</strong></span> <span class='ocrx_word' id='word_1_309' title='bbox 1197 2488 1358 2543; x_wconf 88' lang='lat' dir='ltr'><strong>verba</strong></span> <span class='ocrx_word' id='word_1_310' title='bbox 1397 2506 1412 2542; x_wconf 89' lang='lat'><strong>:</strong></span> <span class='ocrx_word' id='word_1_311' title='bbox 1463 2508 1482 2541; x_wconf 79' lang='grc' dir='ltr'><strong>ι</strong></span> <span class='ocrx_word' id='word_1_312' title='bbox 1517 2487 1784 2560; x_wconf 78' lang='lat' dir='ltr'><strong>Dens(85)</strong></span> <span class='ocrx_word' id='word_1_313' title='bbox 1831 2501 2009 2544; x_wconf 89' lang='lat' dir='ltr'><strong>autem</strong></span> 
     </span>
    </p>
   </div>
   <div class='ocr_carea' id='block_1_43' title="bbox 425 2574 2014 2652">
    <p class='ocr_par' dir='ltr' id='par_1_43' title="bbox 425 2574 2014 2652">
     <span class='ocr_line' id='line_1_43' title="bbox 425 2574 2014 2652; baseline 0.007 -25"><span class='ocrx_word' id='word_1_314' title='bbox 425 2574 720 2644; x_wconf 67' lang='lat' dir='ltr'><strong>patientiae,</strong></span> <span class='ocrx_word' id='word_1_315' title='bbox 773 2587 827 2630; x_wconf 93' lang='lat' dir='ltr'><strong>et</strong></span> <span class='ocrx_word' id='word_1_316' title='bbox 867 2578 1151 2648; x_wconf 81' lang='lat' dir='ltr'><strong>spci(86)</strong></span> <span class='ocrx_word' id='word_1_317' title='bbox 1209 2582 1296 2634; x_wconf 91' lang='lat' dir='ltr'><strong>det</strong></span> <span class='ocrx_word' id='word_1_318' title='bbox 1345 2580 1497 2636; x_wconf 88' lang='lat' dir='ltr'><strong>vobis</strong></span> <span class='ocrx_word' id='word_1_319' title='bbox 1543 2581 1774 2650; x_wconf 84' lang='lat' dir='ltr'><strong>idipsunt</strong></span> <span class='ocrx_word' id='word_1_320' title='bbox 1823 2597 2014 2652; x_wconf 89' lang='lat' dir='ltr'><strong>sapere</strong></span> 
     </span>
    </p>
   </div>
   <div class='ocr_carea' id='block_1_44' title="bbox 425 2668 2010 2745">
    <p class='ocr_par' dir='ltr' id='par_1_44' title="bbox 425 2668 2010 2745">
     <span class='ocr_line' id='line_1_44' title="bbox 425 2668 2010 2745; baseline 0.005 -23"><span class='ocrx_word' id='word_1_321' title='bbox 425 2669 480 2722; x_wconf 90' lang='lat' dir='ltr'><strong>in</strong></span> <span class='ocrx_word' id='word_1_322' title='bbox 511 2668 831 2724; x_wconf 88' lang='lat' dir='ltr'><strong>alterutrum</strong></span> <span class='ocrx_word' id='word_1_323' title='bbox 861 2674 1156 2726; x_wconf 87' lang='lat' dir='ltr'><strong>secundum</strong></span> <span class='ocrx_word' id='word_1_324' title='bbox 1181 2671 1366 2728; x_wconf 84' lang='lat' dir='ltr'><strong>Jesum</strong></span> <span class='ocrx_word' id='word_1_325' title='bbox 1402 2675 1558 2745; x_wconf 76' lang='lat'><strong>231</strong></span> <span class='ocrx_word' id='word_1_326' title='bbox 1594 2675 1868 2730; x_wconf 89' lang='lat' dir='ltr'><strong>Christum</strong></span> <span class='ocrx_word' id='word_1_327' title='bbox 1901 2696 1914 2731; x_wconf 90' lang='lat'>:</span> <span class='ocrx_word' id='word_1_328' title='bbox 1952 2687 2010 2730; x_wconf 93' lang='lat' dir='ltr'><strong>ut</strong></span> 
     </span>
    </p>
   </div>
   <div class='ocr_carea' id='block_1_45' title="bbox 426 2763 2015 2835">
    <p class='ocr_par' dir='ltr' id='par_1_45' title="bbox 426 2763 2015 2835">
     <span class='ocr_line' id='line_1_45' title="bbox 426 2763 2015 2835; baseline 0.01 -23"><span class='ocrx_word' id='word_1_329' title='bbox 426 2763 711 2816; x_wconf 88' lang='lat' dir='ltr'><strong>unanimes</strong></span> <span class='ocrx_word' id='word_1_330' title='bbox 736 2778 843 2815; x_wconf 91' lang='lat' dir='ltr'><strong>uno</strong></span> <span class='ocrx_word' id='word_1_331' title='bbox 866 2779 962 2817; x_wconf 88' lang='lat' dir='ltr'><strong>ore</strong></span> <span class='ocrx_word' id='word_1_332' title='bbox 1002 2764 1320 2835; x_wconf 89' lang='lat' dir='ltr'><strong>gloriticetis</strong></span> <span class='ocrx_word' id='word_1_333' title='bbox 1365 2768 1530 2822; x_wconf 86' lang='lat' dir='ltr'><strong>Deum</strong></span> <span class='ocrx_word' id='word_1_334' title='bbox 1572 2777 1627 2825; x_wconf 87' lang='lat' dir='ltr'><strong>et</strong></span> <span class='ocrx_word' id='word_1_335' title='bbox 1666 2769 1881 2826; x_wconf 87' lang='lat' dir='ltr'><strong>Patrem</strong></span> <span class='ocrx_word' id='word_1_336' title='bbox 1915 2773 2015 2827; x_wconf 80' lang='lat' dir='ltr'><strong>Do-</strong></span> 
     </span>
    </p>
   </div>
   <div class='ocr_carea' id='block_1_46' title="bbox 426 2854 2013 2935">
    <p class='ocr_par' dir='ltr' id='par_1_46' title="bbox 426 2854 2013 2935">
     <span class='ocr_line' id='line_1_46' title="bbox 426 2854 2013 2935; baseline 0.009 -29"><span class='ocrx_word' id='word_1_337' title='bbox 426 2854 558 2908; x_wconf 87' lang='lat' dir='ltr'><strong>mini</strong></span> <span class='ocrx_word' id='word_1_338' title='bbox 591 2858 758 2909; x_wconf 88' lang='lat' dir='ltr'><strong>nostri</strong></span> <span class='ocrx_word' id='word_1_339' title='bbox 794 2855 922 2911; x_wconf 80' lang='lat' dir='ltr'><strong>.Iesu</strong></span> <span class='ocrx_word' id='word_1_340' title='bbox 966 2858 1190 2913; x_wconf 76' lang='lat' dir='ltr'><strong>Christi.</strong></span> <span class='ocrx_word' id='word_1_341' title='bbox 1223 2879 1242 2911; x_wconf 79' lang='grc' dir='ltr'><strong>ι</strong></span> <span class='ocrx_word' id='word_1_342' title='bbox 1287 2860 1420 2928; x_wconf 84' lang='lat' dir='ltr'><strong>Quis</strong></span> <span class='ocrx_word' id='word_1_343' title='bbox 1449 2878 1578 2918; x_wconf 87' lang='lat' dir='ltr'><strong>vero</strong></span> <span class='ocrx_word' id='word_1_344' title='bbox 1611 2873 1695 2918; x_wconf 89' lang='lat' dir='ltr'><strong>est</strong></span> <span class='ocrx_word' id='word_1_345' title='bbox 1725 2865 1886 2931; x_wconf 86' lang='lat' dir='ltr'><strong>Deus,</strong></span> <span class='ocrx_word' id='word_1_346' title='bbox 1922 2866 2013 2935; x_wconf 91' lang='lat' dir='ltr'><strong>qui</strong></span> 
     </span>
    </p>
   </div>
   <div class='ocr_carea' id='block_1_47' title="bbox 425 2946 2012 3028">
    <p class='ocr_par' dir='ltr' id='par_1_47' title="bbox 425 2946 2012 3028">
     <span class='ocr_line' id='line_1_47' title="bbox 425 2946 2012 3028; baseline 0.008 -28"><span class='ocrx_word' id='word_1_347' title='bbox 425 2946 518 3000; x_wconf 76' lang='lat' dir='ltr'><strong>dat</strong></span> <span class='ocrx_word' id='word_1_348' title='bbox 557 2947 716 3002; x_wconf 88' lang='lat' dir='ltr'><strong>nobis</strong></span> <span class='ocrx_word' id='word_1_349' title='bbox 765 2948 834 3002; x_wconf 87' lang='lat' dir='ltr'><strong>ita</strong></span> <span class='ocrx_word' id='word_1_350' title='bbox 875 2965 1067 3020; x_wconf 84' lang='lat' dir='ltr'><strong>sapere</strong></span> <span class='ocrx_word' id='word_1_351' title='bbox 1118 2953 1184 3006; x_wconf 89' lang='lat' dir='ltr'><strong>de</strong></span> <span class='ocrx_word' id='word_1_352' title='bbox 1223 2952 1404 3013; x_wconf 86' lang='lat' dir='ltr'><strong>Patre.</strong></span> <span class='ocrx_word' id='word_1_353' title='bbox 1433 2966 1489 3008; x_wconf 82' lang='lat' dir='ltr'><strong>et</strong></span> <span class='ocrx_word' id='word_1_354' title='bbox 1543 2955 1830 3026; x_wconf 86' lang='lat' dir='ltr'><strong>Unigenito</strong></span> <span class='ocrx_word' id='word_1_355' title='bbox 1875 2960 2012 3028; x_wconf 89' lang='lat' dir='ltr'><strong>ejus,</strong></span> 
     </span>
    </p>
   </div>
   <div class='ocr_carea' id='block_1_48' title="bbox 425 3036 2010 3114">
    <p class='ocr_par' dir='ltr' id='par_1_48' title="bbox 425 3036 2010 3114">
     <span class='ocr_line' id='line_1_48' title="bbox 425 3036 2010 3114; baseline 0.009 -25"><span class='ocrx_word' id='word_1_356' title='bbox 425 3038 528 3090; x_wconf 91' lang='lat' dir='ltr'><strong>nisi</strong></span> <span class='ocrx_word' id='word_1_357' title='bbox 556 3036 790 3106; x_wconf 88' lang='lat' dir='ltr'><strong>Spiritus</strong></span> <span class='ocrx_word' id='word_1_358' title='bbox 828 3042 1090 3097; x_wconf 80' lang='lat' dir='ltr'><strong>sanctus?</strong></span> <span class='ocrx_word' id='word_1_359' title='bbox 1123 3041 1380 3114; x_wconf 88' lang='lat' dir='ltr'><strong>Superest</strong></span> <span class='ocrx_word' id='word_1_360' title='bbox 1412 3046 1556 3100; x_wconf 91' lang='lat' dir='ltr'><strong>enim</strong></span> <span class='ocrx_word' id='word_1_361' title='bbox 1583 3047 1700 3112; x_wconf 84' lang='lat' dir='ltr'><strong>ipse</strong></span> <span class='ocrx_word' id='word_1_362' title='bbox 1727 3050 2010 3114; x_wconf 81' lang='lat' dir='ltr'><strong>duntaxat,</strong></span> 
     </span>
    </p>
   </div>
   <div class='ocr_carea' id='block_1_49' title="bbox 425 3131 2084 3223">
    <p class='ocr_par' dir='ltr' id='par_1_49' title="bbox 425 3131 2084 3223">
     <span class='ocr_line' id='line_1_49' title="bbox 425 3131 2084 3223; baseline 0.01 -42"><span class='ocrx_word' id='word_1_363' title='bbox 425 3143 584 3223; x_wconf 86' lang='lat' dir='ltr'><strong>quem</strong></span> <span class='ocrx_word' id='word_1_364' title='bbox 618 3132 707 3184; x_wconf 90' lang='lat' dir='ltr'><strong>hic</strong></span> <span class='ocrx_word' id='word_1_365' title='bbox 752 3131 1050 3203; x_wconf 72' lang='lat' dir='ltr'><strong>intelligere</strong></span> <span class='ocrx_word' id='word_1_366' title='bbox 1085 3136 1378 3204; x_wconf 89' lang='lat' dir='ltr'><strong>possimus.</strong></span> <span class='ocrx_word' id='word_1_367' title='bbox 1413 3137 1519 3193; x_wconf 86' lang='lat' dir='ltr'><strong>Sed</strong></span> <span class='ocrx_word' id='word_1_368' title='bbox 1561 3139 2011 3196; x_wconf 64' lang='lat' dir='ltr'><strong>Thessalmiicem</strong></span> <span class='ocrx_word' id='word_1_369' title='bbox 2039 3161 2084 3223; x_wconf 75' lang='grc' dir='ltr'><strong>ρ</strong></span> 
     </span>
    </p>
   </div>
   <div class='ocr_carea' id='block_1_50' title="bbox 425 3221 2012 3305">
    <p class='ocr_par' dir='ltr' id='par_1_50' title="bbox 425 3221 2012 3305">
     <span class='ocr_line' id='line_1_50' title="bbox 425 3221 2012 3305; baseline 0.009 -30"><span class='ocrx_word' id='word_1_370' title='bbox 425 3221 574 3276; x_wconf 88' lang='lat' dir='ltr'><strong>sibus</strong></span> <span class='ocrx_word' id='word_1_371' title='bbox 609 3237 825 3294; x_wconf 89' lang='lat' dir='ltr'><strong>quoque</strong></span> <span class='ocrx_word' id='word_1_372' title='bbox 854 3226 1109 3281; x_wconf 88' lang='lat' dir='ltr'><strong>similiter</strong></span> <span class='ocrx_word' id='word_1_373' title='bbox 1141 3229 1334 3284; x_wconf 87' lang='lat' dir='ltr'><strong>scribit</strong></span> <span class='ocrx_word' id='word_1_374' title='bbox 1367 3247 1383 3284; x_wconf 92' lang='lat'><strong>:</strong></span> <span class='ocrx_word' id='word_1_375' title='bbox 1425 3250 1444 3283; x_wconf 76' lang='grc' dir='ltr'><strong>ι</strong></span> <span class='ocrx_word' id='word_1_376' title='bbox 1474 3233 1736 3287; x_wconf 88' lang='lat' dir='ltr'><strong>Dominus</strong></span> <span class='ocrx_word' id='word_1_377' title='bbox 1762 3232 1877 3305; x_wconf 83' lang='lat'><strong>(87)</strong></span> <span class='ocrx_word' id='word_1_378' title='bbox 1913 3251 2012 3289; x_wconf 84' lang='lat' dir='ltr'><strong>au-</strong></span> 
     </span>
    </p>
   </div>
   <div class='ocr_carea' id='block_1_51' title="bbox 427 3317 2012 3388">
    <p class='ocr_par' dir='ltr' id='par_1_51' title="bbox 427 3317 2012 3388">
     <span class='ocr_line' id='line_1_51' title="bbox 427 3317 2012 3388; baseline 0.008 -20"><span class='ocrx_word' id='word_1_379' title='bbox 427 3327 532 3369; x_wconf 85' lang='lat' dir='ltr'><strong>tem</strong></span> <span class='ocrx_word' id='word_1_380' title='bbox 568 3317 767 3388; x_wconf 88' lang='lat' dir='ltr'><strong>dirigat</strong></span> <span class='ocrx_word' id='word_1_381' title='bbox 806 3319 970 3373; x_wconf 87' lang='lat' dir='ltr'><strong>corda</strong></span> <span class='ocrx_word' id='word_1_382' title='bbox 1023 3331 1204 3374; x_wconf 82' lang='lat' dir='ltr'><strong>vestra</strong></span> <span class='ocrx_word' id='word_1_383' title='bbox 1251 3321 1305 3376; x_wconf 92' lang='lat' dir='ltr'><strong>in</strong></span> <span class='ocrx_word' id='word_1_384' title='bbox 1351 3323 1673 3378; x_wconf 82' lang='lat' dir='ltr'><strong>charitatein</strong></span> <span class='ocrx_word' id='word_1_385' title='bbox 1718 3325 1834 3388; x_wconf 88' lang='lat' dir='ltr'><strong>Dei,</strong></span> <span class='ocrx_word' id='word_1_386' title='bbox 1866 3336 1922 3381; x_wconf 91' lang='lat' dir='ltr'><strong>et</strong></span> <span class='ocrx_word' id='word_1_387' title='bbox 1959 3327 2012 3380; x_wconf 92' lang='lat' dir='ltr'><strong>in</strong></span> 
     </span>
    </p>
   </div>
   <div class='ocr_carea' id='block_1_52' title="bbox 425 3409 2017 3483">
    <p class='ocr_par' dir='ltr' id='par_1_52' title="bbox 425 3409 2017 3483">
     <span class='ocr_line' id='line_1_52' title="bbox 425 3409 2017 3483; baseline 0.008 -23"><span class='ocrx_word' id='word_1_388' title='bbox 425 3409 738 3476; x_wconf 77' lang='lat' dir='ltr'><strong>patientiam</strong></span> <span class='ocrx_word' id='word_1_389' title='bbox 779 3410 1004 3466; x_wconf 89' lang='lat' dir='ltr'><strong>Christi.</strong></span> <span class='ocrx_word' id='word_1_390' title='bbox 1041 3430 1061 3464; x_wconf 77' lang='grc' dir='ltr'><strong>ι</strong></span> <span class='ocrx_word' id='word_1_391' title='bbox 1107 3413 1253 3468; x_wconf 77' lang='lat' dir='ltr'><strong>Adeo</strong></span> <span class='ocrx_word' id='word_1_392' title='bbox 1291 3423 1351 3467; x_wconf 90' lang='lat' dir='ltr'><strong>ut</strong></span> <span class='ocrx_word' id='word_1_393' title='bbox 1390 3413 1627 3483; x_wconf 87' lang='lat' dir='ltr'><strong>Spiritus</strong></span> <span class='ocrx_word' id='word_1_394' title='bbox 1670 3427 1894 3471; x_wconf 85' lang='lat' dir='ltr'><strong>sanctus</strong></span> <span class='ocrx_word' id='word_1_395' title='bbox 1944 3417 2017 3473; x_wconf 88' lang='lat' dir='ltr'><strong>sit</strong></span> 
     </span>
    </p>
   </div>
   <div class='ocr_carea' id='block_1_53' title="bbox 429 3500 2014 3572">
    <p class='ocr_par' dir='ltr' id='par_1_53' title="bbox 429 3500 2014 3572">
     <span class='ocr_line' id='line_1_53' title="bbox 429 3500 2014 3572; baseline 0.007 -22"><span class='ocrx_word' id='word_1_396' title='bbox 429 3500 518 3553; x_wconf 88' lang='lat' dir='ltr'><strong>ille</strong></span> <span class='ocrx_word' id='word_1_397' title='bbox 556 3501 817 3555; x_wconf 87' lang='lat' dir='ltr'><strong>Dominus</strong></span> <span class='ocrx_word' id='word_1_398' title='bbox 843 3540 858 3565; x_wconf 89' lang='lat'><strong>,</strong></span> <span class='ocrx_word' id='word_1_399' title='bbox 894 3502 984 3570; x_wconf 91' lang='lat' dir='ltr'><strong>qui</strong></span> <span class='ocrx_word' id='word_1_400' title='bbox 1039 3501 1226 3572; x_wconf 83' lang='lat' dir='ltr'><strong>dirigit</strong></span> <span class='ocrx_word' id='word_1_401' title='bbox 1258 3502 1311 3556; x_wconf 91' lang='lat' dir='ltr'><strong>in</strong></span> <span class='ocrx_word' id='word_1_402' title='bbox 1340 3503 1664 3558; x_wconf 83' lang='lat' dir='ltr'><strong>cliaritatem</strong></span> <span class='ocrx_word' id='word_1_403' title='bbox 1693 3505 1782 3559; x_wconf 88' lang='lat' dir='ltr'><strong>Dei</strong></span> <span class='ocrx_word' id='word_1_404' title='bbox 1823 3515 1877 3561; x_wconf 91' lang='lat' dir='ltr'><strong>et</strong></span> <span class='ocrx_word' id='word_1_405' title='bbox 1909 3504 2014 3561; x_wconf 86' lang='lat' dir='ltr'><strong>Pa-</strong></span> 
     </span>
    </p>
   </div>
   <div class='ocr_carea' id='block_1_54' title="bbox 430 3592 1986 3661">
    <p class='ocr_par' dir='ltr' id='par_1_54' title="bbox 430 3592 1986 3661">
     <span class='ocr_line' id='line_1_54' title="bbox 430 3592 1986 3661; baseline 0.006 -20"><span class='ocrx_word' id='word_1_406' title='bbox 430 3592 548 3656; x_wconf 66' lang='lat' dir='ltr'><strong>tris,</strong></span> <span class='ocrx_word' id='word_1_407' title='bbox 606 3599 661 3644; x_wconf 90' lang='lat' dir='ltr'><strong>et</strong></span> <span class='ocrx_word' id='word_1_408' title='bbox 705 3593 756 3645; x_wconf 91' lang='lat' dir='ltr'><strong>in</strong></span> <span class='ocrx_word' id='word_1_409' title='bbox 807 3594 1125 3661; x_wconf 82' lang='lat' dir='ltr'><strong>patientiam</strong></span> <span class='ocrx_word' id='word_1_410' title='bbox 1155 3592 1309 3660; x_wconf 86' lang='lat' dir='ltr'><strong>Filii;</strong></span> <span class='ocrx_word' id='word_1_411' title='bbox 1346 3603 1402 3650; x_wconf 86' lang='lat' dir='ltr'><strong>et</strong></span> <span class='ocrx_word' id='word_1_412' title='bbox 1443 3611 1634 3650; x_wconf 85' lang='lat' dir='ltr'><strong>rursus</strong></span> <span class='ocrx_word' id='word_1_413' title='bbox 1662 3619 1673 3651; x_wconf 93' lang='lat'><strong>:</strong></span> <span class='ocrx_word' id='word_1_414' title='bbox 1705 3613 1724 3648; x_wconf 79' lang='grc' dir='ltr'><strong>ι</strong></span> <span class='ocrx_word' id='word_1_415' title='bbox 1768 3596 1876 3652; x_wconf 83' lang='lat' dir='ltr'><strong>Vos</strong></span> <span class='ocrx_word' id='word_1_416' title='bbox 1921 3613 1986 3651; x_wconf 84' lang='lat' dir='ltr'><strong>att</strong></span> 
     </span>
    </p>
   </div>
   <div class='ocr_carea' id='block_1_55' title="bbox 429 3682 2019 3754">
    <p class='ocr_par' dir='ltr' id='par_1_55' title="bbox 429 3682 2019 3754">
     <span class='ocr_line' id='line_1_55' title="bbox 429 3682 2019 3754; baseline 0.005 -18"><span class='ocrx_word' id='word_1_417' title='bbox 429 3693 537 3737; x_wconf 83' lang='lat' dir='ltr'><strong>tem</strong></span> <span class='ocrx_word' id='word_1_418' title='bbox 573 3682 682 3754; x_wconf 85' lang='lat'><strong>(88)</strong></span> <span class='ocrx_word' id='word_1_419' title='bbox 723 3683 983 3738; x_wconf 89' lang='lat' dir='ltr'><strong>Dominus</strong></span> <span class='ocrx_word' id='word_1_420' title='bbox 1035 3686 1377 3754; x_wconf 90' lang='lat' dir='ltr'><strong>multiplicet,</strong></span> <span class='ocrx_word' id='word_1_421' title='bbox 1416 3697 1471 3742; x_wconf 88' lang='lat' dir='ltr'><strong>et</strong></span> <span class='ocrx_word' id='word_1_422' title='bbox 1520 3688 1801 3744; x_wconf 87' lang='lat' dir='ltr'><strong>abundare</strong></span> <span class='ocrx_word' id='word_1_423' title='bbox 1855 3689 2019 3745; x_wconf 85' lang='lat' dir='ltr'><strong>faciat</strong></span> 
     </span>
    </p>
   </div>
   <div class='ocr_carea' id='block_1_56' title="bbox 429 3774 2016 3844">
    <p class='ocr_par' dir='ltr' id='par_1_56' title="bbox 429 3774 2016 3844">
     <span class='ocr_line' id='line_1_56' title="bbox 429 3774 2016 3844; baseline 0.004 -16"><span class='ocrx_word' id='word_1_424' title='bbox 429 3775 699 3829; x_wconf 88' lang='lat' dir='ltr'><strong>charitate</strong></span> <span class='ocrx_word' id='word_1_425' title='bbox 727 3774 779 3828; x_wconf 93' lang='lat' dir='ltr'><strong>in</strong></span> <span class='ocrx_word' id='word_1_426' title='bbox 815 3777 1070 3839; x_wconf 78' lang='lat' dir='ltr'><strong>invicem,</strong></span> <span class='ocrx_word' id='word_1_427' title='bbox 1111 3787 1165 3830; x_wconf 87' lang='lat' dir='ltr'><strong>et</strong></span> <span class='ocrx_word' id='word_1_428' title='bbox 1201 3778 1251 3829; x_wconf 94' lang='lat' dir='ltr'><strong>in</strong></span> <span class='ocrx_word' id='word_1_429' title='bbox 1292 3793 1504 3844; x_wconf 89' lang='lat' dir='ltr'><strong>omnes,</strong></span> <span class='ocrx_word' id='word_1_430' title='bbox 1552 3781 2016 3843; x_wconf 71' lang='lat' dir='ltr'><strong>quemadmodum</strong></span> 
     </span>
    </p>
   </div>
   <div class='ocr_carea' id='block_1_57' title="bbox 429 3867 2019 3934">
    <p class='ocr_par' dir='ltr' id='par_1_57' title="bbox 429 3867 2019 3934">
     <span class='ocr_line' id='line_1_57' title="bbox 429 3867 2019 3934; baseline 0.004 -12"><span class='ocrx_word' id='word_1_431' title='bbox 429 3875 486 3922; x_wconf 92' lang='lat' dir='ltr'><strong>et</strong></span> <span class='ocrx_word' id='word_1_432' title='bbox 535 3881 636 3921; x_wconf 88' lang='lat' dir='ltr'><strong>nos</strong></span> <span class='ocrx_word' id='word_1_433' title='bbox 683 3867 734 3920; x_wconf 94' lang='lat' dir='ltr'><strong>in</strong></span> <span class='ocrx_word' id='word_1_434' title='bbox 783 3882 920 3934; x_wconf 84' lang='lat' dir='ltr'><strong>vos;</strong></span> <span class='ocrx_word' id='word_1_435' title='bbox 960 3869 1028 3922; x_wconf 85' lang='lat' dir='ltr'><strong>ad</strong></span> <span class='ocrx_word' id='word_1_436' title='bbox 1063 3869 1432 3923; x_wconf 90' lang='lat' dir='ltr'><strong>confirmanda</strong></span> <span class='ocrx_word' id='word_1_437' title='bbox 1485 3873 1650 3924; x_wconf 89' lang='lat' dir='ltr'><strong>corda</strong></span> <span class='ocrx_word' id='word_1_438' title='bbox 1681 3885 1858 3926; x_wconf 82' lang='lat' dir='ltr'><strong>vestra</strong></span> <span class='ocrx_word' id='word_1_439' title='bbox 1900 3873 2019 3928; x_wconf 79' lang='lat' dir='ltr'><strong>sine</strong></span> 
     </span>
    </p>
   </div>
   <div class='ocr_carea' id='block_1_58' title="bbox 432 3956 2020 4026">
    <p class='ocr_par' dir='ltr' id='par_1_58' title="bbox 432 3956 2020 4026">
     <span class='ocr_line' id='line_1_58' title="bbox 432 3956 2020 4026; baseline 0.005 -18"><span class='ocrx_word' id='word_1_440' title='bbox 432 3956 651 4026; x_wconf 85' lang='lat' dir='ltr'><strong>querela</strong></span> <span class='ocrx_word' id='word_1_441' title='bbox 675 3956 787 4025; x_wconf 89' lang='lat'><strong>(89)</strong></span> <span class='ocrx_word' id='word_1_442' title='bbox 825 3957 876 4010; x_wconf 92' lang='lat' dir='ltr'><strong>in</strong></span> <span class='ocrx_word' id='word_1_443' title='bbox 915 3957 1222 4021; x_wconf 88' lang='lat' dir='ltr'><strong>sanctitate,</strong></span> <span class='ocrx_word' id='word_1_444' title='bbox 1265 3975 1449 4014; x_wconf 89' lang='lat' dir='ltr'><strong>coram</strong></span> <span class='ocrx_word' id='word_1_445' title='bbox 1476 3962 1599 4026; x_wconf 74' lang='lat' dir='ltr'><strong>jDeo</strong></span> <span class='ocrx_word' id='word_1_446' title='bbox 1651 3971 1705 4015; x_wconf 91' lang='lat' dir='ltr'><strong>et</strong></span> <span class='ocrx_word' id='word_1_447' title='bbox 1739 3959 1901 4016; x_wconf 87' lang='lat' dir='ltr'><strong>Patre</strong></span> <span class='ocrx_word' id='word_1_448' title='bbox 1931 3979 2020 4016; x_wconf 81' lang='lat' dir='ltr'><strong>no-</strong></span> 
     </span>
    </p>
   </div>
   <div class='ocr_carea' id='block_1_59' title="bbox 434 4044 2019 4118">
    <p class='ocr_par' dir='ltr' id='par_1_59' title="bbox 434 4044 2019 4118">
     <span class='ocr_line' id='line_1_59' title="bbox 434 4044 2019 4118; baseline 0.005 -20"><span class='ocrx_word' id='word_1_449' title='bbox 434 4053 570 4109; x_wconf 86' lang='lat' dir='ltr'><strong>stro,</strong></span> <span class='ocrx_word' id='word_1_450' title='bbox 600 4044 652 4097; x_wconf 92' lang='lat' dir='ltr'><strong>in</strong></span> <span class='ocrx_word' id='word_1_451' title='bbox 683 4045 914 4099; x_wconf 85' lang='lat' dir='ltr'><strong>adventu</strong></span> <span class='ocrx_word' id='word_1_452' title='bbox 954 4046 1162 4100; x_wconf 89' lang='lat' dir='ltr'><strong>Domini</strong></span> <span class='ocrx_word' id='word_1_453' title='bbox 1199 4050 1365 4101; x_wconf 88' lang='lat' dir='ltr'><strong>nostri</strong></span> <span class='ocrx_word' id='word_1_454' title='bbox 1396 4047 1522 4102; x_wconf 78' lang='lat' dir='ltr'><strong>Jesu</strong></span> <span class='ocrx_word' id='word_1_455' title='bbox 1565 4049 1788 4104; x_wconf 90' lang='lat' dir='ltr'><strong>Christi.</strong></span> <span class='ocrx_word' id='word_1_456' title='bbox 1837 4070 1856 4102; x_wconf 77' lang='grc' dir='ltr'><strong>ι</strong></span> <span class='ocrx_word' id='word_1_457' title='bbox 1885 4052 2019 4118; x_wconf 88' lang='lat' dir='ltr'><strong>Quis</strong></span> 
     </span>
    </p>
   </div>
   <div class='ocr_carea' id='block_1_60' title="bbox 434 4137 2022 4211">
    <p class='ocr_par' dir='ltr' id='par_1_60' title="bbox 434 4137 2022 4211">
     <span class='ocr_line' id='line_1_60' title="bbox 434 4137 2022 4211; baseline 0.009 -25"><span class='ocrx_word' id='word_1_458' title='bbox 434 4152 598 4205; x_wconf 82' lang='lat' dir='ltr'><strong>porro</strong></span> <span class='ocrx_word' id='word_1_459' title='bbox 621 4147 704 4192; x_wconf 90' lang='lat' dir='ltr'><strong>est</strong></span> <span class='ocrx_word' id='word_1_460' title='bbox 735 4137 822 4192; x_wconf 88' lang='lat' dir='ltr'><strong>ille</strong></span> <span class='ocrx_word' id='word_1_461' title='bbox 852 4137 1128 4204; x_wconf 89' lang='lat' dir='ltr'><strong>Dominus,</strong></span> <span class='ocrx_word' id='word_1_462' title='bbox 1164 4141 1254 4209; x_wconf 87' lang='lat' dir='ltr'><strong>qui</strong></span> <span class='ocrx_word' id='word_1_463' title='bbox 1293 4141 1611 4211; x_wconf 88' lang='lat' dir='ltr'><strong>multiplicat</strong></span> <span class='ocrx_word' id='word_1_464' title='bbox 1650 4154 1704 4197; x_wconf 87' lang='lat' dir='ltr'><strong>et</strong></span> <span class='ocrx_word' id='word_1_465' title='bbox 1737 4143 2022 4200; x_wconf 86' lang='lat' dir='ltr'><strong>c0nfirmat</strong></span> 
     </span>
    </p>
   </div>
   <div class='ocr_carea' id='block_1_61' title="bbox 433 4229 2020 4305">
    <p class='ocr_par' dir='ltr' id='par_1_61' title="bbox 433 4229 2020 4305">
     <span class='ocr_line' id='line_1_61' title="bbox 433 4229 2020 4305; baseline 0.004 -23"><span class='ocrx_word' id='word_1_466' title='bbox 433 4229 487 4282; x_wconf 90' lang='lat' dir='ltr'><strong>in</strong></span> <span class='ocrx_word' id='word_1_467' title='bbox 518 4233 806 4285; x_wconf 80' lang='lat' dir='ltr'><strong>sanctitate</strong></span> <span class='ocrx_word' id='word_1_468' title='bbox 853 4245 1037 4285; x_wconf 82' lang='lat' dir='ltr'><strong>coram</strong></span> <span class='ocrx_word' id='word_1_469' title='bbox 1091 4231 1250 4286; x_wconf 88' lang='lat' dir='ltr'><strong>Patre</strong></span> <span class='ocrx_word' id='word_1_470' title='bbox 1297 4241 1351 4286; x_wconf 88' lang='lat' dir='ltr'><strong>et</strong></span> <span class='ocrx_word' id='word_1_471' title='bbox 1390 4231 1562 4297; x_wconf 87' lang='lat' dir='ltr'><strong>Filio,</strong></span> <span class='ocrx_word' id='word_1_472' title='bbox 1619 4234 1720 4288; x_wconf 89' lang='lat' dir='ltr'><strong>nisi</strong></span> <span class='ocrx_word' id='word_1_473' title='bbox 1787 4235 2020 4305; x_wconf 81' lang='lat' dir='ltr'><strong>Spiritus</strong></span> 
     </span>
    </p>
   </div>
   <div class='ocr_carea' id='block_1_62' title="bbox 433 4321 2019 4397">
    <p class='ocr_par' dir='ltr' id='par_1_62' title="bbox 433 4321 2019 4397">
     <span class='ocr_line' id='line_1_62' title="bbox 433 4321 2019 4397; baseline 0.005 -22"><span class='ocrx_word' id='word_1_474' title='bbox 433 4322 690 4376; x_wconf 77' lang='lat' dir='ltr'><strong>sanctus?</strong></span> <span class='ocrx_word' id='word_1_475' title='bbox 721 4321 871 4392; x_wconf 87' lang='lat' dir='ltr'><strong>Ipsos</strong></span> <span class='ocrx_word' id='word_1_476' title='bbox 902 4323 1153 4378; x_wconf 88' lang='lat' dir='ltr'><strong>hortatur</strong></span> <span class='ocrx_word' id='word_1_477' title='bbox 1196 4325 1438 4392; x_wconf 89' lang='lat' dir='ltr'><strong>insuper,</strong></span> <span class='ocrx_word' id='word_1_478' title='bbox 1470 4340 1535 4376; x_wconf 87' lang='lat' dir='ltr'><strong>ne</strong></span> <span class='ocrx_word' id='word_1_479' title='bbox 1565 4341 1631 4379; x_wconf 81' lang='lat' dir='ltr'><strong>cx</strong></span> <span class='ocrx_word' id='word_1_480' title='bbox 1663 4327 1895 4394; x_wconf 85' lang='lat' dir='ltr'><strong>quadam</strong></span> <span class='ocrx_word' id='word_1_481' title='bbox 1930 4343 2019 4397; x_wconf 90' lang='lat' dir='ltr'><strong>pe-</strong></span> 
     </span>
    </p>
   </div>
   <div class='ocr_carea' id='block_1_63' title="bbox 435 4413 2016 4488">
    <p class='ocr_par' dir='ltr' id='par_1_63' title="bbox 435 4413 2016 4488">
     <span class='ocr_line' id='line_1_63' title="bbox 435 4413 2016 4488; baseline 0.004 -25"><span class='ocrx_word' id='word_1_482' title='bbox 435 4413 682 4480; x_wconf 64' lang='lat' dir='ltr'><strong>tulantia,</strong></span> <span class='ocrx_word' id='word_1_483' title='bbox 744 4422 838 4467; x_wconf 90' lang='lat' dir='ltr'><strong>aut</strong></span> <span class='ocrx_word' id='word_1_484' title='bbox 887 4415 1216 4484; x_wconf 74' lang='lat' dir='ltr'><strong>negligentia</strong></span> <span class='ocrx_word' id='word_1_485' title='bbox 1275 4415 1672 4488; x_wconf 74' lang='lat' dir='ltr'><strong>a&#39;ternam(9U)</strong></span> <span class='ocrx_word' id='word_1_486' title='bbox 1721 4416 1840 4485; x_wconf 79' lang='lat' dir='ltr'><strong>ejus</strong></span> <span class='ocrx_word' id='word_1_487' title='bbox 1889 4435 2016 4488; x_wconf 81' lang='lat' dir='ltr'><strong>gra-</strong></span> 
     </span>
    </p>
   </div>
   <div class='ocr_carea' id='block_1_64' title="bbox 2109 1938 3692 2012">
    <p class='ocr_par' dir='ltr' id='par_1_64' title="bbox 2109 1938 3692 2012">
     <span class='ocr_line' id='line_1_64' title="bbox 2109 1938 3692 2012; baseline -0.002 -16"><span class='ocrx_word' id='word_1_488' title='bbox 2109 1941 2250 2000; x_wconf 79' lang='grc' dir='ltr'>ἀειοῖ</span> <span class='ocrx_word' id='word_1_489' title='bbox 2289 1942 2510 2012; x_wconf 73' lang='grc' dir='ltr'>ίράερειν</span> <span class='ocrx_word' id='word_1_490' title='bbox 2531 1959 2544 1972; x_wconf 76' lang='grc' dir='ltr'><strong>ο</strong></span> <span class='ocrx_word' id='word_1_491' title='bbox 2587 1941 2772 2010; x_wconf 80' lang='grc' dir='ltr'>ἔχουσι</span> <span class='ocrx_word' id='word_1_492' title='bbox 2801 1941 2844 1993; x_wconf 85' lang='grc' dir='ltr'>δ’</span> <span class='ocrx_word' id='word_1_493' title='bbox 2881 1942 2938 1993; x_wconf 81' lang='grc' dir='ltr'>αἱ</span> <span class='ocrx_word' id='word_1_494' title='bbox 2964 1938 3137 2005; x_wconf 75' lang='grc' dir='ltr'>λέξεις</span> <span class='ocrx_word' id='word_1_495' title='bbox 3171 1941 3317 1995; x_wconf 80' lang='grc' dir='ltr'>τόνδε</span> <span class='ocrx_word' id='word_1_496' title='bbox 3349 1941 3440 1994; x_wconf 90' lang='grc' dir='ltr'><strong>τὸν</strong></span> <span class='ocrx_word' id='word_1_497' title='bbox 3468 1941 3692 2012; x_wconf 77' lang='grc' dir='ltr'>τρόπον’</span> 
     </span>
    </p>
   </div>
   <div class='ocr_carea' id='block_1_65' title="bbox 2116 2033 3698 2105">
    <p class='ocr_par' dir='ltr' id='par_1_65' title="bbox 2116 2033 3698 2105">
     <span class='ocr_line' id='line_1_65' title="bbox 2116 2033 3698 2105; baseline 0.001 -19"><span class='ocrx_word' id='word_1_498' title='bbox 2116 2053 2134 2085; x_wconf 76' lang='grc' dir='ltr'><strong>ι</strong></span> <span class='ocrx_word' id='word_1_499' title='bbox 2161 2033 2216 2087; x_wconf 88' lang='lat'><strong>&#39;0</strong></span> <span class='ocrx_word' id='word_1_500' title='bbox 2246 2035 2302 2087; x_wconf 79' lang='grc' dir='ltr'>δὲ</span> <span class='ocrx_word' id='word_1_501' title='bbox 2340 2034 2472 2097; x_wconf 84' lang='grc' dir='ltr'>Θεὸς</span> <span class='ocrx_word' id='word_1_502' title='bbox 2496 2033 2594 2104; x_wconf 79' lang='grc' dir='ltr'>τῆς</span> <span class='ocrx_word' id='word_1_503' title='bbox 2625 2035 2904 2105; x_wconf 75' lang='grc' dir='ltr'>ὑπομονῆς</span> <span class='ocrx_word' id='word_1_504' title='bbox 2946 2034 3038 2086; x_wconf 78' lang='grc' dir='ltr'>καὶ</span> <span class='ocrx_word' id='word_1_505' title='bbox 3069 2034 3171 2104; x_wconf 75' lang='grc' dir='ltr'>τῆς</span> <span class='ocrx_word' id='word_1_506' title='bbox 3197 2034 3410 2098; x_wconf 76' lang='grc' dir='ltr'>ἐλπίδος</span> <span class='ocrx_word' id='word_1_507' title='bbox 3433 2033 3540 2105; x_wconf 77' lang='grc' dir='ltr'>δῴη</span> <span class='ocrx_word' id='word_1_508' title='bbox 3565 2034 3698 2103; x_wconf 81' lang='grc' dir='ltr'>ὑμῖν</span> 
     </span>
    </p>
   </div>
   <div class='ocr_carea' id='block_1_66' title="bbox 2109 2123 3696 2196">
    <p class='ocr_par' dir='ltr' id='par_1_66' title="bbox 2109 2123 3696 2196">
     <span class='ocr_line' id='line_1_66' title="bbox 2109 2123 3696 2196; baseline 0.001 -20"><span class='ocrx_word' id='word_1_509' title='bbox 2109 2124 2170 2176; x_wconf 90' lang='grc' dir='ltr'><strong>τὸ</strong></span> <span class='ocrx_word' id='word_1_510' title='bbox 2196 2125 2329 2178; x_wconf 83' lang='grc' dir='ltr'>αὐτὸ</span> <span class='ocrx_word' id='word_1_511' title='bbox 2359 2128 2574 2196; x_wconf 83' lang='grc' dir='ltr'>φρονεῖν</span> <span class='ocrx_word' id='word_1_512' title='bbox 2605 2127 2662 2178; x_wconf 84' lang='grc' dir='ltr'>ὲν</span> <span class='ocrx_word' id='word_1_513' title='bbox 2693 2125 2966 2195; x_wconf 87' lang='grc' dir='ltr'>ἀλλήλοις,</span> <span class='ocrx_word' id='word_1_514' title='bbox 3007 2125 3149 2178; x_wconf 85' lang='grc' dir='ltr'><strong>κατά</strong></span> <span class='ocrx_word' id='word_1_515' title='bbox 3191 2123 3398 2195; x_wconf 80' lang='grc' dir='ltr'>Ἰησοῦν</span> <span class='ocrx_word' id='word_1_516' title='bbox 3429 2123 3696 2195; x_wconf 78' lang='grc' dir='ltr'>Χριστόν·</span> 
     </span>
    </p>
   </div>
   <div class='ocr_carea' id='block_1_67' title="bbox 2112 2215 3699 2287">
    <p class='ocr_par' dir='ltr' id='par_1_67' title="bbox 2112 2215 3699 2287">
     <span class='ocr_line' id='line_1_67' title="bbox 2112 2215 3699 2287; baseline 0.001 -18"><span class='ocrx_word' id='word_1_517' title='bbox 2112 2216 2197 2269; x_wconf 81' lang='grc' dir='ltr'>ἵνα</span> <span class='ocrx_word' id='word_1_518' title='bbox 2222 2215 2564 2286; x_wconf 77' lang='grc' dir='ltr'>ὁμοθυμαδὸν</span> <span class='ocrx_word' id='word_1_519' title='bbox 2590 2219 2646 2269; x_wconf 82' lang='grc' dir='ltr'>ὲν</span> <span class='ocrx_word' id='word_1_520' title='bbox 2695 2217 2776 2270; x_wconf 78' lang='grc' dir='ltr'>ένὶ</span> <span class='ocrx_word' id='word_1_521' title='bbox 2817 2216 3044 2287; x_wconf 86' lang='grc' dir='ltr'>στόματι</span> <span class='ocrx_word' id='word_1_522' title='bbox 3105 2215 3361 2286; x_wconf 76' lang='grc' dir='ltr'>δοξάζητε</span> <span class='ocrx_word' id='word_1_523' title='bbox 3419 2217 3510 2270; x_wconf 90' lang='grc' dir='ltr'><strong>τὸν</strong></span> <span class='ocrx_word' id='word_1_524' title='bbox 3561 2215 3699 2270; x_wconf 87' lang='grc' dir='ltr'>Θεὸν</span> 
     </span>
    </p>
   </div>
   <div class='ocr_carea' id='block_1_68' title="bbox 2112 2306 3701 2380">
    <p class='ocr_par' dir='ltr' id='par_1_68' title="bbox 2112 2306 3701 2380">
     <span class='ocr_line' id='line_1_68' title="bbox 2112 2306 3701 2380; baseline 0 -20"><span class='ocrx_word' id='word_1_525' title='bbox 2112 2308 2208 2360; x_wconf 75' lang='grc' dir='ltr'>καὶ</span> <span class='ocrx_word' id='word_1_526' title='bbox 2253 2308 2471 2380; x_wconf 81' lang='grc' dir='ltr'>Πατέρα</span> <span class='ocrx_word' id='word_1_527' title='bbox 2516 2308 2610 2361; x_wconf 90' lang='grc' dir='ltr'><strong>τοῦ</strong></span> <span class='ocrx_word' id='word_1_528' title='bbox 2648 2308 2853 2380; x_wconf 85' lang='grc' dir='ltr'>Κυρίου</span> <span class='ocrx_word' id='word_1_529' title='bbox 2883 2309 3042 2378; x_wconf 85' lang='grc' dir='ltr'>ἡμῶν</span> <span class='ocrx_word' id='word_1_530' title='bbox 3094 2306 3271 2378; x_wconf 81' lang='grc' dir='ltr'>Ἰησοῦ</span> <span class='ocrx_word' id='word_1_531' title='bbox 3314 2307 3571 2378; x_wconf 85' lang='grc' dir='ltr'>Χριστοῦ.</span> <span class='ocrx_word' id='word_1_532' title='bbox 3600 2306 3701 2371; x_wconf 85' lang='grc' dir='ltr'>Τίς</span> 
     </span>
    </p>
   </div>
   <div class='ocr_carea' id='block_1_69' title="bbox 2110 2395 3699 2469">
    <p class='ocr_par' dir='ltr' id='par_1_69' title="bbox 2110 2395 3699 2469">
     <span class='ocr_line' id='line_1_69' title="bbox 2110 2395 3699 2469; baseline -0.001 -18"><span class='ocrx_word' id='word_1_533' title='bbox 2110 2395 2204 2452; x_wconf 80' lang='grc' dir='ltr'><strong>οῦν</strong></span> <span class='ocrx_word' id='word_1_534' title='bbox 2248 2402 2276 2452; x_wconf 87' lang='grc' dir='ltr'>ὁ</span> <span class='ocrx_word' id='word_1_535' title='bbox 2311 2399 2487 2461; x_wconf 77' lang='grc' dir='ltr'>διδοὺς</span> <span class='ocrx_word' id='word_1_536' title='bbox 2514 2401 2642 2469; x_wconf 84' lang='grc' dir='ltr'>ἡμῖν</span> <span class='ocrx_word' id='word_1_537' title='bbox 2665 2399 2800 2462; x_wconf 86' lang='grc' dir='ltr'>Θεὸς</span> <span class='ocrx_word' id='word_1_538' title='bbox 2841 2396 2984 2451; x_wconf 73' lang='grc' dir='ltr'>οὕτω</span> <span class='ocrx_word' id='word_1_539' title='bbox 3027 2400 3246 2468; x_wconf 81' lang='grc' dir='ltr'>φρονεῖν</span> <span class='ocrx_word' id='word_1_540' title='bbox 3294 2396 3540 2468; x_wconf 73' lang='grc' dir='ltr'>περὶτοῦ</span> <span class='ocrx_word' id='word_1_541' title='bbox 3580 2397 3699 2450; x_wconf 85' lang='grc' dir='ltr'>Πα-</span> 
     </span>
    </p>
   </div>
   <div class='ocr_carea' id='block_1_70' title="bbox 2111 2487 3702 2560">
    <p class='ocr_par' dir='ltr' id='par_1_70' title="bbox 2111 2487 3702 2560">
     <span class='ocr_line' id='line_1_70' title="bbox 2111 2487 3702 2560; baseline -0.001 -17"><span class='ocrx_word' id='word_1_542' title='bbox 2111 2492 2261 2560; x_wconf 86' lang='grc' dir='ltr'>τρὸς,</span> <span class='ocrx_word' id='word_1_543' title='bbox 2311 2492 2405 2544; x_wconf 74' lang='grc' dir='ltr'>καὶ</span> <span class='ocrx_word' id='word_1_544' title='bbox 2448 2491 2542 2544; x_wconf 88' lang='grc' dir='ltr'><strong>τοῦ</strong></span> <span class='ocrx_word' id='word_1_545' title='bbox 2584 2490 2923 2559; x_wconf 78' lang='grc' dir='ltr'>Μονογενοῦς</span> <span class='ocrx_word' id='word_1_546' title='bbox 2965 2489 3152 2552; x_wconf 73' lang='grc' dir='ltr'>αὑτοῦ,</span> <span class='ocrx_word' id='word_1_547' title='bbox 3201 2489 3314 2542; x_wconf 86' lang='grc' dir='ltr'>ἀλλ’</span> <span class='ocrx_word' id='word_1_548' title='bbox 3359 2488 3391 2559; x_wconf 82' lang='grc' dir='ltr'>ἦ</span> <span class='ocrx_word' id='word_1_549' title='bbox 3437 2487 3499 2540; x_wconf 85' lang='grc' dir='ltr'><strong>τὸ</strong></span> <span class='ocrx_word' id='word_1_550' title='bbox 3543 2488 3702 2556; x_wconf 68' lang='grc' dir='ltr'>ἅγιον</span> 
     </span>
    </p>
   </div>
   <div class='ocr_carea' id='block_1_71' title="bbox 2114 2581 3701 2654">
    <p class='ocr_par' dir='ltr' id='par_1_71' title="bbox 2114 2581 3701 2654">
     <span class='ocr_line' id='line_1_71' title="bbox 2114 2581 3701 2654; baseline -0.001 -20"><span class='ocrx_word' id='word_1_551' title='bbox 2114 2582 2367 2652; x_wconf 84' lang='grc' dir='ltr'>Πνεῦμα;</span> <span class='ocrx_word' id='word_1_552' title='bbox 2398 2583 2538 2635; x_wconf 83' lang='grc' dir='ltr'>Αὐτὸ</span> <span class='ocrx_word' id='word_1_553' title='bbox 2569 2582 2678 2654; x_wconf 77' lang='grc' dir='ltr'><strong>γὰρ</strong></span> <span class='ocrx_word' id='word_1_554' title='bbox 2705 2582 2831 2654; x_wconf 77' lang='grc'><strong>[106</strong></span> <span class='ocrx_word' id='word_1_555' title='bbox 2893 2581 2946 2653; x_wconf 88' lang='lat' dir='ltr'><strong>b]</strong></span> <span class='ocrx_word' id='word_1_556' title='bbox 2993 2582 3184 2653; x_wconf 80' lang='grc' dir='ltr'>νοῆσαι</span> <span class='ocrx_word' id='word_1_557' title='bbox 3233 2583 3377 2653; x_wconf 81' lang='grc' dir='ltr'>ἡμᾶς</span> <span class='ocrx_word' id='word_1_558' title='bbox 3411 2581 3701 2635; x_wconf 83' lang='grc' dir='ltr'>ὑπολείπε-</span> 
     </span>
    </p>
   </div>
   <div class='ocr_carea' id='block_1_72' title="bbox 2112 2670 3701 2736">
    <p class='ocr_par' dir='ltr' id='par_1_72' title="bbox 2112 2670 3701 2736">
     <span class='ocr_line' id='line_1_72' title="bbox 2112 2670 3701 2736; baseline -0.003 -7"><span class='ocrx_word' id='word_1_559' title='bbox 2112 2693 2223 2729; x_wconf 86' lang='grc' dir='ltr'>ται.</span> <span class='ocrx_word' id='word_1_560' title='bbox 2270 2674 2430 2728; x_wconf 76' lang='grc' dir='ltr'>Ἀλλὰ</span> <span class='ocrx_word' id='word_1_561' title='bbox 2475 2676 2568 2728; x_wconf 74' lang='grc' dir='ltr'>καὶ</span> <span class='ocrx_word' id='word_1_562' title='bbox 2619 2672 3109 2727; x_wconf 88' lang='grc' dir='ltr'>Θεσσαλονικεῦσιν</span> <span class='ocrx_word' id='word_1_563' title='bbox 3158 2673 3446 2736; x_wconf 85' lang='grc' dir='ltr'>ὡσαύτως·</span> <span class='ocrx_word' id='word_1_564' title='bbox 3490 2689 3509 2722; x_wconf 80' lang='grc' dir='ltr'><strong>ι</strong></span> <span class='ocrx_word' id='word_1_565' title='bbox 3539 2672 3597 2725; x_wconf 86' lang='lat'><strong>&#39;0</strong></span> <span class='ocrx_word' id='word_1_566' title='bbox 3639 2670 3701 2724; x_wconf 78' lang='grc' dir='ltr'>δὲ</span> 
     </span>
    </p>
   </div>
   <div class='ocr_carea' id='block_1_73' title="bbox 2115 2763 3702 2837">
    <p class='ocr_par' dir='ltr' id='par_1_73' title="bbox 2115 2763 3702 2837">
     <span class='ocr_line' id='line_1_73' title="bbox 2115 2763 3702 2837; baseline -0.001 -17"><span class='ocrx_word' id='word_1_567' title='bbox 2115 2767 2320 2837; x_wconf 85' lang='grc' dir='ltr'>Κύριος</span> <span class='ocrx_word' id='word_1_568' title='bbox 2351 2767 2676 2820; x_wconf 87' lang='grc' dir='ltr'>κατευθύναι</span> <span class='ocrx_word' id='word_1_569' title='bbox 2708 2765 2860 2836; x_wconf 69' lang='grc' dir='ltr'>ὑμῶν</span> <span class='ocrx_word' id='word_1_570' title='bbox 2887 2765 2986 2829; x_wconf 74' lang='grc' dir='ltr'><strong>τὰς</strong></span> <span class='ocrx_word' id='word_1_571' title='bbox 3005 2765 3235 2836; x_wconf 80' lang='grc' dir='ltr'>καρδίας</span> <span class='ocrx_word' id='word_1_572' title='bbox 3263 2767 3341 2828; x_wconf 85' lang='grc' dir='ltr'><strong>είς</strong></span> <span class='ocrx_word' id='word_1_573' title='bbox 3364 2763 3461 2835; x_wconf 80' lang='grc' dir='ltr'>τὴν</span> <span class='ocrx_word' id='word_1_574' title='bbox 3479 2764 3702 2834; x_wconf 82' lang='grc' dir='ltr'>ἀγάπην</span> 
     </span>
    </p>
   </div>
   <div class='ocr_carea' id='block_1_74' title="bbox 2112 2854 3704 2928">
    <p class='ocr_par' dir='ltr' id='par_1_74' title="bbox 2112 2854 3704 2928">
     <span class='ocr_line' id='line_1_74' title="bbox 2112 2854 3704 2928; baseline -0.003 -16"><span class='ocrx_word' id='word_1_575' title='bbox 2112 2858 2207 2912; x_wconf 89' lang='grc' dir='ltr'><strong>τοῦ</strong></span> <span class='ocrx_word' id='word_1_576' title='bbox 2236 2858 2394 2923; x_wconf 86' lang='grc' dir='ltr'>Θεοῦ,</span> <span class='ocrx_word' id='word_1_577' title='bbox 2449 2858 2544 2911; x_wconf 70' lang='grc' dir='ltr'>καὶ</span> <span class='ocrx_word' id='word_1_578' title='bbox 2588 2859 2669 2921; x_wconf 87' lang='grc' dir='ltr'><strong>εἰς</strong></span> <span class='ocrx_word' id='word_1_579' title='bbox 2703 2858 2802 2928; x_wconf 74' lang='grc' dir='ltr'>τὴν</span> <span class='ocrx_word' id='word_1_580' title='bbox 2837 2857 3114 2927; x_wconf 79' lang='grc' dir='ltr'>ὑπομονὴν</span> <span class='ocrx_word' id='word_1_581' title='bbox 3147 2856 3242 2909; x_wconf 89' lang='grc' dir='ltr'><strong>τοῦ</strong></span> <span class='ocrx_word' id='word_1_582' title='bbox 3273 2855 3563 2928; x_wconf 74' lang='grc' dir='ltr'>Χριστοῦ.»</span> <span class='ocrx_word' id='word_1_583' title='bbox 3608 2854 3704 2920; x_wconf 79' lang='grc' dir='ltr'>Ὦς</span> 
     </span>
    </p>
   </div>
   <div class='ocr_carea' id='block_1_75' title="bbox 2114 2948 3702 3021">
    <p class='ocr_par' dir='ltr' id='par_1_75' title="bbox 2114 2948 3702 3021">
     <span class='ocr_line' id='line_1_75' title="bbox 2114 2948 3702 3021; baseline -0.003 -16"><span class='ocrx_word' id='word_1_584' title='bbox 2114 2948 2329 3005; x_wconf 80' lang='grc' dir='ltr'>εἶναιτὸ</span> <span class='ocrx_word' id='word_1_585' title='bbox 2351 2951 2504 3020; x_wconf 82' lang='grc' dir='ltr'>ἆγιον</span> <span class='ocrx_word' id='word_1_586' title='bbox 2519 2951 2764 3021; x_wconf 85' lang='grc' dir='ltr'>Πνεῦμα,</span> <span class='ocrx_word' id='word_1_587' title='bbox 2790 2951 2851 3002; x_wconf 90' lang='grc' dir='ltr'><strong>τὸ</strong></span> <span class='ocrx_word' id='word_1_588' title='bbox 2874 2948 3201 3002; x_wconf 87' lang='grc' dir='ltr'>κατευθῦνον</span> <span class='ocrx_word' id='word_1_589' title='bbox 3233 2949 3437 3021; x_wconf 76' lang='grc' dir='ltr'>Κύριον</span> <span class='ocrx_word' id='word_1_590' title='bbox 3486 2951 3569 3012; x_wconf 86' lang='grc' dir='ltr'><strong>είς</strong></span> <span class='ocrx_word' id='word_1_591' title='bbox 3597 2948 3702 3018; x_wconf 82' lang='grc' dir='ltr'>τὴν</span> 
     </span>
    </p>
   </div>
   <div class='ocr_carea' id='block_1_76' title="bbox 2114 3040 3706 3114">
    <p class='ocr_par' dir='ltr' id='par_1_76' title="bbox 2114 3040 3706 3114">
     <span class='ocr_line' id='line_1_76' title="bbox 2114 3040 3706 3114; baseline -0.003 -16"><span class='ocrx_word' id='word_1_592' title='bbox 2114 3045 2338 3114; x_wconf 76' lang='grc' dir='ltr'>ἀγάπην</span> <span class='ocrx_word' id='word_1_593' title='bbox 2382 3043 2478 3096; x_wconf 88' lang='grc' dir='ltr'><strong>τοῦ</strong></span> <span class='ocrx_word' id='word_1_594' title='bbox 2520 3043 2654 3096; x_wconf 82' lang='grc' dir='ltr'>Θεοῦ</span> <span class='ocrx_word' id='word_1_595' title='bbox 2693 3044 2788 3095; x_wconf 77' lang='grc' dir='ltr'>καὶ</span> <span class='ocrx_word' id='word_1_596' title='bbox 2826 3042 3062 3113; x_wconf 89' lang='grc' dir='ltr'>Πατρὸς,</span> <span class='ocrx_word' id='word_1_597' title='bbox 3099 3041 3192 3095; x_wconf 81' lang='grc' dir='ltr'>καὶ</span> <span class='ocrx_word' id='word_1_598' title='bbox 3240 3043 3320 3105; x_wconf 83' lang='grc' dir='ltr'><strong>είς</strong></span> <span class='ocrx_word' id='word_1_599' title='bbox 3355 3040 3452 3110; x_wconf 84' lang='grc' dir='ltr'>τὴν</span> <span class='ocrx_word' id='word_1_600' title='bbox 3491 3042 3706 3110; x_wconf 82' lang='grc' dir='ltr'>ὑπομο-</span> 
     </span>
    </p>
   </div>
   <div class='ocr_carea' id='block_1_77' title="bbox 2115 3131 3705 3207">
    <p class='ocr_par' dir='ltr' id='par_1_77' title="bbox 2115 3131 3705 3207">
     <span class='ocr_line' id='line_1_77' title="bbox 2115 3131 3705 3207; baseline -0.003 -18"><span class='ocrx_word' id='word_1_601' title='bbox 2115 3137 2212 3207; x_wconf 84' lang='grc' dir='ltr'>νὴν</span> <span class='ocrx_word' id='word_1_602' title='bbox 2247 3133 2341 3188; x_wconf 89' lang='grc' dir='ltr'><strong>τοῦ</strong></span> <span class='ocrx_word' id='word_1_603' title='bbox 2386 3135 2538 3190; x_wconf 82' lang='grc' dir='ltr'>Υἰοῦ.</span> <span class='ocrx_word' id='word_1_604' title='bbox 2582 3136 2691 3188; x_wconf 77' lang='grc' dir='ltr'>Καὶ</span> <span class='ocrx_word' id='word_1_605' title='bbox 2717 3135 2899 3188; x_wconf 77' lang='grc' dir='ltr'>πάλιν·</span> <span class='ocrx_word' id='word_1_606' title='bbox 2927 3153 2944 3184; x_wconf 74' lang='grc' dir='ltr'><strong>ι</strong></span> <span class='ocrx_word' id='word_1_607' title='bbox 2982 3133 3158 3204; x_wconf 80' lang='grc' dir='ltr'>Ὑμᾶς</span> <span class='ocrx_word' id='word_1_608' title='bbox 3183 3133 3240 3186; x_wconf 83' lang='grc' dir='ltr'>δὲ</span> <span class='ocrx_word' id='word_1_609' title='bbox 3269 3136 3296 3188; x_wconf 87' lang='grc' dir='ltr'>ὁ</span> <span class='ocrx_word' id='word_1_610' title='bbox 3317 3132 3518 3204; x_wconf 90' lang='grc' dir='ltr'>Κύριος</span> <span class='ocrx_word' id='word_1_611' title='bbox 3540 3131 3705 3186; x_wconf 85' lang='grc' dir='ltr'>πλεο-</span> 
     </span>
    </p>
   </div>
   <div class='ocr_carea' id='block_1_78' title="bbox 2115 3223 3706 3297">
    <p class='ocr_par' dir='ltr' id='par_1_78' title="bbox 2115 3223 3706 3297">
     <span class='ocr_line' id='line_1_78' title="bbox 2115 3223 3706 3297; baseline 0.001 -20"><span class='ocrx_word' id='word_1_612' title='bbox 2115 3226 2275 3278; x_wconf 81' lang='grc' dir='ltr'>νάσαι</span> <span class='ocrx_word' id='word_1_613' title='bbox 2307 3224 2402 3278; x_wconf 74' lang='grc' dir='ltr'>καὶ</span> <span class='ocrx_word' id='word_1_614' title='bbox 2445 3225 2802 3296; x_wconf 88' lang='grc' dir='ltr'>περισσεύσαι</span> <span class='ocrx_word' id='word_1_615' title='bbox 2835 3229 2900 3297; x_wconf 80' lang='grc' dir='ltr'>τῇ</span> <span class='ocrx_word' id='word_1_616' title='bbox 2946 3224 3136 3297; x_wconf 81' lang='grc' dir='ltr'>ἀγάπῃ</span> <span class='ocrx_word' id='word_1_617' title='bbox 3175 3225 3255 3288; x_wconf 87' lang='grc' dir='ltr'><strong>είς</strong></span> <span class='ocrx_word' id='word_1_618' title='bbox 3293 3223 3574 3295; x_wconf 79' lang='grc' dir='ltr'>ἀλλήλους,</span> <span class='ocrx_word' id='word_1_619' title='bbox 3603 3223 3706 3278; x_wconf 75' lang='grc' dir='ltr'>καὶ</span> 
     </span>
    </p>
   </div>
   <div class='ocr_carea' id='block_1_79' title="bbox 2116 3313 3705 3388">
    <p class='ocr_par' dir='ltr' id='par_1_79' title="bbox 2116 3313 3705 3388">
     <span class='ocr_line' id='line_1_79' title="bbox 2116 3313 3705 3388; baseline -0.002 -17"><span class='ocrx_word' id='word_1_620' title='bbox 2116 3320 2197 3381; x_wconf 87' lang='grc' dir='ltr'><strong>είς</strong></span> <span class='ocrx_word' id='word_1_621' title='bbox 2246 3317 2476 3382; x_wconf 82' lang='grc' dir='ltr'>πάντας,</span> <span class='ocrx_word' id='word_1_622' title='bbox 2526 3318 2779 3388; x_wconf 83' lang='grc' dir='ltr'>καθάπερ</span> <span class='ocrx_word' id='word_1_623' title='bbox 2819 3320 2914 3371; x_wconf 76' lang='grc' dir='ltr'>κα).</span> <span class='ocrx_word' id='word_1_624' title='bbox 2965 3319 3130 3388; x_wconf 78' lang='grc' dir='ltr'>ἡμεῖς</span> <span class='ocrx_word' id='word_1_625' title='bbox 3174 3318 3256 3380; x_wconf 82' lang='grc' dir='ltr'><strong>είς</strong></span> <span class='ocrx_word' id='word_1_626' title='bbox 3301 3317 3480 3386; x_wconf 82' lang='grc' dir='ltr'>ὑμᾶς·</span> <span class='ocrx_word' id='word_1_627' title='bbox 3521 3317 3600 3379; x_wconf 88' lang='grc' dir='ltr'><strong>είς</strong></span> <span class='ocrx_word' id='word_1_628' title='bbox 3637 3313 3705 3368; x_wconf 80' lang='grc' dir='ltr'><strong>τὸ</strong></span> 
     </span>
    </p>
   </div>
   <div class='ocr_carea' id='block_1_80' title="bbox 2119 3406 3703 3480">
    <p class='ocr_par' dir='ltr' id='par_1_80' title="bbox 2119 3406 3703 3480">
     <span class='ocr_line' id='line_1_80' title="bbox 2119 3406 3703 3480; baseline -0.001 -19"><span class='ocrx_word' id='word_1_629' title='bbox 2119 3409 2369 3480; x_wconf 83' lang='grc' dir='ltr'>στηρίξαι</span> <span class='ocrx_word' id='word_1_630' title='bbox 2403 3408 2556 3480; x_wconf 83' lang='grc' dir='ltr'>ὑμῶν</span> <span class='ocrx_word' id='word_1_631' title='bbox 2586 3408 2684 3472; x_wconf 76' lang='grc' dir='ltr'>τὰς</span> <span class='ocrx_word' id='word_1_632' title='bbox 2720 3407 2948 3478; x_wconf 85' lang='grc' dir='ltr'>καρδίας</span> <span class='ocrx_word' id='word_1_633' title='bbox 2981 3408 3288 3479; x_wconf 81' lang='grc' dir='ltr'>ἀμέμπτως</span> <span class='ocrx_word' id='word_1_634' title='bbox 3311 3409 3368 3460; x_wconf 80' lang='grc' dir='ltr'>ὲν</span> <span class='ocrx_word' id='word_1_635' title='bbox 3399 3406 3703 3480; x_wconf 82' lang='grc' dir='ltr'>ἁγιωσύνῃ,</span> 
     </span>
    </p>
   </div>
   <div class='ocr_carea' id='block_1_81' title="bbox 2117 3500 3705 3572">
    <p class='ocr_par' dir='ltr' id='par_1_81' title="bbox 2117 3500 3705 3572">
     <span class='ocr_line' id='line_1_81' title="bbox 2117 3500 3705 3572; baseline -0.003 -18"><span class='ocrx_word' id='word_1_636' title='bbox 2117 3501 2424 3572; x_wconf 80' lang='grc' dir='ltr'>ἔμπροσθεν</span> <span class='ocrx_word' id='word_1_637' title='bbox 2453 3501 2547 3554; x_wconf 88' lang='grc' dir='ltr'><strong>τοῦ</strong></span> <span class='ocrx_word' id='word_1_638' title='bbox 2585 3501 2721 3555; x_wconf 89' lang='grc' dir='ltr'>Θεοῦ</span> <span class='ocrx_word' id='word_1_639' title='bbox 2753 3503 2846 3554; x_wconf 75' lang='grc' dir='ltr'>καὶ</span> <span class='ocrx_word' id='word_1_640' title='bbox 2872 3501 3086 3572; x_wconf 85' lang='grc' dir='ltr'>Πατρὸς</span> <span class='ocrx_word' id='word_1_641' title='bbox 3117 3500 3295 3572; x_wconf 79' lang='grc' dir='ltr'>ἡμῶν,</span> <span class='ocrx_word' id='word_1_642' title='bbox 3321 3501 3377 3554; x_wconf 80' lang='grc' dir='ltr'>ὲν</span> <span class='ocrx_word' id='word_1_643' title='bbox 3402 3501 3467 3570; x_wconf 85' lang='grc' dir='ltr'>τῇ</span> <span class='ocrx_word' id='word_1_644' title='bbox 3494 3515 3705 3570; x_wconf 83' lang='grc' dir='ltr'>παρου-</span> 
     </span>
    </p>
   </div>
   <div class='ocr_carea' id='block_1_82' title="bbox 2119 3586 3706 3666">
    <p class='ocr_par' dir='ltr' id='par_1_82' title="bbox 2119 3586 3706 3666">
     <span class='ocr_line' id='line_1_82' title="bbox 2119 3586 3706 3666; baseline -0.001 -20"><span class='ocrx_word' id='word_1_645' title='bbox 2119 3595 2210 3664; x_wconf 68' lang='grc' dir='ltr'><strong>σία</strong></span> <span class='ocrx_word' id='word_1_646' title='bbox 2255 3593 2350 3646; x_wconf 88' lang='grc' dir='ltr'><strong>τοῦ</strong></span> <span class='ocrx_word' id='word_1_647' title='bbox 2399 3595 2609 3666; x_wconf 83' lang='grc' dir='ltr'>Κυρίου</span> <span class='ocrx_word' id='word_1_648' title='bbox 2648 3593 2807 3666; x_wconf 81' lang='grc' dir='ltr'>ἡμῶν</span> <span class='ocrx_word' id='word_1_649' title='bbox 2853 3594 3029 3665; x_wconf 86' lang='grc' dir='ltr'>Ἰησοῦ</span> <span class='ocrx_word' id='word_1_650' title='bbox 3061 3591 3322 3666; x_wconf 89' lang='grc' dir='ltr'>Χριστοῦ.</span> <span class='ocrx_word' id='word_1_651' title='bbox 3349 3611 3367 3644; x_wconf 78' lang='grc' dir='ltr'><strong>ι</strong></span> <span class='ocrx_word' id='word_1_652' title='bbox 3410 3593 3568 3655; x_wconf 87' lang='grc' dir='ltr'><strong>Ποίος</strong></span> <span class='ocrx_word' id='word_1_653' title='bbox 3607 3586 3706 3645; x_wconf 85' lang='grc' dir='ltr'><strong>οῦν</strong></span> 
     </span>
    </p>
   </div>
   <div class='ocr_carea' id='block_1_83' title="bbox 2117 3679 3706 3755">
    <p class='ocr_par' dir='ltr' id='par_1_83' title="bbox 2117 3679 3706 3755">
     <span class='ocr_line' id='line_1_83' title="bbox 2117 3679 3706 3755; baseline -0.004 -17"><span class='ocrx_word' id='word_1_654' title='bbox 2117 3683 2321 3755; x_wconf 85' lang='grc' dir='ltr'>Κύριος</span> <span class='ocrx_word' id='word_1_655' title='bbox 2352 3685 2380 3737; x_wconf 89' lang='lat'><strong>6</strong></span> <span class='ocrx_word' id='word_1_656' title='bbox 2415 3683 2725 3748; x_wconf 72' lang='grc' dir='ltr'>πλεονάζων</span> <span class='ocrx_word' id='word_1_657' title='bbox 2749 3684 2844 3736; x_wconf 72' lang='grc' dir='ltr'>καὶ</span> <span class='ocrx_word' id='word_1_658' title='bbox 2875 3681 3151 3754; x_wconf 79' lang='grc' dir='ltr'>στηρίζων</span> <span class='ocrx_word' id='word_1_659' title='bbox 3177 3683 3236 3734; x_wconf 82' lang='grc' dir='ltr'>ὲν</span> <span class='ocrx_word' id='word_1_660' title='bbox 3275 3679 3556 3751; x_wconf 85' lang='grc' dir='ltr'>ἁγιωσύνῃ</span> <span class='ocrx_word' id='word_1_661' title='bbox 3602 3680 3706 3750; x_wconf 77' lang='grc' dir='ltr'>έμ-</span> 
     </span>
    </p>
   </div>
   <div class='ocr_carea' id='block_1_84' title="bbox 2121 3769 3704 3845">
    <p class='ocr_par' dir='ltr' id='par_1_84' title="bbox 2121 3769 3704 3845">
     <span class='ocr_line' id='line_1_84' title="bbox 2121 3769 3704 3845; baseline -0.003 -18"><span class='ocrx_word' id='word_1_662' title='bbox 2121 3775 2354 3845; x_wconf 85' lang='grc' dir='ltr'>προσθεν</span> <span class='ocrx_word' id='word_1_663' title='bbox 2381 3773 2475 3828; x_wconf 85' lang='grc' dir='ltr'><strong>τοῦ</strong></span> <span class='ocrx_word' id='word_1_664' title='bbox 2514 3775 2724 3845; x_wconf 89' lang='grc' dir='ltr'>Πατρὸς</span> <span class='ocrx_word' id='word_1_665' title='bbox 2741 3776 2836 3828; x_wconf 80' lang='grc' dir='ltr'>καὶ</span> <span class='ocrx_word' id='word_1_666' title='bbox 2875 3773 2968 3828; x_wconf 90' lang='grc' dir='ltr'><strong>τοῦ</strong></span> <span class='ocrx_word' id='word_1_667' title='bbox 3003 3773 3154 3837; x_wconf 92' lang='grc' dir='ltr'>Υίοῦ,</span> <span class='ocrx_word' id='word_1_668' title='bbox 3189 3773 3223 3844; x_wconf 79' lang='grc' dir='ltr'>ἢ</span> <span class='ocrx_word' id='word_1_669' title='bbox 3266 3772 3326 3825; x_wconf 89' lang='grc' dir='ltr'><strong>τὸ</strong></span> <span class='ocrx_word' id='word_1_670' title='bbox 3356 3773 3508 3840; x_wconf 72' lang='grc' dir='ltr'>ἅγιον</span> <span class='ocrx_word' id='word_1_671' title='bbox 3534 3769 3704 3824; x_wconf 81' lang='grc' dir='ltr'>Πνεῦ-</span> 
     </span>
    </p>
   </div>
   <div class='ocr_carea' id='block_1_85' title="bbox 2123 3861 3702 3938">
    <p class='ocr_par' dir='ltr' id='par_1_85' title="bbox 2123 3861 3702 3938">
     <span class='ocr_line' id='line_1_85' title="bbox 2123 3861 3702 3938; baseline -0.004 -18"><span class='ocrx_word' id='word_1_672' title='bbox 2123 3883 2232 3938; x_wconf 86' lang='grc' dir='ltr'>μα;</span> <span class='ocrx_word' id='word_1_673' title='bbox 2265 3867 2374 3919; x_wconf 78' lang='grc' dir='ltr'>Καὶ</span> <span class='ocrx_word' id='word_1_674' title='bbox 2405 3868 2693 3937; x_wconf 80' lang='grc' dir='ltr'>παρεγγυᾷ</span> <span class='ocrx_word' id='word_1_675' title='bbox 2715 3866 2773 3919; x_wconf 85' lang='grc' dir='ltr'>δὲ</span> <span class='ocrx_word' id='word_1_676' title='bbox 2800 3866 3006 3929; x_wconf 78' lang='grc' dir='ltr'>αὐτοῖς,</span> <span class='ocrx_word' id='word_1_677' title='bbox 3037 3865 3112 3936; x_wconf 84' lang='grc' dir='ltr'>μὴ</span> <span class='ocrx_word' id='word_1_678' title='bbox 3141 3867 3204 3917; x_wconf 81' lang='grc' dir='ltr'>ἐκ</span> <span class='ocrx_word' id='word_1_679' title='bbox 3231 3863 3513 3931; x_wconf 87' lang='grc' dir='ltr'>παροινίας</span> <span class='ocrx_word' id='word_1_680' title='bbox 3535 3861 3702 3926; x_wconf 87' lang='grc' dir='ltr'>τινὸς,</span> 
     </span>
    </p>
   </div>
   <div class='ocr_carea' id='block_1_86' title="bbox 2118 3955 3707 4031">
    <p class='ocr_par' dir='ltr' id='par_1_86' title="bbox 2118 3955 3707 4031">
     <span class='ocr_line' id='line_1_86' title="bbox 2118 3955 3707 4031; baseline -0.003 -19"><span class='ocrx_word' id='word_1_681' title='bbox 2118 3961 2151 4031; x_wconf 84' lang='grc' dir='ltr'>ἢ</span> <span class='ocrx_word' id='word_1_682' title='bbox 2202 3959 2462 4030; x_wconf 87' lang='grc' dir='ltr'>ἀμελείας</span> <span class='ocrx_word' id='word_1_683' title='bbox 2496 3959 2928 4030; x_wconf 82' lang='grc' dir='ltr'>ἀποπέμψασθαι</span> <span class='ocrx_word' id='word_1_684' title='bbox 2980 3959 3077 4030; x_wconf 81' lang='grc' dir='ltr'>τὴν</span> <span class='ocrx_word' id='word_1_685' title='bbox 3117 3957 3174 4010; x_wconf 81' lang='grc' dir='ltr'>ὲν</span> <span class='ocrx_word' id='word_1_686' title='bbox 3213 3959 3346 4027; x_wconf 73' lang='grc' dir='ltr'>ἡμῖν</span> <span class='ocrx_word' id='word_1_687' title='bbox 3373 3955 3707 4024; x_wconf 73' lang='grc' dir='ltr'>ἀναφθεῖσαν</span> 
     </span>
    </p>
   </div>
   <div class='ocr_carea' id='block_1_87' title="bbox 2119 4046 3708 4122">
    <p class='ocr_par' dir='ltr' id='par_1_87' title="bbox 2119 4046 3708 4122">
     <span class='ocr_line' id='line_1_87' title="bbox 2119 4046 3708 4122; baseline -0.003 -18"><span class='ocrx_word' id='word_1_688' title='bbox 2119 4050 2285 4104; x_wconf 81' lang='grc' dir='ltr'>αὑτοῦ</span> <span class='ocrx_word' id='word_1_689' title='bbox 2330 4051 2556 4104; x_wconf 85' lang='grc' dir='ltr'>αἰωνίαν</span> <span class='ocrx_word' id='word_1_690' title='bbox 2607 4053 2805 4122; x_wconf 75' lang='grc' dir='ltr'>χάριν,</span> <span class='ocrx_word' id='word_1_691' title='bbox 2864 4049 3123 4121; x_wconf 69' lang='grc' dir='ltr'>γράφων·</span> <span class='ocrx_word' id='word_1_692' title='bbox 3183 4049 3298 4101; x_wconf 78' lang='grc' dir='ltr'><strong>«Τὸ</strong></span> <span class='ocrx_word' id='word_1_693' title='bbox 3348 4047 3572 4118; x_wconf 89' lang='grc' dir='ltr'>Πνεῦμα</span> <span class='ocrx_word' id='word_1_694' title='bbox 3625 4046 3708 4119; x_wconf 77' lang='grc' dir='ltr'>μὴ</span> 
     </span>
    </p>
   </div>
   <div class='ocr_carea' id='block_1_88' title="bbox 2122 4138 3707 4210">
    <p class='ocr_par' dir='ltr' id='par_1_88' title="bbox 2122 4138 3707 4210">
     <span class='ocr_line' id='line_1_88' title="bbox 2122 4138 3707 4210; baseline -0.004 -14"><span class='ocrx_word' id='word_1_695' title='bbox 2122 4142 2395 4196; x_wconf 77' lang='grc' dir='ltr'>σϐέννυτε.</span> <span class='ocrx_word' id='word_1_696' title='bbox 2419 4161 2437 4193; x_wconf 78' lang='grc' dir='ltr'><strong>ι</strong></span> <span class='ocrx_word' id='word_1_697' title='bbox 2473 4138 2637 4205; x_wconf 78' lang='grc' dir='ltr'>Αὖθίς</span> <span class='ocrx_word' id='word_1_698' title='bbox 2669 4159 2729 4194; x_wconf 89' lang='grc' dir='ltr'><strong>τε</strong></span> <span class='ocrx_word' id='word_1_699' title='bbox 2778 4141 3043 4195; x_wconf 85' lang='grc' dir='ltr'>θεοποιῶν</span> <span class='ocrx_word' id='word_1_700' title='bbox 3091 4141 3245 4201; x_wconf 80' lang='grc' dir='ltr'>αὐτὸ,</span> <span class='ocrx_word' id='word_1_701' title='bbox 3291 4140 3385 4193; x_wconf 83' lang='grc' dir='ltr'>καὶ</span> <span class='ocrx_word' id='word_1_702' title='bbox 3423 4141 3520 4210; x_wconf 77' lang='grc' dir='ltr'>τὴν</span> <span class='ocrx_word' id='word_1_703' title='bbox 3567 4138 3707 4210; x_wconf 87' lang='grc' dir='ltr'>πρὸς</span> 
     </span>
    </p>
   </div>
   <div class='ocr_carea' id='block_1_89' title="bbox 2119 4225 3710 4302">
    <p class='ocr_par' dir='ltr' id='par_1_89' title="bbox 2119 4225 3710 4302">
     <span class='ocr_line' id='line_1_89' title="bbox 2119 4225 3710 4302; baseline -0.004 -17"><span class='ocrx_word' id='word_1_704' title='bbox 2119 4234 2210 4285; x_wconf 89' lang='grc' dir='ltr'><strong>τὸν</strong></span> <span class='ocrx_word' id='word_1_705' title='bbox 2247 4230 2467 4302; x_wconf 82' lang='grc' dir='ltr'>Πατέρα</span> <span class='ocrx_word' id='word_1_706' title='bbox 2514 4232 2824 4300; x_wconf 76' lang='grc' dir='ltr'>συστοιχίαν</span> <span class='ocrx_word' id='word_1_707' title='bbox 2865 4232 2960 4284; x_wconf 78' lang='grc' dir='ltr'>καὶ</span> <span class='ocrx_word' id='word_1_708' title='bbox 3009 4229 3391 4302; x_wconf 84' lang='grc' dir='ltr'>ὁμοφροσύνην</span> <span class='ocrx_word' id='word_1_709' title='bbox 3430 4225 3710 4296; x_wconf 83' lang='grc' dir='ltr'>ἀπαγγέλ-</span> 
     </span>
    </p>
   </div>
   <div class='ocr_carea' id='block_1_90' title="bbox 2119 4317 3706 4396">
    <p class='ocr_par' dir='ltr' id='par_1_90' title="bbox 2119 4317 3706 4396">
     <span class='ocr_line' id='line_1_90' title="bbox 2119 4317 3706 4396; baseline -0.003 -19"><span class='ocrx_word' id='word_1_710' title='bbox 2119 4326 2248 4384; x_wconf 88' lang='grc' dir='ltr'>λων,</span> <span class='ocrx_word' id='word_1_711' title='bbox 2283 4323 2447 4396; x_wconf 82' lang='grc' dir='ltr'>φησίν</span> <span class='ocrx_word' id='word_1_712' title='bbox 2466 4341 2479 4353; x_wconf 77' lang='grc' dir='ltr'><strong>ο</strong></span> <span class='ocrx_word' id='word_1_713' title='bbox 2518 4345 2534 4375; x_wconf 80' lang='grc' dir='ltr'><strong>ι</strong></span> <span class='ocrx_word' id='word_1_714' title='bbox 2567 4324 2625 4378; x_wconf 84' lang='lat'><strong>&#39;0</strong></span> <span class='ocrx_word' id='word_1_715' title='bbox 2646 4323 2855 4377; x_wconf 85' lang='grc' dir='ltr'>ἀθετῶν</span> <span class='ocrx_word' id='word_1_716' title='bbox 2902 4325 3002 4376; x_wconf 84' lang='grc' dir='ltr'><strong>ούκ</strong></span> <span class='ocrx_word' id='word_1_717' title='bbox 3027 4322 3310 4392; x_wconf 86' lang='grc' dir='ltr'>ἄνθρωπον</span> <span class='ocrx_word' id='word_1_718' title='bbox 3335 4320 3536 4382; x_wconf 85' lang='grc' dir='ltr'>ἀθετεῖ,</span> <span class='ocrx_word' id='word_1_719' title='bbox 3567 4317 3706 4372; x_wconf 82' lang='grc' dir='ltr'><strong>ἀλλά</strong></span> 
     </span>
    </p>
   </div>
   <div class='ocr_carea' id='block_1_91' title="bbox 2119 4411 3707 4484">
    <p class='ocr_par' dir='ltr' id='par_1_91' title="bbox 2119 4411 3707 4484">
     <span class='ocr_line' id='line_1_91' title="bbox 2119 4411 3707 4484; baseline -0.004 -15"><span class='ocrx_word' id='word_1_720' title='bbox 2119 4418 2211 4470; x_wconf 85' lang='grc' dir='ltr'><strong>τὸν</strong></span> <span class='ocrx_word' id='word_1_721' title='bbox 2265 4416 2420 4478; x_wconf 86' lang='grc' dir='ltr'>Θεὸν,</span> <span class='ocrx_word' id='word_1_722' title='bbox 2479 4415 2572 4468; x_wconf 85' lang='grc' dir='ltr'><strong>τὸν</strong></span> <span class='ocrx_word' id='word_1_723' title='bbox 2619 4414 2863 4468; x_wconf 88' lang='grc' dir='ltr'>διδοῦντα</span> <span class='ocrx_word' id='word_1_724' title='bbox 2899 4415 2961 4468; x_wconf 84' lang='grc' dir='ltr'><strong>τὸ</strong></span> <span class='ocrx_word' id='word_1_725' title='bbox 2988 4413 3214 4484; x_wconf 84' lang='grc' dir='ltr'>Πνεῦμα</span> <span class='ocrx_word' id='word_1_726' title='bbox 3239 4411 3403 4465; x_wconf 79' lang='grc' dir='ltr'>αὑτοῦ</span> <span class='ocrx_word' id='word_1_727' title='bbox 3449 4412 3510 4464; x_wconf 86' lang='grc' dir='ltr'><strong>τὸ</strong></span> <span class='ocrx_word' id='word_1_728' title='bbox 3551 4411 3707 4478; x_wconf 83' lang='grc' dir='ltr'>ἀγιον</span> 
     </span>
    </p>
   </div>
   <div class='ocr_carea' id='block_1_92' title="bbox 435 4501 2011 4580">
    <p class='ocr_par' dir='ltr' id='par_1_92' title="bbox 435 4507 2011 4580">
     <span class='ocr_line' id='line_1_92' title="bbox 435 4507 2011 4580; baseline 0.003 -22"><span class='ocrx_word' id='word_1_729' title='bbox 435 4507 586 4570; x_wconf 88' lang='lat' dir='ltr'><strong>tiam,</strong></span> <span class='ocrx_word' id='word_1_730' title='bbox 621 4520 742 4575; x_wconf 68' lang='lat' dir='ltr'><strong>quae</strong></span> <span class='ocrx_word' id='word_1_731' title='bbox 793 4507 844 4559; x_wconf 91' lang='lat' dir='ltr'><strong>in</strong></span> <span class='ocrx_word' id='word_1_732' title='bbox 896 4507 1052 4561; x_wconf 90' lang='lat' dir='ltr'><strong>nobis</strong></span> <span class='ocrx_word' id='word_1_733' title='bbox 1089 4508 1252 4561; x_wconf 87' lang='lat' dir='ltr'><strong>veluti</strong></span> <span class='ocrx_word' id='word_1_734' title='bbox 1291 4524 1516 4562; x_wconf 86' lang='lat' dir='ltr'><strong>accensa</strong></span> <span class='ocrx_word' id='word_1_735' title='bbox 1562 4519 1665 4575; x_wconf 86' lang='lat' dir='ltr'><strong>est,</strong></span> <span class='ocrx_word' id='word_1_736' title='bbox 1714 4519 2011 4580; x_wconf 87' lang='lat' dir='ltr'><strong>respuant:</strong></span> 
     </span>
    </p>
   </div>
   <div class='ocr_carea' id='block_1_93' title="bbox 2115 4501 3709 4580">
    <p class='ocr_par' dir='ltr' id='par_1_93' title="bbox 2123 4501 3709 4579">
     <span class='ocr_line' id='line_1_93' title="bbox 2123 4501 3709 4579; baseline -0.005 -19"><span class='ocrx_word' id='word_1_737' title='bbox 2123 4509 2201 4571; x_wconf 84' lang='grc' dir='ltr'><strong>εἰς</strong></span> <span class='ocrx_word' id='word_1_738' title='bbox 2229 4508 2394 4579; x_wconf 77' lang='grc' dir='ltr'>ἡμᾶς.</span> <span class='ocrx_word' id='word_1_739' title='bbox 2424 4525 2442 4558; x_wconf 77' lang='grc' dir='ltr'><strong>ι</strong></span> <span class='ocrx_word' id='word_1_740' title='bbox 2487 4505 2692 4577; x_wconf 83' lang='grc' dir='ltr'>Πέτρος</span> <span class='ocrx_word' id='word_1_741' title='bbox 2721 4505 2801 4569; x_wconf 83' lang='grc' dir='ltr'>δὲ,</span> <span class='ocrx_word' id='word_1_742' title='bbox 2831 4506 2860 4558; x_wconf 87' lang='grc' dir='ltr'><strong>ὁ</strong></span> <span class='ocrx_word' id='word_1_743' title='bbox 2885 4504 2953 4558; x_wconf 85' lang='grc' dir='ltr'>τὰ</span> <span class='ocrx_word' id='word_1_744' title='bbox 2977 4506 3219 4575; x_wconf 87' lang='grc' dir='ltr'>πρωτεῖα</span> <span class='ocrx_word' id='word_1_745' title='bbox 3241 4503 3298 4555; x_wconf 81' lang='grc' dir='ltr'>ὲν</span> <span class='ocrx_word' id='word_1_746' title='bbox 3320 4505 3432 4564; x_wconf 85' lang='grc' dir='ltr'>τοῖς</span> <span class='ocrx_word' id='word_1_747' title='bbox 3461 4501 3709 4554; x_wconf 78' lang='grc' dir='ltr'>ἀποστό-</span> 
     </span>
    </p>
   </div>
   <div class='ocr_carea' id='block_1_94' title="bbox 433 4595 2009 4671">
    <p class='ocr_par' dir='ltr' id='par_1_94' title="bbox 433 4595 2009 4671">
     <span class='ocr_line' id='line_1_94' title="bbox 433 4595 2009 4671; baseline 0.002 -23"><span class='ocrx_word' id='word_1_748' title='bbox 433 4595 548 4651; x_wconf 80' lang='lat' dir='ltr'><strong>luec</strong></span> <span class='ocrx_word' id='word_1_749' title='bbox 589 4599 830 4652; x_wconf 83' lang='lat' dir='ltr'><strong>scribens</strong></span> <span class='ocrx_word' id='word_1_750' title='bbox 852 4599 995 4669; x_wconf 79' lang='lat'><strong>(91):</strong></span> <span class='ocrx_word' id='word_1_751' title='bbox 1030 4618 1048 4650; x_wconf 78' lang='grc' dir='ltr'><strong>ι</strong></span> <span class='ocrx_word' id='word_1_752' title='bbox 1079 4599 1341 4668; x_wconf 86' lang='lat' dir='ltr'><strong>Spiritum</strong></span> <span class='ocrx_word' id='word_1_753' title='bbox 1383 4601 1550 4655; x_wconf 89' lang='lat' dir='ltr'><strong>nolite</strong></span> <span class='ocrx_word' id='word_1_754' title='bbox 1592 4601 1968 4671; x_wconf 77' lang='lat' dir='ltr'><strong>exstinguere;</strong></span> <span class='ocrx_word' id='word_1_755' title='bbox 1993 4619 2009 4651; x_wconf 86' lang='grc' dir='ltr'><strong>ι</strong></span> 
     </span>
    </p>
   </div>
   <div class='ocr_carea' id='block_1_95' title="bbox 434 4691 2016 4762">
    <p class='ocr_par' dir='ltr' id='par_1_95' title="bbox 434 4691 2016 4762">
     <span class='ocr_line' id='line_1_95' title="bbox 434 4691 2016 4762; baseline 0.003 -23"><span class='ocrx_word' id='word_1_756' title='bbox 434 4697 488 4741; x_wconf 84' lang='lat' dir='ltr'><strong>rt</strong></span> <span class='ocrx_word' id='word_1_757' title='bbox 518 4704 704 4744; x_wconf 79' lang='lat' dir='ltr'><strong>rursus</strong></span> <span class='ocrx_word' id='word_1_758' title='bbox 733 4691 897 4744; x_wconf 91' lang='lat' dir='ltr'><strong>Deum</strong></span> <span class='ocrx_word' id='word_1_759' title='bbox 933 4692 1079 4745; x_wconf 91' lang='lat' dir='ltr'><strong>illum</strong></span> <span class='ocrx_word' id='word_1_760' title='bbox 1106 4693 1334 4756; x_wconf 88' lang='lat' dir='ltr'><strong>faciens,</strong></span> <span class='ocrx_word' id='word_1_761' title='bbox 1371 4704 1425 4746; x_wconf 90' lang='lat' dir='ltr'><strong>et</strong></span> <span class='ocrx_word' id='word_1_762' title='bbox 1453 4693 1679 4762; x_wconf 76' lang='lat' dir='ltr'><strong>:equalis</strong></span> <span class='ocrx_word' id='word_1_763' title='bbox 1728 4710 1848 4746; x_wconf 81' lang='lat' dir='ltr'><strong>cunt</strong></span> <span class='ocrx_word' id='word_1_764' title='bbox 1891 4708 2016 4748; x_wconf 90' lang='lat' dir='ltr'><strong>cum</strong></span> 
     </span>
    </p>
   </div>
   <div class='ocr_carea' id='block_1_96' title="bbox 435 4783 2020 4858">
    <p class='ocr_par' dir='ltr' id='par_1_96' title="bbox 435 4783 2020 4858">
     <span class='ocr_line' id='line_1_96' title="bbox 435 4783 2020 4858; baseline 0.003 -20"><span class='ocrx_word' id='word_1_765' title='bbox 435 4783 595 4839; x_wconf 85' lang='lat' dir='ltr'><strong>Patre</strong></span> <span class='ocrx_word' id='word_1_766' title='bbox 619 4787 841 4852; x_wconf 78' lang='lat' dir='ltr'><strong>gradus,</strong></span> <span class='ocrx_word' id='word_1_767' title='bbox 889 4802 954 4841; x_wconf 91' lang='lat' dir='ltr'><strong>ac</strong></span> <span class='ocrx_word' id='word_1_768' title='bbox 982 4789 1262 4858; x_wconf 83' lang='lat' dir='ltr'><strong>dignitatis</strong></span> <span class='ocrx_word' id='word_1_769' title='bbox 1304 4804 1446 4852; x_wconf 66' lang='lat' dir='ltr'><strong>esse,</strong></span> <span class='ocrx_word' id='word_1_770' title='bbox 1489 4788 1648 4858; x_wconf 82' lang='lat' dir='ltr'><strong>eique</strong></span> <span class='ocrx_word' id='word_1_771' title='bbox 1682 4789 2020 4842; x_wconf 81' lang='lat' dir='ltr'><strong>concordare</strong></span> 
     </span>
    </p>
   </div>
   <div class='ocr_carea' id='block_1_97' title="bbox 436 4876 2018 4950">
    <p class='ocr_par' dir='ltr' id='par_1_97' title="bbox 436 4876 2018 4950">
     <span class='ocr_line' id='line_1_97' title="bbox 436 4876 2018 4950; baseline 0.004 -24"><span class='ocrx_word' id='word_1_772' title='bbox 436 4876 787 4941; x_wconf 85' lang='lat' dir='ltr'><strong>annuntians,</strong></span> <span class='ocrx_word' id='word_1_773' title='bbox 834 4878 946 4931; x_wconf 89' lang='lat' dir='ltr'><strong>ait:</strong></span> <span class='ocrx_word' id='word_1_774' title='bbox 989 4898 1007 4930; x_wconf 76' lang='grc' dir='ltr'><strong>ι</strong></span> <span class='ocrx_word' id='word_1_775' title='bbox 1036 4881 1135 4946; x_wconf 91' lang='lat' dir='ltr'><strong>Qui</strong></span> <span class='ocrx_word' id='word_1_776' title='bbox 1179 4881 1544 4950; x_wconf 68' lang='lat' dir='ltr'><strong>Spernit(92),</strong></span> <span class='ocrx_word' id='word_1_777' title='bbox 1599 4897 1704 4934; x_wconf 92' lang='lat' dir='ltr'><strong>non</strong></span> <span class='ocrx_word' id='word_1_778' title='bbox 1748 4881 2018 4934; x_wconf 88' lang='lat' dir='ltr'><strong>hominem</strong></span> 
     </span>
    </p>
   </div>
   <div class='ocr_carea' id='block_1_98' title="bbox 508 4989 2014 5058">
    <p class='ocr_par' dir='ltr' id='par_1_98' title="bbox 508 4989 2014 5058">
     <span class='ocr_line' id='line_1_98' title="bbox 508 4989 2014 5058; baseline 0.003 -17"><span class='ocrx_word' id='word_1_779' title='bbox 508 4989 619 5058; x_wconf 89' lang='lat'><strong>(80)</strong></span> <span class='ocrx_word' id='word_1_780' title='bbox 653 4989 844 5058; x_wconf 74' lang='lat' dir='ltr'><strong>Moses.</strong></span> <span class='ocrx_word' id='word_1_781' title='bbox 873 4989 1004 5044; x_wconf 88' lang='lat' dir='ltr'><strong>Vide</strong></span> <span class='ocrx_word' id='word_1_782' title='bbox 1034 4994 1204 5048; x_wconf 78' lang='lat' dir='ltr'><strong>Exod.</strong></span> <span class='ocrx_word' id='word_1_783' title='bbox 1237 5011 1420 5052; x_wconf 74' lang='lat' dir='ltr'><strong>xxxw.</strong></span> <span class='ocrx_word' id='word_1_784' title='bbox 1459 4996 1531 5049; x_wconf 73' lang='grc'><strong>54</strong></span> <span class='ocrx_word' id='word_1_785' title='bbox 1563 5005 1616 5046; x_wconf 74' lang='lat' dir='ltr'><strong>et</strong></span> <span class='ocrx_word' id='word_1_786' title='bbox 1667 4995 1756 5048; x_wconf 81' lang='lat'><strong>55.</strong></span> <span class='ocrx_word' id='word_1_787' title='bbox 1802 4992 2014 5048; x_wconf 85' lang='lat' dir='ltr'><strong>Similia</strong></span> 
     </span>
    </p>
   </div>
   <div class='ocr_carea' id='block_1_99' title="bbox 437 5057 2014 5182">
    <p class='ocr_par' dir='ltr' id='par_1_99' title="bbox 437 5057 2014 5182">
     <span class='ocr_line' id='line_1_99' title="bbox 437 5057 2014 5182; baseline 0.003 -71"><span class='ocrx_word' id='word_1_788' title='bbox 437 5057 900 5182; x_wconf 54' lang='lat' dir='ltr'><strong>habetséh&#39;igenes</strong></span> <span class='ocrx_word' id='word_1_789' title='bbox 927 5061 977 5113; x_wconf 92' lang='lat' dir='ltr'><strong>in</strong></span> <span class='ocrx_word' id='word_1_790' title='bbox 1004 5063 1140 5116; x_wconf 84' lang='lat' dir='ltr'><strong>libro</strong></span> <span class='ocrx_word' id='word_1_791' title='bbox 1171 5067 1344 5131; x_wconf 86' lang='lat' dir='ltr'><strong>primo</strong></span> <span class='ocrx_word' id='word_1_792' title='bbox 1378 5064 1455 5118; x_wconf 85' lang='lat' dir='ltr'><strong>De</strong></span> <span class='ocrx_word' id='word_1_793' title='bbox 1487 5067 1779 5132; x_wconf 76' lang='lat' dir='ltr'><strong>principiis,</strong></span> <span class='ocrx_word' id='word_1_794' title='bbox 1818 5080 1939 5134; x_wconf 85' lang='lat' dir='ltr'><strong>cap.</strong></span> <span class='ocrx_word' id='word_1_795' title='bbox 1961 5063 2014 5124; x_wconf 76' lang='lat' dir='ltr'><strong>i,</strong></span> 
     </span>
     <span class='ocr_line' id='line_1_100' title="bbox 439 5145 677 5182; baseline 0 0"><span class='ocrx_word' id='word_1_796' title='bbox 439 5145 558 5182; x_wconf 81' lang='lat' dir='ltr'><strong>natz.</strong></span> <span class='ocrx_word' id='word_1_797' title='bbox 664 5169 677 5182; x_wconf 90' lang='lat'><strong>.</strong></span> 
     </span>
    </p>
   </div>
   <div class='ocr_carea' id='block_1_100' title="bbox 439 5145 677 5198">
    <p class='ocr_par' dir='ltr' id='par_1_100' title="bbox 439 5145 677 5198">
     <span class='ocr_line' id='line_1_101' title="bbox 439 5145 677 5198; baseline 0.008 -17"><span class='ocrx_word' id='word_1_798' title='bbox 439 5145 558 5198; x_wconf 68' lang='lat' dir='ltr'><strong>pug.</strong></span> <span class='ocrx_word' id='word_1_799' title='bbox 590 5145 677 5183; x_wconf 77' lang='lat' dir='ltr'><strong>DU.</strong></span> 
     </span>
    </p>
   </div>
   <div class='ocr_carea' id='block_1_101' title="bbox 485 5197 2016 5288">
    <p class='ocr_par' dir='ltr' id='par_1_101' title="bbox 485 5197 2016 5288">
     <span class='ocr_line' id='line_1_102' title="bbox 485 5197 2016 5288; baseline 0.003 -37"><span class='ocrx_word' id='word_1_800' title='bbox 485 5200 624 5288; x_wconf 45' lang='lat'><strong>.(81)</strong></span> <span class='ocrx_word' id='word_1_801' title='bbox 679 5197 799 5252; x_wconf 85' lang='lat' dir='ltr'><strong>Sui.</strong></span> <span class='ocrx_word' id='word_1_802' title='bbox 867 5197 1070 5268; x_wconf 80' lang='lat' dir='ltr'><strong>Codex,</strong></span> <span class='ocrx_word' id='word_1_803' title='bbox 1139 5201 1326 5256; x_wconf 82' lang='grc' dir='ltr'>αὐτοῦ.</span> <span class='ocrx_word' id='word_1_804' title='bbox 1381 5201 1690 5273; x_wconf 71' lang='lat' dir='ltr'><strong>Legendtnn</strong></span> <span class='ocrx_word' id='word_1_805' title='bbox 1759 5201 2016 5266; x_wconf 80' lang='lat' dir='ltr'><strong>fortasse,</strong></span> 
     </span>
    </p>
   </div>
   <div class='ocr_carea' id='block_1_102' title="bbox 440 5287 624 5324">
    <p class='ocr_par' dir='ltr' id='par_1_102' title="bbox 440 5287 624 5324">
     <span class='ocr_line' id='line_1_103' title="bbox 440 5287 624 5324; baseline 0 0"><span class='ocrx_word' id='word_1_806' title='bbox 440 5287 474 5324; x_wconf 73' lang='grc' dir='ltr'><strong>α</strong></span> <span class='ocrx_word' id='word_1_807' title='bbox 485 5287 624 5324; x_wconf 69' lang='grc' dir='ltr'>που.</span> 
     </span>
    </p>
   </div>
   <div class='ocr_carea' id='block_1_103' title="bbox 512 5337 2014 5411">
    <p class='ocr_par' dir='ltr' id='par_1_103' title="bbox 512 5337 2014 5411">
     <span class='ocr_line' id='line_1_104' title="bbox 512 5337 2014 5411; baseline -0.002 -15"><span class='ocrx_word' id='word_1_808' title='bbox 512 5341 622 5411; x_wconf 73' lang='lat'><strong>(82)</strong></span> <span class='ocrx_word' id='word_1_809' title='bbox 659 5337 980 5409; x_wconf 78' lang='lat' dir='ltr'><strong>Gloriﬁcati.</strong></span> <span class='ocrx_word' id='word_1_810' title='bbox 1021 5339 1208 5395; x_wconf 87' lang='lat' dir='ltr'><strong>Latina</strong></span> <span class='ocrx_word' id='word_1_811' title='bbox 1257 5341 1540 5397; x_wconf 83' lang='lat' dir='ltr'><strong>translatio</strong></span> <span class='ocrx_word' id='word_1_812' title='bbox 1590 5342 1764 5398; x_wconf 76' lang='lat' dir='ltr'><strong>Exod.</strong></span> <span class='ocrx_word' id='word_1_813' title='bbox 1827 5357 2014 5411; x_wconf 66' lang='lat' dir='ltr'><strong>sum,</strong></span> 
     </span>
    </p>
   </div>
   <div class='ocr_carea' id='block_1_104' title="bbox 441 5410 2014 5478">
    <p class='ocr_par' dir='ltr' id='par_1_104' title="bbox 441 5410 2014 5478">
     <span class='ocr_line' id='line_1_105' title="bbox 441 5410 2014 5478; baseline 0.002 -15"><span class='ocrx_word' id='word_1_814' title='bbox 441 5410 530 5475; x_wconf 74' lang='lat'><strong>55,</strong></span> <span class='ocrx_word' id='word_1_815' title='bbox 566 5411 728 5465; x_wconf 77' lang='lat' dir='ltr'><strong>Musis</strong></span> <span class='ocrx_word' id='word_1_816' title='bbox 765 5412 956 5465; x_wconf 79' lang='lat' dir='ltr'><strong>facient</strong></span> <span class='ocrx_word' id='word_1_817' title='bbox 1014 5429 1031 5460; x_wconf 86' lang='lat' dir='ltr'><strong>t</strong></span> <span class='ocrx_word' id='word_1_818' title='bbox 1062 5422 1342 5478; x_wconf 79' lang='lat' dir='ltr'><strong>cornutum</strong></span> <span class='ocrx_word' id='word_1_819' title='bbox 1375 5413 1544 5466; x_wconf 89' lang='lat' dir='ltr'><strong>fuisse</strong></span> <span class='ocrx_word' id='word_1_820' title='bbox 1575 5431 1595 5463; x_wconf 69' lang='grc' dir='ltr'><strong>ι</strong></span> <span class='ocrx_word' id='word_1_821' title='bbox 1653 5415 1769 5478; x_wconf 80' lang='lat' dir='ltr'><strong>ait;</strong></span> <span class='ocrx_word' id='word_1_822' title='bbox 1825 5410 2014 5466; x_wconf 64' lang='lat' dir='ltr'><strong>Graeca</strong></span> 
     </span>
    </p>
   </div>
   <div class='ocr_carea' id='block_1_105' title="bbox 444 5477 1300 5547">
    <p class='ocr_par' dir='ltr' id='par_1_105' title="bbox 444 5477 1300 5547">
     <span class='ocr_line' id='line_1_106' title="bbox 444 5477 1300 5547; baseline -0.001 -14"><span class='ocrx_word' id='word_1_823' title='bbox 444 5496 593 5539; x_wconf 72' lang='lat' dir='ltr'><strong>Vero.</strong></span> <span class='ocrx_word' id='word_1_824' title='bbox 630 5500 648 5530; x_wconf 77' lang='grc' dir='ltr'><strong>ι</strong></span> <span class='ocrx_word' id='word_1_825' title='bbox 680 5483 1034 5547; x_wconf 81' lang='lat' dir='ltr'><strong>gloriticatam</strong></span> <span class='ocrx_word' id='word_1_826' title='bbox 1071 5477 1257 5534; x_wconf 82' lang='lat' dir='ltr'><strong>fuisse.</strong></span> <span class='ocrx_word' id='word_1_827' title='bbox 1281 5501 1300 5532; x_wconf 77' lang='grc' dir='ltr'><strong>ι</strong></span> 
     </span>
    </p>
   </div>
   <div class='ocr_carea' id='block_1_106' title="bbox 514 5547 1637 5620">
    <p class='ocr_par' dir='ltr' id='par_1_106' title="bbox 514 5547 1637 5620">
     <span class='ocr_line' id='line_1_107' title="bbox 514 5547 1637 5620; baseline 0 -14"><span class='ocrx_word' id='word_1_828' title='bbox 514 5552 628 5620; x_wconf 79' lang='grc'><strong>(85)</strong></span> <span class='ocrx_word' id='word_1_829' title='bbox 670 5551 875 5619; x_wconf 80' lang='lat' dir='ltr'><strong>Inquit.</strong></span> <span class='ocrx_word' id='word_1_830' title='bbox 919 5547 1030 5602; x_wconf 85' lang='lat' dir='ltr'><strong>lad</strong></span> <span class='ocrx_word' id='word_1_831' title='bbox 1057 5549 1187 5620; x_wconf 79' lang='lat' dir='ltr'><strong>Cor.</strong></span> <span class='ocrx_word' id='word_1_832' title='bbox 1220 5565 1333 5620; x_wconf 70' lang='lat' dir='ltr'><strong>siv,</strong></span> <span class='ocrx_word' id='word_1_833' title='bbox 1365 5551 1436 5603; x_wconf 67' lang='grc'><strong>24</strong></span> <span class='ocrx_word' id='word_1_834' title='bbox 1467 5560 1518 5604; x_wconf 88' lang='lat' dir='ltr'><strong>et</strong></span> <span class='ocrx_word' id='word_1_835' title='bbox 1543 5553 1637 5606; x_wconf 74' lang='lat'><strong>25.</strong></span> 
     </span>
    </p>
   </div>
   <div class='ocr_carea' id='block_1_107' title="bbox 517 5619 2018 5691">
    <p class='ocr_par' dir='ltr' id='par_1_107' title="bbox 517 5619 2018 5691">
     <span class='ocr_line' id='line_1_108' title="bbox 517 5619 2018 5691; baseline -0.003 -15"><span class='ocrx_word' id='word_1_836' title='bbox 517 5619 632 5691; x_wconf 75' lang='grc' dir='ltr'><strong>(ει)</strong></span> <span class='ocrx_word' id='word_1_837' title='bbox 660 5621 736 5674; x_wconf 75' lang='lat' dir='ltr'><strong>Ab</strong></span> <span class='ocrx_word' id='word_1_838' title='bbox 761 5621 1021 5691; x_wconf 69' lang='lat' dir='ltr'><strong>omnibus.</strong></span> <span class='ocrx_word' id='word_1_839' title='bbox 1051 5619 1240 5691; x_wconf 70' lang='lat' dir='ltr'><strong>Graeca</strong></span> <span class='ocrx_word' id='word_1_840' title='bbox 1285 5619 1457 5691; x_wconf 12' lang='lat' dir='ltr'><strong>Biiblia</strong></span> <span class='ocrx_word' id='word_1_841' title='bbox 1483 5634 1621 5689; x_wconf 85' lang='lat' dir='ltr'><strong>post,</strong></span> <span class='ocrx_word' id='word_1_842' title='bbox 1650 5619 1756 5673; x_wconf 81' lang='grc' dir='ltr'>ὑπὸ</span> <span class='ocrx_word' id='word_1_843' title='bbox 1782 5619 2018 5691; x_wconf 76' lang='grc' dir='ltr'>πάντων,</span> 
     </span>
    </p>
   </div>
   <div class='ocr_carea' id='block_1_108' title="bbox 449 5688 2024 5760">
    <p class='ocr_par' dir='ltr' id='par_1_108' title="bbox 449 5688 2024 5760">
     <span class='ocr_line' id='line_1_109' title="bbox 449 5688 2024 5760; baseline 0.001 -19"><span class='ocrx_word' id='word_1_844' title='bbox 449 5688 690 5746; x_wconf 84' lang='lat' dir='ltr'><strong>habent:</strong></span> <span class='ocrx_word' id='word_1_845' title='bbox 728 5692 824 5744; x_wconf 77' lang='grc' dir='ltr'><strong>καὶ</strong></span> <span class='ocrx_word' id='word_1_846' title='bbox 852 5688 995 5760; x_wconf 76' lang='grc' dir='ltr'>οὕτω</span> <span class='ocrx_word' id='word_1_847' title='bbox 1029 5689 1098 5760; x_wconf 17' lang='grc' dir='ltr'>τᾷἀ</span> <span class='ocrx_word' id='word_1_848' title='bbox 1144 5690 1386 5760; x_wconf 82' lang='grc' dir='ltr'>κρυπτά,</span> <span class='ocrx_word' id='word_1_849' title='bbox 1432 5688 1604 5746; x_wconf 80' lang='lat' dir='ltr'><strong>idest</strong></span> <span class='ocrx_word' id='word_1_850' title='bbox 1636 5708 1683 5760; x_wconf 12' lang='grc' dir='ltr'><strong>γι</strong></span> <span class='ocrx_word' id='word_1_851' title='bbox 1711 5701 1766 5742; x_wconf 89' lang='lat' dir='ltr'><strong>et</strong></span> <span class='ocrx_word' id='word_1_852' title='bbox 1811 5690 1884 5742; x_wconf 85' lang='lat' dir='ltr'><strong>ita</strong></span> <span class='ocrx_word' id='word_1_853' title='bbox 1933 5704 2024 5743; x_wconf 81' lang='lat' dir='ltr'><strong>oc-</strong></span> 
     </span>
    </p>
   </div>
   <div class='ocr_carea' id='block_1_109' title="bbox 451 5757 2024 5831">
    <p class='ocr_par' dir='ltr' id='par_1_109' title="bbox 451 5757 2024 5831">
     <span class='ocr_line' id='line_1_110' title="bbox 451 5757 2024 5831; baseline -0.001 -19"><span class='ocrx_word' id='word_1_854' title='bbox 451 5761 618 5831; x_wconf 76' lang='lat' dir='ltr'><strong>culta.</strong></span> <span class='ocrx_word' id='word_1_855' title='bbox 645 5777 671 5831; x_wconf 74' lang='lat'><strong>_)</strong></span> <span class='ocrx_word' id='word_1_856' title='bbox 711 5761 818 5814; x_wconf 88' lang='lat' dir='ltr'><strong>Sed</strong></span> <span class='ocrx_word' id='word_1_857' title='bbox 847 5757 1014 5813; x_wconf 82' lang='lat' dir='ltr'><strong>Biblia</strong></span> <span class='ocrx_word' id='word_1_858' title='bbox 1054 5757 1240 5831; x_wconf 65' lang='lat' dir='ltr'><strong>Latina</strong></span> <span class='ocrx_word' id='word_1_859' title='bbox 1272 5761 1400 5816; x_wconf 85' lang='lat' dir='ltr'><strong>item</strong></span> <span class='ocrx_word' id='word_1_860' title='bbox 1445 5772 1502 5814; x_wconf 90' lang='lat' dir='ltr'><strong>ut</strong></span> <span class='ocrx_word' id='word_1_861' title='bbox 1551 5759 1809 5831; x_wconf 85' lang='lat' dir='ltr'><strong>Didymus</strong></span> <span class='ocrx_word' id='word_1_862' title='bbox 1863 5761 2024 5814; x_wconf 88' lang='lat' dir='ltr'><strong>omit-</strong></span> 
     </span>
    </p>
   </div>
   <div class='ocr_carea' id='block_1_110' title="bbox 457 5829 1219 5897">
    <p class='ocr_par' dir='ltr' id='par_1_110' title="bbox 457 5829 1219 5897">
     <span class='ocr_line' id='line_1_111' title="bbox 457 5829 1219 5897; baseline 0 -15"><span class='ocrx_word' id='word_1_863' title='bbox 457 5836 576 5885; x_wconf 89' lang='lat' dir='ltr'><strong>tunt</strong></span> <span class='ocrx_word' id='word_1_864' title='bbox 603 5829 692 5886; x_wconf 83' lang='lat' dir='ltr'><strong>hic</strong></span> <span class='ocrx_word' id='word_1_865' title='bbox 718 5844 899 5897; x_wconf 86' lang='lat' dir='ltr'><strong>voces,</strong></span> <span class='ocrx_word' id='word_1_866' title='bbox 936 5849 953 5880; x_wconf 86' lang='grc'><strong>‹</strong></span> <span class='ocrx_word' id='word_1_867' title='bbox 985 5839 1039 5886; x_wconf 85' lang='lat' dir='ltr'><strong>et</strong></span> <span class='ocrx_word' id='word_1_868' title='bbox 1071 5829 1163 5884; x_wconf 70' lang='lat' dir='ltr'><strong>ita.</strong></span> <span class='ocrx_word' id='word_1_869' title='bbox 1201 5849 1219 5882; x_wconf 70' lang='grc' dir='ltr'><strong>ι</strong></span> 
     </span>
    </p>
   </div>
   <div class='ocr_carea' id='block_1_111' title="bbox 2123 4591 3709 4671">
    <p class='ocr_par' dir='ltr' id='par_1_111' title="bbox 2123 4591 3709 4671">
     <span class='ocr_line' id='line_1_112' title="bbox 2123 4591 3709 4671; baseline -0.004 -18"><span class='ocrx_word' id='word_1_870' title='bbox 2123 4600 2235 4663; x_wconf 88' lang='grc' dir='ltr'>λοις</span> <span class='ocrx_word' id='word_1_871' title='bbox 2263 4599 2424 4670; x_wconf 79' lang='grc' dir='ltr'>ἔχων,</span> <span class='ocrx_word' id='word_1_872' title='bbox 2451 4597 2746 4671; x_wconf 69' lang='grc' dir='ltr'>διαρρήδην</span> <span class='ocrx_word' id='word_1_873' title='bbox 2769 4597 2904 4650; x_wconf 90' lang='grc' dir='ltr'>Θεὸν</span> <span class='ocrx_word' id='word_1_874' title='bbox 2926 4597 3020 4650; x_wconf 71' lang='grc' dir='ltr'>καὶ</span> <span class='ocrx_word' id='word_1_875' title='bbox 3051 4595 3253 4666; x_wconf 85' lang='grc' dir='ltr'>Κύριον</span> <span class='ocrx_word' id='word_1_876' title='bbox 3277 4594 3338 4648; x_wconf 91' lang='grc' dir='ltr'><strong>τὸ</strong></span> <span class='ocrx_word' id='word_1_877' title='bbox 3361 4593 3513 4662; x_wconf 81' lang='grc' dir='ltr'>ἂγιον</span> <span class='ocrx_word' id='word_1_878' title='bbox 3537 4591 3709 4647; x_wconf 86' lang='grc' dir='ltr'>Πνεῦ-</span> 
     </span>
    </p>
   </div>
   <div class='ocr_carea' id='block_1_112' title="bbox 2127 4685 3709 4763">
    <p class='ocr_par' dir='ltr' id='par_1_112' title="bbox 2127 4685 3709 4763">
     <span class='ocr_line' id='line_1_113' title="bbox 2127 4685 3709 4763; baseline -0.005 -19"><span class='ocrx_word' id='word_1_879' title='bbox 2127 4709 2203 4763; x_wconf 90' lang='grc' dir='ltr'><strong>μα</strong></span> <span class='ocrx_word' id='word_1_880' title='bbox 2243 4690 2547 4763; x_wconf 86' lang='grc' dir='ltr'>παριστῶν,</span> <span class='ocrx_word' id='word_1_881' title='bbox 2577 4689 2818 4742; x_wconf 89' lang='grc' dir='ltr'>τοιοῦτον</span> <span class='ocrx_word' id='word_1_882' title='bbox 2847 4687 3145 4760; x_wconf 73' lang='grc' dir='ltr'>ἠπείλησεν</span> <span class='ocrx_word' id='word_1_883' title='bbox 3179 4686 3322 4740; x_wconf 87' lang='grc' dir='ltr'><strong>κατά</strong></span> <span class='ocrx_word' id='word_1_884' title='bbox 3357 4685 3502 4752; x_wconf 80' lang='grc' dir='ltr'>λέξιν</span> <span class='ocrx_word' id='word_1_885' title='bbox 3548 4685 3709 4737; x_wconf 80' lang='grc' dir='ltr'>Ἀνα-</span> 
     </span>
    </p>
   </div>
   <div class='ocr_carea' id='block_1_113' title="bbox 2125 4777 3708 4854">
    <p class='ocr_par' dir='ltr' id='par_1_113' title="bbox 2125 4777 3708 4854">
     <span class='ocr_line' id='line_1_114' title="bbox 2125 4777 3708 4854; baseline -0.006 -18"><span class='ocrx_word' id='word_1_886' title='bbox 2125 4783 2216 4854; x_wconf 54' lang='lat' dir='ltr'><strong>vis.</strong></span> <span class='ocrx_word' id='word_1_887' title='bbox 2261 4783 2370 4835; x_wconf 73' lang='grc' dir='ltr'>τιν).</span> <span class='ocrx_word' id='word_1_888' title='bbox 2401 4781 2638 4852; x_wconf 74' lang='grc' dir='ltr'>τοῦνομα</span> <span class='ocrx_word' id='word_1_889' title='bbox 2664 4799 2678 4812; x_wconf 78' lang='grc' dir='ltr'><strong>ο</strong></span> <span class='ocrx_word' id='word_1_890' title='bbox 2734 4800 2751 4832; x_wconf 78' lang='grc' dir='ltr'><strong>ι</strong></span> <span class='ocrx_word' id='word_1_891' title='bbox 2785 4781 2885 4833; x_wconf 87' lang='grc' dir='ltr'>Διά</span> <span class='ocrx_word' id='word_1_892' title='bbox 2931 4779 3005 4844; x_wconf 45' lang='grc' dir='ltr'><strong>τί,</strong></span> <span class='ocrx_word' id='word_1_893' title='bbox 3031 4779 3352 4849; x_wconf 78' lang='grc' dir='ltr'>ἐπλήρωσεν</span> <span class='ocrx_word' id='word_1_894' title='bbox 3387 4779 3415 4831; x_wconf 85' lang='grc' dir='ltr'>ὁ</span> <span class='ocrx_word' id='word_1_895' title='bbox 3464 4777 3708 4839; x_wconf 83' lang='grc' dir='ltr'>Σατανᾶς</span> 
     </span>
    </p>
   </div>
   <div class='ocr_carea' id='block_1_114' title="bbox 2125 4868 3706 4947">
    <p class='ocr_par' dir='ltr' id='par_1_114' title="bbox 2125 4868 3706 4947">
     <span class='ocr_line' id='line_1_115' title="bbox 2125 4868 3706 4947; baseline -0.005 -19"><span class='ocrx_word' id='word_1_896' title='bbox 2125 4875 2224 4946; x_wconf 83' lang='grc' dir='ltr'>τὴν</span> <span class='ocrx_word' id='word_1_897' title='bbox 2244 4873 2470 4947; x_wconf 86' lang='grc' dir='ltr'>καρδίαν</span> <span class='ocrx_word' id='word_1_898' title='bbox 2499 4891 2614 4940; x_wconf 91' lang='grc' dir='ltr'>σου,</span> <span class='ocrx_word' id='word_1_899' title='bbox 2643 4873 2948 4944; x_wconf 78' lang='grc' dir='ltr'>ψεύσασθαί</span> <span class='ocrx_word' id='word_1_900' title='bbox 2979 4889 3038 4926; x_wconf 89' lang='grc' dir='ltr'><strong>σε</strong></span> <span class='ocrx_word' id='word_1_901' title='bbox 3075 4871 3135 4924; x_wconf 92' lang='grc' dir='ltr'><strong>τὸ</strong></span> <span class='ocrx_word' id='word_1_902' title='bbox 3170 4871 3395 4942; x_wconf 90' lang='grc' dir='ltr'>Πνεῦμα</span> <span class='ocrx_word' id='word_1_903' title='bbox 3429 4869 3490 4923; x_wconf 93' lang='grc' dir='ltr'><strong>τὸ</strong></span> <span class='ocrx_word' id='word_1_904' title='bbox 3530 4868 3706 4937; x_wconf 81' lang='grc' dir='ltr'>ἀγιον,</span> 
     </span>
    </p>
   </div>
   <div class='ocr_carea' id='block_1_115' title="bbox 2192 4989 3048 5060">
    <p class='ocr_par' dir='ltr' id='par_1_115' title="bbox 2192 4989 3048 5060">
     <span class='ocr_line' id='line_1_116' title="bbox 2192 4989 3048 5060; baseline -0.001 -15"><span class='ocrx_word' id='word_1_905' title='bbox 2192 4991 2306 5060; x_wconf 76' lang='grc'><strong>(85)</strong></span> <span class='ocrx_word' id='word_1_906' title='bbox 2337 4990 2497 5046; x_wconf 84' lang='lat' dir='ltr'><strong>Deus.</strong></span> <span class='ocrx_word' id='word_1_907' title='bbox 2533 4990 2690 5046; x_wconf 80' lang='lat' dir='ltr'><strong>Rom.</strong></span> <span class='ocrx_word' id='word_1_908' title='bbox 2729 5006 2818 5054; x_wconf 80' lang='lat' dir='ltr'><strong>xv,</strong></span> <span class='ocrx_word' id='word_1_909' title='bbox 2851 4990 2884 5043; x_wconf 83' lang='lat'><strong>5</strong></span> <span class='ocrx_word' id='word_1_910' title='bbox 2913 4999 2967 5044; x_wconf 88' lang='lat' dir='ltr'><strong>et</strong></span> <span class='ocrx_word' id='word_1_911' title='bbox 2995 4989 3048 5044; x_wconf 87' lang='lat'><strong>6.</strong></span> 
     </span>
    </p>
   </div>
   <div class='ocr_carea' id='block_1_116' title="bbox 2191 5057 3700 5130">
    <p class='ocr_par' dir='ltr' id='par_1_116' title="bbox 2191 5057 3700 5130">
     <span class='ocr_line' id='line_1_117' title="bbox 2191 5057 3700 5130; baseline -0.005 -14"><span class='ocrx_word' id='word_1_912' title='bbox 2191 5057 2306 5130; x_wconf 85' lang='lat'><strong>(86)</strong></span> <span class='ocrx_word' id='word_1_913' title='bbox 2359 5062 2426 5114; x_wconf 81' lang='lat' dir='ltr'><strong>Et</strong></span> <span class='ocrx_word' id='word_1_914' title='bbox 2477 5066 2607 5128; x_wconf 73' lang='lat' dir='ltr'><strong>spei.</strong></span> <span class='ocrx_word' id='word_1_915' title='bbox 2658 5060 2822 5114; x_wconf 84' lang='lat' dir='ltr'><strong>Biblia</strong></span> <span class='ocrx_word' id='word_1_916' title='bbox 2874 5060 3102 5116; x_wconf 70' lang='lat' dir='ltr'><strong>Graeca:</strong></span> <span class='ocrx_word' id='word_1_917' title='bbox 3152 5059 3246 5113; x_wconf 80' lang='grc' dir='ltr'>καὶ</span> <span class='ocrx_word' id='word_1_918' title='bbox 3279 5057 3700 5130; x_wconf 85' lang='grc' dir='ltr'>παρακλήσεως,</span> 
     </span>
    </p>
   </div>
   <div class='ocr_carea' id='block_1_117' title="bbox 2126 5130 3124 5202">
    <p class='ocr_par' dir='ltr' id='par_1_117' title="bbox 2126 5130 3124 5202">
     <span class='ocr_line' id='line_1_118' title="bbox 2126 5130 3124 5202; baseline -0.004 -17"><span class='ocrx_word' id='word_1_919' title='bbox 2126 5131 2177 5185; x_wconf 89' lang='lat' dir='ltr'><strong>id</strong></span> <span class='ocrx_word' id='word_1_920' title='bbox 2216 5130 2318 5198; x_wconf 83' lang='lat' dir='ltr'><strong>est,</strong></span> <span class='ocrx_word' id='word_1_921' title='bbox 2349 5151 2377 5202; x_wconf 51' lang='grc' dir='ltr'><strong>ρ</strong></span> <span class='ocrx_word' id='word_1_922' title='bbox 2405 5143 2459 5185; x_wconf 92' lang='lat' dir='ltr'><strong>et</strong></span> <span class='ocrx_word' id='word_1_923' title='bbox 2488 5130 2900 5202; x_wconf 73' lang='lat' dir='ltr'><strong>consolationis.</strong></span> <span class='ocrx_word' id='word_1_924' title='bbox 2933 5149 2952 5182; x_wconf 87' lang='grc' dir='ltr'><strong>ι</strong></span> <span class='ocrx_word' id='word_1_925' title='bbox 3098 5198 3124 5202; x_wconf 12' lang='lat'><strong>_.</strong></span> 
     </span>
    </p>
   </div>
   <div class='ocr_carea' id='block_1_118' title="bbox 2216 5198 3149 5270">
    <p class='ocr_par' dir='ltr' id='par_1_118' title="bbox 2216 5198 3149 5270">
     <span class='ocr_line' id='line_1_119' title="bbox 2216 5198 3149 5270; baseline 0 -17"><span class='ocrx_word' id='word_1_926' title='bbox 2216 5202 2304 5270; x_wconf 86' lang='lat'><strong>87)</strong></span> <span class='ocrx_word' id='word_1_927' title='bbox 2337 5201 2615 5255; x_wconf 77' lang='lat' dir='ltr'><strong>Dominus.</strong></span> <span class='ocrx_word' id='word_1_928' title='bbox 2649 5201 2688 5255; x_wconf 89' lang='lat' dir='ltr'>ll</span> <span class='ocrx_word' id='word_1_929' title='bbox 2741 5199 2934 5270; x_wconf 64' lang='lat' dir='ltr'><strong>Thess.</strong></span> <span class='ocrx_word' id='word_1_930' title='bbox 2969 5213 3056 5259; x_wconf 82' lang='grc' dir='ltr'>ιιι.</span> <span class='ocrx_word' id='word_1_931' title='bbox 3096 5198 3149 5252; x_wconf 80' lang='grc'><strong>5.</strong></span> 
     </span>
    </p>
   </div>
   <div class='ocr_carea' id='block_1_119' title="bbox 2217 5268 3406 5342">
    <p class='ocr_par' dir='ltr' id='par_1_119' title="bbox 2217 5268 3406 5342">
     <span class='ocr_line' id='line_1_120' title="bbox 2217 5268 3406 5342; baseline 0 -18"><span class='ocrx_word' id='word_1_932' title='bbox 2217 5268 2305 5342; x_wconf 88' lang='lat'><strong>88)</strong></span> <span class='ocrx_word' id='word_1_933' title='bbox 2347 5271 2444 5342; x_wconf 62' lang='grc' dir='ltr'><strong>γοα</strong></span> <span class='ocrx_word' id='word_1_934' title='bbox 2501 5282 2694 5326; x_wconf 79' lang='lat' dir='ltr'><strong>autem.</strong></span> <span class='ocrx_word' id='word_1_935' title='bbox 2729 5272 2751 5324; x_wconf 88' lang='grc' dir='ltr'><strong>ι</strong></span> <span class='ocrx_word' id='word_1_936' title='bbox 2783 5269 3114 5342; x_wconf 26' lang='grc' dir='ltr'>ξῙῚιεεειιιι.</span> <span class='ocrx_word' id='word_1_937' title='bbox 3137 5268 3198 5322; x_wconf 77' lang='grc'><strong>12</strong></span> <span class='ocrx_word' id='word_1_938' title='bbox 3227 5278 3281 5342; x_wconf 85' lang='lat' dir='ltr'><strong>et</strong></span> <span class='ocrx_word' id='word_1_939' title='bbox 3317 5268 3406 5342; x_wconf 73' lang='lat' dir='ltr'><strong>l5.</strong></span> 
     </span>
    </p>
   </div>
   <div class='ocr_carea' id='block_1_120' title="bbox 2196 5337 3563 5418">
    <p class='ocr_par' dir='ltr' id='par_1_120' title="bbox 2196 5337 3563 5418">
     <span class='ocr_line' id='line_1_121' title="bbox 2196 5337 3563 5418; baseline -0.003 -22"><span class='ocrx_word' id='word_1_940' title='bbox 2196 5337 2311 5418; x_wconf 58' lang='grc'><strong>(88)</strong></span> <span class='ocrx_word' id='word_1_941' title='bbox 2343 5339 2470 5418; x_wconf 56' lang='grc' dir='ltr'>δέρε</span> <span class='ocrx_word' id='word_1_942' title='bbox 2496 5345 2739 5418; x_wconf 70' lang='lat' dir='ltr'><strong>querelq._</strong></span> <span class='ocrx_word' id='word_1_943' title='bbox 2766 5341 2952 5394; x_wconf 68' lang='lat' dir='ltr'><strong>Grieca</strong></span> <span class='ocrx_word' id='word_1_944' title='bbox 2986 5337 3178 5418; x_wconf 73' lang='lat' dir='ltr'><strong>l_3_iti_lia,</strong></span> <span class='ocrx_word' id='word_1_945' title='bbox 3232 5339 3563 5418; x_wconf 73' lang='grc' dir='ltr'>ἀμέμπτως.</span> 
     </span>
    </p>
   </div>
   <div class='ocr_carea' id='block_1_121' title="bbox 2198 5403 3699 5481">
    <p class='ocr_par' dir='ltr' id='par_1_121' title="bbox 2198 5403 3699 5481">
     <span class='ocr_line' id='line_1_122' title="bbox 2198 5403 3699 5481; baseline -0.005 -16"><span class='ocrx_word' id='word_1_946' title='bbox 2198 5403 2310 5481; x_wconf 69' lang='grc'><strong>(90)</strong></span> <span class='ocrx_word' id='word_1_947' title='bbox 2349 5403 2652 5481; x_wconf 57' lang='lat' dir='ltr'><strong>After-itam.</strong></span> <span class='ocrx_word' id='word_1_948' title='bbox 2686 5410 2740 5465; x_wconf 87' lang='lat' dir='ltr'><strong>Id</strong></span> <span class='ocrx_word' id='word_1_949' title='bbox 2780 5419 2884 5470; x_wconf 88' lang='lat' dir='ltr'><strong>est,</strong></span> <span class='ocrx_word' id='word_1_950' title='bbox 2929 5429 2946 5462; x_wconf 79' lang='grc' dir='ltr'><strong>ι</strong></span> <span class='ocrx_word' id='word_1_951' title='bbox 2985 5411 3242 5481; x_wconf 76' lang='lat' dir='ltr'><strong>divinant.</strong></span> <span class='ocrx_word' id='word_1_952' title='bbox 3273 5403 3295 5460; x_wconf 64' lang='grc' dir='ltr'><strong>ἱ</strong></span> <span class='ocrx_word' id='word_1_953' title='bbox 3331 5403 3461 5461; x_wconf 68' lang='lat' dir='ltr'><strong>Vide</strong></span> <span class='ocrx_word' id='word_1_954' title='bbox 3489 5416 3597 5481; x_wconf 75' lang='lat' dir='ltr'><strong>not.</strong></span> <span class='ocrx_word' id='word_1_955' title='bbox 3625 5403 3699 5481; x_wconf 61' lang='grc' dir='ltr'>βξ</span> 
     </span>
    </p>
   </div>
   <div class='ocr_carea' id='block_1_122' title="bbox 2164 5475 3706 5548">
    <p class='ocr_par' dir='ltr' id='par_1_122' title="bbox 2164 5475 3706 5548">
     <span class='ocr_line' id='line_1_123' title="bbox 2164 5475 3706 5548; baseline -0.005 -12"><span class='ocrx_word' id='word_1_956' title='bbox 2164 5475 2248 5548; x_wconf 52' lang='grc' dir='ltr'>λιι.</span> <span class='ocrx_word' id='word_1_957' title='bbox 2275 5475 2402 5536; x_wconf 68' lang='grc'><strong>228.</strong></span> <span class='ocrx_word' id='word_1_958' title='bbox 2436 5480 2670 5534; x_wconf 83' lang='grc' dir='ltr'>Αἰωνίαν</span> <span class='ocrx_word' id='word_1_959' title='bbox 2711 5496 2839 5534; x_wconf 90' lang='lat' dir='ltr'><strong>vero</strong></span> <span class='ocrx_word' id='word_1_960' title='bbox 2865 5481 2998 5534; x_wconf 89' lang='lat' dir='ltr'><strong>dicit</strong></span> <span class='ocrx_word' id='word_1_961' title='bbox 3029 5496 3123 5548; x_wconf 86' lang='lat' dir='ltr'><strong>pro</strong></span> <span class='ocrx_word' id='word_1_962' title='bbox 3148 5477 3386 5543; x_wconf 82' lang='grc' dir='ltr'>αἰώνιον,</span> <span class='ocrx_word' id='word_1_963' title='bbox 3420 5489 3468 5529; x_wconf 85' lang='grc' dir='ltr'><strong>ιιι</strong></span> <span class='ocrx_word' id='word_1_964' title='bbox 3490 5475 3706 5548; x_wconf 17' lang='grc' dir='ltr'>νΡειιιΙιιε</span> 
     </span>
    </p>
   </div>
   <div class='ocr_carea' id='block_1_123' title="bbox 2153 5544 3702 5619">
    <p class='ocr_par' dir='ltr' id='par_1_123' title="bbox 2153 5544 3702 5619">
     <span class='ocr_line' id='line_1_124' title="bbox 2153 5544 3702 5619; baseline -0.005 -14"><span class='ocrx_word' id='word_1_965' title='bbox 2153 5544 2296 5606; x_wconf 79' lang='lat' dir='ltr'><strong>lebr.</strong></span> <span class='ocrx_word' id='word_1_966' title='bbox 2328 5567 2405 5613; x_wconf 83' lang='lat' dir='ltr'><strong>tx,</strong></span> <span class='ocrx_word' id='word_1_967' title='bbox 2435 5552 2503 5604; x_wconf 62' lang='lat' dir='ltr'><strong>li</strong></span> <span class='ocrx_word' id='word_1_968' title='bbox 2537 5551 2694 5614; x_wconf 76' lang='lat' dir='ltr'><strong>dixit,</strong></span> <span class='ocrx_word' id='word_1_969' title='bbox 2722 5552 2946 5604; x_wconf 84' lang='grc' dir='ltr'>αἰωνίαν</span> <span class='ocrx_word' id='word_1_970' title='bbox 2973 5544 3263 5619; x_wconf 80' lang='grc' dir='ltr'>λύτρωσιν,</span> <span class='ocrx_word' id='word_1_971' title='bbox 3291 5559 3344 5602; x_wconf 84' lang='lat' dir='ltr'><strong>et</strong></span> <span class='ocrx_word' id='word_1_972' title='bbox 3383 5547 3608 5599; x_wconf 86' lang='lat' dir='ltr'><strong>Basilius</strong></span> <span class='ocrx_word' id='word_1_973' title='bbox 3633 5544 3702 5619; x_wconf 85' lang='lat' dir='ltr'><strong>l_i-_</strong></span> 
     </span>
    </p>
   </div>
   <div class='ocr_carea' id='block_1_124' title="bbox 2132 5614 3707 5688">
    <p class='ocr_par' dir='ltr' id='par_1_124' title="bbox 2132 5614 3707 5688">
     <span class='ocr_line' id='line_1_125' title="bbox 2132 5614 3707 5688; baseline -0.003 -13"><span class='ocrx_word' id='word_1_974' title='bbox 2132 5625 2228 5676; x_wconf 89' lang='lat' dir='ltr'><strong>bro</strong></span> <span class='ocrx_word' id='word_1_975' title='bbox 2256 5621 2334 5674; x_wconf 79' lang='lat' dir='ltr'><strong>De</strong></span> <span class='ocrx_word' id='word_1_976' title='bbox 2369 5620 2462 5686; x_wconf 79' lang='lat' dir='ltr'><strong>Sp.</strong></span> <span class='ocrx_word' id='word_1_977' title='bbox 2494 5630 2674 5672; x_wconf 85' lang='lat' dir='ltr'><strong>sancto</strong></span> <span class='ocrx_word' id='word_1_978' title='bbox 2713 5636 2834 5688; x_wconf 88' lang='lat' dir='ltr'><strong>cap.</strong></span> <span class='ocrx_word' id='word_1_979' title='bbox 2880 5622 2966 5686; x_wconf 83' lang='grc' dir='ltr'>Η,</span> <span class='ocrx_word' id='word_1_980' title='bbox 3015 5614 3208 5672; x_wconf 83' lang='grc' dir='ltr'>αἰωνία</span> <span class='ocrx_word' id='word_1_981' title='bbox 3252 5619 3596 5688; x_wconf 84' lang='grc' dir='ltr'>κατάκρισις,</span> <span class='ocrx_word' id='word_1_982' title='bbox 3649 5614 3707 5671; x_wconf 79' lang='lat' dir='ltr'><strong>id</strong></span> 
     </span>
    </p>
   </div>
   <div class='ocr_carea' id='block_1_125' title="bbox 2130 5689 3104 5756">
    <p class='ocr_par' dir='ltr' id='par_1_125' title="bbox 2130 5689 3104 5756">
     <span class='ocr_line' id='line_1_126' title="bbox 2130 5689 3104 5756; baseline -0.008 -10"><span class='ocrx_word' id='word_1_983' title='bbox 2130 5703 2216 5746; x_wconf 89' lang='lat' dir='ltr'><strong>est</strong></span> <span class='ocrx_word' id='word_1_984' title='bbox 2251 5709 2270 5741; x_wconf 77' lang='grc' dir='ltr'><strong>ι</strong></span> <span class='ocrx_word' id='word_1_985' title='bbox 2301 5691 2630 5756; x_wconf 86' lang='lat' dir='ltr'><strong>sempiterna</strong></span> <span class='ocrx_word' id='word_1_986' title='bbox 2653 5689 3054 5756; x_wconf 71' lang='lat' dir='ltr'><strong>condemnatio.</strong></span> <span class='ocrx_word' id='word_1_987' title='bbox 3086 5707 3104 5738; x_wconf 80' lang='grc' dir='ltr'><strong>ι</strong></span> 
     </span>
    </p>
   </div>
   <div class='ocr_carea' id='block_1_126' title="bbox 2207 5741 3101 5826">
    <p class='ocr_par' dir='ltr' id='par_1_126' title="bbox 2207 5741 3101 5826">
     <span class='ocr_line' id='line_1_127' title="bbox 2207 5741 3101 5826; baseline -0.001 -14"><span class='ocrx_word' id='word_1_988' title='bbox 2207 5741 2320 5826; x_wconf 61' lang='lat' dir='ltr'><strong>iiii</strong></span> <span class='ocrx_word' id='word_1_989' title='bbox 2339 5741 2629 5825; x_wconf 61' lang='lat' dir='ltr'><strong>Spiritum.</strong></span> <span class='ocrx_word' id='word_1_990' title='bbox 3012 5741 3101 5814; x_wconf 66' lang='lat' dir='ltr'><strong>i9.</strong></span> 
     </span>
    </p>
   </div>
   <div class='ocr_carea' id='block_1_127' title="bbox 2207 5818 3705 5900">
    <p class='ocr_par' dir='ltr' id='par_1_127' title="bbox 2207 5818 3705 5900">
     <span class='ocr_line' id='line_1_128' title="bbox 2207 5818 3705 5900; baseline -0.003 -16"><span class='ocrx_word' id='word_1_991' title='bbox 2207 5818 2316 5900; x_wconf 72' lang='lat'><strong>(9‘2)</strong></span> <span class='ocrx_word' id='word_1_992' title='bbox 2358 5818 2461 5896; x_wconf 70' lang='lat' dir='ltr'><strong>Qui</strong></span> <span class='ocrx_word' id='word_1_993' title='bbox 2521 5829 2734 5896; x_wconf 77' lang='lat' dir='ltr'><strong>spernit.</strong></span> <span class='ocrx_word' id='word_1_994' title='bbox 2776 5827 2793 5880; x_wconf 89' lang='grc' dir='ltr'><strong>Ι</strong></span> <span class='ocrx_word' id='word_1_995' title='bbox 2836 5818 3026 5885; x_wconf 75' lang='lat' dir='ltr'><strong>Thess.</strong></span> <span class='ocrx_word' id='word_1_996' title='bbox 3095 5843 3167 5896; x_wconf 86' lang='lat' dir='ltr'><strong>tv,</strong></span> <span class='ocrx_word' id='word_1_997' title='bbox 3216 5828 3269 5883; x_wconf 92' lang='grc'><strong>8.</strong></span> <span class='ocrx_word' id='word_1_998' title='bbox 3321 5827 3377 5884; x_wconf 94' lang='lat' dir='ltr'><strong>ln</strong></span> <span class='ocrx_word' id='word_1_999' title='bbox 3425 5823 3632 5892; x_wconf 72' lang='lat' dir='ltr'><strong>Graeco,</strong></span> <span class='ocrx_word' id='word_1_1000' title='bbox 3670 5818 3705 5879; x_wconf 75' lang='grc' dir='ltr'><strong>ὅ</strong></span> 
     </span>
    </p>
   </div>
  </div>
