4054 6412
447 391 553 448 ωε

1681 387 1916 443 ῡιιιγιιι
1959 386 2428 443 ALEXANDMNI

3606 395 3710 450 6H

445 519 529 563 est
582 505 844 576 Spiritus,
880 503 952 558 ita
1003 502 1170 557 etiam
1224 509 1450 556 sanctus
1503 513 1620 568 eius
1654 500 1894 570 Spiritus
1942 511 2017 555 est

2129 500 2271 571 ἁγίῳ
2314 499 2594 569 Πνεύματι
2621 498 2738 570 ξὲφη
2771 499 2834 551 τὸ
2871 498 3052 568 λόγιον
3091 499 3184 554 τὸν
3221 499 3357 554 Θεὸν
3390 508 3713 574 προσκυνεῖ-

448 601 714 656 Deus:et
737 599 879 652 sicut
929 598 1072 652 Deus
1120 605 1175 650 et
1220 605 1324 658 est,
1359 602 1414 648 et
1463 607 1586 648 esse
1626 593 1826 648 dicitur
1871 594 2021 655 illud.

444 693 589 761 quod
627 699 712 745 est
747 689 984 758 Spiritus
1009 688 1162 754 ejus;
1202 688 1272 740 ita
1317 686 1484 740 etiam
1529 683 1764 754 Spiritus
1801 694 2025 738 sanctus

446 779 575 835 illud
607 791 707 843 est,
735 777 879 847 quod
911 789 993 831 est
1024 776 1130 836 ille.
1162 775 1316 844 cujus
1345 775 1579 845 Spiritus
1619 785 1734 828 est:
1769 775 2022 827 nimirum

446 879 532 923 est
575 868 828 938 principii
885 882 1079 936 expers
1116 866 1276 919 Deus.
1337 865 1462 919 Haec
1511 879 1642 933 ergo
1692 872 1774 918 est
1840 879 2022 918 eorum

448 963 734 1015 verborum
780 959 1043 1012 sententia
1081 975 1096 1014 :
1143 955 1366 1026 Oportet
1415 971 1515 1010 nos
1543 967 1655 1011 toto
1699 965 1884 1009 nostro
1917 954 2028 1022 spi-

449 1053 554 1106 ritu
571 1051 649 1123 (ἓ)
687 1050 1021 1106 confidenter
1045 1064 1108 1102 ac
1129 1049 1246 1102 sine
1286 1047 1624 1100 haesitatione
1647 1044 1752 1117 (5),
1782 1060 1903 1098 cmn
1934 1059 2028 1097 ve-

449 1141 632 1204 ritate,
669 1156 772 1194 non
811 1153 940 1193 vero
973 1139 1103 1192 solis
1135 1137 1310 1198 labiis,
1358 1139 1621 1205 nudisque
1659 1135 2024 1196 sermonibus,

448 1233 708 1303 Spiritum
727 1231 887 1302 233
905 1241 1149 1286 sanctum
1173 1231 1420 1284 adorare.
1440 1228 1592 1294 Quod
1622 1228 1668 1282 si
1694 1227 1932 1282 dixerint
1946 1227 2026 1296 (4)

447 1325 842 1387 Iacedouiwi,
864 1325 918 1377 in
934 1323 1100 1377 allato
1126 1321 1420 1388 Scriptura:
1433 1319 1653 1373 oraculo
1665 1317 1770 1372 dici
1783 1319 1997 1388 quidem
2009 1356 2024 1382 ,

446 1420 594 1488 quod
644 1418 697 1472 in
731 1416 932 1485 Spiritu
991 1423 1182 1468 sancto
1222 1412 1365 1467 Deus
1408 1411 1688 1477 adorator,
1730 1425 1838 1464 non
1895 1424 2026 1463 vero

445 1511 609 1565 etiam
641 1508 768 1573 dici,
793 1505 934 1576 quod
970 1505 1210 1574 Spiritus
1253 1505 1534 1565 adoratur,
1569 1501 1700 1555 illud
1733 1502 1894 1556 ctiam
1935 1516 2028 1554 co-

446 1610 640 1670 gentur
672 1599 871 1664 dicere,
904 1612 1000 1651 nos
1044 1597 1096 1650 in
1143 1595 1284 1650 Filio
1322 1596 1567 1654 adorare,
1615 1609 1719 1646 non
1767 1608 1895 1646 vero
1932 1593 2024 1646 Fi—

448 1689 579 1744 lium
634 1689 846 1744 adorari
899 1705 912 1740 :
955 1687 1182 1758 ipsemet
1235 1687 1380 1741 enim
1433 1686 1554 1739 ait:
1604 1703 1624 1735 ι
1664 1684 1870 1755 Ego(5)
1904 1700 2024 1737 sum

444 1783 686 1837 veritas:
719 1800 738 1832 ι
770 1796 836 1835 ac
866 1795 933 1833 ne
963 1779 1043 1834 sic
1076 1779 1294 1848 quidem
1344 1777 1449 1831 nlla
1495 1778 1600 1830 erit
1627 1793 1689 1831 ex
1734 1777 1836 1831 hoc
1873 1785 2022 1830 textu

2127 591 2285 654 σθαι,
2325 593 2447 661 οὐχὶ
2475 593 2566 645 καὶ
2609 591 2672 643 τὸ
2723 591 2950 663 Πνεῦμα
2989 593 3439 664 προσκυνεῖσθαιο
3469 597 3714 662 ἀναγκα-

2126 684 2416 755 σθήσονται
2459 682 2629 747 λέξαι,
2677 683 2760 736 δτι
2809 682 2904 736 καὶ
2947 685 3005 736 ὲν
3034 684 3112 755 τῷ
3145 685 3280 756 Υἱῷ,
3307 686 3430 756 οὐχὶ
3476 687 3572 740 καὶ
3619 688 3711 740 τὸν

2125 775 2273 828 Υἱόν.
2309 774 2479 837 Αὐτὸς
2519 774 2628 845 γάρ
2672 773 2796 845 ἔφη’
2837 794 2855 827 ι
2891 775 3032 844 Ἐγώ
3059 778 3175 846 είμι
3219 779 3252 847 ἡ
3279 777 3506 848 ἀλήθεια
3533 796 3582 828 οι
3616 779 3711 831 καὶ

2123 867 2221 937 οὔχ
2267 865 2448 930 ἕξουσι
2489 867 2610 919 οὐδὲ
2653 867 2762 920 ἀπὸ
2794 866 2888 920 τοῦ
2932 867 3099 938 ῥητοῦ
3140 869 3294 922 τοῦδε
3345 869 3608 942 διαφοράν
3656 872 3710 922 αἱ

2127 960 2393 1030 μακάριαι
2436 959 2766 1022 ὑποστάσεις
2815 953 2996 1014 αὗται.
3062 958 3290 1024 Ἡσαΐας
3331 961 3408 1024 δὲ,
3449 962 3578 1032 περὶ
3612 963 3712 1032 τῆς

2137 1049 2463 1121 Ἐκκλησίας
2516 1049 2609 1102 καὶ
2663 1049 2774 1102 τῶν
2816 1051 2872 1104 ὲν
2916 1051 3051 1121 αὐτῇ
3103 1052 3578 1122 ὲκπαιδευομένων
3611 1053 3711 1123 τὴν

2127 1141 2317 1209 σοφίαν
2346 1142 2439 1194 τοῦ
2466 1143 2780 1212 Πνεύματος
2809 1141 3189 1212 προφητεύων,
3222 1142 3316 1196 ὡδί
3342 1162 3458 1208 πως
3488 1144 3595 1197 ἀπὸ
3617 1145 3710 1198 τοῦ

2124 1232 2259 1285 Θεοῦ
2286 1233 2574 1302 καταλέγει
2598 1251 2612 1264 ·
2649 1253 2668 1286 ι
2709 1235 2842 1288 Ἰδοὺ
2896 1233 3007 1304 ἐγὼ
3055 1233 3328 1304 ἑτοιμάζω
3357 1251 3437 1287 σοι
3463 1233 3712 1306 ἄνθρακα

2124 1325 2216 1378 τὸν
2249 1324 2408 1377 λίθον·
2427 1343 2544 1388 σου,
2601 1325 2698 1380 καὶ
2740 1326 2812 1378 τὰ
2855 1325 3082 1395 θεμέλιά
3115 1342 3208 1377 σου
3246 1323 3578 1394 σάπφειρον·
3612 1323 3710 1376 καὶ

2125 1415 2277 1488 θήσω
2306 1417 2404 1481 τὰς
2439 1417 2699 1482 ἐπάλξεις
2745 1435 2837 1470 σου
2887 1419 3096 1484 ἴασπιν,
3129 1418 3226 1471 καὶ
3252 1416 3354 1480 τὰς
3397 1415 3572 1478 πύλας
3614 1432 3707 1468 σου

2123 1509 2305 1573 λίθους
2355 1511 2713 1582 κρυστάλλου,
2763 1513 2857 1564 καὶ
2907 1510 2999 1563 τὸν
3045 1509 3330 1582 περίϐολόν
3377 1525 3472 1562 σου
3529 1507 3711 1572 λίθους

2123 1603 2435 1666 ἐκλεκτοὺς,
2453 1604 2546 1656 καὶ
2565 1603 2772 1665 πάντας
2787 1605 2913 1666 τοὺς
2937 1603 3085 1666 υἱούς
3106 1620 3198 1656 σου
3217 1603 3494 1664 διδακτοὺς
3513 1600 3668 1654 Θεοῦ.
3683 1619 3702 1651 ι

2125 1686 2382 1755 Ἦστινος
2417 1693 2754 1762 προφητείας
2786 1694 2814 1744 ό
2845 1693 3036 1762 Σωτὴρ
3057 1688 3608 1762 ἐμνημόνευσενμοῖ
3650 1685 3707 1758 ιι

2127 1784 2256 1852 παρ’
2297 1781 2539 1854 Ἰωάννῃ,
2573 1781 2772 1834 εἰπών·
2812 1801 2830 1832 ι
2863 1783 3050 1834 Ἔστιν
3081 1780 3464 1852 γεγραμμένον
3498 1779 3555 1831 έν
3595 1779 3708 1841 τοῖς

444 1873 723 1928 beatarum
755 1871 980 1925 istarum
1013 1869 1384 1940 hypostasium
1429 1868 1814 1936 discrepantia.
1858 1869 2017 1920 Isaias

2129 1873 2434 1943 προφήταις
2455 1889 2469 1903 ’
2506 1873 2614 1925 Καὶ
2647 1871 2858 1925 ἔσονται
2893 1873 3091 1936 πάντες
3115 1871 3352 1925 διδακτοὶ
3381 1868 3571 1922 Θεοῦ.»
3597 1866 3709 1920 Καὶ

443 1977 574 2017 vero
613 1963 678 2016 de
721 1959 963 2015 Ecclesia
1010 1961 1364 2028 prepbetans,
1401 1971 1456 2012 ct
1499 1957 1565 2011 de
1613 1959 1720 2022 his,
1747 1959 1835 2022 qui
1879 1959 1930 2011 in
1961 1974 2024 2012 ea

444 2055 765 2123 sapientiam
797 2052 1040 2123 Spiritus
1077 2053 1361 2110 docentur.
1403 2061 1564 2120 atque
1600 2051 1768 2103 Detnn
1801 2051 2025 2118 loquen-

443 2155 552 2200 tem
577 2146 858 2210 inducens,
896 2145 1038 2198 hunc
1067 2143 1202 2196 texit
1233 2141 1574 2210 catalogum:
1611 2159 1630 2192 ι
1669 2140 1804 2195 Ecce
1823 2156 1924 2210 ego
1947 2140 2023 2211 (6)

446 2251 698 2306 praepara
732 2236 829 2290 tibi
859 2234 1250 2290 carbunculum
1281 2234 1512 2302 lapidem
1561 2243 1731 2298 tuum,
1760 2244 1812 2286 et
1837 2233 2026 2285 funda-

449 2336 625 2380 menta
665 2335 754 2378 tua
786 2323 1133 2392 sapphirum;
1169 2331 1224 2376 et
1255 2336 1450 2389 ponam
1503 2321 1898 2391 propugnacula
1935 2335 2023 2376 tua

449 2417 731 2486 iaspidem,
761 2426 815 2471 et
839 2425 1022 2485 portas
1053 2425 1171 2468 tuas
1200 2414 1405 2482 lapides
1435 2414 1668 2483 crystalli
1701 2413 1798 2483 (7),
1829 2422 1882 2468 et
1915 2414 2026 2468 Val-

449 2509 559 2562 lmn
591 2520 738 2561 tuum
781 2507 986 2578 lapides
1013 2506 1263 2571 selectos,
1293 2513 1349 2559 et
1378 2520 1572 2559 omnes
1612 2505 1750 2558 filios
1778 2515 1897 2558 lttns
1927 2506 2026 2558 do-

446 2611 566 2656 ctos
604 2600 862 2671 Dei(8).i
902 2598 1071 2668 Cujus
1119 2596 1417 2668 prOphetia:
1472 2597 1717 2651 meminit
1772 2594 2023 2650 Salvator

443 2694 586 2762 apud
613 2691 872 2747 Joannem
910 2691 1160 2762 inquiens
1194 2709 1208 2744 :
1240 2709 1258 2741 ι
1298 2690 1569 2757 Scriptum
1595 2688 1770 2760 est(9)
1809 2690 1860 2743 in
1895 2706 2022 2759 pro-

446 2785 622 2854 phetis
651 2804 663 2839 :
700 2784 765 2838 Et
794 2794 952 2838 erunt
993 2798 1183 2837 omnes
1211 2784 1352 2836 docti
1401 2781 1516 2835 Dei.
1545 2800 1562 2832 ι
1602 2780 1694 2835 llis
1725 2796 1850 2835 vero
1895 2797 2023 2835 cun-

447 2891 702 2932 sentanea
741 2877 932 2932 scribit
972 2877 1134 2930 etiam
1163 2875 1362 2930 Paulus
1394 2874 1968 2930 Tliessalmiicensibus
2003 2893 2018 2927 :

448 2990 471 3023 ς
502 2971 608 3025 Vos
640 2969 911 3041 enim(l0)
947 2971 1044 3039 ipsi
1097 2985 1126 3023 a
1167 2969 1275 3022 Deo
1319 2969 1461 3023 docti
1499 2970 1651 3032 estis,
1686 2979 1745 3022 ut
1786 2966 2022 3036 diligatis

445 3079 542 3119 vos
585 3064 878 3117 iuvit-enin
912 3065 1084 3117 Ambo
1143 3077 1271 3116 vero
1323 3061 1390 3115 de
1449 3059 1651 3130 Spiritu
1708 3069 1898 3114 sancto
1951 3059 2024 3114 lo-

446 3165 710 3224 quuntur.
750 3156 830 3207 Ita
877 3165 931 3210 et
983 3155 1034 3207 in
1086 3151 1293 3208 Joanne
1337 3168 1527 3208 rursus
1586 3152 1662 3206 ait
1707 3152 2017 3206 Dominus:

2130 1962 2340 2026 Παῦλος
2365 1963 2421 2016 δὲ
2449 1963 2931 2017 Θεσσαλονικεῦσιν
2960 1963 3226 2016 ἀκόλουθα
3252 1963 3454 2015 τούτων
3477 1960 3705 2032 γράψει’

2135 2057 2337 2108 «Αὐτοὶ
2385 2055 2494 2126 γὰρ
2527 2055 2686 2125 ὑμεῖς
2727 2055 3054 2110 θεοδίδακτοί
3099 2057 3221 2108 ἐστε
3262 2056 3342 2116 είς
3379 2054 3441 2107 τὸ
3486 2052 3708 2122 ἀγαπᾷν

2129 2146 2414 2217 ἀλλήλους.
2446 2165 2464 2197 ι
2517 2147 2843 2218 Ἀμφότεροι
2880 2147 2936 2201 δὲ
2989 2147 3117 2218 περὶ
3164 2146 3256 2198 τοῦ
3289 2145 3444 2214 ἁγίου
3489 2143 3708 2211 λέγουσι

2130 2239 2467 2308 Πνεύματος,
2499 2239 2575 2301 ὡς
2611 2239 2669 2290 ὲν
2723 2239 2942 2310 Ἰωάννῃ
2988 2234 3144 2300 αὖθις
3168 2240 3196 2291 ὁ
3217 2235 3491 2304 Δεσπότης
3519 2232 3668 2301 λέγει
3686 2245 3703 2260 ⁶

2134 2349 2153 2383 ι
2192 2331 2427 2392 Ἐκεῖνος
2457 2331 2599 2400 ὑμᾶς
2631 2330 2853 2394 διδάξει,
2891 2331 2984 2383 καὶ
3023 2330 3324 2399 ἀναμνήσει
3366 2326 3563 2379 πάντα.
3591 2345 3609 2376 ι
3640 2323 3707 2378 El

2126 2423 2307 2477 τοίνυν
2334 2426 2382 2476 οἱ
2419 2424 2524 2476 ὑπὸ
2551 2423 2642 2477 τοῦ
2678 2424 2831 2492 ἁγίου
2861 2421 3180 2490 Πνεύματος
3209 2419 3602 2489 διδασκόμενοι,
3626 2415 3706 2469 δι-

2125 2517 2313 2571 δακτοὶ
2341 2516 2474 2569 Θεοῦ
2519 2516 2827 2581 ἀκούουσιν,
2859 2516 2911 2569 τί
2939 2516 3086 2568 ἐστιν
3115 2514 3176 2567 τὸ
3211 2514 3364 2582 ἀγιον
3396 2510 3638 2582 Πνεῦμα,
3673 2509 3704 2562 6

2127 2607 2512 2676 ἀναγινώσκων
2556 2608 2762 2672 νοείτω,
2791 2607 3006 2661 ἀκούων
3035 2606 3128 2660 καὶ
3159 2602 3663 2676 ὲτέρου.αύχοῦντος
3684 2613 3704 2630 ⁶

2133 2719 2151 2750 ι
2192 2700 2251 2752 '0
2281 2699 2410 2762 Θεὸς
2439 2697 2672 2764 ἐδίδαξέν
2705 2717 2770 2770 με
2803 2699 3062 2766 σοφίαν-ι
3096 2697 3191 2751 καὶ
3221 2697 3410 2750 πάλιν·
3443 2713 3462 2746 ι
3502 2693 3705 2746 Ἐδίδα-

2129 2789 2216 2851 ξέν
2249 2808 2315 2860 με
2347 2791 2376 2842 ό
2417 2790 2548 2854 Θεὸς
2590 2793 2654 2844 ὲκ
2694 2791 2943 2861 νεότητός
2991 2808 3123 2860 μου.
3146 2808 3166 2842 ι
3214 2789 3493 2860 Κέκληται
3519 2786 3576 2840 δὲ
3608 2785 3705 2839 καὶ

2128 2879 2504 2943 θεόπνευστος,
2534 2881 2626 2933 καὶ
2671 2881 2850 2951 θείαή
2883 2878 3095 2950 Γραφὴ.
3122 2879 3199 2943 ὼς
3234 2877 3330 2931 τοῦ
3373 2876 3705 2935 πνεύσαντος

2126 2971 2294 3042 αὐτὴν
2320 2971 2476 3040 ἁγίου
2508 2972 2649 3025 Πνεύ
2659 2990 2826 3043 ματος
2847 2971 2982 3024 Θεοῦ
3006 2970 3367 3033 καθεστῶτος,
3394 2969 3535 3023 κατὰ
3556 2966 3704 3020 Παῦ-

2125 3061 2216 3116 λον
2249 3063 2528 3134 γράφοντα
2569 3064 2817 3135 Τιμοθέῳ
2865 3065 2926 3117 τὸ
2958 3064 3207 3136 δεύτερον
3227 3081 3243 3096 ·
3280 3081 3298 3113 ι
3329 3064 3484 3115 Πᾶσα
3515 3058 3704 3132 Γραφὴ

2127 3152 2502 3216 θεόπνευστος,
2536 3155 2629 3207 καὶ
2681 3154 2977 3226 ὠφέλιμος.
3004 3173 3023 3207 ι
3052 3155 3162 3208 Καὶ
3189 3149 3344 3217 αὖθις
3380 3152 3438 3205 δὲ
3475 3151 3702 3222 Πέτρος,

449 3267 470 3300 c
510 3247 746 3319 Ille-(ll)
780 3262 877 3302 vos
924 3246 1162 3310 docebit,
1207 3255 1264 3300 et
1309 3245 1362 3299 in
1401 3246 1715 3300 memoriam
1750 3242 2017 3299 revocabit

2125 3243 2418 3314 ἀποφέρων
2441 3243 2503 3295 τὸ
2530 3245 2603 3315 μὴ
2631 3243 2742 3298 δεῖν
2770 3244 2980 3298 οἴεσθαι
3018 3245 3080 3298 τὸ
3107 3245 3260 3314 ἀγιον
3286 3242 3507 3313 Πνεῦμα
3530 3241 3704 3295 τελεῖν

443 3339 648 3394 omnia.
683 3357 700 3390 ι
733 3337 788 3392 Si
819 3354 948 3405 ergo
976 3338 1067 3408 qui
1101 3352 1130 3392 a
1177 3335 1381 3406 Spiritu
1434 3348 1625 3392 sancto
1661 3336 1837 3391 edocti
1871 3343 2019 3398 sunt,

444 3431 589 3485 docti
622 3447 650 3484 a
683 3430 796 3484 Deo
839 3431 1096 3484 dicuntur
1133 3445 1146 3482 :
1188 3427 1315 3496 quid
1365 3427 1436 3482 sit
1488 3427 1724 3496 Spiritus
1775 3436 2021 3493 sanctus,

449 3539 470 3574 ι
491 3522 582 3592 qui
619 3520 906 3593 legit(l2),
943 3520 1230 3588 intelligat,
1264 3537 1282 3570 ι
1319 3534 1441 3573 cum
1471 3520 1654 3573 audiat
1690 3519 1851 3572 etiam
1879 3520 2014 3572 alte-

445 3628 564 3668 rum
609 3614 926 3684 gloriantem
975 3626 992 3665 :
1033 3629 1053 3664 ι
1096 3609 1365 3677 Deus(l5)
1421 3611 1602 3666 docuit
1658 3625 1744 3665 me
1803 3609 2018 3678 sapien-

446 3705 610 3770 tiam;
649 3723 668 3756 ι
714 3713 770 3758 et
803 3719 1031 3758 rursus:
1071 3722 1090 3754 ι
1112 3704 1303 3758 Docuit
1328 3701 1440 3771 (ll)
1475 3717 1562 3757 me
1601 3701 1742 3756 Deus
1769 3717 1797 3754 a
1825 3701 2020 3771 juven-

518 3858 595 3929 (2)
639 3857 832 3912 Nostro
859 3859 1069 3921 spiritu.
1093 3857 1150 3911 In
1182 3858 1317 3913 libro
1346 3862 1507 3915 etiam
1540 3859 1612 3912 De
1637 3858 1780 3924 Spir.
1807 3871 2010 3924 sancto,

443 3945 597 3983 πηιιιι.
626 3929 715 3994 57,
741 3931 902 3980 verba
931 3929 1018 3982 illa
1072 3948 1089 3980 t
1122 3931 1176 3982 ln
1225 3930 1416 3998 spiritu
1457 3942 1511 3984 et
1557 3932 1804 3994 veritate,
1841 3951 1859 3982 ι
1923 3937 2002 3984 sic

443 3999 683 4067 exponit,
711 4008 765 4049 ut
793 4001 858 4050 ad
891 3999 1147 4066 Spiritum
1181 4009 1448 4064 sanctum,
1483 4013 1537 4052 et
1568 4001 1631 4052 ad
1669 3999 1860 4054 Filintn
1899 4017 2004 4054 non

445 4069 665 4140 referat.
703 4068 852 4140 «Qui
907 4071 1346 4140 transcendentes
1389 4071 1604 4140 (inquit)
1668 4073 1909 4140 unibias,
1951 4079 2005 4126 et

444 4137 706 4206 imagines
736 4136 946 4192 Veteris
986 4137 1316 4192 Testameuti
1346 4136 1594 4194 culto—res
1613 4139 1724 4191 veri
1778 4141 2007 4193 adorant

445 4207 722 4280 Patremc
755 4210 806 4262 in
839 4209 1052 4277 spiritu,
1081 4219 1136 4262 et
1188 4210 1433 4263 veritate.
1483 4208 1540 4262 ln
1584 4209 1827 4280 spiritui
1883 4210 2007 4280 quia

441 4278 768 4346 corporalia,
818 4291 874 4332 et
923 4280 1140 4332 humilia
1199 4283 1670 4334 transcenderunt.
1730 4298 1747 4329 ι
1778 4279 1832 4332 lit
1861 4278 2000 4332 veri-

444 4356 573 4415 tate,
607 4368 626 4401 ι
658 4351 782 4418 quia
815 4358 988 4418 typos,
1032 4360 1086 4402 et
1121 4349 1359 4413 umbras,
1388 4359 1441 4404 et
1483 4349 1811 4418 exemplaria
1843 4350 2007 4402 relin-

441 4429 691 4490 quentes,
722 4420 786 4473 ad
809 4420 978 4490 ipsius
1004 4421 1244 4473 veritatis
1268 4435 1461 4473 venere
1480 4419 1857 4486 subs‘Iantiam,
1883 4429 2006 4475 et...

443 4489 510 4544 ad
539 4490 872 4558 spiritualem
906 4489 1302 4558 legisnotitiatn
1335 4500 1717 4557 pervenerunt.
1752 4507 1770 4539 ι

511 4559 591 4630 (ξι)
629 4557 753 4614 Sine
803 4557 1150 4614 Itwsitutione.
1192 4558 1394 4620 Codex.
1449 4559 1846 4622 ἀνενδυάστως.
1896 4557 2007 4612 Ma-

443 4625 757 4683 lit'forsitan
787 4631 907 4696 quis
935 4630 1112 4697 legere
1135 4669 1151 4693 ,
1195 4630 1609 4692 ἀνενδοιάστωςο
1655 4641 1710 4683 at
1755 4630 2008 4683 librarius

440 4709 718 4768 segmento
771 4701 934 4754 etiam
965 4699 1067 4753 ΗΞ
1099 4719 1132 4753 a
1168 4701 1408 4768 scripsit,
1447 4700 1831 4762 ὲνδυάσαντας.
1867 4698 2007 4765 Quin

442 4767 581 4822 alius
621 4783 834 4837 quoque
873 4767 1296 4824 Alexandrinus
1319 4772 1575 4838 scriptor,
1614 4785 1806 4837 nempe
1841 4770 2009 4824 Atha-

441 4840 652 4901 nasius,
684 4840 974 4891 habetnon
1010 4841 1175 4894 semel
1199 4839 1526 4907 ὲνδυαστῶς,
1578 4842 1630 4895 id
1675 4852 1761 4894 est
1807 4857 1825 4889 ι
1853 4839 2010 4894 dubi-

445 4915 636 4960 tanter.
672 4924 691 4957 ι
728 4907 856 4960 Vide
896 4918 1070 4962 tamen
1100 4925 1270 4969 segni.
1301 4911 1401 4964 184
1428 4911 1478 4963 b.

515 4975 590 5045 (4)
633 4975 784 5039 Quod
821 4979 866 5028 si
895 4978 1141 5030 dixerint.
1174 4979 1230 5032 In
1267 4982 1448 5034 verbis
1484 4979 1612 5036 illis.
1647 4996 1666 5029 ι
1695 4977 1752 5030 ln
1780 4977 2004 5046 spiritu,

440 5053 497 5117 et
533 5046 779 5117 veritate,
808 5064 825 5096 ι
858 5046 1132 5117 Spiritum
1161 5060 1407 5103 sanctum
1443 5068 1460 5099 ι
1483 5049 1705 5117 spiritus
1736 5066 1753 5098 ι
1790 5049 2010 5102 nomine

443 5114 714 5187 designari
787 5115 1038 5170 volebant
1103 5114 1815 5187 MacedonhniﬂDidymus
1886 5132 2011 5171 vero

444 5194 558 5256 tum
585 5183 697 5256 hic,
729 5191 840 5236 tum
868 5199 1036 5253 segni.
1079 5188 1182 5241 154
1209 5193 1260 5252 b,
1289 5190 1446 5240 aliter
1489 5203 1550 5241 ea
1600 5183 2008 5256 interpretatur.

443 5251 744 5322 Utrobique
764 5251 951 5306 tamen
970 5259 1244 5310 contendit
1267 5299 1282 5322 ,
1305 5273 1492 5310 eortnn
1524 5251 1786 5310 rationein
1816 5257 2011 5310 nullius

441 5337 584 5395 esse
611 5321 883 5391 ponderis,
932 5325 1032 5376 etsi
1080 5321 1278 5380 locutio
1319 5326 1431 5390 illa,
1473 5344 1491 5376 ι
1525 5328 1576 5379 in
1613 5325 1839 5395 Spiritu,
1879 5345 1896 5377 ι
1945 5327 2012 5380 ad

443 5390 705 5462 Spiritum
741 5401 988 5445 sanctum
1020 5397 1308 5448 referatur.
1341 5395 1538 5448 Eodem
1567 5390 1725 5462 plane
1754 5395 1913 5448 modo
1952 5411 2014 5450 se

441 5464 609 5532 gessit
633 5462 974 5533 postmodum
1019 5463 1337 5517 Ambrosius
1368 5464 1420 5516 in
1456 5465 1547 5518 lib.
1581 5481 1640 5517 ιιι
1691 5465 1764 5516 De
1799 5463 2013 5533 Spiritu

441 5530 646 5594 sancto,
675 5546 797 5598 cap.
846 5530 933 5593 ll,
973 5548 1120 5585 num.
1165 5534 1251 5596 70,
1302 5534 1370 5584 7‘2
1419 5543 1477 5586 et
1529 5534 1618 5594 75,
1657 5543 1820 5601 atque
1840 5530 2015 5601 argn-

442 5613 681 5655 mentum
721 5602 1095 5657 haereticorum
1135 5606 1185 5658 in
1229 5607 1482 5672 ipsosmet
1505 5606 1740 5668 retorsit,
1771 5611 1828 5655 ut
1853 5602 2015 5674 Didy-

445 5683 588 5724 lllllS.

515 5740 589 5809 (5)
633 5739 769 5809 Ego.
805 5737 961 5797 Joan.
993 5757 1106 5807 xw,
1146 5741 1201 5797 6.

516 5783 594 5877 (Si
633 5783 964 5875 “E25912;
997 5783 1320 5877 ”ίέςῖ.νί.ιν,
1403 5810 1584 5866 ll-l5.
1651 5811 2014 5880 Hieronymus

2125 3334 2185 3386 ἐν
2209 3335 2491 3404 κτίσμασι,
2513 3335 2818 3399 καθολικῶς
2843 3337 2903 3388 τὸ
2927 3337 3178 3409 δεύτερον
3200 3336 3400 3407 γράφει
3420 3353 3465 3386 ⁸(
3493 3336 3564 3388 Οὐ
3593 3334 3704 3404 γὰρ

2127 3424 2392 3496 θελήματι
2435 3427 2722 3498 ἀνθρώπου
2771 3427 2972 3500 ἠνέχθη
3023 3429 3328 3501 προφητεία
3376 3427 3542 3489 ποτὲ,
3584 3425 3702 3479 ἀλλ’

2128 3518 2231 3570 ὑπὸ
2259 3517 2577 3590 Πνεύματος
2611 3519 2770 3588 ἀγίου
2795 3520 3088 3590 φερόμενοι
3118 3519 3385 3590 ἐλάλησαν
3420 3517 3528 3572 ἀπὺ
3561 3514 3701 3570 Θεοῦ

2121 3609 2269 3679 ἅγιοι
2307 3610 2638 3679 ἄνθρωποι.»
2678 3611 2788 3665 Καὶ
2819 3613 2875 3664 αἱ
2910 3613 3144 3682 Πράξεις
3167 3611 3224 3665 δὲ
3249 3611 3358 3664 τῶν
3391 3609 3703 3664 ἀποστόλων

2124 3701 2472 3774 περιέχουσιν
2520 3703 2680 3756 τάδε’
2738 3704 3008 3776 «Πέτρος,
3071 3705 3333 3777 πλησθεὶς
3386 3705 3701 3774 Πνεύματος

2123 3878 2338 3935 quoque
2371 3875 2490 3932 post
2530 3864 2815 3935 Diilymnin
2844 3864 2955 3918 limc
2983 3866 3048 3918 ad
3085 3863 3607 3935 Ecclesiativretttlit
3643 3863 3700 3916 in

2118 3933 2424 3988 Comment.
2467 3939 2532 3988 ad
2571 3933 2712 3990 hunc
2741 3936 2913 3988 locum
2946 3947 3072 3988 lmn.
3112 3934 3343 4002 lV,pag.
3385 3933 3508 3987 654.

2189 4023 2265 4076 t7)
2310 4022 2531 4084 Lapides
2573 4025 2836 4092 crystalli;
2877 4026 3147 4092 Complnt.
3196 4024 3364 4077 editio
3415 4039 3512 4090 pro
3559 4039 3699 4091 κρυ-

2109 4093 2335 4146 στάλλου
2406 4095 2561 4148 habet
2605 4095 2995 4162 κρυστάλλους.
3039 4093 3475 4149 Francofurtensi
3505 4092 3696 4162 .‘VC'rt':

2105 4165 2216 4217 Καὶ
2276 4163 2378 4227 τὰς
2430 4163 2606 4227 πύλας
2660 4181 2754 4217 σου
2819 4165 3034 4230 λίθους,
3097 4162 3467 4234 κρυστάλλους
3491 4163 3694 4226 λίθους.

2182 4254 2262 4324 (8)
2318 4254 2503 4308 Docto:
2537 4255 2655 4310 Dei.
2701 4253 2758 4308 Id
2785 4264 2885 4320 est,
2923 4257 3113 4310 doctos
3138 4271 3167 4308 a
3194 4253 3326 4310 Deo.

2184 4326 2258 4395 (9)
2301 4325 2570 4389 Scriptum
2598 4335 2696 4379 est.
2721 4325 2880 4395 Joan.
2908 4341 2981 4388 vn,
3018 4325 3109 4382 45.

2183 4393 2293 4464 (l0)
2343 4395 2441 4447 Vox
2473 4399 2626 4449 enim.
2663 4395 2682 4449 l
2717 4393 2912 4449 Thess.
2943 4410 3017 4458 tv,
3049 4397 3099 4447 9.

2185 4466 2294 4536 (ll)
2332 4464 2455 4519 Ille.
2508 4464 2665 4520 Joan.
2719 4482 2830 4528 xiv,
2877 4466 2967 4518 26.
3022 4466 3166 4519 Cilat
3217 4481 3434 4521 sensum
3489 4465 3691 4535 potius,

2039 4525 2084 4580 Ι)
2113 4525 2288 4602 ιιιιξιιιί
2315 4538 2500 4589 verba.
2547 4538 2698 4590 Iluuc
2731 4525 2858 4588 vero
2892 4537 3064 4588 lorum
3110 4539 3187 4590 sic
3216 4538 3452 4604 explicat
3489 4525 3541 4591 in
3593 4525 3690 4592 lib;

2112 4603 2187 4658 De
2228 4604 2428 4674 Spiritu
2459 4619 2665 4672 sancto,
2708 4621 2859 4659 num.
2905 4605 2966 4657 3i
3002 4623 3016 4660 :
3047 4623 3065 4656 ι
3091 4603 3316 4660 Docebit
3365 4610 3542 4662 omnia
3597 4620 3694 4662 eos

2115 4675 2205 4746 qui
2250 4677 2302 4728 in
2357 4675 2461 4730 fide
2507 4675 2710 4732 Christi
2764 4675 2992 4746 perfecti
3051 4685 3218 4730 sunt:
3249 4678 3432 4730 omnia
3484 4687 3689 4744 autem,

2114 4745 2200 4798 illa
2229 4761 2352 4814 qua:
2382 4746 2684 4813 spiritualia
2716 4745 2842 4800 sunt
2871 4755 2926 4800 et
2963 4746 3368 4800 intellectualia.
3399 4766 3420 4799 ι

2184 4837 2296 4908 (l2)
2336 4836 2438 4902 Qui
2471 4837 2614 4907 legit.
2636 4837 2883 4908 iLocutio
2913 4837 3115 4894 biblica
3143 4853 3210 4891 ex
3257 4837 3419 4894 Marc.
3459 4854 3572 4902 xnt,
3600 4839 3686 4893 M.

2185 4907 2297 4976 (l5)
2339 4909 2498 4962 Deus.
2544 4910 2598 4961 In
2635 4907 2858 4975 Vulgata
2915 4909 3270 4963 translatione
3324 4925 3429 4962 non
3476 4917 3691 4963 exstant

2113 4978 2230 5032 haec
2261 4978 2442 5040 verba,
2498 4982 2592 5032 sed
2639 4987 2857 5032 exstant
2893 4979 2945 5032 in
2979 4979 3188 5033 Graeca.
3241 4977 3374 5032 Nam
3431 4979 3686 5034 Proverb.

2115 5064 2242 5110 xxx,
2307 5048 2364 5108 3.
2428 5048 2516 5100 ubi
2569 5046 2830 5116 Vulgatus
2883 5048 2983 5102 int.
3045 5049 3230 5109 habet,
3287 5046 3455 5102 «Non
3519 5049 3684 5102 didici

2112 5120 2452 5187 sapientiam,
2484 5136 2501 5167 ι
2538 5117 2723 5171 Graeca
2762 5117 2928 5170 editio
2982 5119 3143 5173 habet
3172 5137 3186 5171 :
3215 5116 3348 5180 Θεὸς
3384 5119 3443 5170 δὲ
3483 5117 3688 5181 ἐδίδαξέ

2116 5205 2184 5259 με
2220 5187 2433 5256 σοφίαν,
2462 5187 2513 5242 id
2550 5195 2653 5253 est,
2692 5205 2710 5238 ι
2739 5187 2879 5242 Deus
2924 5199 3103 5242 autem
3151 5188 3333 5242 docuit
3364 5203 3450 5242 me
3475 5190 3692 5258 sapien-

2115 5269 2263 5310 tiam.
2296 5277 2315 5308 ι

2183 5326 2296 5397 (14)
2336 5324 2544 5397 Docuit.
2587 5325 2726 5397 Psal.
2764 5341 2890 5397 Lxx,
2921 5341 3064 5381 vers.
3100 5327 3168 5380 l8

2112 5395 2378 5466 plutensis
2411 5397 2615 5450 editio:
2649 5396 2706 5447 Ὁ
2733 5395 2864 5466 Qad;
2903 5413 3026 5465 μου,
3053 5397 3090 5450 ἀ
3122 5395 3365 5460 ὲδίδαξάς
3396 5414 3464 5466 με
3489 5400 3552 5448 ἐκ
3576 5397 3692 5448 νεό-

2112 5465 2275 5538 τητός
2308 5482 2430 5534 μου,
2465 5467 2514 5517 id
2540 5475 2642 5528 est,
2691 5482 2722 5538 1
2740 5464 2881 5538 Deus
2907 5464 3091 5530 tneus,
3127 5482 3247 5538 qua:
3277 5464 3505 5538 docuisti
3545 5483 3629 5538 tne
3658 5485 3687 5521 ιι

2108 5533 2392 5603 Ῑιίνειιιιιιο
2436 5549 2573 5586 mea.
2603 5552 2622 5584 ι
2691 5533 2950 5602 Didymus
3000 5533 3180 5590 autem
3229 5537 3281 5589 in
3333 5536 3468 5589 libro
3523 5536 3686 5588 etiam

2117 5605 2192 5658 De
2222 5604 2432 5671 Spiritu
2460 5614 2661 5674 sancto,
2690 5618 2840 5674 num.
2870 5605 2958 5666 5!,
2989 5606 3164 5658 allinia
3191 5606 3501 5674 scripserat,
3527 5621 3590 5658 ac
3622 5619 3687 5660 ne

2116 5677 2188 5727 ibi
2223 5675 2440 5743 quidem
2483 5671 2614 5743 legit
2640 5673 2882 5743 voculam
2925 5675 3094 5740 illam,
3139 5674 3195 5740 ἀ,
3228 5677 3278 5728 id
3301 5671 3407 5730 'est
3461 5689 3640 5743 «quae.
3663 5692 3685 5727 ι

2115 5743 2242 5796 Haec
2268 5742 2411 5794 enim
2463 5743 2530 5793 ibi
2580 5741 2777 5794 habent
2815 5741 2957 5812 edita
3003 5745 3330 5812 exemplaria
3366 5764 3378 5798 ;
3409 5763 3427 5794 ι
3454 5741 3586 5797 Nam
3633 5755 3692 5798 et

2120 5814 2284 5867 Pater
2317 5813 2472 5865 docet
2501 5814 2581 5864 sic
2610 5811 2899 5881 discipulos
2924 5828 3074 5880 suos,
3108 5811 3318 5871 discute
3345 5816 3456 5880 illo,
3499 5815 3591 5886 qui
3619 5820 3687 5870 ab

3205 5328 3223 5396 (
3246 5341 3340 5380 seu
3371 5327 3437 5380 l7
3459 5331 3497 5392 ).
3525 5326 3686 5380 Corn-
