4054 6412
440 380 548 438 6ιῖ

1681 375 1923 433 DIDYMI
1962 376 2431 432 ALEXANDRINI
2464 410 2475 423 .

3593 378 3697 434 648

439 499 563 552 dem
596 494 708 550 illi:
745 493 840 549 sed
873 492 1125 564 perplexa
1178 490 1293 562 (26)
1321 490 1476 553 adeo,
1509 500 1564 544 et
1611 493 1821 546 ratione
1848 492 2016 547 desti-

2122 493 2327 561 στέρων
2360 492 2454 545 καὶ
2490 490 2617 553 τοὺς
2648 488 2954 559 ὁμόφρονας
2993 489 3127 559 ἡμῖν
3173 487 3597 558 ἀναμνήσοντες,
3623 482 3701 543 ὧν

438 599 558 646 tuta
590 597 675 642 est
703 600 890 641 eorum
918 586 1115 647 oratio,
1153 594 1213 637 ut
1238 599 1305 637 ne
1330 597 1392 637 ex
1431 583 1495 636 iis
1523 583 1764 651 quidem,
1807 584 1899 651 qui
1935 583 2016 636 vel

440 681 729 734 minimum
756 676 1244 745 qumnudncuuque
1287 673 1594 729 ratiocinari
1642 673 1846 736 Valent,
1878 673 2019 729 ullus

442 772 512 825 sit
542 771 623 824 eis
646 782 983 823 assensurus.
1044 767 1122 820 Ad
1173 766 1486 819 illustranda
1538 764 1706 827 enim,
1743 779 1808 818 ac
1839 763 2019 818 discu-

442 861 622 915 tienda
656 860 836 913 divina
869 856 1109 920 oracula,
1166 856 1217 909 in
1250 858 1447 925 quibus
1485 871 1605 909 cum
1638 857 1704 909 de
1728 856 1841 920 ipsa
1872 855 2019 908 nullo

442 955 606 1006 modo
660 950 1051 1006 contemnenda
1100 948 1320 1012 di-itate,
1378 959 1489 1000 tum
1541 947 1608 1000 de
1663 946 2019 1001 rationalibus

442 1045 587 1099 illius
624 1058 878 1096 manuum
932 1040 1211 1109 operibus,
1281 1052 1471 1105 nempe
1527 1038 1595 1092 de
1625 1037 1802 1100 nobis,
1837 1053 2018 1092 seruio

440 1149 546 1202 εει,
568 1135 963 1205 quadrupedes,
998 1143 1053 1185 et
1105 1132 1460 1184 inuuimatum
1496 1129 1783 1184 a3diiicimn
1817 1131 1869 1184 in
1905 1146 2018 1185 me-

441 1230 587 1281 dinnt
618 1224 871 1285 afferunt,
907 1240 969 1276 ac
991 1224 1290 1276 tremendis
1321 1222 1619 1291 Scriptura:
1644 1223 1901 1285 testibus,
1930 1237 2016 1276 re—

441 1319 647 1385 busque
673 1316 837 1368 veluti
869 1315 1121 1378 illnduut,
1179 1322 1236 1366 et
1296 1328 1391 1380 per
1439 1314 1596 1367 rudes
1648 1312 1832 1374 hasce,
1864 1312 2015 1366 inﬁr-

442 1423 665 1475 masque
684 1406 1126 1460 ratiocinationes
1161 1406 1227 1458 ad
1250 1420 1407 1458 suum
1434 1404 1671 1472 ipsorum
1701 1405 2015 1458 barathrum

441 1500 696 1560 invitant,
725 1513 914 1552 eorum
954 1497 1128 1551 instar
1156 1496 1247 1564 qui
1303 1511 1467 1564 parva
1502 1496 1737 1564 quadam
1769 1511 1891 1550 esca
1918 1498 2017 1566 pis-

441 1606 533 1645 ces
556 1592 623 1643 ad
654 1592 874 1644 hamum
937 1589 1182 1649 trahunt,
1237 1596 1292 1642 et
1346 1587 1587 1657 capiunt.
1623 1586 1732 1642 Nos
1758 1603 1885 1642 vero
1924 1589 2013 1657 qui

440 1683 582 1737 nulla
611 1698 846 1751 unquam
880 1681 1169 1736 occasione
1201 1695 1307 1733 non
1338 1679 1758 1744 declaraviinus,
1785 1681 2017 1736 maxime

438 1774 597 1828 nobis
623 1783 738 1828 toto
771 1775 898 1828 vitat
931 1776 1186 1838 decursu,
1236 1781 1295 1824 nt
1336 1773 1492 1826 nobis
1528 1771 1749 1841 quidem
1781 1774 2013 1839 videtur,

2117 584 2230 638 ἀπὸ
2262 583 2370 636 τῶν
2410 582 2638 656 Γραφῶν
2692 580 3024 653 ἀκηκόασιν·
3079 581 3205 645 τοὺς
3239 580 3284 632 δ’
3341 580 3535 645 ἄλλους
3580 581 3701 634 πεί-

2120 690 2322 737 σοντες,
2346 673 2424 744 τῷ
2451 691 2517 743 γε
2547 674 2632 743 ἐφ’
2653 675 2807 743 ἡμῖν,
2834 673 2910 744 μὴ
2935 671 3078 726 οὕτω
3101 670 3350 742 γνώμης,
3380 672 3413 743 ῆ
3440 672 3700 737 πίστεως,

2115 766 2193 829 ὡς
2243 766 2488 835 ἔχουσιν,
2530 765 2625 818 τοῦ
2667 764 2859 819 λοιποῦ
2906 764 3073 835 ἔχειν.
3115 766 3181 819 Oi
3233 763 3344 835 7&9
3391 764 3699 836 ἀξιούμενοι

2117 858 2260 928 ἔχειν
2284 858 2571 913 κατοικοῦν
2595 860 2653 911 ὲν
2691 860 2875 922 αὐτοῖς
2907 857 2969 911 τὸ
3007 856 3249 929 πληροῦν
3282 855 3351 910 τὰ
3397 856 3575 911 πάντα
3614 858 3701 909 ὲν-

2117 952 2419 1005 υπόστατον
2449 950 2673 1022 Πνεῦμα
2700 950 2795 1004 τοῦ
2825 948 2981 1014 Θεοῦ,
3005 948 3129 1002 οὔτε
3158 948 3299 1002 κατὰ
3320 949 3637 1020 ὁμωνῦμίαν
3663 947 3698 1018 ἦ

2120 1044 2484 1116 συνωνυμίαν,
2507 1042 2629 1096 οὔτε
2653 1043 2794 1096 κατὰ
2822 1043 3170 1115 ἀλληγορίαν,
3201 1040 3325 1095 οὔτε
3346 1043 3507 1109 ,κατὰ
3536 1059 3702 1113 μετα-

2118 1134 2314 1206 φορὰν,
2363 1134 2491 1197 ναὸς
2538 1133 2703 1187 αὑτοῦ
2753 1132 3142 1203 ὠνομάσμεθα,
3180 1130 3315 1186 ἀλλὰ
3368 1131 3572 1202 κυρίως
3609 1131 3701 1184 καὶ

2117 1226 2259 1279 κατὰ
2296 1224 2575 1296 ἀλήθειαν.
2612 1224 2773 1278 Ὅθεν
2810 1225 2840 1276 ὀ
2886 1223 3229 1288 ’Δπόστολο;,
3272 1224 3334 1276 οῦ
3383 1222 3463 1293 τῷ
3507 1224 3565 1274 ὲν
3601 1223 3701 1274 Ἱε-

2120 1315 2439 1388 ροσολύμοις
2466 1315 2581 1386 ναῷ
2625 1316 2720 1370 καὶ
2757 1315 3011 1378 ἐκείνοις.
3059 1308 3141 1377 οἷς
3190 1314 3359 1367 εἰκόνι
3404 1316 3704 1386 ἐχρήσαντο

2115 1408 2401 1480 αίρετικοὶ,
2436 1406 2574 1461 ἀλλὰ
2610 1405 2720 1477 7&9
2769 1408 3001 1470 πιστοῖς,
3045 1404 3181 1459 Θεὸν
3226 1405 3414 1475 σαφῶς
3456 1405 3518 1458 τὸ
3547 1407 3702 1474 ἅγιον

2117 1498 2344 1569 Πνεῦμα
2385 1495 2529 1551 εἶναι
2572 1497 2814 1561 δεικνὺς,
2851 1494 2988 1568 ἔφη·
3028 1515 3048 1548 ι
3076 1496 3193 1550 Οὐκ
3236 1495 3435 1559 οἴδατε,
3466 1496 3549 1550 ὅτι
3575 1496 3703 1559 ναὸς

2116 1590 2252 1643 Θεοῦ
2285 1591 2430 1653 ἐστε,
2458 1590 2553 1643 καὶ
2585 1588 2647 1643 τὸ
2680 1588 2904 1660 Πνεῦμα
2925 1587 3020 1641 τοῦ
3048 1587 3185 1641 Θεοῦ
3214 1590 3354 1641 οίκεῖ
3389 1590 3447 1641 ὲν
3479 1590 3645 1659 ὑμῖν;
3678 1608 3696 1639 ι

2116 1681 2230 1734 Καὶ
2287 1680 2423 1751 πρὸς
2473 1677 2793 1749 Ἐϐραίους·
2847 1677 3121 1746 «Μέτοχοι
3176 1676 3494 1746 Πνεῦματος
3544 1677 3703 1745 ἁγίου

2118 1769 2304 1840 ἐσμέν.
2338 1788 2358 1818 ι
2396 1768 2461 1822 El
2487 1768 2597 1840 7&9
2621 1768 2749 1831 ναὸς
2773 1766 2867 1821 τοῦ
2914 1766 3068 1836 ἁγίου
3112 1764 3451 1836 Πνεῦματος,
3493 1765 3591 1835 οὐχ
3626 1765 3704 1828 ὼς

439 1884 584 1921 (ειη-ω
606 1866 792 1930 fuisse,
825 1876 885 1920 ut
921 1866 1052 1920 nihil
1077 1879 1281 1919 temere
1311 1866 1806 1934 pronuntiaremus,
1834 1875 1928 1917 aut
1948 1881 2013 1920 ex

2117 1861 2274 1925 Θεοῦ,
2309 1860 2447 1915 ἀλλὰ
2476 1860 2629 1932 παρὰ
2659 1859 2721 1912 τὸ
2757 1860 2930 1912 ὲννεῖν
2970 1857 3064 1911 καὶ
3099 1859 3330 1911 ἐνοικεῖν
3362 1858 3549 1927 ἐσμεν,
3583 1857 3704 1909 οὐδὲ

435 1960 563 2013 odio
593 1958 646 2011 in
709 1957 1057 2027 quempiam,
1105 1956 1311 2024 quique
1364 1954 1666 2008 convicium
1714 1955 2015 2024 quodlibet,

437 2051 650 2106 tametsi
683 2066 787 2103 ttun
828 2049 1109 2119 injustum,
1162 2048 1457 2102 vttavimus
1506 2045 1644 2117 (27),
1681 2046 1748 2101 iis
1770 2047 2014 2116 quidem,

435 2143 528 2211 qui
562 2142 945 2211 prudentiores
991 2151 1138 2204 sunt,
1176 2139 1385 2209 quique
1434 2137 1716 2193 nobiscum
1750 2137 2016 2202 sentiunt,

434 2248 501 2289 ea
543 2234 596 2287 in
626 2233 947 2287 memoriam
975 2246 1233 2286 revocare
1272 2228 1572 2300 pergimus,
1620 2243 1742 2299 qua?
1765 2243 1832 2283 ex
1865 2226 2018 2282 Scri-

436 2326 613 2394 pturis
640 2327 999 2389 audiverunt;
1037 2322 1255 2378 caeteris
1282 2335 1411 2375 vero
1438 2320 1592 2387 illud,
1624 2333 1888 2389 quantum
1903 2319 2018 2391 (28)

440 2419 665 2487 quidem
699 2416 754 2470 in
803 2415 959 2471 nobis
1012 2426 1119 2482 est,
1180 2413 1538 2483 pet-suadere,
1568 2423 1625 2466 ut
1651 2412 1811 2466 aliam
1844 2412 1896 2465 in
1924 2426 2019 2482 po-

439 2518 648 2563 sterum
681 2508 749 2561 ab
803 2521 894 2572 ea,
945 2520 1107 2574 quant
1147 2518 1290 2558 nunc
1341 2503 1564 2569 habent,
1597 2502 1925 2557 sententiam
1954 2517 2020 2557 ac

437 2599 599 2655 ﬁdem
629 2599 1046 2668 amplectantur.
1085 2596 1187 2663 Qui
1218 2596 1366 2652 enim
1397 2596 1543 2664 digni
1574 2596 1701 2649 facti
1723 2610 1931 2661 smnus,
1962 2606 2022 2649 ut

438 2691 775 2748 habitantem
807 2692 860 2744 in
889 2690 1042 2745 nobis
1075 2688 1189 2760 (29)
1220 2690 1548 2743 haberemus
1587 2704 1735 2751 cum,
1769 2689 1862 2758 qui
1896 2704 2017 2744 om-

437 2783 529 2839 nia
563 2782 771 2851 implet,
802 2780 1182 2836 subsistentem
1242 2779 1502 2850 Spiritum
1554 2778 1682 2841 Dei;
1719 2795 1895 2849 neque
1922 2795 2021 2849 per

437 2878 869 2948 bomonymiam,
900 2887 993 2932 aut
1020 2875 1429 2946 synonymiam,
1477 2891 1652 2944 neque
1697 2890 1792 2943 per
1816 2874 2019 2943 allego-

437 2970 609 3032 riam,
646 2984 820 3038 neque
849 2982 946 3038 per
980 2968 1349 3037 metaphoram
1383 2966 1643 3034 templum
1689 2967 1807 3035 ejus
1846 2965 2020 3019 nonni-

438 3064 787 3128 natisutnns,
821 3061 915 3116 sed
950 3060 1187 3129 pr0prie,
1252 3068 1309 3113 et
1362 3064 1659 3113 secundum
1706 3057 2014 3112 veritatem.

2119 1952 2213 2007 τοῦ
2242 1951 2379 2006 Θεοῦ
2401 1952 2527 2014 ναὸς
2554 1950 2865 2021 κληθέντες,
2885 1949 2961 2012 ὡς
2986 1947 3122 2001 Θεοῦ
3157 1944 3570 2019 προσηγορεύθη
3580 1962 3700 2015 μεν.

2118 2043 2280 2098 Καὶὸ
2303 2043 2435 2106 Θεὸς
2464 2043 2522 2096 δὲ
2552 2043 2765 2113 Πατὴρ,
2794 2040 3132 2104 δεσποτικῶς
3161 2042 3309 2111 ἡμᾶς
3342 2040 3702 2114 κεκτημένος.

2116 2136 2259 2189 οἰκεῖ
2278 2135 2338 2187 ὲν
2372 2135 2505 2205 ⁴ἡμῖν
2535 2133 2684 2203 (ναὸς
2713 2131 2822 2204 γὰρ
2845 2132 2967 2203 Θεῷ
3000 2132 3147 2203 μόνῳ
3172 2129 3444 2203 ἁρμόζει),
3477 2130 3572 2184 καὶ
3600 2147 3703 2182 πα-

2121 2226 2438 2298 ραπλησίως
2469 2222 2655 2288 αὑτοῦ,
2679 2226 2707 2279 ὅ
2736 2241 2795 2277 τε
2836 2223 3133 2295 μονογενὴς
3163 2222 3327 2276 αὐτοῦ
3368 2223 3513 2286 Υἱὸς,
3553 2221 3616 2274 τό
3642 2237 3705 2274 τε

2116 2320 2176 2373 ἓν
2209 2318 2377 2373 αὐτοῦ
2409 2317 2566 2387 ἅγιον
2600 2316 2848 2388 Πνεῦμα.
2892 2317 3005 2371 Καὶ
3052 2316 3111 2369 ὃν
3146 2316 3349 2386 τρόπον
3388 2316 3416 2368 ὁ
3446 2314 3578 2377 Θεὸς
3608 2314 3705 2367 καὶ

2105 2406 2330 2484 Πατὴρ,
2375 2412 2480 2465 κᾶν
2530 2409 2606 2481 μὴ
2647 2410 2979 2481 γέγραπται,
3022 2409 3106 2462 ὅτι
3148 2407 3520 2480 ἑξηγοράσατο
3556 2409 3705 2479 ἡμᾶς

2116 2503 2195 2574 τῷ
2230 2503 2345 2575 ἰδίῳ
2376 2503 2593 2575 αἵματι,
2630 2503 2909 2571 Δεσπότης
2940 2500 3099 2571 ἡμῶν
3130 2502 3279 2554 ἐστιν
3299 2518 3312 2532 ·
3351 2499 3495 2554 οῦτω
3522 2498 3706 2554 καὶτὸ

2118 2596 2342 2667 Πνεῦμα
2368 2594 2531 2649 αὐτοῦ
2561 2594 2623 2648 τὸ
2652 2593 2827 2663 ἅγιον.
2868 2593 3091 2657 Τούτοις
3120 2592 3230 2664 7&9
3248 2594 3359 2656 τοῖς
3390 2591 3526 2665 πρὸς
3548 2606 3706 2662 περι-

2118 2688 2333 2760 γραφὴν
2361 2685 2461 2757 τῆς
2489 2685 2741 2755 θεότητος
2772 2683 2869 2737 τοῦ
2904 2684 3061 2753 ἁγίου
3110 2684 3430 2755 Πνεῦματος
3471 2683 3703 2755 λεγομὲ-

2119 2798 2230 2844 νοις
2279 2778 2562 2834 ἀκολουθεῖ
2608 2779 2669 2831 τὸ
2713 2778 3113 2851 παραπλησίως
3150 2777 3244 2831 καὶ
3296 2777 3390 2831 ἐπὶ
3437 2776 3533 2830 τοῦ
3565 2774 3703 2829 Θεοῦ

2118 2874 2331 2944 Πατρὸς
2351 2872 2806 2942 ὲκλαμϐάνεσοαι.
2837 2872 2934 2935 Τίς
2961 2868 3055 2925 οὖν
3084 2870 3149 2926 ἂν
3175 2871 3415 2924 πείθοιτο
3438 2870 3705 2923 δικαιότεο

2119 2983 2212 3037 ρον
2241 2964 2438 3033 Παύλῳ
2475 2964 2568 3017 καὶ
2600 2966 2713 3026 τοῖς
2745 2962 2924 3027 ἄλλοις
2956 2964 3156 3031 ἁγίοις,
3187 2962 3218 3033 ἦ
3252 2962 3569 3032 Μακεδονίῳ
3610 2962 3706 3013 καὶ

2115 3056 2194 3127 τῷ
2223 3054 2477 3118 πλαστῶς
2510 3055 2903 3125 μετανοήσαντι
2939 3054 3170 3125 Ἀρείῳς
3204 3053 3267 3107 Εἰ
3294 3054 3393 3124 μὲν
3423 3054 3533 3124 γάρ
3557 3055 3707 3105 ὲστιν

435 3154 798 3221 Quamobrem
830 3153 1127 3210 manifesto
1156 3151 1453 3221 Apostolus
1470 3151 1733 3218 Spiritum
1765 3159 2013 3203 sanctum

2118 3149 2304 3212 αὐτοῖς
2336 3147 2441 3201 τῶν
2481 3147 2653 3215 ἁγίων
2697 3146 2876 3214 λόγος,
2932 3147 3051 3210 πῶς
3103 3146 3242 3219 [109
3284 3146 3347 3219 a]
3381 3146 3569 3200 ἔλαθον
3612 3147 3706 3200 τά·

436 3246 605 3303 Deum
632 3261 753 3302 esse
777 3246 1089 3309 ostendens,
1128 3260 1232 3299 nou
1270 3243 1471 3312 templo
1495 3241 2012 3312 llierosolymitano,

2117 3240 2306 3306 ξαντες
2369 3241 2597 3304 ἑαυτοὺς
2655 3241 2713 3293 ὲν
2777 3242 2891 3302 τοῖς
2946 3240 3451 3315 ἀντιταττομένοις,
3499 3242 3592 3294 καὶ
3642 3241 3704 3293 οὖ

439 3340 579 3396 iisve
613 3342 798 3401 rebus,
831 3340 1029 3409 quibus
1060 3348 1118 3389 ut
1152 3336 1417 3406 exemplis
1464 3336 1545 3389 usi
1581 3340 1709 3389 sunt
1745 3335 2011 3400 hatretici,

2117 3332 2287 3385 ταυτά
2324 3331 2555 3395 ἐκείνοις
2577 3328 2755 3399 λέγειν
2786 3332 2881 3386 καὶ
2900 3333 3119 3404 φρονεῖν
3145 3331 3419 3398 ἀξιοῦσινς
3445 3333 3508 3387 El
3532 3332 3590 3385 δὲ
3614 3332 3707 3385 άλ-

435 3437 533 3489 sed
583 3434 830 3487 ﬁdelibus
879 3435 1001 3487 ait:
1034 3450 1054 3482 ι
1087 3429 1327 3487 Nescitis
1392 3428 1534 3499 ('50),
1584 3430 1727 3498 quod
1759 3430 2014 3499 templum

2117 3421 2223 3486 λως
2254 3424 2354 3495 μὲν
2386 3425 2636 3490 ἐκείνοις.
2671 3426 2848 3492 ἄλλως
2879 3428 2937 3482 δὲ
2968 3427 3181 3490 vetitos;
3213 3427 3361 3480 δοκεῖ
3393 3426 3570 3497 (τοῦτο
3594 3426 3705 3497 γάρ

439 3525 536 3580 Dei
561 3527 715 3592 estis,
748 3536 803 3579 et
832 3524 1069 3594 Spiritus
1096 3523 1189 3577 Dei
1224 3522 1436 3577 habitat
1463 3522 1518 3576 in
1564 3521 1758 3576 vobis?
1795 3540 1813 3572 ι
1850 3521 1915 3574 Et
1949 3521 2017 3574 ad

2117 3515 2517 3587 ἀναμφίλεκτον
2543 3522 2637 3588 ἀφ’
2675 3512 2751 3574 ὧν
2793 3519 3084 3574 δέδεικται.
3131 3521 3206 3573 Οὐ
3237 3519 3347 3591 7&9
3378 3520 3579 3589 τοίχοις
3610 3521 3707 3573 καὶ

438 3617 699 3672 llebrmos
726 3636 740 3669 :
775 3636 795 3667 ι
828 3615 1129 3686 Participes
1154 3615 1269 3687 (5|)
1295 3615 1535 3684 Spiritus
1559 3616 1732 3670 sancti
1771 3629 2011 3668 sumus.»

2119 3606 2430 3679 θρέμμασιν
2464 3612 2950 3684 καταφρονητικῶς
2990 3613 3086 3665 καὶ
3127 3611 3513 3683 χλευαστικῶς,
3551 3612 3626 3674 ὡς
3654 3614 3705 3664 οἱ

441 3707 500 3758 Si
534 3707 681 3758 enim
721 3705 848 3768 ναός
875 3704 950 3775 (id
984 3714 1068 3759 est
1113 3702 1390 3773 templum)
1447 3702 1682 3772 Spiritus
1723 3706 1894 3758 sancti
1931 3720 2018 3758 sn-

442 3810 568 3852 mus
594 3813 699 3850 non
729 3808 781 3848 ut
824 3796 937 3862 Dei,
967 3798 1062 3851 sed
1087 3795 1498 3851 inhabitationis
1527 3811 1688 3850 causa
1734 3798 2015 3861 duntaxat,

438 3889 606 3943 ductu
655 3888 821 3959 236
874 3888 1085 3942 scilicet
1143 3889 1365 3943 nomine
1404 3889 1555 3951 ναός,
1599 3890 1741 3957 quod
1770 3900 1858 3943 est
1886 3901 2020 3943 tent-

440 3977 611 4048 plum,
646 3995 675 4031 a
712 3980 874 4032 vubo
900 3979 1093 4042 ὲννεῖν,
1128 3993 1321 4047 nempe
1372 3978 1621 4041 ἐνοικεῖν,
1652 3979 1793 4049 quod
1826 3988 1908 4033 est
1938 3979 2023 4033 in—

439 4070 653 4124 colere:
679 4070 1036 4143 sequitur,ut
1068 4084 1137 4124 ne
1176 4080 1305 4124 tunc
1337 4071 1556 4140 quidem
1606 4087 1727 4125 cum
1766 4072 1855 4127 Dei
1886 4083 2022 4126 tem-

443 4160 589 4231 plum
624 4162 800 4214 vocati
854 4160 1078 4222 iuimus,
1130 4160 1388 4229 templum
1426 4160 1517 4216 Dei
1568 4172 1623 4216 ut
1662 4163 1753 4217 Dei
1782 4165 2024 4217 denomi-

440 4252 554 4306 nati
607 4256 797 4307 simus.
828 4253 897 4306 At
928 4267 1057 4305 vero
1080 4262 1133 4306 et
1165 4252 1307 4308 Deus
1351 4253 1530 4321 Pater,
1562 4255 1650 4323 qui
1682 4271 1780 4310 nos
1810 4266 1869 4310 ut
1910 4256 2021 4311 Do-

438 4344 618 4398 ininus
650 4344 910 4415 possidet,
941 4345 1149 4399 habitat
1173 4345 1225 4398 iu
1254 4346 1409 4400 nobis
1432 4346 1579 4415 (nam
1607 4347 1706 4402 soli
1743 4346 1854 4402 Deo
1882 4359 2023 4401 teut-

439 4437 587 4506 plum
618 4438 917 4503 convenit),
945 4447 1021 4500 et,
1046 4437 1297 4492 similiter
1326 4453 1391 4493 ac
1438 4440 1573 4507 ipse,
1611 4454 1732 4492 cmu
1775 4441 2022 4510 unigeni-

443 4540 531 4585 tus
563 4530 734 4599 ipsius
767 4529 959 4592 Filius,
1016 4540 1127 4580 tum
1168 4545 1307 4583 unus
1337 4529 1457 4598 ejus
1511 4528 1749 4597 Spiritus
1773 4540 2018 4585 sanctus.

2118 3700 2376 3772 ὑϐρισταὶ
2402 3698 2570 3768 οῦτοι,
2601 3703 3067 3775 παραϐάλλοντες,
3101 3705 3134 3774 ἢ
3164 3703 3223 3756 ἓν
3250 3704 3345 3757 καὶ
3367 3704 3563 3757 ταυτὸν
3584 3721 3644 3756 το
3662 3706 3706 3750 1-

2116 3808 2231 3856 τοις
2258 3788 2398 3847 εἶναι
2443 3794 2831 3864 δοκιμάζοντες
2870 3795 2962 3849 τὸν
3004 3796 3222 3865 λογικὸν
3261 3796 3409 3859 ναὸν,
3453 3796 3546 3848 τὸν
3580 3796 3703 3848 κατ’

2117 3888 2305 3942 εἰκόνα
2331 3886 2424 3941 τοῦ
2455 3887 2616 3951 Θεοῦ,
2669 3887 2731 3941 τὸ
2764 3887 2924 3960 ἔργον
2975 3889 3084 3943 τῶν
3136 3888 3339 3960 χειρῶν
3387 3887 3573 3948 αὐτοῦ,
3609 3888 3706 3941 καὶ

2118 3976 2226 4033 τῶν
2256 3978 2348 4031 ἐπὶ
2380 3977 2485 4049 γῆς
2512 3979 2573 4033 τὸ
2597 3978 2904 4042 κάλλιπον,
2937 3979 3173 4052 ἔχρησαν
3198 3980 3269 4033 τά
3298 3980 3591 4051 ἐκκείμενα
3616 3980 3704 4033 λό-

2118 4069 2256 4138 για),
2295 4068 2357 4121 of)
2408 4069 2752 4142 Χριστιανῶν
2807 4072 2926 4142 μὲν,
2975 4072 3098 4125 οὐδὲ
3147 4071 3321 4135 ἄλλως
3367 4070 3543 4139 σοςρῶν
3587 4074 3705 4123 ἐστι

2117 4162 2304 4216 τοῦτο·
2334 4161 2457 4216 οὐδὲ
2497 4162 2786 4235 ἀληθεύειν
2832 4164 3058 4218 τοιαῦτα
3108 4165 3308 4227 αὐτοὺς
3353 4163 3705 4226 διδάσκοντας

2121 4253 2187 4307 ἄν
2217 4272 2302 4317 τις
2329 4254 2430 4327 τὴν
2475 4255 2650 4326 ἀρχὴν
2679 4254 2911 4327 νομίσοι.
2964 4254 3152 4320 Οὕτως
3196 4256 3255 4309 δὲ
3305 4255 3449 4325 ἐχειν
3480 4253 3704 4325 γνώμης

2120 4344 2319 4408 αὐτοὺς
2354 4344 2431 4409 ὡς
2457 4344 2675 4417 ἀληθῶς
2710 4345 2921 4417 μαθὼν,
2964 4346 3084 4409 πῶς
3112 4346 3214 4400 οὐκ
3253 4348 3497 4418 οἰήσεται
3542 4345 3705 4398 πλέειν

2122 4437 2441 4507 σωφρονεῖν,
2472 4434 2539 4489 ἂν
2572 4435 2642 4489 τά
2678 4436 2776 4508 μὲν
2809 4436 3099 4508 αἱρετικῶν
3143 4435 3342 4509 φεύγῃ,
3373 4435 3611 4489 πείθοιτο
3643 4435 3703 4488 δὲ

2121 4523 2203 4590 οἷς
2234 4527 2415 4598 πολλῷ
2452 4529 2695 4600 ἄμεινον,
2730 4530 2874 4600 φημὶ
2916 4531 3028 4593 τοῖς
3064 4530 3264 4598 ἁγίοις,
3297 4531 3354 4602 ἢ,
3384 4532 3445 4584 τό
3471 4548 3533 4599 γε
3571 4530 3709 4600 ἀλη-

440 4623 511 4678 Ει
534 4590 990 4690 qtiemadtuodmu
1046 4621 1191 4677 Deus
1230 4631 1285 4674 et
1331 4590 1521 4683 Pater.
1553 4590 1830 4690 'quamvis
1858 4624 1924 4677 de
1953 4638 2018 4678 eo

2124 4590 2400 4690 Oéatspov,
2432 4590 2547 4684 τοῖς
2569 4590 2865 4675 αὐτοῦ-τοῦ
2901 4590 3068 4688 Θεοῦ;
3104 4590 3183 4677 ()6
3223 4590 3431 4694 γάρ-ἄν
3468 4590 3570 4687 τις,
3603 4590 3706 4675 κέν

441 4709 706 4776 scriptum
737 4723 843 4761 non
877 4710 969 4771 sit,
993 4709 1138 4778 quod
1176 4723 1276 4762 nos
1310 4711 1529 4777 proprio
1578 4708 1841 4779 sanguine
1872 4710 2024 4764 rede-

2124 4712 2358 4782 Γραφῶν
2383 4714 2653 4778 παντοίως
2682 4713 2910 4786 ἄπειρος
2933 4708 2991 4787 ᾗ,
3018 4715 3126 4768 άπὸ
3156 4716 3255 4786 τῆς
3283 4715 3463 4769 αὐτῶν
3481 4717 3707 4784 γνώμης

443 4796 631 4858 inerit,
658 4797 916 4850 Dominus
947 4810 1131 4851 noster
1153 4807 1267 4852 est:
1308 4800 1378 4851 ita
1431 4801 1597 4853 etiam
1654 4811 1877 4855 sanctus
1906 4801 2018 4867 eius

2129 4802 2289 4870 μόνον
2330 4802 2503 4855 ταῦτα
2538 4803 2821 4874 εἰρηκέναι
2871 4803 3000 4865 τοὺς
3051 4804 3306 4875 ἀρίστους
3354 4804 3560 4867 πάντας
3612 4806 3706 4857 καὶ

442 4887 703 4958 Spiritus.
735 4886 859 4941 llaec
884 4903 1057 4954 emm,
1084 4905 1206 4958 qua:
1233 4892 1300 4942 ad
1331 4891 1742 4947 describendam
1789 4892 2018 4963 Spiritus

2126 4892 2373 4957 κλεινοὺς
2400 4893 2645 4958 ἐκείνους
2680 4894 2880 4966 ἄνδρας
2910 4897 3152 4967 φήσειεν,
3189 4896 3303 4949 ἀλλ’
3328 4897 3447 4967 οὐχὶ
3486 4896 3572 4949 διὰ
3608 4896 3705 4967 τῆς

442 5064 576 5127 otio,
623 5070 682 5115 ut
705 5062 1030 5141 .iltft‘t‘tttctut‘
1072 5065 1216 5134 quod
1256 5065 1537 5141 catholica
1563 5067 1722 5141 docet
1761 5068 2022 5131 Ecclesia,
2127 5087 2155 5141 μ
2188 5068 2493 5141 perplexas,
2518 5084 2770 5127 sermone
2803 5084 3018 5135 cat-ens,
3046 5081 3295 5127 mutus...
3328 5079 3489 5141 atque
3516 5071 3687 5125 adver

444 5135 753 5207 nun‘ni‘mlo
795 5132 987 5188 Filium
1029 5132 1152 5190 θεὼ
1196 5148 1440 5189 nostrum
1482 5155 1498 5188 ι
1524 5140 1830 5199 Dominum,
1863 5157 1880 5189 I
1929 5143 2023 5190 sed
2127 5132 2233 5195 lita.
2261 5132 2579 5207 perplexim,
2606 5132 3050 5206 mute,inl'anter,
3074 5161 3095 5194 ι
3118 5154 3225 5196 etc.

441 5217 498 5259 et
552 5203 815 5286 Spiritum
858 5214 1113 5286 sanctum
1148 5220 1165 5258 :
1196 5215 1256 5259 ut
1300 5207 1493 5286 collige
1524 5224 1591 5262 ex
1631 5210 1822 5276 capitis
1865 5210 2027 5276 hujus
2129 5278 2146 5286 _
2201 5203 2317 5277 (27)
2363 5203 2694 5286 Vitta-intus.
2749 5203 2947 5286 podex
3003 5203 3288 5286 mendose,
3339 5212 3701 5286 πεφεύγομεν.

441 5283 787 5352 argumento.
821 5283 871 5352 et
908 5288 974 5327 ex
999 5276 1252 5352 _iis,nquae
1288 5276 1648 5352 subjiciuntur
1674 5292 1936 5352 μεθ-βου.

2129 5278 2270 5352 Lego
2300 5276 2691 5352 lmcpsd7apsv.
2740 5280 2915 5352 Quin
2948 5283 3114 5336 etiam
3158 5296 3257 5352 pro
3310 5276 3547 5335 καῖ’τοῦ
3584 5276 3700 5346 ’ὃτι,

513 5339 627 5418 (26)
677 5339 973 5418 Ρενριεωαπ
999 5344 1054 5418 tn
1080 5339 1325 5418 praeco,
1363 5339 1582 5418 άπόρως
1627 5339 1724 5401 κάι
1744 5339 2018 5416 ’ἀλόίωςι

2127 5339 2414 5418 ιυεῖξιιάυιιῖ
2437 5339 2649 5405 videtur
2699 5339 2794 5402 καῖ
2820 5350 2882 5402 τὸ
2900 5350 3004 5405 ὃτι.

438 5416 586 5485 quod
618 5422 890 5493 sumptum
925 5414 1097 5493 videri
1132 5426 1322 5493 queat,
1371 5414 1673 5493 aut'lneeni
1716 5430 1864 5470 certe
1890 5414 2026 5493 ‘mu-_-
2173 5414 2316 5493 _'(28)
2359 5416 2626 5483 Quantum
2691 5429 2794 5474 etc.
2836 5420 2943 5476 Pro
2995 5419 3074 5492 τῷ
3112 5437 3177 5490 γε
3249 5417 3538 5493 legendum
3567 5419 3706 5475 forte

440 5483 627 5556 {natur
649 5498 713 5556 ex
739 5483 975 5556 Polluce,
995 5483 1098 5556 -qui
1129 5483 1226 5556 lib.
1263 5499 1338 5543 γι.
1375 5501 1493 5551 cap.
1526 5486 1594 5539 54
1624 5488 1678 5540 in
1721 5501 1879 5550 eum,
1929 5488 2021 5554 qui
2125 5488 2187 5541 τό
2212 5483 2299 5556 γε.

437 5554 598 5635 ὀλίγα
649 5553 742 5635 ὑπς
789 5551 1075 5635 ἀσθενείας
1129 5552 1315 5635 λέγει,
1364 5556 1415 5608 id
1460 5556 1677 5621 est,qui
1723 5551 2018 5635 perspicuis

2198 5551 2313 5635 (ἠῢ)
2344 5558 2411 5635 In
2442 5560 2608 5635 n_obis.
2634 5558 2836 5625 Codex,
2865 5560 2927 5613 ὲν
2949 5562 3157 5626 αὐτοῖς.
3188 5561 3329 5633 Lege
3388 5563 3447 5615 ἐν
3469 5562 3701 5626 ἑαυτοῖς,

444 5626 739 5677 adversarii
800 5626 1103 5677 rationibus
1161 5626 1475 5691 convictus,
1531 5640 1701 5693 pauca
1760 5628 2020 5680 duntaxnt
2126 5626 2303 5681 antév
2337 5629 2540 5690 αὐτοῖς.

443 5693 714 5769 balbutire
746 5693 907 5769 valet,
937 5694 1210 5769 quadrare
1232 5694 1309 5769 ait
1329 5695 1443 5748 haec
1472 5712 1486 5746 :
1517 5696 1778 5769 ξΑπορος,
1808 5695 2018 5769 άλογος,

2204 5699 2315 5769 (ὅθ)
2359 5698 2605 5769 Nescitis.
2639 5698 2657 5752 l
2696 5697 2823 5753 Cor.
2855 5713 2940 5762 ιιι,
2964 5700 3054 5756 16.
3222 5745 3232 5754 .

444 5761 697 5838 ᾄφῴνος.
729 5801 746 5819 .
775 5803 789 5819 .
822 5762 918 5838 καὶ
970 5761 1035 5815 τὰ
1087 5764 1464 5838 ἐπιρρήματα,
1512 5761 1750 5834 ἀπόρως.
1796 5761 2018 5833 ἀλόγως,

2150 5837 2153 5838 ν
2202 5761 2318 5837 (3i)
2363 5766 2677 5838 Participes.
2707 5769 2870 5821 llehr.
2908 5761 2981 5836 vi,
3013 5772 3067 5824 4.
3100 5771 3287 5830 ῦτειιω
3312 5771 3483 5829 Biblia
3508 5788 3523 5825 :
3553 5769 3702 5825 Μετυ

445 5831 701 5901 ἀφώνως,
733 5850 788 5888 κ.
819 5850 869 5888 τ.
900 5832 954 5886 λ.
1004 5849 1123 5902 qua:
1163 5831 1323 5889 verba
1365 5836 1449 5889 sic
1501 5831 1663 5889 vertit
1717 5831 2018 5904 interpres:

2131 5831 2290 5909 ὄχους
2303 5831 2640 5907 ’γενηθέντας
2673 5838 2811 5892 Πνεύ
2819 5831 2988 5910 ματος
3016 5841 3195 5911 ἁγίου.
