4054 6408
361 346 468 401 6i!)

1405 345 1494 400 DE
1534 341 1916 400 TRINITATE
1954 339 2160 395 LIBER
2196 341 2585 398 SECUNDUS.

3526 340 3636 399 650

358 459 542 517 αὐτῶν
569 459 757 529 φωνῆς
789 459 920 531 ἡμῖν
961 457 1052 513 τὸν
1101 458 1234 513 Θεὸν
1273 457 1642 528 διαλέγεσθαι,
1672 459 1766 511 καὶ
1797 457 1866 511 τά
1898 472 1957 509 τε

2062 456 2233 509 sancti
2259 455 2598 510 divinitatem
2631 455 2774 510 dicta
2800 464 2944 516 sunt,
2975 462 3398 510 consentaneum
3451 471 3514 510 ac
3541 471 3637 509 ne-

361 553 516 617 ἄλλα,
542 551 614 604 τὰ
646 549 870 622 μείζονα
899 549 1165 612 συνέσεως
1192 549 1515 621 ἀνθρώπων,
1539 551 1833 614 διδάσκειν,
1861 550 1955 604 καὶ

361 648 439 699 ὅτι
459 645 517 696 ὲν
542 645 756 706 πιστοῖς
781 643 943 705 αὐτός
966 659 1025 693 τε
1051 642 1079 693 6
1105 640 1258 704 Θεὸς,
1289 642 1383 694 καὶ
1405 643 1433 694 ὁ
1461 641 1759 713 μονογενὴς
1785 641 1952 696 αὐτοῦ

364 737 511 799 Υἱὸς,
546 736 644 789 καὶ
675 735 735 788 τὸ
763 735 820 788 ἓν
853 733 1018 788 αὑτοῦ
1064 731 1288 804 Πνεῦμα
1312 736 1512 804 ὁμοίως
1537 735 1630 788 καὶ
1659 736 1790 798 ἴσως
1819 736 1957 787 οἰκεῖ

363 825 665 896 ἁχράντως.
719 824 1019 893 Διελέγχων
1070 823 1250 876 τοίνυν
1302 825 1397 876 καὶ
1454 824 1812 896 ἁπορριπτῶν
1854 825 1954 888 τὰς

365 913 797 985 σοφισμιιτὼδεις
829 915 1009 968 αὐτῶν
1059 915 1348 985 φλυαρίας,
1395 917 1490 969 καὶ
1525 917 1584 970 τὸ
1622 919 1696 989 μὴ
1729 917 1799 971 τὰ
1829 917 1956 986 βλα-

364 1007 520 1078 ϐερὰ,
549 1007 640 1061 διὰ
666 1008 884 1078 Ἀρειον
910 1008 1003 1060 καὶ
1026 1007 1380 1068 Μακεδόνων,
1412 1008 1685 1078 αἱρεῖσθαι
1718 1009 1956 1079 συμϐου-

364 1093 533 1150 λεύων
573 1099 631 1149 ὲν
674 1099 747 1168 ρδ¹
772 1096 973 1168 ψαλμῷ
1003 1100 1385 1168 παρεγγυᾶται
1413 1099 1596 1162 αὐτοῖς
1623 1115 1636 1129 ·
1672 1119 1690 1149 σ
1726 1101 1812 1153 Ἐν
1843 1103 1954 1162 τοῖς

365 1189 674 1260 προφήταις
705 1206 807 1258 μου
841 1188 914 1260 μὴ
942 1189 1329 1261 πονηρεύεσθε.
1365 1209 1382 1240 ι
1424 1191 1586 1243 Ἀλλὰ
1612 1191 1678 1263 τὰ
1699 1192 1797 1262 μὲν
1827 1194 1955 1264 περὶ

365 1281 605 1344 ἐκείνων,
665 1281 775 1334 τῶν
835 1282 1084 1352 μηδαμοῦ
1127 1282 1295 1352 φίλων
1340 1282 1459 1354 Θεῷ
1502 1283 1581 1352 τῷ
1625 1285 1718 1336 καὶ
1752 1283 1850 1355 τὴν
1895 1283 1954 1351 ἐξ

366 1375 682 1444 ὁμωνυμίας
709 1375 917 1446 δωρεὰν
949 1374 1074 1446 [109
1096 1374 1146 1447 b]
1175 1371 1484 1446 ἀνθρώποις
1528 1375 1783 1428 δεδωκότι
1803 1377 1956 1447 εἰρη-

368 1467 539 1519 κότων
560 1459 590 1496 ί
612 1488 629 1517 ι
664 1467 754 1538 Μὴ
786 1468 926 1521 κίνει
970 1469 1285 1540 καμάριναν
1310 1487 1322 1499 ·
1359 1469 1618 1540 ἀκίνητος
1658 1469 1767 1538 γὰρ
1791 1469 1953 1540 ἀμεί-

369 1578 494 1613 νων.
525 1579 542 1610 ι
573 1560 1008 1628 Διαγνωσθέντος
1055 1561 1238 1615 τοίνυν
1281 1561 1375 1615 καὶ
1422 1560 1540 1624 τοῦ,
1593 1562 1674 1615 ὅτι
1721 1561 1854 1624 Θεὸς
1895 1561 1955 1614 τὸ

371 1648 522 1715 ἅγιον
554 1648 800 1719 Πνεῦμα,
829 1649 924 1701 καὶ
954 1650 1054 1714 τὰς
1100 1651 1443 1722 προφητείας
1486 1650 1620 1704 αὐτὸ
1660 1651 1950 1713 ὑπέϐαλεν,

375 1740 670 1811 μεταϐῆναι
699 1741 797 1811 ἤδη
826 1741 1012 1812 καιρὸς
1041 1742 1134 1794 ἐπὶ
1161 1743 1252 1796 τὸν
1283 1743 1583 1814 Ζαχαρίαν,
1623 1742 1683 1795 οὐ
1718 1743 1808 1795 τὸν
1829 1743 1953 1814 δρε-

372 1833 684 1904 πανηφὸρον
729 1836 1034 1906 προφήτην,
1085 1833 1221 1887 ἀλλὰ
1272 1835 1361 1887 τὸν
1405 1835 1617 1905 πατέρα
1670 1835 1953 1898 Ἰωάννου,

371 1926 699 1995 ὲγκρίναντα
725 1924 821 1978 καὶ¹
855 1925 1015 1978 αὑτὸν
1062 1925 1194 1979 Θεὸν
1223 1928 1318 1979 καὶ
1356 1927 1559 1999 Κύριον
1603 1927 1699 1980 τοῦ
1742 1926 1958 1997 Ἰσραὴλ

370 2013 507 2069 εἶναι
536 2016 626 2068 τὸν
667 2016 724 2068 ὲν
783 2018 1092 2088 προφήταις
1133 2017 1462 2089 λαλήσαντα.
1498 2017 1648 2070 Αὐτὰ
1679 2017 1736 2070 δὲ
1782 2034 1960 2089 παρα-

369 2107 570 2176 Θῶμαι,
613 2106 756 2178 ἅπερ
798 2109 1006 2170 ἐκεῖνος
1043 2106 1224 2171 ἔλεξεν
1248 2124 1261 2137 ο
1305 2127 1324 2158 ι
1351 2108 1657 2178 Εὐλογητὸς
1690 2107 1899 2180 Κύριος
1930 2110 1958 2161 6

369 2198 501 2259 θεὸς
534 2196 624 2248 τοῦ
666 2197 905 2270 Ἰσραὴλ,
938 2199 1019 2250 ὅτι
1064 2198 1428 2268 ἐπεσκέψατο,
1459 2201 1554 2252 καί
1579 2199 1836 2270 ἐποίησεν
1865 2199 1958 2250 λύ-

369 2304 568 2357 τρωσιν
602 2287 677 2356 τῷ
709 2287 822 2357 λαῷ
859 2287 1024 2340 αὐτοῦ
1047 2305 1059 2317 °
1095 2289 1186 2341 καὶ
1220 2289 1442 2358 ἤγειρεν
1475 2289 1644 2360 κέρας
1681 2289 1958 2360 σωτηρίας

369 2381 502 2448 ἡμῖν
544 2381 601 2432 ὲν
635 2380 710 2449 τῷ
755 2381 887 2450 οἴκῳ
930 2380 1092 2433 Δαυῖδ
1151 2379 1244 2432 τοῦ
1302 2380 1490 2444 παιδὸς
1534 2380 1721 2444 αὑτοῦ,
1774 2379 1960 2444 καθὼς

371 2472 630 2541 ἐλάλησεν
667 2472 756 2526 διὰ
801 2473 1069 2544 στόματος
1101 2472 1208 2525 τῶν
1245 2474 1439 2541 ἁγίων,
1491 2473 1601 2526 τῶν
1641 2473 1735 2526 ἀπ’
1765 2472 1961 2536 αίῶνος

371 2563 663 2632 προφητῶν
691 2562 877 2616 αὑτοῦ.
909 2582 926 2612 ι
961 2563 1069 2616 Καὶ
1101 2564 1130 2614 6
1166 2562 1489 2634 ἰεροψάλτης
1514 2564 1569 2616 δὲ
1595 2564 1694 2616 οὐκ
1715 2561 1961 2625 ἀποστάς

369 2673 502 2709 ποτε
547 2655 883 2726 δογματικῆς
938 2655 1309 2720 διδασκαλίας,
1348 2656 1684 2727 συμφέρεται
1727 2655 1958 2721 τούτοις,

370 2749 546 2818 λέγων
598 2751 654 2802 ὲν
684 2750 780 2818 μὲν
814 2755 903 2802 πα¹
930 2747 1130 2818 ψαλμῷ
1153 2765 1166 2778 ·
1208 2769 1225 2800 ι
1269 2748 1618 2819 Ἀκούσομαι,
1647 2748 1701 2800 τί
1738 2749 1963 2820 λαλήσει

369 2844 432 2894 ὲν
454 2842 573 2911 ἐμοὶ
603 2841 804 2910 Κύριος
834 2842 862 2893 6
892 2840 1022 2904 Θεὸς
1051 2857 1063 2870 °
1103 2859 1121 2891 ι
1160 2841 1218 2892 ὲν
1252 2840 1308 2893 δὲ
1344 2844 1408 2911 τῇ
1449 2840 1494 2910 β’
1521 2839 1630 2893 τῶν
1662 2841 1962 2894 Βασιλειῶν

375 2933 584 3002 ἱστορία
623 2932 868 2998 ἐξεῖπεν,
915 2932 1068 2985 ποίου
1114 2928 1183 3004 ἦν
1229 2933 1437 3003 Κυρίου
1488 2933 1582 2985 καὶ
1637 2931 1773 2985 Θεοῦ
1807 2935 1835 2986 6
1870 2933 1963 2985 εὑ-

373 3027 560 3088 κταίος
601 3021 753 3088 οὗτος
785 3025 1196 3094 ἐνθουσιασμὸς,
1235 3025 1480 3095 φράσας·
1530 3044 1549 3075 ι
1587 3025 1813 3095 Πνεῦμα
1851 3026 1963 3077 Κυ-

2061 547 2356 600 cessarium
2386 557 2469 600 est
2500 547 2660 601 etiam
2685 546 2752 600 de
2783 545 2892 601 Deo
2922 545 3082 600 Patre
3109 546 3273 601 simili
3305 547 3463 600 modo
3487 548 3633 602 acci-

2057 653 2205 707 pere.
2237 636 2337 692 Cui
2367 653 2497 708 ergo
2525 639 2693 708 magis
2717 653 2930 707 acquum
2955 649 3039 692 est
3065 639 3328 693 credere?
3376 638 3632 702 Paulone,

2055 739 2110 782 et
2149 728 2269 782 aliis
2299 730 2530 792 sanctis,
2556 745 2621 782 an
2668 729 3006 791 Macedonio,
3049 737 3103 782 et
3134 729 3183 784 ei
3226 731 3316 798 qui
3345 731 3466 784 ficte
3502 730 3638 784 resi-

2056 817 2176 886 puit
2210 816 2347 888 (52),
2378 818 2548 872 Ario?
2572 817 2628 872 Si
2657 834 2819 887 quam
2857 835 3019 888 porro
3067 820 3167 888 ipsi
3206 830 3519 875 sanctorum
3551 836 3637 873 ra-

2055 909 2256 962 tionem
2307 909 2528 976 habent,
2583 911 2859 979 quomodo
2916 910 2970 964 in
3012 924 3198 964 eorum
3253 926 3479 965 numero
3515 924 3636 964 sese

2056 1003 2422 1071 imprudentes
2443 1002 2794 1068 collocarunt,
2843 1004 2934 1072 qui
2989 1005 3191 1058 sanctis
3227 1004 3589 1058 adversantur
3614 1043 3632 1070 ,

2057 1112 2160 1151 nec
2192 1099 2381 1152 eadem
2419 1097 2531 1168 (53)
2563 1114 2683 1152 cum
2715 1099 2800 1152 his
2857 1098 3042 1153 dicere
3079 1113 3144 1153 ac
3179 1099 3381 1153 sentire
3413 1099 3637 1154 volunt?
3712 1153 3716 1158 .

2057 1189 2113 1243 Si
2147 1205 2276 1244 vero
2311 1189 2470 1245 aliter
2500 1192 2717 1260 quidem
2775 1191 2875 1255 illi,
2916 1191 3074 1244 aliter
3117 1206 3246 1245 vero
3275 1193 3360 1246 isti
3394 1193 3636 1247 sentiunt

2056 1282 2204 1348 (nam
2233 1281 2334 1334 hoc
2369 1297 2434 1335 ex
2465 1283 2530 1336 iis
2584 1296 2705 1350 qua:
2730 1291 2948 1336 ostensa
3003 1291 3127 1336 sunt
3158 1282 3514 1336 indubitatum
3529 1293 3634 1349 est;

2056 1386 2156 1426 nec
2181 1374 2324 1427 enim
2356 1374 2428 1428 illi
2462 1374 2724 1429 rationale
2753 1374 3032 1442 templum,
3063 1375 3207 1444 quod
3241 1374 3308 1428 ad
3344 1375 3633 1444 imaginem

2059 1463 2152 1518 Dei
2184 1473 2291 1530 εει,
2323 1475 2377 1520 ει
2409 1481 2544 1535 opus
2580 1482 2834 1519 manuum
2870 1466 3008 1535 ejus,
3056 1475 3220 1535 atque
3244 1467 3484 1519 omnium
3518 1475 3634 1519 ter-

2056 1572 2307 1611 renarum
2338 1575 2522 1613 rerum
2577 1558 3030 1627 pulcherrimum,
3066 1573 3188 1612 cum
3238 1559 3537 1629 pecudibus
3567 1572 3633 1612 ac

2057 1649 2229 1702 nmris
2253 1664 2350 1718 per
2386 1660 2779 1720 contemptum,
2837 1661 2891 1704 et
2921 1651 3184 1716 irrisorie,
3214 1661 3273 1704 ut
3300 1652 3604 1706 conviciato
3631 1685 3637 1692 -

2060 1756 2148 1794 res
2203 1741 2290 1795 isti
2333 1740 2560 1804 faciunt,
2618 1752 3025 1810 compararunt,
3082 1751 3177 1795 aut
3206 1757 3371 1796 unum
3401 1753 3456 1797 et
3493 1744 3637 1798 idem

2060 1846 2182 1886 cum
2215 1832 2299 1886 his
2327 1832 2488 1886 rebus
2526 1847 2649 1887 esse
2681 1840 2958 1898 putarunt,
2999 1835 3213 1902 quando
3242 1833 3422 1887 divino
3454 1831 3636 1889 alliam

2059 1923 2224 1976 allata
2270 1923 2566 1992 Scriptura:
2616 1923 2732 1977 loca
2782 1923 3183 1994 scripserunt),
3244 1924 3518 1995 indignum
3580 1925 3637 1982 id

2060 2013 2386 2069 Christianis
2407 2025 2512 2080 est,
2541 2023 2710 2085 atque
2734 2017 2868 2070 adeo
2889 2016 2955 2070 iis
2996 2020 3087 2086 qui
3117 2017 3309 2086 quovis
3331 2018 3438 2070 alio
3477 2019 3638 2072 modo

2062 2106 2334 2175 sapientes
2379 2108 2525 2168 sint;
2586 2121 2760 2175 neque
2809 2109 3096 2179 quisquam
3133 2110 3252 2164 illos
3282 2126 3404 2165 vera
3439 2112 3637 2165 docere

2061 2198 2287 2251 omnino
2311 2199 2427 2269 (54)
2463 2200 2876 2264 existimaverit,
2912 2203 3039 2254 dum
3089 2201 3214 2254 talia
3251 2203 3463 2255 docent.
3497 2201 3634 2256 Cum

2061 2305 2190 2345 vero
2218 2306 2312 2344 eos
2360 2292 2438 2344 sic
2495 2307 2680 2345 revera
2743 2293 2944 2346 sentire
2976 2293 3100 2360 quis
3126 2294 3474 2362 compererit,
3503 2309 3640 2362 quo-

2062 2390 2221 2436 modo
2241 2398 2347 2437 non
2372 2399 2431 2438 se
2458 2386 2628 2452 magis
2653 2399 2845 2452 sapere
2863 2385 3233 2446 arbitrabitur,
3258 2384 3301 2438 si
3324 2399 3385 2438 ea
3416 2384 3636 2454 quidem

2069 2477 2292 2533 devitet.
2327 2492 2447 2545 qua:
2473 2476 2542 2529 ah
2575 2477 2848 2532 haereticis
2905 2477 3175 2537 dicuntur.
3210 2478 3275 2532 iis
3299 2487 3478 2531 autem
3517 2492 3639 2532 cre-

2064 2566 2179 2626 dat,
2222 2567 2420 2636 quibus
2458 2568 2685 2621 credere
2741 2568 2909 2623 multo
2937 2569 3131 2623 melius
3159 2579 3264 2634 est,
3293 2584 3486 2639 nempe
3512 2585 3641 2624 san-

2063 2657 2188 2722 ctis,
2222 2668 2334 2722 aut,
2375 2669 2434 2710 ut
2477 2660 2657 2713 verius
2712 2660 2953 2729 eloquar,
3009 2661 3076 2716 iis
3139 2676 3258 2730 quae
3313 2672 3440 2716 sunt
3469 2662 3641 2731 ipsius

2065 2748 2201 2803 Dei?
2234 2747 2405 2803 Nemo
2433 2750 2599 2815 enim,
2628 2751 2728 2803 etsi
2763 2754 2985 2805 omnino
3029 2752 3436 2821 Scripturarum
3470 2753 3642 2822 impe-

2065 2843 2224 2904 ritus,
2250 2841 2485 2911 optimos
2517 2841 2636 2895 illos
2666 2857 2854 2896 omnes
2881 2844 3218 2914 inclytosqne
3262 2845 3408 2898 viros
3439 2859 3506 2899 ex
3537 2860 3633 2899 sua

2067 2931 2307 3000 ipsormn
2345 2933 2612 2985 sententia
2646 2933 2910 2986 duntaxat
2945 2933 3062 2988 haec
3102 2934 3388 3001 scripsisse
3419 2935 3638 3000 dixerit,

2067 3031 2160 3074 aut
2189 3036 2286 3089 per
2314 3034 2504 3074 eorum
2542 3035 2724 3074 vocem
2759 3022 2914 3075 nobis
2952 3023 3116 3077 Deum
3163 3022 3306 3092 loqui
3337 3028 3640 3090 negaverit,

375 3117 494 3188 ρίου
522 3117 777 3188 ἐλάλησεν
806 3117 949 3187 ἐμοὶ,
991 3116 1087 3170 κα)⁷
1120 3117 1149 3168 6
1180 3116 1353 3184 Λόγος
1378 3115 1544 3169 αὑτοῦ
1579 3117 1672 3169 ἐπὶ
1709 3114 1959 3187 γλώσσης

2068 3127 2302 3178 eumque
2345 3126 2465 3164 cum
2517 3111 2619 3164 alia
2672 3115 2870 3166 docere
2923 3114 3200 3168 hominum
3232 3115 3639 3184 intelligentiam

377 3225 503 3279 μου.
538 3227 556 3259 ι

2067 3202 2228 3272 237
2264 3201 2598 3270 superantia,
2633 3210 2745 3254 tum
2773 3203 2934 3255 etiam
2963 3205 3084 3267 hoc,
3113 3205 3257 3271 quod
3291 3205 3342 3258 in
3393 3206 3639 3260 ﬁdelibus

375 3313 432 3356 et
464 3302 601 3357 Deus
636 3301 770 3371 ipse,
797 3309 850 3356 ει
882 3301 1194 3366 unigenitns
1253 3299 1371 3368 ejus
1424 3300 1613 3365 Filius,
1637 3308 1693 3354 et
1730 3316 1870 3357 unus
1908 3301 2029 3373 ejus
2071 3300 2306 3369 Spiritus
2360 3294 2612 3350 similiter
2665 3307 2718 3348 et
2753 3295 3037 3363 aequaliter
3090 3296 3299 3350 habitat
3341 3299 3638 3366 impollute.

377 3397 920 3467 Snphisticasitaque
948 3413 1136 3451 eorum
1173 3412 1344 3467 nugas
1377 3397 1717 3466 redargucns
1750 3397 1888 3466 ipse,
1939 3413 2005 3452 ac
2044 3395 2321 3465 rejiciens,
2391 3405 2616 3458 eosque,
2669 3405 2734 3442 ne
2779 3401 3000 3458 propter
3036 3391 3225 3444 Arium
3279 3403 3333 3444 et
3389 3391 3623 3446 Macedo-

374 3495 546 3560 ninm,
579 3511 698 3565 quae
765 3495 924 3549 noxia
981 3495 1109 3559 sint,
1164 3503 1464 3557 sectentur,
1526 3509 1752 3548 monens
1797 3494 1850 3548 in
1902 3509 1989 3550 etv
2030 3491 2262 3562 psalmo,
2295 3489 2409 3541 haec
2468 3487 2548 3540 eis
2578 3486 2859 3555 praecipit:
2892 3505 2910 3537 ι
2950 3486 3004 3540 1η
3053 3489 3330 3557 prophetis
3356 3490 3469 3558 (ὃὸ)
3506 3491 3639 3543 lueis

375 3586 543 3641 nolite
593 3587 898 3656 malignari.
934 3606 952 3638 ι
984 3585 1088 3641 Sed
1124 3586 1312 3641 deillis
1367 3587 1626 3639 hactenus
1650 3583 1763 3656 (56)
1793 3601 1806 3637 :
1839 3602 1963 3637 nam
1997 3585 2031 3639 ii
2073 3585 2235 3637 etiam
2294 3579 2384 3648 qui
2415 3577 2545 3642 Deo,
2573 3593 2601 3630 a
2633 3594 2739 3646 quo
2769 3580 2940 3648 gratia
2971 3595 3185 3648 quoque
3213 3581 3540 3651 homonyme
3561 3581 3639 3636 sic

375 3684 521 3737 dicta
547 3683 853 3738 hominibus
895 3684 1019 3736 data
1072 3692 1178 3744 est,
1237 3696 1580 3750 nequaquam
1651 3680 1810 3734 amici
1877 3688 2022 3746 sunt,
2065 3679 2178 3733 haec
2211 3683 2536 3730 monuerunt
2564 3673 2710 3744 (37):
2739 3690 2758 3723 ι
2787 3672 3129 3728 Camarinam
3179 3690 3245 3730 ne
3271 3690 3520 3744 moveas;
3553 3692 3637 3732 sa-

376 3781 487 3833 tius
509 3781 651 3833 enim
705 3788 789 3834 est
839 3779 1118 3832 immotam
1173 3778 1502 3846 relinquere.
1533 3795 1550 3826 ι
1589 3774 1726 3830 Cum
1755 3789 1884 3843 ergo
1909 3783 1964 3830 ει
2003 3773 2264 3843 Spiritum
2295 3778 2542 3824 sanctum
2581 3767 2748 3821 Deum
2778 3782 2918 3827 esse.
2967 3777 3021 3822 et
3083 3769 3398 3837 prophetias
3461 3772 3639 3840 ipsum

373 3870 614 3925 dictasse
645 3871 960 3933 viderimus,
993 3879 1206 3939 tempus
1248 3868 1362 3938 jam
1409 3878 1495 3922 est
1561 3868 1626 3920 ad
1665 3866 1984 3920 Zachariam
2030 3863 2283 3927 transire,
2345 3876 2451 3915 non
2513 3859 2830 3928 prophetam
2861 3861 3010 3913 illum
3047 3859 3349 3915 falciferum
3377 3862 3515 3932 (58),
3544 3865 3638 3917 sed

376 3962 603 4016 JOannis
633 3973 861 4032 patrem,
903 3963 992 4032 qui
1052 3971 1108 4015 ει
1169 3961 1286 4029 ipse
1349 3961 1516 4014 Deum
1553 3973 1616 4013 ac
1665 3958 1952 4010 Dominum
1991 3954 2211 4009 lsraelis
2273 3967 2396 4007 esse
2461 3952 2745 4021 profitetur
2785 3953 2969 4016 illum,
3026 3954 3114 4021 qui
3152 3954 3206 4008 in
3235 3958 3519 4024 prophetis
3554 3958 3640 4010 lo-

380 4067 543 4111 cutus
599 4067 700 4110 est.
758 4057 876 4125 Ipsa
919 4064 1122 4118 autem,
1174 4069 1295 4122 quae
1325 4051 1373 4107 is
1411 4053 1570 4116 dixit,
1607 4053 1772 4105 verba
1805 4064 2070 4119 apponam
2107 4046 2219 4119 (59)
2251 4060 2267 4098 :
2303 4063 2321 4096 ι
2355 4044 2684 4099 Benedictus
2719 4044 2981 4099 Dominus
3044 4045 3184 4100 Deus
3223 4047 3468 4112 lsraelis,
3508 4049 3637 4117 quia

384 4153 647 4216 visitavit,
672 4162 726 4206 et
761 4151 891 4206 fecit
927 4151 1355 4218 redemptionem
1379 4149 1678 4218 plebisuaa:
1709 4155 1764 4202 et
1790 4145 1964 4200 erexit
2002 4159 2170 4199 cornu
2201 4141 2394 4196 salutis
2436 4140 2592 4194 nobis
2625 4142 2674 4194 in
2707 4142 2868 4195 domo
2931 4141 3097 4194 David
3140 4143 3289 4210 pueri
3351 4141 3434 4194 sui
3460 4159 3474 4194 :
3500 4141 3639 4195 sicut

385 4243 597 4298 locutus
626 4254 708 4298 est
741 4259 836 4312 per
864 4258 926 4297 os
958 4253 1271 4296 sanctorum
1295 4280 1311 4304 ,
1361 4239 1451 4308 qui
1485 4253 1514 4292 a
1571 4236 1770 4292 sreculo
1805 4243 1953 4300 sunt,
1994 4232 2380 4302 prophetarum
2411 4229 2546 4296 ejus.
2597 4248 2615 4280 ι
2675 4227 2845 4283 Sacer
2880 4239 3058 4283 autem
3092 4228 3300 4284 Psaltes
3330 4245 3358 4282 a
3419 4231 3638 4297 dogma-

387 4340 493 4393 tica
522 4336 762 4392 doetrina
802 4349 1078 4402 nunquam
1131 4333 1413 4394 recedens,
1464 4330 1550 4384 his
1578 4327 1874 4390 consentit,
1944 4326 1996 4378 in
2039 4324 2244 4394 psalmo
2291 4322 2507 4392 quidem
2560 4337 2722 4376 LXXXI
2787 4323 2974 4376 dicens
3007 4339 3021 4376 :
3053 4338 3075 4374 ι
3102 4323 3332 4376 Audiam
3361 4323 3479 4395 (40)
3510 4341 3578 4393 qu
3605 4327 3638 4380 d

381 4433 633 4504 loquatur
660 4433 712 4486 in
743 4445 829 4485 me
861 4429 1120 4483 Dominus
1144 4429 1323 4492 Deus;
1358 4445 1376 4476 ι
1423 4425 1475 4478 in
1513 4425 1748 4478 secunda
1806 4435 1934 4475 vero
1989 4419 2300 4488 Regnorum
2349 4416 2599 4480 historia,
2657 4415 2808 4484 cujus
2858 4414 3071 4470 Domini
3127 4432 3190 4471 ac
3231 4415 3327 4470 Dci
3385 4415 3638 4484 optabilis

2132 4636 2243 4705 (58)
2291 4634 2632 4703 Falciferum.
2679 4636 2730 4688 In
2760 4635 3037 4689 Zachariae
3068 4635 3204 4689 libro
3239 4651 3357 4705 cap.
3401 4652 3454 4698 ν,
3493 4653 3638 4692 vers.

2072 4708 2096 4759 l
2149 4717 2203 4760 el.
2241 4706 2295 4764 2,
2337 4724 2356 4756 ‹
2383 4707 2568 4759 falcem
2603 4725 2621 4757 ι
2672 4708 2885 4772 quidem
2951 4724 2969 4756 ι
3004 4707 3234 4759 vidisse)
3293 4709 3492 4759 dicitur
3527 4708 3641 4775 ipse

2068 4775 2389 4836 Zacharias,
2451 4776 2601 4840 juxta
2679 4776 2920 4830 Grzecam
2995 4775 3481 4830 editionemznam
3549 4779 3640 4831 ubi

2073 4845 2291 4914 Vulgata
2341 4847 2621 4898 translatio
2671 4847 2872 4898 habet:
2914 4845 3015 4898 «Et
3063 4861 3189 4898 ecce
3251 4847 3495 4898 volumen
3545 4863 3642 4898 vo-

2068 4915 2186 4968 lans
2218 4953 2232 4966 .
2266 4953 2280 4966 .
2316 4953 2330 4965 .
2386 4915 2522 4967 Ecce
2580 4916 2730 4967 video
2805 4916 3048 4968 volumen
3109 4917 3380 4978 volans,»
3448 4916 3639 4971 Graeca

2067 4986 2223 5058 habet
2251 4999 2264 5036 :
2291 4984 2398 5036 Καὶ
2449 4984 2556 5058 ἰδοὺ
2598 4984 2862 5058 δρέπανον
2909 4986 3202 5056 πετόμενον
3225 5025 3240 5039 .
3275 5026 3289 5039 .
3316 5025 3331 5039 .
3361 4985 3473 5054 ἐγὼ
3529 4987 3642 5058 ὁρῶ

2063 5054 2332 5125 δρέπανον
2366 5054 2679 5125 πετόμενον,
2711 5057 2760 5107 id
2784 5065 2888 5118 est,
2919 5073 2936 5105 ι
2960 5068 3014 5108 ει
3039 5054 3166 5109 ecce
3187 5058 3291 5109 falx
3325 5059 3507 5110 volans
3623 5098 3638 5110 .

2068 5124 2196 5196 ecce
2231 5124 2622 5196 viticofalcetn
2659 5126 2942 5177 volantem.
2967 5143 2985 5172 ι
3031 5126 3105 5196 _At
3156 5143 3457 5194 nusquam,
3497 5129 3642 5196 quod

451 4651 563 4724 (5'2)
605 4649 751 4704 Ficte
775 4649 1020 4724 _resipuit.
1075 4647 1147 4700 De
1181 4646 1431 4724 simulata
1595 4642 1726 4695 Ario
1751 4640 1953 4724 Ire-sipi-
1989 4619 2034 4672 Ῑ)

383 4711 587 4778 scentia
619 4725 732 4788 lege
773 4711 913 4773 inter
941 4729 1168 4773 caeteros
1197 4717 1473 4772 Socratem
1496 4711 1635 4766 Hist.
1657 4711 1782 4765 ccci.
1807 4711 1898 4765 lib.
1920 4725 1959 4773 ι,

383 4809 501 4862 cap.
529 4793 727 4866 εει-δε
745 4803 798 4844 ει
829 4791 918 4866 ss.
963 4859 973 4866 _
1183 4855 1209 4866 η

455 4851 566 4929 ἱ55)
607 4851 831 4914 Eadem.
865 4859 1070 4931 Codex,
1108 4855 1306 4931 ταῦτα.
1346 4851 1493 4931 Lego
1523 4853 1786 4931 ταῦτά...-

455 4920 564 4999 (5ιῇ
608 4931 854 4984 Omnino.
891 4929 946 4981 In
977 4927 1185 4990 Graeco,
1225 4925 1323 4996 τὴν
1362 4920 1787 4999 ἀρχήν-.-δηιιὶὶί
1839 4934 1960 4999 ιρι).-

385 4989 599 5071 dorpaig.
643 5003 741 5054 179
797 5001 1012 5071 Catenae
1057 5001 1126 5071 in_
1156 4989 1370 5071 Jobtim_
1399 4989 1828 5071 ait'LDidymns:

382 5061 807 5142 καταδεχόμενος
871 5067 1013 5120 αὐτὰ
1077 5067 1174 5138 τὴν
1238 5065 1440 5142 ἀρχήν..
1512 5064 1584 5116 lbi
1639 5061 1792 5114 enim
1819 5139 1827 5142 Α
1857 5061 1957 5142 τὴν

381 5143 559 5214 ἀρχήν
583 5133 769 5195 ’νιῖιενε
794 5151 918 5214 puto
956 5157 974 5188 ι
996 5133 1399 5214 οιιιιιὶιιομξειεὶ
1430 5133 1694 5214 interpres
1709 5139 1962 5210 _\'el'lel'll,

390 5201 706 5265 a'tt'i'initio.
746 5229 762 5260 ι
795 5201 884 5261 Ἀι
928 5224 1032 5261 non
1085 5222 1208 5260 raro
1247 5206 1336 5258 alii
1387 5219 1622 5272 quoque,
1670 5201 1826 5255 binas
1871 5214 1965 5252 eas

381 5282 809 5352 significationes
834 5278 1236 5352 con_l'utu_len_do,
1274 5278 1408 5352 lapsi
1439 5284 1586 5327 sunt.

478 5353 567 5420 55)
606 5351 672 5404 In
709 5349 992 5419 prapltetis.
1035 5344 1444 5420 PS&tI-_C'V‘.15'.
1624 5411 1636 5420 -
1835 5407 1866 5420 -'

478 5360 567 5420 55)
606 5360 672 5404 In
709 5360 992 5419 prophetis.
1035 5360 1175 5401 Psat.
1205 5361 1312 5407 CIV,
1350 5360 1430 5399 to.
1855 5407 1866 5418 _

456 5360 568 5501 (56)
607 5421 892 5501 [lactentia
912 5420 1124 5501 “Codex,
1151 5415 1235 5501 ﬁci“
1266 5415 1384 5501 μέν.
1422 5411 1732 5501 'Legendum
1760 5418 1959 5478 potius,

381 5487 560 5545 ταῦτα
591 5491 706 5559 μέν.
743 5488 880 5556 Quin
910 5489 1138 5560 fortasse
1173 5487 1372 5560 aliquid
1402 5487 1570 5560 deest.
1670 5551 1683 5560 _
1759 5549 1770 5560 .

460 5548 982 5629 (57)'Cama'rinam.
1019 5556 1091 5609 De
1138 5548 1577 5629 notissimo__hoc
1619 5549 1811 5629 adagio
1842 5548 1962 5629 lege

383 5621 903 5701 parmtitingraphos.
949 5627 1033 5701 De
1068 5642 1132 5680 eo
1159 5627 1274 5701 dixi
1315 5623 1698 5701 iu__l"asc_icnlo
1726 5621 1958 5701 que.qu—

381 5687 557 5757 Ecrum
589 5687 710 5770 pa‘é.
751 5687 888 5762 .279,
947 5699 1000 5750 in
1057 5698 1202 5750 notis
1264 5696 1331 5748 ad
1371 5692 1758 5763 TheOphylacti
1800 5687 1955 5742 libel-

388 5774 523 5826 lunt.

627 5861 900 5921 ΡΑτιιοι..
939 5859 1058 5922 Gn.
1101 5857 1407 5920 XXXIX.

2067 5195 2258 5256 sciam,
2292 5194 2583 5246 Zacharias
2612 5197 2724 5263 ipse
2759 5213 2778 5244 ι
2802 5196 2991 5248 falcem
3023 5194 3199 5249 ferens
3230 5216 3248 5248 ι
3285 5194 3640 5251 describitur.

2067 5263 2347 5337 Cnnjicere
2375 5263 2552 5337 itaque
2576 5265 2720 5327 licet,
2751 5265 2870 5317 ideo
2893 5266 2973 5317 sic
2994 5265 3134 5334 loqui
3163 5267 3467 5337 Ditlytnum,
3497 5268 3640 5335 quod

2068 5335 2330 5401 propheta
2361 5333 2446 5386 ille
2486 5334 2675 5387 falcem
2721 5351 2879 5386 manu
2912 5351 3105 5404 gerens
3130 5354 3157 5387 a
3189 5333 3488 5402 pictoribus
3516 5333 3640 5390 eam

2068 5405 2330 5456 visionem
2366 5405 2776 5469 respicientibus
2819 5405 3053 5460 fortasse
3097 5407 3464 5462 exhiberetur.
3509 5404 3643 5460 Vide

2062 5483 2175 5525 not.
2208 5475 2272 5525 ad
2299 5488 2417 5540 cap.
2452 5472 2514 5524 2i
2561 5474 2680 5526 libri
2722 5491 2758 5527 ι.

2132 5542 2243 5613 (59)
2286 5541 2620 5595 Benedictus.
2664 5542 2857 5607 Luc.l,
2893 5544 3080 5600 68-70.

2131 5610 2242 5682 (40)
2286 5613 2538 5666 Audiam.
2573 5613 2714 5666 Psal.
2765 5631 2961 5670 Lxxxw
3008 5619 3149 5686 (non
3191 5617 3411 5684 Lxxxt),
3443 5610 3469 5664 ἑ
3507 5610 3642 5684 (seu

2057 5681 2150 5751 9).

3210 5849 3285 5908 21
