4054 6394
455 335 555 391 651

1720 330 1958 390 DIDYMI
1989 331 2462 389 ALEXANDRINI

3593 339 3700 396 652

454 451 612 508 b'icce
657 463 724 506 ac
788 448 1004 506 divinus
1063 449 1274 506 amatus
1318 451 1628 519 exsisteret,
1693 447 2012 512 declaravit,
2080 448 2384 519 inquiens:
2444 467 2462 500 ι
2515 446 2748 518 Spiritus
2795 447 2910 520 (11)
2959 443 3170 504 Domini
3229 447 3440 506 locutus
3501 461 3588 506 est
3648 454 3704 507 in

450 557 544 600 me
575 541 712 614 (42),
743 549 800 597 et
823 554 1004 597 sermo
1023 541 1140 610 ejus
1174 542 1226 596 in
1262 541 1446 612 lingua
1474 557 1614 599 mea.
1647 560 1669 596 ι

953 635 1118 705 233
1167 632 1395 690 CAPUT
1443 635 1534 690 x1.

457 725 613 793 Quod
634 727 688 780 in
707 724 983 779 cherubico
1019 725 1204 778 throno
1227 727 1372 778 sedet
1413 723 1640 792 Spiritus
1689 735 1920 786 sanctus,
1971 733 2019 776 et

523 800 766 851 uirtutem
804 795 1015 847 emittit.
1055 793 1122 846 Et
1142 795 1278 861 quod
1311 794 1570 858 Spiritum
1610 805 1847 848 sanctum
1879 793 2024 847 Pau-

524 866 608 919 lus
638 880 889 934 cumesse
915 865 1076 934 novit,
1108 867 1194 934 qui
1231 865 1300 934 ab
1331 863 1477 917 Isaia
1507 866 1645 918 visus
1683 864 1802 930 fuit,
1839 863 2022 916 Domi-

525 949 648 990 num
669 933 922 988 Sabaoth.
952 933 1020 987 Et
1041 931 1222 987 contra
1244 931 1676 1002 Macedonianam
1706 935 2020 1002 opinionem.

524 1005 594 1060 Et
626 1003 762 1074 quod
778 1005 834 1074 in
865 1003 1014 1074 nobis
1045 1004 1242 1056 habitat
1274 1001 1506 1068 Spiritus
1523 1001 1758 1057 sanctus.
1785 1002 1852 1074 Et
1877 1002 2017 1072 quod

524 1071 730 1129 divinas
765 1071 1069 1142 Scriptura;
1096 1074 1276 1127 dolose
1297 1074 1579 1139 depravant
1605 1073 1857 1127 haeretici.

519 1235 638 1293 Jam
669 1249 796 1290 vero
819 1233 958 1306 apud
990 1248 1138 1298 eum,
1173 1247 1334 1302 quem
1395 1229 1836 1295 commemoravi,
1863 1243 2023 1284 accu-

452 1330 808 1391 ratissimum,
839 1342 904 1381 ac
933 1327 1137 1392 omnia,
1168 1339 1290 1394 quae
1322 1323 1626 1378 necessaria
1653 1322 1782 1387 sint,
1809 1321 2024 1391 copiose

453 1429 776 1476 tractantem
824 1417 1118 1481 melodum,
1178 1415 1230 1470 in
1264 1415 1474 1486 psalmo
1513 1429 1625 1478 cur,
1655 1414 1747 1483 qui
1781 1424 1924 1468 totus
1955 1428 2021 1468 ex

452 1526 679 1584 persona
707 1509 886 1564 Patris
915 1509 980 1562 ad
1008 1507 1202 1562 Filium
1227 1507 1402 1562 dictus
1431 1515 1534 1571 est,
1590 1514 1700 1560 tum
1747 1519 1898 1572 aeque
1924 1501 2024 1558 ho-~

451 1605 692 1662 noranda
723 1611 910 1658 sancta
939 1601 1201 1666 Trinitas,
1231 1609 1338 1654 tum
1363 1596 1623 1668 Spiritus,
1651 1598 1740 1667 qui
1765 1597 2024 1652 Dominus

450 1699 524 1755 sit
550 1695 805 1752 emittens
829 1694 1106 1757 virtutem,
1141 1701 1304 1760 atque
1330 1706 1434 1746 una
1459 1705 1582 1746 cum
1625 1689 1786 1744 Patre
1807 1698 1862 1743 et
1887 1689 2024 1743 Filio

449 1788 755 1852 considens,
800 1783 1084 1840 manifeste
1127 1783 1305 1852 potius
1365 1797 1528 1852 quam
1562 1781 1899 1850 aenigmatice
1921 1796 2022 1835 an-

450 1878 752 1934 nuntiatur.
783 1874 854 1930 Ut
889 1885 1068 1929 autem
1115 1873 1173 1927 in
1225 1881 1480 1942 promptu
1511 1870 1581 1926 sit
1609 1870 2019 1935 demonstratio,

2774 629 2930 682 ΚΕΦ.
2972 630 3075 685 ΙΔ’.

2127 721 2254 775 Ὅτι
2304 721 2400 774 ἐπὶ
2451 718 2557 774 τοῦ
2611 719 2961 790 χερουϐςκοῦ
3020 718 3238 788 θρόνου
3284 717 3584 790 καθέζεται
3639 719 3708 774 τὸ

2194 791 2366 860 ἅγιον
2397 787 2656 857 Πνεῦμα,
2678 787 2786 860 ’καὶ
2818 787 3075 860 δρναμιῂ
3110 787 3565 860 ἐξαποστέλλει.
3591 789 3706 860 Ka}

2186 856 2281 913 ὅτι
2309 865 2340 914 ό
2364 856 2602 925 Παῦλος
2629 859 2774 913 αὐτὸ
2809 856 2982 913 οἷδενή
3013 856 3164 912 εἶναι
3193 859 3300 912 τὸν
3334 859 3593 928 ὀφθέντα
3624 857 3708 924 τῷ

2203 931 2418 998 Ἡσαΐᾳ
2458 931 2674 997 Κύριον
2723 929 2983 984 Σαϐαὼθ.
3031 931 3140 983 Καὶ
3177 927 3328 982 κατὰ
3375 929 3484 982 τοῦ
3517 933 3710 982 Μακε-

2193 1001 2474 1054 donarat")
2516 998 2913 1068 φρονήματος.
2965 1000 3074 1053 Καὶ
3117 998 3205 1052 ὅτι
3250 999 3320 1051 ἐν
3358 999 3504 1067 ’ἡμῖν
3534 999 3701 1052 οἰκεῖ.

2193 1071 2303 1126 Kal
2364 1069 2455 1124 ὅτι
2503 1069 2971 1139 ῥᾳδιουργοῦσιν
3029 1069 3308 1137 αὶρπικοὶ
3373 1070 3478 1134 τὰς
3541 1071 3706 1135 θείας

2192 1139 2458 1209 Γραφάς.

2190 1231 2352 1304 Παρὰ
2383 1230 2461 1302 τῷ
2496 1229 2924 1302 μνημονευθέντι
2965 1231 3146 1284 τοίνυν
3185 1229 3571 1302 ἀκριϐεστάτῳ
3610 1247 3709 1301 με-

2122 1321 2296 1393 λῳδῷ,
2329 1321 2408 1394 τῷ
2429 1323 2564 1376 πᾶσι
2585 1325 2700 1386 τοῖς
2727 1323 3046 1390 ἀναγκαίοις
3075 1322 3517 1394 ἐμπλεονάζοντι,
3543 1325 3600 1376 ἐν
3624 1323 3706 1394 ρθ¹

2122 1412 2340 1484 ψαλμῷ,
2371 1414 2520 1476 ὅστις
2553 1411 2672 1475 ὅλος
2722 1413 2788 1464 ἐκ
2838 1411 3132 1483 προσώπου
3171 1413 3264 1466 τοῦ
3321 1413 3530 1484 Πατρὺς
3571 1413 3708 1484 πρὸς

2122 1507 2211 1560 τὸν
2239 1505 2366 1558 Υίὸν
2393 1504 2608 1576 ἐλέχθη,
2645 1504 2885 1575 ἰσότιμος
2923 1506 2956 1576 ἡ
2987 1504 3116 1574 ἁγία
3151 1505 3343 1578 Τριᾶς.
3377 1505 3468 1558 καὶ
3505 1503 3707 1576 Κύριος

2125 1597 2188 1652 τὸ
2228 1597 2451 1668 Πνεῦμα
2494 1597 2900 1662 ἐξαποστέλλων
2951 1594 3200 1666 δύναμιν.
3237 1596 3332 1649 καὶ
3379 1593 3707 1664 συγκαθεζό-

2127 1707 2284 1761 μενος
2309 1689 2388 1761 τῴ
2420 1690 2597 1760 Πατρὶ
2629 1690 2724 1744 καὶ
2751 1689 2828 1759 τῷ
2867 1687 2980 1758 Υἰῷ
3020 1686 3280 1758 ἐμφανῶς
3310 1686 3530 1758 μᾶλλον,
3559 1687 3706 1756 ἥπερ

2124 1780 2536 1852 αἰνιγματωδῶς
2559 1780 2984 1850 ἀπαγγέλλεται.
3019 1779 3239 1844 Ἕδοξεν
3263 1779 3321 1833 δέ
3352 1796 3442 1848 μοι
3465 1781 3541 1842 είς
3568 1777 3710 1831 ἑτοί-

2129 1888 2234 1942 μην
2271 1870 2544 1938 ἀπόδειξιν
2577 1873 2754 1926 πάντα
2797 1870 2994 1942 ἐφεξῆς
3039 1871 3400 1942 παραγράψαι
3437 1870 3526 1924 τὸν
3562 1871 3708 1943 ἱερὸν

449 1971 629 2026 visum
656 1977 740 2024 est
784 1966 917 2022 mihi
963 1974 1132 2022 totum
1178 1978 1246 2020 ex
1281 1963 1473 2017 ordine
1496 1961 1772 2016 ascribere
1797 1959 1909 2034 (13)
1942 1976 2022 2016 sa-

2126 1964 2335 2018 τουτονὶ
2364 1963 2539 2033 λόγον,
2563 1963 2726 2034 μηδὲν
2761 1963 2926 2018 αὑτοῦ
2959 1964 3340 2035 παραλιπόντι.
3364 1965 3516 2035 Ἔχει
3541 1963 3597 2017 δὲ
3611 1963 3706 2016 οὒ·-

449 2077 601 2118 crum
638 2064 742 2117 hoc
795 2057 1096 2125 oraculum,
1142 2056 1386 2126 nihilque
1429 2054 1873 2125 praetermittere.
1927 2053 2020 2110 Sic

449 2166 580 2222 ergo
603 2153 769 2207 habet
793 2167 808 2204 :
843 2167 862 2201 ι
889 2148 1034 2202 Dixit
1058 2148 1173 2218 (44)
1190 2147 1453 2202 Dominus
1476 2143 1706 2200 Domino
1721 2159 1862 2211 meo,
1879 2142 2020 2199 Sede

450 2259 483 2298 a
517 2243 725 2298 dextris
759 2241 919 2307 meis,
969 2240 1140 2296 donec
1191 2253 1388 2308 ponam
1449 2237 1702 2292 inimicos
1743 2245 1863 2292 tuos
1899 2251 2020 2290 sca-

449 2334 650 2393 bellum
692 2334 885 2405 pedum
941 2341 1179 2388 tuorum.
1242 2329 1462 2402 Virgam
1517 2331 1771 2402 potentia:
1813 2330 2022 2385 emittet

449 2429 546 2484 tibi
572 2427 832 2482 Dominus
863 2440 930 2481 ex
963 2425 1122 2490 Sion,
1148 2433 1203 2480 et
1231 2423 1510 2478 dominare
1545 2423 1599 2478 in
1635 2422 1812 2478 medio
1844 2421 2022 2478 inimi-

450 2533 640 2574 corum
671 2527 907 2572 tuorum.
935 2515 1140 2571 Tecum
1193 2515 1538 2586 principatus
1577 2515 1630 2568 in
1659 2514 1746 2569 die
1773 2514 2024 2584 potentias

449 2617 579 2674 tuae,
604 2608 657 2662 in
687 2606 1065 2678 splendoribus
1087 2615 1398 2660 sanctorum
1422 2605 1536 2676 (45)
1561 2619 1576 2660 :
1601 2619 1667 2660 ex
1693 2617 1879 2660 ventre
1899 2617 2024 2660 ante

449 2699 760 2756 Luciferum
791 2697 952 2770 genui
975 2707 1047 2753 te.
1067 2696 1278 2753 Juravit
1312 2696 1594 2765 Doininus,
1639 2706 1692 2752 et
1715 2712 1821 2752 non
1852 2697 2024 2767 poeni-

449 2793 588 2848 tebit
622 2806 785 2847 eum:
816 2791 896 2846 Tu
925 2805 986 2847 es
1014 2791 1271 2847 sacerdos
1319 2791 1373 2846 in
1415 2799 1680 2846 arternum
1722 2789 2022 2846 secundum

449 2883 693 2940 ordinem
717 2880 1144 2937 Melchisedech:
1174 2879 1434 2935 Dominus
1461 2896 1489 2934 a
1523 2879 1727 2936 dextris
1759 2879 1884 2935 tuis.
1915 2899 1934 2931 ι
1966 2879 2022 2934 Si

448 2975 596 3030 enim
637 2973 800 3028 Pater
833 2973 910 3027 ait
944 2971 1082 3026 Filio
1115 2991 1128 3028 :
1173 2990 1192 3023 ι
1226 2972 1367 3028 Sede
1399 2987 1429 3027 a
1461 2971 1670 3028 dextris
1702 2973 1913 3038 meisp
1938 2981 2020 3026 et:

453 3084 474 3120 ι
513 3066 732 3138 Virgam
803 3064 1056 3136 potentia:
1126 3064 1338 3120 emittet
1395 3064 1490 3120 tibi
1537 3063 1837 3132 Dominus;
1868 3083 1886 3116 ι
1927 3071 2019 3118 et:

453 3177 475 3212 ι
508 3157 888 3214 Dominaberis
916 3156 1153 3212 inimicis
1179 3155 1363 3222 tuis“
1416 3165 1510 3212 et:
1567 3153 2026 3212 «IuravitDomi-

2118 2073 2225 2120 τως
2245 2073 2258 2085 ·
2284 2076 2301 2108 ι
2325 2051 2492 2110 Εἶπεν
2535 2055 2661 2128 [HO
2691 2055 2744 2128 a]
2773 2059 2800 2110 6
2829 2055 3031 2128 Κύριος
3056 2055 3134 2127 τῷ
3151 2056 3338 2126 Κυρίῳ
3363 2073 3484 2126 μου·
3516 2055 3705 2110 Κάθου

2119 2148 2182 2201 ἐκ
2227 2146 2414 2212 δεξιῶν
2445 2164 2568 2218 μου,
2599 2148 2704 2210 ἕως
2752 2147 2818 2202 ἂν
2874 2146 2952 2200 θῶ
3006 2147 3132 2208 τοὺς
3169 2147 3394 2218 ἐχθρούς
3427 2163 3521 2200 σου
3570 2148 3706 2200 ὑπο-

2120 2238 2299 2292 πόδιον
2328 2239 2435 2292 τῶν
2464 2237 2639 2292 ποδῶν
2661 2255 2777 2291 σου.
2805 2237 3026 2292 Ῥάϐδον
3055 2238 3334 2309 δυνάμεως
3360 2237 3709 2304 ἐξαποστελεϊ

2123 2347 2203 2384 σοι
2239 2329 2443 2402 Κύριος
2477 2333 2541 2384 ἐκ
2580 2329 2741 2394 Σιὼν,
2773 2331 2870 2385 καὶ
2909 2331 3274 2402 κατακυρίευε
3306 2331 3366 2383 ἐν
3405 2331 3556 2401 μέσῳ
3591 2329 3705 2382 τῶν

2121 2409 2328 2493 ἐχθρῶν
2358 2439 2471 2476 σου.
2505 2421 2660 2476 Μετὰ
2703 2421 2798 2476 σοῦ
2831 2424 2864 2494 ή
2917 2423 3060 2494 ἁρχὴ
3107 2425 3164 2476 ἐν
3196 2423 3380 2494 ἡμέρᾳ
3413 2423 3514 2492 τῆς
3541 2421 3704 2476 δυνά-

2125 2513 2270 2584 μεώς
2298 2531 2390 2568 σου
2415 2517 2472 2567 ἐν
2489 2517 2608 2580 ταῖς
2633 2515 2980 2586 λαμπρότησι
3001 2515 3108 2568 τῶν
3131 2515 3324 2583 ἁγίων.
3357 2515 3452 2568 Ἐκ
3467 2513 3707 2584 γαστρδς

2122 2606 2228 2677 πρὸ
2270 2607 2576 2678 Ἑωσφόρου
2603 2607 2868 2676 ἐγέννησά
2890 2625 2968 2661 σε.
3005 2608 3239 2678 Ὤμοσεν
3264 2605 3487 2676 Κύριος,
3515 2607 3609 2661 καὶ
3640 2605 3704 2659 οὐ

2126 2696 2628 2768 μεταμεληθήσεται
2647 2714 2660 2728 ο
2701 2698 2772 2750 Σὺ
2800 2699 2976 2768 ἱερεὺς
3003 2699 3081 2760 εἰς
3112 2697 3203 2751 τὸν
3239 2698 3410 2751 αἰῶνα
3437 2699 3579 2752 κατὰ
3605 2699 3706 2770 τὴν

2121 2789 2276 2854 τάξιν
2307 2789 2674 2858 Μελχισεδέκ·
2717 2789 2919 2861 Κύριος
2958 2791 3022 2843 ἐκ
3063 2789 3252 2856 δεξιῶν
3287 2807 3400 2844 σου.
3439 2808 3458 2840 ι
3504 2792 3568 2844 Εἰ
3595 2790 3708 2861 γὰρ

2122 2883 2151 2935 ὁ
2179 2881 2368 2952 Πατὴρ
2407 2880 2557 2948 λέγει
2604 2880 2680 2950 τῷ
2723 2881 2872 2951 Υἱῷο
2913 2902 2930 2932 ι
2962 2881 3144 2934 Κάθου
3191 2883 3254 2934 ἐκ
3287 2881 3476 2946 δεξιῶν
3506 2899 3610 2953 μου
3633 2899 3647 2913 υ
3679 2899 3704 2934 ι

2123 2973 2236 3037 καὶ,
2271 2992 2290 3023 ι
2339 2971 2560 3026 Ῥάϐδον
2589 2972 2869 3042 δυνάμεως
2903 2973 3254 3039 ἐξαποστελεῖ
3284 2991 3366 3028 σοι
3409 2975 3614 3044 Κύριος
3634 2989 3649 3004 ·
3679 2991 3701 3025 ι

2125 3065 2253 3129 καὶ,
2315 3083 2334 3116 ι
2369 3063 2842 3136 Κατακυριεύσεις
2893 3064 3002 3117 τῶν
3055 3063 3266 3136 ἐχθρῶν
3321 3082 3414 3119 σου
3439 3083 3454 3098 ·
3507 3083 3527 3116 ι
3578 3065 3707 3133 καὶ,

2133 3174 2150 3206 ι
2204 3155 2437 3225 Ὤμοσεν
2509 3154 2744 3225 Κύριος·
2795 3174 2814 3206 ι
2875 3155 3008 3222 καὶ,
3063 3175 3081 3207 ι
3135 3155 3336 3228 Κύριος
3393 3158 3458 3211 ἐκ
3519 3157 3709 3224 δεξιῶν

448 3266 591 3318 nus;
619 3269 639 3302 ι
663 3257 719 3304 et
747 3263 763 3303 :
793 3267 812 3300 ι
853 3247 1115 3304 Dominus
1141 3262 1171 3302 a
1213 3247 1418 3303 dextris
1453 3248 1592 3303 tuis:
1621 3266 1640 3300 ι
1675 3248 1923 3318 quisnam
1941 3254 2023 3302 est

2126 3265 2249 3300 σουο
2298 3267 2318 3300 ›
2373 3247 2457 3312 τίς
2511 3247 2540 3300 ὁ
2588 3247 2932 3302 ἀποστέλλων
2989 3248 3136 3320 αὐτῷ
3185 3249 3282 3321 τὴν
3332 3250 3564 3322 ῥάϐδον,
3615 3253 3710 3306 καὶ

450 3340 710 3396 Dominus
745 3339 858 3407 ille,
897 3339 990 3408 qui
1013 3339 1114 3408 ipsi
1140 3340 1346 3409 virgam
1377 3339 1564 3402 mittit,
1610 3349 1666 3394 et
1692 3338 1863 3408 jurat,
1905 3347 1961 3392 et
1991 3352 2022 3392 a

2128 3339 2344 3410 ὀμνύων
2373 3378 2387 3403 ,
2447 3338 2545 3392 καὶ
2602 3339 2667 3392 ἐκ
2729 3338 2920 3404 δεξιῶν
2985 3340 3079 3393 τοῦ
3143 3340 3282 3394 ’Υἱοῦ
3347 3341 3709 3412 καθεζόμενος

450 3432 656 3488 dextris
685 3429 807 3486 Filii
837 3429 1032 3486 sedet?
1060 3429 1204 3484 Nihil
1239 3439 1434 3494 restat,
1466 3431 1572 3486 nisi
1602 3439 1660 3484 ut
1683 3430 1754 3484 sit
1785 3428 2023 3500 Spiritus

2126 3429 2350 3500 Κύριος,
2395 3429 2444 3482 εἰ
2506 3429 2583 3500 μὴ
2635 3430 2820 3484 λοιπὸν
2869 3431 2930 3484 τὸ
2971 3431 3125 3500 ἅγιον
3175 3433 3432 3504 Πνεῦμα;
3483 3433 3558 3497 ὡς
3617 3435 3711 3487 εὑ-

449 3532 671 3580 sanclus
702 3538 716 3575 :
755 3523 890 3577 adeo
919 3531 979 3577 ut
1008 3520 1204 3576 Filium
1257 3537 1285 3576 a
1345 3522 1552 3577 dextris
1583 3521 1799 3590 quidem
1846 3521 2025 3578 Patris

447 3626 589 3674 esse,
618 3609 884 3680 Spiritum
920 3625 1050 3666 vero
1080 3611 1175 3666 Dei
1202 3625 1232 3664 ιι
1258 3610 1463 3666 dextris
1497 3611 1701 3666 habere
1735 3611 2025 3680 comperia-

449 3713 592 3754 mus.
625 3698 759 3752 illud
781 3713 911 3754 vero
945 3698 1269 3754 meminisse
1318 3709 1552 3768 oportet,
1585 3700 1726 3768 quod
1762 3700 1851 3755 hic
1877 3698 2026 3770 jurat

451 3790 619 3846 etiam
669 3789 927 3860 Spiritus,
987 3789 1184 3859 quippe
1225 3790 1316 3858 qui
1352 3807 1372 3841 ι
1410 3805 1519 3844 non
1567 3789 1732 3846 habet
1761 3792 2024 3864 majorem

450 3897 513 3936 se
563 3881 741 3953 (46),»
783 3881 923 3936 sicut
971 3883 1183 3948 Filius,
1225 3882 1315 3952 qui
1371 3882 1526 3948 dixit,
1583 3900 1603 3935 ι
1646 3879 1753 3938 Per
1802 3895 2026 3940 memet-

450 3973 628 4044 ipsum
645 3970 916 4044 (47)juro,
939 3993 960 4028 ι
984 3973 1444 4044 quemadmodum
1480 3975 1533 4029 in
1556 3963 1732 4044 primo
1757 3975 1892 4030 libro
1910 3977 2023 4048 (48)

449 4072 931 4120 commemoratum
954 4063 1119 4135 239
1156 4062 1278 4118 fuit.
1325 4063 1433 4119 Sed
1487 4073 1544 4120 et
1598 4067 1650 4120 in
1679 4082 1765 4122 th
1818 4071 2026 4139 psalmo

451 4155 522 4212 ab
548 4155 738 4210 eodem
769 4154 971 4212 Davide
1033 4156 1344 4212 annuntiari
1378 4165 1602 4229 apparet
1635 4169 1872 4217 sanctam
1905 4162 2026 4218 Tri-

453 4247 700 4312 nitatem,
725 4246 854 4302 dum
879 4245 954 4300 ita
998 4246 1221 4316 psallit:
1261 4265 1282 4298 ι
1321 4246 1499 4302 Semel
1555 4247 1666 4322 (£9)
1703 4250 1910 4308 locutus
1943 4261 2025 4308 est

454 4341 632 4396 Deus:
661 4341 768 4395 duo
825 4339 941 4394 haec
998 4339 1200 4394 audivi.
1235 4355 1256 4391 ι
1288 4338 1548 4406 Quaenam
1593 4356 1722 4397 vero
1752 4354 1876 4398 sunt
1911 4344 2026 4400 haec

453 4427 604 4484 duo?
633 4427 866 4484 Subdit:
902 4446 922 4480 ι
952 4426 1104 4494 Quod
1151 4435 1397 4496 potestas
1437 4429 1526 4484 Dei
1561 4440 1666 4496 est,
1703 4441 1757 4484 et
1799 4441 1886 4487 tua
1915 4433 2024 4488 Do-

453 4522 619 4588 mine,
652 4521 1044 4577 misericordia.
1073 4539 1093 4574 ι
1116 4520 1250 4587 Quis
1278 4523 1422 4577 enim
1441 4533 1523 4577 est
1567 4523 1730 4589 Deus,
1752 4525 1844 4594 qui
1869 4525 2023 4592 dixit,

2127 3520 2414 3591 ρίσκεσθαι
2473 3521 2564 3574 τὸν
2605 3521 2750 3583 Υἱὸν,
2805 3521 2936 3576 ὄντα
2983 3524 3083 3593 μὲν
3127 3525 3192 3578 ἐκ
3238 3525 3428 3592 δεξιῶν
3469 3525 3563 3580 τοῦ
3599 3526 3711 3578 Πα-

2123 3613 2272 3685 τρὸς,
2303 3611 2494 3682 ἔχοντα
2528 3611 2585 3666 δὲ
2617 3614 2682 3666 ἐκ
2721 3611 2908 3677 δεξιῶν
2946 3614 3008 3667 τὸ
3044 3614 3271 3686 Πνεῦμα
3294 3617 3388 3670 τοῦ
3417 3616 3571 3670 Θεοῦ.
3603 3618 3711 3671 Με-

2128 3701 2369 3774 μνῆσθαι
2404 3701 2461 3756 δὲ
2487 3701 2616 3774 χρὴ,
2645 3705 2728 3756 ὅτι
2753 3703 2989 3760 ἐνταῦθα
3018 3707 3113 3760 καὶ
3140 3706 3330 3776 ὀμνύει
3365 3707 3428 3760 τὸ
3460 3709 3706 3780 Πνεῦμα,

2121 3791 2198 3856 ὡς
2220 3791 2321 3845 οὐκ
2351 3789 2476 3862 ἕχον
2498 3791 2589 3847 τὸν
2623 3792 2864 3864 μείζονα,
2892 3793 3037 3848 καθὰ
3067 3797 3096 3848 6
3125 3795 3274 3860 Υίδς,
3298 3795 3490 3862 εἰπὼν,
3530 3817 3548 3849 ι
3571 3799 3708 3852 Κατ’

2123 3881 2362 3954 ἐμαυτοῦ
2387 3882 2593 3954 ὀμνύω,
2627 3903 2646 3934 ›
2684 3883 2760 3948 ὡς
2788 3886 2847 3938 ἐν
2885 3885 2965 3956 τῷ
2995 3885 3196 3958 πρώτῳ
3221 3887 3600 3960 ἐμνημονεύθη
3626 3887 3710 3958 βι-

2125 3975 2278 4046 ϐλίῳ.
2322 3975 2482 4030 Ἀλλά
2509 3976 2604 4030 καὶ
2632 3977 2690 4028 ἐν
2724 3976 2800 4041 ξα⁹
2831 3976 3030 4048 ψαλμῷ
3069 3979 3096 4032 ὁ
3131 3978 3292 4042 αὐτὸς
3323 3977 3484 4032 Δαυῒδ
3523 3980 3708 4049 ἀπαγ-

2124 4069 2328 4138 γέλλων
2354 4071 2453 4142 τὴν
2494 4071 2654 4141 ἁγίαν
2681 4073 2890 4144 Τριάδα
2924 4076 3190 4144 φαίνεται,
3238 4079 3296 4130 ἐν
3337 4077 3414 4149 τῷ
3441 4077 3664 4148 ψάλλειν
3691 4095 3706 4108 °

2130 4178 2151 4212 ι
2183 4159 2361 4226 Ἀπαξ
2381 4161 2643 4232 ἐλάλησεν
2667 4164 2695 4216 6
2723 4163 2859 4228 Θεός
2884 4182 2899 4196 ·
2933 4165 3026 4219 δύο
3062 4167 3234 4222 ταῦτα
3259 4168 3486 4240 ἥκουσα.
3516 4187 3536 4219 ι
3570 4171 3708 4224 Ποῖα

2123 4251 2180 4306 δὲ
2227 4251 2354 4318 δύο;
2411 4253 2672 4322 Ἐπάγειο
2710 4274 2728 4306 ι
2763 4255 2887 4309 Ὅτι
2921 4256 2980 4310 τὸ
3028 4259 3226 4328 κράτος
3265 4258 3358 4312 τοῦ
3409 4259 3564 4324 Θεοῦ,
3615 4261 3708 4315 καλ

2127 4342 2242 4410 σοῦ,
2300 4341 2502 4414 Κύριε,
2545 4343 2607 4397 τὸ
2670 4343 2839 4408 ἔλεος.
2885 4365 2904 4397 ι
2959 4346 3056 4411 Τίς
3109 4348 3221 4418 γὰρ
3261 4349 3292 4402 6
3329 4349 3499 4403 εἰπὼν
3542 4350 3709 4418 Θεὸς,

2133 4453 2151 4486 ι
2182 4434 2300 4488 Ὅτι
2333 4434 2393 4488 τὸ
2420 4435 2622 4508 κράτος
2659 4437 2755 4490 τοῦ
2789 4436 2956 4503 Θεοῦ;
2999 4456 3018 4489 ι
3052 4440 3148 4493 καὶ
3196 4441 3332 4512 πρὸς
3372 4441 3494 4494 τίνα
3535 4442 3708 4512 λέγει,

2133 4544 2152 4576 ι
2184 4525 2296 4580 Καὶ
2330 4525 2448 4594 σοῦ,
2473 4526 2672 4600 Κύριε,
2719 4527 2782 4580 τὸ
2827 4528 3009 4595 ἔλεος;
3047 4549 3067 4584 ι
3101 4532 3211 4584 Καὶ
3247 4532 3342 4586 ἐπὶ
3385 4533 3478 4588 τοῦ
3511 4534 3714 4604 Δανιὴλ

461 4632 484 4668 ι
513 4615 656 4686 quod
713 4624 952 4686 potestas
983 4613 1078 4669 Dei
1108 4614 1230 4670 est?
1261 4631 1281 4666 ι
1352 4625 1408 4670 et
1437 4615 1651 4670 cuinam
1691 4617 1825 4672 dicit
1856 4635 1871 4672 :
1907 4636 1927 4670 ι
1960 4618 2023 4674 Et

2126 4616 2184 4670 δέ
2211 4634 2375 4688 φησιν
2399 4619 2458 4672 ἐν
2489 4621 2556 4690 τῇ
2588 4619 2716 4690 περὶ
2759 4619 3045 4691 Σωσάννης
3091 4622 3296 4691 κρίσει’
3329 4643 3350 4676 ι
3397 4622 3712 4695 Ἐξήγειρεν

455 4715 569 4777 tua,
620 4707 866 4776 Domine,
901 4706 1320 4762 misericordia?
1350 4726 1370 4760 ι
1403 4707 1542 4774 Quin
1577 4716 1634 4762 et
1655 4708 1796 4776 apud
1831 4708 2023 4766 Danie-

2131 4711 2163 4762 6
2192 4709 2326 4774 Θεὸς
2350 4710 2412 4764 τὸ
2453 4711 2677 4782 Πνεῦμα
2701 4711 2762 4765 τὺ
2792 4711 2946 4781 ἅγιον
2986 4713 3077 4767 τὸν
3107 4715 3306 4786 Δανιήλ
3324 4731 3336 4743 ·
3367 4733 3388 4767 ι
3433 4715 3713 4770 κάνταῦθα

528 4907 643 4984 (il)
685 4907 933 4984 Spiritus:
965 4911 1008 4965 ll
1045 4912 1176 4984 Reg.
1203 4930 1359 4979 xxut,
1383 4915 1439 4971 2.

531 4977 654 5058 μὶ)
681 4977 749 5058 In
771 4996 871 5058 me.
893 4979 1079 5058 Graeca
1101 4977 1270 5058 Biblia
1302 4977 1400 5055 pro
1447 4986 1586 5058 ἐμοί,
1613 4987 1664 5041 id
1689 4997 1767 5042 est
1799 4987 2018 5058 «mihi,»

459 5045 663 5128 habent
705 5050 764 5128 ἐν
799 5048 941 5120 ἐμοί,
975 5053 1139 5128 idest
1185 5072 1205 5106 ι
1241 5045 1455 5128 ἱηίηει
1479 5045 1498 5109 Ξ
1522 5045 1682 5126 atque
1731 5059 1804 5111 ita
1850 5045 2027 5128 legen-

461 5120 586 5171 dum
627 5127 755 5197 puto
787 5122 1459 5197 cum_ob_‘anteceden_tia,
1501 5120 1612 5178 tum
1659 5129 1784 5197 quia
1815 5120 2024 5196 posvtre-

463 5201 548 5264 ma
581 5187 784 5264 syllaba
819 5190 968 5245 vocis
1014 5191 1295 5264 ἐλάλησεν,
1345 5187 1500 5251 ἱερῖιε
1539 5187 1784 5251 nostrum
1816 5187 2027 5253 exscri-

461 5257 671 5332 ptoretit
702 5257 758 5332 in
785 5273 1033 5332 errorem
1057 5257 1310 5318 inducere
1341 5267 1533 5332 potuit.

531 5326 644 5405 (45)
678 5327 972 5405 Ascribere.
1017 5330 1098 5405 Ita
1139 5326 1382 5405 loquitur
1418 5335 1696 5402 Didymus,
1725 5336 1882 5405 quasi
1913 5352 2024 5390 sua:

461 5397 722 5450 caecitatis
767 5397 983 5471 oblitus.
1034 5397 1223 5471 Simili
1263 5403 1422 5456 modo
1467 5397 1652 5460 in’lih.
1685 5397 1782 5459 'D'e
1826 5403 2026 5471 Spiritu

459 5474 664 5543 iuncto,
701 5465 974 5543 nutu.__50,
1003 5470 1081 5522 ait
1109 5486 1122 5522 :
1150 5471 1381 5543 «Crebro
1399 5473 1596 5543 legisse
1630 5489 1714 5529 me
1741 5465 1978 5529 memini.
2002 5495 2021 5526 ι

462 5533 618 5612 Quid
649 5538 810 5612 etiam
851 5533 1204 5612 Hieronymus
1240 5533 1502 5612 Abigam}:
1553 5558 1754 5597 mecum
1799 5543 2027 5612 epistola

464 5600 656 5725 Exarsit:
697 5605 1006 5673 alloquitur,
1048 5600 1204 5664 'num.
1255 5612 1280 5664 1
1317 5600 1382 5665 εἲ
1411 5612 1602 5668 Scribe
1632 5613 1794 5683 igitur
1832 5600 2024 5668 'auda-

464 5684 601 5726 eter.
635 5691 656 5724 ι

539 5741 652 5812 (41)
695 5742 861 5798 Dixit.
897 5743 1038 5800 Psal.
1073 5759 1182 5812 cur,
1219 5765 1360 5808 vers.
1397 5750 1514 5808 l-6.
1547 5749 1700 5814 Vide.
1743 5752 1788 5808 si
1831 5751 2027 5823 placet,

2128 4934 2249 4990 quae
2276 4921 2340 4973 ad
2370 4920 2514 4993 hunc
2553 4919 2817 4989 psalmum
2856 4919 3081 4976 dictavit
3123 4920 3405 4993 Didymus,
3435 4935 3559 4992 pag.
3599 4919 3710 4976 249

2130 5000 2332 5044 catenae
2363 4990 2722 5046 Corderianze.

2201 5059 2316 5130 (45)
2369 5057 2704 5114 Sanctorum.
2741 5059 2926 5116 Graeca
2968 5061 3138 5116 Biblia
3167 5078 3181 5114 :
3210 5060 3320 5115 τῶν
3369 5060 3538 5130 ἁγίων
3583 5077 3712 5124 σου,

2131 5128 2308 5252 ἷξόθεῐ
2359 5148 2378 5182 ι
2410 5141 2719 5187 sanctorum
2764 5144 2999 5185 tuorum.
3033 5149 3052 5182 ι
3101 5131 3256 5202 Vulg.
3316 5128 3426 5186 int.
3472 5131 3602 5202 legit
3650 5143 3713 5188 ut

2182 5215 2192 5251 I
2233 5213 2409 5252 vmus.

2182 5213 2409 5252 Iavmus.

2227 5213 2621 5339 {aui-{ﬂorem
2645 5285 2720 5323 se.
2774 5267 2853 5324 Ex
2885 5269 3116 5339 epistola
3141 5272 3203 5324 ad
3234 5270 3398 5324 Hebr.
3427 5285 3500 5333 vr,
3533 5271 3622 5325 15.

2228 5337 2315 5407 47)
2365 5337 2472 5392 Per
2507 5342 2886 5407 memetipsum.
2922 5337 3046 5394 ’lsa.
3088 5356 3212 5397 va.
3244 5341 3336 5394 25.
3382 5341 3514 5393 Vide
3543 5343 3712 5394 etiam

2129 5405 2267 5480 Gen.
2296 5405 2432 5474 xm,
2480 5408 2569 5480 l6,
2600 5410 2690 5464 ubi
2719 5405 2907 5463 tamen
2939 5409 3126 5466 Graeca
3168 5412 3335 5465 editio
3369 5410 3526 5464 habet
3577 5428 3596 5460 ι
3621 5411 3714 5480 ju-

2132 5478 2269 5539 ravi,
2298 5495 2317 5527 ›
2361 5494 2457 5546 pro
2493 5497 2512 5529 ι
2539 5478 2680 5545 juro.
2715 5496 2734 5528 ι

2204 5546 2432 5620 (48)-ζη
2483 5552 2666 5620 prim0_
2689 5548 2867 5602 libro.‘
2897 5547 3026 5616 Cap.
3083 5564 3248 5614 xxvr,
3296 5565 3419 5620 pag.
3470 5550 3566 5614 75,
3609 5563 3711 5604 seu

2135 5616 2311 5690 segni.
2329 5617 2401 5690 3'6
2428 5635 2480 5682 α,
2517 5629 2617 5690 aut
2644 5616 2874 5690 fortasse
2895 5633 3025 5690 σοι).
3051 5634 3140 5683 xv,
3169 5616 3495 5690 ante'segttt.
3519 5621 3554 5675 6
3578 5635 3633 5672 a.

2209 5686 2321 5756 (19)
2363 5686 2554 5743 Semel.
2588 5687 2728 5744 Psal.
2772 5703 2884 5753 Litt,
2913 5687 2972 5742 11
3005 5688 3134 5753 (seu
3167 5689 3285 5760 12).

3525 6379 3564 6384 ἡ
3640 6380 3700 6388 ἠ·-
3736 6379 4022 6394 ή--νὴ--εη
