4054 6408
450 369 556 425 655

1694 367 1931 423 ΒΙΒΥΜΙ
1968 368 2444 427 ALEXANDPJNI

3593 375 3703 433 656

445 487 698 556 equitans
720 487 774 540 in
807 487 907 542 eo!
935 505 954 540 ι
986 487 1120 544 Cum
1147 487 1330 556 itaque
1364 484 1654 541 Iordanem
1682 487 1876 542 melota
1898 487 2008 542 Elia

2133 508 2152 540 ι
2190 489 2299 543 Ποῦ
2325 489 2387 542 τὸ
2423 488 2646 560 Πνεῦμα
2679 489 2737 543 τὸ
2767 488 3024 555 διπλοῦν;
3057 507 3077 540 ι
3110 489 3247 544 ἀλλά
3269 506 3283 522 ·
3324 509 3343 543 t
3375 487 3488 544 Ποῦ
3517 491 3548 544 ὁ
3567 491 3701 557 Θεὸς

450 594 470 627 ι
494 578 757 646 percussit
781 577 891 649 (59)
917 597 936 630 ι
962 579 1200 644 Elisaaus,
1228 587 1313 634 «et
1341 594 1478 648 aqua
1511 594 1614 633 non
1654 588 1734 634 est
1763 581 1957 645 divisa,
1997 598 2016 632 ι

445 665 583 718 sicut
607 665 708 720 sub
736 665 850 719 Elia
873 667 1170 737 contigerat
1199 667 1512 738 (60),orans
1549 669 1686 738 ipse,
1715 678 1772 722 ut
1801 669 1916 739 ejus
1937 684 2024 738 po-

442 754 663 810 stulatio
717 765 771 810 et
803 758 923 810 data
960 758 1246 825 promissio
1305 758 1637 828 impleretur,
1670 774 1775 813 non
1803 761 2018 814 aitam-

443 845 584 914 plius
615 868 625 899 :
657 864 675 896 ι
711 843 814 899 Ubi
839 855 920 899 est
950 846 1188 916 Spiritus
1239 846 1470 916 duplus?
1499 864 1517 897 ι
1570 847 1696 900 sed:
1757 865 1777 898 ι
1812 846 1909 902 Ubi
1939 859 2024 902 est

441 937 585 990 Dens
617 937 746 991 Elize
774 938 949 1006 appho
983 937 1097 1010 (6i)
1133 937 1358 1008 duplus?
1398 955 1418 988 ι
1455 937 1582 990 illttd
1619 937 1831 992 scilicet
1865 939 2019 994 nobis

446 1030 714 1095 revelatis,
765 1027 1024 1098 Spiritum
1073 1041 1322 1084 sanctum
1359 1043 1479 1084 esse
1526 1029 1720 1094 Deum,
1757 1030 2022 1100 simulque

445 1122 668 1189 docens,
703 1122 841 1177 idem
869 1136 992 1178 esse
1029 1122 1209 1176 dicere
1238 1121 1429 1187 Deum,
1458 1137 1521 1176 ac
1546 1123 1728 1176 dicere
1760 1119 2020 1190 Spiritum

442 1222 708 1280 sanctum,
735 1223 791 1268 et
819 1214 935 1268 vice
967 1228 1144 1268 versa.
1165 1211 1276 1267 Vox
1306 1228 1432 1268 vero
1487 1212 1652 1282 ἁπφώ
1682 1213 1796 1284 (62)
1828 1213 2022 1268 frater-

442 1321 510 1359 na
535 1314 618 1360 est
643 1305 1011 1375 compellatio.
1059 1304 1198 1371 Quid
1235 1314 1416 1359 autem
1477 1306 1822 1376 prophetavit
1877 1306 2017 1361 Eze-

440 1396 580 1450 chiel
609 1411 844 1466 quoque,
878 1411 999 1451 cum
1027 1435 1042 1461 ,
1068 1396 1268 1464 apertis
1297 1397 1346 1450 ei
1383 1397 1560 1460 caelis,
1589 1414 1608 1447 ι
1651 1397 1782 1450 vidit
1807 1397 1916 1467 (65)
1947 1397 2022 1450 vi-

441 1487 646 1543 sionem
668 1487 784 1552 Dei,
820 1507 840 1540 ι
867 1498 920 1543 et
945 1489 1330 1545 clierubimos?
1364 1506 1384 1540 ι
1420 1489 1484 1542 Ει
1509 1504 1629 1543 cum
1649 1498 1856 1544 starent
1882 1489 2016 1559 (64),

440 1577 636 1647 inquit,
671 1579 949 1646 animalia,
980 1583 1198 1635 stabant
1233 1590 1364 1634 rotae
1388 1619 1404 1643 ,
1453 1589 1508 1632 et
1554 1596 1676 1632 cum
1705 1596 1769 1634 ea
1794 1582 2021 1636 extolle-

439 1681 628 1724 rentur
662 1668 796 1742 (65).
847 1671 1269 1738 extollebantur,
1325 1671 1450 1740 quia
1485 1668 1722 1738 Spiritus
1747 1671 1870 1726 vitae
1903 1682 2018 1726 erat

439 1762 492 1816 in
526 1762 692 1828 rotis;
721 1780 739 1813 ι
771 1762 873 1817 hoc
899 1771 986 1818 est
1009 1801 1024 1828 ,
1059 1761 1295 1816 insidens
1326 1772 1445 1816 erat
1467 1761 1523 1815 in
1554 1760 1904 1816 clterubimis.
1935 1761 2003 1816 Et

2137 577 2317 632 Ἡλίου
2341 578 2505 646 ἀπφὼ
2525 579 2553 630 ὁ
2572 577 2822 641 διπλοῦς;
2849 597 2866 628 ι
2897 577 3252 630 ὲκκαλύπτων
3275 576 3408 630 Θεὸν
3435 577 3702 649 ὑπάρχειν

2122 668 2185 721 τὸ
2234 668 2388 736 ἆγιον
2434 666 2680 736 Πνεῦμα,
2735 667 2829 720 καὶ
2881 667 3146 720 διδάσκων
3196 665 3334 736 ἅμα,
3388 665 3464 730 ὡς
3507 666 3704 720 ταυτὸν

2123 761 2269 815 ἐστιν
2298 762 2472 812 εἰπεῖν
2504 759 2658 822 Θεὸν,
2696 759 2729 827 ἢ
2761 758 2984 828 Πνεῦμα
3009 757 3184 825 ἅγιον,
3219 757 3314 810 καὶ
3345 755 3405 809 τὸ
3443 755 3698 826 ἔμπαλιν.

2121 849 2196 902 Τὸ
2227 849 2283 901 δὲ
2311 847 2477 916 ἀπερὼ
2512 844 2893 918 προσφώνησίς
2923 847 3068 897 ἐστιν
3108 843 3393 913 ἀδελφική.
3432 842 3498 893 Τί
3523 841 3580 894 δὲ
3607 840 3704 892 καὶ

2136 938 2394 1008 Ἰεξεκιὴλ
2425 937 2780 1009 προφητεύει,
2816 936 2926 998 ὅτε,
2958 933 3068 986 τῶν
3104 923 3348 1003 οὐρανῶν
3379 931 3700 1000 ἁνοιγέντων

2123 1030 2290 1100 αὑτῷ,
2325 1030 2433 1082 τδεν
2473 1031 2660 1101 ὅρασιν
2696 1025 2832 1080 Θεοῦ
2868 1027 2959 1079 κα)⁵
3005 1025 3076 1079 τὰ
3107 1024 3406 1096 χερουδίμς
3449 1043 3466 1074 ι
3499 1023 3609 1075 Καὶ
3643 1025 3703 1076 ὲν

2120 1121 2197 1192 τῷ
2238 1122 2478 1183 ἐστᾶναι,
2511 1139 2530 1171 ι
2576 1119 2762 1190 φησιν,
2813 1138 2830 1170 ι
2862 1118 2930 1172 τὰ
2967 1117 3103 1182 ζῶα,
3137 1118 3448 1187 ἱστήκεισαν
3487 1116 3536 1166 οί
3573 1130 3701 1186 τρο-

2120 1212 2232 1282 χοί·
2264 1212 2360 1265 καὶ
2385 1214 2444 1265 ὲν
2475 1211 2554 1281 τῷ
2583 1211 2820 1282 ἐξαιρεῖν
2847 1209 3006 1274 αὑτὰ,
3047 1207 3301 1279 ὲξῄροντο
3322 1225 3334 1238 ·
3360 1209 3441 1260 ὅτι
3477 1205 3702 1275 Πνεῦμα

2122 1300 2264 1371 ζωῆς
2292 1296 2359 1370 ἦν
2383 1302 2440 1352 ἐν
2473 1303 2584 1362 τοῖς
2615 1303 2830 1370 τροχοῖς
2851 1315 2863 1326 ·
2889 1317 2909 1350 ›
2937 1300 3057 1352 ἀντὶ
3085 1297 3200 1362 τοῦ,
3237 1295 3700 1364 ὲπικαθεζδμενον

2119 1391 2212 1443 ἐπὶ
2254 1392 2362 1443 τῶν
2402 1391 2686 1463 χερουϐίμ.
2750 1391 2860 1444 Καὶ
2907 1390 3102 1461 μικρὸν
3143 1388 3490 1450 ὑποκαταϐὰς
3519 1389 3696 1455 λέγει’

2126 1503 2144 1534 ι
2175 1483 2344 1535 Τοῦτο
2371 1483 2431 1535 τὸ
2463 1483 2619 1546 ζῶον,
2640 1483 2668 1535 ὃ
2699 1483 2806 1536 ίδον
2843 1483 2946 1534 ὑπὸ
2976 1483 3127 1536 κάτω
3157 1481 3293 1534 Θεοῦ
3334 1479 3570 1551 Ἰσραὴλ,
3604 1480 3700 1531 καὶ

2118 1573 2408 1642 ἔγνων,ὃτι
2436 1574 2505 1626 τὰ
2534 1573 2798 1644 χερουΰίμ
2827 1576 2992 1627 ἐστιν.
3026 1594 3044 1624 ι
3085 1573 3337 1646 Εἰρηκὼς
3365 1574 3618 1644 ἀνωτέρω
3639 1573 3701 1626 τὸ

2118 1666 2342 1736 Πνεῦμα
2359 1666 2540 1719 ὲπάνω
2564 1662 2701 1732 εἶναι
2720 1665 2828 1718 τῶν
2859 1665 3144 1737 χερουῶμ,
3165 1664 3512 1727 ὑποκαταϐὰς
3526 1660 3698 1730 εἶπεν,

2121 1757 2380 1810 ὑποκάτω
2409 1757 2502 1810 τοῦ
2534 1756 2692 1819 Θεοῦ,
2723 1755 2868 1810 τοῦτ’
2899 1759 3046 1810 ἐστιν
3069 1757 3162 1810 τοῦ
3193 1756 3523 1828 Πνεύματος,
3560 1751 3700 1808 εἶναι

437 1851 592 1921 paulo
627 1861 746 1922 post
770 1853 882 1907 ait:
915 1871 934 1904 ι
977 1850 1092 1907 Hoc
1144 1851 1346 1906 animal
1399 1851 1513 1923 (66)
1571 1860 1679 1916 est,
1732 1853 1874 1922 quod
1906 1853 2008 1908 vidi

2119 1847 2186 1900 τά
2217 1847 2480 1918 χερουὸὶμ
2508 1847 2603 1899 καὶ
2646 1847 2782 1911 ζῶα.
2823 1848 2931 1900 Θέα
2957 1847 3136 1900 τοίνυν
3161 1848 3254 1900 καὶ
3284 1843 3438 1909 αὖθις
3461 1847 3520 1899 τὸ
3542 1847 3698 1914 ᾰγιον

438 1946 626 1999 subter
650 1944 820 1998 Deum
882 1941 1118 2009 lsraelis,
1174 1952 1229 1998 et
1258 1944 1506 2013 cognovi,
1535 1943 1676 2011 quod
1705 1945 2008 2000 cberubimi

438 2045 585 2089 sunt.
607 2054 625 2087 ι
655 2034 788 2088 Cum
814 2036 1064 2103 superius
1083 2035 1332 2100 dixisset,
1364 2053 1382 2085 ι
1409 2033 1670 2102 Spiritum
1709 2049 1831 2091 esse
1853 2051 2013 2106 supra

435 2127 798 2193 cberubimos,
813 2146 831 2179 ι
850 2139 1031 2198 postea
1047 2128 1230 2190 dixit,r
1251 2128 1439 2182 subter
1455 2127 1676 2193 Deum,»
1696 2129 1746 2182 id
1763 2139 1866 2194 est,
1884 2131 2013 2184 sub-

437 2228 520 2274 ter
545 2219 828 2289 Spiritum,
858 2234 977 2273 esse
1027 2219 1370 2272 cherubimos
1406 2228 1461 2272 et
1489 2220 1764 2272 animalia.
1809 2219 2016 2276 Rursus

435 2310 620 2380 itaque
635 2311 1021 2374 animadverte,
1036 2318 1279 2363 sanctum
1293 2309 1386 2364 Dei
1405 2310 1662 2376 Spiritum
1678 2321 1731 2364 et
1756 2312 1944 2379 Deum,
1962 2325 2016 2368 et

437 2399 700 2468 Spiritum
716 2399 836 2452 vitae
855 2398 1146 2466 nuncupari
1161 2406 1216 2452 et
1250 2397 1302 2451 in
1340 2398 1633 2454 clterubico
1648 2406 1851 2454 aeterno
1868 2401 2016 2456 thro-

437 2507 507 2546 no
539 2491 844 2546 considere.
884 2490 1082 2544 Verum
1126 2491 1190 2542 ad
1209 2501 1588 2559 argumentum
1609 2491 1777 2546 hocce
1814 2495 2013 2547 contir-

436 2582 687 2636 ntandum
701 2579 1106 2652 galludicuut
1124 2578 1234 2652 (67)
1249 2596 1462 2649 quoque
1479 2581 1783 2637 testimonio
1796 2585 1868 2636 uti
1882 2599 2015 2652 opus

435 2684 850 2742 est,eorumque
878 2686 982 2726 non
1015 2672 1526 2740 negligi-utinm,sed
1551 2673 1641 2742 qui
1663 2675 1764 2728 hoc
1782 2675 2015 2729 maxime

434 2781 546 2837 prae
580 2764 701 2818 aliis
721 2766 881 2819 rebus
927 2764 1182 2820 omnibus
1228 2763 1732 2832 rectejudicaruut,
1765 2773 2014 2834 oportere

436 2854 697 2924 Spiritum
740 2853 832 2908 Dei
875 2863 936 2906 ut
975 2852 1262 2906 Dominum
1309 2861 1583 2921 potentem
1627 2861 1682 2906 et
1722 2852 2014 2921 opitulato-

434 2961 548 3000 rem
583 2957 874 3015 agnoscere
915 2951 971 2997 et
1023 2941 1290 2996 conﬁteri.
1340 2940 1476 2996 Cum
1526 2941 1669 2995 enim
1703 2941 1775 2997 de
1825 2944 2011 2996 eodem

432 3036 718 3098 dixissent,
750 3034 892 3103 quod
927 3032 1086 3088 simul
1115 3047 1236 3086 cum
1287 3031 1552 3087 Samsone
1584 3034 1716 3096 ibat,
1763 3033 1815 3086 in
1857 3047 2010 3088 emn-

432 3143 537 3198 que
572 3126 930 3196 «dirigebatur
959 3122 1133 3194 (68),»
1177 3125 1312 3179 adeo
1344 3135 1402 3178 ut
1435 3126 1692 3194 majorem
1723 3141 1884 3195 quam
1917 3141 2014 3180 na-

2121 1938 2216 1990 τοῦ
2237 1937 2370 1990 Θεοῦ
2384 1937 2632 2008 Πνεῦμα,
2646 1938 2740 1990 καὶ
2757 1937 2889 1989 Θεὸν
2907 1938 2999 1990 καὶ
3021 1937 3243 2007 Πνεῦμα
3266 1937 3408 2008 ζωῆς
3427 1953 3699 2004 προσαγο-

2126 2030 2434 2102 ρευόμενον,
2457 2031 2551 2082 καὶ
2573 2031 2664 2082 ἐπὶ
2705 2029 2799 2082 τοῦ
2830 2029 3152 2100 χερουϐικοῦ
3191 2028 3548 2099 καθεζόμενον
3573 2031 3700 2082 αἰω-

2121 2122 2234 2174 νίου
2253 2121 2464 2191 θρόνου.
2486 2123 2526 2172 Χ
2541 2121 2765 2192 ρηστέον
2793 2121 2836 2173 δ’
2852 2125 2929 2184 εἰς
2945 2122 3004 2174 τὸ
3021 2121 3310 2189 κεφάλαιον
3320 2121 3477 2174 τοῦτο
3493 2120 3610 2192 [111
3639 2119 3695 2193 a]

2121 2215 2214 2267 καὶ
2227 2217 2338 2276 τοῖς
2355 2215 2569 2284 κριταῖς
2590 2212 2710 2264 οὐδὲ
2729 2213 2910 2276 αὑτοῖς
2932 2213 3108 2283 ἀμελή
3118 2229 3292 2278 σασιν,
3307 2212 3419 2266 ἀλλ’
3436 2213 3518 2266 ὅτι
3543 2213 3700 2283 μάλι-

2124 2323 2224 2359 στα
2258 2305 2410 2376 παρά
2440 2305 2616 2358 πάντα
2640 2303 2798 2356 τοῦτο
2834 2305 3148 2374 κεκρικόσιν
3177 2304 3382 2367 καλῶς,
3413 2303 3474 2357 τὸ
3505 2305 3701 2374 ὁμολο-

2120 2399 2288 2468 γῆσαι
2315 2396 2518 2468 Κύριον
2547 2395 2772 2450 δυνατὸν
2805 2397 2899 2448 καὶ
2935 2396 3222 2466 ἐπίκουρον
3249 2395 3309 2449 τὸ
3340 2394 3559 2466 Πνεῦμα
3600 2395 3695 2449 τοῦ

2119 2489 2272 2544 Θεοῦ.
2318 2489 2578 2552 Είπόντες
2609 2487 2719 2559 γὰρ
2753 2488 2880 2558 περὶ
2929 2486 3130 2552 αὑτοῦ,
3177 2488 3260 2540 ὅτι
3305 2486 3698 2558 συνεπορεύετο

2124 2579 2260 2652 μετά
2298 2578 2556 2650 Σαμψὼν,
2592 2580 2686 2633 καὶ
2728 2578 3057 2631 κατεύθυνεν
3087 2578 3256 2648 αὑτῷ,
3290 2579 3429 2631 ὥστε
3470 2577 3694 2647 μείζονα

2121 2672 2335 2741 φύσεως
2367 2670 2712 2743 ἀνθρωπίνης
2741 2671 2969 2741 δύναμιν
2991 2670 3358 2724 ἐνδείκνυσθαι
3382 2670 3566 2734 αὑτὸν,
3593 2671 3694 2724 οὑκ

2120 2759 2279 2816 εἶπαν
2313 2763 2450 2833 μετά
2473 2761 2646 2815 ταῦτα
2675 2763 2734 2814 τὸ
2767 2761 3096 2831 ὲνδυναμοῦν
3128 2761 3288 2815 αὑτὸν
3319 2761 3541 2830 Πνεῦμα
3567 2763 3696 2815 ἀνα-

2119 2853 2494 2926 κεχωρηκέναι
2527 2854 2621 2905 ἁπ’
2660 2852 2849 2917 αὑτοῦ,
2885 2854 2978 2905 καὶ
3008 2852 3096 2906 διὰ
3130 2853 3286 2906 τοῦτο
3310 2853 3690 2923 ἠσθενηκέναι,

2119 2947 2255 3002 ἀλλὰ
2302 2947 2393 2999 τὸν
2451 2945 2676 3017 Κύριον.
2739 2945 2961 3015 Ἔχουσι
3012 2943 3069 2996 δὲ
3124 2943 3330 3008 οὕτως’
3376 2963 3396 2996 ι
3451 2945 3691 3014 Ἤρξατο

2119 3034 2346 3106 Πνεῦμα
2373 3034 2579 3105 Κυρίου
2612 3032 3058 3105 συμπορεύεσθαι
3083 3033 3219 3104 μετά
3243 3031 3484 3104 Σαμψών
3503 3051 3515 3063 ·
3549 3053 3566 3085 ι
3596 3035 3692 3086 καὶ

2119 3129 2312 3182 πάλιν·
2353 3145 2372 3176 ι
2415 3127 2620 3179 ’Ἢλατο
2662 3128 2749 3178 ἐπ’
2796 3125 2957 3178 αὑτὸν
2991 3125 3213 3195 Πνεῦμα
3259 3125 3493 3196 Κυρίου·
3533 3144 3550 3176 ι
3597 3126 3691 3178 κα)¹

432 3227 552 3272 tura
597 3219 829 3270 humana
879 3213 1021 3280 fert,
1065 3213 1173 3267 vim
1239 3226 1513 3270 exsereret
1564 3216 2008 3286 ostenderetque;

2119 3216 2278 3269 πάλιν
2299 3232 2312 3246 °
2340 3235 2359 3268 ι
2401 3215 2706 3280 Ἐξέκλινεν
2737 3217 2815 3278 είς
2837 3215 3134 3285 ἀμπελῶνα
3161 3215 3443 3284 Θαμναθὰ,
3463 3215 3556 3269 καὶ
3579 3215 3687 3268 ἰδοὺ

431 3323 539 3362 non
574 3307 827 3362 dixerunt
868 3314 1074 3374 postea,
1123 3303 1405 3372 Spiritum.
1443 3321 1603 3375 aquo
1645 3307 1811 3362 robur
1852 3322 2014 3361 omne

432 3399 658 3454 Samson
700 3405 1016 3463 acceperat,
1053 3399 1121 3448 ab
1157 3397 1248 3450 illo
1283 3398 1579 3452 recessisse
1604 3435 1620 3461 ,
1666 3411 1896 3466 eamque
1941 3397 2012 3450 ob

430 3505 647 3547 causam
672 3488 988 3543 Samsonem
1023 3486 1295 3540 inﬁrmum
1349 3487 1551 3542 factum
1589 3502 1746 3554 esse;
1781 3489 1874 3542 sed
1907 3488 2012 3542 Do-

431 3584 636 3638 minum
681 3582 748 3635 ab
799 3594 868 3635 eo
909 3581 1196 3634 recessisse
1236 3579 1508 3636 dixerunt.
1562 3579 1653 3635 Sic
1701 3590 1878 3634 autem
1931 3580 2010 3634 lo-

433 3683 719 3745 quuntur:
765 3691 784 3724 ι
816 3671 992 3740 Capit
1019 3669 1132 3737 (69)
1183 3670 1417 3740 Spiritus
1471 3671 1682 3726 Domini
1737 3670 1898 3727 simul
1929 3671 2008 3725 ire

433 3781 556 3822 cum
582 3766 873 3829 Samsone;
908 3782 928 3815 ι
959 3774 1013 3817 et
1037 3777 1224 3818 rursus
1254 3781 1270 3816 :
1299 3781 1319 3814 ι
1367 3763 1525 3818 Saliit
1561 3762 1675 3832 ’70)
1699 3775 1862 3832 super
1883 3776 2006 3816 eum

506 3965 619 4037 (59)
681 3964 970 4020 Percussit.
1006 3965 1224 4037 (Ibidem
1278 3980 1421 4021 vers.
1466 3967 1569 4037 14.,
1615 3965 2018 4036 Complutensis

434 4035 607 4109 editio"
631 4038 793 4109 Liﬂat
821 4035 1056 4109 ὲπάταξε
1073 4037 1141 4089 τὰ
1171 4036 1358 4109 ὕδατα,
1389 4037 1484 4109 κα).
1520 4036 1581 4089 οὑ
1619 4037 1846 4109 διῃρέθη
1870 4054 1884 4068 ⁸
1919 4038 2016 4092 καὶ

433 4103 588 4160 εἶπεν
628 4107 860 4159 Ἐλισεαί
878 4123 890 4136 ·
919 4107 1028 4158 Ποῦ
1059 4109 1204 4159 ἐστιν
1238 4107 1366 4170 Θεὸς
1393 4109 1406 4142 ~‘
1418 4107 1580 4160 Πλίου
1609 4103 1752 4175 ἀφ’ὦ;
1779 4103 2017 4162 Franco-

434 4178 692 4248 furtettsis
721 4193 846 4248 vero
871 4195 884 4230 :
907 4177 1014 4248 καὶ
1046 4175 1283 4248 ἐπάταξε
1309 4176 1369 4229 τὺ
1391 4175 1556 4248 ὕδωρ,
1581 4178 1674 4230 καὶ
1703 4178 1764 4230 οὐ
1793 4177 1977 4248 διέστη
1996 4192 2012 4207 °

433 4247 527 4302 καὶ
553 4244 672 4298 εἷπε
691 4262 708 4278 ο
739 4246 847 4299 Ποῦ
886 4249 914 4299 ὁ
933 4246 1065 4303 Θεὸς
1106 4247 1284 4299 Ἠλιοῦ
1313 4246 1480 4316 ἀπφώ
1505 4244 1520 4312 ᾗ

505 4316 616 4386 (60)
654 4317 975 4386 Contigerat.
1028 4317 1161 4369 Ibid.
1192 4331 1333 4370 vers.
1369 4318 1421 4371 8.

503 4385 618 4472 (61)
645 4385 844 4472 Appiae.
891 4387 933 4439 E
962 4386 1186 4467 .duabus
1211 4387 1438 4472 vocibus
1457 4394 1556 4472 N‘lft
1582 4395 1672 4472 ﬁte
1697 4385 1836 4472 (_ap_h
1873 4385 1941 4438 hu
1961 4393 2003 4456 ),

433 4458 487 4512 id
516 4457 645 4520 est,
708 4458 909 4509 «etiam
961 4458 1095 4525 ipse,
1119 4475 1182 4525 7)“
1206 4471 1340 4524 quas
1387 4457 1475 4509 ltic
1519 4457 1679 4508 Italiet
1721 4458 2002 4509 Hebraeum

433 4529 728 4595 exemplar,
756 4523 1026 4580 tinxerunt
1047 4523 1191 4578 LXX
1220 4523 1532 4595 iut._vocem
1564 4525 1751 4594 ἀπφώ,
1785 4526 1917 4589 sive,
1946 4536 2004 4579 ut

434 4598 523 4650 alii
553 4593 818 4660 scribunt,
857 4595 1000 4664 ἀφῶ,
1033 4597 1146 4648 sive
1182 4593 1365 4663 ἀφφώ.
1423 4593 1680 4664 Vulgutus
1733 4601 2000 4662 interpres

434 4667 590 4720 binas
615 4667 732 4719 illas
769 4665 1060 4719 llebraicas
1100 4681 1260 4719 voces
1298 4666 1504 4718 vertit:
1541 4682 1560 4715 ι
1587 4667 1746 4718 etiam
1781 4680 1941 4718 nunc.
1975 4683 1994 4715 ι

434 4736 692 4805 Didymus
717 4736 842 4804 legit
866 4733 1032 4803 ἀπφώ
1053 4751 1067 4764 ·
1103 4738 1244 4788 unde
1267 4736 1475 4788 videtur
1505 4733 1726 4787 ductum
1751 4734 1998 4788 Jouaihze

434 4816 872 4872 cognomentum,
923 4807 1010 4872 qui
1045 4805 1112 4856 ab
1145 4815 1366 4857 auctore
1409 4805 1525 4856 libri
1576 4806 1731 4872 primi
1788 4805 2000 4855 Mat-ha-

434 4875 692 4933 bmorutn.
729 4889 848 4941 cap.
879 4889 934 4938 ll,
957 4875 1011 4938 5,
1041 4875 1238 4928 dicitur
1266 4872 1694 4944 ἐπικαλούμενος
1728 4872 1992 4942 Ἀπφοῦς,

436 4947 489 4999 ιι.
519 4961 569 4996 e.
605 4961 624 4992 ι
651 4945 1058 5012 cognominatus
1097 4946 1335 5012 Applttis.
1369 4961 1388 4994 ι

504 5012 614 5084 (62)
683 5011 797 5084 Vua;
839 5029 955 5066 vero
1015 5012 1218 5084 arripio.
1249 5012 1567 5084 Aliiialiter
1615 5015 1771 5084 hanc?
1807 5026 1994 5066 vocem

431 5082 774 5149 interpretati
827 5091 972 5152 sunt.
1029 5082 1448 5152 Hesycltius‘ita
1496 5098 1614 5152 eam
1661 5083 1890 5151 accipit,
1939 5090 1998 5135 ut

432 5154 700 5221 signiticet
726 5151 950 5221 πατρός,
976 5152 1026 5206 id
1053 5150 1151 5205 est
1185 5169 1204 5201 ι
1231 5150 1417 5221 patris.
1441 5171 1460 5203 ι
1499 5151 1706 5221 γενιιιιι
1734 5150 1793 5205 ιιι
1812 5166 1998 5205 exem-

433 5217 568 5290 plari
604 5217 865 5274 llebraico
889 5237 993 5291 non
1029 5217 1348 5287 legitttr’ai‘t't
1381 5233 1457 5280 ιιι
1487 5220 1620 5291 (abb
1655 5221 1778 5290 hu),
1834 5223 1886 5276 id
1914 5230 1992 5274 est

438 5289 456 5342 ι
489 5302 638 5360 pater
667 5292 802 5358 ipse,
831 5308 850 5340 ι
885 5289 980 5343 sed
1010 5301 1108 5349 mn
1139 5301 1240 5360 qn,
1271 5301 1330 5344 ut
1359 5289 1716 5345 dixi.'Suidas
1739 5289 1872 5344 vero
1912 5292 1994 5344 sic

433 5362 576 5432 illam
607 5361 860 5432 explicat,
892 5371 950 5412 ut
980 5360 1553 5432 valeatEAfArtoxpticpou
1575 5362 1610 5432 ἢ
1630 5360 1724 5413 τοῦ
1751 5363 1996 5430 ἀποκρυ-

431 5431 639 5493 6έντος,
698 5431 749 5482 id
795 5439 880 5483 est
931 5448 949 5480 ι
979 5430 1297 5485 absconditi.
1326 5447 1344 5480 ι
1388 5430 1480 5484 Ὰι
1522 5430 1790 5484 undenam
1856 5433 1994 5483 hanc

431 5501 879 5569 signiﬁcationem
931 5499 1074 5551 eruit
1108 5498 1364 5569 (Suidas?
1416 5501 1665 5568 Nunquid
1707 5515 1773 5552 ex
1810 5501 1993 5554 radice

429 5567 568 5634 ain,
605 5571 656 5622 id
687 5579 769 5622 es't
806 5586 824 5618 t
855 5567 1164 5620 latitavit?»
1205 5570 1307 5622 Sed
1343 5569 1462 5636 quis
1514 5567 1618 5621 nun
1664 5569 1813 5622 videt
1859 5569 1992 5622 nihil

431 5657 551 5694 eam
608 5639 840 5690 radicem
883 5639 989 5690 huc
1041 5638 1342 5700 pertinere?
1389 5637 1760 5707 Probabiliora
1810 5640 1993 5707 itaque

429 5711 591 5762 aﬂ'ert
647 5708 922 5774 Didymus,
970 5707 1129 5759 modo
1184 5721 1284 5760 vox
1343 5719 1401 5761 ut
1457 5705 1643 5761 Graeca
1691 5705 1984 5774 spectetur.

428 5775 625 5832 Pollux
651 5776 793 5828 cuitu
821 5775 914 5831 lib.
947 5787 1034 5842 ιιι,
1063 5789 1183 5844 cap.
1215 5778 1269 5845 8,
1305 5791 1478 5848 segm.
1511 5775 1598 5844 74,
1641 5780 1781 5848 apud
1809 5794 1990 5852 _uovos

2116 3307 2355 3378 σκύμνος
2402 3308 2615 3372 λέοντος
2659 3310 2736 3370 είς
2770 3308 3074 3378 ἀπάντησιν
3113 3306 3314 3360 αὑτοῦ·
3358 3307 3453 3360 καὶ
3493 3305 3688 3361 κατεύ-

2114 3401 2269 3454 θυνεν
2300 3401 2388 3452 ἐπ’
2420 3401 2580 3454 αὑτὸν
2617 3400 2836 3470 Πνεῦμα
2882 3401 3108 3469 Κυρίου,
3142 3401 3236 3454 καὶ
3273 3399 3557 3452 διέσπασεν
3589 3400 3687 3452 αῦ-

2111 3490 2204 3543 τδν
2247 3490 2322 3554 ὼς
2355 3490 2540 3561 ἔριφον
2573 3491 2774 3559 αἰγῶνσ
2817 3511 2834 3542 ι
2874 3493 2965 3544 καὶ
2994 3491 3190 3544 πάλιν·
3230 3509 3248 3541 t
3301 3491 3621 3556 Ἦλάλαξαν,
3659 3510 3680 3542 ι

2113 3583 2301 3653 φησὶν,
2339 3601 2357 3633 ι
2403 3583 2451 3635 οε
2484 3582 2792 3651 ἀλλόφυλοι,
2829 3584 2922 3636 καὶ
2968 3583 3202 3654 ἔδραμον
3251 3586 3330 3646 είς
3383 3583 3684 3654 ἀπάντησιν

2112 3674 2276 3727 αὑτοῦ
2330 3693 2348 3726 ι
2403 3674 2566 3744 (τοῦτ’
2613 3674 2762 3727 ἔστιν
2801 3674 3094 3745 Σαμψών)·
3155 3693 3173 3725 ι
3221 3675 3316 3728 καὶ
3353 3675 3681 3729 κατεύθυνεν

2112 3764 2202 3818 ἐπ’
2227 3765 2389 3818 αὑτὸν
2420 3767 2644 3837 Πνεῦμα
2672 3766 2901 3837 Κυρίου,
2934 3767 3027 3820 καὶ
3056 3766 3304 3835 ἐγένοντο
3329 3766 3398 3820 τὰ
3424 3767 3682 3836 καλώδια,

2122 3967 2362 4041 comicos
2400 3967 2616 4041 nomina
2669 3967 2850 4038 ἀπφία
2877 3979 2930 4024 et
2957 3970 3233 4041 ἀπφάριον
3265 3973 3342 4024 ait
3380 3987 3499 4026 esse
3536 3971 3682 4026 blan-

2123 4040 2218 4108 das
2254 4052 2403 4090 novae
2429 4038 2666 4091 Domina!
2695 4038 3151 4106 compellatimtes.
3188 4043 3266 4092 Ad
3301 4056 3458 4108 quem
3499 4041 3676 4095 Pollu-

2121 4107 2198 4160 cis
2229 4109 2403 4181 locum
2437 4109 2549 4160 ha-c
2581 4111 2802 4181 adnotat
2829 4109 3074 4164 Kultnius
3107 4128 3120 4162 :
3155 4129 3174 4162 ι
3204 4107 3469 4165 Caeterum
3501 4113 3679 4181 ἀπφία

2119 4184 2204 4248 est
2248 4176 2438 4248 blanda
2489 4181 2692 4248 sororis
2732 4177 3021 4247 fratrisque
3078 4181 3437 4248 compellatio.
3472 4199 3491 4232 ι
3543 4176 3673 4236 Novi

2116 4245 2256 4298 hanc
2303 4246 2530 4300 Pollucis
2570 4245 3071 4316 interpretationem
3125 4245 3356 4304 Henrico
3401 4251 3676 4317 Stephano

2113 4325 2417 4390 suspectam
2465 4331 2584 4390 esse
2627 4320 2736 4390 (uti
2770 4317 3400 4390 ibidem“animadvertit
3447 4319 3678 4390 Junger-

2113 4385 2402 4458 mannus),
2430 4387 2581 4458 quod
2627 4385 2812 4439 Pollux
2862 4389 2928 4442 ab
2958 4387 3251 4458 _Hesychio.
3291 4385 3579 4443 Eustatbid
3612 4405 3677 4444 ac

2110 4451 2271 4531 Snida
2303 4451 2402 4531 hac
2427 4451 2478 4508 in
2512 4471 2570 4531 re
2599 4458 2900 4531 dissentiat.
2949 4451 3303 4514 Sed'i’oHuci
3347 4459 3676 4531 suﬂragatur

2035 4511 2079 4566 ί)
2106 4524 2492 4593 Didymusle
2529 4527 2580 4578 in
2617 4527 2754 4580 loco.

2199 4591 2286 4729 65(
2336 4591 2494 4648 Vidit.
2529 4597 2722 4649 Ezeclt.
2760 4609 2798 4662 ι,
2835 4597 2885 4650 1.

2199 4663 2262 4715 64
2320 4662 2385 4714 Et
2422 4681 2538 4716 cum
2578 4677 2792 4718 starent.
2822 4667 2885 4720 GI

2196 4662 2286 4729 64)
2320 4662 2385 4714 Et
2422 4681 2538 4716 cum
2578 4677 2792 4718 starent.
2822 4667 3005 4720 Graeca
3033 4665 3251 4734 quidem
3277 4667 3446 4721 edilio
3469 4666 3669 4723 Ezeclt.

2102 4746 2142 4796 ι,
2171 4735 2262 4794 21,
2297 4734 2481 4787 istbmc
2519 4735 2712 4805 liabet.
2733 4735 2838 4789 Sed
2869 4739 3124 4805 Didymus
3157 4739 3428 4803 respicere
3458 4741 3671 4792 videtur

2098 4817 2306 4876 capt},
2333 4817 2483 4876 vers.
2515 4803 2600 4863 17,
2630 4803 2718 4857 ttbi
2745 4808 2928 4876 eadem
2967 4803 3080 4859 iere
3119 4807 3387 4876 leguntur.

2099 4871 2283 5004 ὲξμξῦ)
2325 4869 2730 4928 Extollereutur.
2762 4874 2939 4928 Codex
2973 4869 3227 4931 nu-ndoSe
3250 4875 3503 4948 ἐξαιρεῖν.
3529 4876 3673 4951 Lege

2162 4957 2355 5004 αιρειν.

2162 4957 2355 4994 αιοειν.

2169 4959 2431 5078 ῗύὶῗιίίοε
2461 5012 2678 5068 animal.
2711 5013 2909 5071 Ezech.
2945 5030 2998 5078 x,
3027 5013 3116 5069 20.

2170 5081 2286 5162 (δῖ),
2312 5080 2584 5162 Judicunt.
2618 5081 2691 5162 De
2727 5097 2948 5162 auctore
2995 5085 3117 5162 libri
3170 5084 3420 5142 Iudicum
3479 5092 3668 5162 accipe

2096 5165 2216 5220 qua:
2239 5152 2631 5220 lticpluraliter
2652 5153 2718 5207 de
2747 5155 3014 5220 judicibus
3042 5155 3313 5210 dicuntur.

2168 5220 2278 5291 (68)
2323 5219 2673 5299 Dirigcbatur.
2711 5219 3000 5299 ln_Graaco,
3025 5225 3352 5299 κατεύθυνεν
3378 5227 3546 5299 αὐτῷ,
3573 5231 3669 5285 da-

2095 5291 2209 5362 tivo
2234 5304 2402 5344 casu:
2436 5292 2578 5362 quth
2607 5293 2879 5362 singulare
2917 5296 3150 5348 videtur.
3182 5298 3252 5348 At
3285 5314 3405 5351 cum
3438 5291 3510 5352 ιη’
3531 5302 3668 5354 libro

2093 5358 2339 5413 Judicum
2375 5358 2482 5421 xlv,
2515 5360 2548 5412 6
2589 5370 2642 5414 et
2676 5358 2741 5416 f9
2765 5403 2779 5427 ,
2808 5372 2862 5416 et
2899 5379 2967 5416 xv
2990 5403 3005 5427 ,
3043 5365 3111 5419 14
3154 5365 3340 5421 Graeca
3385 5370 3670 5424 translatio

2095 5429 2698 5506 liabeat,__xa'ce~.30_uv_ev
2731 5433 2844 5506 ἐπ’
2888 5435 3082 5501 αὑτόν,
3138 5435 3397 5506 Didymus
3441 5453 3538 5506 pro
3569 5441 3669 5492 ἐπ’

2092 5499 2255 5552 αὑτόν
2319 5499 2446 5553 dicit
2512 5500 2684 5572 αὐτῷ.
2731 5503 2886 5558 Valet
2944 5499 3122 5561 autem

2093 5583 2237 5623 elllll.
2290 5587 2310 5620 ι

2167 5639 2279 5779 (69}
2316 5638 2498 5707 Capit.
2524 5639 2700 5697 Judic.
2741 5659 2858 5705 xm,
2885 5644 2977 5702 25.

2167 5707 2252 5778 (70
2297 5707 2665 5768 SaliitJudic.
2691 5729 2800 5779 xtv,
2827 5715 2913 5772 19.
2933 5717 2974 5774 G

2161 5707 2273 5782 (70)
2297 5707 2474 5763 Saliit.
2491 5711 2665 5768 Jndic.
2691 5729 2800 5782 xtv,
2827 5715 2913 5772 19.
2933 5717 3118 5775 Graeca
3140 5718 3304 5775 editio
3324 5717 3486 5775 habet
3534 5733 3646 5772 κατι

2095 5779 2320 5834 εύθυνεν
2356 5797 2452 5852 pro
2477 5782 2664 5852 ἥλατο.

3171 5523 3186 5559 :
3237 5525 3256 5558 ι
3302 5507 3547 5564 lrruebat
3611 5512 3666 5566 in
